4230 6504
247 464 314 520 Si
1379 460 1662 515 HOMILIA
1701 462 1721 514 l
1757 458 1825 517 IN
1866 460 2351 518 HEXAEMERON.

3396 457 3473 514 τε

248 579 515 643 τουτέστι,
550 582 747 652 λεπτὴν
772 580 928 651 φύσιν
956 582 1047 634 καὶ
1076 580 1136 634 σι
1178 580 1397 650 στερεὰν
1427 578 1544 632 οὐδὲ
1583 581 1811 648 παχεῖαν
1838 584 1882 641 Α
1912 599 1918 632 t

1800 584 1882 641 tA
1912 591 2012 646 est,
2045 583 2136 652 qui
2183 591 2418 644 tenuem,
2459 595 2561 633 non
2605 579 2829 634 solidam
2881 592 3049 646 neque
3099 590 3337 631 crassam
3371 592 3470 629 ns-

248 676 330 737 ιῑς
348 672 445 745 τὴν
473 673 563 725 τοῦ
586 672 811 745 οὐρανοῦ
844 673 1099 726 σύστασιν
1131 670 1412 734 οὺσιώσας.
1448 671 1555 723 Καὶ
1577 672 1697 741 περὶ
1722 670 1812 723 τοῦ

250 766 523 835 σχήματος
554 764 609 817 δὲ
645 764 802 817 ἱκανὰ
830 765 959 834 ἡμῖν
992 762 1061 815 τὰ
1086 762 1212 833 παρ’
1235 760 1397 814 αὐτοῦ
1420 800 1433 823 ,
1473 762 1713 825 εἰπόντος
1756 764 1813 814 ὲν

244 855 517 927 δοξολογίᾳ
547 853 678 907 Θεοῦ
699 870 714 885 ο
752 856 813 907 ’0
843 854 1078 919 στήσας
1103 853 1207 906 τὸν
1246 853 1501 920 οὐρανὸν
1539 854 1679 907 ὡσεὶ
1707 870 1810 906 κα-

244 946 457 1012 μάραν.
488 945 565 996 Τὰ
596 944 733 997 αὐτὰ
763 944 818 996 δὲ
839 943 1009 995 ταῦτα
1040 944 1129 994 καὶ
1153 942 1279 1011 περὶ
1303 942 1400 1010 τῆς
1436 941 1539 1011 γῆς
1579 942 1811 1011 συμϐου-

244 1038 486 1107 λεύωμεν
532 1036 641 1107 (58)
684 1039 924 1097 ἑαυτοῖς,
979 1035 1051 1104 μὴ
1114 1034 1585 1106 πολυπραγμονεῖν
1644 1036 1810 1104 αὐτῆς

242 1130 339 1199 τὴν
372 1128 556 1182 οὑσίαν
580 1131 699 1198 ἣτις
726 1128 850 1180 ποτέ
894 1129 1027 1188 ἐστι,
1068 1126 1199 1196 μηδὲ
1246 1125 1661 1196 κατατρίϐεσθαι
1697 1129 1809 1189 τοῖς

243 1225 518 1290 λογισμοῖς
538 1221 666 1273 αὐτὸ
685 1221 743 1271 τὸ
767 1217 1120 1285 ὑποκείμενον
1150 1216 1525 1287 ἐκζητοῦντας,
1555 1217 1684 1287 μηδὲ
1714 1215 1810 1287 ζη-

239 1316 352 1365 τεῖν
377 1330 496 1365 τινα
531 1314 687 1381 φύσιν
730 1310 930 1380 ἔρημον
965 1310 1258 1377 ποιοτήτων
1280 1350 1293 1371 ,
1326 1310 1510 1361 ἄποιον
1538 1310 1807 1379 ὑπάρχου-

242 1422 340 1457 σαν
377 1404 454 1473 τῷ
486 1403 682 1469 ἑαυτῆς
730 1401 888 1469 λόγῳ,
915 1401 1025 1452 ἀλλ’
1079 1395 1135 1451 εὖ
1163 1400 1376 1462 εἰδέναι,
1414 1401 1494 1451 ὅτι
1537 1401 1712 1454 πάντα
1738 1401 1806 1454 τὰ

242 1496 369 1567 περὶ
390 1496 555 1563 αὐτὴν
573 1492 913 1562 θεωρούμενα
938 1495 1015 1554 εἰς
1036 1491 1123 1542 τὸν
1147 1490 1236 1543 τοῦ
1256 1487 1389 1542 εἶναι
1410 1493 1803 1545 κατατέτακται

237 1587 412 1654 λόγον,
446 1584 869 1655 συμπληρωτικὰ
894 1586 991 1654 τῆς
1021 1584 1203 1646 οὐσίας
1236 1584 1564 1653 ὑπάρχοντα.
1602 1586 1693 1647 Εἰς
1714 1587 1804 1637 οὑ-

235 1679 321 1731 δὲν
341 1678 448 1746 γὰρ
470 1675 808 1745 καταλήξεις,
836 1677 1000 1728 ἑκάστ
1012 1693 1068 1745 qv
1092 1674 1199 1727 τῶν
1226 1675 1641 1745 ἐνυπαρχουσῶν
1666 1679 1797 1748 αὐτῇ

239 1768 531 1835 ποιοτήτων
560 1765 962 1836 ὑπεξαιρεῖσθαι
1001 1765 1077 1835 τῷ
1110 1766 1249 1833 λόγῳ
1288 1767 1638 1835 πειρώμενος.
1678 1768 1801 1819 Ἐὰν

232 1859 338 1927 γὰρ
375 1859 687 1929 ἁποστὴσῃς
730 1858 790 1909 τὸ
837 1857 1035 1925 μέλαν,
1090 1857 1148 1908 τὸ
1180 1856 1400 1928 ψυχρὸν,
1443 1856 1501 1908 τὸ
1545 1857 1701 1927 βαρὺ,
1740 1858 1798 1911 τὸ

1915 683 2111 736 turam,
2144 674 2209 727 ad
2245 673 2665 727 constituendam
2704 671 2825 725 caeli
2874 668 3229 723 substantiam
3276 667 3465 721 condi-

1910 764 2010 816 dit.
2066 764 2140 818 De
2179 764 2342 831 ﬁgura
2373 776 2582 832 quoque
2608 759 2875 813 siilliciunt
2903 758 3059 811 nobis
3097 773 3214 825 qua:
3270 757 3381 825 ipse
3412 758 3466 812 in

1915 852 2006 906 Dei
2030 850 2416 922 gloriﬁcatione
2446 852 2614 905 dixit:
2645 849 2744 914 Qui
2775 849 2958 901 statuit
2991 849 3173 901 caelum
3198 848 3333 901 sicut
3370 864 3463 900 ca-

1910 960 2106 997 meram
2130 944 2193 996 “.
2228 944 2489 997 Caeterum
2544 943 2657 996 limc
2694 942 2877 995 eadem
2914 952 2965 993 et
3009 940 3073 993 de
3114 948 3252 993 terra
3308 940 3464 995 nobis

1910 1035 2010 1105 ipsi
2047 1036 2387 1092 suadeamus.
2427 1044 2485 1087 nt
2519 1048 2584 1087 ne
2622 1033 2792 1102 qualis
2831 1033 3042 1086 tandem
3078 1033 3148 1085 sit
3185 1030 3300 1098 ejus
3328 1030 3461 1085 sub.

1908 1128 2127 1192 stantia,
2170 1127 2431 1181 curiosius
2477 1136 2895 1194 perscrutemur,
2936 1124 2990 1193 9
3032 1139 3202 1191 neque
3240 1124 3291 1175 in
3332 1124 3461 1178 sub-

1907 1216 2054 1285 jecto
2088 1215 2444 1285 perquirendo
2496 1216 2907 1268 ratiocinatione
2943 1212 3292 1281 delatigemur
3320 1231 3334 1267 :
3368 1226 3463 1267 nec

1906 1324 2011 1380 que
2041 1319 2283 1363 naturain
2319 1311 2623 1377 quampiam
2658 1307 3006 1377 qualitatibus
3048 1308 3375 1368 destitutam,
3406 1314 3462 1361 et

1905 1402 2221 1471 qualitatum
2256 1416 2346 1454 sua
2397 1402 2559 1467 ipsius
2610 1400 2915 1455 conditione
2961 1411 3230 1467 expertem
3272 1398 3461 1467 exqui-

1905 1508 2087 1547 raniiis
2117 1507 2130 1543 :
2160 1492 2250 1546 sed
2281 1494 2442 1555 probe
2471 1492 2704 1545 sciamus
2730 1492 2905 1545 omnia
2936 1504 3268 1560 quascunque
3306 1490 3356 1541 in
3388 1504 3455 1543 ea

1903 1584 2330 1647 considerantur,
2395 1582 2457 1634 ad
2517 1582 2684 1649 ipsius
2716 1582 3005 1636 exsistendi
3042 1581 3299 1634 rationem
3327 1594 3453 1647 spe-

1901 1685 2083 1741 ctare,
2138 1676 2333 1743 quippe
2392 1690 2511 1743 qua:
2568 1675 2733 1743 ipsius
2782 1672 3075 1740 compleant
3143 1671 3452 1726 essentiam.

1901 1766 2129 1829 Etenim,
2175 1766 2217 1819 si
2251 1764 2534 1834 qualitates
2565 1765 2817 1832 singulas,
2847 1779 2977 1833 quas
3000 1762 3222 1825 obtinet,
3255 1760 3457 1815 ratione

1900 1856 2114 1910 auferre
2144 1855 2377 1920 coneris,
2435 1871 2492 1910 es
2536 1857 2587 1909 in
2644 1857 2867 1910 niliiluin
2904 1857 3194 1911 desituros.
3242 1855 3375 1909 Nam
3408 1855 3454 1909 si

233 1950 453 2012 πυκνὸν,
481 1950 576 2013 τὰς
612 1950 750 2001 κατὰ
777 1948 962 2014 γεῦσιν
993 1948 1398 2017 ἐνυπαρχούσας
1424 1949 1555 2017 αὐτῇ
1592 1949 1801 2020 ποιότηο
1832 1946 1871 2005 Β
1902 1986 1903 1993 η

1785 1979 1801 1993 ο
1832 1946 1871 2005 Β
1902 1946 2169 2001 amoveris
2211 1948 2615 2018 nigritudinem,
2672 1946 3045 2016 frigiditatem,
3112 1947 3455 2015 gravitatem,

228 2056 348 2103 τας,
376 2040 406 2109 ἦ
434 2041 484 2091 εἰ
509 2056 650 2101 τινες
687 2037 837 2090 ἄλλαι
874 2036 999 2107 περὶ
1042 2036 1206 2105 αὐτὴν
1252 2035 1600 2105 θεωροῦνται,
1647 2036 1797 2089 οὐδὲν

230 2130 380 2183 ἔσται
408 2132 467 2183 τὸ
485 2130 835 2198 ὑποκείμενον
864 2127 993 2194 (59).
1024 2126 1206 2179 Ταῦτά
1234 2142 1291 2178 τε
1322 2122 1413 2178 οὖν
1437 2126 1799 2179 καταλιπόντα

231 2242 313 2283 σε.
352 2223 484 2294 μηδὲ
511 2226 680 2276 ἐκεῖνο
725 2222 904 2290 ζητεῖν
937 2220 1216 2289 παραινῶ,
1252 2218 1343 2271 ἐπὶ
1378 2219 1521 2279 τίνος
1548 2218 1794 2287 ἔστηκεν.

239 2316 551 2384 Ἶλιγγιάσει
574 2315 680 2381 γὰρ
712 2314 803 2364 καὶ
831 2312 1001 2373 οὕτως
1032 2310 1304 2381 ἡδιάνοια,
1332 2310 1464 2377 πρὸς
1490 2308 1638 2360 οὐδὲν
1670 2312 1795 2377 ομο-

226 2408 555 2477 λογούμενον
592 2406 761 2474 πέρας
798 2403 1080 2467 διεξιόντος
1122 2400 1213 2453 τοῦ
1251 2398 1527 2468 λογισμοῦ.
1582 2399 1704 2451 Ἐάν
1737 2416 1794 2451 τε

225 2500 334 2569 γὰρ
385 2499 523 2566 ἀέρα
579 2500 682 2565 φῇς
734 2492 1112 2563 ὑπεστρῶσθαι
1158 2492 1265 2561 (60)
1313 2491 1499 2542 πλάτει
1529 2491 1627 2559 τῆς
1669 2491 1793 2559 γῆς,

222 2590 540 2658 ἀπορήσεις,
568 2587 682 2647 πῶς
716 2588 746 2655 ἡ
781 2584 1027 2653 μαλθακὴ
1057 2583 1145 2635 καὶ
1170 2581 1459 2644 πολύκενος
1486 2582 1644 2650 φύσις
1670 2583 1795 2634 ἀντ-

223 2679 337 2746 έχει
381 2678 486 2730 ὑπὸ
541 2676 790 2729 τοσούτου
830 2676 1024 2747 βάρους
1075 2677 1488 2745 συνθλιϐομὲνη,
1532 2676 1644 2729 ἀλλ’
1678 2678 1796 2745 οὐχὶ

222 2767 564 2820 διολισθαὶνει
618 2766 876 2819 πάντοθεν
924 2767 1018 2834 τὴν
1066 2764 1339 2836 συνίζησιν
1392 2765 1791 2833 ὑποφεύγουσα,

226 2862 318 2913 καὶ
348 2861 433 2912 ἀεὶ
459 2860 591 2931 πρὸς
619 2859 677 2910 τὸ
708 2858 816 2912 ἄνω
847 2857 1215 2925 ὑπερχεομένη
1261 2856 1353 2907 τοῦ
1388 2858 1792 2924 συμπιέζοντος.

222 2954 411 3013 Πάλιν,
444 2952 534 3004 ἐὰν
562 2950 760 3019 ὑποθῇς
804 2947 978 3014 ἐαυτῷ
1020 2946 1123 3011 (61)
1168 2946 1309 3015 ὕδωρ
1352 2942 1486 2998 εἶναι
1524 2946 1582 2998 τὸ
1606 2946 1796 2998 ὑποϐε-

222 3044 488 3115 ϐλημένον
517 3046 578 3112 τῇ
603 3046 691 3111 γῇ,
724 3042 813 3092 καὶ
837 3040 1003 3102 οὕτως
1038 3038 1403 3108 ἐπιζητήσεις,
1430 3037 1547 3101 πῶς
1569 3039 1629 3090 τὸ
1656 3038 1790 3109 βαρὺ

222 3136 319 3187 καὶ
362 3135 560 3186 πυκνὸν
607 3135 666 3184 οὐ
708 3130 938 3183 διαόύνει
981 3130 1073 3183 τοῦ
1122 3131 1340 3195 ὓδατος,
1385 3130 1496 3183 ἀλλ’
1545 3130 1651 3183 ὑπὸ
1692 3130 1792 3199 τῆς

221 3225 612 3293 ἀσθενεστέρας
636 3223 847 3291 φύσεως
874 3224 933 3275 τὸ
962 3223 1209 3276 τοσοῦτον
1250 3223 1550 3293 ὑπερφέρον
1575 3222 1649 3293 τῷ
1693 3222 1789 3292 βά-

224 3334 307 3387 ρει
344 3319 646 3385 κρατεῖται*
693 3316 826 3385 πρὸς
858 3316 918 3368 τὸ
959 3317 1050 3368 καὶ
1098 3316 1207 3386 (69.)
1257 3316 1419 3367 αὑτοῦ
1456 3315 1547 3367 τοῦ
1602 3316 1787 3379 ὕδατος
1816 3296 1857 3353 C

221 3407 317 3475 τὴν
346 3406 504 3477 ἕδραν
555 3406 850 3475 ἐπιζητεῖν,
896 3408 989 3459 καὶ
1024 3406 1181 3458 πάλιν
1216 3406 1490 3475 διαπορεῖν
1522 3406 1625 3458 τίνι
1670 3424 1789 3458 στε-

220 3497 371 3567 γανῴ
406 3500 497 3552 καὶ
534 3499 887 3569 ἀντερείδοντι
940 3499 968 3549 ὁ
1004 3496 1306 3559 τελευταῖος
1360 3495 1520 3548 αὑτοῦ
1574 3496 1789 3566 πυθμὴν

220 3588 507 3642 ιπιῦαίνει.

291 3770 345 3823 9.
382 3769 505 3821 Ἐὰν
542 3770 597 3823 δὲ
642 3771 825 3840 ἕτερον
881 3768 1035 3839 σῶμα
1075 3768 1168 3838 τῆς
1222 3769 1322 3839 γῆς
1376 3767 1790 3838 ἐμϐριθέστερον

219 3860 392 3930 ὑποθῇ
424 3861 649 3912 κωλύειν
671 3861 764 3929 τὴν
797 3861 897 3930 γῆν
932 3862 1065 3931 πρὸς
1101 3862 1160 3913 τὸ
1190 3862 1337 3913 κάτω
1376 3864 1599 3931 χωρεῖν,
1638 3860 1790 3912 ἐνθυ-

222 3954 441 4025 μηθήσῃ
470 3954 689 4005 κακεῖνο
730 3954 915 4021 ὁμοίου
956 3955 1096 4015 τινὸς
1134 3954 1338 4006 δεῖσθαι
1380 3954 1471 4005 τοῦ
1512 3954 1789 4019 στέγοντος

216 4046 313 4099 καὶ
346 4045 419 4115 μὴ
456 4042 647 4105 ἐῶντος
680 4044 810 4096 αὐτὸ
844 4043 1221 4098 καταπίπτειν.
1256 4044 1369 4096 Κᾶν
1400 4060 1449 4095 τι
1478 4042 1787 4113 δυνηθῶμεν

220 4140 411 4208 ἐκείνῳ
461 4137 871 4205 συμπλάσαντες
919 4135 1230 4195 ὑποθεῖναι,
1274 4134 1332 4185 τὸ
1380 4135 1583 4185 ἐκείνου
1631 4135 1786 4186 πάλιν

219 4231 547 4300 ἀντέρεισμα
589 4229 617 4279 ὁ
664 4227 785 4291 νοῦς
815 4228 967 4296 ἡμῶν
1004 4224 1339 4294 ἐπιζητήσει,
1386 4226 1477 4277 καὶ
1507 4224 1676 4287 οὕτως
1710 4228 1786 4288 εἰς

219 4323 444 4391 ἄπειρον
488 4319 866 4389 ἐκπεσούμεθα
900 4319 1029 4382 (65),
1096 4322 1207 4381 τοῖς
1264 4318 1349 4369 ἀεὶ
1386 4318 1787 4387 εὑρισκομένοις

220 4413 439 4482 βάθροις
467 4413 629 4483 ’ἐτερα
661 4412 819 4465 πάλιν
853 4411 1206 4471 ἐπινοοῦντες.
1232 4410 1339 4461 Καὶ
1361 4412 1467 4478 ὅσῳ
1492 4410 1582 4460 ἐπὶ
1607 4410 1786 4461 πλεῖον

327 4505 467 4574 λόγῳ
518 4506 808 4578 προῖεμεν,
843 4502 1079 4571 τοσούτῳ
1131 4503 1348 4570 μείζονα
1397 4503 1494 4573 τὴν
1548 4519 1787 4574 συνερει-

219 4594 408 4661 στικὴν
465 4594 875 4663 ἀναγκαζόμεθα
927 4591 1033 4661 (64)
1085 4591 1308 4659 δύναμιν
1371 4591 1702 4658 ὑπεισάγειν,
1750 4593 1782 4663 ἡ

1898 2039 2237 2105 densitatem,
2285 2049 2338 2095 et
2390 2041 2679 2110 qualitates
2718 2039 2884 2106 ipsius
2935 2038 3000 2090 ad
3039 2047 3248 2105 gustum
3282 2038 3453 2105 perti-

1898 2141 2101 2195 nentes,
2135 2140 2225 2185 aut
2257 2132 2299 2185 si
2337 2147 2454 2201 qua:
2481 2132 2600 2185 alia:
2635 2132 2685 2185 in
2719 2147 2779 2185 ea
2808 2129 3230 2197 conspiciuntur,
3266 2142 3457 2195 super-

1895 2220 1998 2273 erit
2023 2220 2320 2289 subjectum
2353 2221 2580 2274 nullum.
2620 2220 2713 2274 His
2764 2220 2926 2290 igitur
2949 2218 3185 2281 omissis,
3223 2232 3290 2271 ne
3324 2216 3453 2269 illud

1901 2312 2112 2381 quidem
2161 2313 2537 2380 inquirendum
2593 2327 2802 2376 moneo,
2838 2312 3087 2365 videlicet
3134 2324 3296 2379 super
3346 2325 3453 2377 quo

1894 2413 1997 2456 stet
2045 2402 2375 2457 l‘ulcimento.
2410 2401 2539 2456 Nam
2584 2413 2638 2456 et
2678 2405 2778 2457 lioc
2821 2410 2974 2471 pacto
3007 2402 3269 2469 vertigine
3302 2414 3455 2455 mens

1896 2495 2180 2561 laborabit,
2208 2495 2637 2566 quandoquidem
2671 2496 2736 2547 ad
2768 2505 2973 2548 certum
3027 2492 3228 2546 nullum
3285 2490 3445 2543 linem

1896 2596 2215 2652 perventura
2255 2596 2335 2638 est
2366 2586 2724 2639 ratiocinatio.
2772 2585 2897 2639 Sive
2929 2587 3070 2639 enim
3114 2599 3290 2638 aerem
3324 2581 3451 2635 lati-

1895 2677 2065 2730 tudini
2104 2686 2259 2731 terra:
2305 2678 2635 2731 substratum
2664 2692 2788 2731 esse
2819 2678 3058 2742 dixeris;
3093 2676 3331 2744 anibiges
3362 2672 3457 2744 qu!

1896 2769 2009 2824 ﬂeri
2043 2770 2208 2839 possit
2247 2778 2303 2823 ut
2346 2779 2533 2825 natura
2583 2769 2761 2823 mollis
2791 2769 3052 2837 valdeque
3097 2767 3271 2822 inanis
3304 2778 3456 2820 tanto

1894 2861 2128 2927 pondere
2158 2874 2464 2927 compreSsa
2497 2862 2781 2922 renitatur,
2817 2870 2867 2913 et
2912 2876 3013 2913 non
3046 2861 3221 2927 potius
3250 2858 3455 2911 dilaba-

1894 2958 1983 3002 tur
2010 2951 2301 3011 undelibet,
2331 2953 2469 3004 lianc
2512 2952 2704 3004 molem
2742 2953 3109 3006 subsidentem
3142 2951 3447 3021 aufugiens,

1891 3055 2054 3108 seque
2110 3055 2319 3094 sursum
2359 3053 2616 3109 perpetuo
2657 3057 2820 3111 super
2846 3043 2894 3094 id
2934 3042 3073 3110 quod
3108 3043 3272 3111 ipsam
3302 3057 3448 3095 coni-

1892 3131 2074 3201 primit
2105 3131 2427 3187 diffundens.
2469 3132 2723 3198 Rursum,
2772 3134 2814 3187 si
2855 3149 3047 3203 aquam
3079 3146 3236 3187 terra:
3272 3134 3453 3200 subjec

1893 3234 2031 3275 ctam
2062 3237 2179 3275 esse
2208 3233 2380 3275 tecum
2415 3224 2689 3288 statueris,
2726 3225 2885 3276 etiam
2920 3226 2996 3277 sic
3030 3224 3288 3291 inquircs,
3318 3239 3451 3292 quo-

1892 3315 2047 3367 modo
2078 3330 2237 3383 grave
2268 3326 2321 3368 et
2346 3316 2567 3368 densum
2598 3331 2792 3385 corpus
2828 3332 2931 3368 non
2966 3328 3207 3385 penetret
3232 3333 3448 3386 aquam,

1892 3408 1983 3461 sed
2023 3421 2105 3459 res
2130 3411 2283 3474 longe
2306 3409 2518 3475 gravior
2548 3424 2575 3460 ει
2610 3409 2869 3462 debiliore
2901 3423 3086 3462 natura
3120 3410 3447 3463 detineatur.

1890 3497 1968 3551 Ad
2007 3496 2119 3551 haec
2167 3500 2331 3565 ipsius
2382 3498 2545 3551 etiam
2588 3514 2738 3565 :iqiite
2785 3500 3134 3567 investigabis
3171 3502 3360 3563 basim,
3389 3516 3453 3554 ac

1900 3603 2114 3641 rursum
2145 3590 2432 3655 dubitabis,
2460 3589 2670 3642 cuinam
2706 3590 2877 3643 solido
2914 3600 2966 3643 et
2996 3592 3241 3647 renitenti
3280 3590 3452 3645 fulcro

1891 3683 2137 3735 ultimum
2167 3683 2280 3747 ejus
2308 3684 2528 3736 fundunt
2563 3686 2863 3740 incumbat.

1958 3772 2010 3828 9.
2055 3773 2203 3840 Quod
2235 3777 2275 3828 si
2309 3791 2478 3844 ponas
2504 3778 2644 3831 aliud
2688 3792 2881 3846 corpus
2911 3791 3031 3831 esse
3064 3785 3202 3830 terra
3232 3777 3448 3845 gravius

1890 3878 1951 3917 ac
1976 3864 2220 3930 solidius,
2254 3882 2358 3932 quo
2402 3876 2541 3918 terra
2582 3881 2647 3917 ne
2678 3867 2742 3917 ad
2781 3867 2882 3917 iina
2928 3866 3137 3918 decidat
3190 3865 3449 3933 impedia-

1891 3965 2001 4021 tur;
2050 3956 2101 4009 in
2155 3957 2387 4008 animum
2436 3956 2749 4011 inducturus
2798 3972 2857 4011 es
2906 3958 3031 4009 illud
3082 3959 3240 4011 etiam
3270 3957 3450 4025 aliquo

1888 4047 1993 4099 alio
2035 4046 2193 4101 simili
2248 4047 2506 4112 indigere,
2553 4051 2693 4116 quod
2744 4050 2970 4103 alterum
3028 4047 3313 4108 snlfulciat,
3348 4062 3450 4103 nec

1888 4152 2142 4192 corruere
2170 4139 2333 4194 sinat.
2358 4140 2418 4192 Et
2446 4141 2487 4193 si
2515 4140 2803 4194 coiilictnni
2840 4142 2965 4208 quid
2997 4141 3068 4193 illi
3099 4143 3443 4194 Substernere

1889 4231 2203 4296 poterimus,
2237 4246 2421 4283 rursus
2448 4231 2563 4299 ejus
2606 4232 2830 4285 fulcrum
2865 4248 3020 4286 mens
3055 4244 3236 4284 nostra
3266 4232 3446 4299 inqui-

1890 4331 1997 4384 ret;
2022 4326 2179 4386 atque
2212 4320 2310 4372 lioc
2345 4323 2498 4371 modo
2550 4320 2600 4370 itt
2651 4320 2915 4371 inﬁnitum
2966 4320 3282 4382 dilabantur,
3307 4335 3449 4373 seti:-

1890 4424 1986 4477 per
2021 4422 2213 4478 praiter
2245 4413 2456 4463 inventa
2490 4411 2856 4475 fundamenta,
2889 4412 2991 4463 alia
3022 4427 3206 4465 rursus
3230 4414 3448 4481 excogi-

1892 4510 2089 4555 tantes.
2115 4502 2180 4555 Et
2202 4512 2403 4570 quanto
2429 4502 2635 4572 longius
2660 4504 2866 4557 ratione
2894 4504 3289 4572 progredimur,
3330 4514 3448 4556 tan-

1893 4600 1943 4642 to
1972 4593 2228 4659 majorem
2284 4593 2556 4647 renitendi
2589 4609 2651 4646 ac
2687 4592 3023 4647 snll'nlciendi
3053 4595 3159 4647 vim
3198 4594 3439 4663 cogimur

218 4686 354 4757 πρὸς
377 4684 497 4738 ὅλον
525 4684 660 4754 ὁμοῦ
698 4686 981 4755 δυνήσεται
1028 4684 1086 4737 τὸ
1129 4682 1520 4752 ὑπερκείμενον
1554 4684 1789 4736 ἀντιϐαί-
1822 4698 1865 4751 υ

1776 4714 1789 4723 -
1822 4698 1865 4751 ο
1894 4684 2167 4749 inducere,
2200 4700 2319 4755 qua:
2351 4687 2445 4741 toti
2493 4686 2653 4741 simul
2708 4687 2832 4743 moli
2879 4687 3229 4755 superpositas
3278 4686 3446 4755 possit

288 4837 332 4868 "
361 4836 463 4889 lsa.
496 4850 583 4899 ιι..
612 4832 699 4888 22.

287 4996 400 5066 (58)
432 4996 610 5051 Codex
658 4996 922 5069 ComhelL
949 4996 1381 5069 et_nnns70nc.
1432 5008 1551 5050 cum
1617 4997 1783 5069 Regio

215 5082 371 5122 sexto
404 5079 455 5116 et
486 5084 605 5119 cum
632 5070 866 5122 editione
895 5067 1054 5122 Basil.
1085 5066 1541 5136 συμϐουλεύομεν.

287 5083 371 5120 sin
404 5083 455 5116 ei
486 5084 605 5119 cum
632 5083 866 5122 editione
895 5083 1054 5122 ϋειειι.
1085 5083 1541 5186 συμοουλευοὲιεν.

287 5139 397 5199 (5‘))
432 5136 561 5201 Reg.
595 5150 776 5191 sextus
826 5151 877 5191 et
923 5140 1072 5193 Cn“).
1118 5140 1322 5204 primus
1350 5136 1410 5187 οὐ
1449 5136 1505 5188 ὲν
1545 5138 1697 5192 ἔσται
1723 5138 1783 5191 τὸ

215 5207 655 5277 ὑπολειπόμενον,
690 5208 826 5277 quod
855 5218 1101 5274 superest,
1140 5208 1270 5258 nihil
1314 5208 1435 5269 erit,
1492 5223 1604 5264 St'll.
1656 5209 1782 5261 nihil

213 5275 489 5341 supererit.
526 5275 626 5329 Aiii
678 5275 805 5331 ms.
835 5291 885 5329 et
917 5281 1041 5331 editi
1073 5277 1222 5330 οὐδὲν
1271 5277 1418 5329 ἔσται
1461 5276 1522 5328 τὸ
1558 5278 1777 5331 ὑποκεί-

216 5365 393 5417 μενον.
424 5346 594 5404 l-le~t.
621 5358 672 5397 ut
694 5348 984 5417 loquuntur
1013 5351 1077 5417 ph
1106 5350 1330 5411 lostiplii,
1364 5347 1563 5399 nullum
1590 5366 1773 5415 super-

211 5416 307 5470 em
342 5417 651 5485 subjectum.
689 5416 781 5469 Est
832 5421 1091 5485 hodieque
1131 5418 1336 5479 magnis
1380 5419 1516 5468 inter
1540 5420 1777 5483 philoso-

216 5489 351 5557 plios
390 5487 590 5553 agitata
634 5492 1062 5542 ciiiitentionilius
1090 5486 1333 5557 qun-stiti,
1360 5489 1497 5539 sitne
1536 5490 1778 5554 corporis

218 5560 389 5611 forma
426 5558 615 5609 eniitas
648 5560 914 5625 qua‘dam,
951 5577 1013 5611 an
1066 5562 1233 5610 solum
1258 5557 1501 5609 diversus
1551 5562 1778 5621 partium

215 5632 367 5690 situs,
409 5637 607 5685 motus,
656 5642 760 5680 etc.
822 5629 1038 5681 Videtur
1086 5629 1313 5681 Basilius
1348 5638 1439 5678 aut
1496 5628 1652 5692 nihil,
1689 5640 1782 5684 aut

216 5715 315 5751 noii
349 5700 418 5749 it.i
454 5702 675 5749 multum
710 5714 737 5749 a
778 5699 1165 5752 recentioribus
1188 5700 1492 5751 dissentire.

285 5768 398 5834 (60)
455 5765 590 5840 [illiti
631 5768 1042 5840 ὑποστόρεσθαι,
1080 5779 1347 5840 corrupte.
1400 5765 1579 5820 Colex
1640 5785 1775 5821 unus

216 5836 640 5909 ὑπεστορῆσθαι,
666 5836 913 5907 coriupte
937 5856 1167 5909 quoque.
1201 5839 1300 5891 Alii
1327 5846 1433 5909 tres
1486 5853 1614 5909 mss.
1642 5840 1773 5891 ὑπε-

218 5906 523 5979 στορέσθαι,
557 5921 658 5961 non
691 5906 847 5965 male.
885 5906 1126 5966 Αιϐοἱδι.
1150 5906 1771 5982 ρτιιιιυεὺπεστρόηθαε,

1890 4999 2098 5052 melius.
2133 4999 2422 5067 Aliquanto
2455 5006 2573 5064 post
2609 5010 2701 5050 ses
2735 5012 2863 5051 mss.
2893 4997 3123 5067 ἀντέχει.
3160 4995 3295 5050 Editi
3325 5012 3445 5048 cum

1889 5071 2039 5123 Culli.
2081 5072 2315 5125 secundo
2346 5069 2567 5140 ἀντέχῃ.
2591 5068 2826 5122 Subinde
2859 5069 3063 5137 aliquot
3092 5082 3219 5121 mss.
3253 5084 3448 5121 παντα-

1889 5140 2063 5193 γόθεν.

1889 5158 2074 5281 lenia.)
2110 5210 2198 5264 Sic
2230 5220 2457 5275 lllel'que
2490 5206 2770 5281 Bay-fu"!
2799 5208 2919 5281 “Uis
2947 5206 3116 5281 "ib"?
3149 5206 3445 5281 (Lodicibus'

1890 5276 2339 5336 Colli.secniidus
2384 5278 2612 5348 σεαυτῷ.
2638 5279 2810 5331 Editio
2842 5278 3014 5331 Paris.
3041 5276 3190 5348 αὐτῷ

1958 5350 2069 5421 (69)
2095 5351 2312 5417 Antiqui
2354 5350 2460 5421 duo
2512 5346 2628 5421 libri
2677 5349 2811 5420 πρὸς
2856 5349 2933 5419 τῷ
2965 5346 3078 5400 καί.
3130 5346 3294 5399 Paulo
3327 5355 3447 5415 post

1885 5419 2056 5477 codex
2090 5436 2223 5472 unus
2262 5422 2340 5483 ei;
2373 5420 2432 5471 τὸ
2461 5419 2628 5472 κάτω.

1956 5492 2066 5560 (b5)
2106 5490 2335 5553 Uterque
2376 5491 2527 5543 (Iulli.
2559 5487 2967 5560 ὲμπεσούμεθα.
3012 5485 3133 5539 ΜοΧ
3163 5485 3289 5538 editi
3322 5500 3443 5560 cum

1884 5554 2111 5630 utroque
2154 5560 2306 5615 Coll).
2360 5554 2639 5629 προῖεμεν.
2692 5554 3062 5627 Αιίἴίιυιύιιιη
3118 5571 3245 5609 mss.
3298 5554 3447 5625 προτο-

1927 5650 2003 5685 εν.

1885 5650 2062 5773 Ϋεῖιξι)
2096 5703 2316 5756 Veteres
2358 5702 2560 5768 aliquot
2594 5701 2709 5753 liliri
2744 5698 3193 5773 ἀναγκαζόμενοι.
3246 5695 3441 5773 llii_i_?e_tn

1885 5766 2175 5842 Regii'tres
2204 5774 2432 5826 codices
2452 5766 2579 5823 tum
2616 5788 2719 5824 uno
2750 5766 2903 5824 Colb.
2943 5766 3276 5835 ἐπεισάγειν.
3305 5766 3443 5821 Ειιίιι

1878 5859 1998 5898 cunt
2032 5859 2136 5898 uno
2160 5859 2285 5903 ms.,
2323 5842 2657 5909 ὑπεισὰγειν.
