4230 6488
773 408 845 462 95
2088 416 2145 472 S.
2190 415 2432 471 BAblLll

2330 415 2432 471 lLll
2473 416 2685 472 MAGNI
3929 419 4000 475 Ἃ

765 517 957 571 ῖιιηιίιὶ.
988 518 1342 585 Quamobrem
1393 523 1604 577 modum
1664 525 1900 595 finesque
1939 532 2103 584 menti
2155 534 2325 602 impo-
2355 538 2435 595 Α·

2355 538 2400 595 Α
2429 551 2559 587 νειν.
2587 532 2685 586 Διιά
2721 524 2879 587 τοῦτο
2905 532 3059 601 ὅρους
3090 532 3274 598 ἐπίθες
3308 534 3370 604 τῇ
3405 532 3630 605 διανοίᾳ,
3669 534 3877 608 μήποτέ
3905 551 4000 588 σου

766 622 866 672 ne;
900 622 965 662 ne
997 610 1212 679 quando
1250 612 1614 669 curiositatem
1674 626 1840 682 tuam,
1882 619 1975 688 qui
2025 620 2327 694 incompre-

765 695 1047 753 hensibilia
1099 703 1483 768 perscrutaris,
1531 705 1816 774 redarguat
1851 708 1965 764 Jobi
2009 716 2271 768 sententia
2308 735 2324 769 :

766 803 899 844 neve
930 799 982 843 tn
1014 804 1225 861 quoque
1248 794 1312 845 ab
1336 808 1401 847 eo
1430 794 1795 867 interrogeris,
1822 798 1989 867 Super
2017 819 2120 871 quo
2143 805 2326 858 circuli

765 882 881 949 sjus
916 879 1011 949 ﬁxi
1050 884 1151 936 sint
1182 882 1244 935 ιδ.
1287 882 1389 937 Sed
1421 886 1521 939 etsi
1556 890 1607 940 in
1643 888 1871 944 Psalmis
1904 891 2196 962 aliquando
2224 911 2320 949 an-

767 974 930 1031 dieris
959 994 973 1031 :
1012 975 1119 1046 Ego
1148 977 1456 1045 conﬁrmavi
1495 982 1766 1036 columnas
1798 984 1911 1050 ejus
1937 985 2012 1053 ";
2046 991 2151 1043 vim
2184 989 2325 1043 illam

765 1082 871 1136 qua
902 1069 955 1123 in
983 1083 1079 1122 suo
1132 1078 1273 1123 statu
1310 1072 1679 1137 ronllrmatur,
1706 1076 1985 1133 columnas
2014 1082 2186 1134 dictas
2210 1096 2330 1136 esse

765 1172 917 1231 puta.
951 1161 1081 1214 Nam
1110 1162 1239 1217 illud
1272 1179 1283 1213 ε
1318 1164 1488 1229 Super
1504 1168 1673 1220 maria
1703 1167 2071 1234 [undaviteam
2101 1174 2143 1203 “
2170 1173 2329 1243 :quid

767 1253 910 1308 aliud
940 1254 1228 1322 significat,
1262 1272 1422 1325 quam
1460 1272 1610 1328 aqua:
1638 1270 1883 1315 naturam
1914 1264 2143 1332 undique
2176 1276 2331 1320 terra:

767 1358 887 1399 esse
929 1345 1357 1401 circumfusam?
1389 1348 1665 1415 Quomodo
1717 1351 1883 1423 igitur
1915 1369 2051 1422 aqua
2087 1358 2332 1426 quamvis

766 1438 835 1490 sit
866 1436 1051 1501 ﬂuida,
1084 1449 1138 1493 et
1183 1442 1236 1494 in
1265 1441 1471 1498 declive
1502 1454 1691 1511 suapte
1722 1456 1914 1499 natura
1955 1447 2180 1515 feratur,
2216 1466 2332 1504 ma-

768 1540 857 1583 net
882 1544 1165 1599 suspensa,
1195 1543 1249 1587 et
1273 1548 1537 1601 nusquam
1574 1536 1795 1592 deﬂuit?
1822 1538 1898 1592 Tn
1920 1555 2048 1596 vero
2072 1558 2174 1597 non
2199 1557 2329 1597 con-

765 1624 973 1679 sideras
1000 1628 1142 1696 quod
1195 1637 1335 1681 terra
1389 1644 1485 1697 per
1530 1646 1589 1685 se
1631 1647 1912 1701 suspensa,
1944 1637 2187 1691 eamdem
2241 1646 2333 1692 aut

768 1718 930 1772 etiam
966 1720 1141 1774 adhuc
1169 1719 1432 1790 majorem
1470 1724 1645 1792 pariat
1693 1725 1883 1780 rationi
1934 1728 2211 1783 luesltandi
2252 1727 2329 1781 lo-

767 1824 910 1874 cum,
936 1813 1366 1882 quandoquidem
1400 1827 1590 1870 natura
1622 1820 1838 1887 gravior
1867 1831 1970 1875 est.
1997 1819 2193 1875 Verum
2227 1821 2333 1892 ιο

771 1917 992 1959 necesse
1032 1914 1137 1969 est,
1183 1906 1299 1961 sive
1340 1916 1538 1961 terram
1574 1924 1671 1978 per
1705 1910 1937 1979 seipsam
1990 1887 2327 1967 ιτοιιιῑε-ιιειῆἱἰ
2363 1887 2403 1940 Β

769 2002 889 2049 mus
911 1998 1225 2059 consistere,
1251 1998 1365 2051 sive
1396 2012 1559 2067 super
1588 2014 1758 2070 aquas
1783 2001 1977 2070 iaetari
2002 2002 2325 2068 dixerimus,

772 2100 1043 2155 nunquam
1074 2087 1140 2142 de
1178 2089 1265 2158 pia
1301 2091 1574 2145 sententia
1607 2092 1906 2159 discedere,
1938 2095 2031 2149 sed
2066 2094 2220 2151 fateri
2254 2097 2329 2152 si-

779 2176 890 2229 mul
918 2177 1097 2231 omnia
1135 2194 1230 2247 per
1258 2182 1551 2237 conditoris
1580 2183 1874 2253 potentiam
1906 2186 2192 2243 contineri.
2225 2188 2329 2243 Ita-

776 2280 885 2337 que
917 2278 1029 2322 tum
1068 2269 1220 2323 nobis
1262 2270 1392 2341 ipsis
1426 2281 1537 2326 tum
1585 2272 1705 2327 aliis
1746 2274 2160 2347 interrogaturis
2210 2293 2326 2345 nos,

770 2374 879 2426 quo
926 2358 1097 2415 fulcro
1148 2361 1334 2431 ingens
1383 2362 1508 2416 illud
1550 2378 1649 2419 nec
1711 2364 1804 2420 ulli
1850 2368 2127 2422 ferendum
2169 2376 2327 2421 terra:

768 2466 906 2505 onus
926 2452 1165 2506 innixum
1192 2455 1280 2517 sit,
1307 2456 1549 2512 dicamus
1574 2458 1689 2512 hac
1707 2469 1941 2528 oportet:
1964 2459 2027 2512 1η
2046 2475 2203 2512 manu
2231 2458 2325 2514 Dei

769 2552 889 2595 sunt
911 2541 1038 2609 ﬁnes
1063 2552 1215 2597 terra
1235 2544 1295 2598 ".
1320 2544 1428 2598 Hoc
1450 2547 1605 2600 nobis
1633 2549 1958 2614 tutissimum
1983 2558 2065 2603 est
2088 2550 2151 2603 ad
2183 2564 2333 2605 com-

771 2634 1060 2704 parandam
1088 2634 1516 2707 intelligentiam,
1539 2646 1590 2692 et
1614 2640 1945 2695 auditoribus
1978 2641 2333 2697 conducibile.

844 2745 929 2801 10.
969 2744 1087 2801 Jam
1116 2763 1241 2803 vero
1266 2748 1472 2821 physici
1505 2750 1744 2805 nonnulli
1778 2750 1939 2806 etiam
1972 2751 2040 2805 ob
2071 2750 2335 2821 ejusmodi

770 2852 962 2895 causas
998 2846 1194 2894 terram
1238 2840 1565 2895 immobilem
1605 2860 1823 2899 manere
1856 2860 2047 2915 magno
2082 2860 2200 2899 cum
2240 2861 2334 2917 ap-

774 2940 963 3000 paratu
1014 2930 1299 2984 verborum
1353 2930 1555 2985 dicunt.
1614 2932 1872 2986 Nimirum
1919 2934 2059 3002 quod
2112 2937 2336 2990 mediam

772 3021 921 3075 orbis
958 3021 1228 3090 regionem
1258 3024 1557 3092 occupavit,
1584 3032 1634 3077 et
1664 3023 1803 3092 quod
1835 3037 1939 3091 quo
1967 3038 2024 3077 se
2057 3028 2224 3093 magis
2258 3027 2339 3078 in-

772 3113 953 3176 clinet,
980 3129 1081 3167 non
1111 3114 1292 3179 habet,
1314 3125 1493 3184 utpote
1522 3116 1585 3169 ab
1609 3117 1865 3170 extremis
1891 3115 2169 3183 :eqnaliter
2192 3116 2335 3169 onmi

2426 625 2528 696 τῆς
2566 622 3094 696 πολυπραγμοσύνης
3135 626 3163 676 ὁ
3207 624 3300 678 τοῦ
3343 624 3461 678 ’1ὼὸ
3500 623 3654 692 λόγος
3690 626 4001 697 καθάψηται

2427 714 2883 786 περισκοποῦντος
2924 714 2990 768 τὰ
3030 715 3406 787 ἀκατάληπτα,
3437 717 3529 771 καὶ
3557 718 3835 791 ἐρωτηθῇς
3868 711 3998 791 παρ’

2426 805 2589 859 αὑτοῦ
2619 806 2711 859 καὶ
2736 806 2821 868 σὺ,
2870 807 2992 859 Ἐπὶ
3031 806 3194 872 τίνος
3234 807 3347 878 (65)
3375 814 3427 864 oi
3455 810 3645 880 κρίκοι
3670 813 3860 880 αὐτῆς
3905 827 4001 863 κε-

2427 894 2713 965 πήγτισιν.
2760 896 2918 951 Ἀλλά
2946 900 3045 953 κάν
3070 915 3197 951 ποτε
3220 901 3286 962 ὲν,
3305 899 3533 971 ψαλμοῖς
3562 899 3817 971 ἀκούσῃς’
3862 901 4000 972 ἐγὼ

2427 984 2763 1055 ἐστερέωσα
2800 988 2941 1054 τοὺς
2982 992 3248 1056 στύλους
3282 991 3505 1058 αὑτῆςο
3548 994 3648 1065 τὴν
3681 996 4000 1067 συνεκτικὴν

2428 1078 2599 1148 αὐτῆς
2645 1079 2869 1148 δύναμιν
2916 1081 3139 1147 στύλους
3184 1081 3432 1154 εἰρῆσθαι
3460 1086 3697 1155 νόμισον.
3743 1084 3816 1137 Τὸ
3868 1088 3999 1157 γὰρ,

2442 1168 2565 1223 Ἐπί
2618 1170 2943 1226 θαλασσῶν
2974 1174 3367 1243 ἐθεμελίωσεν
3401 1176 3627 1243 αὐτὴν,
3662 1178 3713 1231 τί
3759 1176 3928 1249 δηλοῖ,
3967 1181 3999 1251 ἢ

2428 1261 2488 1312 τὸ
2521 1260 2782 1315 πάντοθεν
2810 1262 3195 1331 περικεχύσθαι
3232 1268 3296 1336 τῇ
3327 1265 3394 1334 γῇ
3430 1262 3526 1333 τὴν
3551 1265 3643 1318 τοῦ
3677 1267 3867 1329 ὓδατος
3901 1265 3971 1333 φύ
3991 1295 4003 1305 -

2432 1369 2549 1417 σιν;
2586 1354 2707 1419 [Ιῶς
2739 1350 2830 1408 οῦν
2855 1354 3010 1424 ῥυτὸν
3035 1356 3276 1427 ὑπάρχον
3300 1357 3359 1410 τὸ
3386 1356 3526 1426 ὕδωρ
3552 1358 3645 1409 καὶ
3669 1360 3760 1411 ἐπὶ
3783 1358 3845 1411 τὸ
3869 1373 4004 1426 πρα-

2431 1448 2523 1510 νὲς
2555 1451 2793 1518 πεφυκὸς
2826 1451 3205 1513 καταπίπτειν,
3251 1453 3397 1523 μένει
3430 1452 3877 1523 ἀπαιωρούμενον
3910 1452 4003 1507 καὶ

2434 1539 2672 1610 οὐδαμοῦ
2696 1541 2959 1613 ἀπορρέον
2987 1558 3000 1603 ;
3037 1542 3108 1594 Σὺ
3140 1542 3275 1597 δὲού
3304 1543 3490 1615 λογίζῃ
3520 1541 3653 1612 (66).
3687 1545 3765 1596 ὅτι
3796 1547 3896 1615 τὴν
3915 1546 4006 1599 αὺ-

2433 1630 2585 1701 τὴνῆ
2621 1634 2713 1686 καὶ
2764 1633 2837 1686 ἔτι
2887 1632 3106 1685 πλείονα
3151 1634 3381 1706 ἀπορίαν
3422 1633 3499 1704 τῷ
3539 1632 3681 1702 λόγῳ
3712 1636 3939 1705 παρέχει
3971 1637 4006 1706 ἡ

2431 1725 2500 1793 γῆ
2522 1723 2640 1775 καθ’
2665 1726 2862 1796 ἑαυτὴν
2884 1724 3227 1795 κρεμαμένη,
3253 1726 3523 1798 βαρυτέρα
3550 1725 3650 1797 τὴν
3674 1724 3832 1795 φύσιν
3846 1724 4003 1781 οῦσα.

2445 1813 2602 1867 ’Δλλά
2643 1816 2892 1886 ἀνάγκη,
2939 1814 3039 1867 κάν
3069 1815 3171 1883 γῆν
3221 1817 3338 1869 καθ’
3385 1819 3579 1890 ἑαυτὴν
3621 1814 3759 1873 εἶναι
3804 1816 4002 1887 δῶμεν,

2432 1905 2533 1958 κᾶν
2583 1906 2675 1958 ἐπὶ
2711 1906 2805 1959 τοῦ
2854 1906 3044 1969 ὓδατος
3107 1906 3275 1975 αὐτὴν
3336 1908 3696 1963 ἀποσαλεύειν
3742 1910 4005 1979 εἴπωμεν,

2433 1996 2681 2067 μηδαμοῦ
2702 1998 3000 2068 ἀναχωρεῖν
3022 1997 3116 2068 τῆς
3137 1997 3390 2061 εὖσεὸοῦς
3404 1998 3658 2065 διανοίας,
3677 2001 3813 2055 ἀλλὰ
3834 2000 4008 2053 πάντα

2430 2088 2564 2159 όμοῦ
2612 2089 3031 2159 συγκρατεῖσθαι
3063 2088 3344 2159 ὁμολογεῖν
3374 2094 3438 2162 τῇ
3485 2091 3710 2163 δυνάμει
3750 2092 3844 2146 τοῦ
3891 2093 4008 2145 κτί-

2433 2194 2641 2240 σαντος.
2692 2176 2875 2230 Ταῦτα
2918 2174 3010 2231 οῦν
3056 2178 3158 2250 χρὴ
3193 2179 3403 2243 ἑαυτοῖς
3453 2197 3509 2233 τε
3546 2180 3728 2248 λέγειν
3759 2182 3853 2234 καὶ
3896 2184 4008 2244 τοῖς

2430 2265 2758 2338 διερωτῶσιν
2803 2267 2970 2337 ἡμᾶς,
3017 2268 3110 2321 ἐπὶ
3156 2270 3299 2331 τίνος
3344 2269 3405 2321 τὸ
3445 2268 3669 2321 ἄπλετόν
3720 2270 3878 2322 τοῦτο
3919 2270 4004 2325 κα)

2432 2358 2702 2429 ἀφόρητον
2730 2359 2826 2429 τῆς
2852 2359 2955 2429 γῆς
2985 2360 3297 2432 ὲρὴρεισται
3325 2359 3507 2431 βάρος,
3533 2360 3612 2412 ὅτι
3648 2361 3743 2413 Ἐν
3763 2359 3839 2428 τῇ
3859 2363 4007 2429 χειρί

2433 2452 2539 2506 τοῦ
2568 2452 2715 2507 Θεοῦ
2760 2452 2870 2522 (67)
2905 2454 2976 2505 τὰ
3001 2451 3221 2519 πέρατα
3262 2449 3370 2517 τῆς
3398 2449 3528 2518 γῆς.
3564 2449 3736 2503 Τοῦτο
3768 2451 4005 2519 ἀσφαλέο

2436 2560 2629 2597 στατον
2669 2546 2801 2613 ἡμῖν
2838 2543 2973 2613 πρὸς
3010 2542 3193 2612 νόησιν
3241 2543 3333 2595 καὶ
3389 2542 3660 2612 ὠφέλιμον
3702 2546 3813 2606 τοῖς
3846 2542 4009 2596 ἀκού-

2433 2653 2603 2689 ουσιν.

2508 2749 2594 2803 10.
2639 2747 2776 2819 Ἤδη
2814 2747 2873 2801 δέ
2898 2765 3039 2811 τινες
3066 2746 3172 2819 (68)
3199 2747 3306 2801 τῶν
3339 2746 3581 2816 φυσικῶν
3612 2747 3705 2801 καὶ
3735 2748 4009 2811 τοιαύταις

2438 2840 2637 2904 αἰτίαις
2674 2838 2775 2911 τὴν
2805 2841 2906 2910 γῆν
2949 2839 3203 2910 ἀκίνητον
3260 2839 3438 2911 μένειν
3486 2840 4005 2911 κατακομψεύονται.

2452 2934 2538 2996 Ὧς
2562 2934 2669 3003 ἄρα
2700 2932 2789 2985 διά
2818 2933 2876 2985 τὸ
2909 2932 3004 3001 τὴν
3038 2934 3207 3002 μέσην
3251 2932 3342 2985 τοῦ
3368 2933 3567 2996 παντὸς
3594 2932 3869 3002 εἰληφέναι
3903 2930 4009 3001 χὼ-

2444 3040 2561 3095 ραν,
2594 3024 2687 3075 καὶ
2709 3023 2795 3075 διὰ
2825 3023 2921 3093 τὴν
2953 3022 3072 3091 ίσην
3105 3023 3363 3075 πάντοθεν
3396 3022 3528 3092 πρὸς
3566 3023 3626 3074 τὸ
3669 3024 3836 3092 ἀκρον
3875 3022 4012 3073 ἀπόο

2442 3129 2646 3178 στασιν,
2664 3114 2763 3165 οὐκ
2778 3113 3005 3181 ἔχουσαν
3027 3114 3156 3164 ὅπου
3177 3112 3373 3181 μᾶλλον
3395 3111 3681 3180 ἀπκλιθῇ,
3701 3110 4011 3177 ἀναγκαίως

774 3219 839 3259 ex
876 3214 1024 3272 parte
1051 3204 1270 3269 dissita;
1307 3206 1429 3259 hinc
1456 3220 1573 3259 eam
1606 3206 1658 3259 in
1690 3208 1863 3275 seipsa
1893 3208 2195 3261 necessario
2224 3222 2339 3274 per-
2369 3219 2411 3279 ο

2369 3219 2411 3279 c
2447 3204 2627 3276 μένειν
2660 3204 2745 3273 ἐφ’
2776 3203 2993 3273 ἑαυτῆς,
3028 3202 3285 3256 ἀδύνατον
3315 3204 3450 3272 αὐτῇ
3482 3200 3760 3262 παντελῶς
3791 3201 3889 3271 τὴν
3921 3198 4010 3252 ὲπί

775 3312 994 3352 manere
1045 3310 1390 3362 asseverant,
1455 3314 1574 3353 cum
1626 3298 2017 3368 circuinjacens
2072 3300 2340 3355 undelibet

774 3388 1052 3456 aequalitas
1081 3387 1260 3451 faciat,
1294 3399 1351 3441 ut
1380 3403 1481 3442 non
1511 3397 1671 3459 queat
1690 3390 1906 3443 omnino
1936 3390 1987 3443 in
2025 3391 2182 3444 ullam
2216 3407 2340 3460 par-

776 3490 883 3533 tem
922 3479 1211 3533 declinare.
1252 3479 1602 3535 Contcndunt
1647 3482 1829 3535 itidem
1868 3493 2062 3536 terram
2106 3486 2336 3539 medium

774 3570 949 3626 locum
981 3585 1083 3625 non
1110 3581 1274 3637 sorte,
1305 3586 1477 3641 neque
1503 3586 1629 3625 casu
1660 3583 1868 3625 nactam
1895 3588 2047 3636 esse;
2077 3575 2167 3627 sed
2198 3576 2340 3628 hunc

774 3678 896 3717 esse
934 3672 1086 3716 terrae
1130 3663 1426 3716 naturalem
1472 3677 1535 3717 ac
1581 3664 1940 3718 necessarium
1980 3665 2161 3717 situm.
2206 3663 2337 3717 Nam

775 3769 899 3807 cum
951 3752 1171 3807 caeleste
1224 3766 1419 3821 corpus
1473 3753 1745 3822 regionem
1799 3763 2093 3808 extremam
2129 3768 2340 3807 sursum

777 3860 991 3899 versum
1022 3844 1294 3908 obtineat;
1329 3858 1660 3913 quacunque
1710 3860 1860 3909 sane,
1905 3844 2173 3913 inquiunt,
2212 3860 2343 3913 pon-

780 3937 909 3991 dera
958 3950 1019 3990 es
1071 3935 1319 4005 supernis
1352 3935 1489 3991 elabi
1532 3937 1893 4007 posuerimus,
1928 3952 1986 3989 ea
2017 3936 2251 4005 undique
2281 3934 2344 3989 ad

782 4027 1016 4082 medium
1058 4025 1389 4081 deferentur.
1434 4026 1500 4081 Et
1539 4037 1707 4091 certe,
1755 4028 1807 4083 in
1854 4026 1995 4097 quod
2036 4026 2350 4081 deferuntur

784 4126 984 4187 partes,
1016 4116 1066 4169 in
1099 4116 1150 4170 id
1176 4114 1361 4186 utique
1385 4117 1546 4171 etiam
1578 4127 1744 4172 totmn
1776 4118 2107 4173 detrudetur.
2136 4116 2346 4171 Etenim

783 4209 828 4263 si
880 4207 1100 4277 lapides,
1132 4217 1186 4261 et
1232 4208 1396 4277 ligna,
1444 4222 1497 4264 et
1545 4211 1821 4263 terrestria
1870 4210 2049 4262 omnia
2100 4211 2345 4263 deorsum

784 4315 976 4354 versus
1020 4307 1300 4363 corruunt,
1340 4299 1428 4354 hic
1466 4300 1653 4368 utique
1684 4299 2034 4353 fueritetiam
2066 4299 2158 4353 ιυιί
2192 4310 2350 4352 ιρι-τω

785 4391 1033 4462 proprius
1071 4404 1134 4445 ac
1170 4391 1493 4445 conveniens
1534 4391 1669 4444 situs
1701 4408 1714 4444 :
1762 4400 1813 4444 at
1851 4391 1895 4444 si
1932 4392 2059 4458 quid
2090 4388 2283 4443 levium
2318 4403 2349 4443 e

788 4483 962 4537 medio
1012 4482 1303 4547 evebatur,
1350 4481 1590 4551 profecto
1648 4496 1895 4551 suprema
1950 4490 2114 4550 petet.
2170 4479 2349 4545 Quare

2441 3315 2493 3350 τι
2546 3296 2716 3369 ῥοπὴν
2759 3296 2854 3367 τῆς
2897 3295 3231 3366 πανταχόθεν
3275 3296 3661 3367 περικειμένης
3697 3294 4011 3364 ὁμοιότητος

2442 3389 2791 3461 ἐμποιούσης.
2822 3388 2930 3461 Τὴν
2960 3389 3015 3442 δὲ
3044 3388 3212 3460 μέσην
3238 3386 3418 3459 χώραν
3451 3389 3523 3458 μὴ
3554 3385 4012 3457 ἀποκληρωτικῶς

2443 3481 2539 3552 τὴν
2570 3486 2693 3552 γῆν,
2732 3481 2865 3552 μηδὲ
2891 3485 2955 3534 ὲκ
2981 3481 3073 3534 τοῦ
3100 3480 3401 3550 αὐτομάτου
3439 3480 3643 3548 λαχεῖν,
3689 3477 3825 3531 ἀλλά
3856 3493 4011 3545 φυσι-

2444 3573 2543 3641 κὴν
2594 3568 2730 3623 εἶναι
2778 3572 2982 3641 ταύτην
3028 3574 3093 3642 τῇ
3126 3575 3194 3642 γῇ
3238 3572 3329 3623 καὶ
3375 3570 3675 3636 ἀναγκαίαν
3714 3569 3811 3639 τὴν
3842 3567 4012 3620 Θέσιν.

2443 3661 2547 3713 Τοῦ
2590 3663 2698 3731 γάρ
2747 3662 2997 3733 οὐρανίου
3043 3662 3294 3733 σώματος
3338 3662 3434 3731 τὴν
3467 3662 3698 3731 ἐσχάτην
3727 3661 3908 3730 χώραν
3940 3660 4015 3723 ὡς

2444 3756 2575 3826 πρὸς
2618 3756 2678 3808 τὸ
2704 3755 2815 3808 ἀνω
2851 3755 3192 3824 κατέχοντος,
3227 3755 3369 3825 άπερ
3395 3754 3481 3814 ἂν,
3513 3753 3676 3823 φησὶν
3705 3753 3842 3821 (63),
3887 3755 4017 3807 ὑπο-

2445 3848 2663 3919 θώμεθα
2699 3848 2835 3919 βάρη
2861 3849 3146 3901 ἐκπίπτειν
3182 3846 3287 3900 ἀπὸ
3314 3846 3419 3899 τῶν
3444 3848 3574 3907 ἀνω,
3611 3845 3781 3899 ταῦτα
3812 3864 4017 3900 πάντας

2446 3941 2599 4011 χόθεν
2644 3941 2734 3994 ἐπὶ
2784 3940 2844 3993 τὺ
2888 3940 3049 4011 μέσον
3086 3939 3547 4011 συνενεχθήσεται.
3596 3939 3710 4008 Ἐφ’
3737 3941 3873 4011 ὅπερ
3906 3940 4017 4011 (Ἱο)

2447 4034 2489 4087 δ’
2529 4034 2593 4087 ἂν
2631 4034 2698 4087 τὰ
2736 4035 2873 4105 μέρη
2914 4034 3164 4105 φέρηται,
3202 4034 3292 4087 ἐπὶ
3332 4033 3489 4086 τοῦτο
3524 4034 3614 4087 καὶ
3648 4032 3707 4086 τὸ
3744 4033 3864 4088 ὅλον
3897 4051 4020 4097 συν-

2448 4125 2751 4195 ωσθήσεται
2773 4125 3030 4196 δηλονότι.
3060 4126 3119 4177 El
3137 4124 3191 4177 δὲ
3207 4124 3340 4176 λίθοι
3364 4126 3455 4177 καὶ
3485 4124 3612 4187 ξύλα
3642 4126 3732 4175 καὶ
3757 4124 3825 4175 τὰ
3842 4123 4019 4192 γεηρὰ

2451 4216 2629 4268 πάντα
2656 4216 2879 4287 φέρεται
2912 4217 3045 4287 πρὸς
3076 4215 3134 4268 τὸ
3158 4216 3326 4275 κάτω,
3360 4214 3497 4281 αῦτη
3522 4212 3586 4265 ἂν
3616 4213 3700 4283 εἴη
3724 4214 3816 4267 καὶ⁵
3836 4216 3899 4285 τῇ
3923 4214 4021 4287 ὅλῃ

2448 4308 2516 4375 γῇ
2546 4308 2719 4359 οἰκεῖα
2750 4306 2846 4357 καὶ
2870 4308 3219 4377 προσήκουσα
3256 4306 3403 4366 θέσις
3422 4321 3435 4334 ’
3460 4304 3559 4357 κάν
3589 4322 3638 4356 τι
3671 4303 3778 4357 τῶν
3804 4308 4021 4374 κούφων

2450 4395 2681 4463 φέρηται
2721 4394 2827 4447 ἀπὸ
2868 4393 2960 4446 τοῦ
2998 4394 3183 4464 μέσου,
3209 4392 3450 4462 δηλονότι
3483 4392 3618 4463 πρὸς
3663 4392 3723 4443 τὸ
3751 4391 4020 4445 ἀνώτατον

2451 4483 2823 4554 κινηθήσεται.
2879 4486 3041 4537 Ὥστε
3078 4484 3253 4537 οίκεία
3295 4485 3433 4555 φορά
3474 4486 3583 4546 τοῖς
3624 4482 3946 4554 βαρυτάτοις
3986 4486 4019 4554 ἡ

788 4574 952 4628 motio
978 4572 1225 4628 deorsum
1263 4574 1503 4636 tendens,
1536 4574 1774 4644 gravium
1804 4582 1889 4628 est
1935 4574 2182 4643 propria;
2226 4573 2346 4626 inli-
2378 4578 2423 4637 υ
2453 4595 2458 4606 ι

2378 4578 2423 4637 D
2453 4574 2586 4645 πρὸς
2629 4575 2690 4627 τὸ
2737 4574 2917 4628 κάτω·
2954 4575 3105 4627 κάτω
3143 4575 3199 4627 δὲ
3238 4575 3266 4627 ὁ
3298 4574 3453 4639 λόγος
3504 4573 3665 4644 μέσον
3700 4572 3887 4637 ἔδειξε.
3929 4572 4019 4643 Μὴ

789 4678 932 4715 ιιιιιιη
961 4675 1161 4729 autem,
1190 4664 1422 4718 medium
1457 4679 1575 4719 esse
1606 4680 1668 4718 ex
1707 4666 1862 4719 dictis
1886 4676 2050 4734 patet.
2085 4663 2160 4718 Ne
2192 4664 2351 4730 igitur

789 4754 1025 4820 mireris,
1057 4755 1100 4810 si
1133 4770 1397 4825 nusquam
1424 4757 1639 4810 excidat
1666 4768 1829 4823 terra,
1860 4758 2053 4827 quippe
2086 4772 2202 4825 quae
2240 4772 2352 4811 me-

860 4942 903 4975 “
928 4942 1029 5000 Job
1054 4960 1285 5010 xxxvm,
1314 4942 1367 4998 6.
1452 4946 1493 4978 ¹⁸
1534 4945 1674 5001 Psal.
1707 4961 1885 5013 Lsxtv,
1918 4946 1971 5001 ι.

859 5124 971 5194 (65)
995 5124 1112 5194 Illa,
1152 5123 1245 5177 ἰπὶ
1286 5122 1450 5189 τίνος,
1478 5130 1613 5183 etc.,
1644 5123 1936 5194 desumpta
1952 5134 2077 5179 sunt
2112 5138 2179 5179 ex
2221 5123 2345 5187 Job.

789 5192 1020 5260 mm,
1049 5193 1106 5259 6,
1142 5206 1200 5248 ut
1230 5196 1405 5263 legere
1431 5204 1515 5247 est
1545 5196 1683 5259 apud
1716 5192 1879 5246 LXX.
1913 5192 2019 5263 Sed
2068 5194 2259 5263 Aquila
2298 5203 2352 5248 et

790 5264 1091 5319 Theodotio
1136 5280 1204 5319 ex
1258 5262 1813 5333 Hebraeoverterunt,
1844 5264 1898 5317 αί
1938 5262 2145 5333 βάσεις,
2181 5267 2354 5319 bases.

793 5334 901 5388 Nec
921 5333 1079 5389 aliter
1111 5334 1305 5403 legitur
1328 5334 1381 5387 in
1414 5331 1658 5403 Vulgata,
1693 5331 1864 5398 Super
1888 5331 1990 5402 quo
2037 5338 2183 5388 bases
2209 5336 2356 5388 illius

792 5404 1033 5459 solium
1062 5405 1225 5457 sunt?
1255 5403 1608 5474 Symmachus
1624 5405 1672 5455 οἱ
1693 5403 2031 5474 κατάπηγες,
2050 5405 2181 5474 pali.
2203 5406 2360 5459 Plura

794 5420 1033 5459 sonum
1062 5420 1182 5457 ιιιιιι
1201 5420 1225 5457 ἴ
1255 5420 1608 5526 δὶωπιοςηιιε
1624 5420 1672 5455 οι
1693 5420 2181 5526 καταπηγεςὶῖσιι.
2203 5420 2283 5459 1³η

794 5476 885 5542 qui
906 5476 1082 5546 cupit,
1111 5484 1276 5546 notas
1348 5473 1479 5546 ιιοωί
1517 5472 1914 5546 legerepotest.
1938 5483 1991 5526 et
2014 5544 2044 5546 _
2073 5479 2283 5546 exopta.

866 5544 978 5613 (ιὶὺ)
1012 5541 1524 5613 Vewrequuinque
1586 5541 1724 5597 libri,
1766 5541 1976 5615 λογίζῃ.
2010 5544 2149 5599 Editi
2176 5541 2185 5545 ⁷
2210 5544 2356 5613 λογί-

830 5633 1170 5756 ﬂ‘(‘(i.7)_Colb.
1195 5683 1399 5756 primus
1437 5682 1564 5756 ’Ὁτι
1600 5683 1668 5756 ἐν
1694 5684 1761 5756 τῇ
1809 5683 2076 5756 χειρὶΑτοῦ
2106 5684 2237 5738 Θεοῦ
2266 5685 2360 5739 πέ-

795 5739 981 5824 λαγοςί
1001 5752 1125 5808 Ὀτι
1154 5739 1212 5807 εὑ
1239 5755 1310 5826 τῇ
1340 5754 1481 5823 χειρὶ
1510 5739 1765 5826 αὐτοῦτᾶ
1794 5739 1918 5826 τῖέρί
1950 5753 2083 5826 Quia
2118 5756 2172 5807 in
2205 5772 2360 5810 manu

800 5827 897 5882 Dei
916 5833 993 5881 est
1022 5841 1182 5880 mare.
1223 5824 1357 5889 Quia
1385 5826 1436 5877 in
1470 5840 1624 5877 manu
1648 5824 1759 5892 ejus
1790 5824 1907 5878 sunt
1944 5825 2095 5893 ﬁnes,
2118 5838 2221 5881 etc.

2456 4661 2548 4718 οῦν
2578 4664 2862 4737 θαυμάσῃς
2902 4668 2949 4719 εί
2983 4666 3229 4737 μηδαμοῦ
3260 4666 3509 4719 ἐκπίπτει
3545 4666 3577 4735 ἠ
3613 4663 3708 4734 γῆ,
3749 4664 3849 4736 τὴν
3884 4663 4021 4717 κατὰ

2458 4758 2618 4827 φύσιν
2657 4758 2837 4832 χώραν
2882 4760 2941 4812 τὸ
2986 4760 3147 4830 μέσον
3198 4759 3411 4829 ἔχουσα.
3464 4758 3619 4811 Πᾶσα
3668 4757 3777 4829 γὰρ
3809 4758 4019 4829 ἀνάγκη

2067 4946 2112 4979 ⁸⁸
2142 4945 2285 5001 Psal.
2316 4962 2475 5010 mn,
2507 4944 2563 4999 2.
2640 4943 2682 4974 ¹⁷
2720 4942 2857 4997 Psal.
2886 4956 3028 5008 κων,
3056 4940 3111 4998 2.

2530 5119 2642 5192 (68)
2671 5120 2821 5192 Quod
2856 5118 2933 5173 ait
2964 5117 3193 5192 Basilius
3216 5114 3455 5192 sensisse
3482 5114 3739 5185 quosdam
3786 5114 4021 5186 philoso-

2456 5193 2590 5263 phos
2624 5188 2691 5246 de
2750 5191 2955 5263 telluris
2984 5190 3266 5263 q_niete,__id
3312 5188 3519 5256 pariter
3554 5196 3745 5263 nostra
3788 5198 3946 5243 atate
3991 5200 4020 5238 a

2460 5258 2780 5331 quibusdam
2812 5259 3142 5314 defenditur.
3180 5259 3311 5313 Nam
3351 5267 3532 5331 utrum
3566 5266 3706 5331 terra
3734 5258 3806 5331 in_
3835 5266 4019 5331 centro

2465 5326 2645 5385 nnmdi
2678 5334 2892 5384 immota
2923 5338 3163 5395 maneat,
3195 5346 3261 5381 an
3285 5326 3365 5381 sol
3403 5330 3543 5381 hunc
3567 5329 3726 5381 situm
3759 5327 4015 5389 obtineat,

2464 5403 2692 5471 qumstio
2716 5411 2799 5455 est
2847 5400 3141 5453 etiamnum
3167 5399 3333 5471 inter
3378 5397 3720 5471 philosophos
3758 5411 4017 5471 pet-anan:

2468 5467 2721 5535 celebris,
2756 5480 2810 5524 et
2844 5484 3033 5535 magna
3074 5470 3325 5535 utrinque
3350 5468 3696 5523 contentione
3722 5467 3951 5536 agitata.

2538 5542 2650 5611 (69)
2706 5542 2876 5594 Editio
2915 5538 3079 5611 Basil.
3136 5549 3321 5611 etsex
3374 5536 3789 5611 mss.__&rrsp_&v
3842 5549 4021 5611 φησιν.

2464 5605 2641 5669 Editio
2703 5611 2874 5666 Paris.
2928 5608 3113 5681 φασίν.
3170 5609 3367 5664 ibidem
3421 5606 3571 5661 Colb.
3632 5605 3839 5688 primus
3886 5605 4022 5676 βάρη

2465 5683 2776 5734 ἐμπίπτειν.

2465 5686 2776 5737 ἐμπίπτειν.

2498 5702 2776 5755 μπιπτειν.

2538 5753 2651 5822 (70)
2704 5752 2775 5805 Ita
2830 5764 2921 5805 sex
2958 5764 3087 5803 mss.
3122 5748 3190 5802 At
3232 5747 3482 5822 editixat
3514 5747 3599 5814 ἐφ’
3652 5746 3811 5820 ὅπερ.
3863 5742 4025 5801 Paulo

2470 5818 2591 5892 poSt
2612 5822 2760 5879 Colb.
2795 5822 3060 5878 secundus
3096 5818 3569 5890 συνωθισθήσεται.
