4230 6506
229 448 302 503 9-5
1355 452 1639 509 ιιυιιιιιΑ
1674 453 1692 506 1
1726 451 1791 506 ΙΝ
1833 451 1899 508 HI

1833 451 2330 512 HEXAEMERON.
3391 455 3463 513 26

236 568 418 639 μένειν
452 565 620 643 αὐτὴν
649 566 790 622 κατὰ
820 568 1022 640 χώραν,
1052 569 1084 639 ἢ
1116 569 1262 642 παρὰ
1294 569 1453 637 φύσιν
1481 568 1807 640 κινουμένην
1838 574 1882 629 Α

1792 589 1807 620 ν
1838 572 2052 629 Adium
2109 571 2279 627 locum
2332 582 2537 628 natura;
2589 586 2701 627 sua:
2752 574 3160 629 convenientem
3217 584 3462 646 occupet.

233 656 335 723 τῆς
396 657 601 721 οξκείας
646 657 805 728 ἐδρας
857 658 1188 723 ἐξίστασθαι.
1244 660 1461 714 Τούτων
1516 659 1560 711 δ’
1608 661 1671 714 ἄν
1727 676 1807 713 σοι

233 748 366 817 δοκῇ
408 748 518 820 (71)
546 767 599 803 τι
635 748 856 803 πιθανὸν
898 748 1034 803 εἶναι
1081 751 1186 805 τῶν
1224 753 1546 823 εἰρημένων,
1589 752 1681 805 ἐπὶ
1710 752 1807 825 τὴν

233 838 379 891 οὕτω
405 842 575 895 ταῦτα
613 841 1008 914 διαταξαμένην
1043 844 1158 913 (72)
1188 843 1281 896 τοῦ
1316 843 1449 897 Θεοῦ
1494 843 1681 912 σοφίαν
1716 863 1809 916 με·

234 930 397 995 τάθες
425 936 485 987 τδ
513 932 715 1003 θαῦμα.
750 935 823 987 Ού
847 934 954 1007 γὰρ
979 936 1291 989 ἐλαττοῦται
1316 938 1348 1008 ἡ
1382 936 1473 990 ἐπὶ
1502 940 1613 999 τοῖς
1651 938 1806 1007 μεγί-

237 1039 383 1089 στοις
416 1026 691 1096 ἔκπληξις,
732 1029 953 1081 ἐπειδάν
982 1032 1008 1083 ό
1039 1029 1240 1099 τρόπος
1269 1031 1390 1084 καθ’
1421 1031 1480 1083 ὃν
1512 1030 1716 1099 γίνεταί
1751 1050 1803 1085 τι

234 1116 343 1170 τῶν
367 1116 679 1188 παραδόξων
696 1119 951 1190 ἐξευρεθῇ
975 1136 989 1150 υ
1012 1122 1060 1170 εί
1084 1120 1140 1171 δὲ
1170 1120 1266 1191 μὴ,
1290 1122 1422 1175 ἀλλὰ
1442 1122 1501 1173 τό
1518 1138 1575 1188 γε
1601 1121 1804 1177 ἁπλοῦν

234 1211 335 1281 τῆς
361 1212 593 1273 πίστεως
634 1212 974 1284 ἰσχυρότερον
1015 1210 1153 1264 ἔστω
1185 1213 1290 1266 τῶν
1324 1212 1557 1281 λογικῶν
1587 1214 1805 1269 ἀποδεί-

234 1302 390 1367 ξεων.

1907 664 2136 720 Omnino
2182 665 2324 718 enim
2377 669 2544 736 ipsam
2603 664 2654 717 in
2706 679 2771 718 eo
2817 666 2934 721 loco
2985 678 3200 719 manere
3248 679 3469 720 necesse

1908 753 2089 821 fuerit,
2129 767 2217 811 aut
2266 770 2384 809 eam
2428 766 2625 825 praeter
2668 766 2913 809 naturam
2952 766 3152 811 mutam
3190 770 3218 808 a
3255 760 3466 825 propria

1906 847 2032 901 sede
2065 847 2344 902 dimoveri.
2385 845 2500 902 Jam
2541 851 2582 904 si
2622 847 2747 920 quid
2777 862 2960 900 eorum
2988 865 3104 917 qua:
3139 848 3282 903 dicta
3322 858 3467 911 sunt,

1906 939 2182 1007 probabile
2210 940 2304 994 tibi
2331 940 2595 1004 videatur,
2626 942 2689 994 ad
2725 941 2816 996 Dei
2847 939 3182 1007 sapientiam,
3210 955 3329 1010 qua:
3355 941 3466 995 hac

1911 1030 1982 1083 ita
2037 1030 2342 1097 ordinavit,
2401 1030 2807 1085 admirationem
2863 1031 3113 1085 transfer.
3173 1033 3271 1096 Qui
3323 1033 3468 1087 enim

1912 1122 2175 1175 maximas
2216 1124 2284 1176 ob
2326 1138 2412 1176 res
2460 1120 2670 1174 accedit
2720 1133 2924 1191 stupor,
2967 1136 3303 1191 nequaquam
3353 1124 3469 1177 ideo

1912 1214 2170 1269 minuitur
2204 1216 2343 1283 quod
2392 1216 2580 1269 modus
2620 1227 2726 1283 quo
2768 1216 2894 1281 quid
2934 1219 3027 1271 ﬁat
3064 1218 3468 1283 stupeudorum,

1918 1306 2239 1359 adinventus
2273 1313 2386 1367 est;
2439 1304 2521 1357 sin
2562 1304 2758 1368 minus,
2791 1302 2975 1357 saltem
3005 1306 3125 1360 lidei
3159 1302 3474 1374 simplicitas

234 1394 355 1463 plus
421 1394 611 1447 lirtbeat
682 1393 910 1458 roboris,
942 1412 1101 1463 quam
1142 1412 1259 1465 qua:
1285 1412 1349 1451 ex
1384 1396 1587 1451 ratione
1616 1407 1867 1467 petuntur
1906 1399 2408 1454 demonstrationes.

306 1486 395 1540 11.
437 1488 515 1540 Τὰ
542 1488 679 1539 αὐτὰ
712 1486 767 1539 δὲ
798 1488 967 1542 ταῦτα
1007 1490 1121 1558 (75)
1168 1490 1260 1541 καὶ
1304 1490 1429 1561 περὶ
1463 1490 1691 1561 ούρανοῦ
1735 1490 1812 1543 εἴ·

234 1595 455 1648 ποιμεν,
503 1579 583 1631 ὅτι
610 1580 1041 1648 πολυφωνότατοι
1085 1583 1455 1648 πραγματεῖαι
1490 1583 1600 1642 τοῖς
1630 1581 1811 1648 σοφοῖς

231 1668 326 1722 τοῦ
364 1671 567 1741 κόσμου
608 1672 734 1742 περὶ
766 1671 866 1740 τῆς
905 1670 1159 1739 οὐρανίου
1192 1669 1406 1737 φύσεως
1439 1671 1807 1742 καταὸέϐλην-

232 1779 343 1816 ται.
400 1765 510 1817 Καὶ
543 1766 591 1816 οἱ
629 1765 725 1832 μὲν
766 1762 1017 1814 σύνθετον
1061 1762 1224 1815 αὑτὸν
1278 1764 1342 1817 ἐκ
1391 1764 1499 1816 τῶν
1528 1765 1806 1837 τεσσάρων

233 1855 514 1924 στοιχείων
544 1856 848 1925 εἰρήκασιν,
894 1855 969 1918 ὼς
1003 1856 1170 1909 ἁπτὸν
1201 1858 1329 1910 ὄντα
1366 1859 1458 1910 καὶ
1478 1859 1687 1931 όρατὺν,
1712 1859 1805 1911 καὶ

236 1948 532 2018 μετέχοντα
581 1947 683 2017 γῆς
720 1948 817 2017 μὲν
858 1947 944 2002 διά
984 1948 1081 2017 τὴν
1115 1949 1453 2011 ἀντιτυπίαν,
1507 1950 1677 2020 πυρὸς
1725 1950 1802 2013 δὲ,

230 2038 320 2089 διὰ
344 2037 405 2089 τὸ
433 2038 783 2108 καθορᾶσθαι,
818 2038 924 2091 τῶν
949 2038 1004 2090 δὲ
1030 2036 1230 2089 λοιπῶν
1258 2037 1346 2091 διά
1375 2038 1474 2109 τὴν
1508 2038 1650 2109 μίξιν
1671 2038 1802 2107 (74)·

232 2132 281 2182 oi
322 2128 379 2182 δὲ
425 2129 611 2182 τοῦτον
648 2128 723 2193 ὡς
754 2128 1016 2183 ἀπίθανον
1066 2129 1451 2200 παρωσάμενοι
1490 2130 1581 2183 τὸν
1628 2130 1804 2198 λόγον,

231 2224 492 2295 πέμπτην
534 2222 657 2277 τινὰ
697 2220 947 2293 σώματος
974 2222 1133 2292 φύσιν
1176 2225 1254 2287 είς
1287 2222 1514 2294 οὐρανοῦ
1548 2222 1807 2277 σύστασιν

231 2316 441 2370 οἴκοθεν
463 2318 553 2370 καὶ
579 2318 707 2387 παρ’
734 2316 938 2369 ἐαυτῶν
971 2316 1080 2385 (75)
1110 2316 1599 2385 ἀποσχεδιάσαντες
1632 2318 1807 2369 ἐπεισ-

232 2409 459 2479 ⁴ίςγαγον.
495 2408 604 2461 Καὶ
629 2408 743 2460 ἐστι
766 2424 819 2460 τι
848 2408 975 2477 παρ’
1014 2408 1197 2468 αὐτοῖς
1230 2407 1287 2459 τὸ
1313 2406 1549 2480 αίθέριον
1575 2407 1754 2475 σῶμα,
1778 2409 1807 2461 ὃ

236 2500 372 2569 μήτε
408 2497 539 2567 πῦρ,
592 2498 743 2566 φασὶ,
798 2497 934 2567 μήτε
983 2495 1110 2566 ἀὴρ,
1157 2496 1293 2565 μήτε
1330 2500 1423 2567 γῆ,
1478 2497 1610 2566 μήτε
1642 2494 1805 2565 ὕδωρ,

235 2590 375 2661 μήτε
404 2588 540 2652 ὅλως
568 2590 704 2660 ὅπερ
726 2588 784 2641 ἐν
808 2587 913 2641 τῶν
938 2587 1124 2641 ἁπλῶν
1143 2604 1155 2617 ·
1192 2587 1327 2641 διότι
1355 2590 1464 2650 τοῖς
1493 2588 1590 2657 μὲν
1622 2588 1808 2651 ἁπλοῖς

231 2680 408 2735 οίκεία
440 2679 702 2751 κίνησιςή
732 2679 819 2732 ἐπ’
843 2677 1077 2741 εὐθείας,
1099 2677 1207 2729 τῶν
1245 2677 1342 2748 μέν
1376 2677 1590 2745 κούφων
1624 2680 1716 2731 ἐπὶ
1747 2679 1809 2731 τὸ

232 2774 347 2826 ἄνω
375 2771 711 2843 φερομένων,
740 2770 849 2824 τῶν
901 2770 959 2824 δὲ
1005 2768 1215 2841 βαρέων
1249 2768 1342 2823 ἐπὶ
1377 2768 1438 2822 τὸ
1467 2769 1631 2824 κάτω.
1671 2769 1806 2823 Οὔτε

232 2863 289 2917 δὲ
320 2864 381 2915 τὺ
413 2863 523 2916 ἄνω
566 2864 659 2915 καὶ
686 2864 746 2915 τὸ
774 2862 924 2916 κάτω
947 2864 1012 2933 τῇ
1046 2863 1275 2933 κυκλικῇ
1311 2862 1641 2932 περιδινήσει
1671 2862 1807 2916 ταύ-

232 2954 296 3006 τό
320 2972 331 2981 ·
377 2954 469 3006 καὶ
508 2953 643 3015 ὅλως
683 2954 783 3018 τὴν
828 2953 1044 3005 εὐθείαν
1074 2952 1185 3021 (76)
1220 2953 1353 3022 πρὸς
1381 2954 1479 3023 τὴν
1518 2954 1574 3004 ἐν
1601 2954 1680 3022 τῷ
1712 2953 1809 3006 κύ·

233 3047 348 3117 κλῳ
380 3044 679 3116 περιφορὰν
710 3042 965 3111 πλείστην
992 3043 1287 3095 ἀπόστασιν
1321 3041 1483 3111 ἔχειν.
1509 3038 1609 3094 ⁷ον
1649 3043 1707 3095 δὲ
1751 3045 1807 3096 αἱ

233 3139 375 3191 κατὰ
440 3136 599 3206 φύσιν
654 3137 892 3207 κινήσεις
948 3133 1393 3204 παρηλλαγμέναι
1454 3133 1805 3204 τυγχάνουσι,

1981 1492 2065 1545 ll.
2112 1491 2232 1545 llmc
2274 1493 2460 1546 eadem
2499 1490 2565 1546 de
2595 1489 2733 1545 caelo
2768 1504 2979 1559 quoque
3008 1488 3323 1553 dixerimus.
3363 1491 3472 1547 cla-

1908 1583 2238 1636 mosissimas
2267 1582 2474 1635 scilicet
2499 1598 2561 1636 ac
2591 1582 3003 1636 verbosissimas
3030 1582 3096 1635 de
3124 1581 3244 1636 caeli
3278 1593 3471 1639 natura

1905 1688 1934 1727 a
1978 1675 2157 1726 mundi
2209 1674 2543 1743 sapientibus
2584 1673 2888 1743 propositas
2932 1672 3100 1727 fuisse
3143 1684 3473 1729 commenta-

1907 1767 2101 1822 tiones.
2148 1766 2249 1820 Alii
2298 1766 2515 1834 quidem
2574 1766 2747 1836 ipsum
2793 1779 2856 1818 ex
2907 1775 3141 1835 quatuor
3193 1764 3475 1821 elementis

1906 1855 2193 1911 conﬂatum
2226 1871 2344 1909 esse
2378 1857 2559 1910 dixere
2596 1874 2608 1909 :
2643 1856 2838 1925 quippe
2868 1872 2987 1911 cum
3027 1856 3078 1910 in
3116 1857 3365 1927 tangendi
3409 1872 3473 1911 ac

1907 1949 2160 2003 cernendi
2194 1962 2413 2003 sensum
2448 1947 2626 2011 cadat,
2660 1948 2836 2015 sitque
2866 1958 3022 2000 terra:
3054 1948 3271 2017 quidem
3309 1949 3475 2017 parti-

1906 2055 2030 2109 ceps
2072 2044 2141 2095 ob
2184 2040 2547 2106 soliditatem;
2599 2040 2735 2109 ignis
2786 2054 2933 2102 vero,
2962 2040 3085 2109 quia
3117 2040 3471 2108 conspicitur;

1910 2131 2233 2197 reliquorum
2290 2133 2528 2196 tandem,
2567 2133 2635 2187 ob
2682 2132 2987 2186 misturam.
3026 2132 3127 2185 Alii
3161 2142 3339 2187 autem
3374 2132 3474 2186 bac

1905 2224 2178 2291 opinione,
2229 2236 2485 2293 tanquam
2534 2238 2653 2293 qua:
2696 2224 3001 2278 verisimilis
3040 2239 3146 2277 non
3186 2234 3345 2287 esset,
3391 2239 3476 2279 re—

1901 2315 2064 2385 iecta,
2094 2315 2335 2382 quintam
2364 2315 2653 2386 quamdam
2696 2316 2937 2384 corporis
2970 2324 3217 2368 naturam
3252 2316 3318 2368 ad
3346 2330 3476 2368 con-

1906 2408 2229 2464 stituendum
2272 2408 2466 2464 caelum
2506 2420 2699 2478 su0pte
2742 2408 2976 2478 ingenio,
3002 2417 3056 2461 et
3094 2422 3123 2460 a
3163 2407 3357 2475 seipsis
3396 2417 3474 2462 te-

1908 2515 2053 2555 mere
2101 2509 2260 2569 atque
2304 2501 2603 2554 inconsulte
2658 2502 3095 2552 introduxerunt.
3135 2498 3307 2553 Estel
3334 2499 3473 2569 apud

1908 2590 2052 2657 ipsos
2092 2591 2384 2642 tetltereum
2432 2590 2529 2659 ιι
2582 2590 2850 2658 quoddam
2885 2605 3100 2659 corpus,
3128 2592 3270 2658 quod
3300 2604 3476 2659 neque

1908 2682 2085 2750 ignem
2131 2680 2318 2734 dicunt
2368 2695 2509 2745 esse,
2564 2694 2736 2747 neque.
2785 2694 2986 2743 aerem,
3033 2694 3205 2748 neque
3256 2690 3474 2745 terram,

1908 2787 2006 2828 nec
2037 2787 2254 2842 aquam,
2292 2786 2391 2826 nec
2429 2772 2721 2842 quidquam
2760 2774 2978 2827 omnino
3007 2786 3073 2827 ex
3115 2771 3474 2838 simplicibus,

1908 2875 2189 2937 propterea
2230 2865 2370 2934 quod
2423 2867 2672 2936 proprius
2704 2865 3028 2935 simplicium
3073 2874 3251 2921 motus
3292 2874 3475 2921 rectus

1906 2966 2009 3025 est,
2042 2956 2249 3013 levibus
2272 2956 2489 3023 quidem
2523 2971 2755 3021 sursum,
2786 2956 3042 3023 gravibus
3070 2968 3199 3010 vero
3224 2956 3475 3011 deorsum

1910 3050 2272 3103 tendentibus.
2315 3044 2498 3114 Neque
2531 3061 2657 3100 vero
2689 3061 2903 3100 sursum
2944 3060 3009 3099 ac
3042 3045 3292 3100 deorsum
3324 3043 3474 3113 ferri,

1912 3140 2050 3194 idem
2098 3150 2179 3193 est
2220 3150 2380 3209 atque
2430 3139 2480 3193 in
2527 3139 2713 3193 orbem
2757 3139 2996 3202 versari;
3050 3146 3102 3191 et
3156 3137 3207 3191 in
3244 3152 3476 3199 summa,

231 3228 437 3281 τούτων
462 3226 696 3298 ἀνάγκη,
726 3228 879 3295 φασὶ,
922 3224 1298 3296 παρηλλάχθαι
1342 3223 1437 3278 καὶ
1473 3224 1571 3287 τὰς
1602 3225 1806 3289 οὐσίας.
1839 3234 1879 3293 c

1839 3234 1879 3293 C
1915 3238 2116 3284 rectum
2163 3238 2217 3283 et
2262 3230 2501 3283 orbicum
2545 3238 2747 3282 motum
2788 3227 3076 3298 plurimum
3108 3228 3249 3282 inter
3286 3242 3343 3282 se
3369 3226 3476 3283 dif-

245 3320 407 3372 Ἀλλὰ
438 3321 542 3390 μὴν
580 3320 700 3373 οὐδὲ
726 3322 789 3372 ἐκ
813 3318 922 3371 τῶν
950 3318 1176 3391 πρώτων
1209 3319 1495 3388 σωμάτων,
1521 3317 1556 3372 ἃ
1576 3317 1639 3389 δὴ
1672 3334 1811 3372 στοι-

231 3400 356 3480 χεῖα
392 3410 682 3481 καλοῦμεν,
729 3409 979 3463 σύνθετον
1024 3405 1160 3461 εἶναι
1191 3410 1412 3463 δυνατὸν
1455 3411 1585 3481 ἡμῖν
1620 3408 1811 3461 ὑποθέ-

233 3502 357 3555 σθαι
384 3502 473 3555 τὸν
498 3502 746 3571 οὐρανὸν,
776 3500 852 3571 τῷ
887 3501 954 3553 τά
984 3503 1048 3554 ἐκ
1070 3501 1341 3573 διαφόρων
1376 3502 1708 3573 συγκείμενα
1736 3500 1810 3574 μὴ

231 3594 492 3649 δύνασθαι
537 3596 749 3667 ὁμαλὴν
808 3595 899 3647 καὶ
953 3594 1207 3651 ἀϐίαστον
1247 3598 1388 3667 ἔχειν
1429 3597 1526 3669 τὴν
1573 3598 1808 3669 κίνησιν,

230 3689 463 3743 ἑκάστου
485 3688 593 3741 τῶν
616 3688 1026 3760 ἐνυπαρχόντων
1052 3688 1237 3741 ἁπλῶν
1278 3693 1389 3753 τοῖς
1412 3690 1685 3754 συνθέτοις
1713 3691 1809 3745 άλ-

232 3780 332 3852 λην
371 3782 465 3834 καὶ
492 3780 656 3851 ἄλλην
694 3780 867 3852 όρμὴν
903 3780 1049 3851 παρὰ
1080 3781 1177 3848 τῆς
1209 3780 1421 3848 φύσεως
1446 3780 1675 3849 ἔχοντος.
1721 3782 1810 3835 Διὸ

233 3871 451 3942 πρῶτον
481 3874 575 3942 μὲν
606 3874 834 3943 καμάτῳ
876 3873 1155 3942 συνέχεται
1184 3873 1241 3923 ὲν
1264 3876 1329 3943 τῇ
1362 3874 1574 3941 συνεχεῖ
1600 3875 1810 3945 κινήσει

231 3964 302 4020 τὰ
329 3964 577 4027 σύνθετα,
620 3965 707 4018 διὰ
746 3966 806 4019 τὸ
842 3966 968 4037 μίαν
997 3965 1210 4035 κίνησιν
1247 3966 1319 4035 μὴ
1346 3963 1605 4017 δύνασθαι
1648 3969 1810 4019 πᾶσιν

232 4057 573 4128 εὐάρμοστον
606 4052 745 4111 εἶναι
781 4060 874 4113 καὶ
900 4059 1059 4130 φίλην
1082 4061 1194 4122 τοῖς
1218 4056 1481 4119 ἐναντίοις
1500 4072 1514 4086 ·
1552 4055 1687 4110 ἀλλὰ
1714 4058 1813 4129 τὴν

229 4147 311 4219 τῷ
366 4148 553 4218 κούφῳ
600 4149 802 4203 οίκείαν
856 4149 1119 4220 πολεμίαν
1172 4146 1313 4204 εἶναι
1362 4148 1440 4219 τῷ
1501 4148 1806 4219 βαρυτάτῳ.

234 4239 405 4292 Ὅταν
441 4240 539 4308 μὲν
572 4238 678 4310 γάρ
720 4238 855 4310 πρὸς
887 4238 957 4291 τὰ
989 4240 1100 4293 ἄνω
1130 4238 1426 4310 κινώμεθα,
1472 4236 1814 4308 βαρυνόμεθα

224 4329 312 4400 τῷ
353 4329 582 4399 γεώδει·
613 4331 741 4384 ὅταν
788 4330 845 4385 δὲ
877 4330 1011 4402 πρὸς
1054 4331 1124 4385 τὰ
1166 4332 1316 4385 κάτω
1350 4330 1461 4399 (77)
1496 4328 1810 4400 φερώμεθα,

232 4422 533 4496 βιαζόμεθα
561 4424 621 4477 τὸ
644 4424 907 4496 πυρῶδες,
944 4424 1093 4495 παρά
1118 4424 1279 4493 φύσιν
1311 4422 1440 4476 αὐτὸ
1469 4422 1605 4493 πρὸς
1632 4420 1694 4475 τὸ
1716 4420 1815 4474 κά-

232 4519 321 4570 τω’
361 4514 739 4579 καθέλκοντες.
789 4516 852 4569 Ἡ
887 4516 944 4569 δέ
984 4514 1120 4586 πρὸς
1151 4514 1217 4568 τὰ
1244 4514 1457 4568 ἐναντία
1484 4513 1667 4583 διολκὴ
1706 4512 1813 4566 τῶν

1908 3321 2050 3376 ferro
2094 3331 2333 3374 censent.
2374 3320 2613 3384 Quorum
2660 3331 2838 3374 autem
2891 3320 3155 3374 motiones
3184 3319 3474 3373 secundum

1910 3425 2155 3467 naturam
2196 3413 2425 3467 diversa:
2472 3422 2618 3476 sunt,
2662 3413 2855 3465 horum
2901 3411 3061 3464 etiam
3112 3424 3334 3465 necesse
3369 3420 3478 3475 est,

1910 3506 2177 3577 inquiunt,
2212 3507 2500 3563 essentiam
2528 3519 2648 3560 esse
2688 3504 2980 3559 diversam.
3014 3500 3121 3558 Sed
3163 3517 3229 3557 ne
3264 3517 3328 3557 ex
3368 3502 3479 3572 pri-

1910 3602 2013 3653 mis
2034 3600 2249 3669 quidem
2280 3598 2595 3668 corporibus
2622 3612 2741 3666 qua:
2768 3596 3033 3651 elementa
3065 3610 3337 3659 vocamus,
3364 3609 3475 3668 cui-

1910 3689 2019 3745 lum
2057 3692 2323 3759 componi,
2352 3698 2590 3743 statuere
2630 3702 2949 3755 possumus;
2991 3701 3056 3741 eo
3088 3687 3229 3754 quod
3264 3700 3327 3740 ea
3358 3700 3479 3755 qua

1909 3796 1972 3838 es
2025 3782 2254 3837 diversis
2296 3788 2566 3843 constant,
2619 3788 2825 3833 motum
2875 3777 2967 3847 qui
3023 3777 3358 3847 aequabiliter
3411 3792 3476 3832 ac

1909 3872 2026 3927 sine
2071 3872 2119 3925 vi
2160 3873 2373 3935 edatur,
2408 3870 2608 3924 habere
2647 3883 2752 3923 non
2800 3878 3057 3935 possunt;
3101 3882 3223 3921 cum
3270 3865 3477 3932 singula

1910 3980 2027 4035 quae
2073 3966 2123 4020 in
2170 3963 2487 4031 compositis
2535 3962 2716 4014 insunt
2761 3960 3062 4024 simplicia,
3106 3959 3268 4012 alium
3317 3968 3479 4027 atque

1911 4056 2072 4109 alium
2112 4070 2142 4107 a
2190 4066 2381 4106 natura
2426 4051 2729 4105 sortiantur
2767 4048 3044 4117 impetum.
3085 4045 3347 4113 Quocirca
3391 4061 3481 4102 res

1911 4146 2222 4215 composita:
2261 4144 2489 4213 primum
2526 4141 2741 4211 quidem
2778 4140 2829 4194 in
2860 4140 3118 4193 continuo
3154 4150 3300 4194 motu
3336 4153 3480 4209 aegro

1913 4234 2277 4297 continentur,
2318 4231 2460 4300 quod
2504 4247 2641 4286 unus
2688 4238 2865 4286 motus
2902 4229 3152 4283 omnibus
3193 4229 3479 4284 contrariis

1914 4338 2019 4378 non
2055 4332 2230 4393 potest
2263 4338 2532 4393 congruus
2567 4337 2685 4376 esse
2714 4331 2767 4374 et
2792 4321 2998 4375 amicus
3032 4338 3046 4374 :
3080 4320 3174 4375 sed
3205 4321 3248 4375 is
3272 4321 3361 4391 qui
3402 4320 3478 4376 rei

1914 4414 2047 4470 levis
2103 4418 2350 4485 proprius
2398 4424 2501 4480 est,
2565 4413 2899 4485 gravissima:
2954 4413 3293 4469 adversatur.
3342 4412 3478 4467 Cum

1913 4508 2055 4561 enim
2074 4524 2283 4561 sursum
2306 4522 2490 4561 versus
2527 4520 2820 4571 movemur,
2869 4520 2962 4575 per
2993 4504 3045 4559 id
3072 4504 3211 4573 quod
3245 4516 3479 4559 terreum

234 4608 515 4680 στοιχείων
542 4606 888 4671 ὃιαπτώσεώς
913 4610 1059 4660 ἐστιν
1084 4608 1324 4678 ἀφορμή.
1344 4607 1415 4658 Τὸ
1436 4604 1544 4675 γὰρ
1571 4606 1812 4673 ἠναγκα-
1842 4597 1885 4651 ῐ)

1808 4597 1885 4651 .ῐ)
1914 4608 2014 4663 est,
2060 4613 2379 4667 gravatnur;
2430 4612 2549 4649 cum
2594 4611 2719 4650 vero
2760 4598 3010 4648 deorsum
3044 4593 3327 4660 volvimur,
3372 4594 3478 4648 vim

232 4702 429 4772 σμένον
453 4702 546 4754 καί
570 4702 720 4769 παρὰ
755 4700 935 4768 φύσιν,
973 4702 1058 4752 ἐπ’
1081 4699 1256 4767 ὀλίγον
1279 4695 1547 4765 ἁντισχδν,
1573 4698 1666 4748 καὶ
1690 4694 1809 4748 τοῦ·

230 4808 292 4844 το
322 4790 513 4861 βιαίως
543 4790 638 4843 καὶ
672 4790 843 4860 μόλις,
878 4791 1011 4860 ταχυ
1045 4788 1260 4858 διελύθη
1293 4806 1371 4851 εις
1391 4788 1457 4839 τὰ
1500 4785 1559 4851 ἐξ
1587 4780 1660 4841 ὧν
1690 4803 1812 4838 συν-

230 4877 389 4950 ετέθη
435 4879 567 4949 (78).
605 4879 834 4933 ἑκάστου
870 4878 976 4931 τῶν
1018 4876 1376 4930 συνελθόντων
1421 4875 1557 4946 πρὸς
1604 4872 1701 4945 τὴν
1729 4876 1809 4927 οἰ-

232 4970 387 5023 κείαν
416 4969 596 5040 χώραν
624 4970 954 5032 ἐπανιόντος.
986 4966 1082 5020 Διὰ
1112 4968 1208 5037 μὲν
1229 4967 1292 5039 δὴ
1316 4964 1538 5028 ταύτας,
1563 4963 1637 5026 ὥς
1655 4981 1807 5031 φασι,

230 5062 339 5117 τῶν
368 5061 644 5133 λογισμῶν
688 5062 786 5126 τὰς
830 5060 1094 5130 ἀνάγκας,
1136 5060 1261 5123 τοὺς
1312 5058 1419 5112 τῶν
1459 5056 1809 5129 προαγόντων

313 5262 425 5335 (71)
470 5260 721 5335 Voculam
784 5258 842 5335 δέ
910 5272 977 5311 ex
1039 5255 1247 5335 duobus
1299 5269 1430 5335 mss.
1475 5256 1797 5311 addidimus.

234 5325 349 5388 Hui:
381 5325 495 5395 ipso
526 5336 578 5386 itt
612 5332 726 5385 loco
766 5331 871 5383 duo
900 5343 1029 5381 mss.
1068 5344 1147 5379 σοι
1176 5325 1379 5395 δοκοίη.

304 5351 349 5388 N:
381 5350 391 5385 Ι
435 5350 495 5387 80
526 5350 578 5386 III
612 5350 726 5385 IOCO
766 5350 871 5383 uuo
900 5350 1029 5381 mss.
1068 5350 1147 5379 σοι
1176 5350 1379 5395 οοκοιη.

304 5350 943 5474 (τὶῗληιὶᾳιιίμιιισ111)τὶ
969 5395 1130 5474 ὀὓτω
1157 5396 1233 5474 τά
1271 5396 1446 5449 πάντα
1479 5395 1620 5448 διατ.
1682 5396 1798 5451 Mox

235 5466 339 5531 duo
377 5466 505 5544 mss.
536 5466 752 5544 εὑρεθῇ.
784 5468 933 5544 Alius
966 5466 1293 5544 ἐξευρεθείιη.

302 5544 415 5607 1731
450 5536 676 5598 Codices
700 5536 804 5595 duo
829 5538 899 5591 τὰ
922 5537 1061 5591 αὐτὰ
1078 5536 1141 5607 δέ
1174 5536 1368 5590 πάντα.

303 5604 416 5682 (74)
442 5614 621 5668 Codex
646 5612 886 5667 Contbel.
904 5607 1105 5682 λοιπῶν
1130 5606 1216 5660 διὰ
1235 5607 1330 5679 τὴν
1367 5604 1797 5682 μέθνεξινηϐοιιι-

232 5676 456 5741 helisius
490 5693 640 5737 nutat
705 5684 843 5735 lianc
890 5681 1194 5748 Opinionem
1253 5676 1378 5732 esse
1417 5678 1697 5741 Platonis,
1743 5676 1795 5730 in
1899 5676 2073 5748 alte_r_n
2102 5688 2201 5748 ms.

235 5754 432 5812 Timeo
457 5767 475 5805 :
504 5762 840 5819 sequentem,
871 5749 1193 5803 Aristotelis.

302 5824 415 5889 (75)
455 5814 608 5878 Colb'.
646 5824 849 5890 primus
875 5820 1285 5893 παρ’ῌέαυτοῖςη
1315 5815 1645 5893 Μοιηοόίίῑρ
1689 5814 1793 5893 Ba-

233 5885 319 5954 sii.
385 5885 435 5953 ὼ
480 5885 717 5966 quintius:
772 5906 880 5945 mss
956 5885 1105 5961 πῦρ.
1154 5888 1306 5963 φησί.
1377 5887 1551 5944 hditio
1608 5885 1784 5942 Paris.

1917 4689 2142 4744 facinms
2171 4692 2348 4758 igneo,
2378 4690 2572 4758 quippe
2602 4689 2691 4757 qui
2728 4689 2903 4756 ipsum
2928 4686 3179 4740 deorsum
3207 4686 3480 4740 traltamus

1920 4793 2114 4851 praeter
2152 4790 2417 4835 naturam.
2457 4780 2581 4834 llaec
2616 4789 2795 4832 autem
2840 4776 3223 4831 elementorum
3270 4777 3320 4831 in
3350 4790 3483 4831 con-

1920 4874 2084 4927 traria
2116 4873 2415 4935 distractio,
2449 4873 2618 4926 ruina:
2648 4880 2704 4925 et
2736 4870 3103 4925 dissolutionis
3141 4884 3301 4924 causa
3340 4868 3483 4922 exsi-

1917 4966 2029 5018 stit.
2069 4963 2216 5029 Quod
2260 4963 2403 5017 enim
2448 4971 2697 5015 coactum
2744 4969 2845 5023 est,
2888 4971 2941 5013 et
2982 4966 3174 5028 praeter
3214 4966 3479 5019 naturam,

1917 5070 2035 5109 cum
2066 5070 2249 5124 paruut
2294 5054 2529 5115 resistat,
2562 5052 2720 5120 idque
2758 5051 3018 5105 violenter
3044 5058 3099 5104 et
3132 5062 3294 5119 aegre,
3330 5047 3480 5103 brevi

1906 5270 2091 5392 “(37in
2124 5321 2302 5375 Codex
2360 5322 2564 5443 unus?l
2600 5318 2875 5373 meum...
2932 5316 3069 5387 ἔχει.
3116 5314 3229 5369 Hoc
3267 5314 3386 5385 ipso
3420 5314 3476 5369 in

1908 5392 2027 5443 locu
2049 5393 2199 5443 Culb.
2237 5392 2502 5443 secundus
2569 5390 2867 5443 ποστασίαν
2898 5387 3065 5443 ἐγειν.
3100 5384 3118 5443 Ῐ
3138 5386 3274 5442 Cod.
3315 5383 3422 5440 476
3452 5399 3476 5439 ι

1908 5383 2027 5447 locu
2049 5393 2199 5447 Culb.
2237 5392 2502 5444 secundus
2530 5383 2867 5443 ἀποστασίαν
2898 5383 3065 5458 ἔχειν.
3100 5383 3422 5458 [(ὲοιίζΠϐ
3452 5399 3483 5440 ι

1910 5464 2197 5533 recentiori
2221 5476 2391 5533 manu
2414 5460 2572 5533 Exst.}

1977 5532 2089 5601 (77)
2127 5532 2179 5585 lu
2233 5524 2502 5598 aliquibus
2554 5524 2684 5584 inss.
2743 5530 2947 5601 legitur
2979 5527 3114 5598 πρὸς
3168 5524 3230 5601 τὸ
3273 5525 3385 5580 ἂνω

1904 5604 2039 5675 πρὸς
2072 5597 2144 5655 ’τὸ
2194 5597 2862 5675 xizmiAliquantuittl‘ra
2918 5597 3049 5668 Reg.
3101 5597 3309 5665 primo:
3358 5611 3484 5653 cum

2241 5670 2617 5743 μεθέλκοντες.

1970 5744 2082 5812 (78)
2130 5736 2354 5799 Codices
2414 5745 2521 5798 duo
2578 5742 2637 5807 ἐξ
2709 5736 2784 5797 ὧν
2846 5738 3131 5807 σύγκειται
3189 5736 3285 5790 καὶ
3358 5750 3485 5793 συν-

1899 5813 2081 5892 ετέθη.
