4230 6488
809 414 879 466 27
2098 413 2154 464 S.
2198 412 2437 464 BASlLll
2471 409 2680 464 MAGNI
3949 411 4019 462 28

809 526 861 579 in
897 541 958 578 ea
996 527 1187 591 quibus
1223 535 1431 578 constat
1467 524 1795 584 dissolvitur,
1830 527 1954 577 dum
1990 525 2195 592 singula
2235 541 2351 594 qur
2379 532 2423 586 Α
2453 527 2479 574 ἀ

2348 546 2351 558 ι
2379 532 2423 586 Α
2453 524 2806 592 ἀθετήσαντες
2837 522 3042 587 λόγους,
3069 521 3271 581 οἰκείας
3304 520 3607 581 ὑποθέσεως
3638 521 3938 590 ἐδεήθησαν
3971 521 4018 572 οι

803 616 856 668 in
883 630 1042 666 unum
1076 623 1455 674 convenerant,
1487 614 1550 666 ad
1590 615 1859 680 proprium
1892 617 2113 668 redeunt
2158 615 2348 669 locum.

799 701 944 756 Sane
968 704 1034 756 ob
1067 705 1182 765 has,
1211 712 1268 754 ut
1298 703 1468 763 aitmt,
1496 703 1964 757 ratiocinatiouum
1994 707 2287 771 angustias,
2318 705 2348 758 ii

798 797 890 865 qui
921 794 1156 863 quintam
1184 796 1426 863 corporis
1451 803 1693 848 naturam
1722 795 1786 848 ad
1814 797 1932 850 coali
1970 796 2352 866 stellarumque

799 885 968 954 ipsius
1003 886 1424 939 constituendam
1459 888 1853 953 generationem
1889 889 2173 942 commenti
2209 897 2351 953 sunt,

799 976 1015 1045 rejectis
1059 979 1292 1039 priorum
1339 976 1700 1046 opinionibus,
1750 979 2078 1046 argumentis
2127 980 2354 1050 propriis

799 1077 934 1130 opus
981 1062 1232 1116 habuere.
1281 1064 1346 1116 At
1387 1065 1560 1131 quivis
1589 1066 1722 1119 alius
1763 1078 1878 1120 arte
1912 1067 2170 1121 suadendi
2217 1083 2352 1138 prte-

799 1154 1024 1224 pollens,
1075 1171 1259 1209 rursus
1308 1155 1404 1208 hos
1456 1157 1696 1222 adortus,
1744 1158 1856 1212 haec
1886 1156 2208 1222 confutavit,
2249 1161 2355 1214 dis-

801 1247 1082 1316 solvitque,
1107 1257 1158 1300 et
1184 1247 1248 1300 de
1278 1263 1374 1301 suo
1402 1248 1702 1315 opinionem
1736 1251 2006 1317 propriam
2039 1252 2255 1305 invexit.
2284 1251 2356 1304 De

800 1339 996 1407 quibus
1023 1339 1065 1392 si
1092 1354 1231 1391 nunc
1253 1339 1431 1392 dicere
1457 1343 1846 1408 aggrediemur.
1872 1341 1922 1395 in
1949 1346 2159 1398 easdem
2192 1358 2355 1410 nugas

802 1440 964 1500 atque
1012 1429 1080 1482 illi
1128 1429 1439 1484 incidemus.
1479 1431 1672 1484 Verum
1715 1430 1950 1486 sinentes
1991 1449 2106 1493 nos,
2147 1443 2202 1485 ut
2240 1449 2356 1487 sese

804 1523 1027 1576 invicem
1059 1531 1300 1574 evertant
1328 1521 1696 1589 refcllantque,
1718 1522 1827 1590 jam
1861 1527 2058 1578 omisso
2083 1524 2148 1576 de
2173 1540 2346 1578 essen-

804 1614 873 1666 tia
919 1627 1184 1677 sermone,
1226 1612 1380 1666 ﬁdem
1426 1611 1588 1680 Moysi
1645 1615 1983 1678 adhibentes,
2027 1616 2166 1682 quod
2211 1614 2354 1668 Fecit

799 1703 938 1757 Deus
974 1701 1154 1755 caelum
1201 1712 1247 1755 et
1288 1712 1500 1765 terram,
1538 1701 1727 1756 artiﬁci
1760 1703 1959 1769 optimo
1993 1717 2088 1768 pro
2121 1703 2202 1756 his
2239 1718 2356 1771 quae

801 1795 1071 1863 sapienter
1096 1809 1158 1846 ac
1186 1793 1450 1848 industrie
1479 1802 1688 1861 peracta
1720 1799 1865 1853 sunt,
1893 1791 2116 1859 gloriam
2145 1792 2352 1853 demus,

2453 613 2704 682 πέμπτην
2751 611 2995 680 σώματος
3039 611 3199 677 φύσιν
3246 612 3325 673 είς
3371 611 3467 680 τὴν
3504 611 3731 682 οὐρανοῦ
3773 613 3868 664 καὶ
3912 610 4019 664 τῶν

2453 706 2570 757 κατ’
2597 702 2754 755 αὐτὸν
2794 703 3034 771 ἀστέρων
3059 701 3271 770 γένεσιν
3312 701 3709 773 ὑποτιθέμενοι.
3746 703 3938 765 Ἀλλος
3963 701 4018 755 δέ

2451 812 2534 857 τις
2570 795 2676 848 τῶν
2716 794 3066 865 σφριγώντων
3113 794 3250 847 κατὰ
3291 792 3666 860 πιθανολογίαν
3711 795 4018 858 ἐπαναστὰς

2453 887 2611 942 πάλιν
2643 886 2866 949 τούτοις,
2902 886 3068 939 ταῦτα
3102 884 3197 954 μὲν
3222 884 3390 954 διέχεε
3417 885 3508 937 καὶ
3532 885 3790 950 διέλυσεν,
3817 887 4020 938 οἰκείαν

2452 979 2508 1032 δὲ
2539 982 2666 1050 παρ’
2705 977 2894 1031 ἐαυτοῦ
2936 977 3292 1046 ἀντεισήγαγε
3328 978 3499 1040 δόξαν.
3535 977 3666 1048 Περὶ
3697 971 3770 1031 ὧν
3816 975 3910 1027 νῦν
3937 976 4020 1030 te.

2454 1088 2568 1139 γειν
2596 1071 3012 1142 ἐπιχειροῦντες,
3049 1074 3126 1133 είς
3151 1069 3246 1139 τὴν
3275 1071 3464 1137 ὁμοίαν
3503 1069 3683 1134 αὐτοῖς
3707 1068 4018 1136 ἀδολεσχίαν

2455 1162 2855 1233 ὲμπεσούμεθα.
2900 1160 3035 1214 Ἀλλ’
3068 1164 3227 1231 ἡμεῖς
3257 1161 3496 1222 ἐκείνους
3529 1160 3618 1214 ὑπ’
3649 1163 3892 1232 ἀλλήλων
3928 1161 4021 1212 ἐά-

2457 1270 2644 1316 σαντες
2680 1251 3126 1313 καταϐάλλεσθαι,
3186 1252 3337 1305 αὐτοὶ
3378 1249 3471 1302 τοῦ
3528 1250 3653 1320 περὶ
3699 1254 3794 1322 τῆς
3836 1250 4021 1310 οὐσίας

2454 1344 2715 1414 ἀφέμενοι
2740 1344 2916 1412 λόγου,
2940 1341 3247 1406 πεισθέντες
3277 1343 3498 1396 Μωῦσεῖ
3523 1341 3655 1409 (79),
3683 1343 3764 1395 ὅτι
3794 1343 4024 1408 Ἐποίηο

2454 1451 2564 1488 σεν
2594 1438 2625 1487 ό
2666 1437 2806 1501 Θεὸς
2839 1435 2943 1489 τὸν
2971 1432 3229 1500 οὐρανὸν
3265 1435 3358 1487 καὶ
3389 1431 3501 1500 τὴν
3533 1431 3664 1501 γῆν,
3687 1433 3779 1485 τὸν
3807 1437 4025 1505 ἀριστοι

2453 1529 2645 1598 τέχνην
2689 1528 2794 1580 τῶν
2833 1526 3007 1596 σοφῶς
3045 1527 3138 1578 καὶ
3166 1527 3425 1597 ἐντέχνως
3455 1524 3757 1594 γενομένων
3789 1526 4023 1590 δοξάσωά

2458 1638 2577 1689 μεν,
2610 1621 2700 1673 καὶ
2735 1623 2796 1673 ὲκ
2823 1619 2913 1671 τοῦ
2949 1617 3171 1680 κάλλους
3205 1619 3310 1672 τῶν
3341 1617 3630 1689 ὁρωμένων
3662 1617 3752 1668 τὸν
3786 1617 4026 1688 ὑπέρκα-

2454 1712 2542 1765 λον
2587 1712 2909 1782 ἐννοῶμεθα,
2953 1712 3053 1764 καὶ
3079 1714 3140 1764 ἐκ
3173 1712 3267 1765 τοῦ
3305 1711 3562 1783 μεγέθους
3606 1708 3713 1761 τῶν
3752 1709 4025 1777 αἰσθητῶν

2456 1807 2656 1861 τούτων
2709 1808 2802 1860 καὶ
2852 1808 3235 1878 περιγραπτῶν
3277 1808 3539 1878 σωμάτων
3577 1805 4025 1876 ἀναλογιζώμεθα

801 1899 855 1943 et
900 1903 965 1942 ex
1009 1887 1404 1956 pulchritudine
1443 1900 1625 1939 eorum
1651 1901 1770 1953 quae
1803 1885 2074 1950 videntur,
2105 1900 2228 1939 eum
2262 1886 2350 1954 qui
2387 1869 2427 1926 Β
2455 1918 2471 1951 σι

2387 1869 2427 1926 Β
2455 1900 2545 1952 τὸν
2581 1901 2802 1969 ἄπειρον
2835 1869 2936 1951 xui:
2956 1869 3303 1972 ὑπερμεγέθη
3348 1869 3441 1954 καὶ
3479 1899 3655 1953 πᾶσαν
3692 1869 3934 1952 διάνοιαν
3966 1900 4024 1950 ἐν

801 1995 1014 2034 omnem
1065 1979 1513 2049 pulchritudinem
1563 1986 1802 2044 superat,
1856 1987 2034 2032 mente
2083 1977 2352 2044 concipia-

801 2088 954 2136 mus;
996 2081 1046 2123 et
1073 2086 1134 2122 ex
1166 2069 1529 2138 magnitudine
1568 2069 1896 2122 sensibilium
1934 2071 2122 2123 horum
2158 2078 2210 2123 et
2250 2069 2356 2123 cir-

801 2163 1245 2231 cumscriptornm
1278 2177 1582 2230 corporum,
1613 2161 1757 2215 illum
1784 2163 1874 2232 qui
1915 2162 2151 2216 intinitns
2186 2172 2269 2216 est
2307 2172 2362 2216 et

802 2256 1116 2317 immensus,
1149 2254 1343 2322 quique
1383 2270 1592 2307 omnem
1626 2271 1733 2322 pra:
1763 2255 2009 2323 potentia:
2042 2270 2149 2308 sua:
2179 2255 2357 2308 multi-

804 2347 988 2400 tudine
1032 2346 1409 2413 cogitationem
1455 2355 1763 2415 exsuperat,
1813 2346 2191 2414 intelligamus.
2243 2346 2354 2400 Etsi

800 2438 942 2493 enim
984 2453 1167 2492 eorum
1202 2454 1319 2507 qua:
1352 2438 1491 2493 facta
1534 2449 1656 2493 sunt
1705 2448 1951 2496 naturam
1991 2439 2300 2508 ignoramus
2339 2458 2351 2492 :

800 2539 856 2581 at
877 2538 1024 2582 certe
1049 2529 1304 2597 quidquid
1338 2531 1480 2584 omni
1513 2545 1574 2582 ex
1614 2538 1762 2598 parte
1798 2529 1898 2583 sub
1927 2539 2137 2583 nostros
2169 2544 2356 2584 sensus

799 2620 964 2685 cadit,
1000 2630 1205 2674 tantum
1236 2636 1343 2689 pra:
1371 2636 1427 2675 se
1468 2621 1570 2674 fert
1603 2620 1995 2686 admirationis,
2026 2633 2083 2675 ut
2118 2622 2198 2676 vel
2232 2638 2358 2675 acu-

801 2713 1005 2766 tissima
1037 2727 1186 2766 mens
1218 2713 1390 2781 impar
1423 2729 1540 2768 esse
1567 2714 1947 2782 comperiatnr,
1972 2729 2091 2784 quae
2119 2723 2211 2767 aut
2258 2715 2357 2766 tui-

2459 1993 2536 2063 τῷ
2567 1993 2755 2064 πλήθει
2793 1993 2889 2062 τῆς
2919 1994 3110 2046 ἑαυτοῦ
3144 1993 3424 2063 δυνάμεως
3461 1994 3879 2066 ὑπερϐαίνοντα.
3915 1993 4025 2047 Καὶ

2460 2085 2569 2154 γὰρ
2595 2087 2643 2137 εί
2676 2082 2767 2137 καὶ
2793 2082 2888 2152 τὴν
2920 2084 3077 2152 φύσιν
3102 2084 3400 2152 ἀγνοοῦμεν
3429 2085 3533 2136 τῶν
3571 2086 3898 2154 γενομένων,
3935 2085 4029 2137 ἀλ-

2469 2173 2535 2226 λά
2585 2175 2646 2227 τό
2697 2190 2758 2241 γε
2796 2172 3096 2242 ὁλοσχερῶς
3140 2175 3440 2225 ὑποπῖπτον
3485 2174 3639 2243 ἡμῶν
3673 2177 3738 2244 τῇ
3776 2174 4026 2241 αἰσθήσει

2457 2265 2705 2317 τοσοῦτον
2742 2264 2851 2333 ἔχει
2889 2264 2948 2316 τὸ
2978 2263 3179 2334 θαῦμα,
3210 2264 3347 2318 ὥστε
3374 2264 3580 2316 καὶτὸν
3608 2261 4026 2334 ἐντρεχέστατον

2459 2357 2580 2410 νοῦν
2623 2358 2875 2410 ἐλάττονα
2911 2358 3248 2428 ἀναφανῆναι
3293 2357 3402 2426 (80)
3453 2356 3546 2411 τοῦ
3592 2357 3875 2428 ἐλαχίστου
3918 2355 4027 2408 τῶν

2459 2447 2516 2498 ἐν
2552 2445 2628 2515 τῷ
2660 2447 2869 2518 κόσμῳ,
2893 2449 3026 2519 πρὸς
3069 2448 3130 2500 τὸ
3173 2449 3205 2518 ἢ
3245 2448 3534 2520 δυνηθῆναι
3563 2447 3694 2501 αὐτὸ
3722 2449 3843 2500 κατ’
3872 2445 4026 2508 ἀξίαν

2460 2538 2783 2604 ἐπεξελθεῖν,
2820 2540 2851 2610 ἢ
2885 2540 2974 2592 τὸν
3001 2539 3344 2608 ὀφειλόμενον
3379 2539 3596 2592 ἔπαινον
3629 2535 4026 2604 ἀποπληρῶσαι

2459 2628 2536 2698 τῷ
2564 2628 2834 2681 κτίσαντι·
2869 2622 2912 2694 ᾦ
2939 2629 3086 2680 πᾶσα
3111 2627 3256 2690 δόξα,
3285 2629 3417 2696 τιμὴ
3450 2625 3556 2694 (81)
3583 2625 3676 2677 καὶ
3705 2624 3926 2694 κράτος,
3947 2622 4026 2684 είς

2459 2719 2582 2779 τοὺς
2603 2716 2800 2779 αἰῶνας
2826 2717 2932 2768 τῶν
2957 2715 3186 2768 αἰώνων.
3229 2717 3281 2768 Ἀ
3293 2718 3422 2787 μήν.

799 2803 1001 2857 nimum
1043 2805 1167 2873 quid
1213 2820 1397 2860 eorum
1437 2823 1556 2876 quae
1596 2809 1648 2861 in
1705 2809 1903 2861 mundo
1983 2819 2124 2870 sunt,
2168 2822 2264 2876 pro
2311 2809 2384 2860 rei
2427 2810 2685 2878 dignitate
2764 2812 3028 2880 explicet,
3084 2819 3176 2866 aut
3229 2811 3464 2865 debitam
3508 2809 3719 2864 laudem
3767 2807 4026 2877 rependat

799 2894 1060 2959 Creatori,
1094 2897 1179 2950 cui
1221 2898 1396 2952 omnis
1442 2898 1633 2968 gloria,
1663 2899 1834 2953 honor
1869 2908 1922 2953 et
1968 2899 2274 2967 imperium,
2305 2901 2356 2954 in
2396 2903 2591 2955 saecula
2626 2903 2962 2956 smcnlorum.
2997 2903 3188 2957 Amen.

1388 3131 1666 3187 HOMILIA
1709 3133 1771 3187 ll.

869 3244 946 3299 De
978 3262 1034 3300 eo
1067 3245 1202 3315 quod
1239 3245 1513 3300 invisibilis
1542 3254 1652 3298 erat
1687 3254 1822 3298 terra
1859 3256 1906 3299 et
1940 3247 2197 3316 indigesta
2221 3248 2283 3301 ¹⁸.

872 3377 974 3446 12
1014 3378 1066 3432 1.
1106 3377 1259 3433 Mane
1295 3378 1346 3432 in
1385 3379 1568 3447 paucis
1595 3377 1921 3446 explicandis
1953 3379 2132 3434 verbis
2169 3380 2357 3434 immo-

798 3470 924 3532 rati.
973 3481 1174 3524 tantam
1229 3474 1506 3526 sententia:
1555 3472 1974 3541 profunditatem
2025 3473 2353 3527 reconditam

798 3561 1117 3627 invenimus,
1150 3574 1207 3616 ut
1237 3567 1302 3617 de
1337 3565 1401 3617 iis
1428 3579 1545 3631 qua:
1574 3575 1890 3632 sequuntur,
1924 3566 2143 3618 omnino
2177 3565 2358 3633 despe-

799 3667 996 3706 remus.
1034 3654 1164 3706 Nam
1202 3655 1244 3708 si
1276 3665 1584 3707 sanctorum
1623 3657 1756 3708 atria
1796 3657 1921 3708 talia
1957 3666 2102 3718 sunt.
2135 3664 2188 3710 et
2223 3667 2358 3710 tem-

795 3743 870 3813 pli
895 3744 1155 3800 vestibula
1182 3747 1318 3799 adeo
1351 3746 1653 3798 veneranda
1683 3757 1828 3807 sunt,
1860 3757 2020 3812 atque
2050 3747 2354 3814 magniﬁca,

795 3843 856 3887 ut
913 3836 1319 3902 pulchritudinis
1381 3852 1488 3890 sua:
1550 3839 1856 3904 prtestantia
1915 3837 2098 3891 oculos
2161 3838 2355 3890 mentis

795 3935 993 3980 nostrae
1023 3929 1402 3997 perstringunt,
1435 3928 1612 3997 qualia
1641 3937 1763 3984 sunt
1792 3925 1985 3982 Sancta
2011 3928 2354 3982 sanctorum?

796 4018 983 4086 ecquis
1029 4020 1244 4072 tandem
1295 4022 1652 4088 comperietur
1682 4021 1924 4081 idsi—nens,
1959 4019 2049 4089 qui
2077 4018 2233 4090 adyta
2268 4019 2351 4072 in-

799 4108 947 4177 gredi
1004 4109 1177 4162 ausit?
1233 4118 1325 4163 ant
1367 4112 1488 4178 quis
1539 4120 1928 4180 conspecturus
1982 4119 2067 4164 est
2120 4112 2352 4164 arcana?

798 4198 1074 4266 Siquidem
1119 4199 1200 4251 vel
1230 4215 1414 4254 eorum
1447 4210 1697 4268 aspectus
1726 4211 1808 4255 est
1837 4203 2177 4268 inaccessos;
2208 4211 2260 4255 et
2288 4216 2351 4255 ea

795 4304 915 4358 qua:
947 4303 1123 4344 mente
1143 4302 1399 4360 concepta
1431 4302 1577 4356 sunt,
1601 4307 1743 4361 aegre
1767 4295 1988 4348 omnino
2026 4293 2203 4348 verbis
2232 4308 2352 4360 pos-

798 4390 922 4434 sunt
955 4381 1228 4451 explicari.
1267 4386 1540 4445 Attamen,
1575 4399 1693 4436 cum
1719 4387 1856 4453 apud
1886 4385 2088 4451 justum
2118 4385 2348 4452 judicem

3921 3029 4012 3047 ᾤ

3067 3133 3309 3187 ΟΜῙΛΙΑ
3348 3133 3421 3183 B'.

2562 3228 2697 3296 Περὶ
2737 3225 2862 3290 τοῦ,
2904 3225 3167 3292 Ἀόρατος
3215 3221 3293 3289 ἧν
3348 3225 3380 3288 ἠ
3437 3221 3512 3293 τῆ
3560 3221 3658 3275 καὶ
3705 3221 3924 3274 ἀκατα-

2980 3298 3316 3359 σκεύαστος
3356 3297 3488 3362 (82).

2527 3386 2579 3440 1.
2614 3387 2844 3455 Μικροῖς
2867 3387 3034 3441 ἔωθεν
3069 3384 3181 3454 (85)
3208 3382 3641 3454 ἐνδιατρίψαντες
3675 3382 3902 3453 ῥήμασι,
3930 3397 4021 3433 τοο

2459 3476 2644 3530 σοῦτον
2677 3475 3162 3548 ἀποκεκρυμμένον
3189 3475 3248 3528 τὸ
3275 3474 3435 3544 βάθος
3465 3475 3562 3544 τῆς
3591 3474 3826 3535 διανοίας
3862 3472 4020 3543 εὖροι·

2461 3587 2579 3641 μεν,
2607 3568 2745 3622 ὥστε
2777 3570 2881 3622 τῶν
2908 3567 3102 3639 ἐφεξῆς
3139 3567 3411 3630 παντελῶς
3451 3565 3777 3633 ἀπογνῶναι.
3811 3565 3875 3616 Εἰ
3913 3566 4024 3636 γὰρ

2454 3660 2522 3713 τὰ
2554 3659 2819 3730 προαύλια
2861 3660 2968 3712 τῶν
2998 3659 3168 3726 ἁγίων
3196 3658 3435 3715 τοιαῦτα,
3475 3655 3570 3708 καὶ
3602 3655 3670 3707 τά
3709 3654 4024 3725 προπύλαια

2455 3751 2547 3804 τοῦ
2568 3751 2694 3804 ναοῦ
2717 3751 2859 3803 οὕτω
2887 3766 2944 3802 σε
2953 3749 3058 3819 μνά
3083 3750 3176 3801 καὶ
3215 3749 3489 3818 ὑπέρογκα
3513 3749 3578 3817 τῇ
3605 3746 3712 3817 (84)
3749 3747 4020 3819 ὑπερϐολῇ

2453 3841 2543 3894 τοῦ
2572 3842 2798 3903 κάλλους
2830 3843 2954 3904 τοὺς
2973 3841 3280 3910 ὀφθαλμοὺς
3305 3839 3401 3908 τῆς
3429 3840 3659 3902 διανοίας
3685 3840 3842 3909 ἡμῶν
3869 3857 4021 3909 περιρ

2452 3932 2847 4000 αστρὰπτοντα,
2880 3931 3096 3984 ποταπὰ
3125 3931 3188 3982 τὰ
3220 3931 3386 3996 Ἂγια
3412 3927 3519 3981 τῶν
3557 3929 3759 3997 ἁγίων;
3802 3929 3894 3982 καὶ
3937 3930 4023 3993 τίς

2455 4024 2634 4088 ἱκανὸς
2659 4021 3064 4091 κατατολμῆσαι
3089 4021 3198 4074 τῶν
3227 4020 3466 4082 ἀδύτων;
3501 4020 3532 4089 ἢ
3560 4020 3641 4083 τίς
3664 4019 3923 4088 ἐπόψεται
3949 4022 4020 4074 τὰ

2450 4112 2771 4183 ἀπόρρητας
2817 4093 3127 4183 Ἀπρόσιτος
3178 4111 3274 4181 μὲν
3318 4114 3426 4180 γὰρ
3465 4109 3641 4164 αὐτῶν
3685 4111 3778 4164 καὶ
3817 4113 3850 4180 ἠ
3898 4110 4018 4173 θέα.

2450 4204 2874 4275 δυσερμήνευτος
2905 4204 2961 4256 δὲ
2997 4203 3274 4266 παντελῶς
3299 4203 3408 4256 τῶν
3445 4201 3740 4272 νοηθέντων
3783 4203 3812 4254 ὁ
3840 4202 4014 4270 λόγος.

2453 4297 2599 4367 Πλὴν
2637 4296 2749 4350 ἀλλ’
2783 4296 2967 4368 ἐπειδὴ
2994 4295 3145 4366 παρά
3178 4295 3253 4365 τῷ
3297 4295 3488 4364 δικαίῳ
3525 4297 3706 4364 κριτῇ,
3743 4294 3836 4346 καὶ
3878 4294 4018 4363 ὑπὲρ

2457 4387 2615 4456 μόνου
2650 4386 2742 4440 τοῦ
2768 4386 3086 4457 προελέσθαι
3115 4386 3181 4438 τά
3203 4386 3408 4450 δέοντα,
3437 4385 3535 4437 οὐκ
3557 4383 4017 4452 εὐκαταφρόνητοὶ

797 4473 880 4527 vel
923 4473 993 4528 ob
1029 4474 1078 4529 id
1114 4475 1306 4539 solum,
1336 4475 1475 4544 quod
1515 4475 1634 4543 quis
1665 4474 1894 4529 oﬂicium
1926 4492 2080 4529 suum
2125 4477 2223 4530 sibi
2271 4474 2350 4528 fa-
2381 4476 2467 4530 De

2344 4506 2350 4515 -
2381 4476 2424 4530 D
2453 4480 2588 4530 εἰσιν
2609 4479 2978 4549 ἀφωρισμένοι
3007 4477 3204 4546 μισθοὶ,
3234 4475 3306 4545 μὴ
3330 4475 3720 4543 ἀποκνήσωμεν
3747 4471 3858 4542 (85)
3881 4471 4014 4542 πρὸς

796 4566 1041 4620 ciendum
1085 4569 1440 4639 proposuerit,
1476 4570 1764 4622 constituta
1811 4582 2016 4622 merces
2044 4567 2134 4632 sit,
2177 4581 2346 4636 eaque

797 4673 900 4711 non
936 4663 1356 4727 contemnenda;
1390 4676 1455 4716 ne
1487 4663 1552 4714 ad
1593 4658 2036 4730 perscrutandum
2079 4659 2345 4714 fuerimus

871 4835 915 4868 ⁸⁸
950 4836 1081 4894 Gen.
1117 4853 1155 4901 I,
1181 4837 1239 4894 2.

867 4995 977 5063 (79)
1008 4994 1157 5048 Colh.
1187 4992 1451 5046 secundus
1477 4992 1629 5063 αὐτοὶ
1660 4992 1782 5055 τοὺς
1834 4989 1961 5062 περὶ
2017 4990 2117 5060 τῆς
2160 4986 2344 5053 οὐσίας

792 5061 1054 5135 ἀφέμενοι
1085 5062 1271 5135 λόγους
1321 5061 1712 5135 πιστευθέντες
1737 5061 1975 5135 Μωῦσεῖ.
1999 5063 2146 5113 Alius
2175 5063 2342 5135 codex

795 5132 1004 5203 quoqtte
1034 5133 1292 5204 ἀφέμενοι
1321 5133 1535 5201 λόγους.
1575 5136 1642 5184 At
1677 5133 1838 5186 Coisl.
1900 5134 2103 5201 primus
2156 5132 2341 5201 vulga-

797 5216 903 5258 tam
931 5207 1209 5258 lectionem
1239 5215 1430 5258 tuetur.

863 5272 972 5342 (80)
1001 5273 1136 5325 Etliti
1167 5285 1218 5325 et
1249 5277 1352 5326 duo
1382 5287 1509 5326 mss.
1556 5271 1622 5324 ἂν
1653 5271 1905 5340 φανῆναι.
1947 5271 2017 5325 Αι
2075 5269 2167 5324 alii
2213 5284 2344 5338 qua-

791 5351 914 5398 tuor
946 5360 1075 5395 mss.
1101 5343 1384 5409 coniuncte
1409 5342 1765 5410 ἀναφανῆναι.

865 5413 975 5481 (81)
1009 5401 1235 5484 Codices
1259 5422 1485 5484 quatuor
1510 5401 1654 5477 δόξα,
1683 5413 1832 5484 τιμή.
1859 5411 2024 5466 Coisl.
2057 5411 2264 5480 primus
2300 5401 2344 5477 ᾧ

788 5482 825 5553 ἡ
860 5483 984 5549 δόξα
1003 5483 1100 5554 καὶ
1128 5483 1189 5554 τὸ
1220 5483 1438 5554 κράτος.

861 5554 974 5624 (82)
999 5552 1205 5624 Titulus
1233 5549 1410 5606 nullus
1439 5551 1638 5624 legitur
1664 5565 1836 5618 neque
1876 5550 1928 5603 in
1964 5549 2106 5624 Reg.
2131 5549 2341 5624 quinto,

789 5619 964 5692 netpré
995 5626 1046 5677 in
1073 5623 1222 5676 Coll).
1249 5627 1502 5692 secundo.
1534 5621 1587 5674 In
1612 5623 1816 5692 duobus
1848 5635 1979 5692 mss.
2001 5623 2162 5692 verba
2198 5619 2344 5672 Scri-

829 5688 977 5758 tu'rzn,
1024 5694 1057 5765 ἡ
1127 5692 1183 5765 δὲ
1213 5693 1283 5763 γῆ
1309 5688 1401 5765 *ἦν
1460 5692 1684 5764 ἀόρατος
1717 5689 1811 5742 καὶ
1848 5688 2344 5765 ἀκατασκεύαστος,

809 5778 910 5816 oro
949 5759 1072 5816 sunt
1103 5759 1393 5818 tituliJAhi
1425 5759 1682 5815 tres'tnss.
1705 5775 1825 5813 cum
1858 5762 2015 5814 editis
2053 5762 2182 5823 περὶ
2228 5759 2342 5823 τοῦ,

789 5831 1011 5902 ἀόρατος
1071 5829 1139 5904 ἦν
1191 5835 1222 5904 ἡ
1270 5833 1340 5902 γῆ
1379 5834 1471 5887 καὶ
1520 5829 2012 5895 ἀκατασκεύαστος.
2050 5829 2203 5887 Coll).
2239 5832 2348 5901 pri-

2449 4568 2548 4638 τὴν
2577 4566 2818 4638 ἔρευναν.
2865 4569 2928 4621 El
2964 4567 3073 4637 γὰρ
3116 4566 3207 4618 καὶ
3249 4566 3343 4633 τῆς
3383 4563 3537 4626 ἀξίας
3581 4559 4011 4632 ἀπολειπόμεθα,

2449 4658 2562 4712 ἀλλ’
2589 4657 2682 4710 ἐὰν
2715 4660 2807 4713 τοῦ
2834 4659 3169 4728 βουλήματος
3198 4655 3297 4724 τῆς
3333 4653 3554 4724 Γραφῆς
3591 4654 3665 4724 μὴ
3695 4653 4014 4723 ἐκπέσωμεν

2449 5000 2569 5042 mus
2594 4983 2687 5039 τοῦ
2719 4983 2881 5037 αὑτοῦ
2912 4983 3040 5054 περὶ
3070 4980 3274 5054 ὑδάτων
3302 4982 3396 5054 καὶ
3423 4973 3849 5054 φωῖτδςηὸμιλὶα
3894 4981 4011 5054 δευ-

2444 5057 2598 5138 τέρα.
2632 5056 2796 5138 Coisl.
2829 5050 3032 5138 p‘ritmi's
3185 5055 3241 5104 ὲν
3272 5050 3691 5138 ἀγξοιςπῐξατρῆς
3715 5052 3876 5138 ἡμὲν
3907 5052 4011 5138 [fta-

2448 5120 2644 5179 οιλείου
2697 5127 2776 5182 εἰς
2825 5123 2934 5194 τὴν⁸
2957 5120 3003 5174 α’
3032 5123 3263 5194 κήμέραν
3295 5120 4012 5194 τῆςςΕξαημέρουξΟμιλία

2445 5196 2688 5267 δευτέρα.
2726 5191 3290 5267 Διιει·“(ὶθιει.⁷είς
3313 5191 3504 5267 πρῶτα
3531 5193 3630 5261 τῆς
3657 5191 3940 5267 γενέσεως.

2521 5261 2628 5332 (831
2664 5267 2790 5331 Reg.
2824 5275 3007 5316 scitus
3029 5279 3149 5316 cum
3181 5262 3330 5315 Colb.
3357 5261 3526 5329 primo
3555 5265 3770 5332 μικροῖς
3807 5261 4013 5331 ἐμπροί-

2448 5331 2596 5401 σθεν,
2634 5342 2788 5403 paulo
2824 5344 2962 5386 (mle.
2995 5334 3064 5385 At
3111 5333 3238 5384 editi
3295 5349 3422 5403 cum
3485 5331 3714 5403 utroque
3747 5331 3910 5403 tioisl.
3959 5338 4012 5382 et

2444 5424 2565 5459 cum
2584 5399 2774 5458 multis
2807 5404 2927 5455 aliis
2983 5417 3113 5456 mss.
3145 5405 3362 5474 μικροῖς
3402 5401 3589 5468 ἔωθεν,
3631 5399 3822 5454 imane.
3872 5399 4011 5470 Lege

2445 5477 2578 5531 Duc.

2517 5544 2626 5616 (84)
2658 5543 2754 5616 Sic
2802 5541 2965 5595 editio
3020 5538 3187 5616 Basil.
3241 5551 3316 5616 et
3357 5557 3489 5596 mss.
3541 5541 3777 5610 plurimi.
3830 5538 4008 5593 Editio

2446 5612 2618 5671 Paris.
2656 5613 2932 5684 ὑπέρογκα
2965 5613 3059 5684 καὶ
3095 5613 3187 5684 τῇ.
3227 5612 3545 5684 Aliquanto,
3595 5621 3714 5684 post
3740 5626 3888 5684 mss.

2445 5700 2586 5756 ptem
2609 5679 2912 5756 ergoego;
2929 5683 3026 5756 μὲν
3047 5679 3358 5753 γὰρἀὑτῶν
3389 5684 3483 5736 καὶ
3526 5679 3752 5751 ή.Ἐιιὶιὶ
3786 5679 4009 5751 ἀπρόσιδ

2443 5752 2866 5832 «(legatum
2953 5753 3071 5806 θέα.

2516 5821 2808 5894 (85)’(ζοιῠ.
2842 5821 3047 5892 primus
3075 5822 3150 5895 μὴ
3182 5821 3621 5892 ἀποκνησαίμην.
