4230 6508
229 446 304 503 19
1347 445 1629 502 tlUMlLlA
1669 448 1708 501 ll
1749 445 1817 503 SN
1859 446 1899 501 Η

1812 445 1817 498 l
1859 440 2357 501 ΗΕΧᾹΕΜΕΒΟΝ.
3412 450 3482 505 2³0

231 562 301 629 τῇ
344 558 565 630 βοηθείᾳ
602 558 694 612 τοῦ
723 560 1057 631 Πνεύματος,
1094 562 1187 615 καὶ
1215 561 1364 614 αὐτοὶ
1386 562 1483 615 οὐκ
1518 562 1808 633 ἀπόϐλητοι
1838 572 1884 625 Λ

1838 572 1884 625 Λ
1913 561 2206 628 segniores.
2236 559 2390 623 Nam,
2423 558 2633 613 tametsi
2670 574 2846 615 rerum
2885 573 2988 616 non
3022 575 3307 631 possumus
3336 576 3483 615 assc-

233 655 514 717 παντελῶς
547 654 938 727 κριθησόμεθα,
967 655 1060 707 καὶ
1088 657 1150 723 τῇ
1183 655 1441 724 συνεργίᾳ
1467 655 1567 724 τῆς
1589 655 1808 727 χάριτος

230 746 523 815 οἰκοδομήν
554 762 673 798 τινα
704 748 769 815 τῇ
816 745 1109 814 Ἐκκλησία
1142 744 1235 795 τοῦ
1261 744 1395 796 Θεοῦ
1439 745 1803 814 παρεξόμεθα.

245 838 307 890 Ἠ
329 836 396 888 δὲ
425 835 498 904 γῆ
528 836 624 903 ἦν,
657 838 838 906 φησιν,
869 836 1115 903 ἀόρατος
1137 836 1232 888 καὶ
1257 837 1801 899 ἁκατασκεύαστος.

232 930 359 992 Πῶς
393 930 719 999 ἀμφοτέρων
770 929 1046 999 όμοτίμως
1086 928 1392 998 γενομένων
1436 928 1664 998 οὐρανοῦ
1712 929 1805 981 καὶ

230 1020 357 1089 γῆς,
396 1021 425 1071 6
464 1021 559 1089 μὲν
589 1020 814 1089 οὐρανὸς
844 1019 1175 1089 ἀπηρτίσθη,
1226 1022 1258 1090 ἡ
1301 1020 1357 1073 δὲ
1399 1022 1467 1090 γῆ
1506 1021 1580 1073 ἔτι
1610 1020 1805 1089 ἀτελής

232 1114 349 1165 ἔστι
381 1114 476 1165 καὶ
505 1113 893 1182 ἀνεξέργαστος
930 1111 1071 1179 (86);
1122 1112 1191 1164 Ἢ
1235 1112 1391 1175 ὅλως,
1436 1114 1487 1165 τί
1517 1112 1575 1164 τὸ
1601 1113 1805 1166 ἀκατά-

232 1218 425 1256 σκευον
454 1203 564 1273 (87)
592 1204 687 1272 τῆς
716 1203 847 1272 γῆς;
880 1204 971 1254 καὶ
1015 1203 1101 1256 διὰ
1146 1204 1307 1257 ποίαν
1351 1204 1525 1257 αἰτίαν
1574 1205 1805 1275 ἀόρατος

228 1290 333 1365 ἦν;
366 1296 518 1348 Ἐστι
554 1294 649 1365 μὲν
679 1290 770 1347 οὗν
797 1294 972 1346 τελεία
1007 1297 1314 1365 κατασκευὴ
1343 1296 1493 1365 γῆςυή
1521 1297 1613 1347 ἀπ’
1636 1297 1805 1367 αὐτῆς

232 1385 484 1455 εὐθηνία·
540 1384 719 1453 φυτῶν
775 1386 1123 1438 παντοδαπῶν
1172 1385 1521 1455 βλαστήσεις·
1575 1386 1804 1457 δένδρων

232 1479 579 1548 ὑψηλοτάτων
634 1477 892 1549 προϐολαὶ
939 1480 1231 1550 καρπίμων
1284 1496 1341 1530 τε
1382 1480 1473 1531 καὶ
1508 1480 1799 1551 ἀκάρπων·

228 1570 407 1623 ἀνθῶν
439 1569 679 1640 εὖχροιαι
719 1571 812 1622 καὶ
860 1572 1103 1623 εὐωδίαι⁹
1147 1572 1238 1625 καὶ
1271 1573 1369 1624 ὅσα
1417 1574 1612 1644 μικρὸν
1646 1574 1803 1627 ὔστε-

232 1679 323 1732 ρον
362 1661 471 1728 (88)
508 1660 685 1729 μέλλει
716 1660 792 1728 τῴ
817 1663 1191 1731 προστάγματι
1225 1659 1317 1712 τοῦ
1347 1661 1480 1714 Θεοῦ
1522 1664 1806 1716 ἐπανατεί-

228 1754 394 1805 λαντα
442 1755 506 1821 τῇ
548 1754 615 1823 γῇ
662 1752 758 1822 τὴν
806 1752 1217 1823 γεννησαμένην
1273 1758 1658 1823 κατακοσμεῖν.
1707 1748 1804 1808 Ὧν

227 1844 414 1914 ἐπειδὴ
442 1845 591 1897 οὐδὲν
618 1843 771 1895 οὔπω
807 1839 892 1913 ἦν,
930 1844 1302 1896 ἀκατάσκευον
1328 1846 1495 1915 αὐτὴν
1523 1844 1743 1908 εἰκότως
1776 1848 1803 1898 6

1910 650 2000 717 qui
2031 650 2375 720 dignitatem;
2425 658 2624 714 tamen,
2672 650 2717 703 si
2770 667 2796 703 a
2854 649 3143 719 Scriptura:
3185 652 3479 720 proposito,

1912 738 2116 809 Spiritu
2158 742 2469 804 auxiliante,
2519 757 2620 795 non
2672 743 3006 806 excidamus,
3038 746 3201 798 etiam
3240 746 3339 811 ipsi
3372 760 3480 799 nou

1909 834 2131 887 omnino
2176 832 2467 900 rejectanei
2507 832 2895 899 judicabimur;
2950 851 3011 888 ac
3062 838 3234 905 gratia
3286 853 3481 905 coope-

1910 936 2083 987 rante,
2137 939 2239 977 non
2286 926 2417 979 nihil
2467 928 2837 994 praestabimus
2877 928 3247 983 mdiﬁcatiouis
3292 930 3479 984 Eccle-

1908 1018 2002 1071 site
2045 1018 2156 1072 Dei.
2201 1016 2357 1071 Terra
2414 1029 2614 1083 autem,
2681 1020 2879 1089 inquit,
2930 1032 3039 1074 erat
3103 1025 3376 1077 invisibilis
3429 1035 3479 1078 et

1907 1110 2272 1177 incomposita.
2344 1109 2626 1175 Quomodo
2682 1112 2910 1165 conditis
2968 1113 3170 1181 pariter
3232 1116 3480 1186 utrisque

1906 1201 2045 1255 caelo
2098 1211 2151 1253 et
2199 1211 2373 1264 terra,
2423 1202 2618 1255 caelum
2664 1204 2881 1271 quidem
2939 1205 3192 1259 omnibus
3238 1207 3479 1262 numeris

1907 1294 2211 1347 absolutum
2245 1304 2349 1357 est,
2387 1303 2527 1347 terra
2566 1309 2693 1348 vero
2732 1295 2907 1350 adhuc
2950 1298 3265 1365 imperfecta
3308 1310 3391 1354 est
3428 1311 3482 1354 et

1908 1384 2093 1436 rudis?
2124 1385 2229 1435 Aut
2254 1384 2495 1445 omnino,
2520 1383 2646 1450 quid
2673 1393 2752 1437 est
2782 1395 2923 1437 terra
2974 1386 3363 1454 incomposita?
3388 1398 3477 1442 aut

1906 1474 1974 1527 ob
2018 1489 2176 1543 quam
2223 1491 2438 1531 causam
2484 1483 2600 1528 erat
2652 1478 2970 1530 invisibilis?
3024 1480 3164 1533 Sane
3208 1479 3480 1549 perfectus

1909 1578 2067 1621 terra:
2101 1579 2390 1637 apparatus
2425 1570 2533 1637 ipsa
2572 1570 2711 1623 illius
2747 1570 2994 1623 fertilitas
3030 1579 3131 1633 est,
3164 1571 3473 1641 generatio-

1909 1674 2005 1713 nes
2068 1676 2509 1730 quarumcunque
2544 1664 2862 1731 plantarum,
2905 1664 3290 1718 altissimarum
3324 1666 3479 1719 arbo-

1907 1767 2023 1805 rum
2067 1764 2175 1805 tum
2228 1754 2607 1823 frugiferarum
2669 1766 2780 1808 tum
2840 1755 3248 1811 infecundarum
3292 1769 3477 1822 ortus;

1906 1842 2094 1897 florum
2132 1844 2339 1899 colores
2373 1847 2598 1913 speciosi
2634 1860 2695 1900 ac
2728 1847 2921 1900 odores
2950 1850 3111 1916 grati,
3140 1860 3193 1902 et
3220 1864 3478 1918 quaacun-

227 1933 385 2002 λόγος
415 1936 682 2005 ὠνόμασε.
721 1934 801 1986 Τὰ
838 1934 977 1987 αὐτὰ
1005 1935 1060 1986 δὲ
1089 1934 1260 1988 ταῦτα
1293 1935 1387 1987 καὶ
1416 1936 1542 2006 περὶ
1578 1936 1685 2005 (89)
1718 1937 1807 1988 οὑ-
1839 1915 1881 1969 Β

1839 1915 1881 1969 Β
1916 1951 2021 2004 quc
2053 1936 2207 2005 paulo
2230 1948 2350 2007 post
2382 1938 2470 1991 Dei
2497 1940 2650 2007 jussu
2680 1955 2709 1993 e
2739 1950 2879 1993 terra
2903 1915 3480 2013 emergentia—genitri-

231 2026 390 2097 ρανοῦ
415 2028 690 2095 εἴποιμεν·
719 2027 799 2079 ὃτι
822 2026 1253 2096 ουκὲξείργαστο
1304 2026 1455 2079 οὔπω
1481 2028 1599 2079 οὐδὲ
1625 2029 1803 2091 αὐτὸς,

224 2121 348 2173 οὐδὲ
364 2122 455 2172 τὸν
480 2122 675 2171 οἰκεῖον
704 2118 992 2188 ἀπειλήφει
1024 2120 1244 2187 κόσμον,
1278 2119 1371 2169 ἆτε
1400 2120 1565 2187 μήπω
1594 2120 1704 2189 (90)
1728 2138 1807 2172 σεο

226 2214 364 2286 ληνη
386 2215 522 2283 μήτε
542 2212 676 2280 ἡλίῳ
700 2210 1192 2279 περιλαμπόμενος,
1215 2208 1345 2278 μηδὲ
1372 2211 1479 2271 τοῖς
1505 2213 1680 2279 χοροῖς
1699 2211 1804 2263 τῶν

224 2307 444 2376 ἁστρων
468 2301 921 2370 κατεστεμμένος.
956 2297 1122 2352 Οὔπω
1144 2297 1252 2368 γὰρ
1279 2300 1449 2352 ταῦτα
1476 2301 1586 2369 (91)
1622 2300 1805 2369 ὲγεγόο

225 2416 327 2451 νει.
367 2398 525 2447 Ὥστε
552 2395 645 2462 οὐχ
680 2393 1015 2463 ἀμαρτήσεις
1036 2392 1131 2461 τῆς
1157 2392 1428 2462 ἀληθείας,
1462 2393 1563 2445 κᾶν
1594 2394 1683 2446 τὸν
1717 2396 1807 2448 οὑ-

228 2490 391 2562 ρανὸν
423 2489 791 2542 ἀκατάσκευον
820 2486 998 2556 εἴπης.
1042 2485 1296 2555 ’Λόρατον
1318 2485 1373 2537 δὲ
1397 2485 1491 2556 τὴν
1513 2487 1613 2555 γῆν
1643 2503 1807 2557 προσ-

226 2586 347 2635 εἰπε
393 2581 480 2633 διὰ
509 2581 599 2633 δύο
634 2580 809 2643 αίτίας
832 2596 845 2607 ·
882 2580 914 2649 ἢ
956 2580 1037 2631 ὅτι
1086 2578 1235 2631 οὔπω
1259 2574 1325 2647 ἦν
1351 2579 1517 2648 αὐτῆς
1553 2582 1580 2632 6
1612 2579 1807 2651 θεατὴς

226 2670 514 2740 ἅνθρωπος
541 2668 729 2738 (92),ἢ
771 2670 850 2721 ὅτι
882 2667 1210 2737 ὑποϐρύχιος
1247 2664 1379 2721 οὖσα
1407 2669 1470 2720 ἐκ
1493 2669 1585 2722 τοῦ
1617 2671 1808 2723 ἐπιπο-

227 2762 482 2825 λάζοντος
525 2766 587 2831 τῇ
614 2763 903 2830 ἐπιφανείᾳ
954 2760 1144 2823 ὓδατος
1184 2762 1283 2813 οὐκ
1319 2760 1545 2831 ἠδύνατο
1573 2762 1807 2832 καθορᾶ-

231 2855 376 2907 σθαι.
425 2853 589 2906 υῦπω
628 2854 735 2923 γὰρ
772 2849 838 2921 ἦν
870 2851 1200 2920 συναχθέντα
1230 2853 1299 2905 τὰ
1329 2852 1492 2903 ὕδατα
1531 2855 1609 2915 είς
1643 2852 1711 2905 τὰ
1731 2854 1806 2905 0!-

228 2952 353 3000 κεῖα
386 2948 719 3014 συστήματα,
772 2944 913 3013 ἅπερ
963 2943 1187 3013 ὕστερον
1233 2943 1261 2994 6
1306 2944 1437 3005 Θεὸς
1488 2942 1806 3013 συναγαγὼν

229 3037 637 3109 προσηγόρευσε
678 3035 969 3098 θαλάσσας.
1022 3035 1273 3105 Ἀόρατον
1312 3031 1403 3089 οὖν
1456 3036 1507 3089 τί
1548 3040 1697 3103 sm;
1735 3038 1807 3091 T6

232 3131 352 3200 μὲν,
380 3130 407 3182 6
442 3132 513 3201 μὴ
533 3130 770 3197 πέφυκεν
793 3128 1085 3198 ὀφθαλμοῖς
1122 3130 1322 3198 σαρκὸς
1347 3130 1701 3201 καθορᾶσθαι,
1732 3132 1807 3195 ὡς

227 3223 257 3273 6
286 3222 410 3285 νοῦς
434 3225 461 3273 6
479 3222 744 3291 ἡμέτερος
762 3238 774 3249 ·
807 3220 867 3271 τὸ
889 3219 965 3281 δὲ,
992 3219 1019 3270 6
1045 3222 1109 3289 τῇ
1135 3220 1290 3286 φύσει
1318 3221 1510 3289 ὁρατὸν
1543 3222 1804 3292 ὑπάρχον,
1839 3252 1879 3308 C

229 3312 318 3364 διὰ
347 3310 442 3380 τὴν
480 3309 861 3378 ὲπιπρόσθεσιν
889 3308 983 3359 τοῦ
1011 3308 1357 3376 ἐπικειμένου
1381 3308 1529 3378 αὐτῷ
1555 3310 1803 3379 σώματος

230 3403 658 3473 ἀποκρύπτεται,
696 3402 770 3463 ῶς
807 3403 835 3453 6
867 3404 923 3453 ἐν
949 3400 1026 3471 τῷ
1058 3400 1202 3469 βυθῷ
1230 3400 1463 3471 σίδηρος.
1502 3402 1637 3453 Καθ’
1659 3402 1686 3453 ὃ
1716 3418 1803 3471 ση-

233 3494 556 3564 μαινόμενον
583 3492 675 3544 νῦν
711 3492 940 3561 ἀόρατον
973 3490 1254 3562 ἡγούμεθα
1289 3491 1683 3563 προσειρῆσθαι
1704 3494 1802 3563 τὴν

230 3586 334 3656 γῆν
351 3585 760 3655 καλυπτομένην
779 3585 882 3637 ὑπὸ
898 3584 989 3638 τοῦ
1013 3584 1220 3647 ὓδατος.
1244 3586 1473 3637 Ἔπειτα
1493 3586 1691 3653 μέντοι,
1709 3588 1803 3639 καὶ

232 3679 400 3747 μήπω
445 3677 537 3730 τοῦ
581 3678 755 3746 φωτὸς
795 3676 1130 3747 γενηθέντος,
1189 3676 1338 3729 οὐδὲν
1376 3674 1441 3746 ἦν
1493 3676 1800 3743 θαυμαστὸν

228 3773 329 3839 τὴν
372 3772 429 3821 ἐν
465 3771 638 3839 σκότῳ
673 3770 782 3837 (95)
812 3770 1087 3839 κειμένην,
1124 3769 1213 3822 διὰ
1239 3768 1300 3820 τὶ,
1337 3766 1636 3835 ἀςὼτιστον
1668 3766 1805 3821 εἶναι

228 3862 321 3914 τὸν
362 3861 501 3931 ὑπὲρ
528 3862 694 3930 αὐτῆς
722 3862 877 3931 ἀέρα,
907 3862 1137 3932 ἀόρατον
1176 3861 1270 3913 καὶ
1296 3859 1435 3913 κατὰ
1470 3860 1625 3913 τοῦτο
1660 3862 1808 3933 παρά

229 3955 331 4021 τῆς
368 3954 588 4025 Γραφῆς
618 3954 1033 4023 προσειρῆσθαι.

1910 2045 2025 2083 cem
2057 2047 2207 2085 suam
2246 2043 2399 2085 erant
2428 2044 2707 2089 ornatura.
2744 2034 2978 2099 Quarum
3011 2051 3190 2089 rerum
3223 2038 3477 2106 quoniam

1909 2122 2170 2175 nihildum
2218 2135 2355 2185 erat,
2402 2125 2595 2178 merito
2641 2124 2918 2193 Scriptura
2967 2128 3135 2195 ipsam
3186 2129 3481 2183 nominavit

1909 2212 2341 2281 incompositam.
2387 2214 2511 2271 llmc
2549 2218 2734 2270 eadem
2773 2228 2827 2270 et
2867 2219 2933 2271 de
2967 2218 3107 2271 coelo
3147 2220 3476 2285 dixerimus;

1908 2307 2339 2374 quandoquidem
2385 2310 2467 2365 vel
2520 2325 2691 2378 Ipsum
2739 2312 2979 2363 nondum
3020 2320 3139 2364 erat
3182 2313 3475 2373 excultum,

1910 2410 2084 2465 neque
2130 2399 2407 2467 proprium
2463 2410 2739 2469 receperat
2785 2412 3054 2467 Ornatum,
3109 2411 3291 2470 utpote
3337 2405 3478 2470 quod

1910 2484 2147 2535 nondum
2182 2484 2293 2539 sole
2330 2496 2421 2539 aut
2465 2486 2589 2540 luna
2639 2488 3057 2557 splendesceret,
3096 2506 3268 2558 neque
3309 2501 3480 2545 astro-

1910 2588 2029 2627 rum
2064 2576 2247 2630 choris
2275 2588 2647 2632 coronaretur.
2686 2579 2921 2634 Necdum
2958 2584 3100 2637 enim
3135 2584 3318 2637 istbarc
3352 2598 3480 2637 cono

1908 2666 2019 2719 dita
2071 2678 2245 2722 erant.
2303 2670 2478 2735 Quare
2522 2686 2551 2723 a
2604 2674 2832 2727 veritate
2884 2690 2987 2728 non
3033 2676 3393 2739 aberraveris,
3434 2677 3480 2729 si

1908 2756 2106 2809 coelum
2150 2774 2365 2829 quoque
2417 2761 2618 2815 dixeris
2666 2762 2831 2817 fuisse
2880 2764 3313 2832 incompositum.
3346 2765 3479 2818 Ter-

1909 2864 2022 2902 ram
2060 2863 2237 2904 autem
2281 2854 2413 2907 duas
2448 2855 2518 2909 ob
2553 2872 2743 2910 causas
2776 2857 3065 2926 appellavit
3111 2858 3477 2925 invisibilem;

1910 2951 2003 2995 aut
2032 2946 2171 3012 quod
2204 2948 2439 2999 nondum
2476 2963 2615 3003 esset
2644 2952 2731 3018 qui
2773 2965 2890 3005 eam
2927 2951 3267 3018 conspiceret
3298 2952 3478 3015 homo,

1910 3045 2000 3089 aut
2025 3036 2163 3103 quod
2193 3052 2253 3090 ea
2294 3041 2459 3093 videri
2508 3043 2607 3111 13
2641 3046 2861 3096 minime
2898 3055 3096 3113 posset.
3132 3046 3327 3113 quippe
3362 3062 3481 3115 quas

1911 3129 2064 3195 aquis
2113 3144 2277 3199 super
2328 3134 2495 3201 ipsius
2547 3137 2883 3205 superficiem
2930 3138 3295 3191 innatantibus
3335 3148 3482 3192 esset

1912 3221 2215 3276 submersa.
2256 3222 2500 3278 Nondum
2531 3228 2673 3281 enim
2706 3239 2863 3281 erant
2908 3244 3059 3297 aqua:
3108 3231 3159 3283 in
3206 3245 3330 3283 suas
3373 3241 3483 3285 Sta-

1915 3311 2084 3365 tioncs
2124 3328 2462 3382 congregata:
2504 3336 2516 3369 :
2565 3333 2700 3384 quas
2744 3330 2927 3386 postea
2981 3331 3294 3389 aggregatas
3342 3321 3482 3377 Deus

1912 3402 2077 3454 maria
2131 3408 2473 3473 nuneupavit.
2521 3406 2788 3464 invisibile
2840 3412 2999 3475 igitur
3042 3414 3167 3481 quid
3214 3414 3334 3466 est?
3369 3414 3484 3468 Ali-

1911 3496 2123 3563 quando
2170 3499 2382 3566 quidcm
2430 3501 2481 3553 id
2530 3504 2668 3569 quod
2711 3520 2774 3558 ex
2815 3518 2872 3557 se
2910 3504 3078 3558 oculis
3120 3506 3298 3559 carnis
3334 3507 3481 3561 cerni

1912 3602 2015 3639 non
2054 3599 2247 3654 potest,
2274 3590 2567 3655 cujusmodi
2603 3603 2685 3648 est
2722 3610 2872 3649 meus
2904 3607 3081 3649 nostra
3138 3616 3149 3649 :
3194 3597 3483 3665 aliquando

1912 3692 2041 3730 vero
2086 3680 2134 3730 id
2180 3684 2320 3747 quod
2374 3698 2437 3735 ex
2484 3694 2674 3737 natura
2728 3702 2822 3739 sua
2872 3697 3045 3755 potest
3089 3691 3343 3755 conspici,
3387 3690 3481 3743 sed

1914 3769 2279 3824 incumbentis
2308 3774 2355 3826 ei
2408 3776 2646 3844 cm-poris
2691 3778 2993 3832 occultatur
3034 3780 3333 3847 interiectu,
3372 3782 3484 3835 vel-

1916 3860 1989 3913 uti
2055 3859 2278 3925 ferrum,
2308 3867 2447 3932 quod
2484 3868 2532 3917 iu
2569 3867 2676 3920 imo
2705 3873 2911 3939 gurgite
2938 3870 3098 3937 jacet.
3131 3869 3287 3923 Juxta
3321 3884 3482 3939 quam

1915 3956 2209 4018 notionem,
2243 3971 2383 4008 nunc
2426 3956 2748 4011 invisibiletn
2796 3960 3040 4013 ducimus
3080 3972 3322 4014 vocatam
3365 3974 3485 4014 esse

234 4061 461 4110 terram,
496 4059 676 4115 utpote
719 4062 839 4116 qua:
881 4048 947 4098 ab
981 4048 1138 4116 aquis
1176 4047 1560 4102 occultaretur.
1606 4048 1803 4101 Deinde
1844 4063 1971 4102 vero
2033 4066 2153 4104 cum
2219 4052 2445 4105 necdum
2478 4065 2620 4107 esset
2658 4054 2794 4107 facta
2830 4055 2940 4116 lux,
2979 4056 3108 4109 nihil
3140 4066 3255 4109 erat
3287 4056 3406 4108 miri
3436 4056 3481 4108 si

234 4154 376 4198 terra
410 4144 461 4197 in
496 4140 728 4196 teucbris
758 4142 879 4209 sita,
913 4143 1054 4212 quod
1119 4157 1212 4197 aer
1280 4158 1441 4214 super
1504 4159 1622 4197 eam
1651 4161 1753 4197 non
1792 4144 2207 4211 illutniuaretur,
2253 4148 2319 4201 ob
2359 4149 2411 4203 id
2448 4149 2608 4203 etiam
2653 4164 2681 4201 a
2726 4148 3002 4219 Scriptura
3074 4150 3356 4205 invisibilis
3390 4166 3484 4219 ap-

234 4243 429 4312 pellata
464 4243 552 4293 sit.

305 4335 358 4388 9.
418 4335 551 4389 Ἀλλ’
594 4336 640 4387 οἱ
690 4336 1113 4405 παραχαράκται
1146 4334 1244 4405 τῆς
1287 4335 1559 4405 ἀληθείας,
1592 4336 1638 4386 οἱ
1689 4332 1808 4403 οὐχ).

231 4432 298 4495 τῇ
328 4428 514 4497 Γραφῇ
545 4430 635 4479 τὸν
660 4430 865 4482 ὲαυτων
894 4430 1015 4482 νοῦν
1043 4430 1352 4481 ἀκολουθεῖν
1383 4429 1806 4490 ἐκδιδάσκοντες,

232 4516 368 4567 ἀλλὰ
401 4518 536 4585 πρὸς
559 4517 617 4567 τὸ
647 4520 841 4571 οἰκεῖον
868 4519 1111 4590 βούλημα
1141 4520 1236 4591 τὴν
1266 4520 1499 4574 διάνοιαν
1534 4519 1640 4572 τῶν
1676 4519 1810 4588 Γρα·

232 4608 349 4676 φῶν
390 4608 824 4677 διαστρέφοντες,
864 4614 961 4683 τὴν
1005 4612 1135 4681 ὕλην
1170 4614 1301 4680 φασὶ
1341 4612 1426 4663 διὰ
1462 4612 1567 4663 τῶν
1610 4610 1807 4674 λέξεων

1985 4331 2039 4385 2.
2072 4332 2138 4385 At
2174 4347 2300 4386 vero
2338 4332 2583 4387 veritatis
2612 4334 3002 4388 adulteratores
3036 4334 3123 4402 qtti
3153 4350 3302 4388 suam
3336 4336 3483 4406 ipso-

1919 4439 2037 4478 rum
2091 4438 2327 4479 mentem
2365 4426 2659 4494 Scriptura:
2710 4429 3089 4494 obtemperare
3140 4443 3479 4496 nequaquam

1917 4520 2132 4581 docent,
2189 4523 2282 4573 sed
2330 4521 2395 4571 ad
2456 4518 2728 4587 propriam
2784 4520 3107 4571 sententiam
3160 4523 3482 4587 detorquent

1916 4610 2325 4678 Scripturarum
2365 4626 2603 4674 sensum,
2630 4610 2914 4663 materiam
2948 4611 3093 4663 hisce
3136 4611 3482 4664 verbisaiunt

232 4700 438 4753 τούτων
484 4680 943 4771 παραδηλοῦσθαιλ
987 4680 1133 4774 Αὕτη
1168 4706 1306 4776 γάρ,
1352 4705 1483 4773 φασὶ
1521 4704 1665 4771 (94),
1716 4706 1807 4757 καὶ
1845 4680 1885 4733 D

1845 4680 1885 4733 θ
1916 4704 2227 4771 siguilicari.
2260 4701 2382 4755 Ha-c
2409 4701 2574 4764 enim,
2612 4702 2879 4769 inquiunt,
2930 4710 3012 4752 est
3041 4710 3092 4754 et
3118 4699 3402 4753 invisibilis
3426 4710 3481 4753 et

233 4790 465 4859 ἀόρατος
498 4796 562 4863 τῇ
595 4793 748 4861 φύσει
795 4794 887 4846 καὶ
920 4796 1414 4861 ἀκατασκεύαστος,
1446 4795 1634 4858 ἄποιος
1672 4792 1805 4850 οὖσα-

305 4996 420 5064 (86)
444 4994 621 5049 Codex
659 5014 794 5051 unus
832 5014 951 5053 cum
993 4997 1152 5051 editis
1197 4998 1523 5066 ἀνέργαστος
1564 4999 1656 5052 καὶ
1704 4998 1801 5051 ἀνο

233 5069 589 5139 ἀπάρτιστος.
625 5070 725 5119 Alii
756 5086 844 5122 sex
873 5086 997 5121 mss.
1030 5080 1082 5118 ut
1114 5068 1162 5117 in
1192 5083 1467 5139 contextu.

306 5138 419 5207 (87)
452 5140 669 5205 Antiqui
727 5150 850 5189 orto
901 5140 1016 5190 libri
1046 5138 1435 5192 ἀκατάσκευον.
1486 5138 1624 5193 Editi
1679 5155 1799 5193 cum

233 5206 400 5260 Coisl.
446 5213 616 5273 pritnu
651 5209 1149 5262 ἀκατασκεύαστον.

308 5279 421 5348 (88)
453 5281 629 5333 Cndex
664 5296 796 5331 unus
829 5283 929 5333 ὅσα
963 5280 1170 5349 μικρῶς
1203 5278 1316 5347 μετ’
1346 5277 1521 5345 ὀλίγον
1556 5276 1798 5348 ὕστερον.

235 5348 341 5401 Nec
375 5352 447 5401 ita
491 5354 654 5401 multo
696 5350 829 5401 infra
879 5348 1001 5402 octo
1054 5348 1179 5401 mss.
1229 5349 1601 5401 ἀκατάσκευον
1637 5350 1801 5418 αὐτὴν

234 5420 459 5481 εἰκότως
482 5422 509 5470 6
539 5420 713 5487 λόγος.
743 5420 873 5473 liditi
901 5420 1375 5473 ἀκατασκεύαστον
1408 5421 1573 5489 αὐτὴν
1600 5422 1626 5470 6
1656 5420 1810 5486 λόγος

233 5492 479 5552 εἰκότως.
508 5490 669 5545 Coisl.
706 5496 911 5557 primus
939 5489 1416 5543 ἀκατασκεύαστον
1450 5490 1617 5560 αὐτὴν
1662 5491 1807 5543 είκό-

232 5578 339 5618 τως
372 5565 419 5615 ὁ.

306 5634 420 5699 (89)
450 5630 675 5685 Codices
706 5630 1034 5702 scptcntxiv
1060 5632 1203 5702 περί.
1241 5629 1375 5702 Editi
1408 5645 1528 5683 cum
1573 5644 1678 5681 uno
1716 5641 1808 5684 aut

236 5702 408 5755 altero
438 5719 566 5755 mss.
602 5702 695 5753 καὶ
732 5704 879 5771 περί.
912 5701 1017 5756 Vox
1052 5700 1202 5754 οῠπω
1236 5700 1392 5771 paulo
1442 5708 1563 5769 post
1617 5712 1805 5756 recens

238 5775 468 5825 accessit
499 5789 563 5823 ex
598 5787 689 5823 sex
729 5774 1025 5825 codicibus.

308 5845 421 5911 (90)
464 5842 684 5894 Veteres
719 5845 954 5908 quinque
982 5844 1099 5896 libri
1137 5844 1229 5897 ἆτε
1266 5844 1454 5913 μήπω.
1491 5842 1628 5895 Editi
1670 5856 1793 5897 cum

236 5914 395 5971 Cois].
430 5917 605 5983 primo
636 5914 727 5979 ὅγε
752 5915 935 5983 μήπω.
972 5914 1121 5969 Alius
1155 5918 1317 5970 codex
1358 5913 1499 5979 ὢσγε
1538 5913 1721 5982 μήπω.

1918 4795 2272 4863 incomposita
2324 4803 2512 4861 suapte
2562 4802 2755 4846 natura
2797 4810 2810 4846 :
2863 4793 3060 4862 quippe
3104 4804 3224 4842 cum
3278 4804 3342 4843 cx
3384 4806 3480 4845 sua

1980 4997 2089 5065 (9|)
2133 4996 2442 5069 Editioﬁmu
2475 5000 2582 5069 γὰρ
2616 4998 2774 5052 αὐτά.
2818 4998 2886 5049 At
2930 5012 3062 5050 mss.
3123 4998 3358 5069 quinque
3406 4998 3478 5050 uti

1910 5068 1960 5120 in
1991 5067 2261 5121 contestu.
2304 5071 2417 5121 Mox
2454 5066 2578 5122 mss.
2610 5082 2730 5121 ιιι-ιο
2769 5069 3159 5122 ἀκατάσκευον.
3194 5066 3330 5119 liditi
3361 5083 3479 5121 Cttttt

1907 5137 2069 5191 Cois].
2111 5141 2279 5201 primo
2316 5139 2813 5192 ἀκατασκεύαστον.

1982 5208 2089 5275 (9'2)
2127 5210 2215 5261 Sic
2248 5212 2448 5276 antiqui
2494 5222 2696 5273 septem
2747 5210 2889 5262 libri.
2925 5208 3035 5265 qu
3086 5206 3374 5277 ἄνθρωπος
3428 5211 3477 5259 in

1911 5278 2067 5330 editis
2103 5279 2527 5334 desiderabatur.
2562 5279 2705 5335 Infra
2752 5281 2904 5334 Coll).
2946 5281 3213 5333 secundus
3250 5278 3478 5330 ἐκάλεσε

1910 5347 2204 5410 θαλάσσας.

1997 5422 2105 5487 (95)
2140 5419 2280 5471 liditi
2315 5428 2368 5472 et
2416 5418 2522 5475 duo
2556 5438 2683 5476 mss.
2737 5422 2793 5473 ἐν
2817 5420 3024 5490 κόσμῳ,
3054 5420 3103 5473 in
3140 5420 3352 5479 mundo,
3390 5418 3481 5470 de-

1916 5502 2156 5559 pravate.
2216 5492 2283 5543 At
2312 5491 2459 5559 liegii
2502 5494 2607 5545 duo
2654 5508 2768 5544 cunt
2802 5491 2954 5545 Culb.
3000 5493 3232 5544 secundo
3264 5500 3316 5541 et
3356 5503 3478 5548 cum

1914 5562 2075 5614 Coisl.
2106 5561 2287 5613 itidem
2324 5564 2558 5615 secundo
2603 5566 2657 5614 ὲν
2685 5561 2883 5631 σκότῳ,
2925 5563 2982 5612 in
3014 5560 3259 5620 tenebris,
3295 5573 3478 5631 einen-

1913 5632 2054 5684 date.
2082 5632 2259 5683 Codex
2281 5633 2520 5684 Combef.
2548 5644 2598 5684 et
2629 5634 2717 5684 alii
2742 5627 2845 5686 duo
2879 5649 3005 5685 mss.
3037 5631 3095 5682 ἐν
3136 5632 3335 5683 σκότει.
3366 5627 3477 5681 Nec

1912 5702 1984 5753 ita
2030 5701 2196 5752 multo
2239 5713 2357 5765 post
2409 5704 2644 5769 quinque
2684 5718 2813 5754 mss.
2866 5718 2985 5755 cum
3038 5703 3269 5757 editione
3317 5696 3475 5751 Basil.

1909 5772 2286 5844 déparovuxai.
2316 5772 2489 5844 liditto
2524 5772 2693 5826 Puris.
2717 5773 2807 5824 καὶ
2840 5772 3091 5844 ἀόρατον.

1938 5912 1948 5921 ⁸
1980 5829 2103 5911 ’(94)
2134 5842 2306 5962 E‘ditio
2339 5841 2501 5897 Basil.
2536 5859 2653 5897 cum
2692 5858 2783 5899 sex
2820 5829 2948 5899 mss.
2982 5841 3133 5912 φησί.
3180 5829 3354 5898 Ειίιιὶο
3378 5835 3478 5890 Ρα-

1938 5929 1999 5962 IS.
2044 5928 2151 5962 ωασ
2182 5950 2194 5962 .

1907 5927 1999 5968 ns.
2044 5927 2194 5980 φασι.
