4230 6510
783 430 847 490 5!
2092 426 2152 482 S.
2192 424 2276 480 BA
2284 422 2435 480 SILI!
2469 423 2683 482 MAGNI
3946 422 4023 479 31

785 544 963 617 ipsius
993 541 1305 600 conditione
1339 552 1523 597 careat
1561 556 1881 612 quacunque
1914 540 2213 613 qualitate,
2258 550 2343 595 at-
2372 549 2455 608 Α·

2372 549 2421 608 Α
2445 538 2524 611 τῷ
2555 539 2749 612 ἐαυτῆς
2797 538 2961 610 λόγῳ,
3005 538 3099 593 καὶ
3145 536 3343 602 παντὸς
3388 537 3562 600 εἴδους
3600 536 3696 589 καὶ
3737 538 4017 606 σχήματος

789 652 896 710 que
919 638 987 692 ab
1014 640 1160 693 omni
1194 635 1369 691 forma
1415 650 1478 689 ac
1511 636 1679 699 figura
1720 636 1791 690 sit
1841 645 2133 706 separata;
2184 647 2344 703 quam

792 739 1123 799 assumptam
1155 744 1256 798 pro
1290 741 1385 782 sua
1412 726 1673 797 sapientia
1719 726 2073 782 confurmavit
2111 724 2303 779 artifex
2330 767 2347 792 ,

792 830 848 877 et
870 820 923 876 in
945 820 1189 875 ordinem
1212 818 1433 888 redegit,
1459 826 1514 871 et
1537 817 1607 870 ita
1634 831 1730 886 per
1760 818 1927 887 ipsam
1953 831 2130 871 rerum
2161 817 2349 871 visibi-

794 909 925 964 lium
964 909 1223 963 essentias
1255 906 1551 962 constituit.
1587 906 1736 971 Quod
1769 906 1815 960 si
1849 906 2081 975 ingenita
2105 914 2185 960 est
2216 904 2349 973 hac,

794 1000 1024 1069 primum
1042 998 1257 1068 quidem
1283 1012 1381 1066 par
1407 996 1455 1052 ei
1478 1011 1542 1052 ac
1565 997 1673 1051 Deo
1696 996 1869 1050 honor
1901 996 2213 1051 tribuendus
2237 1007 2349 1051 est:

794 1089 1229 1161 quandoquidem
1285 1087 1475 1143 eodem
1528 1087 1867 1157 antiquitatis
1939 1087 2061 1155 jure
2121 1088 2354 1158 dignabio

798 1193 905 1238 tur.
933 1180 1050 1253 Quo
1079 1180 1208 1250 quid
1235 1180 1406 1249 magis
1435 1179 1658 1249 impium
1685 1192 1806 1233 esse
1832 1179 2003 1248 possit
2022 1180 2047 1231 ?
2074 1180 2353 1233 materiam

794 1271 1001 1328 scilicet
1040 1270 1317 1340 qualitatis
1350 1284 1416 1325 ae
1461 1270 1644 1325 formae
1686 1279 2002 1338 expertem,
2050 1278 2353 1324 extremam

794 1361 964 1431 ipsam
991 1359 1410 1423 deformitatem,
1448 1358 1745 1415 foeditatem
1782 1360 1952 1428 ipsam
1991 1359 2158 1429 figura
2193 1361 2356 1415 desti-

796 1461 965 1508 tutam
1000 1452 1154 1523 (ipsis
1182 1452 1325 1506 enim
1358 1466 1548 1507 eorum
1580 1461 1703 1505 utor
1744 1450 2037 1521 vocabulis)
2074 1452 2187 1521 pari
2228 1466 2351 1507 cum

793 1544 1020 1614 sapienti
1042 1552 1097 1598 et
1129 1552 1341 1613 potente
1376 1558 1440 1597 ac
1478 1541 1800 1612 perpulchro
1826 1544 2018 1613 opilice
2038 1559 2101 1599 ac
2137 1546 2353 1599 univer-

795 1650 978 1691 sorum
1014 1636 1293 1690 conditore
1325 1636 1679 1705 praerogativa
1712 1649 1775 1688 ac
1814 1634 2071 1703 dignitate
2116 1636 2351 1691 cohone-

794 1727 975 1783 stari?
1003 1729 1204 1784 Deinde
1236 1726 1451 1798 quidem
1483 1728 1528 1781 si
1553 1736 1699 1780 tanta
1725 1736 1807 1780 est
1838 1726 2058 1781 materia
2096 1736 2153 1781 ut
2187 1738 2351 1782 totam

797 1819 891 1875 Dei
922 1820 1182 1889 suscipiat
1205 1819 1485 1875 scientiam
1511 1836 1525 1883 ;
1556 1825 1609 1872 et
1635 1818 1711 1873 sic
1739 1816 1922 1888 aliquo
1945 1827 2101 1889 pacto
2122 1819 2224 1890 ipsi
2256 1819 2350 1876 Dei

795 1888 1220 1983 potentiamque:
1243 1910 1553 1981 investigari
1586 1910 1791 1980 nequit,
1826 1888 2181 1965 substantiam
2210 1912 2352 1968 illius
2386 1888 2427 1942 Β

794 2004 1149 2074 cquiparant,
1181 2018 1303 2059 cum
1329 2016 1543 2058 omnem
1574 2002 1666 2058 Dei
1704 2001 2109 2070 intelligentiam
2140 2016 2240 2071 per
2268 2018 2352 2057 se-

796 2095 964 2165 ipsam
1002 2094 1214 2150 abunde
1242 2095 1409 2163 possit
1436 2094 1672 2149 dimetiri
1704 2110 1716 2147 :
1743 2093 1788 2147 si
1817 2094 2197 2159 vero,materia
2227 2108 2347 2163 epe-

795 2186 1007 2241 ratione
1039 2185 1130 2241 Dei
1164 2184 1387 2239 inferior
1416 2194 1519 2247 est,
1550 2185 1630 2239 sic
1658 2184 1824 2239 etiam
1868 2184 1981 2238 ha:c
2005 2183 2086 2238 eis
2117 2185 2275 2239 verba
2302 2186 2353 2239 in

794 2275 1082 2331 absurdius
1113 2276 1415 2331 convicium
1448 2284 1746 2336 vertentur,
1788 2274 1986 2345 quippe
2008 2276 2099 2344 qui
2126 2275 2290 2330 Deum
2323 2291 2353 2330 a

795 2368 1139 2440 perficiendis
1179 2379 1234 2421 et
1278 2366 1619 2423 absolvendis
1664 2369 1778 2423 suis
1826 2368 2081 2436 operibus
2137 2380 2355 2437 propter

796 2459 1037 2514 materie
1074 2457 1344 2513 defectum
1378 2458 1689 2513 abarceant.
1736 2456 1935 2512 Verum
1985 2456 2105 2512 illos
2144 2454 2356 2525 decepit

791 2547 1042 2606 humane
1077 2555 1283 2603 natura
1320 2548 1521 2617 inepia.
1565 2548 1633 2601 Et
1677 2547 1929 2615 quoniam
1969 2562 2061 2602 ars
2104 2546 2356 2616 quaelibet

794 2642 936 2711 apud
959 2656 1059 2696 nos
1079 2641 1225 2696 circa
1255 2640 1491 2709 aliquam
1522 2636 1802 2693 materiam
1844 2638 2137 2710 separatim
2168 2653 2353 2693 versa-

796 2737 906 2796 tur,
935 2728 1084 2785 velut
1116 2743 1209 2785 ars
1244 2728 1469 2784 ferraria
1498 2728 1644 2783 circa
1668 2728 1869 2784 ferrum
1889 2768 1905 2794 ,
1950 2728 2175 2801 lignaria
2226 2745 2355 2786 vero

792 2821 941 2877 circa
972 2819 1112 2889 ligna
1144 2838 1160 2887 ;
1199 2830 1361 2889 atque
1387 2820 1439 2873 in
1466 2818 1552 2874 his
1578 2818 1723 2874 aliud
1747 2826 1831 2873 est
1855 2816 2183 2888 subjectum,
2209 2819 2352 2873 aliud

794 2911 989 2973 forma,
1014 2910 1158 2964 aliud
1190 2911 1242 2964 id
1271 2910 1412 2967 auod
1437 2925 1502 2965 ex
1549 2909 1717 2964 forma
1746 2908 2030 2965 conficitur
2072 2927 2087 2965 :
2124 2919 2178 2966 et
2228 2914 2352 2980 quia

793 3001 1021 3057 materia
1052 3000 1265 3071 quidem
1320 2998 1622 3055 forinsecus
1652 3003 1963 3066 assumitur,
1994 3001 2062 3055 ab
2083 3011 2202 3055 arte
2227 3016 2355 3056 vero

794 3102 1015 3162 aptatur
1044 3080 1244 3156 forma,
1276 3088 1501 3146 effectus
1534 3101 1713 3145 autem
1758 3104 1823 3144 es
1854 3089 2114 3159 utrisque,
2139 3106 2203 3146 ex
2235 3108 2353 3147 ma-

793 3186 929 3241 teria
956 3183 1163 3239 scilicet
1178 3192 1234 3238 et
1254 3198 1317 3238 ex
1350 3180 1520 3238 forma
1556 3183 1928 3254 componitur;
1956 3182 2036 3239 sic
2058 3184 2222 3239 etiam
2246 3185 2355 3239 esi-
2380 3219 2425 3278 ο

793 3276 1021 3335 stimant
1046 3275 1100 3329 in
1127 3274 1311 3329 divino
1337 3276 1572 3343 opificio,
1602 3276 1785 3331 mundi
1826 3276 2038 3345 quidem
2062 3276 2286 3345 ligurum
2314 3294 2343 3331 a

794 3364 1061 3437 sapientia
1110 3363 1411 3419 conditoris
1460 3364 1835 3420 universorum
1878 3378 1999 3418 esse
2031 3363 2305 3419 inductam
2337 3404 2353 3427 ,

794 3454 1077 3511 materiam
1107 3462 1289 3508 autem
1328 3453 1669 3507 extrinsecus
1705 3450 1952 3505 Creatori
1984 3451 2261 3507 advectam
2293 3468 2357 3508 ac

795 3548 1094 3618 subjectam
1136 3547 1319 3613 fuisse,
1366 3549 1730 3615 mundumque
1778 3542 2132 3613 compositum
2181 3546 2356 3601 exsti-

798 3641 950 3708 tisse,
1000 3648 1184 3710 utpote
1238 3640 1330 3710 qui
1369 3638 1669 3707 subjectum
1710 3646 1767 3693 et
1811 3636 2101 3693 essentiam
2142 3636 2359 3693 aliunde

796 3728 1015 3793 habeat,
1047 3728 1271 3799 ﬁguram
1309 3743 1435 3782 vero
1456 3745 1518 3783 ac
1546 3728 1773 3783 formam
1823 3744 1853 3782 ιι
1909 3728 2020 3785 Deo
2059 3730 2354 3801 acceperit.

796 3818 934 3875 Hinc
966 3831 1143 3874 autem
1184 3818 1264 3883 tit,
1296 3827 1353 3870 ut
1384 3818 1551 3873 Deum
1582 3834 1831 3889 magnum
1866 3823 2234 3876 constitutioni
2267 3837 2355 3877 re-

796 3925 915 3966 rum
944 3909 1221 3981 prafuisse
1251 3908 1599 3984 lﬁnegent:
1646 3910 1742 3964 sed
1770 3923 1891 3965 eum
1926 3918 2176 3975 tanquam
2206 3926 2357 3982 sym-

794 4004 975 4061 boiam
1016 4004 1303 4075 quamdam
1345 4004 1701 4073 supplentem,
1742 4001 2006 4056 modicam
2066 4003 2358 4071 quamdam

796 4096 1098 4167 portionem
1139 4097 1207 4151 ad
1255 4111 1435 4151 rerum
1479 4095 1882 4167 generationem
1908 4093 1977 4151 de
2021 4093 2203 4165 seipso
2233 4109 2360 4151 con-

799 4188 987 4245 tulisse
1017 4207 1032 4243 :
1058 4189 1491 4258 quandoquidem
1534 4204 1644 4258 pra:
1696 4185 2166 4257 ratiocinatiouum
2201 4190 2357 4261 igno-

796 4281 1026 4347 bilitate,
1054 4280 1121 4334 ad
1149 4279 1395 4335 veritatis
1423 4280 1809 4334 sublimitatem
1845 4281 2113 4351 respicere
2140 4296 2248 4337 non
2269 4297 2358 4351 po-

800 4383 981 4437 tuere;
1006 4373 1131 4443 quia
1163 4382 1309 4427 artes
1334 4370 1422 4425 hic
1458 4372 1685 4425 materia
1724 4382 1849 4426 sunt
1877 4374 2229 4441 posteriores,
2271 4384 2358 4428 ut-

798 4473 923 4533 pote
954 4462 1023 4517 ob
1067 4476 1196 4517 usus
1244 4460 1623 4517 necessitatem
1680 4460 1733 4513 in
1796 4462 1963 4517 vitam
2008 4463 2351 4520 introductae.

2452 632 2849 702 κεχωρισμένη,
2897 633 2963 703 ἢν
2997 629 3326 701 παραλαϐὼν
3362 631 3391 683 ὁ
3426 629 3671 700 τεχνίτης
3706 632 3774 699 τῇ
3820 628 4020 682 ἐαυτοῦ

2454 721 2615 792 σοφίᾳ
2650 720 2955 792 ἐμόρφωσε,
2984 722 3078 774 καὶ
3118 722 3197 783 είς
3228 720 3379 786 τάξιν
3418 721 3614 790 ἢγαγε,
3648 721 3740 773 καὶ
3776 719 3921 772 οὑτω
3949 719 4021 772 δι’

2459 811 2629 881 αὐτῆς
2659 811 2884 864 οὑσίωσε
2924 810 2991 863 τά
3031 810 3303 882 ὁρώμενα.
3338 811 3399 863 Et
3450 811 3550 881 μὲν
3586 805 3679 864 οῦν
3723 810 4020 880 ἀγέννητος

2450 901 2610 973 αῦτη,
2659 902 2873 974 πρῶτον
2912 902 3010 974 μὲν
3056 903 3315 974 ὁμότιμος
3360 900 3436 972 τῷ
3490 901 3630 973 Θεῷ,
3680 901 3787 955 τῶν
3836 903 4023 956 αὐτῶν

2452 992 2755 1063 πρεσϐείων
2794 992 2906 1061 (95)
2951 993 3265 1064 ἀξιουμένη.
3312 988 3386 1047 Οὗ
3430 992 3481 1045 τί
3523 992 3589 1048 ἂν
3641 992 3848 1062 γίνοιτο
3889 996 4023 1048 ἀσε-

2453 1081 2733 1154 ϐέστερον,
2780 1082 2882 1153 τὴν
2932 1083 3139 1146 ἄποιον,
3188 1082 3287 1155 τὴν
3331 1083 3584 1149 ἀνείδεον,
3628 1083 3726 1155 τὴν
3783 1084 4026 1156 ἐσχάτην

2454 1172 2746 1244 ἀμορφίαν,
2778 1173 2840 1226 τὸ
2883 1172 3248 1227 ἀδιατύπωτον
3298 1169 3484 1245 αἶσχος
3525 1177 3666 1238 (τοῖς
3704 1175 3813 1246 γάρ
3840 1174 4025 1229 αὐτῶν

2455 1264 2674 1317 ἐκείνων
2728 1264 2840 1333 (96)
2898 1266 3246 1336 προσρήμασι
3315 1266 3627 1338 κέχρημαι)
3679 1268 3777 1339 τῆς
3842 1267 4021 1340 αὐτῆς

2455 1356 2738 1427 προεδρίας
2804 1356 3084 1422 ἀξιοῦσθαι
3146 1356 3223 1428 τῷ
3288 1358 3436 1430 σοφῷ
3493 1360 3586 1413 καὶ
3646 1359 3859 1430 δυνατῷ
3928 1362 4027 1414 καὶ

2456 1447 2718 1519 παγκάλῳ
2742 1448 3053 1521 δημιουργῷ
3083 1450 3177 1502 καὶ
3208 1451 3400 1525 κτίστῃ
3426 1451 3533 1504 τῶν
3570 1450 3745 1517 ὅλων;
3787 1452 4027 1505 Ἔπειτα

2454 1540 2503 1592 εί
2539 1540 2638 1610 μὲν
2676 1541 2908 1611 τοσαύτη
2955 1541 3103 1595 ἐστὶν
3150 1540 3283 1610 (97),
3322 1542 3463 1596 ὥστε
3504 1543 3633 1613 ὅλην
3665 1542 4026 1613 ὑποδέχεσθαι

2452 1633 2546 1686 τοῦ
2576 1631 2709 1687 Θεοῦ
2738 1633 2833 1705 τὴν
2861 1636 3201 1705 ἐπιστήμην·
3232 1636 3326 1687 καὶ
3351 1635 3513 1696 οὑτω,
3542 1636 3742 1707 τρόπον
3777 1635 3923 1699 τινά,
3955 1636 4025 1707 τῇ

2453 1722 2839 1794 ἀνεξιχνιάστῳ
2890 1724 2983 1777 τοῦ
3032 1724 3168 1778 Θεοῦ
3228 1724 3453 1795 δονάμει
3498 1724 4027 1797 ἀντιπαρεξάγουσιν

2456 1815 2624 1887 αὐτῆς
2663 1814 2760 1885 τὴν
2797 1814 3108 1881 ὑπόστασιν,
3152 1816 3310 1887 εἴπερ
3346 1815 3565 1887 ἐξαρκεῖ
3596 1816 3722 1885 ὅλην
3754 1815 3848 1870 τοῦ
3887 1814 4027 1870 Θεοῦ

2454 1908 2551 1977 τὴν
2581 1908 2793 1961 σύνεσιν
2821 1906 2887 1960 δι’
2912 1907 3109 1977 ἑαυτῆς
3138 1910 3424 1977 ἐκμετρείν
3442 1923 3455 1937 ·
3484 1909 3532 1959 εί
3566 1906 3623 1960 δέ
3648 1906 3886 1962 ἐλάττων
3912 1908 4025 1976 (98)

2456 1999 2489 2068 η
2520 1998 2619 2069 ῦλη
2656 2000 2753 2070 τῆς
2780 2000 2872 2053 τοῦ
2920 1999 3056 2053 Θεοῦ
3100 1999 3409 2072 ἐνεργείας,
3453 1999 3548 2052 καὶ
3576 1997 3747 2062 οὕτως
3784 2002 3863 2062 είς
3908 2002 4029 2054 ἀτο-

2457 2091 2703 2161 πωτέραν
2751 2093 3093 2165 βλασφημίαν
3124 2094 3303 2157 αὐτοῖς
3349 2095 3377 2147 ὑ
3422 2092 3575 2161 λόγος
3618 2090 3729 2161 (99)
3772 2108 4028 2165 περιτρα·

2456 2182 2708 2251 πήσεται,
2745 2182 2811 2234 δι’
2836 2182 3040 2236 ἔνδειαν
3066 2182 3198 2251 ῦλης
3221 2184 3499 2254 ἀπρακτον
3532 2180 3625 2236 καὶ
3663 2180 4027 2253 ἀνενέργητον

2452 2267 2562 2321 τῶν
2611 2268 2829 2322 οίκείων
2868 2269 3044 2341 ἔργων
3076 2271 3166 2324 τὸν
3194 2270 3327 2324 Θεὸν
3381 2271 3735 2342 κατεχόντων.
3778 2270 3919 2323 Ἀλλ’
3945 2271 4029 2338 ἐξ·

2454 2358 2701 2431 ηπάτησε
2724 2358 2833 2431 γάρ
2852 2360 3046 2421 αὐτοὺς
3065 2360 3161 2430 τῆς
3185 2361 3528 2434 ἀνθρωπίνης
3552 2362 3763 2433 φύσεως
3783 2364 3815 2433 ὴ
3844 2362 4025 2415 πενία.

2453 2450 2562 2504 Καὶ
2596 2452 2783 2523 ἐπειδὴ
2818 2453 2947 2523 παρ’
2975 2454 3108 2523 ἡμῖν
3137 2454 3340 2525 ἑκάστη
3375 2454 3537 2526 τέχνη
3571 2456 3699 2527 περί
3738 2472 3859 2509 τινα
3895 2453 4029 2526 om

2454 2541 2845 2612 ἀφωρισμένως
2888 2544 3201 2616 ὴσχόληται,
3231 2540 3341 2599 οἷον
3373 2546 3705 2619 χαλκευτικὴ
3757 2549 3855 2620 μιν
3890 2550 4024 2622 περὶ

2452 2632 2544 2687 τὸν
2592 2632 2830 2705 σίδηρον,
2882 2636 3168 2709 τεκτονικὴ
3219 2637 3277 2693 δέ
3318 2639 3446 2712 περ).
3482 2640 3551 2695 τά
3601 2639 3766 2705 ξύλα·
3818 2643 3915 2695 καὶ
3967 2643 4028 2696 ἐν

2452 2722 2664 2787 τούτοις
2694 2723 2821 2779 ἀλλο
2855 2725 2953 2795 μέν
2980 2726 3031 2778 τί
3059 2728 3132 2797 (ι)
3159 2731 3271 2781 ἐστι
3297 2728 3358 2783 τδ
3399 2731 3775 2802 ὑποκείμενον,
3809 2732 3940 2787 ἀλλο
3970 2732 4029 2787 δέ

2450 2816 2513 2870 τὸ
2551 2814 2719 2883 εἶδος,
2764 2816 2891 2871 ἀλλο
2917 2816 2972 2870 δέ
3002 2817 3063 2870 τὸ
3108 2819 3173 2871 ἐκ
3207 2820 3300 2873 τοῦ
3335 2821 3509 2885 εἴδους
3560 2822 4023 2895 ἀποτελούμενον·

2454 2909 2549 2962 καὶ
2595 2908 2741 2963 ἔστιν
2779 2911 2813 2981 η
2854 2910 2951 2982 μὲν
2979 2909 3078 2981 ῦλη
3113 2906 3310 2976 εξωθεν
3357 2913 3920 2987 παραλαμϐανομενη,
3966 2919 4029 2970 τὸ

2452 2996 2507 3054 δέ
2551 2996 2687 3064 εἶδος
2738 3001 2886 3074 παρά
2932 3003 3032 3073 τῆς
3069 3002 3263 3074 τέχνης
3312 3005 3775 3075 ἐφαρμζὸμενον,
3826 3005 4029 3061 ἀποτέ-

2453 3089 2626 3160 λεσμα
2658 3090 2715 3143 δέ
2743 3090 2803 3145 τὸ
2842 3091 2901 3157 ἐξ
2942 3093 3141 3164 ἀμφοῖν
3185 3093 3567 3164 συντιθέμενον
3601 3093 3665 3148 ῑκ
3707 3110 3768 3147 τε
3805 3095 3901 3149 τοῦ
3947 3097 4029 3149 εί-

2454 3177 2573 3241 δους
2603 3179 2821 3251 καὶτῆς
2848 3180 3007 3253 ὕλης·
3039 3182 3212 3250 οὕτως
3249 3184 3449 3240 οίονται
3479 3186 3574 3240 καὶ
3606 3186 3700 3240 ἐπὶ
3725 3185 3828 3257 τῆς
3861 3186 4015 3255 θείας

2458 3269 2835 3342 δημιουργίας,
2878 3273 2939 3326 τὸ
2978 3274 3076 3343 μὲν
3109 3276 3293 3349 σχῆμα
3336 3277 3431 3332 τοῦ
3466 3278 3671 3350 κόσμου
3730 3279 3883 3353 παρά
3926 3280 4029 3351 τῆς

2456 3361 2649 3430 σοφίας
2691 3362 2928 3433 ἐπῆχθαι
2972 3364 3048 3435 (2)
3094 3365 3187 3420 τοῦ
3218 3368 3442 3439 ποιητοῦ
3492 3371 3599 3424 τῶν
3638 3370 3796 3436 ὅλων,
3842 3371 3940 3445 τὴν
3969 3372 4030 3429 δι

2458 3449 2587 3519 ὓλην
2622 3451 2821 3516 ἐξωθεν
2857 3454 3259 3527 ὑποϐεϐλῆσθαι
3296 3458 3374 3531 τῷ
3418 3461 3695 3528 κτίσαντι,
3732 3464 3826 3519 καὶ
3868 3481 4028 3535 γεγε-

2459 3540 2654 3611 νῆσθαι
2702 3542 2797 3595 τὸν
2844 3545 3044 3615 κόσμον
3091 3549 3361 3616 σύνθετον,
3404 3552 3463 3607 τὺ
3521 3554 3618 3625 μὲν
3672 3558 4029 3630 ὑποκείμενον

2459 3631 2552 3684 καὶ
2588 3632 2686 3703 τὴν
2712 3633 2897 3687 οὐσίαν
2947 3635 3213 3707 ἑτέρωθεν
3252 3637 3462 3708 ιχοντα,
3500 3642 3562 3695 τὸ
3602 3642 3660 3701 δέ
3702 3643 3889 3716 σχῆμα
3932 3647 4029 3701 καὶ

2455 3722 2553 3795 τὴν
2592 3724 2804 3797 μορφὴν
2828 3724 2983 3798 παρὰ
3017 3724 3154 3780 Θεοῦ
3198 3728 3589 3800 προσλαϐόντα.
3623 3734 3717 3787 Ἐκ
3742 3736 3798 3789 δέ
3836 3737 4027 3793 τούτου

2456 3817 2639 3879 αὐτοῖς
2679 3817 2910 3889 ὑπάρχει
2950 3817 3227 3891 ἀρνεῖσθαι
3277 3820 3376 3891 μὲν
3416 3821 3509 3875 τὸν
3551 3823 3724 3893 μέγαν
3752 3825 3884 3881 Θεὸν
3926 3830 4027 3899 τῆς

2459 3908 2762 3973 συστάσεως
2799 3909 2906 3963 τῶν
2934 3910 3101 3964 ὄντων
3132 3912 3555 3985 προεστηκεναι,
3585 3909 3697 3968 οἷον
3738 3915 3794 3968 δέ
3829 3919 4025 3990 ἐράνου

2457 3998 2600 4061 τινὸς
2643 3997 2950 4070 πληρωτὴν,
2991 4000 3178 4071 ὀλίγην
3222 4002 3346 4057 τινά
3394 4006 3589 4077 μοῖραν
3638 4007 3718 4071 είς
3768 4006 3867 4080 τὴν
3915 4010 4027 4064 τῶν

2458 4087 2625 4143 ὄντων
2662 4089 2873 4158 γένεσιν
2908 4093 3039 4160 παρ’
3073 4093 3265 4147 ἐαυτοῦ
3300 4095 3738 4169 συμϐεϐλῆσθαι·
3770 4101 3832 4154 οὐ
3869 4100 4029 4171 δυνη-

2461 4178 2642 4243 θέντες
2672 4180 2758 4234 διά
2798 4180 3072 4253 λογισμῶν
3101 4184 3465 4255 ταπεινότητα
3494 4188 3630 4259 πρὸς
3670 4189 3732 4241 τὸ
3773 4189 3908 4259 ὑᾷος
3950 4193 4024 4262 (5)

2458 4272 2668 4327 ἀπιδεῖν
2714 4274 2811 4345 τῆς
2864 4274 3119 4347 ἀληθείας
3136 4276 3274 4329 θὸτι
3315 4275 3548 4330 ἐνταῦθα
3592 4278 3691 4348 μιν
3736 4282 3793 4333 at
3842 4282 4025 4351 τέχναι

2460 4367 2568 4421 τῶν
2619 4365 2759 4422 ὑλῶν
2821 4366 3077 4440 ὕστεραι,
3118 4366 3207 4421 διά
3251 4368 3312 4423 τὸ
3355 4368 3646 4438 ἀναγκαῖον
3694 4368 3792 4441 τῆς
3841 4370 4025 4441 χρείας

2460 4459 2905 4531 παρεισαχθεῖσαι
2950 4460 3028 4533 τῷ
3066 4460 3182 4534 βίῳ.
3227 4462 3299 4517 Τὸ
3346 4464 3445 4533 μὲν
3477 4464 3586 4538 γὰρ
3630 4463 3777 4536 ιριον
3822 4470 4026 4537 προὺπ-

798 4553 947 4609 Lana
967 4553 1110 4608 enim
1150 4553 1297 4622 prius
1330 4554 1535 4608 exstitit
1567 4571 1581 4609 :
1608 4568 1698 4609 ars
1738 4566 1867 4608 vero
1897 4556 2123 4609 testoria
2146 4570 2361 4613 succes-
2393 4548 2435 4603 D
2462 4552 2468 4580 ‘

2354 4587 2361 4597 .
2393 4548 2435 4603 D
2462 4550 2650 4622 ἦρχεν,
2690 4554 2722 4623 ἡ
2760 4552 2815 4606 δέ
2884 4555 3148 4626 ὑφαντικὴ
3209 4556 3517 4624 ἐπεγένετο,
3562 4557 3624 4611 τὸ
3659 4558 3761 4628 τῆς
3810 4558 4024 4629 φύσεως

799 4642 1179 4712 slt,defectnm
1231 4654 1440 4700 natura:
1483 4659 1550 4699 ex
1591 4659 1650 4701 se
1683 4644 1969 4717 expletura
2028 4645 2120 4701 Sic
2151 4646 2353 4717 lignum

797 4737 1014 4809 quidem
1041 4747 1159 4793 erat
1188 4754 1202 4791 :
1230 4751 1295 4791 ac
1326 4737 1621 4792 succedens
1648 4754 1738 4793 ars
1765 4738 2014 4808 lignaria,
2046 4740 2270 4793 materia
2294 4740 2358 4793 ad

802 4843 934 4885 usus
962 4828 1205 4896 quotidie
1230 4826 1496 4898 expetitos
1515 4825 1868 4895 conformata,
1901 4827 2169 4898 lignorum
2204 4828 2357 4883 nobis

799 4921 1037 4979 ostendit
1069 4922 1376 4987 utilitatem,
1411 4919 1595 4977 nautis
1626 4933 1856 4985 remum,
1894 4920 2147 4990 agricolis
2185 4923 2360 4974 venti-

871 5148 982 5223 (95)
1016 5149 1205 5223 _Editi_o
1262 5148 1749 5223 Βατία-ὁμότιμος
1810 5150 1962 5205 ῑσται
2018 5152 2127 5206 τῶν
2179 5148 2356 5207 αὑτῶν

799 5219 1123 5290 πρεσϐείων.
1146 5219 1214 5273 Δί
1239 5221 1403 5275 editio
1442 5219 1601 5277 Basil.
1639 5219 1709 5276 ita
1735 5232 1789 5275 nt
1822 5222 2105 5276 edidimus.

871 5288 984 5359 (96)
1008 5290 1099 5344 δίο
1126 5302 1327 5359 Ieptem
1364 5306 1492 5347 mss.
1535 5292 1647 5347 Vox
1673 5292 1897 5347 ἐκείνων
1939 5292 1992 5347 in
2028 5291 2187 5347 editis
2214 5292 2359 5348 desi—

804 5358 1089 5499 dﬁgirilﬁ
1118 5428 1284 5499 code!
1323 5429 1564 5486 Combef.
1591 5442 1645 5486 et
1672 5430 1760 5485 alii
1792 5442 2015 5499 septem.
2048 5430 2225 5485 Editio
2256 5429 2356 5484 Pa-

808 5494 904 5569 ris.
940 5497 1125 5569 ῑπειτα
1161 5498 1217 5569 δέ
1244 5500 1476 5569 τοσαύτη
1516 5502 1686 5556 ἔσται.
1739 5494 1915 5558 Editio
1970 5501 2135 5555 Basil.
2174 5499 2361 5555 ἔπειτα

814 5561 1169 5642 μὲν-τοσαύτη
1206 5567 1372 5625 ἐστίν.
1412 5561 1527 5622 ni»:
1553 5572 1703 5627 Culb.
1728 5574 1929 5627 urimus
1955 5570 2180 5642 δυνάμει
2231 5572 2353 5624 ἀντ-

815 5629 1077 5696 meam
1084 5629 1184 5685 σιν.

912 5698 1003 5772 98)
1029 5696 1140 5759 Illa,
1174 5702 1304 5772 sibi
1330 5705 1584 5769 ἐλάττων,
1624 5708 1696 5761 ita
1741 5709 1807 5761 ad
1838 5709 2058 5762 verbum
2090 5710 2357 5772 interpre-

829 5770 923 5843 tati
948 5780 1171 5843 sumus:
1200 5770 1243 5843 si
1266 5786 1379 5822 vero
1411 5774 1628 5825 materia
1661 5776 1960 5841 operatione
2007 5775 2100 5829 Dei
2134 5770 2357 5843 inferior

830 5839 926 5888 εει,
953 5830 1053 5883 hoc
1069 5842 1169 5895 est,
1200 5836 1244 5886 si
1270 5853 1381 5890 cere
1402 5843 1621 5893 materia
1639 5830 1712 5896 ssi
1733 5844 1999 5897 deterioris
2026 5830 2357 5911 conditionis,

2465 4640 2643 4692 ἐνδέον
2678 4645 2805 4712 παρ’
2833 4644 3027 4713 ἑαυτῆς
3073 4645 3438 4718 ἐκπληροῦσα.
3483 4648 3593 4702 Καὶ
3626 4648 3686 4702 τὸ
3730 4650 3829 4718 μέν
3873 4648 4023 4715 ξύλον

2464 4730 2553 4806 ἦν,
2582 4734 2860 4805 τεκτονικὴ
2899 4735 2955 4788 δὲ
2988 4736 3396 4810 παραλαϐοῦσα,
3437 4740 3575 4813 πρὸς
3602 4739 3680 4809 (ι)
3709 4739 3806 4810 τὴν
3835 4740 4022 4813 ἐπιζη·

2462 4826 2732 4898 τουμένην
2780 4826 3039 4880 ἑκάστοτε
3078 4830 3261 4900 χρείαν
3310 4829 3682 4901 διαμορφοῦσα
3726 4829 3825 4903 τὴν
3870 4832 4017 4903 ὑλην,

2464 4922 2561 4992 τὴν
2618 4920 2943 4993 εὐχρηστίαν
2976 4923 3106 4993 ἡμῖν
3148 4924 3255 4979 τῶν
3308 4922 3478 4988 ξύλων
3518 4923 3791 4993 ὑπέδειξε,
3833 4924 4019 4996 κώπην

2461 5168 2616 5221 quam
2652 5163 2706 5206 ut
2746 5153 2836 5206 Dei
2861 5156 3090 5221 operatio
3114 5154 3182 5207 ad
3205 5169 3317 5207 eam
3344 5169 3455 5208 sese
3480 5159 3742 5207 extendat.

2533 5219 2640 5294 (99)
2675 5219 3074 5294 (EditiogBasil.
3116 5236 3175 5294 et
3196 5224 3411 5294 (auitiqni
3452 5240 3545 5279 sex
3592 5226 3714 5279 libri
3762 5223 3943 5290 αὑτοῖς
3990 5226 4012 5278 ἑ

2462 5290 2636 5360 λόγοςζ
2656 5293 2847 5363 Ειίίιὶον
2868 5292 2939 5347 Pa
2950 5294 3039 5350 ris.
3069 5293 3245 5347 αὐτῶν
3267 5296 3295 5345 ὁ
3318 5293 3494 5363 λόγος.

2535 5364 2611 5431 (i)
2652 5362 2725 5416 Ita
2757 5362 2967 5417 codices
2990 5374 3215 5428 septem.
3250 5361 3408 5416 Deest
3433 5380 3485 5415 τι
3516 5365 3567 5417 in
3596 5361 3848 5430 vulgatis.

2466 5432 2791 5555 ωὲἲθξριὺ.
2822 5434 3026 5500 primus
3050 5432 3310 5503 ὑπῆχθαι.
3342 5433 3461 5487 Mox
3510 5436 3651 5489 idem
3706 5435 3877 5489 codex
3931 5433 4019 5505 p.-

2638 5520 2717 5555 αι.

2531 5570 2778 5639 (5)(1011).
2817 5572 3153 5644 primusgsl;
3188 5573 3249 5627 τδ
3294 5570 3447 5644 ὕψος.
3485 5570 3651 5627 Paulo
3704 5582 3829 5643 post
3869 5571 4013 5630 σου).

2462 5644 2725 5714 δκοιιηιῂιε
2756 5641 3222 5714 παρεισήχθησαν.

2533 5712 2622 5785 (ὁ)
2644 5709 3435 5785 ΕιίίιξιιξΡυτὶἑξζπαραλαϐοῦσα
3463 5712 3555 5766 καὶ
3581 5711 3738 5783 πρός.
3772 5709 3877 5767 Sed
3898 5725 4018 5785 cna-

2458 5780 2664 5855 iunctio
2693 5781 2784 5855 καί
2816 5783 2866 5855 in
2899 5782 3081 5855 multis
3129 5780 3259 5840 inss.
3285 5801 3388 5840 nun
3420 5780 3711 5855 reperitur,
3736 5796 3915 5852 neque
3962 5780 4015 5837 il

2464 5850 2697 5905 editione
2728 5849 3039 5907 Basileensi.
