4230 6530
219 464 293 520 37,
1350 447 1636 504 llOMlLlA
1677 445 1719 498 ll
1761 443 1826 497 lN
1871 439 2368 496 llEXAEMERON.
3408 431 3478 486 36

221 580 325 650 μιν
367 574 628 637 ναύταις,
661 572 927 641 γεωργοῖς
970 569 1025 622 δὲ
1060 567 1246 630 πτύον,
1296 565 1543 626 ὁπλίταις
1578 561 1633 614 δὲ
1673 559 1800 630 δόρυ
1832 563 1877 620 Α

1832 563 1877 620 Α
1910 557 2146 621 labrum,
2177 564 2231 609 et
2258 553 2487 609 armatis
2515 552 2778 608 militibus
2798 552 3008 607 hastam
3040 549 3480 607 subministrans.

218 666 594 740 παρεχομένη.
633 664 690 718 '0
728 662 785 715 δὲ
818 662 971 725 Θεὸς,
1002 659 1131 731 πρίν
1168 674 1221 710 τι
1253 656 1363 708 τῶν
1407 653 1500 707 νῦν
1537 652 1610 719 (5)
1659 652 1800 720 ὁρω-

223 766 403 837 μένων
453 758 736 830 γενέσθαι,
785 758 864 821 είς
898 753 1019 808 νοῦν
1073 750 1368 822 βαλόμενος
1419 747 1511 799 κα).
1555 743 1803 814 ὁρμήσας

218 857 453 924 ἀγαγεῖν
487 855 568 916 εἰς
615 851 826 920 γένεσιν
871 847 938 900 τὰ
990 846 1064 918 μὴ
1110 845 1276 906 ὅντα,
1320 838 1456 912 ὁμοῦ
1494 857 1553 891 τε
1585 837 1804 908 ἐνόησεν

219 949 405 1000 ὁποῖόν
430 963 550 999 τινα
575 943 682 1015 χρὴ
709 942 799 995 τὸν
826 940 1029 1010 κόσμον
1061 932 1226 998 εἶναι,
1251 935 1344 990 καὶ
1370 933 1448 1002 τῷ
1479 931 1610 984 εἴδει
1638 929 1804 983 αὑτοῦ

221 1043 324 1112 τὴν
359 1038 704 1110 ἁρμόζουσαν
751 1033 883 1103 ὓλην
928 1028 1384 1099 συναπεγέννησε.
1432 1025 1543 1078 Καὶ
1591 1021 1807 1095 οὐρανῷ

226 1132 326 1200 μὲν
362 1130 609 1201 ἀφώρισε
655 1127 752 1198 τὴν
783 1123 996 1196 οὐρανῷ
1039 1123 1358 1195 πρέπουσαν
1387 1119 1583 1189 φύσιν·
1629 1115 1707 1187 τῷ
1750 1115 1806 1168 δὲ

224 1221 325 1290 τῆς
368 1221 473 1290 γῆς
504 1220 744 1288 σχήματι
772 1216 870 1286 τὴν
904 1215 1111 1268 οἰκείαν
1140 1213 1276 1282 αὐτῇ
1312 1211 1407 1264 κα)⁵
1449 1207 1807 1278 ὀφειλομένην

222 1309 415 1362 ουσίαν
443 1306 704 1361 ὑπέϐαλε.
732 1304 852 1376 Πῦρ
879 1304 935 1357 δὲ
963 1303 1055 1356 καὶ
1098 1299 1241 1372 ὕδωρ
1274 1303 1368 1354 καὶ
1413 1301 1550 1371 ἀέρα
1589 1299 1808 1366 διεσχη-

230 1401 426 1473 μάτισέ
465 1417 524 1452 τε
547 1399 623 1462 ὡς
646 1397 720 1467 (6)
750 1395 1018 1458 ἐδούλετο,
1048 1395 1141 1447 καὶ
1170 1393 1250 1457 είς
1279 1393 1466 1445 οὐσίαν
1496 1392 1702 1462 ἤγαγεν
1734 1390 1810 1453 ὡς

222 1497 256 1547 ὁ
302 1493 530 1546 ἑκάστου
583 1490 739 1559 λόγος
781 1489 888 1542 τῶν
938 1484 1240 1556 γινομένων
1288 1483 1507 1554 ἀπῄτει.
1552 1483 1714 1536 Ὅλον
1755 1481 1812 1533 δὲ

227 1588 317 1639 τὸν
369 1583 571 1653 κόσμον
619 1580 983 1651 ἀνομοιομερῆ
1020 1577 1355 1648 τυγχάνοντα
1399 1577 1661 1646 ἀρῤήκτῳ
1708 1574 1813 1626 τιν),

231 1678 413 1747 φιλίας
440 1675 623 1748 δεσμῷ
675 1675 751 1743 (7)
795 1675 874 1736 εἰς
917 1672 1045 1742 μίαν
1092 1670 1377 1727 κοινωνίαν
1409 1670 1501 1722 καὶ
1545 1667 1814 1737 ἁρμονίαν

234 1768 554 1838 συνέδησεν·
587 1767 727 1819 ῶστε
767 1764 862 1819 καὶ
894 1764 964 1817 τὰ
994 1764 1242 1816 πλεῖστον
1285 1763 1528 1834 ἀλλήλων
1554 1765 1620 1831 τῇ
1669 1760 1814 1813 θέσει

227 1860 557 1931 διεστηκότα
590 1858 830 1929 ἡνῶσθαι
852 1857 1027 1910 δοκεῖν
1045 1857 1131 1910 διὰ
1158 1856 1255 1926 τῆς
1286 1853 1648 1926 συμπαθείας.
1679 1852 1817 1904 [lau-

1909 651 1978 704 At
1997 663 2125 704 vero
2150 649 2312 712 Deus,
2337 648 2651 716 priusquam
2671 645 2942 716 quidpiam
2963 659 3148 700 eorum
3183 659 3303 713 qua;
3344 661 3486 700 nunc

1911 743 2162 797 videntur
2196 741 2536 803 exstitisset,
2581 755 2702 795 cum
2753 739 2806 792 in
2841 738 3082 792 animum
3144 738 3446 793 induxisset
3471 779 3486 802 .

1911 834 2300 900 statuissetque
2325 849 2387 889 ea
2419 849 2539 904 quae
2571 847 2676 887 non
2706 842 2862 888 erant
2886 835 2936 885 in
2968 831 3144 885 lucem
3171 834 3331 886 cdere
3365 855 3376 887 :
3416 833 3492 886 si-

1916 928 2022 982 mul
2047 937 2210 996 atque
2232 926 2487 996 cogitavit
2509 926 2860 996 qualemuam
2893 925 3151 979 tnundum
3186 939 3309 980 esse
3339 941 3498 994 opor-

1914 1028 2075 1084 teret,
2136 1018 2418 1072 materiam
2478 1018 2667 1072 forma:
2721 1017 2891 1085 ipsius
2921 1016 3331 1070 convenientem
3370 1031 3496 1084 pro-

1918 1114 2092 1168 duxit.
2127 1114 2193 1168 Et
2230 1112 2370 1168 caelo
2419 1112 2637 1182 quidem
2695 1120 2938 1163 naturam
2979 1110 3294 1179 assignavit,
3350 1110 3494 1163 coelo

1920 1202 2330 1257 convenientem
2365 1219 2380 1256 :
2426 1202 2614 1272 ﬁgura:
2654 1216 2783 1255 vero
2814 1209 2970 1254 terra:
3008 1214 3302 1267 congruam
3345 1201 3495 1253 debi-

1920 1305 2135 1361 tamque
2165 1294 2526 1348 sttbstantiatn
2561 1294 2810 1362 subjecit.
2837 1293 3016 1362 Ignem
3043 1303 3249 1357 autem,
3281 1308 3496 1361 aquatu-

1919 1401 2022 1454 que
2051 1393 2104 1438 et
2125 1399 2330 1450 aerem,
2367 1387 2442 1438 uti
2483 1386 2684 1451 voluit,
2728 1386 3086 1439 confortnavit
3115 1426 3130 1452 ,
3182 1397 3238 1440 et
3273 1388 3339 1440 ad
3367 1387 3495 1441 sub-

1919 1477 2174 1530 stantiam
2215 1477 2417 1540 evexit,
2461 1486 2617 1544 prout
2646 1478 2975 1546 singularum
3026 1494 3206 1532 rerum
3243 1493 3364 1546 quae
3396 1478 3495 1532 ﬁe-

1922 1571 2071 1633 bant,
2098 1569 2235 1624 ratio
2260 1569 2586 1641 postulabat.
2612 1570 2878 1624 Caeterum
2908 1571 3167 1625 mundum
3203 1581 3372 1626 totum
3411 1572 3496 1626 di-

1923 1664 2096 1718 versis
2145 1663 2392 1732 partibus
2440 1671 2781 1717 constantem
2849 1663 3206 1718 indissolubili
3256 1664 3494 1733 quodam

1923 1755 2173 1808 amicitia:
2204 1755 2418 1810 vinculo
2447 1755 2499 1808 in
2532 1771 2690 1809 unam
2725 1756 3036 1810 societatem
3069 1765 3123 1808 et
3149 1757 3494 1810 harmoniam

1924 1845 2196 1915 colligavit
2225 1862 2239 1898 :
2275 1846 2407 1900 adeo
2441 1857 2498 1898 ut
2523 1862 2584 1900 ea
2613 1850 2772 1901 etiam
2803 1863 2920 1916 qua:
2954 1847 3238 1916 plurimum
3263 1850 3406 1903 inter
3432 1863 3490 1903 se

236 1953 525 2009 σάσθωσαν
563 1946 659 2004 οὖν
694 1951 932 2021 μυθικῶν
973 1948 1329 2019 πλασμάτων,
1373 1950 1430 2000 ἐν
1467 1949 1533 2016 τῇ
1565 1945 1819 2014 ἀσθενείᾳ⁴
1851 1946 1892 2001 Β

1851 1946 1892 2001 Β
1921 1937 2024 1990 situ
2052 1938 2274 2004 distant,
2296 1937 2544 2008 coniungi
2573 1953 2669 2006 per
2698 1949 3016 1992 concentum
3037 1940 3337 1994 videantur.
3365 1942 3498 1996 Ces-

239 2046 346 2100 τῶν
384 2044 600 2098 οἰκείων
628 2042 904 2114 λογισμῶν
933 2043 1032 2112 τὴν
1061 2039 1444 2108 ἀκατάληπτον
1477 2037 1717 2098 διανοίας
1746 2036 1820 2105 (8)

239 2137 334 2191 καὶ
373 2138 578 2205 ἄφατον
621 2134 899 2196 παντελῶς
944 2132 1256 2204 ἀνθρωπίνῃ
1293 2134 1443 2202 φωνῇ
1476 2129 1705 2200 δύναμιν
1736 2131 1826 2181 ὲκ-

238 2229 587 2300 μετροῦντες.

308 2405 363 2460 5.
418 2403 739 2469 Ἐποίησεν
792 2405 824 2454 ό
879 2401 1026 2468 Θεὸς
1076 2402 1180 2455 τὸν
1238 2399 1497 2468 οὐρανὸν
1556 2398 1653 2451 καὶ
1712 2397 1825 2462 τὴν

241 2496 387 2565 γῆν·
428 2496 526 2547 οὐκ
564 2493 623 2557 ἐξ
664 2493 914 2563 ἡμισείας
961 2495 1239 2564 ἑκάτερον,
1284 2491 1396 2544 ἀλλ’
1433 2489 1552 2542 ὅλον
1600 2488 1826 2559 οὐρανὸν

242 2592 338 2640 καὶ
375 2586 502 2656 ὁλην
533 2586 657 2655 γῆν,
701 2585 868 2657 αὐτὴν
907 2586 1004 2655 τὴν
1045 2583 1227 2637 οὐσίαν
1254 2581 1329 2650 τῷ
1371 2581 1502 2633 εἴδει
1541 2580 1830 2649 συνειλημ-

249 2678 437 2747 μένην.
491 2677 626 2746 Οὐχὶ
686 2676 794 2746 γὰρ
847 2674 1141 2746 σχημάτων
1198 2673 1343 2724 ἐστὶν
1406 2671 1663 2742 εὑρέτης,
1713 2669 1826 2722 ἀλλ’

245 2773 417 2843 αὐτῆς
449 2773 548 2843 τῆς
572 2772 785 2842 φύσεως
810 2770 916 2823 τῶν
939 2770 1105 2822 ὄντων
1130 2767 1479 2838 δημιουργός.
1515 2765 1665 2818 Ἐπεὶ
1692 2767 1828 2817 ἀπο-

241 2865 616 2936 κρινέσθωσαν
645 2863 718 2934 (9)
744 2865 897 2933 ἡμῖν,
934 2861 1051 2921 πῶς
1090 2860 1341 2930 ἀλλήλοις
1377 2857 1664 2926 συνέτυχον
1697 2857 1730 2925 ἦ
1767 2871 1826 2906 τε

237 2957 508 3028 δραστικὴ
543 2955 635 3008 τοῦ
681 2955 815 3008 Θεοῦ
860 2954 1086 3024 δύναμις
1129 2955 1221 3006 καὶ
1261 2955 1293 3021 ἡ
1344 2949 1618 3020 παθητικὴ
1665 2948 1827 3018 φύσις

244 3051 347 3119 τῆς
379 3049 539 3118 ὕληςο
570 3050 602 3118 ἡ
643 3048 738 3119 μὲν
766 3047 827 3099 τὸ
860 3045 1214 3114 ὑποκείμενον
1262 3043 1610 3114 παρεχομένη
1660 3043 1826 3112 χωρὶς

247 3141 486 3212 μορφῆς,
527 3141 554 3192 ό
597 3140 653 3191 δὲ
683 3139 790 3190 τῶν
824 3136 1118 3207 σχημάτων
1177 3133 1275 3206 τὴν
1329 3137 1640 3205 ἐπιστήμην
1690 3133 1829 3203 ἔχων

247 3235 377 3287 ἄνευ
404 3234 504 3302 τῆς
535 3231 687 3302 ὕλης,
723 3231 788 3283 ἵν’
815 3231 1058 3302 ἐκατέρῳ
1081 3230 1144 3282 τὸ
1189 3231 1364 3283 ἐνδέον
1407 3231 1556 3299 παρὰ
1600 3230 1827 3301 θατέρου

247 3325 514 3392 γένηται·
543 3322 621 3392 τῷ
657 3322 754 3392 μὲν
795 3322 1114 3394 δημιουργῷ
1148 3323 1208 3374 τὸ
1242 3322 1385 3391 ἔχειν
1419 3323 1551 3375 ὅπου
1603 3325 1700 3393 τὴν
1739 3323 1828 3375 τέ-
1857 3357 1899 3412 C

249 3432 384 3486 χνην
415 3413 807 3486 ἐνεπιδείξηται
836 3416 969 3485 (ω),
1002 3419 1066 3485 τῇ
1099 3414 1155 3465 δὲ
1185 3413 1285 3483 ὕλῃ
1314 3412 1374 3464 τὸ
1404 3414 1699 3467 ἀποθέσθαι
1730 3416 1826 3483 τὴν

247 3506 530 3577 ἀμορφίαν
577 3507 669 3559 καὶ
715 3505 809 3558 τοῦ
845 3507 1017 3568 εἴδους
1049 3505 1147 3575 τὴν
1181 3504 1454 3576 στέρησιν.
1497 3505 1654 3557 Ἀλλά
1699 3506 1828 3576 περὶ

253 3600 354 3671 μὲν
415 3600 616 3652 τούτων
650 3599 742 3651 ἐπὶ
804 3598 1085 3652 τοσοῦτον·
1139 3597 1275 3669 πρὸς
1314 3597 1369 3649 δὲ
1429 3598 1488 3651 τὸ
1537 3596 1595 3662 ἐξ
1653 3599 1826 3668 ἀρχῆς

253 3692 585 3762 ἐπανίωμεν.
624 3691 690 3746 Ἦ
718 3690 785 3743 δὲ
808 3689 882 3760 γῆ
913 3687 989 3760 ἦν
1011 3691 1263 3759 ἀόρατος
1288 3691 1385 3743 καὶ
1420 3692 1832 3744 ἀκατασκεύω-

253 3802 402 3849 στος
454 3783 587 3854 (Η).
630 3782 849 3845 Εἰπὼν,
907 3783 1008 3835 Ἐν
1057 3781 1213 3849 ἀρχῇ
1267 3781 1556 3848 ἐποίησεν
1597 3785 1628 3834 ό
1687 3781 1831 3846 Θεὸς

256 3874 362 3925 τὸν
409 3875 668 3939 οὐρανὸν
709 3877 806 3927 καὶ
853 3875 964 3939 τὴν
1011 3872 1157 3942 γῆν,
1211 3872 1378 3926 πολλά
1424 3871 1829 3940 ἀπεσιώπησεν,

257 3965 422 4034 ὕδωρ,
448 3965 606 4035 ἀέρα,
636 3965 767 4035 πῦρ,
792 3965 858 4016 τὰ
886 3968 947 4016 ὲκ
973 3966 1174 4017 τούτων
1205 3965 1624 4033 ἁπογεννώμενα
1653 3965 1796 4034 πάθη
1815 3981 1828 3994 ·

253 4056 290 4110 ἃ
325 4055 503 4107 πάντα
555 4055 652 4124 μὲν
701 4055 774 4118 ὡς
825 4055 1258 4124 συμπληρωτικὰ
1309 4056 1404 4107 τοῦ
1455 4057 1656 4125 κόσμου
1707 4073 1831 4107 συνσ-

253 4149 467 4220 υπέστη
500 4148 578 4219 τῷ
609 4149 771 4202 παντὶ
805 4148 1045 4219 δηλονότι
1077 4147 1183 4217 (1‘2)
1208 4165 1221 4178 '
1250 4148 1519 4218 παρέλιπε
1547 4149 1656 4218 δὲή
1696 4151 1834 4202 ἱστο-

258 4240 373 4310 ρία,
403 4239 492 4291 τὸν
523 4239 784 4311 ἡμέτερον
811 4239 932 4291 νοῦν
959 4239 1307 4308 γυμνάζουσα
1339 4239 1472 4308 πρὸς
1498 4240 1830 4309 ὲντρέχεεαν,

255 4331 318 4396 ἐξ
362 4331 557 4399 ὀλίγων
602 4330 863 4401 ἀφορμῶν
925 4331 1267 4401 παρεχομένη
1323 4330 1720 4397 ἐπιλογίζεσθαι
1769 4332 1836 4383 τὰ

257 4423 573 4492 λειπόμενα.
616 4423 766 4476 Ἐπεὶ
793 4419 886 4476 οὖν
927 4423 1026 4476 οὐκ
1063 4422 1276 4495 εἴρηται
1322 4423 1448 4493 περὶ
1486 4421 1578 4474 τοῦ
1624 4421 1833 4484 ὓδατος,

257 4517 342 4569 ὅτι
387 4515 638 4581 ἐποίησεν
675 4517 703 4567 ό
737 4514 888 4577 Θεὸς,
921 4515 1132 4583 εἴρηται
1173 4514 1249 4575 δὲ,
1296 4515 1376 4566 ὅτι
1421 4515 1648 4584 ἀόρατος
1688 4509 1755 4584 ἦν
1804 4517 1836 4585 ἡ

258 4606 366 4677 γῆ’
413 4607 602 4660 σκόπει
653 4607 715 4659 σὺ
756 4604 898 4656 κατὰ
947 4603 1168 4656 σεαυτὸν
1213 4603 1318 4655 τίνι
1369 4604 1835 4672 παραπετάσματι

339 4827 417 4899 (5)
448 4829 626 4885 Codex
687 4829 932 4899 Combef.
961 4839 1011 4883 et
1065 4830 1154 4883 alii
1215 4842 1310 4899 sex
1341 4825 1446 4878 τῶν
1473 4825 1567 4879 νῦν
1628 4828 1826 4884 Vocula
1862 4834 1904 4888 ι)

266 4898 364 4956 νυν
387 4898 440 4952 in
471 4901 629 4954 editis
653 4902 858 4955 deerat.
890 4898 1009 4952 Mox
1037 4900 1199 4954 Coisl.
1233 4898 1440 4967 primus
1471 4909 1526 4950 et
1547 4899 1698 4953 Colb.
1744 4901 1828 4953 iti-

266 4976 386 5027 dem
428 4971 632 5038 primus
675 4987 794 5024 cum
849 4971 1028 5038 Regiis
1092 4979 1324 5038 quatuor
1367 4967 1692 5038 βαλόμενος,
1737 4980 1830 5023 aut

263 5037 609 5112 βαλλόμενος.
643 5039 780 5095 Editi
820 5051 876 5096 et
896 5037 1159 5112 tluo‘ntss.
1199 5037 1510 5112 λαϐόμενος.

336 5108 656 5183 (6)‘Auti_qui
702 5128 795 5167 sex
852 5111 972 5166 libri
999 5108 1414 5181 διεσχημάτισέν
1445 5128 1503 5164 τε
1534 5109 1627 5172 ὡς.
1688 5109 1827 5164 Editi

262 5181 722 5252 καὲεσχημάτισε.

337 5255 413 5323 (7)
437 5249 620 5323 (ΞΟΠ).Δ
647 5255 849 5323 primus
878 5261 933 5305 et
971 5249 1442 5323 Coislasecundus
1488 5250 1658 5323 et_ali_i
1693 5265 1827 5323 qua-

266 5318 403 5377 tuon
421 5321 568 5391 Regii
599 5320 857 5392 ἀρῤήκτῳ
893 5322 1000 5374 τινὶ
1045 5318 1222 5392 φιλίας
1270 5319 1452 5390 θεσμῷ
1477 5359 1490 5383 ,
1525 5320 1830 5392 ξηυὶίηεὶὺιίὶ

263 5389 771 5465 ᾳιιαιίαηιίιιηιὶὸίιίὲε
802 5389 931 5465 lege.
963 5393 1143 5465 Editio
1169 5389 1480 5465 Basil._¢utn
1514 5389 1679 5465 Cpisl.
1720 5391 1825 5465 pri-

265 5461 354 5520 ino
385 5462 608 5532 ἀρῤήτῳ
631 5463 734 5514 τινὶ
758 5461 937 5530 φιλίας
969 5461 1174 5531 θεσμῷ,
1201 5461 1398 5532 occulta
1431 5461 1828 5532 quadamrami—

265 5536 406 5589 ciliis
425 5527 788 5610 ίὲςζὲίβμίιίῥ
843 5533 1015 5610 Pa_ris_.
1059 5527 1206 5610 cuin.
1247 5527 1375 5610 [ἷξε.
1421 5538 1613 5610 quarto
1655 5530 1827 5610 ἀρρή-

265 5622 379 5675 κτῳ
416 5602 520 5655 τινὶ
547 5601 732 5675 ,φιλίας
759 5601 960 5672 δεσμῷ,
990 5599 1339 5675 indissolubili
1385 5601 1608 5675 quodam
1642 5599 1826 5652 antici-

265 5669 588 5727 tiae-vincqu
617 5688 634 5723 :
662 5688 821 5738 quam
859 5669 1182 5739 scripturam
1228 5673 1348 5722 ideo
1405 5669 1571 5723 Set-uti
1613 5683 1824 5734 sumus,

265 5749 408 5812 quod
437 5745 508 5796 ita
542 5739 728 5812 legerit
773 5745 1243 5812 vetusrintcrpres
1294 5739 1630 5812 Eustathius.
1671 5741 1828 5807 cujus

265 5809 379 5895 hate
412 5820 537 5935 sunt
570 5810 754 5877 verba,
799 5809 1180 5866 inviolabilibus
1214 5809 1493 5880 cujusdam
1537 5813 1828 5866 concordite

265 5900 410 5935 manu
439 5899 502 5935 is.

263 5899 502 5939 ωηειιιιε.

587 5978 851 6035 Parnm.
892 5975 1006 6034 Gtt.
1069 5974 1298 6033 XXIX.

1925 2041 2046 2085 sent
2079 2031 2240 2101 igitur
2271 2047 2300 2085 a
2332 2032 2590 2086 fabulosis
2611 2033 2931 2087 continentis
2963 2033 3022 2096 ii,
3057 2033 3148 2102 qui
3176 2043 3496 2102 potestatem

1928 2124 2091 2179 menti
2146 2126 2770 2194 incomprehensibiletn.
2822 2133 2874 2179 et
2921 2139 3082 2194 quam
3135 2125 3368 2179 humana
3396 2139 3501 2178 vox

1926 2217 2231 2285 exprimere
2262 2218 2408 2270 nullo
2435 2217 2592 2270 modo
2629 2217 2817 2284 possit,
2859 2217 3248 2287 cogitationum
3279 2232 3498 2272 suarum

1929 2307 2298 2361 imbecillitate
2322 2308 2708 2363 adtnetiuntur.

1996 2399 2048 2453 5.
2085 2398 2235 2453 Fecit
2270 2400 2407 2453 Deus
2439 2401 2620 2454 caelum
2644 2412 2690 2454 et
2719 2410 2949 2466 terram;
2995 2411 3280 2471 utrumque
3307 2419 3410 2456 non
3436 2418 3502 2458 ex

1930 2493 2148 2546 dimidia
2173 2504 2348 2560 parte,
2377 2494 2470 2547 sed
2503 2502 2671 2546 totum
2713 2495 2934 2560 malum,
2977 2506 3253 2565 totamque
3279 2507 3501 2561 terrain,

1932 2585 2102 2652 ipsam
2157 2585 2518 2640 substantiam
2557 2601 2677 2639 cum
2735 2588 2909 2641 forma
2963 2587 3332 2655 conjunctam.
3384 2587 3501 2644 Non

1931 2677 2074 2731 enim
2136 2678 2389 2732 inventor
2426 2690 2505 2732 est
2557 2679 2874 2748 figurarum,
2931 2679 3022 2734 sed
3073 2680 3243 2749 ipsius
3299 2691 3507 2736 natura:

1932 2784 2110 2821 rerum
2135 2768 2337 2837 Opifex.
2365 2770 2578 2838 Alioqui
2614 2771 2974 2838 respondeant
3024 2770 3176 2824 nobis
3201 2809 3215 2832 ,
3267 2785 3502 2839 quonam

1933 2869 2088 2928 pacto
2127 2861 2267 2914 inter
2288 2873 2347 2914 se
2382 2871 2492 2913 tum
2525 2859 2764 2914 effectrix
2809 2861 2899 2913 Dei
2935 2862 3196 2929 potentia,
3232 2870 3344 2916 tum
3377 2879 3505 2931 pas-

1933 2952 2047 3005 siva
2081 2953 2323 3005 materiei
2363 2962 2551 3005 natura
2579 2953 2953 3016 convenerint,
2981 2954 3091 3007 hinc
3126 2955 3341 3021 quidem
3379 2958 3504 3011 abs-

1933 3058 2038 3113 que
2062 3041 2229 3097 forma
2261 3043 2563 3110 subjectum
2598 3046 2878 3109 exhibens,
2915 3045 3002 3099 ille
3038 3061 3163 3099 vero
3190 3047 3306 3101 sine
3336 3057 3503 3103 mate-

1935 3138 2011 3188 ria
2049 3135 2330 3189 scientiam
2357 3137 2559 3190 habens
2592 3136 2909 3205 figurarum,
2944 3146 3002 3190 ut
3051 3138 3102 3192 id
3150 3141 3290 3208 quod
3323 3141 3507 3197 defue-

1933 3228 2005 3282 rit
2024 3227 2202 3291 alteri,
2231 3228 2298 3282 ab
2328 3229 2498 3282 altero
2527 3231 2812 3294 tribuatur,
2846 3231 3023 3300 opifici
3051 3232 3289 3301 quidem,
3323 3243 3380 3285 ut
3411 3235 3507 3287 ha-

1935 3323 2060 3376 beat
2107 3323 2249 3376 unde
2279 3323 2550 3392 specimen
2598 3325 2688 3377 det
2720 3339 2829 3377 suae
2858 3325 2992 3378 artis
3023 3344 3036 3378 :
3078 3326 3321 3380 materiei
3355 3340 3504 3393 vero,

1935 3414 2075 3467 unde
2101 3413 2501 3467 deformitatem
2539 3423 2593 3467 et
2636 3415 2820 3468 formm
2856 3416 3214 3484 privationem
3246 3419 3502 3486 deponat.

1934 3503 2040 3558 Sed
2070 3505 2134 3557 de
2159 3506 2241 3559 his
2269 3506 2550 3560 hactenus.
2577 3505 2692 3559 Jam
2725 3507 2790 3560 ad
2835 3511 3166 3576 propositum
3199 3511 3504 3566 redeamus.

1934 3593 2068 3648 Erat
2119 3607 2294 3649 autem
2352 3607 2490 3649 terra
2539 3597 2812 3651 invisibilis
2855 3616 2915 3651 ac
2960 3602 3319 3669 incomposita.
3373 3603 3506 3658 Cum

1934 3688 2104 3741 dixit:
2141 3688 2206 3741 In
2234 3690 2490 3758 principio
2516 3691 2635 3757 fecit
2658 3691 2795 3744 Deus
2814 3693 2997 3747 calum
3015 3703 3062 3746 et
3091 3704 3308 3758 terram,
3341 3697 3504 3751 multa

1938 3779 2126 3844 tacuit,
2162 3794 2379 3848 aquam,
2418 3797 2621 3846 aerem,
2685 3783 2884 3852 ignem,
2936 3795 3272 3857 emergentes
3310 3801 3370 3840 ex
3422 3787 3506 3841 his

1936 3868 2286 3926 atl‘ectiones:
2327 3887 2446 3940 quae
2485 3889 2616 3929 sane
2659 3877 2860 3938 omnia,
2907 3887 3163 3946 tanquam
3200 3893 3318 3948 qua:
3349 3895 3508 3934 mun-

1936 3961 2062 4013 dum
2108 3964 2432 4031 compleant,
2469 3968 2650 4035 procul
2679 3969 2840 4022 dubio
2865 3985 2968 4024 una
3001 3985 3120 4025 cum
3152 3972 3511 4029 universitate

1937 4069 2115 4107 rerum
2171 4055 2564 4134 substiterunt;
2602 4061 2804 4116 omissa
2837 4073 2961 4117 sunt
3013 4074 3190 4118 autem
3223 4065 3409 4121 istbtec
3440 4068 3509 4122 ab

1939 4148 2187 4212 historia,
2219 4160 2276 4201 ut
2302 4151 2425 4204 dum
2462 4153 2668 4222 reliqua
2699 4170 2763 4209 ex
2792 4157 2980 4221 paucis
3031 4157 3366 4225 argumentis
3397 4168 3506 4211 tra-

1939 4241 2013 4294 dit
2041 4242 2375 4310 mstimanda,
2406 4255 2637 4298 mentem
2667 4255 2907 4300 nostram
2960 4248 3024 4303 ad
3068 4249 3388 4305 industriam
3430 4252 3510 4306 di-

1940 4330 2323 4399 ligentiatnque
2369 4343 2640 4388 exerceat.
2692 4335 2880 4405 Itaque
2905 4353 3028 4392 cum
3072 4339 3275 4393 dictum
3305 4355 3407 4394 non
3440 4342 3509 4396 sit

1942 4421 2109 4476 Deum
2141 4437 2332 4490 aquam
2371 4421 2604 4479 fecisse:
2655 4429 2748 4481 sed
2781 4428 2980 4483 dictum
3033 4427 3134 4497 15
3183 4431 3253 4484 sit
3307 4442 3506 4486 terram

1941 4510 2109 4565 fuisse
2141 4510 2500 4577 invisibilem;
2541 4522 2651 4567 tute
2684 4523 2856 4568 tecum
2884 4525 3069 4580 reputa
3107 4532 3214 4584 quo
3245 4517 3512 4572 velamine

1940 4612 2127 4672 operta
2164 4616 2269 4656 non
2319 4613 2619 4657 appareret.
2672 4600 2859 4672 Neque
2901 4604 3063 4675 igitur
3118 4606 3260 4675 ignis
3293 4608 3512 4676 aperire

2006 4830 2080 4896 (8)
2117 4828 2293 4883 Editio
2326 4828 2487 4882 Basil.
2521 4840 2572 4884 et
2601 4829 2753 4883 Bodl.
2800 4839 2847 4885 el
2894 4830 2984 4883 alii
3017 4832 3186 4886 nostri
3224 4846 3358 4888 mss.
3392 4832 3511 4886 δια-

1936 4899 2122 4971 νοίαις.
2165 4899 2486 4971 Editioveru
2518 4901 2686 4952 l’aris.
2714 4900 2944 4971 διανοίᾳ.
2971 4901 3088 4955 Mox
3119 4902 3270 4956 Colb.
3305 4903 3511 4970 primus

1935 4970 2250 5041 ἀνθρωπίνῃ
2287 4969 2467 5037 φύσει,
2503 4978 2551 5021 et
2579 4986 2734 5038 quant
2775 4969 3006 5024 humana
3037 4983 3228 5026 natura
3292 4969 3511 5026 narrare

1936 5043 2079 5092 nullo
2113 5051 2263 5093 modo
2285 5043 2466 5106 possit.

2007 5111 2082 5179 (9)
2111 5111 2340 5182 Veteres
2371 5110 2575 5176 aliquot
2607 5110 2726 5163 libri
2760 5111 3275 5182 ἀποκρινάσθωσαν.
3327 5113 3509 5168 Codex

1937 5182 2067 5234 alius
2105 5180 2294 5231 ἔπειτα
2326 5182 2523 5250 ἀποκρ.

2008 5251 2116 5318 (l0)
2152 5251 2240 5322 Sic
2277 5249 2427 5322 llcgii
2459 5253 2658 5316 primus
2688 5262 2742 5304 et
2797 5253 3032 5319 quintus.
3094 5251 3223 5322 lleg.
3285 5266 3510 5320 quartus

1939 5321 2341 5383 ἑνεπιδείξεται.
2382 5321 2518 5373 Ε‹,Ιὶιί
2567 5337 2685 5374 cum
2747 5322 2902 5376 Colb.
2962 5321 3196 5375 secnttdu
3244 5324 3509 5389 ἐπιδείξε-

1935 5408 2043 5442 ται.
2074 5393 2223 5463 Colb.
2259 5393 2462 5463 priuttts
2493 5406 2631 5463 cutn_
2656 5392 2792 5458 Reg.
2849 5392 3007 5444 tertio
3041 5392 3402 5463 ἐπιδείξηται.

2006 5461 2263 5534 (11)]113,
2325 5462 2356 5530 ἡ
2391 5459 2459 5534 δὲ.
2491 5463 2559 5532 γῆ
2605 5458 2672 5533 ἦν
2723 5464 2952 5534 ἀόρατος
2995 5465 3086 5516 καὶ
3129 5458 3513 5519 ἀκατασκεύα-

1936 5531 2310 5604 στοςηιίεευηι
2337 5531 2555 5600 quidem
2583 5531 2637 5587 in
2679 5531 2835 5589 editis
2867 5549 2878 5583 :
2927 5537 3020 5588 sed
3054 5535 3104 5586 itt
3135 5547 3338 5604 septem
3380 5552 3508 5590 mss.

1938 5603 2300 5670 reperiuntur.

2007 5671 2118 5741 (l2)
2148 5669 2330 5743 Codex
2379 5670 2534 5743 Bodl.
2575 5685 2629 5727 et
2682 5682 2912 5743 quatuor
2941 5674 3028 5726 alii
3093 5691 3214 5729 cum
3276 5677 3512 5730 editione

1937 5741 2100 5818 Basil.
2145 5741 2406 5795 δηλονότι.
2456 5741 2634 5799 Editio
2682 5741 2853 5800 Paris.
2907 5755 2960 5799 et
3009 5746 3114 5800 duo
3171 5758 3295 5799 ntss.
3355 5747 3512 5818 δῆλον

1941 5814 1962 5827 Ol

1939 5830 2039 5866 οτι.

3087 5979 3123 6037 ρ
