4230 6492
746 402 815 458 ες,
2036 396 2099 449 ίδ
2163 393 2407 448 BASILII
2450 394 2663 450 MAGNI
3938 397 4002 453 38

744 533 945 576 terram
971 526 1203 589 poterat.
1233 516 1375 585 ignis
1399 513 1663 584 siquidem
1718 511 1873 567 all‘ert
1916 510 2111 574 lucem,
2150 525 2212 563 ac
2259 522 2319 561 ea
2350 511 2399 568 Α

2350 511 2399 568 Α
2428 508 2807 579 καλυπτομένη
2849 508 2947 561 οὑκ
2998 508 3326 577 ἐξεφαίνετο.
3372 508 3509 561 Οὔτε
3554 502 3648 561 οῦν
3680 505 3793 579 πῦρ
3838 508 4002 577 αὑτὴν

752 614 947 683 quibus
981 610 1211 672 accedit,
1248 609 1477 661 illustrat
1519 606 1720 674 potius,
1765 619 1929 675 quam
1968 603 2217 657 tenebras
2240 600 2320 655 of-

746 705 963 758 fendat.
998 701 1182 769 Neque
1219 700 1403 753 itidem
1435 714 1529 754 aer
1560 708 1680 752 erat
1704 706 1830 751 tunc
1866 706 2025 751 terra:
2050 704 2323 764 tegumen-

746 808 878 850 tum.
915 794 1056 849 Rara
1091 794 1234 849 enim
1263 800 1315 845 et
1339 790 1605 860 pellucida
1633 798 1715 844 est
1764 791 1906 843 aeris
1956 798 2169 851 natura,
2203 802 2321 853 qua:

743 898 966 942 cunctas
992 902 1173 941 rerum
1204 885 1495 939 visibilium
1543 883 1749 952 species
1782 882 1985 951 excipit
2008 921 2023 943 ,
2059 890 2112 934 et
2140 883 2205 933 ad
2243 882 2323 932 in-

744 981 1006 1031 tuentium
1042 977 1227 1031 oculos
1255 977 1593 1031 transmittit.
1620 976 1905 1047 Reliquum
1953 976 2111 1047 igitur
2137 986 2238 1037 est,
2267 984 2325 1027 ut

744 1070 1042 1140 cogitemus
1073 1084 1190 1134 nos,
1232 1084 1427 1137 aquam
1459 1070 1759 1136 superﬁciei
1806 1079 1966 1122 terra:
1996 1070 2273 1121 innatasse
2301 1106 2315 1127 ,

744 1178 865 1216 cum
910 1161 1145 1215 nondum
1193 1170 1336 1214 esset
1378 1160 1577 1227 liquida
1619 1162 1716 1214 ista
1766 1160 2068 1214 substantia
2118 1160 2170 1211 in
2200 1173 2324 1225 pro-

744 1252 919 1321 priam
958 1253 1139 1306 sedem
1170 1263 1477 1322 segregata.
1514 1252 1647 1306 llinc
1670 1262 1848 1305 autem
1888 1263 2031 1305 terra
2061 1267 2166 1304 non
2200 1260 2317 1304 erat

744 1344 916 1398 solum
964 1343 1278 1406 invisibilis,
1329 1346 1422 1397 sed
1468 1352 1580 1397 erat
1608 1344 1767 1397 etiam
1800 1346 2068 1397 inornata.
2113 1343 2322 1410 Quippe

744 1437 988 1490 humoris
1030 1437 1387 1490 redundantia
1439 1436 1737 1489 etiamnum
1787 1438 2056 1489 fructuum
2107 1448 2319 1506 partum

744 1527 986 1597 impedit.
1016 1527 1216 1582 Eadem
1264 1528 1425 1597 igitur
1457 1542 1621 1582 causa
1662 1536 1765 1590 est,
1811 1542 1907 1581 cur
1939 1536 1994 1582 et
2037 1527 2323 1580 invisibilis

745 1631 889 1675 esset
921 1631 976 1676 et
1022 1622 1401 1690 incomposita.
1460 1617 1593 1670 Nam
1649 1627 1807 1672 terra:
1848 1626 2183 1687 apparatus,
2238 1617 2325 1670 ille

746 1714 859 1785 ipse
891 1725 973 1768 est
1016 1722 1244 1767 ornatus
1275 1711 1365 1779 qui
1417 1710 1466 1764 ei
1523 1710 1769 1780 proprius
1802 1717 1885 1765 est
1938 1724 2001 1763 ac
2032 1708 2315 1772 naturalis,

2426 602 2720 655 καλύπτειν
2767 600 3010 671 ἠδύνατο.
3062 602 3393 654 Φωτιστικὸν
3443 600 3549 671 γάρ
3613 602 3707 653 καὶ
3754 600 4002 667 καταφά-

2424 711 2570 747 νειαν
2618 693 2856 765 παρέχον
2902 688 2982 756 οἷς
3032 692 3097 747 ἂν
3141 692 3509 764 προσγένηται
3562 691 3761 762 μᾶλλον
3818 691 3929 761 (15)
3970 692 4001 759 ἦ

2426 785 2691 849 σκοτῶδες
2717 786 2779 839 τὸ
2805 785 2937 857 πῦρ.
2967 785 3040 839 Οὑ
3079 784 3185 856 μὴν
3215 785 3336 837 οὑδὲ
3377 784 3482 855 ἀὴρ
3522 783 3895 853 προκάλυμμα
3940 777 4004 853 ἦν

2421 876 2542 929 τότε
2578 876 2676 945 τῆς
2704 876 2830 945 γῆς.
2870 874 3061 948 Ἀραιὰ
3088 877 3194 944 γὰρ
3220 877 3315 928 καὶ
3342 875 3605 945 διαφανὴς
3632 873 3727 926 τοῦ
3772 874 3933 946 ἀέρος
3971 874 4001 942 ἡ

2425 969 2602 1037 φύσις,
2649 968 2827 1021 πάντα
2862 969 2929 1021 τὰ
2976 966 3091 1037 εἴδη
3140 967 3246 1021 τῶν
3290 966 3503 1038 ὁρατῶν
3554 966 3859 1036 δεχομένη,
3912 968 4003 1019 καὶ⁵

2423 1063 2538 1123 ταῖς
2565 1059 2671 1112 τῶν
2705 1059 2955 1131 ὁρώντων
2988 1060 3141 1129 ὄψεσι
3172 1060 3638 1131 παραπέμπουσα.
3663 1060 3997 1129 Λειπόμενον

2424 1152 2599 1204 τοίνυν
2650 1154 2764 1205 ἐστὶ
2810 1157 2947 1205 νοεῖν
2991 1154 3137 1223 ἡμᾶς
3181 1152 3290 1222 (14)
3343 1152 3485 1224 ὓδωρ
3534 1152 3889 1214 ἐπιπολάζειν
3935 1155 4001 1224 τῇ

2426 1246 2715 1314 ἐπιφανείᾳ
2740 1246 2837 1315 τῆς
2862 1243 2987 1315 γῆς,
3012 1244 3164 1297 οὔπω
3190 1244 3323 1315 πρὸς
3349 1243 3447 1314 τὴν
3474 1244 3679 1297 οἰκείαν
3717 1243 3870 1314 λῆξιν
3908 1244 4002 1313 τῆς

2427 1336 2599 1404 ὑγρᾶς
2628 1334 2812 1398 οὐσίας
2846 1335 3255 1407 ἀποκριθείσης.
3301 1336 3394 1388 Ἐκ
3432 1335 3489 1388 δὲ
3534 1335 3724 1388 τούτου
3752 1337 3811 1387 οὑ
3847 1336 4006 1405 μόνον

2424 1426 2653 1495 ἀόρατος
2677 1421 2743 1495 ἦν
2776 1428 2807 1497 ὴ
2840 1426 2932 1495 γῆ,
2961 1426 3091 1479 ἀλλά
3119 1428 3211 1480 καὶ
3240 1427 3739 1491 ἀκατασκεύαστος.
3789 1427 3853 1478 Ἠ
3897 1425 4005 1495 γάρ

2424 1517 2514 1569 τοῦ
2553 1516 2720 1587 ὑγροῦ
2762 1517 3043 1583 πλεονεξία
3073 1518 3150 1571 ἔτι
3193 1520 3285 1573 καὶ
3330 1518 3424 1573 νῦν
3458 1520 3712 1589 ἐμπόδιόν
3746 1519 3856 1589 (15)
3891 1519 4006 1569 ἐστι

2427 1607 2561 1678 πρὸς
2594 1607 2959 1679 καρπογονίαν
3002 1612 3063 1679 τῇ
3090 1613 3178 1680 γῇ.
3218 1611 3280 1662 Ἠ
3314 1607 3406 1665 οῦν
3436 1610 3572 1681 αὑτὴ
3598 1611 3745 1663 αἰτία
3790 1609 3884 1663 καὶ
3914 1606 4005 1661 τοῦ

2430 1701 2504 1772 μὴ
2551 1701 2801 1772 ὁρᾶσθαι,
2832 1703 2924 1755 καὶ
2966 1702 3059 1754 τοῦ
3107 1704 3582 1758 ἁκατασκεύαστον
3629 1698 3803 1757 εἶναι·
3848 1702 4006 1771 εἴπερ

742 1814 871 1876 puta
908 1805 1172 1860 undantes
1211 1803 1260 1857 in
1303 1801 1635 1857 convallibus
1691 1811 1922 1872 segetes,
1962 1810 2115 1870 prata
2144 1799 2327 1854 viren-
2356 1860 2398 1876 ﬁ

2356 1860 2398 1876 ﬁ
2427 1795 2740 1866 κατασκευὴ
2793 1794 2931 1866 γῆς,
2993 1797 3021 1847 ό
3070 1797 3266 1858 οἰκεῖος
3313 1797 3452 1866 αὑτῇ
3506 1796 3600 1851 καὶ
3652 1794 3794 1849 κατὰ
3843 1795 4006 1863 φύσιν

744 1900 817 1950 tia
855 1907 909 1952 et
940 1896 1169 1951 diversis
1186 1894 1408 1949 ﬂoribus
1443 1893 1853 1958 referta,lloridi
1881 1893 2051 1948 saltus
2067 1906 2132 1947 ac
2163 1907 2319 1946 mon-
2356 1860 2399 1916 Β

2356 1860 2399 1916 Β
2427 1884 2662 1955 κόσμος,
2712 1860 2865 1956 λήῖαἾ
2896 1888 2995 1957 μὲν
3039 1889 3159 1950 ταῖς
3222 1860 3528 1957 κοιλότησιν
3572 1860 4004 1956 ὲγκυμαίνοντα,

744 1991 878 2044 tium
909 1989 1190 2043 cacumina
1222 1989 1376 2044 silvis
1411 1988 1716 2042 inumbrata
1756 2003 1771 2042 :
1820 2002 2051 2057 quorum
2079 1986 2319 2041 nondum

739 2076 979 2130 habebat
1017 2075 1335 2145 quidquam,
1366 2078 1675 2144 parturiens
1700 2075 1916 2144 quidem
1956 2075 2195 2128 omnium
2227 2089 2319 2128 or-

745 2178 880 2229 tum,
909 2167 980 2221 ob
1009 2167 1231 2219 inditam
1261 2166 1362 2220 sibi
1396 2168 1462 2220 ab
1485 2166 1677 2235 Opilice
1714 2164 2044 2231 facultatem,
2070 2166 2163 2219 sed
2185 2176 2320 2219 tem-

744 2271 878 2328 pora
916 2271 1149 2327 congrua
1172 2265 1519 2327 exspectans,
1557 2266 1616 2310 ut
1646 2257 1798 2328 juxta
1836 2257 2074 2312 divinum
2120 2273 2320 2329 przece-

744 2360 900 2420 ptum
934 2349 1074 2404 fetus
1104 2364 1231 2405 suos
1273 2351 1323 2404 in
1369 2360 1610 2420 apertum
1643 2350 1930 2419 proferret.

816 2625 869 2678 ι.
926 2624 1031 2678 Sed
1094 2633 1142 2677 et
1202 2626 1444 2689 tenebrae,
1498 2626 1592 2688 ait,
1634 2642 1793 2693 super
1846 2626 2115 2694 abyssum.
2187 2626 2317 2680 Alite

747 2732 958 2772 rursum
1010 2716 1312 2771 fabularum
1374 2718 1729 2778 occasiones.
1778 2730 1831 2773 et
1886 2729 2314 2774 commentoruin

746 2809 917 2879 magis
969 2810 1252 2877 impiorum
1287 2824 1503 2873 causas;
1566 2826 1687 2864 cum
1719 2811 1832 2866 haec
1861 2814 2024 2866 verba
2072 2810 2139 2864 ad
2188 2828 2313 2865 suas

746 2900 1013 2955 divertant
1066 2900 1369 2970 opiniones.
1426 2902 1706 2957 Tenebras
1780 2904 1924 2957 enim
1999 2919 2103 2958 non
2152 2920 2317 2973 expo-

747 3002 901 3059 nunt,
948 3001 1005 3045 ut
1060 3006 1178 3047 mos
1229 3002 1330 3054 est,
1386 3009 1566 3049 aerem
1603 2995 1890 3064 quemdam
1942 2996 2079 3050 lucis
2129 3011 2318 3065 exper-

750 3092 889 3143 tem,
932 3091 1025 3135 ant
1062 3083 1240 3136 locum
1280 3082 1491 3152 obiectu
1517 3085 1757 3154 corporis
1787 3084 2191 3147 obumbratum,
2226 3095 2316 3137 aut

2426 1976 2688 2047 λειμῶνες
2727 1976 3045 2048 χλοάζοντες
3079 1980 3173 2032 καὶ
3211 1976 3474 2040 ποικίλοις
3501 1976 3685 2030 ἄνθεσι
3724 1976 4005 2047 βρύοντες,

2424 2070 2593 2123 νάπαι
2637 2070 2901 2136 εὑθαλείς,
2934 2075 3027 2126 κα)⁵
3067 2072 3209 2144 όρῶν
3258 2072 3495 2143 κορυφαὶ
3538 2074 3655 2134 ταῖς
3703 2070 3859 2134 ὕλαις
3907 2086 4003 2122 κα-

2422 2162 2667 2215 τάσκιον
2703 2156 2776 2217 ὧν
2807 2165 2956 2217 οὐδὲν
2987 2162 3130 2235 εἶχεν
3172 2164 3417 2219 οὑδέπω”
3461 2162 3727 2215 ὠδίνουσα
3765 2161 3866 2231 μὲν
3908 2163 4007 2231 τὴν

2424 2256 2643 2311 πάντων
2690 2258 2909 2330 γένησιν
2937 2258 3025 2312 διὰ
3073 2259 3170 2327 τὴν
3215 2256 3627 2312 ἐναποτεθεῖσαν
3670 2254 3809 2324 αὑτῇ
3858 2254 4009 2324 παρὰ

2422 2349 2516 2402 τοῦ
2537 2350 2869 2423 δημιουργοῦ
2887 2351 3135 2423 δύναμιν,
3155 2354 3256 2406 ἀνα
3264 2352 3501 2423 μένουσα
3517 2350 3573 2403 δὲ
3590 2349 3714 2411 τοὺς
3734 2345 4007 2418 καθήκον-

2422 2458 2521 2502 τας
2550 2443 2796 2514 χρόνους,
2834 2445 2920 2498 ἶνα
2948 2444 3025 2516 τῷ
3055 2445 3181 2517 θείῳ
3213 2444 3542 2516 κελεύσματι
3581 2440 4007 2515 προαγάγῃμϐ)

2425 2533 2625 2602 ἑαυτῆς
2652 2535 2731 2597 εἰς
2758 2537 2989 2607 φανερὸν
3015 2540 3082 2591 τὰ
3110 2540 3384 2609 κυήματα.

2480 2624 2549 2699 ,4.
2607 2626 2782 2679 Ἀλλὰ
2814 2629 2909 2680 καὶ
2944 2632 3180 2695 σκότος,
3217 2630 3402 2702 φησιν,
3438 2627 3638 2682 ἐπάνω
3670 2627 3783 2695 τῆς
3826 2625 4011 2679 ἀϐύσ-

2423 2730 2559 2769 σου.
2597 2716 2762 2770 Πάλιν
2806 2718 2961 2773 ἄλλαι
3006 2718 3189 2788 μύθων
3236 2720 3502 2790 ἀφορμαὶ,
3538 2720 3632 2773 καὶ
3666 2717 4010 2787 πλασμάτωϊ

2422 2806 2858 2881 δυσσεϐεστέρων
2888 2810 3053 2879 ἀρχαὶ
3089 2809 3225 2879 πρὸς
3274 2808 3371 2870 τὰς
3418 2809 3551 2872 ιδίας
3604 2806 3859 2870 ὑπονοίας
3903 2822 4009 2857 πα-

2426 2900 2802 2970 ρατρεπόντων
2835 2901 2901 2954 τά
2936 2901 3177 2971 ῥήματα.
3204 2899 3277 2950 Τὸ
3306 2898 3415 2969 γάρ
3441 2900 3631 2961 σκότος
3662 2899 3780 2968 οὐχ,
3811 2898 3888 2960 ὼς
3921 2897 4015 2949 πέ-

2425 3008 2621 3059 φυκεν,
2653 2992 2975 3063 ἐξηγοῦνται
3007 2992 3142 3064 ἀέρα
3180 2989 3302 3044 τινὰ
3337 2988 3662 3059 ἀφώτιστον,
3692 2990 3725 3058 ἢ
3756 2990 3923 3041 τόπον
3953 2987 4013 3054 ἐξ

2424 3084 2795 3155 ἀντιφράξεως
2826 3083 3077 3155 σώματος
3104 3079 3462 3152 σκιαζόμενον
3489 3078 3625 3149 (17),
3651 3077 3684 3147 ἦ
3707 3077 3847 3139 ὅλως
3888 3076 4009 3129 καθ’

748 3171 982 3239 denique
1025 3169 1203 3224 locum
1253 3184 1575 3240 quacunque
1637 3185 1700 3224 ex
1751 3187 1910 3226 causa
1958 3173 2156 3225 lumine
2214 3174 2392 3259 pri-C

2349 3203 2392 3259 α
2424 3176 2707 3229 ὁποιανοῦν
2740 3176 2918 3229 αἰτίαν
2943 3175 3104 3228 τόπον
3137 3172 3315 3243 φωτὸς
3343 3174 3539 3243 ὲστερη
3550 3169 3730 3240 μένον,
3760 3165 3897 3219 ἀλλὰ
3929 3164 4011 3259 δύῖ

746 3272 952 3325 vatum.
991 3261 1082 3317 sed
1119 3262 1414 3329 potentiam
1471 3262 1666 3314 malam
1704 3278 1717 3315 :
1751 3262 1859 3315 imo
1908 3262 2103 3314 malum
2148 3263 2320 3331 ipsum

750 3370 779 3409 a
816 3355 996 3423 seipso
1038 3354 1300 3425 originem
1351 3354 1592 3421 trahens,
1626 3354 1931 3425 oppositum
1971 3356 2058 3410 Dei
2093 3356 2319 3412 bonitati

747 3455 909 3515 atque
940 3446 1301 3500 contrarium.
1345 3445 1553 3499 Etenim
1591 3447 1635 3501 si
1674 3448 1815 3503 Deus
1846 3448 1933 3501 lux
1972 3459 2055 3503 est
2099 3448 2163 3514 ",
2198 3449 2321 3504 abs-

747 3552 852 3608 que
907 3536 1087 3601 dubio,
1127 3538 1295 3599 aiunt.
1340 3537 1634 3592 adversans
1686 3540 1734 3593 ei
1792 3542 2028 3608 potentia
2086 3541 2322 3597 tenebrae

749 3629 932 3697 utique
963 3627 1178 3693 fuerint,
1207 3630 1366 3699 juxta
1399 3630 1683 3686 sententia:
1714 3636 2178 3701 consequentiam.
2212 3633 2320 3690 Te-

749 3722 929 3775 nebrze
971 3721 1038 3775 ab
1072 3722 1179 3775 alio
1214 3738 1315 3776 non
1352 3723 1550 3777 habent
1593 3725 1734 3794 quod
1765 3723 1893 3791 sint,
1920 3726 2011 3778 sed
2049 3736 2172 3779 sunt
2210 3743 2319 3780 nia-

746 3811 855 3863 lum
900 3827 994 3880 per
1038 3826 1094 3865 se
1145 3813 1407 3882 genitum.
1459 3813 1718 3870 Tenebrae
1762 3816 1947 3871 hostes
1996 3817 2319 3881 animarum,

750 3904 941 3957 mortis
972 3905 1391 3971 conciliatrices,
1424 3908 1639 3963 virtutis
1670 3909 1997 3965 adversariae
2024 3925 2039 3964 :
2077 3926 2195 3979 qua:
2229 3925 2322 3980 per

749 3993 863 4046 haec
893 3996 1168 4065 propheta:
1211 3996 1398 4061 verba,
1425 4006 1481 4051 ut
1511 3996 1647 4053 falso
1675 4010 1886 4069 putant,
1913 4012 1965 4056 et
1996 4004 2318 4068 subsistere,

747 4101 848 4141 nec
884 4099 1059 4141 tamen
1084 4104 1112 4141 a
1138 4086 1246 4142 Deo
1286 4089 1551 4157 prodiisse
1587 4091 1907 4146 indicantur.
1942 4094 2019 4147 Ex
2053 4094 2155 4148 hoc
2188 4108 2321 4149 sane

739 4176 1013 4268 principio
1038 4176 1164 4246 quid
1202 4192 1306 4231 non
1347 4194 1634 4247 pravorum
1679 4190 1733 4235 et
1780 4182 2063 4252 impiorum
2101 4187 2319 4251 dogma-

742 4279 861 4324 tum
908 4271 1196 4326 conﬁctum
1242 4273 1357 4326 est?
1400 4272 1501 4341 Qui
1556 4276 1664 4346 lupi
1708 4292 1919 4347 graves,
1962 4294 2179 4350 gregem
2224 4279 2318 4333 Dei

746 4360 1118 4429 discerpentes
1145 4363 1210 4423 '°.
1259 4374 1473 4431 sumpto
1518 4366 1585 4418 ab
1634 4368 1733 4421 bac
1772 4383 1932 4435 parva
1967 4384 2096 4423 voce
2142 4370 2317 4433 initio,

750 4454 955 4506 animas
1008 4468 1111 4506 non
1164 4454 1517 4508 invaserunt?
1566 4456 1751 4511 Nonne
1805 4460 1930 4513 hinc
1984 4460 2320 4516 Marciones?

2430 3282 2593 3336 ναμιν
2636 3266 2828 3335 κακὴν,
2863 3267 3060 3335 μᾶλλον
3091 3266 3148 3320 δὲ
3173 3264 3305 3320 αὑτὸ
3333 3264 3393 3317 τὸ
3423 3262 3614 3329 κακὸν,
3652 3261 3780 3331 παρ’
3812 3256 4010 3311 ἑαυτοῦ

2430 3359 2526 3428 τὴν
2551 3356 2721 3427 ἀρχὴν
2748 3356 2888 3426 ἔχον,
2921 3357 3292 3427 ἀντικείμενον
3319 3355 3413 3408 καὶ
3447 3351 3689 3406 ἐναντίον
3719 3353 3785 3422 τῇ
3816 3348 4011 3417 ἁγαθό-

2428 3468 2549 3521 τητι
2583 3449 2675 3503 τοῦ
2710 3448 2844 3501 Θεοῦ
2882 3448 3198 3517 ἐξηγοῦνται
3234 3447 3293 3501 τὸ
3336 3447 3545 3509 σκότος.
3578 3446 3639 3499 El
3675 3444 3785 3515 γάρ
3818 3446 3846 3495 ὁ
3881 3442 4011 3504 Θεὸς

2429 3543 2545 3611 φῶς
2582 3543 2718 3604 ἐστι,
2753 3540 2990 3611 δηλονότι
3035 3541 3068 3609 ἡ
3109 3538 3639 3611 ἀντιστρατευομὲνη
3674 3538 3823 3608 αὑτῴ
3854 3536 4013 3589 δύνα-

2432 3652 2523 3706 μις
2562 3635 2748 3699 σκότος
2776 3634 2841 3689 ἂν
2880 3632 2987 3703 εἴη,
3026 3630 3158 3701 φασὶ
3187 3630 3320 3701 (18),
3364 3631 3504 3684 κατὰ
3543 3631 3603 3684 τὸ
3645 3632 3744 3700 τῆς
3773 3628 4011 3691 διανοίας

2429 3726 2737 3782 ἀκόλουθον.
2798 3726 3015 3791 Σκότος,
3066 3725 3127 3777 οὑ
3176 3724 3301 3795 παρ’
3347 3723 3534 3793 ἑτέρου
3580 3722 3641 3775 τὸ
3688 3716 3829 3775 εἶναι
3866 3720 4008 3791 ἔχον,

2428 3818 2563 3871 ἀλλὰ
2596 3819 2762 3871 κακὸν
2803 3819 3213 3889 αὑτογέννητον.
3261 3815 3458 3876 Σκότος
3506 3812 3762 3883 πολέμιον
3800 3813 4007 3884 ψυχῶν,

2430 3907 2658 3960 Θανάτου
2713 3908 3013 3978 ποιητικὸν,
3065 3906 3267 3978 ἀρετῆς
3327 3904 3672 3968 ἐναντίωσις·
3726 3904 3863 3973 ὅπερ
3918 3902 4013 3956 καὶ

2430 3999 2745 4067 ὑφεστάναι,
2790 4001 2881 4052 καὶ
2917 4000 2990 4070 μὴ
3038 4000 3189 4070 παρὰ
3216 4001 3351 4054 Θεοῦ
3398 3996 3746 4069 γεγενῆσθαι,
3793 3996 3885 4049 ὑπ’
3914 3996 4012 4049 ao.

2428 4092 2535 4146 τῶν
2572 4092 2865 4162 μηνύεσθαι
2904 4092 3012 4144 τῶν
3049 4092 3141 4144 τοῦ
3172 4096 3447 4164 προφήτου
3481 4094 3653 4161 λόγων
3688 4090 4008 4156 ἐξαπατῶν-

2427 4200 2535 4237 ται.
2581 4183 2673 4235 Ἐκ
2701 4182 2764 4254 δὴ
2790 4181 2980 4235 τούτου
3008 4182 3059 4235 τί
3092 4182 3211 4251 οὑχ).
3241 4182 3583 4253 ωνεπλάσθη
3614 4181 3722 4234 τῶν
3755 4180 4008 4251 πονηρῶν

2428 4276 2522 4328 καὶ
2562 4274 2736 4328 ἀθέων
2766 4275 3092 4345 δογμάτων;
3133 4276 3281 4328 Ποῖοι
3320 4274 3471 4328 λύκοι
3527 4272 3714 4344 βαρεῖς
3743 4271 3857 4340 (19)
3889 4272 4009 4324 διαο

2430 4364 2668 4428 σπῶντες
2692 4366 2750 4418 τὸ
2777 4367 3025 4437 ποίμνιον
3056 4365 3148 4419 τοῦ
3178 4364 3334 4430 Θεοῦ,
3372 4364 3512 4437 οὑχὶ,
3537 4362 3647 4418 άπὸ
3679 4361 3779 4434 τῆς
3807 4362 4009 4433 μικράς

2425 4458 2628 4526 ταύτης
2660 4459 2841 4528 φωνῆς
2864 4459 2961 4530 τὴν
2992 4460 3166 4531 ἀρχὴν
3206 4459 3482 4525 λαϐόντες,
3508 4457 3853 4511 ἐπεπόλασαν
3887 4458 4007 4517 ταῖς

749 4557 925 4597 nonne
959 4543 1270 4598 Valentini?
1304 4560 1481 4601 nonne
1508 4548 1863 4603 abominanda
1899 4549 2315 4607 Manichaeorum
2350 4565 2393 4620 ι)

2350 4565 2393 4620 D
2424 4550 2655 4618 ψυχαῖςς
2696 4551 2827 4621 Οὐχὶ
2873 4551 3231 4621 Μαρκίωνες;
3277 4551 3397 4621 οὑχὶ
3430 4550 3767 4605 Οὐαλεντῖνοι
3825 4547 4006 4602 ἐντεῦ-

748 4632 992 4698 hasresis,
1029 4648 1188 4703 quam
1225 4634 1268 4688 si
1306 4634 1427 4700 quis
1472 4636 1808 4703 putredinem
1854 4637 2083 4707 appellet
2130 4638 2315 4695 Eccle-

818 4813 861 4845 ¹⁹
892 4812 909 4865 1
938 4812 1092 4870 Juan.
1130 4830 1169 4877 t,
1202 4814 1251 4865 5.
1333 4816 1375 4845 ὀ
1408 4815 1526 4869 Aet.
1560 4828 1651 4877 xx,
1683 4812 1778 4867 99.

810 4994 920 5066 (15)
950 4993 1026 5066 lla
1084 4995 1249 5066 codex
1280 4995 1522 5051 Combef.
1571 5008 1626 5053 et
1676 4996 1763 5049 alii
1800 5011 1992 5051 novem
2026 5012 2157 5051 mss.
2187 5013 2309 5053 cum

739 5064 1367 5138 editioneBasilaﬁditio
1404 5066 1573 5122 Paris.
1632 5068 1743 5121 sola
1794 5068 2011 5121 uberius
2070 5070 2308 5138 προσγέ-

742 5154 895 5208 νηται
918 5135 1280 5208 καὶῂὸτιοῦνγε
1316 5138 1535 5207 μᾶλλον,
1562 5148 1607 5193 et
1646 5140 1779 5208 ignis
1807 5146 1881 5189 est
1938 5135 2167 5207 cujusvis
2215 5135 2309 5194 ua-

743 5206 877 5260 tura:
915 5206 1085 5275 potius
1114 5224 1273 5275 quam
1302 5206 1622 5261 tenebrosus.

810 5277 921 5345 (14)
956 5274 1138 5348 codex;
1170 5281 1469 5348 unus_vosiv
1498 5279 1661 5348 ὑμᾶς.
1696 5278 1814 5331 Mox
1848 5291 1975 5331 mss.
2010 5292 2118 5331 non
2150 5280 2304 5347 pauci

738 5340 966 5415 ἀόρατος
995 5340 1087 5417 ἦν.
1119 5346 1279 5400 Deest
1306 5342 1372 5417 ἦν
1398 5348 1449 5401 in
1474 5340 1708 5403 editione
1741 5348 1913 5401 Paris.

808 5418 920 5487 (ιδ)
971 5416 1192 5487 Antiqui
1253 5416 1359 5489 tres
1418 5419 1539 5472 tum
1601 5429 1655 5473 et
1710 5418 1836 5473 editi
1882 5418 2160 5489 ἐμπόδιον.
2196 5420 2302 5475 Alii

738 5486 974 5560 quinque
999 5486 1129 5560 inss.
1154 5486 1753 5560 ἐμπόδιοςηΑΙὶίιιιειιιιο
1777 5500 1897 5560 post
1918 5486 2110 5545 codex
2143 5489 2304 5543 Come

738 5556 847 5611 bel'.
872 5556 1141 5619 παντοίοις
1174 5556 1263 5609 καὶ
1296 5556 1575 5623 ποικίλοις.

808 5628 1098 5701 (ιωιλοιυ.
1126 5630 1337 5701 _prim_us
1366 5630 1708 5701 προσαγάγῃ.
1752 5630 1903 5684 Hand
1950 5629 2106 5698 longe
2150 5630 2297 5701 Colb.

746 5694 1005 5752 meun'dus
1042 5698 1230 5759 σκότος
1252 5694 1338 5767 ἦν.
1369 5694 1749 5757 ΕὶιίιίοῬὲιῖιε.
1800 5694 2066 5753 ἐπέκειτᾶ
2091 5700 2302 5755 ἐπάνω.

738 5768 843 5842 ﬁeri
898 5783 988 5822 sex
1047 5784 1177 5842 mss.
1212 5779 1265 5821 et
1319 5785 1471 5827 sacer
1520 5781 1695 5828 textus
1746 5773 2058 5842 simpliciter
2111 5770 2301 5835 σκότος

738 5835 917 5891 δπὰνω
952 5842 1047 5911 τῆς
1080 5839 1336 5895 ἀϐύσσου.

2426 4638 2549 4703 οεν;
2583 4640 2680 4710 οὑχ
2707 4642 2739 4711 ἡ
2774 4639 3035 4711 βδελυκτὴ
3060 4640 3165 4693 τῶν
3195 4640 3512 4712 Μανιχαίων
3535 4639 3765 4710 αἵρεσις,
3804 4640 3871 4710 ἢν
3902 4656 4001 4710 ση-

2488 5000 2599 5070 (17)
2634 4998 2711 5054 lta
2744 5014 2835 5053 sex
2871 5012 2998 5052 mss.
3031 4998 3179 5070 editi,
3212 5006 3266 5052 et
3292 4996 3643 5070 aliusAcOQex
3666 4993 3999 5070 _dn:ocxt_a§_6-

2416 5065 2596 5142 μενονζ
2639 5070 2759 5142 Mox
2797 5070 2902 5142 duo
2952 5084 3080 5123 mss.
3115 5068 3290 5142 τόπον
3339 5067 3485 5142 τινά.
3545 5065 3789 5121 Subinde
3845 5065 3997 5123 Colb.

2412 5138 2620 5211 primus
2639 5140 3012 5211 άντικείμενον
3043 5139 3137 5192 καὶ
3153 5138 3599 5211 ,ἐναντιούμενονι

2485 5211 2595 5280 (18)
2622 5210 2768 5264 Multi
2811 5202 2939 5280 nisa.
2978 5219 3033 5264 et
3079 5210 3245 5263 editio
3283 5202 3445 5262 Basil'.
3495 5209 3580 5277 εἴη
3617 5202 3773 5275 φησί.
3812 5204 3997 5280 _Editio

2410 5276 2588 5336 Paris.
2616 5282 2769 5351 φασί.
2818 5279 3031 5351 ΑΝοιδιξο
3062 5281 3398 5351 ριζωιοτίςηξ,
3444 5276 3629 5351 vocem
3685 5276 3850 5351 φασί⁸
3877 5293 3999 5351 raro

2413 5353 2466 5407 in
2503 5348 2638 5407 mss.
2664 5349 2861 5407 nostris
2900 5349 3025 5420 legi.
3066 5348 3208 5405 Mox
3270 5348 3421 5404 Colb.
3475 5348 3685 5419 primus
3720 5348 3852 5418 παρ’
3881 5348 3999 5401 ἑτέ-

2416 5438 2511 5475 σου.

2449 5440 2597 5561 Ἵίο)
2630 5491 2847 5561 [ﬁgitur
2874 5504 3088 5560 quoque
3136 5488 3397 5561 Actorum
3430 5504 3523 5551 xx,
3553 5487 3754 5561 29th)
3806 5484 3998 5561 Graeco

2412 5558 2794 5633 λύκοιβαρέϊς,
2829 5558 2938 5629 lupi
2969 5558 3171 5630 graves,
3209 5560 3390 5633 infein
3422 5577 3441 5613 :
3475 5568 3531 5611 at
3568 5558 3621 5613 in
3650 5558 3889 5633 Vulgata
3915 5559 3995 5633 in:

2412 5625 2795 5701 terpre'tat'ione
2853 5625 3187 5701 p'ro'graves
3244 5625 3473 5701 legimus
3537 5625 3778 5701 rapaces;
3848 5625 3998 5682 Haud

2412 5698 2567 5772 longe
2612 5713 2720 5758 tres
2760 5698 2889 5758 mss.
2943 5698 3219 5772 ποίμνιον
3253 5700 3353 5772 τοῦ
3391 5698 3655 5772 Χριστοῦ.
3694 5698 3997 5772 Aliquanto

2411 5767 2530 5842 posi
2576 5788 2704 5832 mss.
2759 5772 2995 5829 nonnulli
3043 5767 3104 5824 οὐ
3166 5767 3534 5843 Μαρκίωνες,
3578 5770 3638 5821 οὑ
3703 5767 3994 5825 Οὑαλεντῖ-

2413 5860 2514 5898 νοι.
