4262 6504
700 439 765 493 39
2047 434 2101 488 S.
2148 433 2386 488 BASlLlI
2429 431 2638 484 MAGNI
3896 431 3963 487 4-0

703 573 838 612 neve
881 558 1260 628 primigeniam
1299 557 1586 625 quamdam
1633 556 1979 628 malignitatis
2025 563 2271 609 naturam
2306 561 2386 616 Αι

2306 561 2348 616 Α
2378 550 2670 623 ἀρχέγονόν
2708 567 2825 602 τινα
2860 546 3018 615 φύσιν
3060 549 3320 620 πονηρίας
3356 546 3466 616 (20)
3493 547 3761 616 φαντάζου
3788 561 3799 572 ⁶
3832 545 3965 598 ἀλλά

703 649 1122 702 comminiscere
1156 665 1168 700 :
1213 649 1305 702 sed
1346 663 1456 702 sua!
1495 649 1726 718 quisque
1760 647 1979 701 malitia:
2010 661 2065 701 se
2103 645 2273 713 ipsmu

703 750 964 810 agnoscat
997 750 1291 794 auctorem.
1331 741 1462 794 Nam
1500 755 1712 810 semper
1751 755 1936 794 eorum
1973 754 2090 808 qua:
2122 738 2275 802 tittut,

708 831 810 886 alia
838 830 1052 900 quidem
1090 846 1118 884 a
1152 840 1340 886 natura
1378 831 1528 884 nobis
1566 833 1908 900 contingunt,
1939 839 1996 884 ut
2031 837 2280 884 senectus

708 933 763 979 et
817 924 1158 978 inﬁrmitates
1194 942 1207 978 :
1245 924 1346 978 alia
1400 938 1528 976 vero
1577 939 1605 977 a
1646 937 1795 987 casu,
1838 930 1966 990 puta
2019 921 2279 990 irrepinati

710 1018 1064 1086 quarumdam
1099 1031 1278 1071 rerum
1311 1027 1452 1086 szrpe
1489 1017 1749 1078 tristium,
1779 1021 1876 1068 aut
1921 1015 2082 1067 etiam
2133 1011 2280 1065 lacta-

709 1123 828 1164 rum
881 1116 1128 1172 eventus,
1169 1124 1232 1162 ex
1285 1106 1477 1162 alienis
1536 1105 1817 1177 principiis
1879 1105 2278 1158 adnascentes:

709 1203 855 1256 velut
904 1213 1122 1272 puteum
1185 1199 1433 1265 fodienti,
1482 1199 1720 1253 thesauri
1776 1197 2034 1262 inventio,
2077 1205 2170 1251 aut
2217 1197 2284 1252 ad

712 1293 886 1348 forum
951 1292 1356 1362 progredienti,
1421 1291 1590 1345 rabidi
1641 1291 1793 1346 canis
1844 1305 2131 1353 occursus;
2182 1289 2284 1344 alia

713 1388 926 1442 tandem
971 1388 1023 1440 in
1073 1396 1256 1442 nostra
1293 1393 1560 1455 potestate
1586 1393 1638 1438 et
1669 1383 1896 1438 arbitrio
1925 1393 2050 1437 sunt
2086 1384 2283 1452 posita,

712 1492 767 1536 ut
820 1483 1144 1553 cupiditates
1198 1495 1478 1550 superare,
1517 1488 1612 1533 aut
1661 1479 2025 1548 voluptatibus
2067 1479 2284 1533 modum

712 1589 816 1629 non
853 1590 1053 1642 ponere
1093 1595 1103 1627 :
1139 1572 1285 1627 velut
1320 1572 1458 1626 iram
1502 1570 1804 1634 continere,
1837 1568 1919 1623 vel
1949 1568 2005 1622 in
2040 1583 2160 1622 eum
2196 1571 2285 1639 qui

713 1666 908 1736 injuria
961 1664 1277 1729 lacessivit,
1329 1679 1549 1718 manum
1602 1664 1824 1734 injicere
1862 1681 1874 1716 :
1913 1663 2040 1717 item
2100 1677 2289 1718 verum

711 1757 890 1812 dicere
930 1767 1023 1811 aut
1072 1757 1292 1811 mentiri
1333 1774 1347 1811 :
1381 1766 1722 1811 mansuetum
1774 1757 2016 1810 moribus
2071 1770 2192 1811 esse
2234 1763 2291 1809 et

715 1851 1081 1915 moderatum,
1114 1861 1208 1904 aut
1241 1848 1504 1903 tumidum
1534 1858 1587 1902 et
1615 1849 1868 1918 superbia
1899 1847 2122 1904 elatum.
2155 1847 2292 1914 Quo-

2378 643 2477 712 τῆς
2509 646 2563 695 ἐν
2598 641 2776 710 ἐαυτῷ
2823 639 3016 702 κακίας
3049 639 3276 704 ἕκαστος
3315 638 3505 693 ἑαυτὸν
3550 638 3792 710 ἀρχηγὸν
3828 653 3966 704 γνω-

2383 735 2597 807 ριζέτω.
2649 733 2759 784 ’Λεὶ
2786 733 2894 804 γὰρ
2935 732 3041 785 τῶν
3074 737 3374 802 γινομένων
3408 732 3474 786 τὰ
3519 732 3615 801 μὲν
3652 735 3714 786 ἐκ
3750 731 3965 801 φύσεως

2382 829 2510 898 ἡμῖν
2541 826 2862 895 ἐπιγίνεται,
2899 823 3010 882 οἷον
3053 830 3232 900 γῆρας
3281 833 3376 883 καὶ
3417 828 3691 884 ἀσθένειαι
3730 831 3866 899 (27),
3901 825 3968 878 τά

2382 921 2435 972 δέ
2460 921 2566 972 ἀπὸ
2593 923 2954 990 ταυτομάτου,
2986 917 3095 974 οἷον
3125 922 3180 973 αἱ
3215 921 3396 989 ἄλογοι
3423 920 3788 996 περιπτώσεις
3819 922 3970 976 ἀλλο⁹

2382 1017 2559 1089 τρίαις
2606 1019 2800 1092 ἀρχαῖς
2859 1019 3367 1090 ἐπισυμὸαίνουσαι.
3435 1017 3770 1092 σκυθρωπῶν
3812 1034 3972 1072 τινων

2387 1109 2715 1180 πολλάκιςῆ
2767 1111 2860 1162 καὶ
2907 1112 3014 1164 τῶν
3070 1109 3477 1182 φαιδροτὲρων·
3529 1112 3603 1175 ὡς
3655 1106 3732 1178 τῷ
3791 1110 3971 1181 φρέαρ

2386 1208 2668 1276 ὀρυσσοντι
2702 1204 2734 1272 ἡ
2781 1203 2872 1255 τοῦ
2913 1204 3187 1274 θησαυροῦ
3240 1203 3476 1277 εὕρεσις.
3514 1206 3546 1275 ἦ
3589 1204 3667 1276 τῷ
3701 1202 3838 1274 πρὸς
3878 1205 3974 1273 τὴν

2386 1297 2591 1368 ἀγορὰν
2627 1298 2942 1370 ὡρμημένῳ
2975 1300 3007 1369 ἡ
3033 1297 3125 1350 τοῦ
3153 1298 3458 1362 λυσσῶντος
3505 1301 3664 1364 κυνὸς
3695 1297 3933 1360 ἔντευξις
3959 1317 3972 1328 ·

2388 1393 2454 1444 τὰ
2487 1391 2541 1444 δέ
2578 1391 2660 1460 ἐφ’
2701 1393 2832 1462 ἡμῖν
2869 1391 3149 1461 τυγχάνει,
3189 1392 3264 1455 ὡς
3303 1393 3364 1446 τὸ
3413 1393 3685 1463 κρατῆσαι
3727 1391 3835 1447 τῶν
3865 1392 3978 1443 ἐπι-

2390 1483 2619 1554 θυμιῶν,
2655 1484 2687 1556 ἢ
2732 1485 2806 1556 μὴ
2853 1485 3078 1538 κολάσαι
3103 1483 3200 1544 τὰς
3233 1484 3452 1555 ἡδονάς·
3487 1484 3562 1547 ὡς
3589 1486 3650 1538 τὸ
3686 1481 3977 1553 κατασχεῖν

2390 1575 2646 1648 ὀργῆς,ἢ
2699 1580 2886 1648 χεῖρας
2944 1576 3234 1643 ἐπαφεῖναι
3276 1575 3356 1646 τῷ
3394 1574 3792 1646 παροξύναντι·
3848 1573 3980 1642 ἀλη-

2392 1665 2590 1733 θεύειν,
2633 1666 2665 1737 ἥ
2699 1665 3019 1736 ψεύδεσθαι·
3059 1664 3278 1734 ἐπιεικῆ
3312 1667 3374 1720 τὸ
3407 1663 3536 1738 ἦθος
3568 1659 3708 1718 εἶναι
3753 1665 3848 1718 καὶ
3880 1663 3979 1735 μέ-

2390 1776 2559 1831 τριον,
2591 1760 2624 1830 ἢ
2663 1757 2971 1828 ὑπέρογκον
3003 1757 3098 1809 καὶ
3144 1755 3483 1820 ἀλαζονείαις
3523 1756 3976 1826 ὑπεραιρόμενον.

2393 1844 2495 1906 Ὧν
2521 1853 2695 1906 τοίνυν
2719 1851 2881 1915 αὑτὸς
2911 1847 2962 1905 εἴ
2986 1851 3191 1923 κύριος,
3225 1851 3431 1906 τούτων
3459 1851 3555 1915 τὰς
3584 1849 3758 1922 ἀρχὰς
3786 1849 3858 1921 μὴ
3883 1848 3981 1918 ξηο

716 1957 833 1995 rum
883 1942 1066 2010 itaque
1121 1949 1174 1993 tu
1224 1940 1338 2009 ipse
1382 1939 1633 1993 dominus
1666 1954 1746 2001 es,
1783 1952 1915 1993 cave
1948 1953 2156 2008 quaeras
2195 1937 2291 1991 ho-
2322 1916 2399 1979 Βι

2322 1916 2366 1972 Β
2395 1947 2567 2019 τήσῃς
2597 1943 2705 2014 (28)
2742 1942 3026 2014 ἑτέρωθεν,
3053 1916 3188 1996 ἀλλά
3217 1942 3452 2015 γνώριζε
3485 1943 3544 1996 τὸ
3582 1916 3798 2013 κυρίως
3816 1916 3983 1994 κακον

716 2046 835 2084 rum
883 2031 1147 2101 principia
1194 2031 1293 2100 17
1351 2029 1567 2084 aliunde
1609 2042 1624 2082 :
1665 2029 1760 2084 sed
1817 2031 2015 2083 malum
2079 2027 2293 2098 proprie

714 2124 920 2176 dictum
973 2123 1188 2176 noveris
1247 2139 1276 2175 a
1329 2121 1647 2176 voluntariis
1702 2122 1944 2193 lapsibus
2000 2120 2291 2188 incepisse.

716 2217 850 2272 Nam
879 2217 924 2271 si
955 2216 1151 2270 malum
1183 2231 1286 2270 non
1318 2224 1461 2270 esset
1485 2215 1872 2280 voluntarium,
1899 2229 1998 2269 nec
2029 2214 2080 2268 in
2112 2226 2296 2271 nostra

717 2317 985 2380 potestate
1015 2309 1202 2372 situm,
1236 2307 1486 2377 iniuriam
1533 2308 1888 2364 inferentibus
1930 2321 2036 2360 non
2089 2306 2298 2376 impen-

716 2405 868 2458 deret
921 2412 1102 2458 tantus
1153 2403 1314 2456 timor
1369 2418 1396 2455 a
1455 2401 1685 2471 legibus,
1737 2399 1922 2468 sicque
1967 2397 2295 2468 indiciorum

718 2510 890 2565 pinnae
917 2512 1037 2566 qua:
1067 2497 1314 2551 meritam
1347 2494 1604 2548 maleﬁcis
1636 2494 1937 2562 rependunt
1966 2494 2288 2556 mercedem,

719 2590 894 2643 forent
943 2587 1301 2642 inevitabiles.
1355 2587 1517 2654 Atqui
1574 2585 1687 2640 haec
1744 2585 1872 2640 mihi
1925 2586 1991 2640 de
2039 2601 2103 2640 eo
2151 2583 2294 2652 quod

719 2681 936 2754 proprie
978 2681 1176 2734 malum
1220 2689 1327 2742 est,
1360 2679 1500 2733 dicta
1535 2679 1663 2732 sint.
1698 2677 1939 2732 Morbum
1969 2678 2136 2741 enim,
2162 2689 2296 2746 pau-

727 2779 1013 2839 pertatem,
1047 2768 1422 2838 ignominiam,
1462 2779 1715 2831 mortem,
1751 2777 1802 2821 et
1829 2768 2008 2820 omnia
2038 2780 2296 2835 quaecun-

720 2877 826 2930 que
874 2863 1186 2917 hominibus
1229 2860 1457 2914 molesta
1499 2867 1626 2914 sunt
1670 2859 1723 2911 in
1766 2857 2030 2912 malorum
2073 2869 2298 2910 numero

722 2968 821 3022 par
856 2969 961 3007 non
1000 2965 1084 3008 est
1117 2967 1399 3009 recensere
1439 2971 1452 3007 :
1492 2966 1556 3007 eo
1588 2951 1730 3021 quod
1766 2965 1938 3020 neque
1971 2964 2032 3003 ea
2066 2965 2185 3021 quae
2217 2949 2301 3004 his

723 3050 1090 3115 opponuntur,
1141 3047 1285 3098 inter
1348 3045 1581 3098 maxima
1629 3044 1768 3099 bona
1815 3057 2238 3099 annumeramus
2283 3059 2298 3097 :

725 3153 953 3209 quorum
987 3137 1165 3204 aliqua
1219 3137 1405 3190 insunt
1463 3146 1652 3190 natura
1691 3156 1703 3192 :
1744 3137 1920 3206 aliqua
1960 3152 2088 3191 vero
2135 3138 2300 3190 etiam

726 3232 930 3286 utiliter
959 3230 1140 3285 multis
1188 3229 1453 3284 accidisse
1489 3239 1719 3283 constat.
1765 3228 1990 3282 Omnem
2028 3227 2189 3297 igitur
2220 3228 2301 3280 in-

726 3326 1191 3393 terpretationem,
1235 3323 1401 3392 tropis
1437 3329 1493 3376 et
1526 3319 1798 3390 allegoriis
1843 3326 2210 3382 constantem,
2248 3318 2299 3372 in

726 3416 1014 3484 przesentia
1065 3416 1574 3486 przetermittentes,
1625 3413 1970 3469 tenebrarum
2024 3409 2300 3466 notionem

726 3507 1046 3576 simpliciter
1076 3519 1130 3560 et
1157 3509 1295 3561 citra
1325 3509 1720 3573 curiositatem,
1759 3521 1975 3562 sensum
2011 3505 2305 3576 Scriptura:

726 3599 923 3664 secuti,
960 3598 1308 3667 accipiamus.
1361 3595 1591 3665 lnquirit
1622 3606 1803 3652 autem
1853 3597 2011 3662 ratio,
2045 3611 2110 3649 an
2145 3595 2306 3650 simul

728 3705 850 3744 cum
888 3691 1088 3744 mundo
1120 3689 1272 3743 facta:
1297 3688 1403 3741 sint
1439 3687 1693 3750 tenebrae,
1729 3696 1785 3740 et
1819 3696 1998 3740 utrum
2031 3687 2302 3756 antiquio-

731 3799 817 3837 res
848 3784 956 3836 sint
988 3782 1130 3846 luce,
1157 3790 1209 3834 et
1242 3795 1338 3833 cur
1375 3779 1425 3833 id
1465 3779 1606 3847 quod
1639 3777 1874 3832 deterius
1901 3786 1982 3832 est
2016 3777 2165 3846 prius
2203 3791 2304 3830 ex-

727 3875 967 3931 stiterit?
1009 3874 1245 3927 Dicimus
1280 3872 1443 3941 igitur
1481 3872 1641 3924 hasce
1678 3871 1928 3924 tenebras
1965 3885 2069 3924 non
2104 3883 2303 3925 secun-

729 3967 855 4022 dum
911 3965 1270 4021 substantiam
1320 3963 1674 4018 substitisse:
1714 3963 1808 4018 sed
1861 3961 2027 4018 fuisse
2078 3962 2130 4016 in
2182 3976 2307 4017 aere

731 4059 1096 4125 affectionem,
1140 4073 1205 4112 ex
1253 4057 1472 4111 luminis
1524 4057 1827 4127 privatione
1875 4056 2304 4127 provenientem.

734 4147 798 4201 Et
826 4164 953 4202 vero
995 4148 1176 4201 mundi
1214 4147 1363 4201 locus
1405 4146 1683 4214 cnjusnam
1715 4147 1852 4202 lucis
1883 4147 2026 4202 illico
2059 4147 2311 4203 inventus

731 4252 813 4294 est
844 4255 1053 4303 exsors,
1085 4242 1218 4292 adeo
1266 4250 1322 4291 ut
1371 4240 1606 4292 tenebra:
1657 4254 1819 4308 super
1853 4253 2046 4307 aquam
2088 4239 2311 4293 essent?

734 4334 876 4388 Sane
922 4335 966 4386 si
1013 4333 1140 4401 quid
1174 4339 1296 4385 ante
1325 4339 1462 4396 erat,
1495 4346 1655 4400 quam
1693 4332 1781 4385 hic
1818 4331 2052 4386 mundus
2089 4331 2310 4385 sensibi-

733 4427 800 4481 lis
825 4437 987 4495 atque
1027 4426 1358 4494 corruptioni
1392 4424 1663 4478 obnoxius
1703 4423 2149 4488 constitueretur,
2183 4438 2309 4491 pro-

733 4519 875 4574 [ceto
911 4521 960 4572 id
1002 4519 1328 4572 arbitramur
1371 4518 1422 4570 in
1472 4517 1675 4571 lumine
1717 4515 1904 4571 fuisse.
1939 4515 2123 4584 Neque
2161 4518 2304 4571 enim

733 4614 1048 4682 angelorum
1080 4611 1385 4680 dignitates,
1413 4625 1585 4680 neque
1614 4609 1866 4664 coalestes
1892 4619 2156 4678 quotquot
2184 4619 2310 4664 sunt

2397 2039 2460 2090 ἐκ
2494 2035 2602 2090 τῶν
2632 2035 3032 2107 προαιρετικῶν
3062 2036 3479 2107 ἀποπτωμάτων
3506 2035 3603 2108 τὴν
3632 2036 3807 2108 ἀρχὴν
3842 2035 3985 2104 εἰλη-

2398 2131 2514 2199 φός.
2555 2127 2628 2180 Οὑ
2660 2127 2767 2199 γὰρ
2800 2127 2887 2192 ἂν,
2923 2128 3079 2200 εἴπερ
3109 2127 3361 2182 ἀκούσιον
3391 2125 3458 2200 ἦν
3492 2129 3627 2201 (29),
3669 2129 3762 2182 καὶ
3797 2128 3872 2200 μὴ
3903 2128 3985 2196 ἐφ’

2399 2223 2549 2292 ἡμῖν,
2586 2217 2840 2283 τοσοῦτος
2875 2221 2972 2291 μὲν
3010 2223 3074 2274 ἐκ
3104 2220 3212 2274 τῶν
3241 2222 3421 2292 νόμων
3453 2223 3481 2273 ὁ
3526 2221 3689 2289 φόϐος
3725 2223 3838 2282 τοῖς
3874 2221 3986 2272 ἀδι-

2401 2311 2584 2366 κοῦσιν
2615 2310 2914 2384 ἐπήρτητο,
2953 2311 3093 2366 οὑτω
3120 2311 3175 2365 δὲ
3207 2312 3573 2382 ἀπαραίτητοι
3606 2310 3713 2382 τῶν
3739 2309 3987 2378 δικαστη-

2404 2405 2532 2476 ρίων
2579 2407 2634 2460 αἱ
2687 2404 2956 2470 κολάσεις,
3006 2405 3067 2458 τὸ
3115 2402 3251 2476 πρὸς
3310 2403 3467 2470 ἀξίαν
3496 2405 3608 2468 τοῖς
3661 2401 3990 2472 κακούργοις

2400 2500 2842 2574 ἀντιμετροὼαι.
2882 2499 3067 2554 Ταῦτα
3109 2499 3166 2552 δέ
3199 2516 3288 2570 μοι
3326 2495 3568 2570 εἰρήσθω
3611 2496 3739 2568 περὶ
3768 2494 3861 2547 τοῦ
3891 2511 3988 2546 κυ-

2405 2596 2535 2665 ρίως
2569 2594 2763 2650 κακοῦ.
2798 2595 2972 2647 Νόσον
3013 2594 3122 2664 γάρ
3169 2592 3262 2644 καὶ
3297 2591 3487 2645 πενίαν
3521 2591 3615 2646 καὶ
3645 2589 3866 2654 ἀδοξίαν
3897 2586 3992 2639 καὶ

2402 2686 2654 2753 θάνατον,
2690 2686 2785 2739 καὶ
2825 2686 2924 2737 ὅσα
2956 2683 3179 2755 λυπηρὰ
3208 2687 3323 2747 τοῖς
3359 2682 3690 2754 ἀνθρώποις,
3719 2679 3873 2732 οὔπω
3899 2677 3992 2730 καὶ

2401 2781 2458 2832 ἐν
2480 2783 2544 2851 τῇ
2588 2781 2752 2850 μοίρα
2773 2777 2882 2830 τῶν
2912 2777 3098 2830 κακῶν
3127 2775 3580 2844 καταλογίζεσθαι
3606 2774 3775 2840 ἄξιον,
3816 2770 3905 2824 διὰ
3934 2769 3995 2822 τὸ

2407 2872 2541 2943 μηδέ
2573 2871 2643 2924 τά
2663 2869 3014 2941 ἀντικείμενα
3049 2868 3258 2932 τούτοις
3294 2871 3350 2921 ἐν
3381 2870 3494 2930 τοῖς
3536 2865 3817 2938 μεγίστοις
3847 2863 3995 2934 ἡμᾶς

2402 2965 2510 3019 τῶν
2545 2963 2766 3034 ἀγαθῶν
2799 2963 3085 3033 ἀριθμεῖν·
3147 2955 3221 3015 ὧν
3252 2961 3318 3015 τά
3357 2961 3455 3032 μὲν
3487 2961 3550 3012 ὲκ
3601 2957 3819 3028 φύσεώς
3857 2959 3995 3019 ἐστι,

2404 3059 2472 3112 τὰ
2504 3058 2560 3112 δέ
2587 3058 2682 3110 καὶ
2718 3055 3106 3128 συμφερόντως
3150 3054 3363 3118 πολλοῖς
3390 3055 3778 3125 ἀπαντήσαντα
3809 3049 3996 3121 φαίνε-

2404 3169 2514 3204 ται.
2556 3152 2745 3204 Πᾶσαν
2777 3147 2869 3202 οὖν
2907 3150 3173 3220 τροπικὴν
3209 3151 3303 3202 καὶ
3341 3149 3406 3202 δι’
3439 3147 3695 3210 ὑπονοίας
3738 3145 3997 3214 ἐξήγησιν

2406 3242 2464 3295 ἐν
2494 3260 2556 3310 γε
2585 3241 2662 3312 τῷ
2708 3241 2937 3310 παρόντι
2984 3241 3467 3308 κατασιγάσαντες,
3499 3238 3593 3290 τοῦ
3639 3237 3863 3300 σκότους
3901 3233 3998 3306 τὴν

2411 3332 2618 3386 ἔννοιαν
2642 3333 2829 3396 ἁπλῶς
2860 3331 2954 3386 καὶ
2984 3332 3436 3404 άπεριεργάστως
3466 3331 3600 3401 (30),
3639 3330 3898 3400 ἑπόμενοι
3923 3326 3999 3397 τῷ

2414 3425 2711 3496 βουλήματι
2738 3424 2839 3494 τῆς
2871 3423 3116 3493 Γραφῆς,
3161 3423 3526 3495 ὲκδεξώμεθα.
3568 3422 3848 3493 Ἐπιζητεῖ
3888 3421 3943 3473 δέ
3973 3422 3999 3472 ὁ

2413 3518 2591 3589 λόγος,
2625 3521 2672 3572 εί
2703 3516 3224 3588 συγκατεσκευάσθη
3245 3517 3323 3588 τῷ
3361 3518 3552 3588 κόσμῳ
3577 3517 3636 3570 τὸ
3669 3517 3882 3577 σκότος,
3907 3512 4000 3566 καὶ

2414 3615 2462 3666 εί
2489 3612 2838 3683 ἀρχαιότερον
2865 3611 2957 3663 τοῦ
3004 3610 3200 3679 φωτὸς,
3235 3611 3328 3662 καῖ¹
3373 3610 3459 3663 διὰ
3481 3611 3534 3662 τί
3563 3609 3623 3661 τὸ
3649 3611 3831 3677 χεῖρον
3876 3621 4000 3671 πρεο

2416 3704 2696 3776 σϐύτερον.
2742 3705 2990 3773 Λέγομεν
3025 3703 3203 3756 τοίνυν
3245 3703 3339 3755 καὶ
3378 3702 3536 3754 τοῦτο
3578 3700 3636 3752 τὸ
3668 3699 3860 3758 σκότος
3919 3695 3990 3765 μὴ

2414 3795 2533 3846 κατ’
2555 3795 2740 3847 οὑσίαν
2773 3795 3160 3865 ὑφεστηκέναι,
3195 3794 3331 3847 ἀλλὰ
3369 3792 3538 3854 πάθος
3572 3785 3712 3844 εἶναι
3755 3789 3884 3858 περὶ
3910 3788 3998 3840 τὸν

2415 3884 2552 3956 ἀέρα
2585 3885 2837 3956 στερήσει
2862 3886 3038 3953 φωτὸς
3069 3884 3470 3954 ἐπιγινόμενον.
3496 3882 3656 3936 Ποίου
3680 3882 3862 3933 τοίνυν
3892 3897 3999 3948 φω-

2415 3976 2506 4040 τὸς
2540 3976 2766 4049 ἄμοιρος
2812 3979 3094 4048 αἰφνιδίως
3120 3981 3147 4032 ὁ
3178 3981 3234 4032 ἐν
3260 3977 3338 4048 τῷ
3368 3977 3559 4048 κόσμῳ
3585 3975 3747 4038 τόπος
3779 3973 3997 4045 εὑρέθη,

2419 4069 2556 4123 ὥστε
2584 4070 2644 4123 τὸ
2677 4071 2864 4136 σκότος
2895 4073 3079 4126 ἐπάνω
3109 4070 3245 4125 εἶναι
3283 4071 3374 4125 τοῦ
3405 4070 3630 4134 ὑδατος;
3661 4067 4000 4138 Λογιζόμεθα

2418 4161 2596 4214 τοίνυν
2622 4163 2725 4226 ὅτι,
2775 4163 2930 4236 εἴπερ
2960 4183 3012 4218 τι
3040 4161 3107 4236 ἦν
3141 4165 3254 4233 (5i)
3302 4162 3407 4233 πρὸ
3458 4162 3555 4232 τῆς
3594 4159 3685 4213 τοῦ
3739 4158 4000 4230 αἰσθητοῦ

2418 4255 2604 4306 τούτου
2635 4256 2728 4308 καὶ
2777 4256 3014 4326 φθαρτοῦ
3046 4257 3251 4326 κόσμου
3302 4254 3631 4317 συστάσεως,
3685 4256 3742 4306 ἐν
3773 4255 3912 4323 φωτὶ
3939 4253 4002 4305 ἂν

2416 4340 2483 4414 ἦν
2511 4346 2768 4414 δηλονότι.
2811 4347 2944 4398 Ost
2976 4347 3081 4417 γὰρ
3133 4348 3187 4400 ai
3223 4346 3331 4398 τῶν
3376 4345 3620 4414 ἀγγέλων
3664 4345 3832 4410 ἀξίαι,
3883 4342 4000 4396 οὗτε

2419 4437 2589 4488 πᾶσαι
2616 4440 2669 4490 αἱ
2706 4439 3014 4509 ἐπουράνιοι
3059 4440 3332 4510 στρατιαὶ,
3365 4437 3486 4490 οὔτε
3519 4437 3655 4499 ὅλως
3697 4438 3751 4488 εἴ
3775 4437 3827 4488 τί
3858 4438 4000 4488 ἐστιν

2418 4526 2804 4599 ὠνομασμένον
2831 4530 2862 4597 ἢ
2893 4529 3334 4598 ἀκατονόμαστον
3357 4527 3463 4581 τῶν
3493 4527 3727 4595 λογικῶν
3764 4527 3999 4596 φύσεων,

2419 4618 2514 4671 καὶ
2545 4620 2652 4673 τῶν
2690 4620 3079 4692 λειτουργικῶν
3120 4621 3449 4691 πνευμάτων
3487 4622 3543 4673 ἐν
3590 4620 3766 4690 σκότῳ
3794 4620 3999 4690 διῆγεν,

827 4897 921 4969 26)
957 4897 1109 4952 Colb.
1163 4896 1660 4969 secundusdet'ieiu
1702 4895 1999 4969 novqpa’t_v._
2038 4895 2328 4969 Aliquanto
2360 4910 2404 4966 D
2435 4897 2625 4966 picari,
2665 4899 2809 4967 ipsas
2845 4899 3152 4954 retinendas
3198 4914 3317 4953 esse
3342 4898 3410 4951 ob
3449 4899 3588 4952 hanc
3631 4897 3897 4952 Eustatliii
3932 4900 4001 4953 in-

733 4980 858 5041 post
887 4964 997 5041 t'res
1028 4984 1153 5041 mss.
1186 4969 1233 5020 εί
1267 4967 1376 5038 γὰρ
1407 4964 1536 5024 τῶν.
1568 4967 1712 5024 Editi
1739 4964 1861 5023 cum
1889 4964 2042 5020 Colb.
2078 4967 2316 5020 secundo

735 5038 821 5095 ἀεὶ
851 5039 964 5112 ¹γὰρ
991 5038 1120 5094 τῶν.

809 5105 1084 5179 (‘27)'ch.
1110 5118 1290 5162 sextus
1311 5115 1374 5179 et
1391 5106 1549 5179 Colb.
1584 5107 1856 5163 secundus
1907 5106 2001 5160 acati.
2034 5105 2312 5160 ἀσθένεια.

737 5179 856 5234 Mox
893 5178 1228 5234 nnus’codex
1265 5178 1334 5232 τὰ
1359 5178 1414 5230 δέ
1441 5178 1521 5242 ἐξ.

806 5251 920 5320 (28)
949 5250 1101 5304 Colb.
1143 5252 1410 5320 secundus
1447 5249 1520 5319 μὴ
1549 5247 1723 5320 ζήτει.

810 5311 921 5391 (29)
955 5321 1134 5374 Codex
1185 5319 1336 5374 Bodl.
1372 5330 1425 5372 et
1447 5311 1553 5374 ’δέχ
1602 5311 1715 5391 alii
1743 5317 1999 5391 ἀκούσιον
2031 5311 2148 5391 Iw.
2195 5317 2312 5391 Vox

743 5387 926 5445 ultima
967 5391 1018 5443 in
1039 5391 1198 5444 editis
1224 5391 1580 5443 desideratur.
1608 5387 1806 5441 Ibidem
1830 5390 1997 5444 editio
2026 5387 2201 5444 Paris.
2223 5389 2316 5442 καὶ

788 5462 932 5532 ὴὲφ’
962 5463 1092 5532 ἡμῖν
1126 5461 1184 5514 τὸ
1243 5459 1430 5532 κακόν.
1477 5458 1836 5532 Montacutius
1888 5469 2071 5532 autem
2101 5501 2115 5526 ,
2181 5469 2315 5514 teste

788 5479 821 5532 η
850 5479 930 5532 εφ
962 5479 1092 5532 ημιν
1126 5479 1184 5514 το
1243 5479 1430 5512 κακον.
1478 5479 1836 5513 ινιοιιιδρυιιιιδ
1891 5479 2071 5513 amem
2101 5501 2115 5526 ,
2181 5479 2312 5514 ICSIG

745 5479 958 5594 Buczeo,
996 5533 1221 5584 allirmat
1249 5530 1403 5593 illud,
1443 5529 1501 5581 τὸ
1533 5528 1723 5590 κακόν,
1755 5545 1820 5583 ex
1853 5528 2123 5598 aliquibus
2181 5545 2312 5584 mss.

741 5603 983 5657 additum
1016 5603 1199 5657 fuisse.
1231 5601 1335 5655 Sed
1386 5609 1560 5652 tamen
1587 5603 1667 5653 Ine
1713 5600 1829 5654 duae
1859 5615 2019 5653 voces
2051 5614 2226 5669 neque
2259 5605 2311 5654 t'n

741 5675 982 5728 editione
998 5673 1180 5734 Basil.,
1220 5684 1393 5738 neque
1423 5672 1473 5722 in
1503 5670 1676 5723 Ducaei
1711 5671 2011 5734 codicibus,
2041 5684 2219 5738 neque
2257 5671 2310 5724 in

742 5743 1011 5808 Combet".,
1050 5758 1221 5809 neque
1256 5743 1306 5794 in
1338 5741 1512 5803 Bodl.,
1541 5755 1713 5806 neque
1752 5741 1803 5792 in
1833 5749 2034 5807 septem
2075 5742 2196 5794 aliis
2226 5755 2311 5794 re-

743 5817 1047 5882 periuntur.
1087 5813 1238 5867 Unde
1268 5828 1359 5865 eas
1393 5811 1733 5882 totcodicum
1767 5811 2084 5864 auctoritate
2101 5827 2307 5879 expun-

749 5881 872 5953 gere
906 5901 1008 5939 non
1041 5884 1425 5940 dubitavimus.
1459 5881 1633 5936 Possit
1668 5892 1845 5934 autem
1878 5882 2147 5951 quispiam
2188 5896 2306 5936 sus-

2404 5811 2486 5864 ltic
2523 5817 2766 5873 mum/us,
2800 5825 2906 5866 etc.

2436 4970 2898 5034 terpretationem,
2938 4969 3118 5036 Neque
3145 4972 3279 5023 enim
3314 4969 3359 5021 si
3384 4970 3581 5022 malum
3605 4984 3669 5021 ex
3695 4972 4000 5024 necessitate

2425 5041 2780 5104 descenderet,
2811 5050 2985 5092 tantus
3014 5039 3346 5104 peccantibus
3382 5041 3550 5108 legum
3585 5051 3752 5091 melus
3799 5042 4001 5092 incum-

2426 5109 2560 5160 beret
2593 5111 2686 5180 {id
2732 5119 2910 5163 tamen
2946 5125 3050 5162 non
3083 5115 3338 5164 continuo
3379 5110 3564 5180 colligi
3618 5110 3819 5166 debere
3855 5120 3999 5180 puta-

2426 5194 2564 5233 mus.
2600 5179 2734 5234 Hinc
2771 5181 2916 5234 enim
2958 5195 3063 5232 non
3101 5180 3332 5233 efﬁcitur
3377 5179 3718 5233 Eustathium
3754 5179 3916 5236 voces
3940 5179 3999 5232 τὸ

2424 5249 2592 5302 κακόν
2642 5251 2917 5303 invenisse
2959 5251 3011 5302 in
3059 5251 3238 5319 aliquo
3265 5250 3584 5318 exemplari,
3630 5251 3722 5304 sed
3757 5253 3998 5319 sequitur

2426 5320 2834 5374 duntaxatcum
2866 5324 2962 5373 has
2991 5335 3174 5384 voces,
3223 5336 3340 5387 qua:
3383 5336 3488 5374 non
3529 5321 3760 5374 obscure
3818 5321 3999 5374 subin-

2428 5391 2828 5460 telligebantnr,
2877 5393 2942 5443 de
2996 5405 3093 5444 suo
3145 5408 3175 5444 e
3224 5389 3596 5456 superioribus
3651 5389 3992 5456 supplevisse.

2415 5461 2614 5513 Statim
2646 5463 2715 5515 ibi
2756 5461 2985 5516 Basilius
3017 5462 3250 5526 loquitur
3270 5461 3336 5514 de
3365 5475 3429 5515 eo
3469 5461 3609 5528 quod
3642 5461 3856 5528 proprie
3889 5475 4000 5513 ma-

2414 5529 2521 5582 ltnn
2547 5542 2651 5593 est,
2689 5534 2774 5586 ubi
2812 5531 3029 5600 intelligi
3063 5540 3342 5597 peccatum
3371 5546 3530 5584 uento
3557 5547 3660 5583 non
3692 5531 3863 5582 videt.

2409 5671 2432 5721 ὲ
2482 5601 2596 5711 $30)
2638 5604 2772 5672 Reg.
2810 5613 2993 5656 sextus
3039 5601 3244 5654 ἔννοιαν
3295 5601 3515 5655 ἃπασαν
3550 5600 4000 5671 ἀπεριεργάστως

2440 5688 2688 5721 πιαίνοι-

2440 5688 2507 5723 πο
2517 5689 2688 5727 μενοι.

2625 5721 2796 5812 έίπερ
2823 5760 2870 5793 τι
2895 5737 2984 5812 ἦν,
3013 5752 3142 5808 ete.,
3166 5741 3307 5797 Sane
3330 5745 3373 5797 si
3400 5741 3526 5811 quid
3545 5749 3667 5794 ante
3694 5751 3808 5793 erat
3842 5757 3997 5812 quam

2948 5812 3117 5882 chas
3147 5815 3304 5868 velim
3348 5825 3527 5869 notam
3561 5812 3609 5880 ὁ,
3638 5827 3763 5884 pag.
3801 5814 3835 5869 5
3867 5822 3989 5882 (not.

2405 5883 2491 5946 Si,
2523 5899 2679 5952 supra
2706 5886 2803 5938 col.
2839 5883 2948 5950 1‘2).
