4262 6510
294 460 359 518 ιι
1436 456 1720 517 HOMILIA
1765 459 1809 515 ll
1850 461 1915 515 lN
1958 463 1977 515 ι

1874 461 1915 515 Ν
1958 461 2455 519 HEXAEMEHON.
3485 477 3552 533 42

294 584 411 641 ἀλλ’
438 583 495 635 ἐν
530 581 666 650 φωτὶ
706 580 801 633 καὶ
848 581 997 652 πάσῃ
1041 578 1349 652 εὐφροσύνῃ
1392 584 1735 651 πνευματικῇ
1783 580 1879 652 τὴν
1907 603 1955 661 Α

1869 600 1879 630 ρ
1907 603 1955 661 Α
1983 583 2277 649 exercitus,
2307 600 2477 654 neque
2512 587 2722 642 tandem
2754 590 2798 644 si
2826 606 2945 660 qua:
2974 593 3089 647 alii:
3115 606 3238 649 sunt
3266 596 3552 652 rationales

292 676 612 748 πρέπουσαν
639 674 850 736 ἑαυτοῖς
878 672 1209 727 κατάστασιν
1233 666 1367 741 εἶχε.
1411 672 1522 725 Καὶ
1550 673 1759 737 τούτοις
1781 674 1873 726 οὑ-

291 770 406 831 δεὶς
439 770 674 838 ἀντερεῖ,
716 766 911 820 οῠκουν
937 767 1083 830 ὅστις
1123 783 1186 835 γε
1227 765 1338 833 (52)
1387 765 1447 817 τὸ
1487 765 1875 838 ὑπερουράνιον

294 862 413 933 φῶς
434 863 491 915 ἐν
519 864 636 925 ταῖς
661 860 770 914 τῶν
792 859 1007 929 ἀγαθῶν
1037 858 1391 927 ἐπαγγελίαις
1418 859 1717 929 ἐκδέχεται,
1749 860 1876 931 περ).

293 948 356 1009 οὗ
387 954 638 1026 Σολομὼν
663 971 796 1025 φησι
817 970 831 984 ·
876 952 1003 1017 Φῶς
1029 952 1282 1019 δικαίοις
1310 952 1409 1007 διὰ
1436 957 1660 1020 παντός
1679 972 1691 985 ο
1731 955 1822 1008 καὶ
1847 956 1875 1008 ὁ

305 1048 661 1113 Ἀπόστολος’
707 1045 1227 1115 Εὑχαριστοῦντες
1259 1044 1337 1110 τῷ
1388 1044 1509 1110 Θεῷ
1552 1047 1649 1099 καὶ
1692 1047 1877 1115 Πατρι

294 1146 406 1215 (55)
442 1142 517 1208 τῷ
549 1142 907 1196 ἱκανώσαντι
953 1138 1113 1209 ⁴ἡμᾶς
1146 1141 1216 1193 ἐν
1246 1138 1318 1208 τῇ
1343 1139 1539 1209 μερίδι
1589 1139 1695 1193 τοῦ
1731 1138 1877 1205 κλή-

286 1256 404 1307 ρου
436 1236 554 1291 τῶν
583 1236 765 1305 ἁγίων
802 1236 871 1288 ἐν
898 1233 978 1299 τῷ
1011 1235 1180 1303 φωτί.
1208 1234 1269 1286 Ei
1292 1234 1399 1303 γάρ
1428 1234 1476 1285 οἱ
1513 1233 1873 1297 καταδικαζό-

300 1348 451 1401 μενοι
474 1331 781 1399 πέμπονται
815 1329 893 1390 εἰς
914 1326 975 1381 τὸ
1006 1327 1195 1388 σκότος
1226 1326 1287 1377 τὸ
1319 1324 1606 1396 ἐξώτερον,
1632 1324 1875 1395 δηλονότι

296 1427 347 1478 οἱ
378 1424 445 1477 τὰ
464 1425 561 1492 τῆς
586 1422 853 1490 ἀποδοχῆς
881 1420 1005 1485 ἀξια
1028 1418 1402 1490 εἰργασμένοι,
1438 1420 1495 1471 ἐν
1525 1418 1604 1487 τῷ
1638 1419 1874 1488 ὑπερκο-

296 1518 441 1588 σμίῳ
471 1514 609 1584 φωτὶ
654 1515 754 1584 τὴν
784 1514 1089 1567 ἀνάπαυσιν
1135 1512 1347 1581 ἔχουσιν
1388 1510 1524 1580 (54).
1594 1511 1744 1563 Ἐπεὶ
1783 1505 1876 1563 οὑν

295 1610 513 1676 ἐγένετο
547 1610 574 1659 ὁ
604 1606 829 1677 οὐρανὸς
864 1605 1249 1676 προστάγματι
1294 1601 1429 1655 Θεοῦ
1478 1602 1688 1673 ἀθρόως
1722 1616 1876 1671 περι-

293 1700 477 1762 ταθεὶς
514 1701 626 1763 τοῖς
658 1698 809 1760 ἐντὸς
835 1698 940 1751 ὑπὸ
970 1698 1069 1768 τῆς
1099 1697 1302 1759 οἰκείας
1331 1694 1494 1750 αὑτοῦ
1526 1691 1875 1764 περιφερείας

295 1792 749 1862 ἀπειλημμένοις,
788 1790 943 1860 σῶμα
974 1790 1110 1859 ἔχων
1145 1788 1382 1858 συνεχὲς,
1425 1787 1606 1839 ἱκανὸν
1634 1786 1743 1838 τῶν
1770 1782 1875 1849 ἔξω

292 1886 582 1955 διαστῆσαι
618 1884 685 1936 τὰ
724 1882 871 1935 ἔνδον
914 1881 1047 1952 (55),
1102 1879 1412 1947 ἀναγκαίως
1454 1878 1545 1931 τὸν
1592 1876 1869 1931 ἐναπολει-

1986 686 2218 742 natura},
2246 687 2340 731 aut
2363 680 2407 732 si
2438 679 2530 747 qui
2562 680 2653 733 alii
2683 692 2807 735 sunt
2837 684 3142 739 administri
3173 687 3416 754 spiritus,
3444 690 3554 743 sive

1983 770 2219 825 habeant
2251 788 2467 837 nomen,
2500 774 2613 829 sive
2664 792 2792 842 non,
2826 779 3091 848 degebant
3153 781 3205 835 in
3262 783 3502 837 tenebris
3538 800 3551 837 :

1982 864 2073 915 sed
2108 862 2161 915 in
2193 862 2311 919 luce
2339 872 2391 918 et
2426 866 2477 918 in
2513 868 2660 922 omni
2698 868 2876 923 laetitia
2921 871 3186 939 spirituali
3217 882 3412 927 statum
3450 874 3553 929 sibi

1984 955 2397 1010 convenientem
2431 957 2721 1015 habebant.
2755 961 2929 1031 Atque
2964 964 3047 1017 his
3086 968 3419 1021 contradicet
3457 984 3553 1020 ne-

1982 1058 2094 1109 mo,
2126 1059 2231 1099 non
2286 1046 2331 1099 is
2381 1058 2552 1113 certe,
2582 1051 2671 1118 qui
2720 1052 2771 1105 in
2822 1053 3082 1108 bonorum
3125 1058 3407 1123 promissis
3443 1073 3553 1109 cm,-

1982 1133 2174 1191 lestem
2210 1136 2382 1191 lucem
2412 1150 2712 1207 exspectat,
2743 1143 2809 1197 de
2837 1158 2941 1211 qua
2979 1144 3232 1199 Salomon
3276 1149 3352 1198 ait
3388 1168 3402 1201 :
3439 1146 3554 1200 Lux

1973 1226 2136 1295 justis
2177 1229 2461 1296 semper“;
2496 1230 2856 1301 etApostolus
2900 1234 3163 1290 :Gratias
3207 1248 3411 1306 agentes
3451 1240 3555 1290 Deo

1982 1328 2030 1372 et
2075 1318 2225 1373 Patri
2254 1322 2342 1389 qui
2374 1320 2560 1390 dignos
2602 1338 2693 1375 nos
2738 1324 2857 1393 fecit
2893 1328 2947 1378 in
2978 1340 3129 1394 parte
3160 1330 3315 1381 sortis
3348 1340 3555 1381 sancto—

1984 1426 2099 1462 rum
2136 1410 2189 1463 in
2224 1411 2420 1464 lumine
2461 1414 2529 1466 ²¹.
2568 1414 2777 1469 Etenim
2831 1419 2876 1471 si
2915 1418 3153 1472 damnati
3192 1421 3472 1473 mittuntur
3502 1422 3553 1473 in

1985 1502 2238 1557 tenebras
2282 1507 2581 1561 exteriores
2614 1508 2659 1539 ”
2694 1526 2707 1561 :
2744 1511 2930 1580 utique
2966 1513 3056 1581 qui
3108 1526 3270 1581 opera
3307 1514 3462 1569 laude
3494 1528 3557 1567 ac

1982 1597 2451 1653 commendatione
2482 1599 2641 1669 digna
2670 1615 3013 1672 peregerunt,
3048 1604 3099 1657 in
3122 1605 3326 1659 etnlesti
3358 1606 3555 1660 lumine

1982 1690 2225 1757 requiem
2286 1692 2585 1759 possident.
2624 1694 2889 1760 Quoniam
2944 1697 3105 1768 igitur
3140 1697 3231 1753 Dei
3273 1699 3429 1765 jussu
3474 1706 3557 1753 est

1982 1781 2177 1836 cmlum
2210 1783 2433 1850 factum,
2468 1788 2548 1839 sic
2588 1796 2645 1839 ut
2697 1790 2856 1843 rebus
2898 1790 3039 1845 intra
3072 1806 3223 1846 suam
3256 1792 3419 1861 ipsius
3448 1792 3554 1845 cir-

1983 1872 2397 1929 cumferentiam
2442 1878 2710 1932 contentis
2760 1881 3051 1949 derepente
3094 1884 3555 1938 circumfundere-

295 1979 503 2047 φθέντα
566 1976 714 2045 αὑτῷ
765 1976 930 2027 τόπον
967 1974 1078 2043 (56)
1131 1971 1346 2040 ἀφεγγῆ
1400 1970 1723 2040 κατέστησε,
1784 1970 1882 2039 τὴν
1913 1974 1955 2029 Β

1861 1988 1882 2022 ν
1913 1974 1955 2029 Β
1986 1975 2111 2035 tur;
2168 1970 2500 2039 haberetque
2532 1986 2727 2042 corpus
2766 1975 3074 2027 continuum
3104 1976 3245 2042 quod
3278 1978 3341 2030 ab
3373 1987 3544 2029 exter-

294 2070 497 2137 ἔξωθεν
546 2068 720 2136 αὐγὴν
787 2064 1068 2133 διακόψας.
1102 2062 1240 2132 Τρία
1280 2062 1387 2131 γὰρ
1431 2061 1511 2113 δεῖ
1551 2062 1879 2133 συνδραμεῖν

296 2164 391 2216 ἐπὶ
414 2163 513 2230 τῆς
543 2160 720 2221 σκιᾶς,
756 2157 815 2210 τὺ
840 2156 978 2225 φῶς,
1008 2155 1069 2208 τὸ
1103 2155 1281 2226 σῶμα,
1327 2156 1417 2208 τὸν
1444 2154 1668 2225 ἀλαμπῆ
1693 2155 1874 2207 τόπον.

297 2256 372 2308 Τὸ
411 2253 591 2306 τοίνυν
639 2249 931 2320 ἐγκόσμιον
984 2249 1171 2312 σκότος
1205 2250 1271 2315 τῇ
1321 2248 1449 2316 σκιᾷ
1481 2245 1575 2298 τοῦ
1625 2246 1877 2315 οὐρανίου

298 2344 552 2415 σώματος
598 2341 946 2413 παρυπέστη.
997 2341 1208 2409 Νόησον
1241 2338 1295 2390 δέ
1349 2354 1438 2407 μοι
1483 2338 1590 2390 ἀπὸ
1622 2336 1880 2409 παραδεί-

296 2454 507 2507 γματος
548 2435 811 2504 ἐναργοῦς
844 2435 903 2486 τὸ
932 2433 1241 2501 λεγόμενον,
1282 2432 1338 2481 ἐν
1372 2430 1616 2501 σταθηρᾷ
1652 2430 1761 2499 (57)
1792 2447 1881 2500 με·-

299 2531 549 2601 σημδρίᾳ
587 2529 791 2598 σκηνήν
831 2542 953 2578 τινα
984 2528 1046 2576 ἐκ
1078 2522 1287 2590 πυκνῆς
1328 2523 1421 2575 καὶ
1460 2524 1723 2592 στεγανῆς
1750 2522 1879 2592 ὕλης

298 2622 479 2693 ἐαυτῷ
501 2622 924 2691 περιστήσαντα,
953 2616 1047 2670 καὶ
1080 2617 1137 2667 ὲν
1185 2614 1361 2685 σκότῳ
1395 2615 1724 2685 αὐτοσχεδίῳ
1754 2617 1879 2667 ἐαυ-

296 2716 389 2769 τδν
429 2714 845 2785 καθειργνύντα.
883 2710 1136 2764 Τοιοῦτον
1183 2706 1276 2763 οὑν
1323 2710 1546 2763 κάκεῖνο
1586 2710 1646 2761 τὸ
1690 2710 1879 2771 σκότος

299 2808 522 2869 ὑπόθου,
550 2807 609 2859 οὑ
638 2804 1061 2877 προηγουμένως
1094 2802 1418 2872 ὑφεστηκὸς,
1445 2801 1559 2853 ἀλλ’
1588 2801 1881 2852 ἐπακολου-

299 2900 475 2969 Θῆσαν
522 2898 746 2971 ἑτέροις.
798 2896 967 2949 Τοῦτο
1002 2896 1065 2964 δὴ
1125 2894 1185 2945 τὸ
1230 2894 1419 2953 σκότος
1453 2892 1545 2945 καὶ
1584 2891 1881 2946 ἐπιϐαίνειν

297 2992 517 3061 λέγεται
560 2994 629 3062 τῇ
672 2989 913 3057 ἀὸύσσῳ,
942 2984 1130 3056 ἐπειδὴ
1154 2984 1220 3037 τὰ
1254 2985 1457 3055 ἔσχατα
1478 2983 1572 3036 τοῦ
1596 2984 1757 3057 ἀέρος
1786 2984 1884 3038 πέ-

300 3104 439 3155 φυκε
481 3088 602 3147 ταῖς
635 3080 976 3150 ἐπιφανείαις
1022 3078 1129 3132 τῶν
1172 3079 1439 3149 σωμάτων
1494 3078 1880 3133 συνάπτεσθαι.

300 3179 433 3232 Τότε
490 3177 546 3228 δὲ
598 3174 741 3244 ὕδωρ
786 3169 854 3243 ἦν
900 3175 1013 3235 τοῖς
1058 3173 1222 3225 πᾶσιν
1276 3168 1619 3232 ἐπιπολάζον.
1684 3170 1883 3241 Διόπερ

300 3268 616 3337 ἀναγκαίως
656 3267 716 3319 τὸ
774 3267 962 3330 σκότος
1006 3267 1190 3319 ἐπάνω
1223 3265 1488 3335 ὑπάρχειν
1538 3263 1751 3333 εἴρηται
1784 3266 1884 3335 τῆς

300 3363 563 3417 ἀὸὑσσου.

1982 2061 2065 2114 nis
2119 2061 2329 2116 interna
2378 2062 2662 2133 sejungere
2691 2076 2872 2134 posset
2906 2067 3011 2135 ιθ
3046 2070 3349 2121 necessario
3381 2071 3554 2123 loeum

1980 2166 2009 2206 δ
2040 2167 2098 2208 se
2124 2153 2443 2209 derelictum
2482 2170 2546 2209 ac
2580 2168 2888 2226 separatum
2919 2161 3270 2225 obnubilavit,
3302 2162 3556 2217 interciso

1980 2244 2187 2300 scilicet
2223 2256 2447 2302 externo
2482 2249 2789 2318 splendore.
2832 2252 2957 2306 Tria
3006 2255 3149 2308 enim
3197 2256 3261 2309 ad
3310 2255 3554 2310 umbram

1981 2349 2308 2393 concurrere
2358 2351 2593 2410 oportet,
2642 2343 2839 2407 lucem,
2879 2358 3095 2413 corpus,
3133 2348 3423 2401 obscurum
3476 2348 3557 2401 lo-

1982 2444 2127 2487 cum.
2165 2431 2351 2502 ltaque
2397 2448 2492 2502 per
2542 2436 2783 2491 caelestis
2834 2441 3077 2508 corporis
3119 2440 3363 2494 umbram
3399 2456 3556 2494 mun-

1981 2522 2121 2577 datas
2150 2525 2515 2581 constiterunt
2546 2531 2803 2585 tenebrae.
2835 2531 2985 2597 Quod
3019 2542 3193 2587 autem
3223 2533 3472 2597 dicimus,
3501 2532 3557 2589 id

1980 2614 2314 2673 intellexeris
2348 2618 2583 2674 evidenti
2615 2622 2883 2692 exemplo,
2916 2624 2960 2677 si
2997 2624 3049 2676 in
3091 2625 3315 2679 meridie
3342 2623 3558 2679 ferven-

1982 2706 2187 2759 tissima
2226 2708 2633 2766 tabernaculum
2669 2713 2888 2783 aliquod
2923 2730 2987 2769 ex
3021 2717 3185 2769 dcnsa
3229 2726 3283 2771 et
3315 2717 3558 2785 impene-

1980 2798 2161 2852 trabili
2212 2801 2437 2856 materia
2490 2803 2587 2859 tibi
2636 2806 2749 2877 ipse
2781 2808 3255 2877 eircumposueris.
3293 2819 3455 2879 atque
3502 2810 3554 2863 in

1982 2888 2223 2947 tenebris
2253 2895 2719 2963 extemporalibus
2762 2900 2993 2968 teipsum
3044 2899 3348 2955 incluseris.
3387 2900 3554 2955 Velim

1981 2982 2145 3052 igitur
2183 2999 2352 3053 ponas
2398 2994 2452 3041 et
2499 2988 2597 3043 has
2638 2992 2891 3045 tenebras
2934 2991 3068 3045 tales
3112 2991 3300 3056 fuisse,
3331 3008 3429 3047 nec
3462 3007 3557 3061 per

1982 3091 2039 3131 se
2072 3077 2404 3143 substitisse,
2436 3082 2529 3135 sed
2577 3082 2709 3137 alias
2757 3081 3073 3139 subsecutas
3116 3096 3254 3140 esse.
3295 3081 3387 3137 Hae.
3425 3098 3556 3138 sane

1984 3169 2218 3223 tenebrae
2248 3170 2412 3223 etiam
2452 3173 2651 3242 abysso
2700 3175 2936 3229 insidere
2981 3176 3255 3238 dicuntur,
3286 3174 3426 3244 quod
3462 3189 3556 3229 ex-

1985 3271 2169 3316 trema:
2197 3262 2339 3316 aeris
2371 3272 2551 3331 partes
2580 3280 2701 3319 cum
2735 3281 3021 3335 corporum
3057 3269 3348 3339 superﬁcie
3383 3267 3557 3322 solent

1908 3340 1952 3399 (ἶ
1986 3357 2258 3427 conjungi.
2292 3357 2445 3414 Tunc
2489 3370 2667 3414 autem
2719 3376 2856 3430 aqua
2902 3363 3153 3417 omnibus
3192 3361 3551 3431 superstabat.

301 3462 637 3530 Quapropter
698 3456 1006 3512 necessario
1072 3455 1326 3508 tenebras
1395 3466 1558 3519 super
1619 3450 1871 3520 abyssum
1912 3453 2186 3506 exstitisse
2216 3454 2414 3507 dictum
2445 3466 2547 3509 est.

370 3554 424 3608 6.
447 3554 556 3611 Καὶ
592 3553 828 3622 πνεῦμα
870 3548 1035 3613 Θεοῦ,
1090 3548 1273 3618 φησὶν,
1323 3546 1642 3616 ἐπεφέρετο
1678 3544 1878 3600 ἐπάνω

360 3713 401 3743 ἰ
438 3710 599 3765 Prov.
630 3726 749 3774 χιιι,
773 3708 824 3763 9.
906 3710 949 3740 "
976 3706 1183 3763 Coloss.
1213 3722 1250 3770 ι,
1280 3705 1365 3759 12.

376 3897 490 3969 (52)
525 3896 665 3969 Editi
688 3897 905 3969 ἀντερεῖ
929 3896 1080 3969 ὅστις
1103 3912 1187 3962 γε.
1219 3901 1287 3949 At
1315 3896 1478 3969 Coisl.
1526 3898 1797 3969 secundus
1826 3907 1879 3953 et

302 3965 548 4023 Coinbel'.
575 3968 812 4038 ἀντερεῖ.
835 3965 1028 4019 οὔκουν
1056 3967 1201 4038 ὅστις
1243 3983 1336 4035 γε·
1369 3967 1455 4020 ubi
1507 3965 1701 4019 οὔκουν
1740 3968 1877 4023 male

306 4040 359 4093 in
394 4038 661 4104 aliquibus
692 4038 966 4092 codicibus
1000 4037 1258 4091 scribitur
1310 4052 1428 4090 cum
1483 4048 1708 4090 accentu
1764 4039 1874 4092 cir-

307 4109 571 4163 cumﬂexo
600 4108 812 4161 οὑκοῦν.
880 4108 1075 4160 Ibidem
1130 4110 1259 4161 editi
1320 4110 1375 4159 ἐν
1409 4110 1529 4169 ταῖς
1563 4106 1669 4159 τῶν
1706 4109 1875 4175 ἀγίων

308 4178 757 4247 ἐπαγγελίαις,ἰνι
788 4191 1087 4247 sanctorum
1121 4181 1412 4245 promissis.
1449 4180 1624 4232 Nostri
1670 4192 1872 4243 septeni

311 4266 441 4304 mss.
469 4246 599 4302 cum
632 4250 815 4301 codice
854 4246 1097 4301 Combef.
1130 4257 1183 4299 et
1220 4264 1339 4300 cum
1374 4258 1601 4315 utroque
1651 4248 1780 4300 Duc.
1813 4250 1870 4301 ἐν

306 4324 427 4383 ταῖς
450 4319 555 4372 τῶν
582 4318 801 4387 ἀγαθῶν
842 4319 1066 4384 ἐπαγγ..
1098 4319 1151 4371 in
1176 4317 1423 4370 bonorum
1462 4318 1748 4383 promissis,
1780 4335 1870 4371 seu

310 4391 365 4442 in
392 4393 536 4442 bonis
571 4390 838 4456 promissis
875 4403 1034 4453 :qure
1067 4388 1243 4449 lectio,
1276 4388 1349 4440 uti
1395 4396 1574 4439 monet
1626 4388 1867 4453 Ducaaus,

310 4461 665 4528 legiturupnd
690 4458 1105 4513 Theodoretum.
1128 4458 1346 4511 Accedit
1384 4458 1565 4528 etiam.
1598 4459 1737 4523 quod
1772 4475 1871 4510 auo

312 4527 565 4582 eturitate
594 4530 854 4582 Enstathii
888 4528 1197 4584 continuari
1232 4529 1419 4593 possit,
1456 4527 1541 4596 qui
1584 4528 1661 4580 sic
1714 4529 1875 4581 inter-

312 4609 555 4668 pretatur
585 4618 595 4651 :
622 4600 674 4651 in
704 4598 953 4652 bonorum
983 4598 1409 4668 promissionibus
1447 4596 1693 4668 operitur.

2057 3546 2109 3600 6.
2156 3547 2221 3599 Et
2254 3551 2469 3615 spiritus
2502 3550 2615 3613 Dei,
2649 3551 2839 3619 inquit,
2872 3552 3135 3619 ferebatur
3185 3569 3339 3621 super
3366 3568 3554 3621 aquas.

1442 3706 1486 3736 ⁸³
1513 3704 1701 3759 Matth.
1731 3722 1864 3771 χιιι,
1900 3708 1986 3761 15.

1983 3894 2137 3951 Colb.
2169 3897 2435 3950 secundus
2464 3910 2584 3950 cum
2618 3896 2822 3950 duobus
2864 3898 3045 3963 Regiis
3078 3894 3552 3964 ὲναπολειφθέντα,

1986 3968 2221 4019 relictum
2264 3983 2296 4017 α
2328 3982 2382 4019 se
2412 3966 2603 4019 locum.
2638 3967 2815 4021 Editio
2836 3967 3007 4021 Paris.
3045 3977 3098 4020 et
3144 3965 3295 4036 Regii
3328 3972 3432 4021 duo
3470 3970 3555 4021 ὲν-

1984 4036 2387 4107 αποληφθέντα,
2424 4038 2847 4107 comprehensum
2885 4056 2914 4090 a
2945 4056 2998 4092 se
3028 4039 3217 4090 locum.
3245 4038 3552 4093 Lectionem

1984 4108 2210 4175 primam
2241 4118 2455 4161 secutus
2477 4116 2559 4159 est
2588 4106 2921 4169 Eustathius,
2954 4108 3043 4176 qui
3095 4108 3173 4161 sic
3225 4109 3554 4173 interpreta-

1984 4188 2071 4230 tur
2104 4194 2115 4229 :
2144 4177 2220 4231 0b
2272 4178 2368 4228 hoc
2414 4180 2705 4229 necessario
2747 4191 2857 4245 post
2894 4194 2946 4231 se
2989 4180 3248 4244 regionem
3292 4180 3551 4240 relictam,

1981 4257 2242 4301 carentem
2270 4250 2382 4318 luce
2412 4248 2706 4318 constituit,
2736 4260 2910 4314 utpote
2954 4249 3158 4316 fulgore
3192 4250 3279 4318 qui
3331 4249 3553 4316 desuper

1980 4319 2242 4378 radiabat,
2270 4317 2497 4369 excluso.
2530 4317 2593 4370 Et
2620 4320 2689 4369 ita
2730 4319 3010 4381 legendum
3043 4333 3159 4370 esse
3219 4327 3368 4387 puto,
3430 4335 3549 4371 cum

1979 4403 2074 4456 per
2096 4388 2263 4439 lucem
2294 4398 2594 4449 externam,
2628 4388 2723 4458 τὴν
2750 4387 2967 4451 ἔξωθεν,
3000 4404 3057 4439 ea
3090 4388 3280 4441 debeat
3305 4389 3547 4457 intelligi,

1979 4473 2097 4525 quae
2141 4458 2367 4519 desuper
2395 4459 2652 4510 radiabat.
2692 4490 2761 4498 -—
2808 4458 3340 4525 Ἐναπολειςρθὲντα
3390 4459 3551 4523 αὐτῷ

1980 4530 2185 4587 τόπον,
2215 4527 2383 4598 iocum
2412 4545 2444 4579 a
2477 4544 2529 4579 se
2559 4529 2879 4598 derelictum.
2920 4527 3224 4598 Legendum
3256 4531 3450 4595 potius,
3496 4542 3551 4584 ιιι

1982 4598 2186 4670 incdit.
2216 4596 2385 4670 Paris.
2429 4607 2481 4649 et
2509 4597 2713 4649 duobus
2743 4597 2922 4665 Regiis
2954 4596 3249 4670 codicibus,
3286 4598 3551 4670 ἐναπολη-

385 4671 496 4738 (55)
528 4669 701 4723 Codex
732 4669 972 4723 Combel‘.
1009 4683 1125 4720 cum
1158 4666 1286 4738 Rgg.
1316 4679 1507 4734 quarto
1536 4665 1610 4738 τῷ
1632 4667 1748 4738 Θεῷ
1783 4670 1875 4721 καὶ
1912 4686 1954 4738 ι)
1982 4667 2068 4736 φοι

1862 4667 2203 4738 ιοφῦἐντα,
2256 4668 2422 4719 locum
2478 4684 2506 4717 α
2547 4682 2599 4717 se
2652 4671 3093 4733 comprehensum.
3154 4668 3350 4721 Ibidem
3408 4665 3545 4724 enim

385 4672 496 4792 (332
528 4672 701 4723 Codex
732 4672 972 4723 Combel'.
1009 4683 1125 4720 cum
1159 4672 1286 4731 Reg.
1316 4679 1507 4734 quarto
1536 4672 1610 4718 τώ
1632 4672 1748 4738 Θεῷ
1783 4672 1875 4721 καὶ

314 4743 463 4812 Πατρ
496 4784 509 4803 ,
542 4757 659 4809 qua:
694 4740 847 4812 lectio
872 4739 1165 4812 notnlurin
1196 4735 1540 4812 Testamento
1567 4719 1876 4792 Oxoniensi.

314 4808 446 4864 Nec'
490 4808 646 4863 aliter
697 4810 817 4879 legit
871 4808 1201 4869 Eustathius,
1254 4808 1341 4875 qui
1405 4812 1563 4861 vertit
1614 4826 1623 4856 :

314 4892 519 4951 agentes
548 4882 649 4934 Deo
688 4894 731 4934 et
760 4880 930 4934 Pntri.

387 4952 499 5021 (Si)
534 4953 710 5006 Codex
748 4966 884 5003 unus
909 4949 1005 5020 τὴν
1038 4950 1331 5021 ἀπόλαυσιν
1364 4948 1593 5021 ἔχουσιν.
1648 4949 1765 5001 Mox
1792 4966 1880 5004 c0-

317 5020 463 5077 dices
514 5024 617 5075 duo
671 5026 698 5076 ό
746 5021 990 5091 οὐρανός.
1058 5020 1213 5074 Deest
1265 5020 1521 5074 articulus
1580 5024 1630 5074 in
1703 5020 1880 5090 vulga-

318 5095 404 5148 tis.

389 5164 503 5234 (35)
542 5162 714 5215 Durati
749 5163 799 5215 in
838 5164 978 5215 hunc
1009 5163 1180 5234 locum
1229 5162 1391 5234 verba
1422 5175 1525 5234 non
1566 5160 1761 5227 pigebit
1795 5175 1880 5234 re-

316 5232 491 5289 ferre.
518 5234 744 5293 Rursus,
780 5234 970 5300 inquit,
1003 5232 1141 5299 quod
1169 5232 1430 5295 sequitur,
1451 5233 1665 5283 inverso
1695 5232 1880 5283 ordine

316 5307 533 5359 exhibet
555 5303 943 5364 Theodoretus,
985 5303 1162 5355 ἱκανὸν
1188 5300 1295 5353 τῶν
1323 5300 1465 5355 ἔνδον
1499 5300 1783 5369 διαστῆσαι
1814 5302 1879 5354 τὰ

316 5375 439 5439 ἔξω.
471 5377 606 5441 quod
629 5376 788 5442 possit
823 5389 881 5425 ea
910 5391 1025 5437 qua'
1048 5374 1175 5438 foris
1220 5372 1511 5442 sitahsunt,
1539 5386 1780 5434 separare
1813 5373 1876 5422 ab

314 5450 401 5504 iis,
432 5440 548 5511 quo:
603 5440 740 5497 intra
783 5462 835 5496 se
862 5444 1267 5504 comprehendit.
1320 5440 1382 5493 Et
1418 5444 1564 5511 hanc
1610 5442 1771 5493 fuisse
1806 5442 1877 5493 le-

318 5510 552 5569 ctionem
610 5514 789 5567 Basilii
858 5530 918 5567 ex
982 5514 1256 5565 l‘lustutliiu
1310 5510 1499 5576 conjici
1550 5520 1741 5573 potest,
1787 5513 1874 5579 qui

316 5587 475 5636 vertit
509 5604 519 5637 :
566 5584 635 5637 Ut
687 5586 845 5649 possit
878 5602 935 5635 eu
970 5600 1083 5650 qtut'
1123 5587 1437 5635 extrinsecus
1474 5582 1764 5639 habentur,
1813 5583 1875 5633 ab

317 5656 658 5708 interioribus
721 5671 981 5719 separare.
1038 5651 1148 5705 Huc
1180 5670 1343 5719 usque
1379 5654 1455 5701 vir
1508 5652 1870 5705 doctissimus.

321 5725 387 5781 Ut
419 5735 475 5777 ut
505 5726 615 5777 Ιιιῐιρ
647 5736 791 5789 sunt,
838 5740 1021 5776 omnes
1055 5726 1218 5777 nostri
1255 5723 1370 5775 libri
1408 5734 1511 5773 tum
1554 5722 1757 5774 calamo
1788 5738 1875 5772 no-

318 5798 435 5857 tuti,
475 5806 582 5845 tum
615 5798 753 5861 typis
780 5794 960 5847 excusi
988 5794 1183 5848 habent
1219 5803 1527 5848 constanter
1564 5790 1745 5843 ἱκανὸν
1768 5792 1873 5843 τῶν

316 5866 419 5928 ἔξω
451 5866 732 5933 διαστῆσαι
758 5866 822 5917 τὰ
854 5864 1015 5915 ἔνδον.

388 5938 501 6009 (56)
532 5936 924 5998 Ἰ”ιιρυι1υι·ριυδ,
956 5934 1117 5989 editio
1166 5934 1350 6001 Basil.,
1382 5942 1599 6002 uterque
1655 5933 1787 5987 Duc.
1818 5944 1867 5986 ct

1680 4812 1879 4878 gratias

1984 4739 2226 4791 similiter
2252 4738 2464 4808 legitur,
2498 4740 2609 4799 τοῖς
2644 4739 2861 4802 ἐντὸς...
2890 4739 3320 4808 ἀπειλημμένοις
3343 4778 3359 4798 ,
3399 4743 3547 4792 rebus

1987 4811 2121 4861 intra
2146 4810 2307 4871 ipsius
2333 4807 2803 4875 circumferentiam
2821 4807 3106 4864 contentis.
3134 4810 3300 4878 Negat
3324 4809 3550 4865 Basilius

1987 4882 2234 4929 tenebras
2260 4889 2505 4931 naturam
2544 4895 2660 4932 esse
2689 4894 2716 4931 a
2748 4879 2853 4932 Deo
2890 4891 3127 4933 creatam
3170 4898 3182 4933 :
3221 4882 3313 4934 sed
3361 4896 3546 4934 earum

1982 4948 2245 5017 originem
2271 4950 2349 5001 sic
2389 4950 2596 5015 repetit.
2627 4950 2682 5003 Si
2708 4951 2832 5017 quid
2868 4961 2990 5003 ante
3030 4952 3282 5003 mundum
3314 4952 3549 5005 sensibi—

1985 5019 2085 5071 lem
2125 5031 2175 5071 et
2232 5020 2630 5085 corruptibilcm
2693 5021 2916 5083 exstitit,
2976 5022 3025 5073 id
3070 5021 3119 5072 in
3176 5022 3374 5075 lumine
3423 5021 3543 5085 fuit,

1984 5104 2156 5157 neque
2189 5090 2329 5141 enim
2364 5091 2535 5155 angeli
2567 5092 2613 5141 in
2643 5092 2875 5143 tenebris
2900 5091 3182 5157 degebant,
3208 5091 3297 5145 sed
3328 5090 3379 5143 in
3406 5090 3541 5145 luce.

1984 5159 2090 5213 Sed
2144 5162 2254 5213 inec
2279 5160 2364 5211 lux
2390 5162 2631 5227 corporis
2669 5162 2821 5226 opaci
2867 5159 3146 5228 interjectu
3178 5161 3423 5215 intercidi
3450 5163 3539 5215 de-

1984 5230 2115 5285 buit.
2142 5230 2318 5297 Quare
2370 5247 2489 5283 cum
2525 5231 2739 5293 cadum,
2773 5234 2909 5297 quod
2938 5241 3017 5283 est
3060 5247 3257 5299 corpus
3294 5247 3540 5299 opacum,

1982 5311 2220 5354 creatum
2248 5311 2352 5365 est,
2406 5316 2738 5369 quaecunque
2779 5303 2915 5354 intra
2965 5302 3106 5354 illius
3156 5300 3537 5355 circumferen-

1982 5370 2107 5423 tiam
2140 5370 2521 5437 comprehensa
2564 5371 2798 5433 fuerunt,
2838 5371 2951 5424 luce
2977 5372 3084 5434 illa,
3111 5386 3227 5439 quae
3271 5380 3353 5425 est
3390 5384 3542 5425 extra

1981 5443 2235 5494 mundum
2278 5442 2581 5495 sensibilem
2618 5451 2671 5495 et
2699 5443 3118 5509 eorruptihilem,
3146 5455 3388 5495 cat-tiere.
3417 5442 3541 5497 Cm-

1980 5510 2085 5564 lum
2108 5527 2233 5581 ergo
2266 5526 2368 5565 non
2394 5513 2564 5564 locum
2589 5530 2619 5564 a
2660 5530 2712 5565 se
2748 5514 3045 5565 derelictum
3074 5512 3429 5579 obnubilavit,
3454 5515 3541 5564 sed

1978 5581 2150 5633 locum
2181 5598 2211 5632 α
2241 5597 2293 5633 se
2318 5582 2758 5649 comprehensum.
2794 5582 3006 5635 Marum.

2049 5653 2159 5721 (57)
2198 5650 2325 5724 Reg.
2391 5662 2575 5707 sextus
2622 5652 2819 5705 ὑπόθου
2874 5669 2962 5721 μοι
3018 5656 3074 5705 ἐν
3133 5651 3397 5724 σταϐηρᾷ.
3437 5650 3543 5707 Sed

1978 5722 2127 5785 illud,
2172 5722 2394 5793 bnéOoo
2458 5741 2566 5793 μοι,
2610 5738 2779 5791 neque
2833 5724 2883 5775 in
2938 5725 3055 5776 aliis
3084 5739 3238 5787 niss.,
3272 5722 3441 5791 neque
3490 5726 3537 5776 in

1976 5792 2399 5866 editislegitur,
2440 5792 2609 5848 Voces
2658 5797 3149 5865 περιστήσαντα...
3186 5794 3545 5866 καθειργνύνυ

1974 5864 2315 5985 |ravidi-titur
2340 5865 2587 5919 adhibitte
2627 5866 2791 5920 fuisse
2844 5870 2891 5919 iu
2938 5868 3149 5920 modum
3184 5864 3540 5920 easusiabso-

1997 5946 2088 5985 ull.

1997 5946 2088 5987 ult.
