4262 6512
267 493 340 544 45
1393 491 1681 544 ιιοιιιιλιλ
1725 490 1768 543 ll
1809 488 1874 540 IN
1918 488 2410 545 HEXAEMERON.
3436 485 3505 539 εσ

269 604 408 672 φῶς,
444 604 620 670 όξείας
653 604 750 664 τὰς
793 604 1054 667 διαδόσεις
1087 608 1186 673 τῆς
1229 606 1400 675 αὐγῆς
1458 607 1551 657 ἐπὶ
1610 608 1678 660 τὰ
1721 609 1844 676 ὅρια
1873 607 1952 667 ΑΙ

1824 622 1844 656 ι
1873 613 1920 667 Α
1948 606 2108 660 bebat
2139 614 2303 660 totam
2336 608 2390 659 in
2423 621 2481 662 se
2517 614 2650 671 tota,
2677 604 2883 658 celeres
2917 605 3136 675 fulguris
3178 603 3507 657 distributio-

269 692 467 746 ἑαυτοῦ
503 692 614 761 (15)
666 691 936 761 πανταχοῦ
980 693 1386 764 παραπέμπων.
1421 694 1567 745 Ἀνω
1598 695 1694 762 μὲν
1733 695 1840 764 γὰρ

273 783 440 856 μέχρι
470 781 605 851 πρὸς
630 781 792 835 αὐτὸν
823 781 1014 852 αἰθέρα
1043 782 1137 836 καὶ
1159 781 1383 854 ούρανὸν
1411 782 1658 852 ἔφθανεν·
1684 785 1744 837 ἐν
1785 783 1843 836 δέ

268 876 350 947 τῷ
382 875 574 928 πλάτει
603 875 778 929 πάντα
811 872 881 927 τά
914 874 1057 946 μέρη
1087 874 1181 927 τοῦ
1204 877 1429 946 κόσμου,
1463 873 1649 945 βόρειά
1669 892 1726 928 τε
1749 875 1843 929 καὶ

269 970 420 1022 νότια
466 967 562 1020 καὶ
610 966 677 1021 τὰ
721 963 830 1036 ἑῷα
861 969 954 1020 καὶ
998 965 1064 1018 τά
1093 966 1341 1040 ἑσπέρια,
1386 969 1442 1018 ἐν
1469 964 1618 1034 ὀξείᾳ
1650 963 1840 1037 καιροῦ

271 1061 414 1130 ῥοπῇ
447 1057 800 1128 κατεφάντιζε.
825 1057 1059 1127 Τοιαύτη
1084 1058 1192 1131 γὰρ
1209 1057 1373 1113 αὑτοῦ
1403 1058 1435 1126 ἠ
1472 1055 1650 1125 φύσις,
1671 1056 1841 1128 λεπτὴ

270 1148 365 1201 καὶ
391 1147 670 1219 διαφανὴς,
708 1149 852 1204 ὥστε
893 1146 1164 1218 μηδεμιᾶς
1195 1146 1554 1218 παρατάσεως
1586 1149 1840 1219 χρονικῆς

271 1240 618 1312 προσδεῖσθαι
651 1241 711 1294 τὸ
744 1241 859 1308 φῶς
885 1238 952 1292 δι’
997 1239 1160 1293 αὑτοῦ
1205 1238 1588 1308 πορευόμενον.
1631 1240 1842 1312 Ὠσπερ

269 1333 380 1403 γάρ
407 1331 505 1396 τὰς
535 1331 684 1401 όφεις
723 1329 877 1401 ἡμῶν
920 1331 1160 1402 ἀχρόνως
1192 1327 1547 1399 παραπέμπει
1591 1330 1724 1404 πρὸς
1773 1331 1841 1384 τά

267 1423 541 1494 ὁρώμενα,
572 1421 716 1474 οὕτω
747 1422 841 1475 καὶ
883 1421 981 1487 τὰς
1003 1421 1098 1476 τοῦ
1145 1420 1320 1490 φωτὸς
1367 1417 1670 1492 προσϐολάς
1707 1421 1843 1474 άκα-

274 1515 482 1584 ριαίως,
520 1515 613 1570 καὶ
637 1514 713 1581 ὡς
734 1515 843 1569 οὐδ’
877 1514 944 1570 ἂν
978 1513 1284 1585 ἐπινοήσειέ
1313 1532 1395 1578 τις
1433 1513 1692 1567 ἐλάττονα
1717 1512 1843 1582 χρό-

270 1624 362 1659 νου
389 1607 581 1679 ῥοπὴν,
610 1609 701 1661 ἐπὶ
732 1607 906 1662 πάντα
938 1605 1132 1660 ἑαυτοῦ
1161 1604 1231 1659 τά
1259 1607 1471 1678 πέρατα
1501 1603 1838 1673 ὑποδέχεται.

270 1700 382 1752 Καὶ
414 1699 577 1773 αἰθὴρ
598 1700 760 1771 ἡδίων
795 1698 932 1770 μετὰ
961 1697 1023 1751 τὸ
1061 1696 1194 1767 φῶς·
1227 1699 1320 1752 κα)¹
1348 1698 1515 1752 ὕδατα
1549 1697 1838 1770 φανότερα,

269 1791 332 1842 ού
361 1791 522 1862 μόνον
548 1791 812 1860 δεχόμενα
838 1789 938 1861 τὴν
963 1789 1160 1861 αὐγὴν,
1189 1790 1325 1844 ἀλλὰ
1349 1789 1442 1842 κα)⁵
1471 1791 1600 1861 παρ’
1632 1789 1840 1844 ἐαυτῶν

269 1879 683 1949 ἀντιπέμποντα
714 1878 855 1933 κατὰ
889 1878 987 1950 τὴν
1014 1879 1310 1934 ἀνάκλασιν
1347 1878 1458 1949 (46)
1509 1879 1602 1932 τοῦ
1640 1879 1836 1948 φωτὸς,

1949 711 2044 750 nes
2074 696 2140 751 ad
2172 709 2301 752 suos
2346 695 2513 764 ipsius
2559 696 2820 753 terminos
2871 709 3305 764 quaquaversum
3337 703 3512 746 trans-

1948 784 2190 841 mittens.
2244 788 2474 842 Sursum
2507 789 2649 842 enim
2696 785 2763 843 ad
2796 786 2968 857 ipsum
3004 801 3170 854 usque
3201 787 3404 842 aethera
3457 793 3512 838 et

1950 886 2116 943 usque
2141 876 2208 929 ad
2239 877 2437 931 caelum
2474 879 2720 945 pervenit
2751 895 2764 931 :
2795 874 2846 930 in
2872 873 3152 930 latitudine
3175 890 3302 932 vero
3321 888 3512 932 omnes

1949 966 2131 1022 mundi
2168 978 2374 1036 partes,
2409 978 2520 1023 tum
2539 969 2906 1037 aquilonares,
2935 973 3043 1019 tum
3085 966 3367 1034 australes,
3396 977 3508 1021 tum

1947 1057 2264 1125 orientales,
2295 1069 2405 1115 tum
2429 1058 2814 1126 occidentales,
2845 1061 2896 1114 in
2933 1059 3082 1113 brevi
3108 1058 3365 1129 temporis
3397 1075 3512 1114 mo—

1953 1158 2136 1203 mento
2166 1147 2525 1204 illuminabat.
2576 1147 2724 1204 Talis
2751 1159 2833 1203 est
2892 1149 3038 1204 enim
3069 1148 3237 1218 ipsius
3271 1157 3460 1202 natura
3492 1191 3507 1215 ,

1951 1237 2127 1292 tenuis
2155 1237 2364 1294 scilicet
2393 1247 2446 1293 et
2479 1238 2744 1309 pellucida
2775 1254 2790 1303 ;
2828 1239 2963 1292 adeo
2995 1248 3052 1293 ut
3097 1237 3186 1292 lux
3214 1254 3309 1308 per
3337 1240 3512 1307 ipsum

1949 1329 2241 1395 transiens,
2274 1331 2417 1385 nulla
2448 1332 2710 1402 temporis
2752 1343 2903 1384 mora
2942 1330 3197 1402 indigeat.
3247 1330 3514 1396 Quemad-

1948 1423 2167 1480 modum
2201 1421 2345 1480 enitn
2392 1423 2664 1478 contuitus
2696 1424 2973 1479 oculorum
3013 1433 3317 1479 nostrorum
3347 1422 3413 1475 ad
3448 1437 3512 1475 ea

1947 1530 2068 1586 qua:
2097 1517 2196 1574 sub
2227 1525 2506 1587 aspectum
2559 1516 2798 1582 cadunt,
2854 1515 2986 1569 citra
3019 1515 3274 1585 temporis
3305 1527 3511 1568 moram

1949 1607 2166 1663 deducit
2200 1627 2215 1665 :
2246 1609 2326 1666 sic
2360 1609 2522 1664 etiam
2551 1609 2768 1664 luminis
2799 1621 3081 1664 accessum
3105 1607 3324 1662 minima
3359 1620 3511 1660 mora

1953 1705 2007 1752 et
2040 1700 2300 1768 temporis
2333 1711 2603 1756 momento
2635 1699 2706 1753 ita
2745 1699 2920 1764 brevi,
2957 1707 3067 1753 uta
3110 1697 3320 1752 nemine
3343 1697 3514 1768 possit

1953 1790 2254 1860 excogitari
2309 1792 2548 1857 brevius,
2600 1791 2654 1844 iu
2686 1804 2875 1845 omnes
2924 1804 3050 1844 suos
3089 1787 3222 1843 ﬁnes
3265 1787 3508 1858 suscipit.

1947 1883 2086 1950 Quin
2128 1880 2291 1936 etiam
2327 1883 2496 1936 aether
2521 1891 2641 1952 post
2674 1890 2848 1936 ortam
2873 1879 3045 1934 lucem
3069 1878 3357 1950 jucundior
3383 1893 3512 1934 eva-

275 1971 655 2042 μαρμαρυγῶν
681 1971 1014 2043 πανταχόθεν
1029 1970 1487 2042 άποπαλλομένων
1517 1969 1611 2023 τοῦ
1636 1971 1842 2034 ὓδατος.
1874 1970 1918 2026 Β
1948 1987 1958 2027 ι

1829 2009 1842 2023 .
1874 1970 1918 2026 Β
1948 1973 2037 2037 sit,
2079 1985 2290 2028 necnon
2328 1983 2479 2039 aqua:
2519 1970 2847 2040 limpidior-es
2890 1970 3074 2033 luere,
3116 1983 3220 2023 non
3249 1968 3508 2038 fulgorem

272 2063 461 2117 Πάντα
486 2065 520 2136 ἡ
551 2065 669 2119 θεία
691 2066 844 2139 φωνὴ
891 2065 1028 2138 πρὸς
1063 2066 1124 2121 τὸ
1146 2067 1362 2135 ἦδιστον
1395 2064 1489 2118 καὶ
1514 2061 1840 2134 τιμιώτατον

273 2157 694 2224 μετεσκεύασεν.
733 2159 944 2228 Ὥσπερ
971 2157 1080 2226 γάρ
1129 2157 1179 2208 oi
1213 2155 1270 2208 ἐν
1318 2154 1395 2226 τῷ
1428 2154 1573 2226 βυθῷ
1611 2155 1842 2219 ἐνιέντες

268 2248 331 2301 τὸ
366 2248 543 2301 ἔλαιον
577 2247 944 2316 καταφάνειαν
973 2246 1255 2318 ἐμποιοῦσι
1293 2247 1372 2317 τῷ
1398 2248 1566 2318 τόπῳ,
1611 2246 1782 2311 οὕτως
1813 2247 1843 2300 ό

270 2339 504 2410 ποιητὴς
547 2339 654 2392 τῶν
685 2340 842 2405 ὅλων,
896 2337 1343 2412 ἐμφθεγξάμενος
1376 2340 1510 2410 (Π),
1541 2339 1618 2410 τῷ
1654 2339 1842 2410 κόσμῳ

270 2433 370 2502 τὴν
398 2431 495 2485 τοῦ
556 2433 731 2502 φωτὸς
773 2434 934 2506 χάριν
986 2432 1200 2504 ἀθρόως
1233 2431 1477 2502 ἐνέθηκε.
1526 2428 1842 2498 Γενηθήτω

271 2522 418 2592 φῶς.
467 2525 580 2578 Καὶ
615 2525 676 2578 τὸ
707 2525 1034 2597 πρόσταγμα
1063 2522 1221 2595 ἔργον
1258 2517 1344 2594 ἦν’
1395 2521 1490 2576 καὶ
1532 2519 1692 2590 φύσις
1725 2518 1844 2588 ἐγέ-

270 2633 392 2670 νετο
424 2611 640 2688 (48),ἦς
671 2617 791 2669 οὐδὲ
813 2616 1095 2685 ἐπινοῆσαι
1126 2633 1178 2669 τι
1216 2615 1570 2686 τερπνότερον
1594 2615 1673 2678 είς
1705 2612 1842 2666 ἀπό-

270 2709 462 2761 λαυσιν
510 2707 732 2761 δυνατόν
771 2710 886 2760 ἐστι
923 2706 1204 2777 λογισμοῖς
1252 2707 1630 2778 ἀνθρωπίνοις.
1674 2707 1842 2760 Ὅταν

271 2802 328 2854 δὲ
363 2800 546 2871 φωνὴν
593 2801 684 2852 ἐπί
713 2799 850 2853 Θεοῦ
872 2800 964 2852 καὶ
1001 2799 1153 2870 ῥῆμα
1177 2797 1271 2851 καὶ
1313 2797 1635 2867 πρόσταγμα
1675 2797 1845 2865 λέγω-

275 2909 377 2963 μεν
405 2889 539 2962 (49),
573 2890 632 2943 οὐ
676 2890 763 2944 διά
802 2889 1124 2960 φωνητικῶν
1157 2886 1401 2959 ὀργάνων
1430 2885 1844 2956 ἐκπεμπόμενον

271 2983 466 3054 ψόφον,
489 2983 608 3036 οὐδὲ
632 2982 767 3053 ἀέρα
786 2981 874 3035 διὰ
904 2980 1154 3050 γλώσσης
1188 2979 1543 3050 τυπούμενον,
1591 2977 1681 3030 τὸν
1703 2976 1844 3030 θεῖον

273 3076 434 3145 λόγον
462 3074 710 3145 νοοῦμεν,
743 3075 876 3130 ἀλλὰ
904 3075 1001 3147 τὴν
1049 3077 1107 3128 ἐν
1139 3073 1216 3144 τῷ
1250 3072 1512 3142 θελήματι
1543 3069 1714 3142 ῥοπὴν
1757 3069 1845 3123 διὰ

272 3167 334 3219 τὸ
366 3169 478 3229 τοῖς
508 3166 908 3238 διδασκομένοις
957 3164 1294 3219 εὐσύνοπτον
1329 3162 1440 3233 (50)
1475 3159 1755 3233 ἡγούμεθα
1787 3163 1845 3214 ἐν

274 3257 405 3309 εῖδει
466 3257 885 3328 προστάγματος
951 3254 1400 3324 σχηματίζεσθαι.
1453 3253 1562 3307 Καὶ
1603 3249 1762 3307 εἶδεν
1811 3254 1844 3306 ό

277 3344 422 3410 Θεὸς
447 3344 514 3397 τὸ
555 3345 700 3412 φῶς,
749 3345 839 3397 ὅτι
873 3345 1084 3397 καλόν.
1130 3342 1262 3395 Τίνα
1303 3343 1366 3395 ἂν
1400 3343 1646 3413 εἴποιμεν
1683 3345 1842 3414 ἡμεῖς

274 3436 368 3495 τοῦ
404 3437 580 3505 φωτὸς
603 3437 751 3504 ἄξιον
773 3437 1010 3501 ἔπαινον,
1052 3436 1081 3490 ὃ
1129 3436 1395 3509 προλαεὸν
1417 3436 1514 3506 τὴν
1555 3438 1702 3508 παρὰ
1749 3440 1842 3492 τοῦ

273 3529 562 3592 κτίσαντος
597 3529 900 3601 μαρτυρίαν
932 3530 1067 3600 ἔχει,
1093 3527 1385 3592 δτικαλόνς
1423 3527 1532 3582 Καὶ
1565 3531 1692 3600 παρ’
1715 3531 1842 3598 ἡμῖν

273 3619 334 3674 Ξὲ
375 3620 404 3672 ό
428 3617 584 3687 λόγος
623 3621 734 3682 τοῖς
774 3617 1069 3690 ὀφθαλμοῖς
1115 3617 1474 3690 παραπέμπει
1514 3617 1613 3688 τὴν
1640 3618 1840 3688 κρίσιν,

277 3708 454 3773 οὕτως
482 3709 634 3763 ούδέν
685 3709 824 3780 ἔχων
856 3713 1030 3764 εἰπεῖν
1080 3709 1352 3775 τοσοῦτον,
1383 3709 1505 3762 ὅσον
1539 3710 1571 3780 ἡ
1597 3709 1844 3779 αἴσθησις

281 3799 549 3870 μαρτυρεῖ
576 3798 919 3855 προλαϐοῦσα
952 3800 1084 3870 (51).
1131 3800 1192 3852 ΕΞ
1243 3798 1297 3850 δὲ
1330 3798 1388 3850 τὸ
1425 3798 1482 3851 ἐν
1509 3797 1584 3868 τῷ
1634 3796 1842 3868 σώματι

347 3996 396 4029 ’⁸
419 3993 552 4050 Gen.
590 4011 627 4062 ι,
655 3996 709 4050 4.

349 4177 463 4248 (45)
491 4177 583 4232 Sic
611 4177 777 4232 editio
823 4177 986 4232 Basil.
1021 4191 1142 4232 cum
1190 4187 1418 4245 utroque
1447 4179 1610 4236 Coisl.
1639 4190 1693 4236 et
1719 4197 1837 4237 cum

282 4248 634 4318 aliisgtnultis.
666 4263 695 4301 e
723 4264 951 4316 quorum
981 4263 1203 4302 numero
1226 4259 1310 4302 est
1340 4250 1640 4318 ipsissimus
1667 4254 1838 4307 codex

280 4316 521 4389 Combel'.
554 4317 727 4370 Edilio
759 4318 926 4371 Paris.
967 4319 1152 4389 αὑτοῦ.
1185 4316 1381 4372 Ibidem
1417 4320 1839 4389 editioutraque

279 4385 670 4457 παραπέμπον,
703 4403 892 4457 nempe
925 4388 1058 4456 φῶς.
1095 4391 1160 4441 At
1185 4391 1349 4442 codex
1379 4388 1619 4445 tiombel‘.
1671 4403 1723 4444 et
1749 4385 1836 4444 alii

279 4473 371 4528 sex
411 4457 818 4528 παραπέμπων,
853 4473 1040 4524 nempe
1074 4458 1202 4528 ἀήρ.
1237 4460 1384 4524 Quod
1430 4470 1605 4512 nutum
1652 4462 1840 4514 scribit

277 4527 671 4600 Combelisius,
719 4526 816 4600 logi
859 4537 1104 4600 oportere
1133 4526 1248 4582 non
1294 4529 1674 4600 παραπέμπων
1699 4570 1711 4593 ,
1744 4535 1834 4585 sed

1944 2062 2106 2118 modo
2138 2060 2517 2131 suscipientes,
2570 2065 2662 2116 sed
2693 2077 2812 2116 eum
2848 2077 2914 2118 ex
2966 2076 3026 2117 se
3057 2061 3189 2132 ipsis
3214 2062 3376 2116 etiam
3415 2077 3512 2132 per

1944 2151 2080 2207 lucis
2111 2167 2492 2223 repercussum
2520 2151 2877 2218 remittentes,
2902 2154 3112 2209 vibrato
3139 2152 3414 2209 undelibet
3441 2153 3509 2206 ab

1943 2257 2083 2314 aqua
2120 2246 2425 2315 splendore.
2472 2244 2662 2299 Divina
2703 2259 2805 2299 vox
2858 2245 2921 2299 ad
2958 2245 3401 2314 iucundissimum
3455 2255 3510 2300 et

1939 2338 2444 2408 praestantissimum
2503 2347 2704 2395 statum
2764 2338 3149 2394 transmutavit
3188 2340 3388 2394 omnia.
3437 2337 3509 2394 Ut

1942 2429 2088 2484 enim
2113 2428 2207 2499 qui
2233 2427 2412 2484 oleum
2439 2430 2494 2484 in
2533 2444 2688 2499 aqua:
2725 2428 2947 2485 fundum
2989 2429 3308 2496 immittunt,
3345 2430 3396 2484 in
3444 2430 3508 2483 il-

1944 2515 2053 2569 lum
2094 2515 2272 2572 locum
2322 2517 2582 2572 inducunt
2628 2517 2969 2573 claritatem:
3013 2521 3086 2574 ita
3126 2521 3504 2576 universorum

1943 2605 2191 2660 conditor
2239 2606 2421 2662 statim
2467 2616 2628 2678 atque
2671 2607 2876 2665 locutus
2922 2618 3023 2674 est,
3083 2609 3216 2665 lucis
3270 2614 3503 2681 gratiam

1943 2697 2146 2753 mundo
2191 2706 2412 2768 repente
2442 2698 2642 2755 intulit.
2682 2698 2808 2754 Fiat
2853 2701 2964 2755 lux.
3003 2701 3146 2756 Sane
3181 2702 3282 2756 hoc
3308 2717 3509 2771 praece-

1941 2797 2091 2860 ptum
2125 2804 2259 2860 opus
2289 2801 2434 2855 erat;
2470 2799 2525 2846 et
2556 2789 2691 2846 facta
2725 2800 3041 2856 estnatura,
3077 2809 3178 2861 qua
3209 2793 3505 2864 jucunuius

1945 2881 2235 2950 quidquam
2271 2880 2338 2936 ad
2384 2883 2672 2938 fruendum
2717 2899 2784 2938 ne
2828 2885 3134 2955 excogitare
3162 2886 3378 2955 quidem
3408 2902 3506 2956 βου·

1947 2981 2051 3028 test
2083 2974 2317 3028 humana
2347 2976 2506 3031 ratio.
2535 2975 2668 3030 Cum
2714 2987 2892 3030 autem
2932 2979 2984 3031 in
3021 2979 3128 3033 Deo
3163 2995 3354 3034 vocem
3381 2995 3506 3032 ver-

1945 3063 2184 3132 bumque
2213 3074 2267 3118 et
2294 3076 2620 3135 prtecepIum
2652 3067 2899 3134 dicimus,
2937 3085 3041 3124 non
3073 3085 3260 3125 sonum
3284 3085 3380 3141 per
3410 3087 3506 3124 vo.

1945 3156 2083 3211 calia
2109 3172 2310 3227 organa
2342 3159 2622 3223 emissum,
2661 3176 2764 3216 nou
2795 3177 2972 3217 aerem
2996 3163 3173 3234 lingua
3203 3156 3509 3219 conforma-

1947 3257 2079 3314 tum,
2105 3249 2344 3302 divinum
2388 3265 2692 3307 sermonem
2741 3253 3086 3324 intelligimus
3120 3275 3133 3310 :
3188 3256 3282 3311 sed
3318 3255 3507 3309 volun-

1949 3340 2074 3395 tatis
2122 3348 2355 3407 nutum,
2406 3349 2466 3396 ut
2515 3343 2838 3400 discentium
2900 3347 3073 3402 oculis
3129 3363 3215 3402 rcs
3269 3346 3508 3417 subjecta

1948 3442 2111 3500 esset,
2143 3435 2195 3490 in
2223 3434 2477 3505 praecepti
2510 3437 2744 3506 speciem
2773 3438 3018 3508 adaptari
3061 3440 3404 3494 arbitramur.
3439 3437 3508 3492 Et

1948 3526 2075 3580 vidit
2115 3526 2256 3582 Deus
2297 3526 2464 3583 lucem
2508 3531 2644 3600 quod
2687 3540 2820 3584 esset
2873 3530 3094 3600 pulchra
3127 3533 3195 3586 ".
3231 3531 3504 3599 Quasnam

1947 3615 2131 3674 laudes
2154 3617 2272 3675 luce
2300 3620 2489 3690 dignas
2521 3621 2821 3676 dixerimus
2847 3637 2944 3676 nos
2975 3641 2988 3675 :
3022 3638 3185 3691 quam
3221 3622 3502 3690 pulchram

1949 3719 2068 3760 esse
2106 3707 2354 3762 conditor
2388 3708 2442 3762 in
2473 3720 2812 3764 antecessum
2840 3719 3067 3765 testatus
3092 3720 3171 3765 est
3193 3711 3215 3763 ?
3237 3710 3347 3766 lmo
3378 3726 3508 3765 vero

1955 3796 2094 3866 apud
2131 3813 2227 3853 nos
2256 3798 2386 3868 ipsis
2417 3798 2591 3854 oculis
2621 3798 2881 3867 judicium
2917 3800 3091 3856 defert
3116 3803 3289 3857 oratio
3313 3844 3327 3868 ,
3381 3817 3503 3858 cum

1945 4191 1992 4232 et
2022 4179 2272 4247 caliganti
2323 4177 2518 4230 mundo
2562 4176 2735 4230 lumen
2764 4175 3011 4240 emicuit,
3044 4177 3254 4247 quando
3298 4176 3344 4230 si
3392 4179 3505 4244 qui;

1944 4253 2078 4302 inter
2109 4246 2270 4318 aquas
2301 4247 2840 4319 mersus.__oleum_ore
2871 4246 3135 4319 emiserit,
3163 4246 3388 4319 clariora
3421 4249 3505 4319 fa-

1944 4322 2044 4371 ciat
2075 4334 2134 4371 ea
2156 4316 2270 4387 qum
2301 4316 2576 4384 profundis
2613 4316 2912 4385 tegebantur
2932 4316 3145 4370 occultis
3165 4317 3190 4369 Ρ

2013 4409 2120 4478 (47)
2140 4407 2330 4463 Medic.
2353 4406 2777 4479 ἐμφεγξάμενος,
2793 4405 3028 4470 illucens,
3049 4407 3329 4479 a/fulgens.
3351 4405 3501 4479 [Iane

1943 4476 2224 4532 lectionem
2249 4480 2324 4531 ait
2349 4476 2571 4532 D'ucmus
2592 4476 2694 4531 non
2709 4491 2826 4531 esse
2844 4476 3325 4531 contemnendam:
3346 4476 3504 4530 Com-

1943 4550 2158 4602 Ιιειὶεὶιιε
2186 4564 2310 4602 vero
2334 4548 2564 4601 allirmut
2587 4562 2703 4600 eam
2736 4562 2925 4613 purum
2952 4548 3202 4600 mendum
3236 4560 3374 4601 esse.
3400 4546 3504 4600 Ibi-

281 4595 676 4667 παραπέμπειν,
703 4595 767 4646 de
791 4612 854 4686 eo
886 4598 1226 4682 uoltis'lmtgti
1257 4595 1412 4652 aliter
1441 4595 1667 4652 videtur.
1704 4601 1834 4654 Nam
1871 4618 1911 4671 υ

1822 4618 1834 4652 ι
1871 4618 1911 4671 D
1942 4595 3219 4686 5.;;;;'c;;u:g;c1;;;at;'asgeagagtiaetiga
3238 4595 3502 4682 ζ’ἓὲἑιῖἇέη

279 4679 638 4737 pra-terquem
674 4667 814 4730 quod
840 4668 1224 4737 παραπέμπων
1269 4671 1316 4722 in
1349 4671 1594 4722 omnibus
1639 4672 1833 4726 nostris

277 4751 409 4789 mss.
443 4735 654 4801 legitur,
690 4735 943 4801 pra-terea
985 4735 1086 4788 non
1129 4749 1269 4791 recte
1316 4740 1583 4791 diceretur
1623 4741 1707 4794 lux
1743 4757 1835 4795 ce-

279 4805 420 4858 leres
448 4804 669 4873 fulgOIis
699 4805 1101 4858 dislriliutioues
1134 4809 1196 4856 all
1229 4825 1347 4860 suos
1393 4810 1550 4869 ipsius
1588 4813 1833 4864 terminos

278 4875 522 4946 vibrasse
552 4892 564 4927 ι
599 4874 690 4929 sed
718 4876 814 4946 hoc
848 4875 986 4929 idem
1021 4879 1221 4941 Optime
1252 4879 1353 4930 diei
1386 4889 1556 4946 potest
1591 4882 1654 4931 de
1688 4897 1833 4944 aere,

280 4944 370 5010 qui
398 4955 645 5014 acceptus
695 4962 722 4996 ιι
767 4945 883 5000 lucc
916 4945 1092 5000 radios
1130 4947 1181 4998 in
1221 4964 1340 4999 suos
1386 4944 1544 5014 ipsius
1590 4952 1834 5003 terminos

282 5013 618 5068 transmittit.
668 5017 796 5068 Cum
841 5018 1002 5081 igitur
1043 5033 1139 5069 vox
1174 5017 1368 5069 ἑαυτοῦ
1407 5013 1605 5070 debeat
1646 5020 1834 5073 referri

279 5084 347 5158 ad
389 5099 572 5136 vocem
623 5087 768 5156 ἀήρ,
798 5102 1130 5158 consequens
1163 5101 1244 5140 est
1287 5097 1343 5141 ut
1388 5087 1623 5155 legamus
1657 5106 1835 5158 παρα-

280 5152 538 5226 πέμπων,
575 5152 1078 5225 ηοιΓπαραπέμπον
1105 5173 1119 5185 ·
1157 5159 1349 5226 quippe
1375 5152 1472 5211 hoc
1503 5152 1834 5224 participium

280 5225 346 5277 ad
373 5225 510 5275 idem
551 5226 942 5294 stilistztntivum
989 5225 1262 5289 pertinet,
1302 5229 1366 5279 ad
1417 5229 1556 5292 quod
1606 5230 1835 5294 pertinet

281 5309 382 5368 νος
417 5293 630 5368 ἑαυτοῦ.
664 5292 859 5368 Ibidem
889 5297 1099 5350 codices
1123 5312 1212 5349 53x
1251 5299 1359 5350 άνω
1389 5298 1484 5366 μὲν
1518 5292 1625 5368 γὰρ
1677 5298 1835 5368 μέχρι

282 5364 436 5434 πρός.
484 5365 591 5434 Vox
632 5363 815 5434 1.1519;
841 5368 988 5417 abest
1033 5369 1099 5419 ab
1152 5368 1328 5420 editis.
1371 5363 1537 5420 Colb.
1570 5363 1836 5423 secundus

281 5432 907 5506 ἄνωθενὲιίιὶιίειιιἰάειιι
948 5435 1095 5506 Culb.
1131 5438 1393 5489 secumlus
1437 5438 1688 5506 ἔφθασεν.

331 5504 463 5575 ,(46)
507 5503 649 5575 Ιὶεεζἒ
670 5517 852 5575 sextus
877 5505 1011 5571 μετὰ
1032 5505 1125 5574 τὴν
1151 5503 1558 5560 ἀντανακλασιν.
1589 5508 1702 5562 Mox
1727 5510 1840 5563 edi-

280 5572 556 5627 tio‘l’aris.
596 5572 736 5626 οὕτω
766 5574 958 5626 πάντα.
1002 5572 1103 5628 Sed
1145 5593 1250 5629 vos“.
1281 5577 1423 5629 οὕτω
1450 5587 1596 5631 deest
1633 5582 1680 5629 iu
1719 5582 1834 5632 edi-

281 5647 435 5718 tione
457 5643 624 5718 Busil.
659 5643 1055 5718 inquenostris
1079 5662 1203 5718 mss.
1239 5647 1375 5699 lulra
1399 5649 1446 5718 οί
1482 5649 1539 5698 ἐν
1566 5649 1640 5717 τῷ
1667 5648 1835 5718 βυθῷ,

281 5723 382 5767 etc.
409 5713 676 5767 Discimus
718 5730 780 5766 cx
815 5714 1115 5775 Ambrosio,
1143 5717 1230 5768 Lib.
1269 5734 1279 5768 I
1312 5720 1363 5768 in
1398 5713 1646 5770 "exacui.
1667 5713 1685 5778 ⁷,
1715 5713 1832 5781 mp.

280 5783 331 5844 9,
369 5800 517 5835 num.
556 5783 646 5846 55,
678 5785 851 5835 oleum
885 5783 1008 5836 illud
1041 5789 1177 5849 quod
1211 5787 1273 5837 ad
1302 5787 1467 5838 lucem
1510 5788 1833 5842 allereudum

282 5853 662 5920 profunditur.
701 5868 793 5906 ore
838 5853 1031 5907 emitti.
1077 5855 1165 5908 Sic
1213 5867 1388 5909 autem
1429 5858 1588 5909 habet
1644 5859 1835 5910 Doctor

278 5924 506 5976 mitulus
537 5941 548 5974 :
590 5922 727 5984 Quid
758 5924 1026 5982 miramur,
1059 5927 1104 5976 si
1134 5925 1266 5979 (leris
1300 5929 1498 5981 locutus
1530 5940 1602 5980 est
1641 5929 1830 5991 lucent,

1939 4705 2097 4742 unum
2121 4689 2406 4758 proferens.

2008 4782 2118 4851 (58)
2153 4783 2279 4852 lieg.
2320 4783 2540 4849 quintus
2567 4780 2724 4849 φύσις
2753 4779 2978 4847 ἐγίνετο.
3008 4777 3203 4835 Ibidem
3234 4778 3387 4834 Colb.
3419 4795 3506 4834 se-

1937 4849 2140 4906 Cundus
2170 4849 2433 4925 ἦέοὺδέν.

2010 4944 2120 5012 (l9)
2165 4944 2389 4998 Codices
2437 4954 2546 4996 tres
2591 4941 2850 5012 λέγομεν.
2880 4939 3077 4994 Statim
3124 4940 3288 4993 editio
3321 4937 3501 5012 Paris.

1937 5009 2236 5084 τυπόμενον
2259 5053 2274 5069 .
2301 5029 2601 5080 percussum
2635 5029 2652 5065 :
2702 5009 2794 5065 sed
2826 5011 2955 5084 Duc.
3006 5021 3230 5078 uterque
3265 5020 3318 5064 et
3347 5009 3497 5084 Bodl.

1938 5098 1987 5137 et
2020 5080 2258 5137 Coinlicl'.
2291 5099 2410 5136 cmn
2461 5083 2712 5136 omnibus
2761 5080 2957 5134 nostris
2993 5096 3122 5134 mss.
3155 5091 3210 5134 et
3243 5096 3363 5134 cum
3390 5080 3502 5133 edi-

1940 5156 2082 5206 tione
2141 5153 2301 5206 Basil.
2361 5153 2714 5222 τυπούμενον.
2759 5149 3146 5222 Vox___utraque
3202 5149 3502 5219 τυπόμενον

1940 5223 2062 5293 [sit-l
2105 5237 2158 5274 et
2191 5223 2526 5292 τυπούμενον
2543 5219 2731 5293 potest
2779 5219 2927 5272 reddi
2957 5220 3279 5293 Latiue__per
3313 5235 3499 5293 vocem

1937 5289 2257 5359 percussum,
2292 5289 2630 5346 verberatum.
2667 5289 2800 5360 Nam
2830 5293 3121 5343 secundum
3153 5289 3498 5360 Hesycltium,

1939 5374 1994 5414 ut
2033 5373 2209 5415 mouet
2240 5363 2612 5426 Combeﬁsius,
2642 5359 2908 5414 τυποῦται
2954 5360 3092 5414 idem
3145 5360 3284 5414 valet
3339 5369 3502 5427 atque

1939 5432 2042 5501 πλὴ
2053 5449 2256 5486 σσεται.

2015 5498 2130 5570 (50)
2162 5501 2309 5570 Regii
2341 5502 2525 5556 tertius
2559 5510 2614 5555 et
2657 5501 2898 5570 quintus,
2937 5501 3166 5568 itemque
3208 5498 3370 5553 Coisl.
3408 5513 3499 5554 se-

1937 5576 2143 5626 (‘ultdus
2177 5573 2477 5625 εύσύνετον.
2529 5571 2670 5624 Editi
2708 5587 2828 5624 cum
2873 5573 2998 5641 ltcg.
3045 5578 3239 5639 quarto
3273 5579 3326 5624 et
3371 5583 3498 5623 cum

1937 5644 2096 5699 Coisl.
2143 5645 2312 5713 primo
2342 5643 2688 5713 εὐσύνοπτον.

2015 5714 2126 5782 (51)
2145 5710 2246 5768 ’δῖε
2275 5731 2404 5768 mss.
2435 5711 2676 5782 Coriibel‘.
2705 5728 2822 5765 cum
2855 5711 2972 5764 aliis
3001 5710 3185 5782 Regiis
3213 5710 3416 5782 tribus,
3442 5718 3498 5764 et

1938 5780 2056 5838 cum
2095 5780 2318 5854 utroque
2360 5784 2522 5839 Coisl.
2579 5781 2716 5835 Etliti
2765 5780 3491 5854 tapaku6oﬁsa._llln.\‘mss.

1943 5867 2048 5926 tres
2078 5856 2131 5905 ἐν
2164 5849 2391 5926 σώματι.
2423 5855 2525 5909 Alii
2563 5863 2790 5922 quatuor
2818 5849 2873 5905 ἐν
2905 5850 3137 5922 σώμασι.
3174 5849 3306 5904 Ειιίιὶ
3342 5849 3495 5921 ἐντῷ

1941 5924 2167 5995 σώματι.
