4262 6498
756 448 826 506 ιτ
2102 446 2158 500 s.
2202 447 2446 503 ossrcu
2488 451 2702 505 suam
3953 459 4024 516 48

754 569 963 616 tantum
996 559 1125 613 nilnl
1158 568 1323 629 queat
1351 563 1669 629 praedicare,
1702 569 1965 629 quantum
2006 575 2201 617 sensus
2237 578 2330 618 an-
2358 577 2404 630 Α
2434 584 2437 614 τ

2358 577 2404 630 Α
2434 566 2593 618 καλδν
2637 569 2697 619 ἐκ
2725 568 2824 638 τῆς
2874 567 3011 639 πρὸς
3045 566 3250 635 ἄλληλα
3292 567 3403 622 τῶν
3455 565 3635 639 μερῶν
3659 563 3770 638 (52)
3799 583 4020 638 συμμε-

752 662 1026 709 tevertens
1061 652 1326 708 declarat.
1364 653 1470 709 Sed
1501 656 1546 710 si
1583 653 1832 722 corporis
1874 653 2220 725 pulchritudo
2259 671 2324 711 ex

749 746 983 815 partium
1016 746 1158 799 inter
1185 759 1246 800 se
1275 747 1616 818 symmetria,
1659 761 1727 802 ac
1777 754 2071 819 apparente
2128 747 2329 804 coloris

748 838 994 894 bonitate
1034 841 1232 905 oritur,
1288 839 1558 910 quomodo
1595 838 1648 894 in
1677 839 1797 893 luce
1822 855 1942 909 qua:
1968 848 2159 894 natura
2191 841 2326 894 sim-

748 930 874 1000 plex
903 939 1009 998 est,
1041 931 1416 1002 similibusque
1454 940 1668 987 constat
1711 933 1979 1002 part-ibus,
2025 931 2328 1001 pulchritu-

749 1022 893 1078 dinis
924 1025 1065 1080 ratio
1093 1026 1489 1080 conservatur?
1529 1025 1664 1080 Num
1698 1034 1983 1095 propterea
2015 1023 2156 1093 quod
2189 1025 2327 1080 lueis

753 1120 1073 1186 temperatio
1112 1131 1218 1172 non
1271 1119 1323 1171 in
1364 1120 1598 1190 propriis
1644 1118 1813 1188 ipsius
1839 1117 2105 1188 partibus,
2144 1117 2237 1172 sed
2274 1119 2326 1173 in

750 1211 982 1279 quadam
1026 1209 1308 1266 hilaritate
1351 1222 1404 1267 et
1449 1211 1667 1266 lenitate
1694 1211 1832 1266 visui
1860 1225 1919 1266 se
1949 1209 2210 1266 oﬂerente
2245 1211 2328 1265 in-

749 1315 870 1356 esse
895 1301 1249 1372 perhibetur?
1277 1302 1366 1356 Sic
1402 1303 1548 1355 enim
1580 1301 1688 1371 20
1718 1300 1998 1370 pulchrum
2046 1309 2128 1355 est
2163 1302 2324 1355 etiam

749 1407 962 1454 aurum,
993 1393 1136 1463 quod
1161 1407 1263 1446 non
1284 1405 1348 1444 ex
1387 1391 1620 1460 partium
1643 1406 1982 1455 commensu,
2006 1391 2099 1445 sed
2126 1404 2193 1444 ex
2214 1391 2325 1446 sola

750 1485 948 1541 coloris
981 1487 1242 1549 bonitate,
1279 1484 1526 1548 illicium,
1551 1492 1605 1537 et
1637 1482 2026 1552 iucunditatem
2060 1483 2125 1536 ad
2151 1485 2322 1539 visum

749 1573 1164 1629 cxbilarandum
1209 1575 1437 1630 obtinet.
1499 1572 1772 1644 lieSperus
1805 1589 2016 1644 quoque
2043 1575 2323 1630 stellarum

749 1677 835 1721 est
869 1667 1292 1736 pulcherrimus,
1318 1682 1424 1722 non
1459 1669 1602 1737 quod
1625 1669 1674 1722 in
1705 1668 1947 1736 partibus
1981 1669 2174 1739 quibus
2203 1683 2326 1722 con-

746 1769 873 1824 stat,
919 1760 1044 1814 insit
1078 1760 1351 1829 proportio
1381 1769 1434 1815 et
1458 1761 1794 1832 symmetria,
1833 1761 1924 1814 sed
1963 1763 2105 1831 quod
2131 1763 2324 1830 jucun-

747 1850 847 1902 dus
882 1850 1103 1918 quidam
1152 1861 1208 1905 et
1256 1852 1437 1906 suavis
1486 1852 1737 1920 splendor
1769 1866 1834 1906 ex
1891 1854 2006 1922 ipso
2033 1853 2098 1907 ad
2139 1851 2323 1906 oeulos

2431 655 2605 726 τρίας,
2663 657 2898 727 καὶτῆς
2947 659 3377 731 ὲπιφαινομένης
3433 658 3706 736 εὐχροίας,
3764 657 3826 712 rb
3879 654 4024 715 εἶναι

2431 741 2564 812 ἔχει,
2584 743 2702 808 πῶς
2732 743 2824 797 ἐπὶ
2854 744 2948 796 τοῦ
2985 744 3161 814 φωτὸς
3194 747 3368 802 ἁπλοῦ
3407 749 3504 823 τὴν
3540 747 3700 820 φύσιν
3738 747 3894 812 ὄντος
3925 752 4023 803 καὶ

2432 835 2818 908 ὁμοιομεροῦς,
2850 837 2878 888 ὁ
2915 837 3007 889 τοῦ
3047 836 3210 893 καλοῦ
3239 838 3566 906 διασώζεται
3595 839 3785 908 λόγος;
3831 841 3902 893 Ἢ
3935 842 4023 896 ὅτι

2429 925 2507 996 τῷ
2530 929 2669 996 φωτὶ
2689 930 2748 983 rb
2780 928 3097 1000 σύμμετρον
3119 932 3220 985 οὐκ
3251 931 3307 984 ἐν
3341 933 3453 994 τοῖς
3489 933 3635 998 ἰδίοις
3665 931 3827 985 αὑτοῦ
3857 933 4020 1005 μέρε-

2431 1038 2535 1083 σιν,
2589 1022 2704 1075 ἀλλ’
2734 1025 2791 1075 ὲν
2831 1021 2908 1092 τῷ
2941 1024 3079 1093 πρὸς
3121 1025 3219 1095 τὴν
3256 1023 3378 1095 ὄψιν
3415 1025 3607 1099 ἀλύπῳ
3639 1026 3733 1081 καὶ
3756 1029 4023 1097 προσηνεῖ

2433 1118 2823 1185 μαρτυρεῖται;
2855 1113 3014 1168 υῦτω
3046 1115 3155 1186 γάρ
3199 1118 3294 1171 καὶ
3343 1117 3543 1188 χρυσὸς
3587 1120 3771 1185 καλὸς,
3802 1119 3901 1171 οὑκ
3950 1121 4019 1171 ἐκ

2428 1210 2526 1278 τῆς
2580 1207 2688 1261 τῶν
2721 1208 2902 1281 μερῶν
2961 1211 3327 1280 συμμετρίας,
3360 1209 3474 1264 ἀλλ’
3517 1211 3582 1263 ὲκ
3620 1215 3720 1284 τῆς
3761 1208 4019 1280 εὐχροίας

2433 1299 2620 1370 μόνης,
2652 1301 2712 1354 τὸ
2741 1299 3030 1370 ἐπαγωγὸν
3079 1300 3214 1370 πρὸς
3255 1303 3351 1374 τήν
3382 1301 3502 1372 ww
3553 1304 3648 1356 καὶ
3692 1305 3754 1358 rb
3784 1302 4019 1375 τερπνὸν

2429 1390 2784 1460 κεκτημένος.
2818 1391 2927 1444 Καὶ
2955 1390 3232 1464 Ἕσπερος
3252 1393 3496 1467 ἀστέρων
3526 1391 3908 1459 κάλλιστος,οὐ
3930 1394 4017 1448 διὰ

2427 1482 2486 1535 rb
2512 1483 2874 1552 ἀναλογοῦντα
2906 1482 3050 1553 ἔχειν
3074 1484 3144 1536 τὰ
3179 1484 3318 1556 μέρη
3344 1486 3455 1555 (55)
3484 1485 3544 1550 ἐξ
3568 1478 3642 1537 ὧν
3668 1490 4015 1560 συνέστηκεν,

2429 1575 2564 1628 ἀλλά
2610 1576 2697 1630 διά
2725 1579 2787 1630 rb
2815 1576 3019 1630 ἄλυπόν
3059 1594 3177 1629 τινα
3209 1578 3302 1628 καὶ
3337 1581 3518 1651 ἡδεῖαν
3544 1578 3643 1649 τὴν
3694 1579 3789 1631 ἀπ’
3850 1581 4014 1635 αὐτοῦ

2429 1669 2604 1741 αὐγὴν
2655 1670 2951 1742 ἐμπίπτειν
2989 1673 3101 1733 τοῖς
3135 1670 3396 1740 ὄμμασιν.
3453 1674 3686 1726 Ἔπειτα
3714 1671 3808 1724 νῦν
3845 1675 3877 1741 ἡ
3921 1672 4015 1725 τοῦ

2427 1759 2564 1814 Θεοῦ
2618 1761 2797 1832 κρίσις
2827 1760 3071 1832 περὶτοῦ
3105 1761 3296 1822 καλοῦ.
3326 1765 3389 1816 οὐ
3429 1766 3646 1826 πάντως
3679 1761 3815 1831 πρὸς
3845 1762 3904 1813 rb
3957 1764 4016 1814 ὲν

2427 1850 2547 1921 ὄψει
2576 1850 2805 1922 τερπνὸν
2850 1851 3270 1916 ἀποϐλέποντος,
3313 1854 3450 1909 ἀλλά
3494 1858 3585 1909 καὶ
3621 1853 3756 1926 πρὸς
3798 1854 3897 1923 τὴν
3939 1853 4017 1915 εξς

748 1943 994 1996 accedat.
1046 1943 1315 2000 Praeterea
1351 1945 1452 1998 hoc
1497 1943 1586 1998 Dei
1630 1943 1696 1998 dc
1745 1943 2322 2014 pulchritudinejndi-
2357 1930 2404 1988 Β

2357 1930 2404 1988 Β
2431 1941 2656 2013 ὕστερον
2690 1941 2783 1993 ἀπ’
2820 1941 2985 1994 αὑτοῦ
3002 1942 3267 2011 ὠφέλειαν
3297 1947 3678 2017 προορωμένου
3702 1946 4011 2016 γεγένηται.

749 2033 920 2099 cium,
951 2049 1054 2088 non
1077 2036 1236 2089 modo
1259 2039 1327 2089 ad
1354 2041 1500 2090 visus
1524 2035 1939 2092 delectationem
1963 2035 2322 2105 respicientis,

752 2125 845 2178 sed
883 2125 1046 2179 etiam
1084 2125 1148 2179 ad
1176 2125 1412 2180 futuram
1464 2127 1632 2194 ipsius
1668 2130 1948 2184 utilitatem
1987 2129 2323 2197 prospicien-

752 2216 848 2283 tis,
883 2215 1083 2272 lactum
1118 2228 1218 2274 est.
1251 2218 1500 2275 Nondum
1542 2224 1683 2274 enim
1727 2220 2142 2288 pulchritudinis
2191 2222 2325 2276 lucis

749 2310 960 2377 iudices
995 2321 1153 2366 erant
1181 2313 1347 2367 oculi.
1386 2312 1453 2366 Et
1482 2314 1659 2366 divisit
1697 2313 1830 2366 Deus
1857 2313 1994 2366 inter
2044 2313 2232 2377 lucem,
2279 2325 2324 2368 et

751 2404 892 2456 inter
920 2404 1158 2458 tenebras
1187 2404 1252 2455 “.
1275 2402 1386 2457 Hoc
1414 2415 1519 2469 est,
1548 2413 1898 2474 utrarumque
1946 2413 2194 2458 naturam
2227 2407 2326 2457 mi-

753 2505 918 2550 sturze
945 2495 1312 2567 cujuscunque
1350 2497 1684 2568 incapacem.
1708 2509 1761 2553 et
1812 2498 2035 2553 alteram
2071 2497 2226 2550 alteri
2259 2509 2325 2549 ex

757 2588 986 2643 adverso
1014 2590 1319 2658 oppositam
1357 2590 1496 2645 Deus
1531 2592 1781 2645 reddidit.
1807 2590 1927 2644 litec
1961 2589 2103 2641 enim
2133 2603 2328 2660 magno

753 2680 899 2736 inter
927 2696 986 2737 se
1017 2681 1298 2737 intervallo
1334 2684 1588 2738 discrevit
1621 2699 1681 2736 ac
1703 2681 1994 2750 separavit.

826 2775 880 2828 8.
919 2773 981 2827 Et
1013 2779 1208 2828 vocavit
1246 2775 1385 2827 Deus
1417 2775 1605 2834 lucem,
1643 2774 1799 2835 diem,
1833 2783 1876 2823 et
1908 2773 2146 2825 tenebras
2177 2789 2328 2827 voca-

753 2866 828 2919 vit
878 2875 1076 2919 noctem
1125 2865 1192 2920 ".
1227 2864 1376 2920 Nunc
1424 2866 1637 2934 quidem
1684 2865 1748 2919 de
1792 2864 1997 2933 reliquo
2045 2875 2171 2932 post
2205 2865 2330 2920 solis

756 2957 1163 3027 generationem
1193 2957 1305 3011 dies
1337 2967 1420 3010 est
1449 2973 1540 3010 aer
1577 2958 1687 3024 ipse
1709 2997 1722 3018 ,
1755 2972 1784 3008 a
1821 2955 1933 3010 sole
1977 2956 2326 3018 illmninatns,

758 3049 883 3102 dum
915 3047 967 3101 in
997 3049 1374 3118 hemisphaerio
1402 3050 1542 3116 quod
1583 3065 1746 3115 super
1781 3059 1975 3103 terram
2015 3060 2115 3110 est,
2152 3050 2326 3100 lucet:

759 3157 862 3196 nox
896 3155 1022 3197 vero
1045 3151 1146 3205 est,
1181 3155 1298 3208 qua:
1330 3142 1634 3193 occultante
1665 3155 1722 3193 se
1749 3140 1859 3192 sole
1913 3141 2202 3192 intervenit
2237 3141 2331 3192 ιρι-ο

761 3233 893 3289 luris
922 3234 1249 3289 obscuratio.
1281 3233 1431 3287 Tunc
1465 3243 1641 3286 autem
1675 3247 1778 3284 non
1803 3233 2096 3286 secundum
2127 3243 2328 3285 motum

759 3324 1015 3389 solarem,
1053 3327 1144 3380 sed
1175 3326 1493 3396 primigenia
1543 3325 1629 3378 illa
1682 3325 1799 3379 luce
1831 3325 2019 3389 eﬂ'usa,
2062 3335 2112 3377 et
2148 3341 2333 3380 rursus

760 3423 1064 3478 contracta,
1098 3417 1390 3470 secundum
1423 3417 1738 3484 prmﬁnitam
1785 3434 1812 3469 a
1851 3417 1959 3470 Deo
2004 3433 2333 3484 mensuram,

763 3507 923 3560 ﬁebat
957 3507 1093 3570 dies,
1124 3516 1178 3559 et
1206 3520 1308 3558 nox
1341 3508 1684 3560 succedebat.
1728 3506 1790 3559 Et
1820 3509 1964 3575 facta
1995 3518 2067 3560 est
2102 3525 2334 3575 vespera,

763 3609 810 3653 et
846 3599 1049 3668 factum
1073 3607 1148 3652 est
1176 3615 1350 3661 mane,
1378 3599 1487 3651 dies
1522 3615 1654 3652 unus
1674 3600 1740 3653 ⁸⁸.
1772 3599 2006 3668 Vespera
2038 3601 2203 3669 igitur
2229 3601 2334 3653 diei

764 3705 829 3743 ac
881 3692 1055 3744 noctis
1098 3701 1179 3744 est
1239 3691 1545 3743 communis
1606 3690 1916 3744 terminus:
1985 3699 2038 3744 et
2088 3690 2335 3744 similiter

766 3795 944 3845 mane,
973 3793 1053 3836 est
1077 3783 1248 3836 noctis
1283 3797 1402 3834 cum
1443 3783 1528 3835 die
1551 3782 1821 3836 vicinitas.
1868 3783 2051 3851 Itaque
2094 3792 2151 3835 ut
2190 3782 2334 3851 prio-

765 3873 842 3926 ris
871 3873 1236 3939 generationis
1265 3875 1670 3943 prmrogativam
1702 3873 1806 3927 diei
1857 3876 2139 3936 tribueret,
2186 3875 2335 3941 prius

765 3965 1211 4018 commemoravit
1247 3965 1406 4018 linem
1445 3963 1572 4024 diei,
1623 3965 1816 4019 deinde
1847 3965 2041 4028 noctis,
2078 3963 2221 4017 velut
2252 3964 2333 4016 in-

766 4068 1027 4124 sequente
1052 4058 1192 4111 diem
1226 4070 1399 4112 nocte.
1438 4057 1569 4112 Nam
1603 4059 1692 4128 qui
1726 4068 1896 4112 status
1929 4059 1980 4111 in
2015 4058 2214 4112 mundo
2242 4057 2340 4110 fuit

769 4159 894 4201 ante
925 4148 1063 4202 lueis
1087 4151 1512 4218 generationem,
1553 4152 1723 4205 isnon
1766 4161 1881 4206 erat
1923 4167 2048 4216 nox,
2074 4153 2164 4206 sed
2196 4161 2346 4206 tene-

768 4241 877 4293 brae
911 4259 924 4293 :
960 4242 1100 4310 quod
1132 4252 1310 4295 autem
1344 4259 1372 4295 a
1416 4244 1500 4296 die
1532 4244 1989 4312 distinguebatur,
2033 4245 2191 4312 eique
2243 4259 2340 4312 op-

770 4332 1092 4400 ponebatur,
1135 4332 1188 4385 id
1227 4347 1330 4384 nox
1375 4333 1696 4400 appellatum
1739 4342 1857 4395 est;
1895 4334 2034 4401 quod
2081 4334 2218 4385 idem
2254 4349 2339 4386 re-

770 4423 1065 4478 centioreut
1109 4424 1270 4477 etiam
1317 4423 1731 4493 appellationem
1764 4433 1884 4492 post
1912 4423 2050 4476 diem
2088 4422 2336 4475 obtinuit.

774 4513 941 4567 Facta
975 4525 1049 4568 est
1082 4516 1245 4585 igitur
1283 4532 1510 4584 vespera,
1568 4527 1614 4568 et
1674 4515 1869 4568 factum
1918 4522 1993 4566 est
2020 4529 2192 4568 mane.
2226 4512 2338 4567 Diei

847 4720 890 4750 ²⁶
917 4720 1053 4775 Gen.
1087 4736 1124 4782 I,
1156 4721 1205 4772 i.
1286 4721 1327 4750 ³⁷
1375 4720 1503 4776 ibid.
1670 4721 1713 4751 ’⁸
1747 4720 1874 4773 ibid.

846 4923 959 4994 (52)
994 4925 1067 4977 Ita
1123 4923 1254 4991 Reg.
1301 4925 1548 4994 qnintns,
1584 4922 1750 4978 Cnisl.
1803 4924 2026 4991 primus,
2077 4923 2227 4977 (lolb.
2261 4937 2337 4974 se-
2371 4924 2414 4979 D

779 4993 986 5048 cundus
1016 5004 1070 5047 et
1100 4995 1249 5047 editi.
1295 4993 1443 5060 Regii
1486 5010 1610 5046 vero
1645 4997 1850 5054 tertius,
1881 5002 2101 5060 quartus
2132 5006 2181 5045 et
2222 5007 2340 5046 sex-

779 5075 863 5116 tus
899 5080 1020 5117 cum
1049 5064 1213 5118 Coisl.
1235 5063 1467 5118 secundo
1488 5063 1594 5114 τῶν
1621 5063 1817 5133 μελῶν,
1849 5064 2211 5116 niembrorum.
2241 5062 2344 5118 Nec

778 5135 849 5186 ita
885 5135 1051 5188 multo
1087 5147 1202 5202 post
1239 5136 1365 5202 Reg.
1401 5134 1620 5200 quiuttts
1649 5137 1675 5184 ὁ
1699 5133 1788 5184 τοῦ
1821 5133 2062 5195 κάλλους.

852 5205 965 5274 (55)
999 5206 1088 5260 Sic
1119 5206 1270 5275 Regii
1303 5214 1627 5275 quartusﬂet
1667 5215 1874 5275 sextus
1897 5216 1943 5254 et
1980 5205 2130 5259 Coll).
2162 5219 2342 5254 secun-

781 5273 878 5329 dus
916 5292 1038 5328 cum
1076 5273 1305 5342 Utroque
1337 5275 1500 5327 Cois].
1541 5273 1678 5325 Editi
1711 5290 1832 5325 cum
1863 5274 2041 5341 Regiis
2086 5275 2240 5326 tertio
2293 5285 2343 5324 et

782 5348 966 5414 quinto
999 5344 1142 5414 ἔχειν
1171 5347 1241 5398 τὰ
1281 5345 1436 5415 μέλη.
1471 5345 1597 5410 Qua:
1647 5343 1803 5415 lectio
1843 5346 2201 5415 vetustissima
2243 5354 2345 5415 est,

782 5412 901 5469 eum
938 5412 1248 5469 Eustathius
1282 5412 1665 5484 interpretatus
1695 5413 1792 5466 sit:
1849 5412 1969 5484 Non
2008 5426 2213 5481 promer
2245 5413 2349 5464 exi-

782 5488 939 5540 miam
954 5483 1454 5555 compaginationem
1470 5488 1835 5537 membrorum.
1856 5483 2106 5535 Attamen
2128 5498 2245 5536 cum
2268 5484 2350 5555 hic

784 5569 976 5625 agatur
1007 5554 1073 5610 de
1102 5554 1328 5626 cerpore
1369 5557 1665 5625 generatim
1696 5564 1933 5626 sumpto
1961 5595 1973 5617 ,
1994 5555 2154 5626 μέρη
2189 5554 2352 5621 magis

784 5623 992 5680 arridet
1044 5623 1396 5696 (ιιιιιηίμέληζ
1449 5626 1564 5679 Non
1602 5623 1767 5678 multo
1815 5634 1933 5692 post
1992 5623 2124 5694 Reg.
2171 5635 2351 5676 sextus

782 5697 953 5768 αὐγὴν
984 5699 1316 5752 ἐπιπίπτειν,

855 5763 966 5834 (ὄλ)
999 5770 1070 5820 lta
1106 5770 1234 5820 edici
1261 5783 1377 5820 cum
1398 5775 1632 5835 quatuor
1663 5779 1790 5818 mss.
1822 5763 1922 5817 Alii
1951 5772 2059 5818 tres
2093 5779 2220 5818 mss.
2244 5763 2356 5815 διασ-

783 5841 1038 5908 κριτικοί.
1074 5839 1189 5892 Mox
1218 5839 1346 5908 Reg.
1381 5839 1598 5906 quintus
1630 5836 1923 5904 ἀνάμικτον
1963 5835 2164 5900 αὐτῶν,
2203 5852 2352 5890 men-

784 5910 924 5964 dese.

2440 2033 2733 2103 Ὄφθαλμοὶ
2759 2032 2868 2106 γάρ
2903 2033 3055 2087 οῦπω
3087 2029 3227 2104 ἦσαν
3257 2041 3495 2107 κριτικοὶ
3515 2038 3624 2108 (54)
3654 2038 3747 2091 τοῦ
3779 2039 3837 2090 ὲν
3871 2037 4017 2107 φωτὶ

2428 2129 2673 2190 κάλλους.
2709 2127 2820 2182 Καὶ
2855 2128 3202 2196 διεχώρισεν
3247 2131 3278 2181 ό
3331 2130 3474 2195 Θεὸς
3507 2130 3626 2184 ἀνὰ
3662 2129 3861 2198 μέσον
3909 2127 4016 2182 τοῦ

2427 2220 2639 2288 φωτὸς,
2673 2219 2772 2274 καὶ
2803 2221 2920 2276 ἀνὰ
2961 2218 3156 2288 μέσον
3215 2219 3320 2273 τοῦ
3366 2222 3648 2285 σκότους.
3695 2219 4011 2279 Τουτέστιν,

2426 2312 2657 2381 ἄμικτον
2691 2313 2872 2365 αὐτῶν
2911 2311 3007 2380 τὴν
3043 2311 3204 2379 φύσιν
3233 2317 3328 2366 καὶ
3355 2311 3475 2365 κατ’
3511 2311 3829 2365 ἐναντίωσιν
3863 2313 4016 2365 ἀντι-

2428 2405 2689 2477 κειμένην
2741 2407 2769 2457 ὁ
2817 2403 2948 2466 Θεὸς
3007 2405 3399 2457 κατεσκεύασε.
3465 2403 3710 2477 Πλείστῳ
3760 2408 3870 2478 γάρ
3937 2406 4018 2477 τῷ

2431 2496 2580 2567 μέσῳ
2629 2497 2906 2566 διέστηκεν
2961 2495 3073 2566 (55)
3134 2496 3228 2549 ἀπ’
3287 2496 3534 2565 ἀλλήλω-ιι
3600 2499 3740 2552 αὐτὰ
3800 2501 3896 2553 καὶ
3947 2501 4019 2553 δι-

2427 2607 2644 2659 ωρισεν.

2500 2772 2551 2824 8.
2583 2770 2692 2823 Καὶ
2717 2768 3013 2823 ἐκάλεσεν
3043 2772 3075 2823 ὁ
3105 2769 3245 2834 Θεὸς
3275 2767 3335 2820 τὸ
3371 2766 3496 2837 φῶς
3519 2767 3770 2837 ἡμέραν,
3798 2770 3895 2822 καὶ
3950 2770 4016 2822 τὸ

2431 2863 2650 2927 σκότος
2683 2859 2938 2914 ἐκάλεσε
2969 2863 3178 2916 νύκτα.
3229 2860 3343 2913 Νῦν
3390 2862 3486 2932 μὲν
3523 2861 3706 2914 λοιπὸν
3753 2863 3891 2932 μετά
3921 2861 4018 2933 τὴν

2430 2955 2580 3024 ἡλίου
2609 2954 2820 3021 γένεσιν
2851 2953 3030 3024 ἡμέρα
3059 2953 3205 3005 ἐστὶν
3238 2955 3266 3006 ὁ
3300 2953 3404 3006 ὑπὸ
3427 2953 3578 3022 ἡλίου
3607 2953 4018 3024 πεφωτιισμὲνος

2431 3049 2558 3115 ἀὴρ,
2580 3048 2636 3097 ἐν
2671 3044 2748 3114 τῷ
2779 3045 2917 3114 ὑπὲρ
2946 3045 3049 3113 γῆν
3068 3046 3410 3116 ἡμισφαιρίῳ
3437 3045 3767 3116 λάμποντος,
3795 3048 3890 3098 καὶ
3923 3046 4018 3110 νὶξ

2433 3139 2674 3205 σκίασμα
2707 3135 2833 3204 γῆς,
2866 3136 3352 3206 ἀποκρυπτομένου
3381 3139 3555 3208 ἡλίου,
3577 3139 3861 3207 γινόμενον
3883 3136 4016 3207 (56).

2432 3229 2562 3280 Τότε
2595 3227 2651 3279 δὲ
2680 3227 2739 3279 οὐ
2789 3226 2930 3279 κατά
2959 3227 3172 3297 κίνησιν
3209 3229 3468 3300 ἡλιακὴν,
3505 3229 3623 3280 ἀλλ’
3655 3227 4018 3298 ἁναχεομένου

2435 3321 2525 3374 τοῦ
2555 3319 2896 3392 πρωτογόνου
2930 3319 3106 3388 φωτὸς
3136 3321 3366 3372 ἐκείνου.
3400 3320 3493 3372 καὶ
3533 3319 3700 3372 πάλιν
3731 3319 4018 3373 συστελλοε

2440 3416 2600 3485 μένου
2627 3414 2768 3467 κατὰ
2796 3415 2854 3466 τὸ
2877 3413 3088 3485 ὁρισθὲν
3123 3415 3233 3482 (57)
3263 3413 3458 3484 μέτρον
3485 3412 3633 3485 παρά
3661 3414 3818 3475 Θεοῦ,
3839 3415 4020 3488 ἡμέρα

2437 3508 2672 3575 ἐγένετο,
2703 3507 2793 3558 καὶ
2818 3505 2913 3568 νὺξ
2935 3502 3213 3573 ἀντεπῄει.
3247 3505 3357 3558 Καὶ
3387 3505 3626 3574 ἐγένετο
3655 3506 4018 3575 ἐσπέρα,καὶ

2412 3599 2668 3668 ἐγένετο
2699 3597 2862 3665 πρωὶ,
2929 3594 3119 3663 ἡμέρα
3165 3598 3293 3665 μία.
3337 3597 3576 3669 Ἐσπέρα
3629 3600 3726 3669 μὲν
3768 3595 3862 3652 οῦν
3906 3600 4021 3651 ἐστι

2437 3692 2615 3752 κοινὸς
2647 3692 2768 3761 ὅρος
2796 3687 3008 3759 ἡμέρας
3034 3689 3129 3741 καὶ
3159 3690 3372 3753 νυκτόςο
3409 3692 3502 3744 καὶ
3534 3690 3714 3762 πρωία
3749 3690 3951 3759 ὁμοίως
3989 3691 4022 3757 ἡ

2438 3783 2672 3848 γειτονία
2699 3781 2890 3844 νυκτὸς
2917 3782 3054 3851 πρὸς
3079 3782 3315 3852 ἡμέραν.
3336 3783 3448 3834 Ἵνα
3463 3782 3640 3834 τοίνυν
3666 3781 3733 3833 τά
3759 3779 4023 3851 πρεσϐεῖα

2438 3874 2536 3942 τῆς
2573 3874 2837 3940 γενέσεως
2887 3871 3070 3942 ἁποδῴ
3119 3875 3183 3942 τῇ
3226 3873 3442 3944 ἡμέρᾳ,
3492 3873 3756 3943 πρότερον
3795 3866 3918 3923 εἷπε
3964 3870 4024 3922 τὸ

2441 3965 2612 4036 πέρας
2645 3965 2742 4036 τῆς
2775 3964 3006 4036 ἡμέρας,
3045 3959 3162 4020 εἶτα
3206 3965 3268 4016 rb
3300 3964 3400 4034 τῆς
3453 3964 3667 4028 νυκτὸς,
3714 3965 3791 4030 ὡς
3825 3966 4023 4034 ἐφεπο-

2449 4057 2613 4129 μένης
2646 4059 2743 4127 τῆς
2780 4063 2971 4121 νυκτὸς
3001 4063 3066 4128 τῇ
3098 4057 3301 4128 ἡμέρᾳ.
3347 4058 3410 4111 Ἡ
3452 4058 3562 4130 γὰρ
3596 4059 3701 4130 πρὸ
3734 4059 3836 4129 τῆς
3869 4058 4022 4127 γενέ-

2448 4167 2584 4213 σεως
2619 4150 2710 4202 τοῦ
2765 4151 2940 4219 φωτὸς
2973 4153 3029 4202 ὲν
3074 4150 3152 4221 τῷ
3179 4150 3368 4222 κόσμῳ
3397 4151 3732 4216 κατάστασις
3775 4153 3898 4223 οὐχ).
3930 4151 4026 4215 νὺξ

2445 4241 2532 4313 ἦν,
2564 4243 2697 4296 ἀλλὰ
2734 4245 2942 4306 σκότος·
2995 4243 3053 4296 τὺ
3090 4244 3272 4314 μέντοι
3313 4245 3715 4298 ἀντιδιασταλὲν
3751 4247 3888 4318 πρὸς
3929 4246 4025 4316 τὴν

2446 4335 2680 4404 ἡμέραν,
2711 4335 2868 4386 τοῦτο
2897 4335 2990 4400 νὺξ
3014 4335 3328 4405 ὠνομάσοηο
3352 4337 3489 4407 ὅπερ
3505 4338 3776 4408 νεωτέρας
3808 4339 3903 4391 καὶ
3927 4342 4026 4407 τῆς

2447 4420 2815 4488 προσηγορίας
2848 4420 2983 4490 μετά
3014 4421 3110 4490 τὴν
3139 4425 3348 4492 ἡμέραν
3397 4423 3713 4494 τετύχηκεν.
3758 4425 4024 4493 Ἐγένετο

2446 4505 2558 4564 οὖν
2582 4510 2824 4578 ἑσπέρα,
2859 4513 2952 4566 καὶ
2977 4512 3212 4581 ἐγένετο
3229 4516 3395 4581 πρωί.
3415 4517 3487 4568 Τὸ
3505 4518 3607 4586 ὴμε
3620 4517 3894 4587 ρονύκτιον
3913 4516 4021 4587 (58)

2520 4919 2792 4996 (55)-1151ιρ
2827 4925 3009 4996 verba,
3046 4921 3278 4996 πλείστῳ
3312 4919 3417 4990 γὰρ
3446 4920 3524 4996 τῷ
3566 4923 3714 4996 μέσῳ
3743 4921 4024 4996 διέστηκεν

2458 4993 2550 5044 ἀπ’
2577 4991 2820 5062 ἀλλήλων
2850 4994 2989 5047 αὺτά
3015 4993 3108 5044 καὶ
3139 4990 3407 5062 διώρισεν,
3437 4990 3627 5044 desunt
3656 4990 3707 5044 in
3728 4990 4019 5056 editisfsed

2457 5063 2706 5132 leguntur
2744 5063 2793 5114 in
2831 5066 3080 5117 omnibus
3129 5062 3324 5115 nostris
3369 5076 3498 5115 mss.
3539 5063 3806 5116 Praeterea
3842 5069 4022 5120 eadem

2454 5131 2613 5185 vertit
2653 5131 2978 5186 Eustathius.

2529 5201 2640 5268 (56)
2678 5203 2808 5274 Reg.
2859 5216 3041 5257 sextus
3086 5202 3183 5266 νὺξ
3230 5201 3587 5272 ἀποσκίασμα
3621 5204 3723 5274 γῆς
3748 5204 3853 5255 ὑπὸ
3879 5205 4023 5274 ἡλίου

2457 5273 2831 5343 κρυπτομένου
2862 5275 3160 5343 γινόμενον.

2530 5290 2831 5393 υπτορενου
2862 5290 3160 5343 γινομενον.

2527 5342 2638 5411 (57)
2685 5344 2796 5413 leg.
2829 5354 3012 5396 sextus
3039 5344 3098 5395 rb
3132 5342 3454 5413 ὡρισμένον.
3487 5341 3679 5395 Statim
3707 5343 3842 5412 Reg.
3875 5344 3962 5410 qui
4006 5375 4017 5383 ο

2457 5424 2542 5465 tus
2587 5412 2770 5532 ἓμέρα
2821 5414 3045 5480 ἐγίνετο.
3087 5413 3229 5466 lnl'ra
3281 5412 3413 5483 Reg.
3468 5414 3689 5482 quintus
3732 5416 3765 5482 ὴ
3819 5415 4024 5482 γειτνία

2457 5499 2584 5532 νυκτ
2619 5499 2663 5532 c.

2455 5499 2663 5542 νυκτος.

2533 5553 2645 5626 (58)
2679 5552 2856 5626 Editio
2877 5552 3299 5626 Basi_l._cum_sex_
3323 5567 3449 5606 mss.
3473 5553 3850 5626 przeterABodl.
3887 5554 4022 5626 πρωὶ

2457 5623 2516 5675 rb
2543 5623 2954 5692 ἡμερονύκτιον.
2987 5623 3159 5676 Editio
3185 5620 3352 5692 Paris.
3397 5637 3518 5675 cum
3551 5623 3712 5676 Coisl.
3747 5620 4022 5690 pritno'lu-

2461 5691 2572 5764 sius
2600 5691 2742 5764 πρωὶ
2776 5694 2956 5764 ἡμέρα
2998 5693 3094 5762 μία
3122 5692 3201 5745 τό.
3225 5691 3338 5746 Mox
3374 5694 3525 5745 tnulti
3563 5694 3806 5764 ιιιεε.καὶ
3821 5694 4022 5748 οὐκέτι.

2464 5763 2658 5816 Ibidem
2682 5764 2809 5833 Reg.
2835 5763 3014 5818 sextus
3034 5765 3471 5834 προσηγόρευσεν
3489 5763 3702 5834 ἡμέραν
3733 5766 3827 5818 καὶ
3844 5764 4023 5820 νύκτα.

2465 5834 2530 5887 At
2567 5834 2693 5889 editi
2717 5850 2836 5888 cum
2869 5836 3048 5890 nmltis
3081 5833 3211 5889 mss.
3244 5834 3424 5904 ἡμέρα
3458 5836 3549 5886 καί
3574 5833 3689 5900 νύξ.
