4262 6510
293 462 368 515 49
1430 464 1718 520 IlOMlLlA
1758 466 1801 520 ll
1845 465 1910 520 IN
1953 465 2448 526 llEXAEMEllON.
3483 478 3552 532 50

291 581 466 653 λέγει.
493 581 604 634 Καὶ
649 581 830 636 οὐκέτι
863 578 1324 652 προσηγόρευσεν,
1353 582 1544 650 ἡμέρα
1587 584 1683 637 καὶ
1739 586 1876 651 νὺξ,
1906 589 1954 649 Α

1867 589 1954 651 ,Α
1982 595 2036 640 ει
2083 586 2258 642 noctis
2287 587 2416 642 dicit
2462 590 2716 658 spatium.
2767 586 2878 642 Nec
2907 587 3139 658 amplius
3179 602 3307 644 usus
3355 601 3438 646 est
3466 592 3550 645 his

292 677 434 730 αλλὰ
464 674 542 747 τῷ
574 672 958 747 ἐπικρατοῦντι
983 674 1082 744 τὴν
1131 673 1313 726 πᾶσαν
1361 676 1732 745 προσηγορίαν
1765 679 1873 731 ἀπ-

293 775 500 841 ἐνειμε.
529 771 745 840 Ταύτην
775 768 841 822 ἂν
881 769 976 823 καὶ
1014 771 1073 822 ἐν
1113 769 1261 844 πάσῃ
1288 773 1354 842 τῇ
1389 770 1579 842 Γραφῇ
1622 769 1719 841 τὴν
1752 777 1875 828 συν-

294 864 486 933 ήθειαν
520 863 716 933 εὕροις,
753 861 812 914 ἐν
858 862 922 931 τῇ
972 859 1065 914 τοῦ
1114 863 1306 934 χρόνου
1356 863 1613 932 μετρήσει
1668 864 1875 935 ἡμέρας

293 956 726 1028 ἀριθμουμένας,
751 955 871 1026 οὐχ),
899 955 956 1010 δὲ
974 957 1068 1010 καὶ
1095 955 1296 1018 νύκτας
1315 955 1453 1022 μετὰ
1485 954 1594 1008 τῶν
1629 956 1871 1025 ἡμερῶν.

293 1050 367 1101 Al
400 1049 611 1118 ἡμέραι
637 1045 756 1102 τῶν
789 1047 937 1102 ἐτῶν
964 1047 1152 1118 ἡμῶν,
1188 1049 1217 1101 ό
1245 1046 1548 1118 Ψαλμῳδός
1581 1064 1712 1118 φησι
1741 1048 1870 1120 (59).

292 1140 406 1193 Καὶ
434 1138 594 1192 πάλιν
617 1140 645 1192 ό
682 1139 896 1194 Ἰακώ6’
919 1143 986 1194 Al
1010 1137 1219 1208 ἡμέραι
1237 1139 1349 1210 τῆς
1367 1138 1515 1210 ζωῆς
1528 1159 1646 1211 μου
1670 1145 1871 1210 μικραί

295 1232 398 1284 καὶ
432 1230 709 1297 πονηραί.
758 1231 866 1284 Καὶ
895 1230 1076 1282 πάλιν”
1125 1231 1333 1298 Uticae
1373 1230 1480 1299 τὰς
1510 1230 1731 1300 ἡμέρας
1769 1231 1874 1300 τῆς

293 1320 598 1389 ζωῆςμου.
630 1322 792 1374 Ὥστε
833 1321 903 1372 τὰ
951 1319 1046 1372 νῦν
1081 1323 1138 1374 ἐν
1177 1322 1422 1391 ίστορίας
1470 1322 1599 1376 εῐδει
1639 1322 1875 1393 παραδο-

292 1408 461 1462 θέντα
510 1410 798 1481 νομοθεσία
835 1409 949 1461 ἐστι
999 1410 1136 1483 πρὸς
1176 1411 1246 1464 τὰ
1296 1409 1439 1483 ἐξῆς.
1485 1410 1594 1466 Καὶ
1639 1409 1874 1480 ἐγένετο

292 1500 543 1569 ἑσπέρα,
581 1503 680 1556 καὶ
715 1500 952 1570 ἐγένετο
987 1503 1154 1572 πρωί,
1202 1501 1391 1572 ἡμέρα
1410 1505 1534 1574 μία.
1579 1503 1735 1566 Τίνος
1757 1505 1872 1556 ἓνε-

293 1610 391 1647 κεν
423 1595 524 1647 οὐκ
546 1591 668 1647 εἷπε
691 1592 937 1667 πρώτην,
966 1596 1102 1650 ἀλλὰ
1128 1595 1289 1665 μίαν;
1317 1597 1559 1666 καίτοιγε
1587 1596 1874 1649 άκολουθό-

290 1701 452 1755 τερον
480 1682 548 1756 ἦν
576 1685 665 1740 τὸν
695 1686 954 1758 μέλλοντα
975 1687 1202 1753 ἐπάγειν
1226 1685 1502 1758 δευτέραν,
1534 1687 1628 1743 καὶ
1659 1687 1870 1758 τρίτην,

291 1778 386 1830 καί
415 1778 683 1851 τετάρτην
730 1779 967 1850 ἡμέραν,
993 1777 1092 1849 τὴν
1131 1777 1505 1849 κατάρχουσαν
1543 1780 1652 1833 τῶν
1677 1777 1874 1848 ἐφεξῆς

291 1872 519 1943 πρώτην
563 1871 1028 1942 προσαγορεῦσαι.
1086 1870 1246 1924 Ἀλλὰ
1291 1869 1416 1942 μίαν
1461 1868 1630 1937 εἶπεν,
1660 1873 1777 1943 ἡτοι
1812 1871 1873 1923 τὺ

1985 679 2313 744 nominibus,
2355 680 2466 733 dies
2511 691 2558 733 et
2597 685 2759 748 lnox:
2811 681 2907 736 sed
2959 682 3324 750 praestantiori
3387 691 3552 738 totam

1989 770 2175 824 tribuit
2203 771 2634 840 appellationem.
2690 774 2837 829 llanc
2881 774 3068 844 utique
3110 776 3552 831 consuetudinem

1986 860 2232 918 invenies
2262 864 2313 918 in
2343 874 2452 919 tota
2489 865 2768 933 Scriptura
2796 871 3142 924 observatam
3174 884 3189 923 :
3218 869 3472 924 nimirum
3499 869 3552 922 in

1986 953 2258 1010 metiendo
2302 964 2542 1024 tempore
2569 957 2684 1012 dies
2709 959 3016 1016 enumerari
3038 1001 3052 1025 ,
3092 973 3196 1013 non
3229 969 3412 1015 noctes
3443 974 3546 1014 una

1985 1060 2108 1099 cum
2144 1050 2352 1104 diebus.
2385 1047 2508 1102 Dies
2537 1066 2793 1103 annorum
2823 1067 3074 1118 meorum,
3106 1052 3183 1106 ait
3217 1051 3550 1106 Psalmorum

1984 1146 2176 1192 cantor
2205 1140 2269 1194 ”.
2303 1141 2369 1194 Et
2395 1140 2589 1195 iterum
2618 1139 2781 1197 Jacob
2815 1159 2829 1196 :
2865 1140 2986 1195 Dies
3018 1147 3136 1199 vita:
3165 1158 3295 1199 mea!
3328 1146 3479 1214 parvi
3504 1155 3551 1198 et

1990 1229 2120 1284 mali
2155 1229 2222 1282 ³⁰.
2255 1232 2388 1287 ltem
2426 1247 2655 1288 rursus:
2685 1234 2942 1288 Omnibus
2970 1235 3147 1290 diebus
3186 1239 3303 1292 vitae
3327 1253 3457 1292 metu
3484 1236 3552 1293 “.

1982 1320 2158 1387 Quare
2193 1337 2313 1390 quae
2333 1338 2474 1380 nunc
2499 1325 2551 1378 in
2603 1324 2841 1379 historiae
2877 1326 3111 1396 speciem
3157 1329 3355 1382 tradita
3381 1338 3550 1396 sunt,

1980 1415 2048 1470 ad
2075 1429 2138 1468 ea
2181 1429 2300 1484 qua:
2326 1425 2626 1485 sequuntur
2654 1417 2850 1486 regulae
2889 1428 3012 1473 sunt
3067 1427 3232 1488 atque
3257 1419 3552 1490 legislatio—

1982 1522 2098 1561 nes.
2136 1504 2206 1558 Et
2231 1507 2379 1573 facta
2407 1519 2482 1562 est
2508 1524 2741 1576 vespera,
2773 1520 2819 1561 et
2849 1508 3048 1576 factum
3094 1519 3170 1564 est
3223 1525 3396 1575 mane,
3443 1514 3552 1565 dies

1981 1615 2137 1652 unus.
2165 1598 2338 1664 Quam
2361 1598 2430 1652 ob
2449 1615 2667 1654 causam
2692 1615 2795 1654 non
2827 1601 3229 1669 dixitprimum,
3266 1602 3358 1656 sed
3388 1616 3551 1656 unum

1980 1690 2145 1758 diem,
2172 1705 2482 1760 quanquam
2531 1700 2650 1745 erat
2682 1692 3115 1758 convenientius,
3148 1701 3205 1747 ut
3237 1692 3282 1748 is
3326 1695 3416 1762 qui
3467 1707 3553 1749 se-

1979 1785 2232 1847 cundam,
2261 1784 2497 1848 tertiam,
2526 1792 2842 1853 etquartam
2871 1785 3009 1840 diem
3035 1784 3260 1840 subinde
3285 1799 3551 1840 memora-

1981 1881 2131 1929 turus
2160 1886 2296 1940 erat,
2327 1886 2446 1930 eam
2472 1874 2633 1940 diem,
2662 1891 2780 1944 quae
2807 1877 3249 1946 subsequentium
3274 1878 3552 1932 exordium

294 1965 494 2037 μέτρον
512 1965 724 2036 ἡμέρας
752 1965 846 2017 καὶ
879 1964 1070 2027 νυκτὸς
1099 1963 1447 2036 περιορίζων,
1482 1965 1575 2016 καὶ
1596 1965 1881 2018 συνάπτων
1915 1959 1956 2014 Β

1869 1982 1881 2014 ι
1915 1959 1956 2014 Β
1984 1965 2104 2030 fuit,
2135 1968 2363 2035 primam
2389 1968 2766 2034 nuncuparet?
2789 1967 2896 2022 Sed
2934 1982 3095 2021 unam
3133 1969 3300 2031 dixit,
3335 1969 3426 2037 qui
3455 1968 3552 2022 sci-

289 2056 385 2110 τοῦ
407 2058 516 2126 ἡμε
527 2055 804 2126 ρονυκτίου
829 2056 922 2108 τὸν
954 2057 1162 2127 χρόνον,
1195 2058 1269 2119 ὼς
1294 2056 1402 2108 τῶν
1426 2057 1878 2128 εἰκοσιτεσσάρων

289 2148 453 2219 ὡρῶν
489 2150 618 2220 μιᾶς
649 2149 860 2220 ἡμέρας
898 2148 1288 2219 ἐκπληρουσῶν
1336 2147 1629 2218 διάστημα,
1680 2167 1878 2202 συνυπ·

289 2241 635 2314 ακουομένης
683 2243 928 2314 δηλονότι
972 2245 1038 2312 τῇ
1071 2241 1258 2312 ἡμέρᾳ
1287 2243 1381 2294 καὶ
1408 2240 1517 2310 (60)
1543 2244 1639 2312 τῆς
1663 2241 1873 2305 νυκτὸς,

288 2333 432 2389 ὥστε
492 2335 594 2390 κᾶν
647 2338 705 2390 ἐν
769 2341 889 2400 ταῖς
949 2337 1181 2406 τροπαῖς
1243 2335 1337 2387 τοῦ
1399 2335 1550 2404 ἡλίου
1605 2337 1876 2409 συμϐαίνῃ

287 2425 391 2498 τὴν
444 2425 636 2496 ἑτέραν
700 2426 877 2478 αὐτῶν
912 2424 1294 2496 ὑπερϐάλλειν,
1356 2425 1492 2476 ἀλλὰ
1530 2425 1608 2494 τῷ
1655 2443 1718 2493 γε
1778 2428 1877 2494 ὰφ-

286 2517 583 2587 ωρισμένῳ
627 2515 804 2586 χρόνῳ
853 2513 1367 2586 ἐμπεριγράερεσθαι
1425 2515 1640 2578 πάντως
1698 2517 1875 2585 ἀμφο-

285 2606 463 2678 τέρων
490 2605 560 2660 τὰ
581 2607 926 2680 διαστήματα
946 2624 961 2638 ·
1010 2607 1212 2660 ὡσανεὶ
1248 2607 1422 2677 ἔλεγε,
1453 2609 1513 2661 τὸ
1545 2607 1652 2661 τῶν
1683 2608 1877 2662 τεσσάο

289 2711 401 2765 ρων
429 2697 524 2750 καὶ
574 2695 778 2752 εῐκοσιν
810 2697 970 2770 ὡρῶν
1036 2697 1233 2769 μέτρον
1288 2701 1416 2770 μιᾶς
1471 2700 1618 2753 ἐστιν
1663 2698 1876 2770 ἡμέρας

285 2786 583 2858 διάστημα·
633 2790 689 2859 ἢ,
738 2793 770 2860 ἡ
822 2790 916 2842 τοῦ
972 2791 1202 2861 οὐρανοῦ
1256 2791 1367 2861 (61)
1412 2793 1522 2845 άπὸ
1566 2792 1659 2845 τοῦ
1708 2791 1873 2846 αὑτοῦ

289 2879 521 2949 σημείου
567 2880 657 2932 ἐπί
701 2881 762 2933 τὸ
805 2881 935 2935 αὐτὸ
979 2882 1142 2935 πάλιν
1173 2884 1614 2948 ἀποκατάστασις
1660 2886 1717 2936 ἐν
1776 2886 1876 2956 μιᾷ

285 2970 476 3042 ἡμέρᾳ
509 2970 749 3040 γίνεται·
800 2973 940 3027 ὥστε
974 2975 1166 3038 ὁσάκις
1215 2975 1281 3028 ἂν
1322 2975 1531 3048 ἑσπέρα
1567 2977 1659 3027 καί
1693 2977 1874 3047 πρωία

287 3062 433 3117 κατά
459 3063 558 3135 τὴν
598 3063 692 3117 τοῦ
724 3065 875 3137 ἡλίου
910 3067 1216 3139 περιφορὰν
1264 3065 1610 3139 ἐπιλαμϐάνῃ
1651 3067 1742 3119 τὸν
1781 3068 1874 3120 κό-

287 3173 448 3226 σμον,
493 3155 568 3228 μὴ
618 3158 675 3210 ἐν
725 3157 928 3212 πλείονι
978 3159 1174 3230 χρόνῳ,
1211 3160 1322 3213 ἀλλ’
1382 3162 1440 3214 ἐν
1485 3161 1613 3232 μιᾶς
1660 3159 1875 3232 ἡμέρας

284 3249 615 3319 διαστήματι
641 3250 741 3322 τὴν
768 3252 1015 3323 περίοδον
1045 3253 1471 3325 ἐκπληροῦσθαι.
1507 3255 1577 3306 Ἣ
1608 3253 1872 3324 κυριώτε-

288 3356 383 3410 ρος
415 3343 444 3393 ό
487 3342 544 3394 ἐν
587 3343 919 3415 ἀπορρήτοις
953 3346 1382 3418 παραδιδόμενος
1420 3347 1574 3414 λόγος
1610 3345 1753 3415 (62).
1797 3345 1873 3409 ὡς

285 3432 396 3502 ἄρα
427 3434 455 3486 ὁ
486 3433 586 3503 τὴν
613 3435 706 3487 τοῦ
741 3437 932 3507 χρόνου
969 3438 1130 3507 φύσιν
1151 3440 1570 3502 κατασκευάσας
1591 3439 1746 3504 Θεὸς,
1780 3439 1873 3508 μέ-

284 3542 394 3597 τρα
434 3526 583 3598 αὐτῴ
615 3529 710 3581 καὶ
751 3533 952 3599 σημεῖα
986 3531 1056 3584 τά
1087 3533 1198 3584 τῶν
1239 3533 1463 3603 ἡμερῶν
1498 3531 1728 3586 ἐπέϐαλε
1761 3532 1873 3585 δια-

288 3617 560 3686 στήματα,
615 3619 709 3672 καὶ
756 3621 1008 3691 ἐϐδομάδι
1068 3623 1230 3675 αὑτὸν
1288 3623 1590 3695 ὲκμετρῶν,
1647 3625 1734 3677 ἀεὶ
1775 3623 1872 3695 τὴν

286 3707 558 3780 ἐῦδομάδα
586 3713 666 3775 εἰς
695 3712 892 3784 ἑαυτὴν
937 3714 1370 3768 ἀνακυκλοῦσοαι
1421 3716 1651 3780 κελεύει,
1689 3715 1872 3788 ἐξαρι-

286 3801 530 3870 θμοῦσαν
574 3803 666 3856 τοῦ
696 3804 885 3876 χρόνου
926 3807 1021 3878 τὴν
1070 3809 1283 3878 κίνησιν
1308 3827 1320 3839 ο
1364 3808 1461 3879 τὴν
1495 3808 1766 3878 ἑϐδομάδα
1814 3809 1871 3861 δὲ

284 3895 451 3950 πάλιν
483 3895 790 3968 ἐκπληροῦν
829 3898 925 3969 τὴν
958 3901 1172 3970 ἡμέραν
1210 3901 1338 3969 μίαν
1362 3941 1375 3962 ,
1428 3901 1654 3963 ἐπτάκις
1703 3899 1869 3970 αὐτὴν

1981 2059 2106 2112 licet
2138 2059 2242 2111 diei
2263 2070 2316 2112 et
2338 2061 2510 2115 noctis
2530 2060 2801 2114 deﬁnierit
2821 2075 3150 2124 mensuram,
3171 2071 3224 2114 et
3249 2062 3353 2115 diei
3377 2075 3440 2115 ac
3457 2077 3553 2116 no-

1979 2152 2081 2204 ctis
2101 2160 2312 2219 tempus
2335 2152 2490 2205 simul
2525 2152 2901 2219 coniunxerit:
2933 2152 3362 2221 quandoquidem
3394 2153 3553 2207 unius

1983 2241 2085 2295 diei
2108 2243 2337 2307 spatium
2360 2245 2625 2311 complent
2653 2244 2840 2312 viginti
2864 2243 3278 2314 quatuorhorze,
3301 2245 3344 2296 si
3360 2243 3553 2298 videli-

1976 2345 2063 2389 cet
2079 2335 2195 2388 dies
2213 2343 2268 2389 et
2286 2349 2390 2388 nox
2411 2335 2568 2390 simul
2590 2337 2972 2405 intelligantur.
2995 2335 3354 2404 Quamobrem
3367 2336 3554 2390 etiam-

1977 2427 2020 2482 si
2042 2427 2092 2481 in
2111 2427 2214 2496 21
2243 2425 2494 2481 solstitiis
2511 2425 2738 2481 alteram
2764 2428 2832 2480 ab
2860 2427 3027 2481 altera
3049 2428 3260 2482 accidat
3283 2428 3550 2495 superari,

1978 2530 2158 2574 tamen
2190 2518 2410 2574 deﬁnito
2461 2527 2702 2586 tempore
2758 2519 2991 2587 spatium
3023 2519 3303 2588 utriusque
3331 2518 3553 2574 omnino

1977 2610 2480 2675 clrcumscribitur;
2520 2617 2772 2678 tanquam
2796 2609 2841 2664 si
2873 2610 3140 2666 dixisset:
3183 2610 3370 2679 viginti
3410 2626 3550 2680 qua~

1980 2710 2098 2755 tuor
2145 2700 2401 2755 horarum
2453 2715 2724 2765 mensura,
2774 2701 2932 2755 unius
2977 2701 3081 2755 diei
3135 2709 3218 2756 est
3264 2701 3495 2771 spatium

1976 2793 2086 2856 vel,
2122 2791 2244 2848 caeli
2274 2793 2341 2846 ab
2376 2791 2567 2846 eodem
2600 2792 2756 2861 signo
2790 2792 2856 2846 ad
2887 2791 3029 2846 idem
3065 2792 3288 2859 reditus,
3324 2808 3431 2848 uno
3465 2792 3553 2848 dic

1975 2887 2276 2956 peragitur.
2325 2883 2514 2956 Itaque
2565 2886 2776 2955 quoties
2817 2901 3038 2956 vespera
3092 2895 3146 2942 et
3188 2902 3348 2942 mane
3397 2902 3554 2948 mur:-

1978 2977 2103 3031 dum
2145 2986 2410 3046 occupant
2452 2991 2550 3047 per
2597 2977 2726 3032 solis
2771 2977 3219 3040 conversionem,
3271 2993 3376 3031 non
3421 2992 3550 3045 pro-

1977 3063 2169 3120 lixiore
2213 3074 2474 3135 tempore,
2510 3069 2603 3121 sed
2648 3068 2703 3121 in
2754 3067 2915 3121 unius
2950 3066 3054 3121 diei
3095 3065 3273 3136 spatio
3306 3065 3553 3137 expletur

1976 3156 2248 3214 circuitio.
2281 3157 2362 3212 An
2393 3172 2455 3213 ea
2488 3161 2627 3213 ratio
2668 3159 2720 3213 in
2759 3162 2976 3215 arcanis
3011 3161 3229 3224 tradita,
3265 3162 3442 3230 potior
3469 3169 3553 3215 est

1979 3265 2045 3304 ac
2076 3250 2324 3318 validior,
2360 3252 2502 3322 quod
2547 3251 2690 3306 Deus
2722 3251 2813 3320 qui
2847 3245 3104 3319 temperis
3139 3252 3416 3305 constituit
3451 3267 3549 3306 na-

1979 3352 2188 3409 turam,
2225 3358 2504 3398 mensuras
2557 3344 2607 3398 ei
2675 3358 2739 3397 ac
2794 3343 2983 3413 signa,
3037 3344 3292 3398 nimirum
3341 3343 3548 3398 dierum

1975 3435 2146 3504 spatia
2185 3434 2499 3502 impertivit,
2540 3451 2604 3491 ac
2637 3435 2974 3491 hebdomade
3018 3436 3190 3504 ipsum
3239 3435 3547 3501 dimetiens,

1973 3525 2360 3582 hebdomadem
2386 3543 2488 3597 qua
2521 3528 2779 3599 temporis
2804 3537 2981 3583 motus
3013 3537 3384 3592 enumeratur,
3408 3541 3547 3581 sem-

1973 3634 2068 3690 per
2096 3619 2150 3673 in
2184 3633 2242 3673 se
2271 3620 2440 3690 ipsam
2466 3619 2620 3687 jubet
2648 3619 2872 3687 revolvi,
2899 3635 3189 3686 rursusque
3215 3634 3378 3672 unum
3406 3618 3544 3672 diem

1972 3713 2061 3767 ubi
2095 3713 2146 3766 in
2178 3728 2235 3767 se
2267 3714 2442 3782 ipsum
2477 3714 2679 3784 septies
2706 3714 2948 3778 redierit,
2980 3713 3367 3767 hebdomadem
3402 3725 3548 3765 cou—

1974 3803 2172 3859 θεετεῖ
2202 3803 2327 3858 llaec
2370 3812 2454 3859 est
2495 3814 2672 3858 autem
2703 3804 3003 3858 orbiculata
3040 3804 3230 3873 ligura,
3264 3817 3382 3871 qua:
3423 3817 3452 3855 a
3488 3817 3550 3856 se

1974 3894 2086 3962 ipsa
2126 3894 2331 3963 incipit,
2363 3903 2416 3948 et
2447 3894 2499 3948 in
2531 3909 2589 3949 se
2635 3896 2805 3964 ipsam
2851 3895 3069 3949 desinit.
3102 3895 3253 3962 Quod
3284 3909 3415 3950 sane
3442 3896 3545 3950 lm-

284 3988 368 4051 είς
395 3989 594 4059 ἑαυτὴν
608 3989 1073 4059 ἀναστρέφουσαν.
1106 3991 1275 4043 Τοῦτο
1297 3991 1353 4044 δὲ
1384 3992 1638 4044 κυκλικόν
1669 3995 1785 4045 ἐστι
1811 3993 1872 4046 τὸ

1857 3999 1872 4046 5
1968 3983 2056 4052 jus
2081 3985 2244 4039 etiam
2275 3988 2454 4043 seculi
2488 3992 2764 4060 proprium
2792 4002 2896 4055 est,
2933 3993 3130 4046 reverti
3167 3993 3218 4045 in
3254 4006 3314 4046 se
3348 3992 3540 4060 ipsum,

287 4079 494 4149 σχῆμα,
528 4081 623 4149 ἀφ’
659 4080 854 4135 ἑαυτοῦ
906 4080 1202 4152 ἄρχεσθαι,
1239 4083 1332 4135 καὶ
1376 4084 1455 4144 είς
1497 4083 1657 4136 ἑαυτὸ
1698 4102 1869 4139 κατα-

284 4168 494 4240 λὴγειν.
546 4174 611 4225 Ὃ
640 4171 704 4243 δὴ
737 4173 831 4226 καὶ
858 4171 952 4225 τοῦ
985 4173 1179 4236 αἰῶνος
1211 4173 1359 4237 ἴδιον,
1393 4175 1474 4232 εἰς
1516 4174 1708 4229 ἑαυτὸν
1735 4177 1868 4229 ἀνα--

288 4263 563 4334 στρέφειν,
599 4265 694 4318 καὶ
732 4265 983 4336 μηδαμοῦ
1024 4265 1413 4338 περατοῦσθαι.
1450 4265 1550 4318 Διὰ
1581 4265 1739 4318 τοῦτο
1770 4267 1868 4338 τὴν

285 4355 529 4426 κεφαλὴν
549 4354 644 4408 τοῦ
674 4357 866 4427 χρόνου
894 4359 1013 4426 οὐχ).
1040 4358 1262 4428 πρώτην
1291 4358 1502 4426 ἡμέραν
1525 4395 1538 4419 ,
1565 4356 1699 4409 ἀλλὰ
1739 4359 1870 4428 μίαν

284 4447 598 4519 ὠνόμασενο
633 4448 719 4500 ἵνα
749 4447 844 4500 καὶ
877 4450 940 4501 ἐκ
968 4447 1068 4517 τῆς
1106 4446 1475 4518 προσηγορίας
1517 4447 1577 4499 τὸ
1614 4448 1869 4515 συγγενὲς

284 4540 386 4612 ἔχῃ
432 4541 570 4612 πρὸς
603 4541 693 4594 τὸν
738 4540 929 4598 αἰῶνα.
967 4539 1087 4593 Τοῦ.
1106 4540 1215 4610 γὰρ
1249 4537 1479 4609 μοναχοῦ
1509 4539 1603 4591 καὶ
1638 4540 1867 4593 άκοινω-

1975 4091 2076 4132 nec
2118 4094 2344 4149 usquam
2397 4085 2699 4140 terminari.
2750 4085 2901 4139 Hanc
2937 4085 3006 4138 ob
3039 4099 3258 4138 causam
3293 4084 3547 4153 temporis

1972 4179 2154 4238 caput,
2187 4186 2292 4225 non
2324 4174 2553 4242 primam
2589 4175 2751 4238 diem,
2779 4176 2872 4229 sed
2917 4188 3078 4228 uuam
3110 4173 3355 4237 vocavit;
3394 4185 3452 4227 ut
3479 4188 3543 4228 ex

1971 4261 2086 4330 ipsa
2117 4264 2283 4316 etiam
2324 4264 2685 4333 appellatione
2730 4268 3106 4336 cognationem
3145 4281 3264 4320 cum
3303 4281 3416 4322 aevo
3451 4267 3546 4320 ha-

1971 4355 2118 4409 beat.
2153 4357 2275 4411 Dies
2307 4358 2481 4423 enim,
2511 4358 2605 4427 qui
2649 4358 2900 4428 principii
2938 4360 3081 4413 unici
3121 4370 3174 4416 et
3211 4361 3363 4415 alteri
3399 4360 3546 4415 inso-

1970 4447 2188 4503 ciabilis
2233 4447 2455 4504 exhibet
2501 4451 2899 4515 characterem,
2938 4453 3153 4519 proprie
3199 4462 3252 4506 et
3299 4449 3544 4520 apposite

1971 4556 2112 4594 unus
2156 4551 2494 4610 nuncupatus
2548 4553 2649 4596 est.
2694 4543 2890 4608 Quodsi
2941 4543 3094 4612 plura
3139 4541 3335 4595 saecula
3383 4541 3542 4596 nobis

284 4634 448 4699 νήτου
485 4634 619 4704 πρὸς
651 4635 835 4705 ἕτερον
863 4637 894 4706 ἡ
929 4635 1021 4687 τὸν
1054 4634 1377 4705 χαρακτῆρα
1407 4631 1725 4684 δεικνύουσα
1756 4631 1865 4702 (65)
1903 4651 1941 4706 ι)

1854 4635 1865 4698 )
1903 4651 1941 4706 ι)
1973 4635 2041 4687 ob
2083 4631 2270 4688 oculos
2311 4635 2464 4702 ponit
2495 4633 2794 4701 Scriptura,
2828 4636 2953 4687 dum
2985 4633 3167 4688 multis
3205 4633 3258 4686 in
3293 4633 3422 4688 locis
3453 4634 3537 4689 di-

283 4724 500 4788 οίκείως
526 4725 622 4778 καὶ
654 4726 945 4796 προσφυῶς
974 4726 1387 4797 προσηγορεύθη
1421 4724 1536 4795 μία.
1571 4725 1632 4777 El
1658 4724 1712 4777 δὲ
1742 4725 1867 4777 πολ-

284 4817 410 4881 λοὺς
472 4818 604 4888 ἡμῖν
672 4817 876 4881 αἰῶνας
933 4819 1265 4890 παρίστησιν
1321 4821 1354 4889 ἡ
1411 4816 1632 4888 Γραφὴ,
1685 4816 1868 4870 αὶώνα

285 4906 521 4972 αιῶνος,
548 4908 646 4961 καὶ
676 4907 895 4974 αἰῶνας
920 4908 1147 4962 αἰώνων
1175 4909 1438 4978 πολλαχοῦ
1469 4909 1720 4977 λέγουσα,
1755 4909 1866 4962 ἀλλ’

285 4994 378 5053 οὗν
415 5001 576 5054 κὰκεί
606 5001 726 5073 οὐχὶ
759 5001 996 5072 πρῶτος,
1041 5001 1162 5054 οὑδέ
1192 5001 1443 5070 δεύτερος
1464 5041 1477 5063 ,
1520 5000 1641 5053 οὐδέ
1687 5001 1868 5071 τρίτος

1974 4726 2047 4779 cit
2085 4743 2097 4779 :
2141 4723 2403 4779 Sa’culum
2462 4727 2664 4792 sa’culi,
2698 4738 2744 4780 et
2794 4727 2987 4780 sarcula
3032 4727 3378 4792 saeculorum,-
3433 4727 3542 4782 illic

1977 4827 2158 4872 tamen
2193 4835 2366 4889 neque
2394 4822 2651 4889 primum,
2686 4835 2860 4889 neque
2892 4821 3208 4886 secundum,
3233 4834 3406 4888 neque
3435 4828 3544 4873 ter-

1977 4910 2108 4963 tium
2147 4912 2400 4966 saxulum
2457 4911 2612 4966 nobis
2654 4920 3026 4964 cnumeratum
3059 4923 3164 4966 est.
3205 4909 3544 4979 Quapropter

1977 5001 2132 5057 nobis
2164 5003 2340 5072 potius
2372 5013 2636 5067 statuum,
2669 5004 3045 5074 variarumque
3081 5019 3259 5059 rerum
3291 5000 3543 5058 differen-

379 5206 426 5239 ³⁸
456 5204 600 5261 Psal.
637 5222 860 5273 Luxu,
893 5207 974 5262 lO.
1052 5206 1096 5238 ³⁰
1140 5206 1274 5261 Gen.
1305 5223 1470 5275 xevn,
1519 5208 1572 5264 9.
1650 5211 1691 5242 ⁸⁸
1721 5211 1862 5267 Psal.
1894 5225 2028 5273 nu,
2062 5208 2112 5260 6.

354 5409 472 5481 (59)
497 5411 683 5487 _Deest
712 5414 875 5484 φησίν
911 5414 964 5487 in
989 5415 1230 5470 editione
1263 5415 1428 5470 Basil.
1464 5426 1519 5471 ct
1560 5417 1611 5470 in
1635 5429 1865 5487 quatuor

282 5496 442 5547 mss.,
495 5481 688 5560 legitur
726 5481 876 5536 vero
938 5485 989 5538 in
1052 5487 1288 5560 editione
1339 5487 1512 5560 Paris.
1555 5498 1608 5560 et
1640 5481 1691 5542 iii
1731 5489 1861 5560 lleg.

285 5552 826 5629 quartouflliquanto
841 5565 992 5629 _pos_t
1026 5555 1188 5624 aliqui
1222 5572 1350 5612 mss.
1388 5559 1525 5629 πρὸς
1549 5559 1628 5610 τό.

360 5620 475 5693 (60)
508 5622 600 5676 Sic
626 5620 791 5678 editio
837 5620 1002 5678 Basil.
1043 5620 1162 5679 cum
1209 5620 1445 5695 utroque
1479 5620 1606 5681 Duc.
1645 5640 1697 5683 et
1741 5645 1861 5683 cum

282 5694 499 5762 Anglic.
536 5709 641 5747 uno
670 5705 724 5748 et
750 5709 872 5749 cum
905 5695 1023 5748 aliis
1057 5711 1149 5750 sex
1184 5713 1312 5751 mss.
1336 5694 1512 5752 Editio
1542 5714 1669 5751 vero
1691 5698 1859 5754 Paris.

280 5765 354 5889 ei}
378 5763 564 5835 ἡμέρᾳ
601 5767 727 5835 μιᾶς
749 5765 870 5831 καί,
908 5765 1066 5820 male.
1117 5766 1249 5837 Reg.
1283 5777 1466 5823 sextus
1508 5768 1862 5835 συνεξακουο-

287 5853 326 5889 μ
357 5851 475 5889 νης.

357 5851 475 5896 νης.

503 5903 574 5959 Ita
620 5905 785 5961 editio
815 5906 975 5964 Basil.
1012 5923 1129 5964 cum
1188 5925 1280 5966 sex
1319 5925 1474 5977 mss.,
1526 5921 1578 5966 et
1631 5913 1699 5965 ita
1730 5911 1856 5982 legit

1971 5419 2311 5488 Tilmannus.
2343 5417 2517 5471 Editio
2550 5417 2719 5469 Paris.
2759 5419 2790 5488 ἡ
2835 5415 2929 5470 τοῦ
2965 5415 3133 5487 ἡλίου.
3172 5415 3370 5470 Ibidem
3402 5415 3536 5484 Reg.

1969 5499 2154 5560 sextus
2188 5487 2319 5560 αὐτὸ
2353 5488 2514 5541 πάλιν
2539 5491 2781 5560 σημεῖον.

2042 5559 2153 5626 (62)
2183 5559 2278 5612 llic
2300 5571 2382 5612 est
2413 5562 2546 5628 ordo
2569 5555 2853 5610 maritorum
2886 5574 3015 5612 mss.
3048 5557 3186 5611 Editi
3205 5555 3540 5628 κυριώτερος

1967 5631 2025 5682 ἐν
2059 5667 2072 5682 .
2106 5671 2118 5683 .
2163 5671 2174 5681 .
2211 5667 2225 5681 .
2258 5633 2285 5683 ό
2312 5629 2485 5697 λόγος.
2513 5627 2710 5682 Ibidem
2743 5628 2908 5682 Coisl.
2939 5630 3142 5696 primus
3185 5625 3294 5698 τὴν
3317 5625 3410 5680 τοῦ
3448 5625 3536 5680 κό-

1970 5717 2109 5769 σμου
2148 5699 2326 5768 φύσιν.
2360 5702 2649 5769 Aliquanto
2689 5708 2810 5766 post
2847 5700 2972 5769 llcg.
3005 5699 3361 5769 scxlttsat'izbv
3408 5698 3545 5753 ἁνα-

1970 5767 2201 5840 μετρῷν.
2253 5767 2478 5840 Statim"
2503 5780 2736 5838 quatuor
2791 5767 2943 5824 mssf
2971 5767 3430 5824 ἁνακυκλοῦσθαι.
3461 5769 3538 5826 At

1965 5839 2089 5893 editi
2131 5839 2571 5901 άνακυκλείσθαι.

2039 5911 2150 5981 (65)
2187 5911 2397 5980 Aliquot
2429 5927 2564 5966 mss.
2600 5907 2870 5964 δεικνῦσα.
