4262 6502
794 403 864 460 53
2136 412 2191 467 S.
2236 410 2479 465 BASlLll
2520 410 2733 466 MAGNI
3988 416 4047 473 ,ΞΕ

789 527 849 576 et
891 517 1179 588 unicuique
1227 520 1475 591 subjecto
1520 526 1904 581 accommodas
1947 525 2370 593 signiﬁcationes
2398 531 2445 589 Α

2362 544 2370 580 l
2398 531 2445 589 Α
2472 528 2689 597 νοήσει,
2717 526 2905 581 ἔπειτα
2942 530 3078 600 μετά
3104 530 3164 584 τὸ
3206 529 3598 601 φαντασθῆναι,
3638 529 3747 583 ἀπὸ
3780 529 3891 583 τῶν
3922 530 4045 584 ὑποο

790 612 1049 682 seligens.
1090 614 1385 667 enuntiat?
1417 631 1543 670 num
1579 616 1811 686 denique
1846 618 2112 673 vocalium
2142 634 2368 689 organo-

788 718 909 758 rum
963 706 1273 760 ministerio
1320 707 1553 776 cogitata
1611 712 1985 775 committens,
2036 712 2109 766 ita
2154 711 2367 766 demum

788 811 888 865 per
916 797 1061 851 aeris
1096 798 1537 868 impressionem,
1570 803 1637 855 ad
1670 806 1815 859 vocis
1847 816 2052 858 motum
2086 805 2369 859 articulate

788 886 1116 942 distinctum
1164 893 1655 957 accommodatam,
1689 896 2068 963 cogitationem
2105 896 2367 949 internam

790 978 1139 1034 manifestat?
1184 979 1250 1035 Et
1275 984 1547 1051 quomodo
1579 1000 1681 1038 non
1718 984 2021 1041 fabulosum
2052 997 2158 1051 est,
2187 988 2369 1042 dicere

790 1071 959 1125 Deum
995 1074 1060 1127 ad
1092 1088 1217 1129 suas
1251 1076 1610 1141 cogitationes
1651 1078 2002 1133 declarandas
2049 1081 2369 1136 circuitione

792 1164 881 1218 tali
948 1166 1221 1237 indigere?
1295 1167 1483 1224 Nonne
1542 1172 1711 1240 magis
1775 1173 1921 1241 pium
1990 1180 2071 1225 est
2140 1174 2365 1238 dicere,

788 1257 1117 1313 voluntatem
1185 1260 1459 1325 divinam,
1531 1263 1870 1331 primumque
1958 1264 2205 1317 motionis
2291 1266 2371 1317 in—

792 1348 1082 1417 telligentis
1156 1351 1442 1419 impetum,
1503 1352 1737 1408 Verbum
1820 1368 1940 1408 esse
2003 1354 2139 1409 Dei?
2200 1354 2369 1409 Porro

788 1446 1076 1498 verborum
1147 1448 1348 1501 ambitu
1422 1449 1595 1516 ipsum
1660 1450 1943 1503 adumbrat
2023 1452 2368 1520 delineatque

791 1535 1111 1605 Scriptura,
1180 1549 1236 1591 ut
1320 1540 1649 1595 demonstret
1734 1544 1873 1611 quod
1956 1560 2057 1596 non
2143 1543 2370 1598 voluerit

791 1628 962 1682 solum
1030 1629 1145 1683 fieri
1219 1641 1559 1697 creaturam,
1620 1634 1711 1687 sed
1769 1651 1887 1688 eam
1948 1636 2107 1688 etiam
2173 1638 2224 1691 in
2286 1638 2369 1691 lu-

790 1732 906 1772 cem
940 1720 1025 1774 edi
1076 1734 1169 1788 per
1208 1723 1512 1789 quempiam
1552 1725 1733 1794 operis
1780 1725 1861 1778 sui
1905 1727 2108 1779 socium
2144 1742 2207 1782 ac
2244 1743 2369 1783 con-

790 1820 1015 1865 sortem.
1057 1811 1272 1866 Poterat
1310 1815 1472 1877 enim,
1507 1818 1580 1869 uti
1626 1818 1779 1871 initio
1818 1817 2027 1873 locutus
2067 1818 2266 1884 fuerat,
2301 1822 2367 1875 de

2470 618 2741 689 κειμένων
2766 620 2862 685 τάς
2891 623 3096 687 οἰκείας
3134 624 3229 678 καὶ
3270 626 3567 695 προσφυεῖς
3612 624 3843 677 ἑκάστου
3883 640 4030 693 σημα

2471 710 2591 773 σίας
2618 711 2972 781 ἐκλεγόμενος
3005 715 3358 785 ἐξαγγέλλει;
3393 710 3508 766 εἶτα
3550 715 3616 783 τῇ
3643 713 3923 785 ὑπηρεσίᾳ
3948 713 4049 765 τῶν

2470 801 2793 871 φωνητικῶν
2834 804 3078 875 ὀργάνων
3136 806 3410 879 παραδοὺς
3460 805 3530 857 τὰ
3579 804 3860 873 νοηθέντα,
3913 804 4049 857 οὕτω

2468 893 2556 947 διά
2585 894 2685 964 τῆς
2710 896 2803 949 τοῦ
2840 898 2999 967 ἀέρος
3022 900 3337 963 τυπώσεως,
3365 897 3509 952 κατὰ
3536 897 3634 969 τὴν
3657 897 3919 969 ἔναρθρον
3958 898 4049 966 τῆς

2470 988 2655 1058 φωνῆς
2686 988 2918 1060 κίνησιν,
2946 993 3001 1043 ἐν
3030 993 3104 1063 τῷ
3136 993 3363 1065 κρυπτῷ
3392 993 3571 1062 νόημα
3598 991 3879 1061 σαφηνίζει
3905 990 4049 1059 (8¹);

2470 1080 2581 1131 Καὶ
2624 1081 2739 1145 πῶς
2771 1083 2833 1134 οὑ
2880 1082 3122 1151 μυθῶδες
3156 1087 3254 1155 τῆς
3296 1084 3550 1155 τοιαύτης
3590 1083 3838 1154 περιόδου
3874 1084 4049 1151 λέγειν

2468 1170 2558 1222 τὸν
2587 1171 2719 1223 Θεὸν
2749 1173 2982 1243 χρῄζειν
3016 1175 3149 1245 πρὸς
3179 1178 3277 1246 τὴν
3313 1178 3419 1228 τῶν
3454 1175 3752 1245 νοηθέντων
3784 1174 4047 1244 δήλωσινς

2469 1262 2539 1313 ’Ἡ
2564 1262 2948 1334 εὐσεϐέστερον
2982 1264 3175 1332 λέγειν,
3202 1267 3282 1319 ὅτι
3312 1268 3371 1319 τὸ
3389 1266 3529 1319 θεῖον
3555 1266 3665 1335 (82)
3686 1264 3934 1334 βούλημα
3958 1266 4049 1316 καὶ

2468 1352 2711 1424 ἡπρώτη
2729 1354 2872 1425 ὁρμὴ
2894 1355 2988 1407 τοῦ
3016 1373 3099 1407 νοε
3109 1356 3201 1427 ροῦ
3220 1358 3533 1428 κινήματος,
3552 1356 3709 1409 τοῦτο
3736 1356 3909 1423 Λόγος
3936 1356 4047 1406 ἐστὶ

2467 1445 2559 1498 τοῦ
2598 1445 2766 1510 Θεοῦ;
2795 1448 3126 1517 Σχηματίζει
3158 1448 3213 1500 δέ
3247 1450 3404 1502 αὑτὸν
3443 1448 3805 1517 διεξοδικῶςή
3836 1446 4043 1517 Γραφὴ,

2470 1537 2555 1589 ῖνα
2585 1538 2754 1610 δείξῃ,
2787 1540 2867 1592 ὅτι
2898 1542 3019 1609 οὐχὶ
3049 1541 3299 1609 γενέσθαι
3328 1543 3484 1611 μόνον
3514 1541 3777 1611 ἐδουλήθη
3812 1541 3912 1608 τὴν
3944 1542 4047 1591 κτί-

2471 1645 2573 1691 σιν,
2611 1630 2745 1683 ἀλλά
2776 1632 2869 1684 καὶ
2896 1632 2983 1685 διά
3010 1650 3154 1695 τινος
3185 1633 3445 1703 συνεργοῦ
3471 1633 3812 1705 παραχθῆναι
3846 1631 4043 1699 ταύτην

2469 1720 2547 1782 είς
2572 1722 2840 1793 γέννησιν.
2886 1723 3138 1778 Ἐδύνατο
3178 1724 3305 1795 γάρ,
3343 1723 3416 1785 ὡς
3456 1724 3515 1787 ἐξ
3541 1726 3711 1794 ἀρχῆς
3744 1721 3885 1785 εἷπε,
3922 1726 4044 1792 περὶ

2469 1809 2683 1865 πάντων
2701 1814 3026 1878 ἐπεξελθεῖν·
3048 1816 3099 1866 ‘E
3105 1832 3141 1867 ν
3152 1813 3307 1882 ἀρχῇ
3322 1813 3648 1879 ἐποίησενό
3666 1814 3811 1878 Θεὸς
3826 1814 3933 1867 τὸν
3949 1816 4047 1867 ait-

792 1902 1018 1973 singulis
1050 1904 1229 1958 dicere
1260 1923 1273 1959 :
1307 1905 1371 1959 In
1428 1908 1688 1976 principio
1740 1910 1861 1975 fecit
1896 1910 2037 1965 Deus
2083 1912 2270 1965 calum
2318 1921 2366 1965 et
2400 1892 2475 1969 Bt

2355 1921 2366 1964 ι
2400 1892 2443 1949 Β
2461 1901 2655 1969 μανὸν
2682 1904 2779 1956 καὶ
2800 1905 2911 1972 τὴν
2927 1905 3069 1974 γῆν·
3094 1902 3212 1959 εἷτα
3230 1922 3243 1935 ·
3286 1904 3562 1970 Ἐποίησε
3593 1902 3717 1972 φῶς
3735 1904 3874 1972 (85)·
3906 1900 4038 1956 εἶτα·

790 2004 1022 2060 terram;
1073 1996 1265 2051 deinde
1304 2022 1314 2053 ;
1350 1997 1499 2052 Fecit
1542 2000 1745 2063 lucem;
1794 2012 1903 2056 tum
1948 2002 2140 2057 :Fecit
2185 2004 2369 2073 ﬁrma-

788 2103 864 2142 ηιι
890 2098 1040 2144 uum.
1074 2089 1225 2145 Nunc
1268 2102 1444 2145 autem
1484 2092 1649 2147 Deum
1706 2096 2061 2162 imperantem
2105 2104 2159 2150 et
2203 2096 2369 2151 collo-

788 2189 1047 2248 quoittem
1086 2182 1347 2236 inducens
1392 2182 1697 2251 Scriptura,
1727 2185 1870 2238 illum
1905 2186 1987 2239 cui
2023 2187 2275 2256 imperat,
2314 2198 2368 2243 et

788 2284 1020 2341 quocum
1077 2269 1336 2339 loquitur,
1398 2272 1563 2327 tacite
1626 2275 1949 2341 subindicat,
1992 2278 2188 2347 quippe
2247 2294 2366 2347 quae

787 2359 945 2415 nobis
972 2375 1077 2413 non
1108 2359 1347 2415 invideat
1388 2362 1775 2433 cognitionem.
1812 2368 1903 2419 sed
1938 2367 2005 2420 ad
2038 2367 2363 2423 desiderium

788 2466 890 2505 nos
948 2452 1244 2516 accendat;
1297 2452 1423 2505 dum
1480 2455 1663 2507 arcani
1727 2457 1949 2523 vestigia
2006 2461 2252 2526 quaedam
2302 2474 2367 2513 ac

788 2542 987 2597 indicia
1044 2554 1456 2599 commonstrat.
1509 2546 1659 2612 Quod
1711 2549 1857 2601 enim
1912 2549 2101 2603 labore
2149 2561 2363 2618 partum

789 2644 896 2697 est,
926 2650 1050 2687 cum
1100 2635 1297 2701 gaudio
1339 2636 1652 2703 suscipitur,
1682 2646 1735 2690 et
1761 2638 2050 2708 diligenter
2076 2653 2367 2693 conserva-

792 2733 917 2778 tur:
950 2734 1161 2791 contra,
1196 2740 1314 2794 qua:
1358 2723 1515 2781 facile
1553 2737 1956 2794 comparantur,
1988 2746 2049 2785 ea
2083 2745 2205 2784 cum
2237 2745 2367 2785 con-

790 2824 994 2886 temptu
1028 2816 1394 2887 possidentur.
1429 2816 1774 2887 Quapropter
1806 2819 1889 2872 via
1932 2821 2164 2889 quadam
2194 2830 2249 2876 et
2272 2836 2363 2875 or-

793 2905 916 2957 dine
946 2920 1044 2958 nos
1082 2906 1147 2960 ad
1195 2906 1468 2976 Unigcniti
1517 2908 1766 2961 notitiam
1814 2911 2079 2978 perducit.
2122 2910 2186 2965 Et
2219 2920 2366 2967 certe

790 2998 963 3052 vocali
994 3013 1245 3053 sermone
1278 3015 1380 3053 non
1412 3009 1527 3053 erat
1572 3016 1707 3067 opus
1757 3002 2086 3069 incorporea:
2114 3012 2321 3057 naturae
2348 3022 2361 3058 :

796 3092 1231 3157 quandoquidem
1279 3106 1397 3158 quae
1448 3089 1663 3143 fuerant
1712 3092 1970 3157 cogitata,
2019 3094 2204 3147 istliac
2242 3110 2365 3147 cum

794 3194 860 3235 eo
889 3180 979 3248 qui
1016 3181 1196 3249 operis
1223 3181 1401 3235 socius
1430 3196 1491 3235 ac
1519 3196 1742 3236 consors
1769 3192 1905 3246 erat,
1936 3191 2185 3251 poterant
2212 3200 2361 3239 com-

794 3274 1085 3328 municari.
1136 3273 1495 3341 Quamobrem
1527 3290 1771 3343 quamam
1814 3285 1934 3330 erat
1966 3277 2235 3331 sermonis
2272 3294 2366 3333 tte-

795 3368 1025 3422 cessitas
1057 3367 1144 3431 iis,
1174 3368 1265 3435 qui
1295 3368 1409 3435 ipsa
1443 3368 1768 3434 cogitatione
1796 3382 1853 3421 se
1885 3368 2114 3422 invicem
2146 3384 2365 3423 suorum

794 3462 1143 3518 consiliorum
1194 3468 1444 3530 poterant
1489 3459 1669 3512 facere
1710 3460 2040 3528 participes?
2087 3460 2221 3515 Nam
2268 3477 2367 3517 vox

796 3564 1014 3624 propter
1057 3552 1318 3616 auditum,
1368 3562 1421 3607 et
1454 3552 1668 3605 auditus
1702 3559 1916 3620 propter
1951 3566 2159 3606 vocem.
2198 3554 2368 3610 Porro

798 3644 887 3699 ubi
925 3660 1027 3699 non
1059 3653 1141 3700 est
1175 3658 1287 3711 aer,
1316 3659 1415 3700 nec
1448 3644 1650 3713 lingua,
1682 3659 1779 3699 nec
1813 3643 1982 3707 auris,
2017 3658 2114 3699 nec
2160 3658 2367 3703 meatus

798 3739 1032 3793 intortus
1064 3752 1228 3793 sonos
1255 3738 1319 3792 ad
1352 3752 1568 3791 sensum
1605 3738 1657 3790 in
1698 3738 1873 3807 capite
1903 3736 2197 3803 repositum
2230 3741 2369 3793 refe-

797 3847 923 3887 rens
954 3849 968 3884 :
1004 3830 1075 3887 ibi
1125 3844 1299 3900 neque
1329 3831 1612 3883 verborum
1665 3846 1795 3883 usus
1836 3838 1921 3883 est
1952 3847 1964 3882 :
1997 3828 2089 3883 sed
2122 3843 2188 3882 ex
2228 3828 2367 3898 ipsa,

798 3933 857 3977 ut
885 3924 957 3976 ita
990 3922 1189 3985 dicam,
1225 3921 1391 3975 animi
1430 3920 1757 3989 cogitatione
1799 3920 1856 3973 lit
1896 3920 2193 3975 voluntatis
2223 3934 2371 3974 com-

796 4014 1116 4069 municatio.
1163 4014 1363 4078 Quare,
1409 4011 1550 4079 quod
1595 4009 1825 4075 aiebam,
1852 4020 1910 4065 ut
1952 4013 2017 4066 ad
2062 4012 2369 4083 inquisitio-

799 4122 920 4161 nem
951 4120 1197 4175 personze
1233 4105 1297 4157 ad
1334 4119 1492 4173 quam
1530 4103 1621 4157 hic
1655 4118 1835 4157 sermo
1861 4104 2128 4175 dirigitur,
2158 4106 2369 4159 excita-

798 4210 948 4253 retur
980 4214 1133 4252 mens
1179 4206 1386 4260 nostra,
1419 4196 1697 4266 sapienter
1744 4205 1907 4263 atque
1956 4197 2089 4251 scite
2140 4198 2227 4251 illa
2285 4198 2367 4253 lo-

798 4291 994 4361 quendi
1026 4290 1197 4345 forma
1228 4298 1486 4357 usurpata
1520 4297 1621 4343 est.

867 4381 923 4436 3.
966 4380 1381 4451 Disquirendum
1416 4389 1499 4433 est
1533 4381 1769 4434 secundo
1817 4379 1956 4445 loco,
1998 4396 2063 4434 an
2120 4382 2225 4437 hoc
2276 4383 2369 4439 fir-

800 4485 1132 4531 mamentum
1164 4476 1235 4529 sit
1264 4474 1406 4528 aliud
1435 4474 1560 4542 quid
1590 4474 1657 4527 ab
1684 4488 1748 4527 eo
1776 4474 1936 4537 coalo,
1966 4474 2107 4542 quod
2136 4475 2188 4529 in
2216 4475 2366 4545 prin-

2483 1995 2766 2062 Ἐποίησε
2796 1997 2859 2049 τὸ
2905 1997 3229 2067 στερέωμα.
3278 1995 3391 2049 Νῦν
3424 1995 3479 2048 δὲ
3506 1995 3596 2048 τὸν
3624 1994 3754 2047 Θεὸν
3780 1996 4044 2065 προστάτ-

2468 2104 2626 2139 τοντα
2654 2088 2747 2140 καὶ
2775 2087 3151 2159 διαλεγόμενον
3185 2089 3496 2156 εἰσάγουσα,
3530 2086 3620 2139 τὸν
3643 2081 3685 2154 ᾧ
3716 2088 4041 2157 προστάσσει

2468 2177 2563 2229 καὶ
2589 2169 2632 2242 ᾧ
2654 2176 2961 2243 διαλέγεται
3002 2178 3142 2231 κατά
3165 2179 3225 2231 τὸ
3252 2177 3602 2249 σιωπώμενον
3642 2176 3952 2245 ὑποφαίνει,
3983 2181 4038 2230 οὑ

2469 2266 2838 2337 βασκαίνουσα
2898 2268 3028 2337 ἡμῖν
3093 2269 3191 2338 τῆς
3244 2268 3513 2335 γνώσεως,
3578 2267 3692 2320 ἀλλ’
3752 2266 4043 2321 ἐκκαίουσα

2467 2354 2615 2423 ἡμᾶς
2644 2353 2778 2424 πρὸς
2800 2354 2890 2407 τὸν
2920 2353 3105 2417 πόθον,
3144 2355 3210 2407 δι’
3242 2348 3315 2407 ὦν
3345 2356 3466 2426 ἴχνη
3502 2356 3620 2409 τινὰ
3657 2356 3752 2410 καὶ
3778 2356 4042 2427 ἐμφάσεις

2467 2444 2757 2497 ὑποϐάλλει
2788 2444 2882 2498 τοῦ
2919 2446 3255 2517 ἀπορρήτου.
3287 2447 3359 2499 Τὸ
3390 2446 3497 2518 γάρ
3533 2448 3678 2518 πόνῳ
3720 2448 3920 2519 κτηθέν
3954 2466 4043 2502 πε-

2470 2537 2709 2607 ριχαρῶς
2747 2538 3015 2609 ὑπεδέχθη
3071 2538 3164 2593 καὶ
3217 2537 3519 2608 φιλοπόνως
3556 2539 3921 2612 διεφυλάχθησ
3972 2532 4041 2593 ὧν

2471 2627 2653 2696 μέντοι
2694 2628 2980 2699 πρόχειρος
3012 2632 3040 2681 ὁ
3076 2631 3363 2701 πορισμὸς,
3408 2632 3612 2685 τούτων
3648 2635 3682 2703 ἡ
3722 2634 3917 2705 κτῆσις
3958 2633 4044 2687 ε)-

2467 2716 2897 2788 καταφρόνητος.
2932 2717 3030 2770 Διά
3053 2718 3209 2771 τοῦτο
3238 2720 3341 2789 ὁδῷ
3370 2739 3474 2773 τινι
3501 2724 3593 2775 καὶ
3620 2723 3767 2789 τάξει
3794 2725 3941 2794 ἡμᾶς
3967 2726 4041 2786 εἰς

2464 2812 2564 2883 τὴν
2594 2812 2719 2883 περὶ
2747 2809 2842 2864 τοῦ
2883 2811 3222 2879 Μονογενοῦς
3260 2813 3465 2867 ἐννοιαν
3506 2813 3864 2884 προσϐιϐάζει
3909 2816 4039 2887 (84).

2468 2906 2725 2973 Καίτοιγε
2768 2903 2861 2957 τοῦ
2900 2906 2955 2957 ἐν
2998 2906 3149 2975 φωνῇ
3180 2904 3336 2973 λόγου
3368 2906 3486 2957 οὐδέ
3508 2906 3678 2969 οὕτως
3698 2903 3763 2977 ἦν
3794 2910 3953 2978 χρεία
3976 2912 4039 2981 τῇ

2466 2996 2740 3066 ἀσωμάτῳ
2775 2996 2968 3066 φύσει,
2996 2996 3174 3050 αὐτῶν
3200 2997 3307 3050 τῶν
3339 2997 3637 3069 νοηθέντων
3671 3000 4041 3069 μεταδίδοσθαι

2466 3086 2779 3156 δυναμένων
2818 3087 2897 3157 τῷ
2940 3088 3311 3159 συνεργοῦντι.
3355 3090 3515 3143 Ὥστε
3554 3091 3636 3153 τίς
3680 3091 3837 3161 χρεία
3886 3091 4041 3160 λόγου

2468 3181 2576 3240 τοῖς
2603 3178 2919 3250 δυναμένοις
2948 3181 3005 3247 ἐξ
3032 3180 3197 3234 αὑτοῦ
3225 3182 3316 3235 τοῦ
3352 3184 3620 3253 νοήματος
3649 3186 3929 3236 κοινωνεῖν
3955 3185 4045 3238 ἀλ-

2469 3272 2649 3343 λήλοις
2675 3273 2781 3325 τῶν
2827 3273 3243 3345 βουλευμάτων;
3273 3275 3427 3346 Φωνὴ
3474 3277 3571 3345 μὲν
3610 3276 3715 3346 γάρ
3748 3277 3814 3329 δι’
3852 3278 4043 3349 ἀκοήν,

2472 3365 2563 3418 καὶ
2617 3363 2753 3434 ἀκοή
2802 3366 2984 3433 φωνῆς
3037 3367 3254 3419 ἕνεκεν·
3302 3369 3436 3420 ὅπου
3499 3368 3555 3419 δὲ
3603 3368 3701 3420 οὑκ
3743 3370 3873 3439 ἀὴρ,
3925 3370 4046 3441 οὐχὶ

2470 3457 2709 3526 γλῶσσα,
2746 3456 2864 3524 οὐχ).
2908 3454 3020 3518 οὖς,
3057 3460 3114 3509 οὐ
3170 3461 3337 3530 πόρος
3369 3459 3579 3523 σκολιὸς
3616 3460 3707 3511 ἐπὶ
3736 3461 3834 3531 τὴν
3880 3463 3937 3513 ἐν
3979 3465 4042 3532 τῇ

2471 3547 2679 3617 κεφαλῇ
2712 3544 3058 3615 συναίσθησιν
3084 3548 3371 3619 ἀναφέρων
3389 3551 3513 3613 τούς
3534 3549 3759 3619 ψόφους,
3788 3552 3905 3603 ἐκεῖ
3927 3552 4045 3605 οὐδὲ

2472 3640 2730 3713 ῥημάτων
2770 3638 2947 3709 χρεία,
2978 3638 3089 3691 ἀλλ’
3125 3638 3181 3705 ἐξ
3210 3640 3408 3701 αὐτῶν,
3446 3641 3519 3703 ὡς
3545 3644 3608 3694 ἂν
3632 3644 3772 3696 εἴποι
3802 3642 3912 3713 (85)
3938 3661 4042 3707 τις,

2469 3734 2576 3787 τῶν
2600 3735 2655 3786 ἐν
2685 3731 2882 3803 καρδία
2915 3732 3202 3802 νοημάτων
3232 3731 3325 3784 τοῦ
3350 3730 3651 3801 θελήματος
3676 3737 3708 3803 ή
3741 3736 4041 3805 μετάδοσις.

2472 3829 2649 3898 Ὂπερ
2684 3822 2776 3880 οὖν
2822 3825 2976 3896 ἔφην,
3022 3826 3162 3879 ὥστε
3203 3823 3553 3894 διαναστῆναι
3587 3824 3674 3877 τὸν
3722 3827 3848 3879 νοῦν
3890 3828 4045 3898 ἡμῶν

2473 3921 2610 3989 πρὸς
2631 3919 2729 3989 τήν
2758 3920 2983 3989 ἔρευναν
3006 3918 3099 3970 τοῦ
3128 3918 3419 3988 προσώπου
3450 3917 3585 3989 πρὸς
3612 3916 3669 3969 ὃν
3698 3918 3747 3970 οἱ
3774 3917 3942 3987 λόγοι,
3969 3937 4047 3972 σο-

2474 4011 2587 4079 φῶς
2614 4012 2706 4063 καὶ
2733 4010 2990 4077 ἐντέχνως
3012 4010 3071 4060 τὸ
3098 4011 3280 4079 σχῆμα
3303 4011 3459 4063 τοῦτο
3473 4009 3570 4077 τῆς
3593 4009 3874 4065 διαλέκτου
3905 4029 4045 4075 παρ-

2473 4103 2749 4173 είληπται.

2545 4378 2598 4431 5.
2639 4375 2898 4447 Δεύτερόν
2953 4376 3100 4429 ἐστιν
3142 4376 3411 4442 ἐξετάσαι,
3454 4378 3500 4431 εί
3542 4377 3724 4450 ἕτερον
3762 4378 3911 4450 παρά
3958 4377 4044 4431 τὸν

2475 4468 2532 4520 ἐν
2561 4469 2702 4539 ἀρχῇ
2742 4469 3105 4537 πεποιημένον
3131 4470 3359 4539 οὐρανὸν
3391 4470 3451 4523 τὸ
3493 4470 3780 4540 στερέωμα
3814 4470 3991 4531 τοῦτο,
4018 4470 4044 4521 ὃ

800 4569 942 4637 cipio
967 4566 1167 4620 factum
1202 4564 1375 4618 fuerat
1403 4583 1414 4616 :
1444 4564 1585 4632 quod
1616 4566 1787 4631 ipsum
1818 4564 2001 4618 itidem
2038 4566 2363 4634 appellatum
2396 4585 2447 4642 υ
2475 4578 2483 4612 :

2357 4584 2363 4618 ι
2396 4585 2447 4642 υ
2475 4561 2564 4613 καὶ
2593 4560 2721 4612 αὐτὸ
2754 4559 3025 4630 ἐπεκλήθη
3061 4561 3307 4629 οὐρανὸς,
3343 4562 3435 4613 καὶ
3460 4563 3506 4613 εί
3529 4562 3660 4623 ὅλως
3684 4562 3901 4631 οὐρανοὶ
3924 4562 4040 4614 δύο·

800 4662 871 4715 sit
901 4658 1114 4723 ccelum,
1134 4657 1237 4721 vel,
1271 4665 1445 4709 utrum
1465 4654 1571 4708 duo
1590 4654 1807 4707 omnino
1831 4654 1936 4707 sint
1969 4656 2114 4709 cmli.
2145 4656 2250 4711 Sed
2279 4656 2368 4723 qui

800 4752 868 4805 de
901 4749 1039 4803 cielo
1070 4750 1372 4802 disseruere
1395 4746 1719 4816 philosophi,
1745 4745 1995 4799 amittere
2014 4745 2225 4815 linguas
2244 4760 2369 4800 suas

803 4840 1010 4904 malint,
1037 4854 1194 4909 quam
1231 4838 1282 4891 id
1317 4852 1413 4891 ceu
1439 4852 1622 4891 verum
1657 4835 1959 4890 admittere.
1985 4834 2195 4890 Ponunt
2221 4836 2366 4891 enim

801 4932 996 4987 caelum
1019 4947 1181 4985 unum
1196 4944 1335 4997 esse,
1353 4944 1450 4985 nec
1466 4927 1581 4996 ejus
1592 4942 1713 4982 esse
1732 4936 1956 4992 naturae,
1976 4936 2031 4981 ut
2053 4930 2366 4993 secundum,

801 5032 893 5075 aut
916 5022 1151 5085 .ertium,
1174 5032 1264 5075 aut
1282 5020 1554 5090 multiplex
1574 5019 1621 5073 ei
1642 5018 1882 5083 accedat,
1902 5033 2046 5089 cum,
2076 5028 2131 5072 ut
2153 5028 2363 5088 putant,

805 5122 916 5171 tota
942 5114 1181 5172 caelestis
1209 5113 1451 5181 corporis
1480 5109 1779 5168 substantia
1814 5112 1879 5164 ad
1910 5108 2125 5164 unicum
2160 5111 2364 5167 consti-

879 5343 990 5413 (81)
1019 5344 1166 5399 Colb.
1201 5345 1405 5412 primus
1435 5338 1809 5413 σαφηνίζεται.

878 5405 989 5483 (82)
1019 5419 1091 5468 Ita
1133 5405 1368 5483 quinque
1419 5405 1730 5467 msstditi
1760 5424 1880 5464 cum
1933 5423 2038 5463 uno
2077 5415 2168 5461 aut
2201 5405 2371 5459 altero

809 5487 1253 5561 ms‘._§_o§ciov.__
1647 5551 1703 5561 ,η
1767 5551 1779 5561 _
1860 5544 1883 5561 ν
1992 5551 2004 5561 _
2099 5549 2109 5561 ,
2287 5549 2310 5561 _

881 5556 993 5625 (85)
1036 5557 1109 5609 Ita
1137 5556 1352 5610 codices
1386 5560 1613 5625 septem.
1647 5544 1951 5625 Illud,si'_c_1
1988 5549 2214 5625 ἐποίησε
2228 5549 2374 5625 φῶς,

810 5619 1148 5681 deSideratur
1194 5626 1248 5678 in
1301 5619 1477 5677 editis.
1513 5621 1643 5676 Mox-
1682 5622 1847 5675 editio
1886 5619 2045 5673 Basil.
2076 5636 2193 5673 cum
2228 5619 2381 5672 Bodl.

810 5706 868 5751 et
911 5712 1031 5750 cum
1078 5696 1339 5769 pluribus
1372 5694 1679 5769 aliis_mss.
1736 5689 2118 5769 npoqzdtcost.”
2146 5688 2271 5769 Nec
2310 5689 2383 5769 ita

814 5767 984 5819 multo
1009 5776 1127 5833 post
1158 5781 1287 5818 voce
1320 5764 1660 5833 ἀπορρήτου,
1701 5758 1903 5833 arcani,
1952 5760 2206 5826 intelligit
2234 5758 2388 5833 Basi-

816 5836 920 5888 lius
948 5831 1203 5895 Verlium,
1236 5836 1385 5902 quasi
1420 5831 1561 5886 Deus
1611 5848 1731 5884 cum
1786 5831 1957 5885 Verbo
2012 5833 2062 5884 in
2112 5831 2390 5885 condendo

821 5907 1016 5959 mundo
1051 5905 1236 5959 fuisset
1264 5904 1574 5958 collocutus.

2472 4652 2606 4719 ὅπερ
2640 4651 2686 4700 οἱ
2717 4648 2785 4699 τά
2822 4650 2947 4718 περὶ
2968 4648 3197 4719 οὐρανοῦ
3232 4650 3685 4722 φιλοσοφήσαντες
3715 4652 3826 4721 (86)
3860 4653 4043 4705 ’ἐλσιντ’

2474 4740 2539 4792 ἂν
2574 4738 2772 4809 μᾶλλον
2802 4740 2898 4801 τὰς
2924 4739 3172 4807 γλώσσας
3196 4740 3473 4811 προέσθαι,
3502 4742 3533 4811 ἢ
3557 4742 3631 4803 ὡς
3654 4740 3852 4812 ἀληθὲς
3880 4762 4045 4815 παρα-

2478 4832 2746 4896 δέξασθαι.
2794 4834 2928 4885 Ἕνα
2974 4834 3081 4903 γάρ
3127 4834 3470 4887 ὑποτίθενται
3518 4835 3771 4907 οὐρανὸν,
3820 4841 3915 4891 καὶ
3952 4842 4044 4892 οὐκ

2477 4922 2619 4991 ἔχειν
2650 4921 2797 4991 αὑτῴ
2826 4923 2985 4990 φύσιν
3006 4962 3019 4984 ,
3050 4922 3296 4995 δεύτερον
3316 4964 3330 4986 ,
3359 4926 3391 4993 ἢ
3440 4924 3617 4995 τρίτον
3638 4968 3651 4990 ,
3690 4929 3719 4984 ἢ
3762 4928 4045 4981 πολλοστὸν

2476 5012 2890 5084 προσγενέσθαι,
2918 5013 3098 5083 πάσης
3128 5015 3228 5084 τῆς
3248 5014 3433 5077 οὐσίας
3463 5015 3555 5068 τοῦ
3577 4999 3829 5088 οὐρανίου
3868 5018 4038 5087 σώμαι

2474 5124 2563 5170 τος
2587 5110 2664 5170 είς
2714 5106 2813 5176 τὴν
2858 5106 2951 5159 τοῦ
2996 5108 3110 5171 ἐνὸς
3162 5108 3420 5161 σύστασιν
3457 5109 3925 5181 ἀπαναλωθείσης,
3976 5115 4045 5175 ὡς

2552 5333 2665 5405 (Si)
2693 5332 2827 5405 Reg.
2870 5348 3076 5399 primus
3123 5348 3240 5387 cum
3274 5334 3424 5405 (ζου).
3462 5336 3636 5397 primo
3672 5336 4013 5405 προϐιεάζει.

2553 5403 2663 5477 (85)
2696 5403 2785 5477 Sic
2834 5414 3048 5477 septeni
3107 5420 3233 5457 mss.
3290 5404 3428 5459 Editi
3459 5406 3532 5468 ὡς
3570 5404 3635 5477 ἂν
3660 5403 3809 5477 εἴπῃ.
3854 5409 4046 5477 Ibidem

2482 5474 2634 5553 βιζδὶιί
2669 5474 2899 5553 primus,
2930 5474 3139 5553 tertius,
3167 5486 3390 5553 quart_us
3415 5487 3466 5553 et
3489 5476 3711 5553 quintus
3829 5476 4044 5548 καρδία.

2483 5543 2623 5599 Editi
2645 5558 2774 5616 cum
2808 5543 3089 5616 aliquibus
3115 5558 3243 5616 mss.
3274 5545 3379 5597 τῶν
3412 5544 3735 5616 ἐγκαρδίων.
3767 5543 4044 5616 Ιὶιιε.ἐ.ειικ

2487 5625 2571 5668 tus
2592 5614 2708 5685 τῶν
2735 5613 3033 5685 ἐγκαρδίων
3072 5614 3411 5685 θελημάτων.

2561 5684 2671 5754 (86)
2702 5680 2885 5754 βοιιιζ
2940 5687 3141 5751 primus
3172 5680 3604 5753 φιλοσοφοῦντες.
3661 5684 3855 5741 Statim
3898 5685 4045 5740 Bodl.

2494 5768 2613 5827 cum
2653 5752 2785 5827 aliis
2819 5754 3024 5827 duobus
3066 5752 3193 5812 mss.
3245 5756 3319 5819 ὡς
3374 5752 3606 5827 ἀληθῶς.
3649 5757 3853 5814 Ibidem
3896 5756 4029 5813 Colb

2496 5825 2701 5880 primus
2733 5822 3108 5883 ὑποδέξασθαι.
