4262 6502
247 446 319 497 337

1385 447 1671 503 llOMlLIA
1715 448 1777 502 lll
1821 447 1885 500 IN
1931 447 2423 507 ΙΗΞΧᾹΕΜΕΚΟΝ.

3441 455 3514 515 5'3

244 565 470 618 οῐονται.
513 567 608 620 Ἕν
639 567 745 638 γάρ
791 585 920 636 φασι
965 567 1076 638 (87)
1109 567 1166 620 τι
1208 568 1602 641 κυκλοφορικὸν
1650 572 1828 643 σῶμα,
1865 577 1908 631 Λ

1824 615 1828 634 _
1865 577 1908 631 Α
1942 566 2196 620 tuendum
2228 567 2389 621 fuerit
2430 577 2768 641 consumpta.
2797 568 3003 625 Etenim
3027 585 3221 644 corpus
3243 572 3297 630 in
3322 576 3507 632 orbem

245 659 343 711 καὶ
388 659 548 712 τοῦτο
588 661 1002 732 πεπερασμένον
1023 678 1036 691 ο
1068 661 1206 732 ὅπερ
1233 665 1279 715 εἰ
1301 663 1731 734 συναπήρτισται
1756 665 1832 737 τῷ

245 752 451 824 πρώτῳ
488 753 733 824 οὐρανῷ,
768 755 931 826 μηδὲν
971 753 1357 810 ὑπολείπεσθαι
1404 755 1541 827 πρὸς
1577 756 1830 828 δευτέρου

246 843 276 913 ἦ
325 845 512 914 τρίτου
555 844 786 911 γένεσιν.
829 846 1015 900 Ταῦτα
1055 847 1152 916 μὲν
1175 843 1266 901 οὖν
1295 849 1344 902 oi
1381 846 1512 921 ὓλην
1541 848 1832 921 ἀγέννητον

243 937 629 1002 ἐπεισάγοντες
680 938 756 1010 τῷ
802 938 1117 1009 δημιουργῷ
1175 942 1568 1010 φαντάζονται,
1624 943 1687 993 ὲκ
1737 943 1833 1013 τῆς

243 1026 473 1096 πρώτης
520 1029 841 1098 μυθοποιίας
879 1031 1015 1103 πρὸς
1060 1032 1119 1084 τὸ
1162 1035 1451 1088 ἀκόλουθον
1479 1033 1670 1103 ψεῦδος
1701 1033 1832 1086 ὑπο-

243 1119 542 1188 φερόμενοι
570 1123 718 1194 (88)·
755 1126 915 1192 ἡμεῖς
949 1124 1005 1176 δὲ
1048 1125 1302 1198 ἀξιοῦμεν
1334 1127 1459 1188 τοὺς
1496 1126 1604 1180 τῶν
1645 1125 1833 1197 Ἐλλή-

247 1225 351 1257 νων
382 1212 578 1278 σοφοὺς
625 1213 699 1283 μὴ
745 1213 1008 1284 πρότερον
1047 1217 1195 1287 ἡμᾶς
1233 1215 1658 1285 καταχλευάζειν
1706 1217 1834 1286 πρὶν

244 1299 311 1352 τά
349 1303 484 1373 πρὸς
521 1304 784 1372 ἀλλήλους
830 1305 1138 1363 διάθωνται.
1182 1310 1302 1362 Εἰσὶ
1333 1307 1442 1380 γὰρ
1473 1311 1529 1362 ὲν
1570 1313 1752 1374 αὐτοῖς
1784 1307 1834 1363 οἳ

245 1395 504 1466 ἀπείρους
534 1396 795 1465 οὐρανοὺς
817 1400 910 1452 καὶ
944 1402 1182 1472 κόσμους
1219 1396 1355 1452 εἷναί
1383 1419 1565 1470 φασιν,
1597 1424 1671 1458 ων
1706 1405 1835 1458 ὅταν

245 1485 620 1552 ἀπελέγξωσιν
644 1487 703 1541 τὸ
732 1489 993 1544 ἀπίθανον
1019 1495 1066 1545 οἱ
1093 1491 1543 1565 ἐμϐριθεστέραις
1562 1499 1684 1558 ταῖς
1701 1496 1836 1547 ἁπο-

244 1576 440 1638 δείξεσι
475 1576 777 1650 χρώμενοι,
818 1585 910 1635 καὶ
957 1587 1078 1646 ταῖς
1129 1591 1530 1658 γεωμετρικαῖς
1567 1587 1835 1654 ἀνάγκαις

244 1669 554 1738 συστήσωσι
602 1671 674 1743 μὴ
716 1673 858 1741 ἔχειν
892 1673 1051 1741 φύσιν
1099 1676 1255 1731 ἄλλον
1297 1679 1524 1748 οὐρανὸν
1558 1677 1830 1744 γενέσθαι,

245 1760 394 1830 παρὰ
423 1761 512 1814 τὸν
541 1763 658 1822 ἕνα,
686 1764 806 1814 τότε
853 1764 944 1817 καὶ
968 1766 1077 1837 (89)
1115 1769 1314 1838 μᾶλλον
1351 1767 1832 1838 καταγελασόμεθα

247 1851 342 1922 τῆς
377 1855 704 1924 γραμμικῆς
742 1859 835 1910 καὶ
856 1860 1105 1928 ἐντέχνου
1137 1863 1313 1915 αὐτῶν
1359 1862 1644 1934 φλυαρίας,
1675 1865 1832 1936 εἴπερ

1937 657 2046 729 24
2073 659 2484 723 circumactum,
2512 677 2672 716 unum
2697 677 2820 718 esse
2842 663 3012 730 aiunt,
3039 663 3276 737 illudque
3299 667 3509 724 ﬁnitum

1939 767 2060 805 esse
2092 768 2105 804 :
2147 753 2290 823 quod
2324 767 2455 806 sane
2489 753 2534 806 si
2567 756 2788 811 omnino
2821 756 3154 825 insumptum
3191 768 3273 814 est
3309 762 3376 816 ad
3406 761 3515 832 pri-

1940 866 2086 903 mum
2135 851 2332 904 caelum
2379 848 2810 917 conﬁciendum,
2860 867 3200 924 consequens
3247 853 3410 910 fuerit
3455 863 3514 910 ut

1941 941 2071 996 nihil
2103 939 2214 1008 jam
2239 944 2303 995 ad
2339 942 2561 998 secundi
2599 942 2680 995 vel
2718 945 2862 997 tertii
2888 949 3299 1015 generationem
3325 964 3515 1018 super-

1938 1036 2030 1089 sit.
2062 1031 2187 1089 Haec
2208 1033 2424 1102 quidem
2460 1033 2690 1104 ﬁngunt,
2728 1033 2819 1103 qui
2850 1036 3026 1103 Opiﬁci
3060 1039 3359 1110 ingenitam
3395 1054 3514 1094 ma-

1938 1127 2126 1181 teriam
2162 1126 2602 1191 subministrant,
2639 1144 2704 1181 ex
2737 1126 2841 1184 hoc
2885 1129 3061 1198 primo
3094 1144 3400 1189 commento
3434 1131 3516 1186 fa-

1939 1216 2127 1272 buloso
2151 1219 2216 1273 ad
2246 1219 2587 1288 subsequens
2611 1221 2949 1276 mendacium
2982 1221 3185 1291 delapsi
3213 1242 3225 1276 :
3257 1241 3354 1282 nos
3382 1239 3516 1283 vero

1937 1307 2248 1363 Graecorum
2279 1312 2553 1380 sapientes
2579 1327 2855 1380 rogamus,
2890 1323 2947 1368 ut
2981 1331 3048 1369 ne
3079 1316 3232 1385 prius
3261 1333 3360 1372 nos
3390 1321 3516 1376 irri-

1937 1402 2117 1467 deant,
2153 1417 2312 1472 quam
2353 1406 2493 1461 inter
2523 1420 2583 1461 se
2621 1409 2994 1465 convenerint.
3029 1409 3167 1463 Sunt
3198 1410 3340 1464 enim
3372 1412 3518 1468 inter

1939 1496 2105 1565 ipsos,
2150 1496 2240 1566 qui
2287 1497 2453 1552 ctelos
2487 1509 2540 1553 et
2583 1499 2814 1554 mundos
2856 1501 3010 1554 aiunt
3057 1517 3177 1556 esse
3209 1501 3454 1558 inﬁnitos
3498 1518 3515 1558 :

1937 1605 2164 1659 quorum
2222 1607 2342 1644 cum
2396 1593 2626 1660 ineptias
2661 1595 3038 1664 redarguerint
3096 1597 3154 1662 ii,
3206 1597 3297 1666 qui
3356 1614 3519 1669 argu-

1938 1683 2133 1736 mentis
2167 1693 2394 1736 utuntur
2429 1685 2796 1752 gravioribus,
2834 1697 2997 1758 atque
3031 1691 3379 1759 geometricis
3424 1693 3519 1747 de-

1943 1773 2425 1828 monstrationibus
2460 1775 2811 1841 probaverint
2849 1781 2901 1831 id
2942 1791 3150 1835 natura:
3185 1797 3511 1851 repugnare,

1940 1876 1996 1919 ut
2023 1866 2219 1924 cmlum
2266 1865 2407 1919 aliud
2447 1878 2644 1935 prwter
2679 1886 2840 1923 unum
2893 1871 3019 1935 ﬁat;
3065 1881 3191 1928 tunc
3227 1889 3415 1928 eorum
3453 1875 3517 1929 li-

243 1944 480 2015 όρῶντες
517 1945 869 2014 πομφόλυγας
913 1947 1000 1998 διὰ
1041 1948 1140 2016 τῆς
1173 1950 1364 2018 ὁμοίας
1400 1951 1580 2014 αἰτίας
1621 1949 1832 2019 γινομέ-
1863 1934 1903 1987 Β

1863 1934 1903 1987 Β
1937 1975 2128 2013 neares
2167 1959 2590 2030 artiﬁcialesque
2624 1978 2798 2033 nugas
2834 1966 2996 2018 etiam
3036 1969 3206 2036 magis
3245 1968 3516 2024 deridebi-

247 2053 338 2098 νας
370 2035 498 2104 μίαν
521 2053 580 2088 τε
619 2039 707 2089 καὶ
739 2038 959 2100 πολλὰς,
994 2036 1111 2091 εἶτα
1149 2039 1551 2109 ἀμφιϐάλλουσι
1581 2043 1709 2114 περὶ
1738 2044 1831 2096 οὑ-

245 2125 423 2194 ρανῶν
464 2125 762 2193 πλειόνων,
794 2131 840 2180 εἰ
883 2128 1106 2200 ἐξαρκεῖ
1153 2131 1349 2194 αὐτοὺς
1392 2133 1424 2202 ἡ
1469 2131 1831 2204 δημιουργικὴ

243 2217 474 2286 δύναμις
505 2221 849 2288 παραγαγεῖν
893 2221 972 2282 εἰς
1010 2220 1070 2272 τὸ
1103 2215 1261 2273 εἶναι.
1296 2215 1394 2274 Ὧν
1427 2221 1519 2294 τὴν
1548 2224 1698 2293 ἰσχὺν
1739 2225 1832 2278 καὶ

243 2311 300 2360 τὸ
329 2310 557 2379 μέγεθος
592 2311 743 2365 οὐδὲν
769 2311 1050 2384 ἡγούμεθα
1075 2314 1351 2387 διαφέρειν
1379 2316 1479 2386 τῆς
1518 2317 1708 2388 κοίλης
1751 2336 1834 2370 νο-

242 2402 384 2464 τίδος
407 2405 506 2474 τῆς
531 2406 1002 2478 ὑπερφυσωμένης
1028 2411 1084 2460 ὲν
1110 2412 1222 2473 τοῖς
1248 2413 1514 2482 κρουνοῖς,
1543 2412 1671 2464 ὅταν
1699 2411 1834 2482 πρὸς

243 2496 338 2565 τήν
378 2497 475 2548 ints
488 2499 650 2568 ροχὴν
683 2501 782 2569 τῆς
810 2500 904 2552 τοῦ
932 2500 1066 2553 Θεοῦ
1093 2502 1376 2572 δυνάμεως
1411 2504 1828 2575 ἁποὸλέψωμεν.

242 2585 406 2636 ’Ὡστε
443 2588 845 2654 καταγέλαστος
879 2591 1060 2651 αὐτοῖς
1097 2593 1206 2658 (90)
1240 2595 1267 2644 ό
1300 2595 1394 2646 τοῦ
1445 2595 1706 2648 ἀδυνάτου
1746 2595 1833 2646 λό-

241 2690 354 2738 γος.
405 2676 595 2744 Ἡμεῖς
626 2677 681 2729 δὲ
726 2680 977 2732 τοσοῦτον
1017 2681 1290 2750 ἀπέχομεν
1323 2684 1399 2752 τῷ
1443 2684 1677 2755 δευτέρῳ
1702 2689 1830 2738 ἀπι-

241 2771 407 2830 στεῖν,
443 2768 582 2821 ὥστε
615 2772 706 2824 καὶ
736 2773 825 2824 τὸν
852 2774 1033 2846 τρίτον
1064 2775 1452 2847 ἐπιζητοῦμεν,
1481 2771 1540 2830 οὗ
1575 2777 1673 2846 τῆς
1703 2777 1831 2841 θέας

240 2863 264 2912 ό
296 2862 564 2932 μακάριος
598 2864 807 2930 Παῦλος
839 2866 949 2937 (91)
982 2867 1209 2938 ἠξιώθη.
1256 2870 1314 2922 Ὀ
1353 2869 1410 2922 δὲ
1436 2869 1680 2940 ψαλμὸς.
1716 2871 1832 2922 ὀνο-

241 2953 429 3024 μάζων
456 2957 718 3026 οὐρανοὺς
745 2961 1008 3029 οὐρανῶν.
1043 2962 1137 3013 καὶ
1170 2962 1428 3016 πλειόνων
1464 2965 1594 3033 ἡμῖν
1623 2962 1830 3014 ἔννοιαν

239 3045 578 3115 ἐνεποίησεν.
617 3050 689 3100 Οὐ
733 3050 902 3119 δήπου
957 3051 1012 3103 δὲ
1057 3053 1230 3105 ταῦτα
1279 3054 1684 3127 παραδοξότερα
1721 3054 1830 3107 τῶν

239 3136 380 3189 ὲπτά
402 3138 635 3193 κύκλων,
667 3141 786 3193 καθ’
816 3135 889 3194 ὧν
920 3143 968 3194 οἱ
1002 3144 1142 3195 έπτά
1178 3146 1406 3213 ἀστέρες
1449 3146 1632 3215 σχεδὸν
1679 3148 1831 3216 παρά

240 3227 458 3280 πάντων
504 3229 808 3300 συμᾳὼνως
847 3233 1235 3304 ὁμολογοῦνται
1290 3237 1573 3307 φέρεσθαι,
1617 3237 1708 3300 οὓς
1735 3248 1829 3299 καὶ

239 3324 572 3394 ἐνηρμόσθαι
607 3327 766 3395 φασὶν
791 3329 964 3400 ἑτέρῳ
991 3331 1080 3382 τὸν
1109 3332 1316 3401 ἕτερον,
1354 3332 1495 3385 κατά
1522 3332 1618 3403 τὴν
1646 3333 1827 3386 εἰκόνα

239 3419 345 3469 τῶν
384 3417 561 3470 κάδων
599 3419 705 3471 τῶν
733 3421 811 3482 εἰς
847 3419 1108 3490 ἀλλήλους
1149 3422 1555 3493 ἐμϐεϐηκότων.
1591 3423 1826 3489 Τούτους

238 3505 292 3560 δὲ
313 3510 412 3578 τὴν
437 3510 686 3563 ἐναντίαν
725 3511 802 3581 τῷ
830 3513 992 3565 παντὶ
1036 3515 1369 3585 φερομένους
1401 3515 1512 3586 (9⁸2)
1532 3559 1544 3581 ,
1579 3534 1827 3588 περισχι-

237 3598 465 3668 ζομένου
505 3602 598 3654 τοῦ
632 3603 846 3674 αἰθέρος
871 3607 1073 3670 αὐτοῖς,
1098 3606 1292 3677 εῦηχόν
1320 3626 1439 3661 τινα
1472 3611 1564 3663 καὶ
1597 3613 1827 3682 ἐναρμό-

237 3708 346 3742 νιον
386 3692 692 3746 ἀποδιδόναι
729 3696 1000 3764 φθόγγον,
1055 3699 1192 3751 ὣστε
1225 3703 1404 3754 πᾶσαν
1440 3703 1538 3774 τήν
1588 3706 1646 3758 ὲν
1699 3705 1825 3775 μελ-

236 3783 424 3852 ῳδίαις
459 3785 650 3858 ἡδονὴν
678 3788 1057 3859 ὑπερϐάλλειν.
1085 3787 1216 3843 Εἶτα
1245 3795 1462 3847 ἐπειδὰν
1483 3796 1578 3867 τὴν
1610 3797 1697 3851 διὰ
1724 3798 1824 3869 τῆς

235 3873 543 3946 αἰσθήσεως
587 3879 769 3932 πίστιν
800 3882 848 3932 οἱ
898 3881 1071 3934 ταῦτα
1099 3882 1347 3951 λέγοντες
1385 3887 1744 3955 ἀπαιτῶνται,
1771 3890 1822 3942 τί

235 3985 431 4039 ςασινς
463 3970 586 4025 Ὀτι
606 3972 691 4026 διὰ
719 3973 892 4046 τὴνὲξ
915 3975 1089 4046 ἀρχῆς
1116 3977 1402 4048 συνήθειαν
1447 3982 1585 4052 πρὸς
1612 3982 1701 4035 τὸν
1727 3984 1823 4053 ψό-

237 4079 335 4130 φον
391 4067 455 4117 ἐκ
503 4064 728 4137 πρώτης
775 4068 1043 4137 γενέσεως
1079 4071 1483 4137 συνεθισθέντες
1528 4074 1711 4146 αὐτῷ,
1758 4077 1822 4129 ἐκ

235 4155 436 4225 πολλῆς
484 4159 580 4227 τῆς
633 4161 758 4232 περ)⁵
805 4161 864 4213 τὸ
902 4162 1121 4214 ἀκούειν
1168 4163 1400 4234 μελέτης
1441 4166 1537 4237 τὴν
1572 4169 1821 4240 αἴσθησιν

231 4249 601 4321 ἀφῃρήμεθα·
641 4251 829 4322 ὥσπερ
869 4255 917 4305 οἱ
949 4257 1006 4306 ὲν
1046 4259 1157 4318 τοῖς
1181 4257 1452 4326 χαλκείοις
1491 4262 1727 4330 συνεχῶς
1753 4262 1821 4315 τὰ

231 4334 347 4393 ὦτα
375 4343 858 4412 κατακρουόμενοι.
882 4340 979 4398 Ὧν
1005 4348 1064 4400 τὸ
1091 4352 1479 4420 σεσοφισμένον
1505 4353 1598 4404 καὶ
1623 4352 1820 4424 σαθρὸν

230 4432 548 4504 διελέγχειν,
597 4433 767 4501 οὕτως
813 4439 1053 4509 ἐναργῶς
1111 4443 1176 4495 ἐκ
1214 4443 1434 4513 πρώτης
1472 4446 1641 4516 ἀκοῆς
1684 4448 1818 4500 πᾶσι

232 4529 715 4600 καταφαινόμενον,
749 4533 848 4585 οὐκ
892 4532 1038 4585 ἔστιν
1073 4535 1266 4605 ἀνδρὸς
1294 4535 1415 4588 οὔτε
1455 4538 1646 4609 χρόνου
1685 4540 1818 4592 εἰδό-

1937 2066 2075 2104 mus.
2113 2050 2390 2120 Siquidem
2423 2054 2524 2107 etsi
2559 2053 2627 2107 ob
2657 2055 2887 2110 similem
2923 2073 3142 2112 causam
3180 2060 3294 2115 ﬁeri
3336 2063 3517 2118 vident

1934 2143 2051 2197 sive
2078 2157 2261 2208 unam,
2292 2145 2405 2198 sive
2433 2147 2631 2201 multas
2664 2147 2857 2212 bullas,
2902 2150 3257 2208 nihilominus
3292 2154 3360 2208 de
3401 2168 3516 2208 ca:-

1935 2235 2106 2289 lorum
2150 2235 2495 2291 multitudine
2547 2241 2814 2306 dubitant,
2860 2257 2927 2296 an
2977 2253 3220 2311 potestas
3267 2243 3516 2301 eﬁ‘ectrix

1937 2345 2030 2383 eus
2070 2330 2121 2383 in
2153 2330 2324 2384 lucem
2350 2331 2512 2385 edere
2551 2337 2806 2401 potuerit.
2840 2335 3082 2401 Quorum
3119 2338 3285 2393 robur
3313 2354 3374 2391 ac
3401 2354 3515 2393 ma-

1934 2422 2296 2491 gnitudinem,
2336 2437 2459 2476 cum
2504 2423 2572 2477 ad
2611 2424 2806 2478 divina:
2847 2428 3102 2494 potentiae
3140 2435 3513 2498 prmstantiam

1937 2518 2279 2585 respicimus.
2319 2520 2385 2574 ab
2417 2535 2480 2574 eo
2517 2519 2743 2573 humore
2783 2533 3027 2573 concavo
3059 2521 3152 2590 qui
3185 2524 3239 2575 in
3270 2522 3517 2579 fontibus

1934 2606 2259 2666 salientibus
2282 2613 2617 2677 intumescit,
2641 2611 2773 2666 nihil
2797 2610 3013 2668 diﬁerre
3035 2625 3311 2684 putamus.
3337 2614 3518 2683 Quare

1935 2705 1987 2756 id
2021 2705 2134 2758 ﬁeri
2159 2720 2264 2758 non
2291 2719 2447 2774 posse
2473 2706 2702 2760 ridicule
2722 2706 2930 2759 dicunt.
2965 2706 3072 2761 Sed
3103 2717 3310 2762 tantum
3336 2713 3514 2774 abest,

1933 2805 1989 2849 ut
2029 2814 2126 2852 nos
2156 2798 2223 2854 de
2264 2799 2436 2854 altero
2464 2799 2603 2853 coelo
2639 2800 2968 2868 dubitemus,
2997 2809 3058 2856 ut
3093 2802 3257 2856 etiam
3290 2806 3513 2859 tertium

1931 2890 2082 2959 cujus
2109 2903 2329 2960 aspeclu
2356 2895 2543 2949 beatus
2575 2893 2772 2949 Paulus
2803 2894 3052 2964 dignatus
3091 2904 3196 2958 est,
3239 2895 3284 2928 ’τ
3335 2897 3515 2967 inqui-

1931 2995 2135 3034 ramus.
2175 2981 2420 3038 Psalmus
2461 2994 2643 3038 autem
2678 2987 2804 3038 dum
2846 2985 3093 3039 nominat
3137 2988 3307 3042 cmlos
3345 2990 3513 3042 emto-

1933 3088 2050 3125 ruin
2085 3072 2150 3139 ³³,
2187 3074 2419 3143 plurium
2467 3076 2631 3130 etiam
2675 3077 2866 3131 tribuit
2900 3077 3056 3134 nobis
3097 3079 3367 3135 notitiam.
3405 3080 3509 3136 Ne-

1936 3180 2044 3236 que
2077 3181 2205 3220 vero
2242 3167 2356 3222 hac
2396 3170 2661 3238 stupenda
2697 3179 2824 3224 sunt
2860 3169 3058 3240 magis,
3101 3184 3266 3240 quam
3303 3183 3511 3244 septem

1857 3283 1899 3338 ρ
1936 3257 2121 3311 circuli
2159 3275 2174 3311 :
2207 3257 2260 3312 in
2304 3259 2499 3328 quibus
2530 3259 2717 3316 atellas
2753 3269 2963 3331 septem
2997 3261 3125 3316 ferri
3157 3278 3349 3319 omnes
3398 3281 3511 3320 uno

1935 3346 2047 3401 fere
2088 3361 2357 3401 consensu
2399 3351 2723 3404 conﬁtentur
2760 3369 2774 3406 :
2814 3366 2949 3420 quos
2975 3354 3138 3407 etiam
3174 3354 3402 3409 alterum
3430 3356 3511 3410 al-

1934 3437 2055 3501 teri,
2093 3438 2269 3490 instar
2297 3443 2553 3493 cadorum
2586 3441 2638 3494 in
2670 3455 2728 3496 se
2764 3450 2952 3496 mutuo
2979 3442 3327 3512 insertorum,
3357 3455 3511 3516 apta-

1930 3539 2012 3584 tos
2046 3545 2166 3586 esse
2200 3541 2471 3588 astruunt.
2521 3533 2660 3600 Quin
2702 3535 2866 3589 etiam
2906 3535 3068 3592 hosce
3103 3537 3338 3594 circulos
3369 3552 3506 3595 con-

1930 3624 2096 3678 trario
2146 3625 2387 3682 universi
2434 3628 2601 3682 motui
2654 3637 2816 3683 cursu
2868 3629 3148 3698 abreptos,
3189 3629 3392 3685 diﬁisso
3439 3635 3510 3688 ab

1928 3717 2058 3787 ipsis
2093 3719 2320 3786 aethere,
2357 3731 2570 3790 gratum
2622 3723 2911 3792 quemdam
2957 3737 3021 3778 ac
3055 3724 3383 3779 concinnum
3413 3741 3506 3781 so-

1926 3826 2053 3864 num
2084 3811 2418 3866 contendunt
2442 3813 2689 3878 reddere,
2726 3815 2861 3870 adeo
2895 3824 2954 3870 ut
2989 3817 3237 3870 melodia:
3265 3818 3507 3872 suavita-

1929 3907 2032 3952 tem
2084 3915 2300 3955 omnem
2339 3912 2647 3971 exsuperet.
2681 3904 2886 3960 Deinde
2909 3921 3031 3960 cum
3067 3907 3103 3960 ii
3132 3907 3223 3976 qui
3259 3907 3386 3961 talia
3423 3909 3508 3963 di-

1925 4001 2071 4058 cunt,
2096 4009 2351 4048 sensuum
2380 3995 2539 4051 ﬁdem
2565 4012 2629 4051 ac
2654 3999 3023 4053 testimonium
3051 4011 3337 4070 rogantur,
3366 4002 3500 4072 quid

1924 4085 2291 4155 respondent?
2338 4086 2447 4142 Nos
2497 4089 2565 4143 ob
2613 4102 2732 4142 eam
2774 4104 2934 4159 quam
2976 4090 3133 4147 initio
3181 4107 3303 4147 cum
3361 4109 3499 4149 sono

1923 4173 2186 4230 habemus
2217 4177 2665 4233 consuetudinem
2689 4219 2705 4244 ,
2735 4179 2862 4235 huic
2889 4182 3064 4235 eidem
3102 4197 3235 4237 sono
3265 4199 3293 4235 a
3324 4183 3503 4253 primo

1922 4275 2043 4318 ertu
2089 4278 2354 4336 assuetos,
2396 4285 2557 4324 sensu
2610 4272 2714 4326 isto
2756 4288 2867 4342 pra:
2917 4273 3191 4344 frequenti
3246 4275 3499 4331 audiendi

1923 4359 2311 4417 exercitatione
2341 4364 2576 4433 privari;
2608 4364 2832 4433 perinde
2859 4374 3021 4433 atque
3050 4366 3102 4421 hi
3137 4382 3369 4436 quorum
3398 4384 3496 4421 au-

1923 4464 2008 4503 res
2045 4450 2097 4504 in
2134 4450 2363 4509 ofﬁcinis
2406 4456 2616 4510 aerariis
2655 4457 2872 4512 assidue
2904 4457 3301 4512 obtunduntur.
3349 4458 3498 4526 Quo-

1922 4553 2040 4592 rum
2102 4543 2382 4600 confutare
2438 4546 2840 4602 cavillationem
2903 4564 2966 4603 ac
3026 4549 3367 4614 futilitatem,
3424 4552 3498 4604 ita

230 4634 321 4680 τος
371 4621 676 4688 φείδεσθαι,
724 4624 846 4677 οὔτε
885 4629 983 4696 τῆς
1034 4628 1300 4692 συνέσεως
1347 4630 1454 4682 τῶν
1512 4633 1816 4686 ἀκουόντων
1846 4626 1894 4684 Ι)

1810 4653 1816 4678 ι
1846 4626 1894 4684 D
1921 4644 2108 4703 aperte
2138 4638 2390 4694 omnibus
2417 4655 2481 4694 ex
2517 4641 2691 4710 primo
2718 4643 2902 4695 auditu
2938 4657 2996 4696 se
3024 4644 3364 4712 prodentem,
3391 4643 3493 4697 viri

233 4710 650 4782 στοχαζομένου.
685 4717 845 4770 Ἀλλά
870 4718 936 4770 τὰ
967 4718 1074 4771 τῶν
1100 4719 1297 4783 ἔξωθεν
1321 4724 1432 4783 τοῖς
1465 4721 1569 4788 ἔξω
1593 4725 1815 4778 καταλι-

233 4801 424 4865 πόντες
438 4805 593 4874 ἡμεῖς
606 4808 696 4860 ἐπὶ
709 4809 798 4861 τὸν
810 4811 1260 4880 ἐκκλησιαστικὸν
1275 4813 1582 4885 ὑποστρέφο
1590 4834 1686 4886 μεν
1701 4819 1811 4889 (95)

231 4891 406 4960 λόγον.
464 4894 691 4967 Εἴρηται
763 4902 861 4970 μὲν
911 4899 1002 4955 οῦν
1034 4921 1143 4956 τισι
1200 4904 1309 4956 τῶν
1352 4905 1457 4976 πρὸ
1496 4907 1682 4978 ήμῶν,
1743 4913 1816 4983 μὴ

301 5032 347 5064 ³⁷
387 5033 428 5087 ll
454 5031 580 5092 Cor.
630 5053 726 5102 xu,
762 5038 818 5093 2.
897 5041 940 5071 ³³
976 5041 1118 5096 Psal.
1173 5039 1400 5110 cx'Lvnt,
1431 5048 1485 5102 4.

438 5206 686 5284 Nonnulli
717 5227 848 5266 mss.
880 5214 1013 5284 φησί

299 5277 416 5357 (88)
450 5277 914 5366 qub.mseciindus
943 5277 1373 5366 'iﬂrtgaspopsvm.
1425 5291 1623 5346 Ibidem
1663 5294 1796 5366 Reg.

228 5347 573 5429 prl‘lll’ll‘srﬁaw
607 5351 877 5429 Ἑλλήνων
900 5347 1459 5420 rai61%.'Gi'urc0i'unt
1489 5381 1701 5429 pueros.

298 5417 413 5492 (89)
442 5418 531 5471 Sic
563 5436 692 5492 mss.
730 5417 902 5477 inulti.
930 5417 1199 5481 Deest-xui
1236 5431 1288 5482 in
1328 5417 1508 5487 editis'.
1551 5417 1798 5492 Subinde

225 5489 440 5566 codices
471 5491 577 5566 duo
596 5491 694 5560 τῆς
725 5499 1118 5566 γραμματικῆς
1146 5500 1258 5552 καί.

297 5557 411 5644 (99)
459 5557 1127 5644 _Colli.prunus-3016f}.
1184 5570 1331 5644 Editi
1383 5586 1505 5626 cuni
1567 5587 1794 5644 utroque

225 5626 391 5714 cois],
422 5641 474 5714 et
504 5646 625 5714 cum
658 5626 780 5686 aliis
812 5635 989 5714 multis
1038 5640 1264 5714 αὐτοῖς.Δ
1292 5640 1440 5693 llzmd
1477 5647 1646 5696 multo
1663 5626 1801 5714 ilio—stt

226 5697 408 5778 editio.
429 5697 606 5778 ﬁas“;
643 5706 1008 5778 cum_deceni
1061 5697 1214 5763 mss.‘
1244 5711 1520 5778 ἀπιστεῖν,
1566 5717 1649 5768 ὅτι

223 5767 334 5821 τόν.
371 5769 548 5822 Editio
570 5769 742 5826 Paris.
769 5772 908 5826 ὥστε
941 5777 1032 5829 καὶ
1055 5780 1164 5831 τόν.

299 5838 411 5921 (9.1)
441 5838 669 5921 Codices
700 5851 808 5896 tres
834 5847 881 5921 _o
937 5848 1208 5921 μακάριος
1235 5851 1529 5916 ἀπόστολος
1566 5856 1795 5921 Παῦλος.

228 5906 368 5965 Edili
393 5906 531 5965 cum
557 5908 708 5968 Colb.
765 5906 948 5982 primo.
972 5918 998 5969 ὁ
1044 5906 1312 5991 μάκόίριος
1360 5906 1795 5999 ιιπῡλὸέΪῙέὲξὲ

1928 4741 2033 4780 non
2085 4738 2188 4796 est,
2223 4733 2311 4800 qui
2341 4743 2428 4786 aut
2463 4748 2685 4802 parcere
2707 4735 2844 4788 sciat
2872 4736 3124 4805 teinpori,
3156 4745 3248 4789 aut
3274 4736 3496 4790 audien-

1925 4819 2056 4875 tium
2089 4821 2499 4895 intelligentiam
2523 4824 2807 4893 conjectet.
2839 4826 3034 4882 Verum
3062 4837 3285 4882 externa
3320 4837 3498 4882 exter-

1927 4915 2011 4971 nis
2037 4917 2424 4990 relinquentes,
2459 4937 2557 4977 nos
2591 4924 2657 4978 ad
2688 4924 3112 4980 ecclesiasticum
3169 4926 3498 4981 revertimur

1917 5228 2190 5292 Dircaeum,
2223 5229 2290 5284 de
2324 5231 2583 5286 caelorum
2621 5249 2862 5288 numero.
2894 5235 3090 5289 lhidem
3108 5235 3257 5294 Colb.
3289 5253 3487 5294 secun-

1907 5303 2006 5354 dus
2035 5299 2146 5382 δ’δὲ
2181 5302 2506 5382 ιξ”αλμιρδός
2537 5303 2974 5382 aliquantopost
3008 5322 3100 5360 sex
3135 5323 3260 5361 mss.
3282 5310 3356 5361 Οὐ
3386 5310 3484 5382 δή-

1906 5370 2090 5444 ποι)Δ
2116 5370 2475 5444 ταῦταζιζιίὶιί
2507 5374 2564 5426 οὐ
2596 5370 2795 5444 δήποτε
2827 5370 2903 5428 δέ.

1974 5439 2087 5521 (9?)
2109 5441 2259 5497 Colb.
2295 5447 2500 5521 primus
2525 5439 2799 5521 curn'ﬁes-
2822 5457 2975 5500 δεῖ(ίο
2999 5449 3482 5521 περιφερομένουςο

1903 5508 2098 5596 Statim
2142 5508 2490 5602 nisss'no‘strri‘
2531 5508 2774 5602 pleri-que
2802 5531 2999 5602 'omnes
3035 5508 3154 5572 cuni
3200 5508 3354 5602 Bodl.
3394 5508 3486 5576 εὖ·

1900 5581 2209 5657 ηχὸ-νᾼτινα.
2246 5584 2422 5657 Editio
2453 5585 2628 5657 Paris.
2656 5584 2848 5657 ἐνηχόν
2881 5604 3024 5651 τινα,
3065 5605 3170 5656 non
3205 5581 3482 5649 ita'reete.

1973 5652 2086 5720 (95)
2120 5652 2209 5706 Sic
2265 5656 2432 5708 codex
2484 5652 2887 5711 Combefféum
2942 5660 3065 5714 aliis
3122 5653 3295 5716 tribus
3345 5678 3482 5719 mss.

1900 5721 2042 5800 Editi
2079 5732 2134 5800 et
2157 5724 2303 5778 Colb.
2353 5727 2557 5800 primus
2594 5727 3048 5798 ὑποστρέψωμεν.
3080 5729 3211 5800 Reg.
3259 5734 3488 5797 quintus

1899 5792 2312 5874 Qﬁqotézpnmpsv.
2347 5792 2638 5874 Aliquanto
2669 5792 2786 5874 post
2814 5792 2968 5874 (folii.
2989 5792 3212 5874 primiis
3248 5792 3483 5874 παραδί-

1897 5861 2100 5917 δοσθαι.
2127 5861 2317 5921 Statim
2351 5861 2520 5923 codex
2549 5861 2696 5924 idem
2725 5870 2954 5924 ἐνταῦθα
2984 5861 3039 5924 δὲ
3070 5861 3482 5946 έπεργασὲικώ-

1899 5949 2076 6003 τερον.
