  <div class='ocr_page' id='page_1' title='image "/cluster/home/n/w/nwhite01/storage/ocr_20150623/29/uva.x004321530/450.png"; bbox 0 0 4262 6504; ppageno 0'>
   <div class='ocr_carea' id='block_1_1' title="bbox 252 434 3505 503">
    <p class='ocr_par' dir='ltr' id='par_1_1' title="bbox 252 434 3505 503">
     <span class='ocr_line' id='line_1_1' title="bbox 252 434 3505 503; baseline -0 -8"><span class='ocrx_word' id='word_1_1' title='bbox 252 450 319 503; x_wconf 63' lang='grc' dir='ltr'><strong>(δι</strong></span> <span class='ocrx_word' id='word_1_2' title='bbox 1387 439 1671 494; x_wconf 66' lang='grc' dir='ltr'><strong>ΠΟΪιΙΙΗΛ</strong></span> <span class='ocrx_word' id='word_1_3' title='bbox 1712 437 1777 491; x_wconf 83' lang='lat' dir='ltr'><strong>lll</strong></span> <span class='ocrx_word' id='word_1_4' title='bbox 1821 434 1883 490; x_wconf 83' lang='lat' dir='ltr'><strong>IN</strong></span> <span class='ocrx_word' id='word_1_5' title='bbox 1928 435 2430 492; x_wconf 65' lang='lat' dir='ltr'><strong>IIEXAEMERUN.</strong></span> <span class='ocrx_word' id='word_1_6' title='bbox 3436 440 3505 495; x_wconf 61' lang='lat'><strong>6%</strong></span> 
     </span>
    </p>
   </div>
   <div class='ocr_carea' id='block_1_2' title="bbox 259 553 1942 633">
    <p class='ocr_par' dir='ltr' id='par_1_2' title="bbox 259 553 1910 633">
     <span class='ocr_line' id='line_1_2' title="bbox 259 553 1910 633; baseline -0.006 -19"><span class='ocrx_word' id='word_1_7' title='bbox 259 562 399 633; x_wconf 72' lang='grc' dir='ltr'>πρὸς</span> <span class='ocrx_word' id='word_1_8' title='bbox 424 564 532 622; x_wconf 83' lang='grc' dir='ltr'>τοῖς</span> <span class='ocrx_word' id='word_1_9' title='bbox 555 559 885 627; x_wconf 78' lang='grc' dir='ltr'>διαστήμασι</span> <span class='ocrx_word' id='word_1_10' title='bbox 912 574 1004 609; x_wconf 89' lang='grc' dir='ltr'><strong>και</strong></span> <span class='ocrx_word' id='word_1_11' title='bbox 1030 557 1127 626; x_wconf 77' lang='grc' dir='ltr'>τὴν</span> <span class='ocrx_word' id='word_1_12' title='bbox 1153 555 1471 608; x_wconf 69' lang='grc' dir='ltr'>ἀντιτυπίαν</span> <span class='ocrx_word' id='word_1_13' title='bbox 1498 555 1628 625; x_wconf 84' lang='grc' dir='ltr'>ἕχει.</span> <span class='ocrx_word' id='word_1_14' title='bbox 1664 554 1738 623; x_wconf 80' lang='grc' dir='ltr'><strong>Τῇ</strong></span> <span class='ocrx_word' id='word_1_15' title='bbox 1779 553 1835 605; x_wconf 84' lang='grc' dir='ltr'>δὲ</span> <span class='ocrx_word' id='word_1_16' title='bbox 1864 558 1910 613; x_wconf 80' lang='grc' dir='ltr'><strong>Α</strong></span> 
     </span>
    </p>
   </div>
   <div class='ocr_carea' id='block_1_3' title="bbox 1820 553 3503 633">
    <p class='ocr_par' dir='ltr' id='par_1_3' title="bbox 1820 553 3503 625">
     <span class='ocr_line' id='line_1_3' title="bbox 1820 553 3503 625; baseline 0.005 -20"><span class='ocrx_word' id='word_1_17' title='bbox 1820 555 1835 605; x_wconf 71' lang='grc' dir='ltr'><strong>ὲ</strong></span> <span class='ocrx_word' id='word_1_18' title='bbox 1864 558 1910 613; x_wconf 80' lang='grc' dir='ltr'><strong>Α</strong></span> <span class='ocrx_word' id='word_1_19' title='bbox 1944 554 2339 617; x_wconf 87' lang='lat' dir='ltr'><strong>mensionibus,</strong></span> <span class='ocrx_word' id='word_1_20' title='bbox 2375 554 2426 607; x_wconf 93' lang='lat' dir='ltr'><strong>in</strong></span> <span class='ocrx_word' id='word_1_21' title='bbox 2454 553 2755 620; x_wconf 84' lang='lat' dir='ltr'><strong>latitudine,</strong></span> <span class='ocrx_word' id='word_1_22' title='bbox 2788 556 3026 624; x_wconf 88' lang='lat' dir='ltr'><strong>inquam,</strong></span> <span class='ocrx_word' id='word_1_23' title='bbox 3054 570 3117 609; x_wconf 92' lang='lat' dir='ltr'><strong>ac</strong></span> <span class='ocrx_word' id='word_1_24' title='bbox 3140 556 3503 625; x_wconf 78' lang='lat' dir='ltr'><strong>profunditate</strong></span> 
     </span>
    </p>
   </div>
   <div class='ocr_carea' id='block_1_4' title="bbox 258 645 1941 727">
    <p class='ocr_par' dir='ltr' id='par_1_4' title="bbox 258 646 1941 727">
     <span class='ocr_line' id='line_1_4' title="bbox 258 646 1941 727; baseline -0.008 -19"><span class='ocrx_word' id='word_1_25' title='bbox 258 655 449 727; x_wconf 64' lang='grc' dir='ltr'>Γραφῇ</span> <span class='ocrx_word' id='word_1_26' title='bbox 484 650 710 720; x_wconf 83' lang='grc' dir='ltr'>σύνηθες</span> <span class='ocrx_word' id='word_1_27' title='bbox 742 650 803 701; x_wconf 82' lang='grc' dir='ltr'>τὸ</span> <span class='ocrx_word' id='word_1_28' title='bbox 840 648 1094 719; x_wconf 81' lang='grc' dir='ltr'>κραταιὸν</span> <span class='ocrx_word' id='word_1_29' title='bbox 1130 648 1223 699; x_wconf 72' lang='grc' dir='ltr'>καὶ</span> <span class='ocrx_word' id='word_1_30' title='bbox 1249 646 1521 699; x_wconf 82' lang='grc' dir='ltr'>ἀνένδοτον</span> <span class='ocrx_word' id='word_1_31' title='bbox 1552 646 1831 717; x_wconf 79' lang='grc' dir='ltr'><strong>στερέωμα</strong></span> <span class='ocrx_word' id='word_1_32' title='bbox 1934 666 1941 695; x_wconf 72' lang='grc' dir='ltr'><strong>ι</strong></span> 
     </span>
    </p>
   </div>
   <div class='ocr_carea' id='block_1_5' title="bbox 1823 645 3506 727">
    <p class='ocr_par' dir='ltr' id='par_1_5' title="bbox 1823 645 3506 719">
     <span class='ocr_line' id='line_1_5' title="bbox 1823 645 3506 719; baseline 0.006 -24"><span class='ocrx_word' id='word_1_33' title='bbox 1823 661 1831 695; x_wconf 85' lang='grc' dir='ltr'><strong>ι</strong></span> <span class='ocrx_word' id='word_1_34' title='bbox 1934 654 1987 700; x_wconf 91' lang='lat' dir='ltr'><strong>et</strong></span> <span class='ocrx_word' id='word_1_35' title='bbox 2016 646 2371 709; x_wconf 70' lang='lat' dir='ltr'><strong>longitudine.</strong></span> <span class='ocrx_word' id='word_1_36' title='bbox 2402 645 2641 699; x_wconf 86' lang='lat' dir='ltr'><strong>Firmum</strong></span> <span class='ocrx_word' id='word_1_37' title='bbox 2667 657 2845 702; x_wconf 90' lang='lat' dir='ltr'><strong>autem</strong></span> <span class='ocrx_word' id='word_1_38' title='bbox 2878 648 3004 700; x_wconf 92' lang='lat' dir='ltr'><strong>illud</strong></span> <span class='ocrx_word' id='word_1_39' title='bbox 3032 656 3136 709; x_wconf 86' lang='lat' dir='ltr'><strong>est,</strong></span> <span class='ocrx_word' id='word_1_40' title='bbox 3167 648 3219 701; x_wconf 91' lang='lat' dir='ltr'><strong>in</strong></span> <span class='ocrx_word' id='word_1_41' title='bbox 3249 664 3355 717; x_wconf 90' lang='lat' dir='ltr'><strong>quo</strong></span> <span class='ocrx_word' id='word_1_42' title='bbox 3377 665 3506 719; x_wconf 68' lang='lat' dir='ltr'><strong>prae-</strong></span> 
     </span>
    </p>
   </div>
   <div class='ocr_carea' id='block_1_6' title="bbox 256 736 1831 811">
    <p class='ocr_par' dir='ltr' id='par_1_6' title="bbox 256 736 1831 811">
     <span class='ocr_line' id='line_1_6' title="bbox 256 736 1831 811; baseline -0.005 -14"><span class='ocrx_word' id='word_1_43' title='bbox 256 744 458 811; x_wconf 84' lang='grc' dir='ltr'>λέγειν,</span> <span class='ocrx_word' id='word_1_44' title='bbox 483 741 557 803; x_wconf 86' lang='grc' dir='ltr'>ὡς</span> <span class='ocrx_word' id='word_1_45' title='bbox 578 740 671 794; x_wconf 75' lang='grc' dir='ltr'>καὶ</span> <span class='ocrx_word' id='word_1_46' title='bbox 701 739 792 791; x_wconf 72' lang='grc' dir='ltr'><strong>ἐπὶ</strong></span> <span class='ocrx_word' id='word_1_47' title='bbox 830 738 991 808; x_wconf 80' lang='grc' dir='ltr'>ἀέρος</span> <span class='ocrx_word' id='word_1_48' title='bbox 1024 736 1285 799; x_wconf 80' lang='grc' dir='ltr'><strong>πολλάκις</strong></span> <span class='ocrx_word' id='word_1_49' title='bbox 1317 736 1831 799; x_wconf 82' lang='grc' dir='ltr'>καταπυκνωθέντος</span> 
     </span>
    </p>
   </div>
   <div class='ocr_carea' id='block_1_7' title="bbox 254 827 1831 907">
    <p class='ocr_par' dir='ltr' id='par_1_7' title="bbox 254 827 1831 907">
     <span class='ocr_line' id='line_1_7' title="bbox 254 827 1831 907; baseline -0.005 -20"><span class='ocrx_word' id='word_1_50' title='bbox 254 838 325 907; x_wconf 82' lang='grc' dir='ltr'>τῇ</span> <span class='ocrx_word' id='word_1_51' title='bbox 362 836 511 903; x_wconf 80' lang='grc' dir='ltr'>φωνῇ</span> <span class='ocrx_word' id='word_1_52' title='bbox 550 831 719 903; x_wconf 80' lang='grc' dir='ltr'>ταύτῃ</span> <span class='ocrx_word' id='word_1_53' title='bbox 764 829 1059 900; x_wconf 81' lang='grc' dir='ltr'>κεχρῆσθαι</span> <span class='ocrx_word' id='word_1_54' title='bbox 1082 844 1093 856; x_wconf 88' lang='grc'><strong>·</strong></span> <span class='ocrx_word' id='word_1_55' title='bbox 1132 829 1207 892; x_wconf 84' lang='grc' dir='ltr'>ὡς</span> <span class='ocrx_word' id='word_1_56' title='bbox 1239 830 1365 881; x_wconf 85' lang='grc' dir='ltr'>ὅταν</span> <span class='ocrx_word' id='word_1_57' title='bbox 1393 827 1520 899; x_wconf 81' lang='grc' dir='ltr'>λέγῃ</span> <span class='ocrx_word' id='word_1_58' title='bbox 1542 844 1555 857; x_wconf 85' lang='grc'><strong>·</strong></span> <span class='ocrx_word' id='word_1_59' title='bbox 1603 827 1662 879; x_wconf 83' lang='grc' dir='ltr'><em>ὐ</em></span> <span class='ocrx_word' id='word_1_60' title='bbox 1696 844 1831 879; x_wconf 87' lang='grc' dir='ltr'>στε-</span> 
     </span>
    </p>
   </div>
   <div class='ocr_carea' id='block_1_8' title="bbox 251 916 1832 995">
    <p class='ocr_par' dir='ltr' id='par_1_8' title="bbox 251 916 1832 995">
     <span class='ocr_line' id='line_1_8' title="bbox 251 916 1832 995; baseline -0.008 -15"><span class='ocrx_word' id='word_1_61' title='bbox 251 925 412 995; x_wconf 74' lang='grc' dir='ltr'>ρεῶν</span> <span class='ocrx_word' id='word_1_62' title='bbox 436 922 722 992; x_wconf 80' lang='grc' dir='ltr'>βροντήν.</span> <span class='ocrx_word' id='word_1_63' title='bbox 758 919 866 989; x_wconf 83' lang='grc' dir='ltr'><strong>Τὴν</strong></span> <span class='ocrx_word' id='word_1_64' title='bbox 898 918 1005 989; x_wconf 83' lang='grc' dir='ltr'><strong>γάρ</strong></span> <span class='ocrx_word' id='word_1_65' title='bbox 1042 919 1367 990; x_wconf 70' lang='grc' dir='ltr'>στερρότητα</span> <span class='ocrx_word' id='word_1_66' title='bbox 1398 918 1491 970; x_wconf 74' lang='grc' dir='ltr'>καὶ</span> <span class='ocrx_word' id='word_1_67' title='bbox 1516 916 1832 970; x_wconf 80' lang='grc' dir='ltr'><strong>ἀντιτυπίαν</strong></span> 
     </span>
    </p>
   </div>
   <div class='ocr_carea' id='block_1_9' title="bbox 258 1008 1833 1087">
    <p class='ocr_par' dir='ltr' id='par_1_9' title="bbox 258 1008 1833 1087">
     <span class='ocr_line' id='line_1_9' title="bbox 258 1008 1833 1087; baseline -0.007 -15"><span class='ocrx_word' id='word_1_68' title='bbox 258 1019 355 1073; x_wconf 86' lang='grc' dir='ltr'><strong>τοῦ</strong></span> <span class='ocrx_word' id='word_1_69' title='bbox 399 1016 703 1087; x_wconf 84' lang='grc' dir='ltr'>πνεύματος</span> <span class='ocrx_word' id='word_1_70' title='bbox 740 1012 833 1066; x_wconf 89' lang='grc' dir='ltr'><strong>τοῦ</strong></span> <span class='ocrx_word' id='word_1_71' title='bbox 884 1009 1455 1081; x_wconf 80' lang='grc' dir='ltr'>ὲναπολαμδανομένου</span> <span class='ocrx_word' id='word_1_72' title='bbox 1498 1012 1615 1071; x_wconf 76' lang='grc' dir='ltr'>ταῖς</span> <span class='ocrx_word' id='word_1_73' title='bbox 1663 1008 1833 1061; x_wconf 82' lang='grc' dir='ltr'>κοιλό-</span> 
     </span>
    </p>
   </div>
   <div class='ocr_carea' id='block_1_10' title="bbox 257 1090 1833 1182">
    <p class='ocr_par' dir='ltr' id='par_1_10' title="bbox 257 1090 1833 1182">
     <span class='ocr_line' id='line_1_10' title="bbox 257 1090 1833 1182; baseline -0.006 -18"><span class='ocrx_word' id='word_1_74' title='bbox 257 1128 385 1182; x_wconf 85' lang='grc' dir='ltr'>τησι</span> <span class='ocrx_word' id='word_1_75' title='bbox 414 1090 521 1163; x_wconf 79' lang='grc' dir='ltr'><strong>τῶν</strong></span> <span class='ocrx_word' id='word_1_76' title='bbox 548 1106 722 1176; x_wconf 83' lang='grc' dir='ltr'>νεφῶν</span> <span class='ocrx_word' id='word_1_77' title='bbox 754 1109 853 1177; x_wconf 74' lang='lat'><strong>(2),</strong></span> <span class='ocrx_word' id='word_1_78' title='bbox 895 1107 988 1159; x_wconf 71' lang='grc' dir='ltr'><strong>καὶ</strong></span> <span class='ocrx_word' id='word_1_79' title='bbox 1026 1104 1111 1157; x_wconf 77' lang='grc' dir='ltr'>διὰ</span> <span class='ocrx_word' id='word_1_80' title='bbox 1148 1104 1207 1156; x_wconf 80' lang='grc' dir='ltr'>τὸ</span> <span class='ocrx_word' id='word_1_81' title='bbox 1244 1103 1433 1173; x_wconf 86' lang='grc' dir='ltr'>βιαίως</span> <span class='ocrx_word' id='word_1_82' title='bbox 1471 1102 1833 1173; x_wconf 86' lang='grc' dir='ltr'>ὲκρήγνυσθαι</span> 
     </span>
    </p>
   </div>
   <div class='ocr_carea' id='block_1_11' title="bbox 258 1193 1835 1269">
    <p class='ocr_par' dir='ltr' id='par_1_11' title="bbox 258 1193 1835 1269">
     <span class='ocr_line' id='line_1_11' title="bbox 258 1193 1835 1269; baseline -0.005 -15"><span class='ocrx_word' id='word_1_83' title='bbox 258 1203 387 1264; x_wconf 73' lang='grc' dir='ltr'>τοὺς</span> <span class='ocrx_word' id='word_1_84' title='bbox 411 1198 551 1253; x_wconf 85' lang='grc' dir='ltr'><strong>κατά</strong></span> <span class='ocrx_word' id='word_1_85' title='bbox 568 1198 667 1261; x_wconf 79' lang='grc' dir='ltr'><strong>τὰς</strong></span> <span class='ocrx_word' id='word_1_86' title='bbox 692 1197 920 1269; x_wconf 81' lang='grc' dir='ltr'>βροντάς</span> <span class='ocrx_word' id='word_1_87' title='bbox 947 1194 1330 1258; x_wconf 86' lang='grc' dir='ltr'>ἀποτελοῦντος</span> <span class='ocrx_word' id='word_1_88' title='bbox 1354 1194 1577 1263; x_wconf 68' lang='grc' dir='ltr'>ψόφους,</span> <span class='ocrx_word' id='word_1_89' title='bbox 1608 1193 1835 1264; x_wconf 59' lang='grc' dir='ltr'>στερέω-</span> 
     </span>
    </p>
   </div>
   <div class='ocr_carea' id='block_1_12' title="bbox 262 1285 1834 1361">
    <p class='ocr_par' dir='ltr' id='par_1_12' title="bbox 262 1285 1834 1361">
     <span class='ocr_line' id='line_1_12' title="bbox 262 1285 1834 1361; baseline -0.004 -16"><span class='ocrx_word' id='word_1_90' title='bbox 262 1311 347 1345; x_wconf 89' lang='grc' dir='ltr'><strong>σιν</strong></span> <span class='ocrx_word' id='word_1_91' title='bbox 375 1291 603 1361; x_wconf 79' lang='grc' dir='ltr'>βροντῆς</span> <span class='ocrx_word' id='word_1_92' title='bbox 636 1291 668 1359; x_wconf 83' lang='grc' dir='ltr'>ἡ</span> <span class='ocrx_word' id='word_1_93' title='bbox 702 1289 890 1361; x_wconf 81' lang='grc' dir='ltr'>Γραφὴ</span> <span class='ocrx_word' id='word_1_94' title='bbox 927 1287 1353 1358; x_wconf 85' lang='grc' dir='ltr'>προσηγόρευσε.</span> <span class='ocrx_word' id='word_1_95' title='bbox 1394 1288 1502 1341; x_wconf 79' lang='grc' dir='ltr'><strong>Καὶ</strong></span> <span class='ocrx_word' id='word_1_96' title='bbox 1538 1285 1633 1339; x_wconf 91' lang='grc' dir='ltr'><strong>νῦν</strong></span> <span class='ocrx_word' id='word_1_97' title='bbox 1661 1285 1834 1339; x_wconf 83' lang='grc' dir='ltr'>τοίνυν</span> 
     </span>
    </p>
   </div>
   <div class='ocr_carea' id='block_1_13' title="bbox 259 1375 1832 1454">
    <p class='ocr_par' dir='ltr' id='par_1_13' title="bbox 259 1375 1832 1454">
     <span class='ocr_line' id='line_1_13' title="bbox 259 1375 1832 1454; baseline -0.006 -17"><span class='ocrx_word' id='word_1_98' title='bbox 259 1382 539 1454; x_wconf 76' lang='grc' dir='ltr'><strong>ἡγούμεθα</strong></span> <span class='ocrx_word' id='word_1_99' title='bbox 590 1381 682 1433; x_wconf 81' lang='grc' dir='ltr'>ἐπί</span> <span class='ocrx_word' id='word_1_100' title='bbox 731 1396 874 1442; x_wconf 90' lang='grc' dir='ltr'>τινος</span> <span class='ocrx_word' id='word_1_101' title='bbox 922 1379 1152 1449; x_wconf 72' lang='grc' dir='ltr'>στερρᾶς</span> <span class='ocrx_word' id='word_1_102' title='bbox 1198 1378 1411 1447; x_wconf 78' lang='grc' dir='ltr'>φύσεως</span> <span class='ocrx_word' id='word_1_103' title='bbox 1465 1377 1672 1445; x_wconf 82' lang='grc' dir='ltr'><strong>στέγειν</strong></span> <span class='ocrx_word' id='word_1_104' title='bbox 1738 1375 1832 1429; x_wconf 87' lang='grc' dir='ltr'><strong>τοῦ</strong></span> 
     </span>
    </p>
   </div>
   <div class='ocr_carea' id='block_1_14' title="bbox 259 1467 1830 1540">
    <p class='ocr_par' dir='ltr' id='par_1_14' title="bbox 259 1467 1830 1540">
     <span class='ocr_line' id='line_1_14' title="bbox 259 1467 1830 1540; baseline -0.004 -13"><span class='ocrx_word' id='word_1_105' title='bbox 259 1475 450 1537; x_wconf 82' lang='grc' dir='ltr'>ὓδατος</span> <span class='ocrx_word' id='word_1_106' title='bbox 482 1473 542 1526; x_wconf 81' lang='grc' dir='ltr'>τὸ</span> <span class='ocrx_word' id='word_1_107' title='bbox 577 1470 857 1540; x_wconf 80' lang='grc' dir='ltr'><strong>ὀλισθηρὸν</strong></span> <span class='ocrx_word' id='word_1_108' title='bbox 903 1470 997 1522; x_wconf 75' lang='grc' dir='ltr'>καὶ</span> <span class='ocrx_word' id='word_1_109' title='bbox 1021 1469 1328 1522; x_wconf 75' lang='grc' dir='ltr'>εὐδιάλυτον</span> <span class='ocrx_word' id='word_1_110' title='bbox 1365 1468 1436 1537; x_wconf 79' lang='grc'>(5)</span> <span class='ocrx_word' id='word_1_111' title='bbox 1477 1467 1830 1538; x_wconf 77' lang='grc' dir='ltr'>ὲξαρκούσης,</span> 
     </span>
    </p>
   </div>
   <div class='ocr_carea' id='block_1_15' title="bbox 257 1559 1834 1637">
    <p class='ocr_par' dir='ltr' id='par_1_15' title="bbox 257 1559 1834 1637">
     <span class='ocr_line' id='line_1_15' title="bbox 257 1559 1834 1637; baseline -0.005 -17"><span class='ocrx_word' id='word_1_112' title='bbox 257 1569 355 1637; x_wconf 81' lang='grc' dir='ltr'>τὴν</span> <span class='ocrx_word' id='word_1_113' title='bbox 386 1566 567 1636; x_wconf 78' lang='grc' dir='ltr'>φωνὴν</span> <span class='ocrx_word' id='word_1_114' title='bbox 614 1562 814 1630; x_wconf 85' lang='grc' dir='ltr'>ταύτην</span> <span class='ocrx_word' id='word_1_115' title='bbox 857 1560 1131 1631; x_wconf 79' lang='grc' dir='ltr'><strong>τετάχθαι.</strong></span> <span class='ocrx_word' id='word_1_116' title='bbox 1184 1560 1373 1613; x_wconf 78' lang='grc' dir='ltr'>Καὶού</span> <span class='ocrx_word' id='word_1_117' title='bbox 1422 1560 1621 1628; x_wconf 81' lang='grc' dir='ltr'>δήπου,</span> <span class='ocrx_word' id='word_1_118' title='bbox 1652 1559 1834 1630; x_wconf 81' lang='grc' dir='ltr'>ἐπειδὴ</span> 
     </span>
    </p>
   </div>
   <div class='ocr_carea' id='block_1_16' title="bbox 256 1650 1837 1725">
    <p class='ocr_par' dir='ltr' id='par_1_16' title="bbox 256 1650 1837 1725">
     <span class='ocr_line' id='line_1_16' title="bbox 256 1650 1837 1725; baseline -0.004 -14"><span class='ocrx_word' id='word_1_119' title='bbox 256 1658 403 1713; x_wconf 86' lang='grc' dir='ltr'><strong>κατά</strong></span> <span class='ocrx_word' id='word_1_120' title='bbox 430 1657 527 1725; x_wconf 75' lang='grc' dir='ltr'>τὴν</span> <span class='ocrx_word' id='word_1_121' title='bbox 560 1652 742 1724; x_wconf 80' lang='grc' dir='ltr'>κοινὴν</span> <span class='ocrx_word' id='word_1_122' title='bbox 772 1653 997 1724; x_wconf 76' lang='grc' dir='ltr'><strong>ἐκδοχὴν</strong></span> <span class='ocrx_word' id='word_1_123' title='bbox 1020 1654 1084 1705; x_wconf 82' lang='grc' dir='ltr'>ὲκ</span> <span class='ocrx_word' id='word_1_124' title='bbox 1112 1651 1205 1705; x_wconf 90' lang='grc' dir='ltr'><strong>τοῦ</strong></span> <span class='ocrx_word' id='word_1_125' title='bbox 1230 1650 1420 1715; x_wconf 78' lang='grc' dir='ltr'>ὓδατος</span> <span class='ocrx_word' id='word_1_126' title='bbox 1440 1653 1584 1705; x_wconf 80' lang='grc' dir='ltr'>δοκεῖ</span> <span class='ocrx_word' id='word_1_127' title='bbox 1615 1653 1713 1724; x_wconf 78' lang='grc' dir='ltr'>τὴν</span> <span class='ocrx_word' id='word_1_128' title='bbox 1755 1653 1837 1721; x_wconf 85' lang='grc' dir='ltr'>γέ-</span> 
     </span>
    </p>
   </div>
   <div class='ocr_carea' id='block_1_17' title="bbox 257 1740 1835 1818">
    <p class='ocr_par' dir='ltr' id='par_1_17' title="bbox 257 1740 1835 1818">
     <span class='ocr_line' id='line_1_17' title="bbox 257 1740 1835 1818; baseline -0.006 -13"><span class='ocrx_word' id='word_1_129' title='bbox 257 1769 405 1805; x_wconf 87' lang='grc' dir='ltr'>νεσιν</span> <span class='ocrx_word' id='word_1_130' title='bbox 452 1747 759 1818; x_wconf 76' lang='grc' dir='ltr'>ἐσχηκέναι,</span> <span class='ocrx_word' id='word_1_131' title='bbox 801 1746 833 1817; x_wconf 88' lang='grc' dir='ltr'>ἢ</span> <span class='ocrx_word' id='word_1_132' title='bbox 882 1745 1034 1799; x_wconf 85' lang='grc' dir='ltr'>ῦδατι</span> <span class='ocrx_word' id='word_1_133' title='bbox 1086 1744 1356 1815; x_wconf 78' lang='grc' dir='ltr'><strong>πεπηγότι</strong></span> <span class='ocrx_word' id='word_1_134' title='bbox 1402 1744 1641 1815; x_wconf 74' lang='grc' dir='ltr'>ἐμφερὲς</span> <span class='ocrx_word' id='word_1_135' title='bbox 1698 1740 1835 1797; x_wconf 84' lang='grc' dir='ltr'>εἶναι</span> 
     </span>
    </p>
   </div>
   <div class='ocr_carea' id='block_1_18' title="bbox 258 1834 1832 1913">
    <p class='ocr_par' dir='ltr' id='par_1_18' title="bbox 258 1834 1832 1913">
     <span class='ocr_line' id='line_1_18' title="bbox 258 1834 1832 1913; baseline -0.005 -18"><span class='ocrx_word' id='word_1_136' title='bbox 258 1842 524 1913; x_wconf 84' lang='grc' dir='ltr'>προσήκει</span> <span class='ocrx_word' id='word_1_137' title='bbox 571 1839 831 1909; x_wconf 79' lang='grc' dir='ltr'>νομίζειν,</span> <span class='ocrx_word' id='word_1_138' title='bbox 879 1838 912 1907; x_wconf 76' lang='grc' dir='ltr'><strong>ἧ</strong></span> <span class='ocrx_word' id='word_1_139' title='bbox 948 1853 1054 1889; x_wconf 90' lang='grc' dir='ltr'>τινι</span> <span class='ocrx_word' id='word_1_140' title='bbox 1092 1834 1316 1907; x_wconf 83' lang='grc' dir='ltr'>τοιαύτῃ</span> <span class='ocrx_word' id='word_1_141' title='bbox 1359 1835 1457 1907; x_wconf 82' lang='grc' dir='ltr'>ὐλῃ</span> <span class='ocrx_word' id='word_1_142' title='bbox 1506 1836 1568 1887; x_wconf 86' lang='grc' dir='ltr'>ὲκ</span> <span class='ocrx_word' id='word_1_143' title='bbox 1612 1835 1709 1905; x_wconf 81' lang='grc' dir='ltr'>τῆς</span> <span class='ocrx_word' id='word_1_144' title='bbox 1740 1835 1832 1887; x_wconf 88' lang='grc' dir='ltr'><strong>τοῦ</strong></span> 
     </span>
    </p>
   </div>
   <div class='ocr_carea' id='block_1_19' title="bbox 259 1927 1833 2005">
    <p class='ocr_par' dir='ltr' id='par_1_19' title="bbox 259 1927 1833 2005">
     <span class='ocr_line' id='line_1_19' title="bbox 259 1927 1833 2005; baseline -0.005 -18"><span class='ocrx_word' id='word_1_145' title='bbox 259 1933 427 2005; x_wconf 80' lang='grc' dir='ltr'>ὑγροῦ</span> <span class='ocrx_word' id='word_1_146' title='bbox 455 1931 754 2004; x_wconf 82' lang='grc' dir='ltr'>διηθήσεως</span> <span class='ocrx_word' id='word_1_147' title='bbox 778 1931 875 2002; x_wconf 78' lang='grc' dir='ltr'>τὴν</span> <span class='ocrx_word' id='word_1_148' title='bbox 906 1931 1077 1999; x_wconf 82' lang='grc' dir='ltr'>ἀρχὴν</span> <span class='ocrx_word' id='word_1_149' title='bbox 1103 1927 1477 1999; x_wconf 79' lang='grc' dir='ltr'>λαμϐανούσῃ,</span> <span class='ocrx_word' id='word_1_150' title='bbox 1508 1927 1665 1980; x_wconf 84' lang='grc' dir='ltr'>ὁποία</span> <span class='ocrx_word' id='word_1_151' title='bbox 1686 1928 1833 1980; x_wconf 76' lang='grc' dir='ltr'>ἐστὶν</span> 
     </span>
    </p>
   </div>
   <div class='ocr_carea' id='block_1_20' title="bbox 257 2018 1835 2096">
    <p class='ocr_par' dir='ltr' id='par_1_20' title="bbox 257 2018 1835 2096">
     <span class='ocr_line' id='line_1_20' title="bbox 257 2018 1835 2096; baseline -0.004 -15"><span class='ocrx_word' id='word_1_152' title='bbox 257 2028 292 2096; x_wconf 77' lang='grc' dir='ltr'>ἦ</span> <span class='ocrx_word' id='word_1_153' title='bbox 326 2044 385 2081; x_wconf 91' lang='grc' dir='ltr'><strong>τε</strong></span> <span class='ocrx_word' id='word_1_154' title='bbox 430 2025 523 2079; x_wconf 90' lang='grc' dir='ltr'><strong>τοῦ</strong></span> <span class='ocrx_word' id='word_1_155' title='bbox 578 2024 911 2095; x_wconf 70' lang='grc' dir='ltr'>κρυστάλλου</span> <span class='ocrx_word' id='word_1_156' title='bbox 955 2020 1141 2084; x_wconf 82' lang='grc' dir='ltr'>λίθου,</span> <span class='ocrx_word' id='word_1_157' title='bbox 1171 2020 1231 2073; x_wconf 77' lang='grc' dir='ltr'>ὃν</span> <span class='ocrx_word' id='word_1_158' title='bbox 1281 2018 1347 2073; x_wconf 82' lang='grc' dir='ltr'>δι’</span> <span class='ocrx_word' id='word_1_159' title='bbox 1394 2019 1835 2090; x_wconf 80' lang='grc' dir='ltr'>ὐπερὸάλλουσαν</span> 
     </span>
    </p>
   </div>
   <div class='ocr_carea' id='block_1_21' title="bbox 257 2110 1838 2187">
    <p class='ocr_par' dir='ltr' id='par_1_21' title="bbox 257 2110 1838 2187">
     <span class='ocr_line' id='line_1_21' title="bbox 257 2110 1838 2187; baseline -0.004 -15"><span class='ocrx_word' id='word_1_160' title='bbox 257 2119 351 2172; x_wconf 91' lang='grc' dir='ltr'><strong>τοῦ</strong></span> <span class='ocrx_word' id='word_1_161' title='bbox 387 2118 577 2181; x_wconf 79' lang='grc' dir='ltr'>ὓδατος</span> <span class='ocrx_word' id='word_1_162' title='bbox 607 2116 769 2187; x_wconf 77' lang='grc' dir='ltr'>πῆξιν</span> <span class='ocrx_word' id='word_1_163' title='bbox 804 2110 1212 2184; x_wconf 84' lang='grc' dir='ltr'>μεταποιεῖσθαί</span> <span class='ocrx_word' id='word_1_164' title='bbox 1242 2128 1427 2180; x_wconf 88' lang='grc' dir='ltr'>φασιν,</span> <span class='ocrx_word' id='word_1_165' title='bbox 1455 2112 1488 2182; x_wconf 81' lang='grc' dir='ltr'>ἢ</span> <span class='ocrx_word' id='word_1_166' title='bbox 1517 2114 1549 2183; x_wconf 83' lang='grc' dir='ltr'>ἠ</span> <span class='ocrx_word' id='word_1_167' title='bbox 1586 2112 1680 2165; x_wconf 90' lang='grc' dir='ltr'><strong>τοῦ</strong></span> <span class='ocrx_word' id='word_1_168' title='bbox 1709 2112 1838 2166; x_wconf 86' lang='grc' dir='ltr'>σπέ-</span> 
     </span>
    </p>
   </div>
   <div class='ocr_carea' id='block_1_22' title="bbox 256 2203 1836 2279">
    <p class='ocr_par' dir='ltr' id='par_1_22' title="bbox 256 2203 1836 2279">
     <span class='ocr_line' id='line_1_22' title="bbox 256 2203 1836 2279; baseline -0.006 -14"><span class='ocrx_word' id='word_1_169' title='bbox 256 2211 388 2265; x_wconf 87' lang='grc' dir='ltr'>κλου</span> <span class='ocrx_word' id='word_1_170' title='bbox 412 2210 573 2279; x_wconf 72' lang='grc' dir='ltr'>φύσις</span> <span class='ocrx_word' id='word_1_171' title='bbox 606 2208 680 2279; x_wconf 68' lang='grc'><strong>(4)</strong></span> <span class='ocrx_word' id='word_1_172' title='bbox 726 2209 782 2259; x_wconf 84' lang='grc' dir='ltr'><strong>ὲν</strong></span> <span class='ocrx_word' id='word_1_173' title='bbox 834 2203 1116 2276; x_wconf 77' lang='grc' dir='ltr'>μετάλλοις</span> <span class='ocrx_word' id='word_1_174' title='bbox 1143 2203 1529 2274; x_wconf 84' lang='grc' dir='ltr'><strong>συνισταμένη.</strong></span> <span class='ocrx_word' id='word_1_175' title='bbox 1571 2203 1731 2266; x_wconf 89' lang='grc' dir='ltr'>Λίθος</span> <span class='ocrx_word' id='word_1_176' title='bbox 1779 2203 1836 2256; x_wconf 88' lang='grc' dir='ltr'><strong>δέ</strong></span> 
     </span>
    </p>
   </div>
   <div class='ocr_carea' id='block_1_23' title="bbox 254 2294 1835 2370">
    <p class='ocr_par' dir='ltr' id='par_1_23' title="bbox 254 2294 1835 2370">
     <span class='ocr_line' id='line_1_23' title="bbox 254 2294 1835 2370; baseline -0.006 -13"><span class='ocrx_word' id='word_1_177' title='bbox 254 2304 374 2357; x_wconf 61' lang='grc' dir='ltr'>ἔστι</span> <span class='ocrx_word' id='word_1_178' title='bbox 400 2301 654 2370; x_wconf 78' lang='grc' dir='ltr'>διαυγὴς,</span> <span class='ocrx_word' id='word_1_179' title='bbox 688 2297 991 2361; x_wconf 72' lang='grc' dir='ltr'>ἰδιάζουσαν</span> <span class='ocrx_word' id='word_1_180' title='bbox 1021 2298 1113 2349; x_wconf 78' lang='grc' dir='ltr'>καὶ</span> <span class='ocrx_word' id='word_1_181' title='bbox 1155 2294 1549 2366; x_wconf 76' lang='grc' dir='ltr'>καθαρωτάτην</span> <span class='ocrx_word' id='word_1_182' title='bbox 1590 2294 1688 2366; x_wconf 78' lang='grc' dir='ltr'><strong>τὴν</strong></span> <span class='ocrx_word' id='word_1_183' title='bbox 1718 2295 1835 2348; x_wconf 90' lang='grc' dir='ltr'>δια-</span> 
     </span>
    </p>
   </div>
   <div class='ocr_carea' id='block_1_24' title="bbox 255 2386 1836 2465">
    <p class='ocr_par' dir='ltr' id='par_1_24' title="bbox 255 2386 1836 2465">
     <span class='ocr_line' id='line_1_24' title="bbox 255 2386 1836 2465; baseline -0.006 -16"><span class='ocrx_word' id='word_1_184' title='bbox 255 2396 482 2465; x_wconf 77' lang='grc' dir='ltr'>φάνειαν</span> <span class='ocrx_word' id='word_1_185' title='bbox 509 2390 861 2460; x_wconf 86' lang='grc' dir='ltr'>κεκτημένος,</span> <span class='ocrx_word' id='word_1_186' title='bbox 892 2389 970 2453; x_wconf 87' lang='grc' dir='ltr'>ὃς,</span> <span class='ocrx_word' id='word_1_187' title='bbox 992 2388 1093 2441; x_wconf 73' lang='grc' dir='ltr'><strong>ἐὰν</strong></span> <span class='ocrx_word' id='word_1_188' title='bbox 1139 2388 1281 2441; x_wconf 87' lang='grc' dir='ltr'><strong>κατά</strong></span> <span class='ocrx_word' id='word_1_189' title='bbox 1308 2387 1404 2458; x_wconf 79' lang='grc' dir='ltr'>τὴν</span> <span class='ocrx_word' id='word_1_190' title='bbox 1440 2386 1634 2441; x_wconf 79' lang='grc' dir='ltr'>ἑαυτοῦ</span> <span class='ocrx_word' id='word_1_191' title='bbox 1676 2387 1836 2457; x_wconf 86' lang='grc' dir='ltr'>φύσιν</span> 
     </span>
    </p>
   </div>
   <div class='ocr_carea' id='block_1_25' title="bbox 254 2479 1834 2557">
    <p class='ocr_par' dir='ltr' id='par_1_25' title="bbox 254 2479 1834 2557">
     <span class='ocr_line' id='line_1_25' title="bbox 254 2479 1834 2557; baseline -0.006 -16"><span class='ocrx_word' id='word_1_192' title='bbox 254 2485 492 2557; x_wconf 79' lang='grc' dir='ltr'>ἀκριϐὴς</span> <span class='ocrx_word' id='word_1_193' title='bbox 515 2482 732 2554; x_wconf 79' lang='grc' dir='ltr'>εὑρεθῇ,</span> <span class='ocrx_word' id='word_1_194' title='bbox 772 2483 908 2553; x_wconf 87' lang='grc' dir='ltr'>μήτε</span> <span class='ocrx_word' id='word_1_195' title='bbox 940 2479 1398 2550; x_wconf 84' lang='grc' dir='ltr'>κατεδηδεσμένος</span> <span class='ocrx_word' id='word_1_196' title='bbox 1428 2479 1679 2551; x_wconf 87' lang='grc' dir='ltr'>σηπεδόνι</span> <span class='ocrx_word' id='word_1_197' title='bbox 1708 2481 1834 2542; x_wconf 78' lang='grc' dir='ltr'>τινὶ,</span> 
     </span>
    </p>
   </div>
   <div class='ocr_carea' id='block_1_26' title="bbox 261 2570 1837 2649">
    <p class='ocr_par' dir='ltr' id='par_1_26' title="bbox 261 2570 1837 2649">
     <span class='ocr_line' id='line_1_26' title="bbox 261 2570 1837 2649; baseline -0.004 -19"><span class='ocrx_word' id='word_1_198' title='bbox 261 2579 397 2649; x_wconf 86' lang='grc' dir='ltr'>μήτε</span> <span class='ocrx_word' id='word_1_199' title='bbox 427 2575 488 2628; x_wconf 86' lang='grc' dir='ltr'>τὸ</span> <span class='ocrx_word' id='word_1_200' title='bbox 512 2573 672 2645; x_wconf 81' lang='grc' dir='ltr'>βάθος</span> <span class='ocrx_word' id='word_1_201' title='bbox 700 2572 1113 2643; x_wconf 79' lang='grc' dir='ltr'>ὐπερῤηγμένος</span> <span class='ocrx_word' id='word_1_202' title='bbox 1141 2573 1260 2633; x_wconf 82' lang='grc' dir='ltr'>ταῖς</span> <span class='ocrx_word' id='word_1_203' title='bbox 1291 2570 1573 2639; x_wconf 77' lang='grc' dir='ltr'>διαφύσεσι</span> <span class='ocrx_word' id='word_1_204' title='bbox 1597 2610 1611 2634; x_wconf 86' lang='grc'><strong>,</strong></span> <span class='ocrx_word' id='word_1_205' title='bbox 1638 2570 1837 2642; x_wconf 80' lang='grc' dir='ltr'>μικροῦ</span> 
     </span>
    </p>
   </div>
   <div class='ocr_carea' id='block_1_27' title="bbox 256 2658 1840 2739">
    <p class='ocr_par' dir='ltr' id='par_1_27' title="bbox 256 2658 1840 2739">
     <span class='ocr_line' id='line_1_27' title="bbox 256 2658 1840 2739; baseline -0.004 -17"><span class='ocrx_word' id='word_1_206' title='bbox 256 2669 335 2739; x_wconf 83' lang='grc' dir='ltr'><strong>τῷ</strong></span> <span class='ocrx_word' id='word_1_207' title='bbox 364 2669 485 2739; x_wconf 83' lang='grc' dir='ltr'>ἀέρι</span> <span class='ocrx_word' id='word_1_208' title='bbox 514 2666 611 2738; x_wconf 86' lang='grc' dir='ltr'>τὴν</span> <span class='ocrx_word' id='word_1_209' title='bbox 638 2664 910 2733; x_wconf 86' lang='grc' dir='ltr'>διαύγειαν</span> <span class='ocrx_word' id='word_1_210' title='bbox 952 2664 1145 2716; x_wconf 80' lang='grc' dir='ltr'>ἔοικεν.</span> <span class='ocrx_word' id='word_1_211' title='bbox 1175 2662 1362 2715; x_wconf 76' lang='grc' dir='ltr'>Οὐδενὶ</span> <span class='ocrx_word' id='word_1_212' title='bbox 1399 2658 1490 2717; x_wconf 78' lang='grc' dir='ltr'>οὖν</span> <span class='ocrx_word' id='word_1_213' title='bbox 1529 2663 1730 2717; x_wconf 89' lang='grc' dir='ltr'>τούτων</span> <span class='ocrx_word' id='word_1_214' title='bbox 1764 2666 1840 2717; x_wconf 86' lang='grc' dir='ltr'>εί-</span> 
     </span>
    </p>
   </div>
   <div class='ocr_carea' id='block_1_28' title="bbox 258 2754 1837 2831">
    <p class='ocr_par' dir='ltr' id='par_1_28' title="bbox 258 2754 1837 2831">
     <span class='ocr_line' id='line_1_28' title="bbox 258 2754 1837 2831; baseline -0.003 -18"><span class='ocrx_word' id='word_1_215' title='bbox 258 2759 500 2831; x_wconf 72' lang='grc' dir='ltr'>κάζομεν</span> <span class='ocrx_word' id='word_1_216' title='bbox 543 2758 605 2812; x_wconf 83' lang='grc' dir='ltr'>τὸ</span> <span class='ocrx_word' id='word_1_217' title='bbox 652 2758 957 2829; x_wconf 87' lang='grc' dir='ltr'>στερέωμα.</span> <span class='ocrx_word' id='word_1_218' title='bbox 999 2754 1261 2825; x_wconf 82' lang='grc' dir='ltr'>Παιδιχῆς</span> <span class='ocrx_word' id='word_1_219' title='bbox 1299 2754 1407 2825; x_wconf 83' lang='grc' dir='ltr'><strong>γάρ</strong></span> <span class='ocrx_word' id='word_1_220' title='bbox 1454 2755 1531 2827; x_wconf 84' lang='grc' dir='ltr'>τῷ</span> <span class='ocrx_word' id='word_1_221' title='bbox 1585 2757 1696 2809; x_wconf 83' lang='grc' dir='ltr'>δντι</span> <span class='ocrx_word' id='word_1_222' title='bbox 1746 2757 1837 2809; x_wconf 77' lang='grc' dir='ltr'>καὶ</span> 
     </span>
    </p>
   </div>
   <div class='ocr_carea' id='block_1_29' title="bbox 260 2847 1834 2923">
    <p class='ocr_par' dir='ltr' id='par_1_29' title="bbox 260 2847 1834 2923">
     <span class='ocr_line' id='line_1_29' title="bbox 260 2847 1834 2923; baseline -0.003 -17"><span class='ocrx_word' id='word_1_223' title='bbox 260 2853 438 2923; x_wconf 83' lang='grc' dir='ltr'>ἁπλῆς</span> <span class='ocrx_word' id='word_1_224' title='bbox 470 2851 707 2913; x_wconf 77' lang='grc' dir='ltr'>διανοίας</span> <span class='ocrx_word' id='word_1_225' title='bbox 736 2848 989 2912; x_wconf 82' lang='grc' dir='ltr'>τοιαύτας</span> <span class='ocrx_word' id='word_1_226' title='bbox 1011 2847 1155 2919; x_wconf 80' lang='grc' dir='ltr'>ἔχειν</span> <span class='ocrx_word' id='word_1_227' title='bbox 1178 2850 1303 2917; x_wconf 82' lang='grc' dir='ltr'>περὶ</span> <span class='ocrx_word' id='word_1_228' title='bbox 1325 2848 1433 2901; x_wconf 86' lang='grc' dir='ltr'>τῶν</span> <span class='ocrx_word' id='word_1_229' title='bbox 1462 2850 1727 2919; x_wconf 83' lang='grc' dir='ltr'>οὐρανίων</span> <span class='ocrx_word' id='word_1_230' title='bbox 1759 2849 1834 2919; x_wconf 82' lang='grc'>(5)</span> 
     </span>
    </p>
   </div>
   <div class='ocr_carea' id='block_1_30' title="bbox 256 2939 1833 3014">
    <p class='ocr_par' dir='ltr' id='par_1_30' title="bbox 256 2939 1833 3014">
     <span class='ocr_line' id='line_1_30' title="bbox 256 2939 1833 3014; baseline -0.004 -15"><span class='ocrx_word' id='word_1_231' title='bbox 256 2945 356 3009; x_wconf 76' lang='grc' dir='ltr'><strong>τὰς</strong></span> <span class='ocrx_word' id='word_1_232' title='bbox 383 2943 696 3014; x_wconf 75' lang='grc' dir='ltr'>ὑπολήψεις.</span> <span class='ocrx_word' id='word_1_233' title='bbox 720 2942 793 2995; x_wconf 81' lang='grc' dir='ltr'>Οὐ</span> <span class='ocrx_word' id='word_1_234' title='bbox 824 2941 928 3012; x_wconf 84' lang='grc' dir='ltr'>μὴν</span> <span class='ocrx_word' id='word_1_235' title='bbox 957 2940 1078 2993; x_wconf 82' lang='grc' dir='ltr'>οὐδὲ</span> <span class='ocrx_word' id='word_1_236' title='bbox 1108 2940 1155 2991; x_wconf 87' lang='grc' dir='ltr'><strong>εί</strong></span> <span class='ocrx_word' id='word_1_237' title='bbox 1186 2940 1362 2993; x_wconf 84' lang='grc' dir='ltr'>πάντα</span> <span class='ocrx_word' id='word_1_238' title='bbox 1387 2941 1443 2994; x_wconf 81' lang='grc' dir='ltr'>ὲν</span> <span class='ocrx_word' id='word_1_239' title='bbox 1475 2939 1676 2993; x_wconf 80' lang='grc' dir='ltr'>ἅπασίν</span> <span class='ocrx_word' id='word_1_240' title='bbox 1697 2941 1833 3001; x_wconf 79' lang='grc' dir='ltr'>ἐστι,</span> 
     </span>
    </p>
   </div>
   <div class='ocr_carea' id='block_1_31' title="bbox 257 3033 1837 3109">
    <p class='ocr_par' dir='ltr' id='par_1_31' title="bbox 257 3033 1837 3109">
     <span class='ocr_line' id='line_1_31' title="bbox 257 3033 1837 3109; baseline -0.001 -18"><span class='ocrx_word' id='word_1_241' title='bbox 257 3038 371 3108; x_wconf 80' lang='grc' dir='ltr'><strong>πῦρ</strong></span> <span class='ocrx_word' id='word_1_242' title='bbox 404 3039 500 3108; x_wconf 81' lang='grc' dir='ltr'>μὲν</span> <span class='ocrx_word' id='word_1_243' title='bbox 520 3039 576 3090; x_wconf 78' lang='grc' dir='ltr'>ὲν</span> <span class='ocrx_word' id='word_1_244' title='bbox 598 3040 688 3109; x_wconf 84' lang='grc' dir='ltr'>γῇ,</span> <span class='ocrx_word' id='word_1_245' title='bbox 719 3036 825 3108; x_wconf 76' lang='grc' dir='ltr'>ἀὴρ</span> <span class='ocrx_word' id='word_1_246' title='bbox 849 3036 905 3089; x_wconf 83' lang='grc' dir='ltr'>δὲ</span> <span class='ocrx_word' id='word_1_247' title='bbox 932 3038 988 3087; x_wconf 83' lang='grc' dir='ltr'><strong>ὲν</strong></span> <span class='ocrx_word' id='word_1_248' title='bbox 1015 3033 1183 3092; x_wconf 76' lang='grc' dir='ltr'>ὕδατι.</span> <span class='ocrx_word' id='word_1_249' title='bbox 1210 3035 1303 3087; x_wconf 79' lang='grc' dir='ltr'><strong>καὶ</strong></span> <span class='ocrx_word' id='word_1_250' title='bbox 1326 3035 1431 3089; x_wconf 86' lang='grc' dir='ltr'><strong>τῶν</strong></span> <span class='ocrx_word' id='word_1_251' title='bbox 1460 3035 1637 3091; x_wconf 79' lang='grc' dir='ltr'>ἄλλων</span> <span class='ocrx_word' id='word_1_252' title='bbox 1659 3036 1837 3090; x_wconf 85' lang='grc' dir='ltr'>ὡσαύ-</span> 
     </span>
    </p>
   </div>
   <div class='ocr_carea' id='block_1_32' title="bbox 256 3125 1840 3201">
    <p class='ocr_par' dir='ltr' id='par_1_32' title="bbox 256 3125 1840 3201">
     <span class='ocr_line' id='line_1_32' title="bbox 256 3125 1840 3201; baseline 0 -19"><span class='ocrx_word' id='word_1_253' title='bbox 256 3147 365 3191; x_wconf 83' lang='grc' dir='ltr'><strong>τως</strong></span> <span class='ocrx_word' id='word_1_254' title='bbox 387 3131 443 3183; x_wconf 83' lang='grc' dir='ltr'>ὲν</span> <span class='ocrx_word' id='word_1_255' title='bbox 469 3130 637 3201; x_wconf 75' lang='grc' dir='ltr'>ἑτέρῳ</span> <span class='ocrx_word' id='word_1_256' title='bbox 660 3130 721 3183; x_wconf 84' lang='grc' dir='ltr'>τὸ</span> <span class='ocrx_word' id='word_1_257' title='bbox 744 3130 927 3199; x_wconf 68' lang='grc' dir='ltr'>ἕτερον</span> <span class='ocrx_word' id='word_1_258' title='bbox 945 3143 957 3157; x_wconf 76' lang='grc' dir='ltr'><strong><em>ο</em></strong></span> <span class='ocrx_word' id='word_1_259' title='bbox 987 3125 1081 3179; x_wconf 77' lang='grc' dir='ltr'>καὶ</span> <span class='ocrx_word' id='word_1_260' title='bbox 1107 3126 1272 3196; x_wconf 84' lang='grc' dir='ltr'>μηδὲν</span> <span class='ocrx_word' id='word_1_261' title='bbox 1302 3128 1409 3182; x_wconf 81' lang='grc' dir='ltr'>τῶν</span> <span class='ocrx_word' id='word_1_262' title='bbox 1438 3129 1686 3201; x_wconf 85' lang='grc' dir='ltr'>αίσθήσει</span> <span class='ocrx_word' id='word_1_263' title='bbox 1716 3131 1840 3182; x_wconf 89' lang='grc' dir='ltr'>ὐπο-</span> 
     </span>
    </p>
   </div>
   <div class='ocr_carea' id='block_1_33' title="bbox 255 3218 1908 3299">
    <p class='ocr_par' dir='ltr' id='par_1_33' title="bbox 255 3218 1908 3299">
     <span class='ocr_line' id='line_1_33' title="bbox 255 3218 1908 3299; baseline -0.002 -21"><span class='ocrx_word' id='word_1_264' title='bbox 255 3226 564 3278; x_wconf 84' lang='grc' dir='ltr'>πιπτόντων</span> <span class='ocrx_word' id='word_1_265' title='bbox 606 3220 881 3291; x_wconf 83' lang='grc' dir='ltr'>στοιχείων</span> <span class='ocrx_word' id='word_1_266' title='bbox 928 3218 1214 3289; x_wconf 84' lang='grc' dir='ltr'>είλικρινές</span> <span class='ocrx_word' id='word_1_267' title='bbox 1266 3222 1380 3273; x_wconf 75' lang='grc' dir='ltr'>ἐστι</span> <span class='ocrx_word' id='word_1_268' title='bbox 1428 3222 1520 3274; x_wconf 72' lang='grc' dir='ltr'>καὶ</span> <span class='ocrx_word' id='word_1_269' title='bbox 1561 3221 1757 3291; x_wconf 85' lang='grc' dir='ltr'>ἀμιγὲς</span> <span class='ocrx_word' id='word_1_270' title='bbox 1802 3221 1908 3299; x_wconf 72' lang='grc' dir='ltr'>ἦρ</span> 
     </span>
    </p>
   </div>
   <div class='ocr_carea' id='block_1_34' title="bbox 253 3312 1838 3387">
    <p class='ocr_par' dir='ltr' id='par_1_34' title="bbox 253 3312 1838 3387">
     <span class='ocr_line' id='line_1_34' title="bbox 253 3312 1838 3387; baseline -0.003 -17"><span class='ocrx_word' id='word_1_271' title='bbox 253 3319 356 3387; x_wconf 86' lang='grc' dir='ltr'>τῆς</span> <span class='ocrx_word' id='word_1_272' title='bbox 384 3317 520 3386; x_wconf 83' lang='grc' dir='ltr'>πρὸς</span> <span class='ocrx_word' id='word_1_273' title='bbox 552 3314 612 3366; x_wconf 80' lang='grc' dir='ltr'>τὸ</span> <span class='ocrx_word' id='word_1_274' title='bbox 647 3312 828 3383; x_wconf 78' lang='grc' dir='ltr'>μέσον,</span> <span class='ocrx_word' id='word_1_275' title='bbox 862 3312 1017 3384; x_wconf 80' lang='grc' dir='ltr'><strong>ἢτῆς</strong></span> <span class='ocrx_word' id='word_1_276' title='bbox 1043 3318 1179 3385; x_wconf 78' lang='grc' dir='ltr'>πρὸς</span> <span class='ocrx_word' id='word_1_277' title='bbox 1214 3314 1274 3365; x_wconf 85' lang='grc' dir='ltr'>τὸ</span> <span class='ocrx_word' id='word_1_278' title='bbox 1307 3313 1679 3383; x_wconf 85' lang='grc' dir='ltr'>ἀντικείμενον</span> <span class='ocrx_word' id='word_1_279' title='bbox 1723 3330 1838 3366; x_wconf 86' lang='grc' dir='ltr'>κοι-</span> 
     </span>
    </p>
   </div>
   <div class='ocr_carea' id='block_1_35' title="bbox 254 3406 1834 3478">
    <p class='ocr_par' dir='ltr' id='par_1_35' title="bbox 254 3406 1834 3478">
     <span class='ocr_line' id='line_1_35' title="bbox 254 3406 1834 3478; baseline -0.003 -14"><span class='ocrx_word' id='word_1_280' title='bbox 254 3409 484 3471; x_wconf 82' lang='grc' dir='ltr'>νωνίας·</span> <span class='ocrx_word' id='word_1_281' title='bbox 528 3406 715 3460; x_wconf 89' lang='grc' dir='ltr'>τούτου</span> <span class='ocrx_word' id='word_1_282' title='bbox 749 3407 933 3461; x_wconf 72' lang='grc' dir='ltr'>ἕνεκεν</span> <span class='ocrx_word' id='word_1_283' title='bbox 964 3407 1368 3478; x_wconf 85' lang='grc' dir='ltr'>καταδεχόμεθα</span> <span class='ocrx_word' id='word_1_284' title='bbox 1400 3406 1462 3460; x_wconf 81' lang='grc' dir='ltr'>τὸ</span> <span class='ocrx_word' id='word_1_285' title='bbox 1499 3406 1834 3478; x_wconf 84' lang='grc' dir='ltr'>στερέωμαῆ</span> 
     </span>
    </p>
   </div>
   <div class='ocr_carea' id='block_1_36' title="bbox 256 3499 1835 3571">
    <p class='ocr_par' dir='ltr' id='par_1_36' title="bbox 256 3499 1835 3571">
     <span class='ocr_line' id='line_1_36' title="bbox 256 3499 1835 3571; baseline -0.001 -16"><span class='ocrx_word' id='word_1_286' title='bbox 256 3501 319 3566; x_wconf 67' lang='grc' dir='ltr'><strong>ἐξ</strong></span> <span class='ocrx_word' id='word_1_287' title='bbox 367 3500 483 3564; x_wconf 80' lang='grc' dir='ltr'>ἑνὸς</span> <span class='ocrx_word' id='word_1_288' title='bbox 521 3500 630 3554; x_wconf 81' lang='grc' dir='ltr'><strong>τῶν</strong></span> <span class='ocrx_word' id='word_1_289' title='bbox 674 3500 935 3570; x_wconf 71' lang='grc' dir='ltr'>ἀπλῶν,ἢ</span> <span class='ocrx_word' id='word_1_290' title='bbox 967 3500 1025 3552; x_wconf 82' lang='grc' dir='ltr'><strong>τδ</strong></span> <span class='ocrx_word' id='word_1_291' title='bbox 1065 3500 1172 3553; x_wconf 84' lang='grc' dir='ltr'>ἀπὸ</span> <span class='ocrx_word' id='word_1_292' title='bbox 1211 3500 1413 3552; x_wconf 86' lang='grc' dir='ltr'>τούτων</span> <span class='ocrx_word' id='word_1_293' title='bbox 1452 3499 1628 3570; x_wconf 90' lang='grc' dir='ltr'>μίγμα</span> <span class='ocrx_word' id='word_1_294' title='bbox 1668 3500 1835 3571; x_wconf 76' lang='grc' dir='ltr'>φῆσαι</span> 
     </span>
    </p>
   </div>
   <div class='ocr_carea' id='block_1_37' title="bbox 255 3582 1835 3657">
    <p class='ocr_par' dir='ltr' id='par_1_37' title="bbox 255 3582 1835 3657">
     <span class='ocr_line' id='line_1_37' title="bbox 255 3582 1835 3657; baseline 0.001 -20"><span class='ocrx_word' id='word_1_295' title='bbox 255 3586 545 3657; x_wconf 81' lang='grc' dir='ltr'>ὑπάρχειν,</span> <span class='ocrx_word' id='word_1_296' title='bbox 588 3584 953 3654; x_wconf 80' lang='grc' dir='ltr'>δεδιδαγμένοι</span> <span class='ocrx_word' id='word_1_297' title='bbox 1008 3582 1159 3654; x_wconf 85' lang='grc' dir='ltr'><strong>παρά</strong></span> <span class='ocrx_word' id='word_1_298' title='bbox 1218 3584 1318 3653; x_wconf 84' lang='grc' dir='ltr'>τῆς</span> <span class='ocrx_word' id='word_1_299' title='bbox 1363 3584 1611 3654; x_wconf 80' lang='grc' dir='ltr'>Γραφῆς,</span> <span class='ocrx_word' id='word_1_300' title='bbox 1668 3585 1835 3657; x_wconf 84' lang='grc' dir='ltr'>μηδὲν</span> 
     </span>
    </p>
   </div>
   <div class='ocr_carea' id='block_1_38' title="bbox 256 3674 1834 3749">
    <p class='ocr_par' dir='ltr' id='par_1_38' title="bbox 256 3674 1834 3749">
     <span class='ocr_line' id='line_1_38' title="bbox 256 3674 1834 3749; baseline -0.001 -17"><span class='ocrx_word' id='word_1_301' title='bbox 256 3679 574 3749; x_wconf 78' lang='grc' dir='ltr'>ἐπιτρέπειν</span> <span class='ocrx_word' id='word_1_302' title='bbox 605 3677 759 3747; x_wconf 84' lang='grc' dir='ltr'>ἡμῶν</span> <span class='ocrx_word' id='word_1_303' title='bbox 781 3676 858 3747; x_wconf 84' lang='grc' dir='ltr'>τῷ</span> <span class='ocrx_word' id='word_1_304' title='bbox 890 3675 965 3745; x_wconf 79' lang='grc' dir='ltr'><strong>νῷ</strong></span> <span class='ocrx_word' id='word_1_305' title='bbox 994 3675 1138 3747; x_wconf 86' lang='grc' dir='ltr'>πέρα</span> <span class='ocrx_word' id='word_1_306' title='bbox 1179 3674 1286 3729; x_wconf 87' lang='grc' dir='ltr'><strong>τῶν</strong></span> <span class='ocrx_word' id='word_1_307' title='bbox 1332 3678 1834 3747; x_wconf 84' lang='grc' dir='ltr'>συγκεχωρημένων</span> 
     </span>
    </p>
   </div>
   <div class='ocr_carea' id='block_1_39' title="bbox 258 3767 1835 3841">
    <p class='ocr_par' dir='ltr' id='par_1_39' title="bbox 258 3767 1835 3841">
     <span class='ocr_line' id='line_1_39' title="bbox 258 3767 1835 3841; baseline -0.001 -18"><span class='ocrx_word' id='word_1_308' title='bbox 258 3768 699 3838; x_wconf 72' lang='grc' dir='ltr'>φαντασιοῦσθαι.</span> <span class='ocrx_word' id='word_1_309' title='bbox 736 3770 827 3838; x_wconf 85' lang='grc' dir='ltr'><strong>Μὴ</strong></span> <span class='ocrx_word' id='word_1_310' title='bbox 858 3769 1191 3841; x_wconf 82' lang='grc' dir='ltr'>παραδράμῃ</span> <span class='ocrx_word' id='word_1_311' title='bbox 1233 3767 1288 3821; x_wconf 82' lang='grc' dir='ltr'>δὲ</span> <span class='ocrx_word' id='word_1_312' title='bbox 1316 3769 1462 3839; x_wconf 81' lang='grc' dir='ltr'>ἡμᾶς</span> <span class='ocrx_word' id='word_1_313' title='bbox 1494 3768 1628 3839; x_wconf 81' lang='grc' dir='ltr'>μηδὲ</span> <span class='ocrx_word' id='word_1_314' title='bbox 1662 3772 1835 3823; x_wconf 82' lang='grc' dir='ltr'>ὲκεϊνο</span> 
     </span>
    </p>
   </div>
   <div class='ocr_carea' id='block_1_40' title="bbox 256 3859 1834 3933">
    <p class='ocr_par' dir='ltr' id='par_1_40' title="bbox 256 3859 1834 3933">
     <span class='ocr_line' id='line_1_40' title="bbox 256 3859 1834 3933; baseline -0.002 -17"><span class='ocrx_word' id='word_1_315' title='bbox 256 3862 755 3931; x_wconf 78' lang='grc' dir='ltr'>ἀπαρασήμαντον,</span> <span class='ocrx_word' id='word_1_316' title='bbox 808 3864 889 3915; x_wconf 87' lang='grc' dir='ltr'>ὃτι</span> <span class='ocrx_word' id='word_1_317' title='bbox 941 3861 1078 3932; x_wconf 88' lang='grc' dir='ltr'><strong>μετά</strong></span> <span class='ocrx_word' id='word_1_318' title='bbox 1124 3862 1183 3915; x_wconf 78' lang='grc' dir='ltr'><strong>τὸ</strong></span> <span class='ocrx_word' id='word_1_319' title='bbox 1213 3859 1511 3933; x_wconf 82' lang='grc' dir='ltr'>προστάξαι</span> <span class='ocrx_word' id='word_1_320' title='bbox 1552 3860 1643 3914; x_wconf 87' lang='grc' dir='ltr'><strong>τὸν</strong></span> <span class='ocrx_word' id='word_1_321' title='bbox 1682 3859 1834 3925; x_wconf 81' lang='grc' dir='ltr'>Θεὸν,</span> 
     </span>
    </p>
   </div>
   <div class='ocr_carea' id='block_1_41' title="bbox 328 4043 803 4097">
    <p class='ocr_par' dir='ltr' id='par_1_41' title="bbox 328 4043 803 4097">
     <span class='ocr_line' id='line_1_41' title="bbox 328 4043 803 4097; baseline 0.004 -2"><span class='ocrx_word' id='word_1_322' title='bbox 328 4043 374 4075; x_wconf 72' lang='grc'><strong>⁸³</strong></span> <span class='ocrx_word' id='word_1_323' title='bbox 414 4043 578 4097; x_wconf 81' lang='lat' dir='ltr'><strong>Amos</strong></span> <span class='ocrx_word' id='word_1_324' title='bbox 608 4057 660 4096; x_wconf 87' lang='lat' dir='ltr'><strong>tv</strong></span> <span class='ocrx_word' id='word_1_325' title='bbox 712 4043 803 4097; x_wconf 81' lang='grc'>15.</span> 
     </span>
    </p>
   </div>
   <div class='ocr_carea' id='block_1_42' title="bbox 256 4196 1821 4269">
    <p class='ocr_par' dir='ltr' id='par_1_42' title="bbox 256 4196 1821 4269">
     <span class='ocr_line' id='line_1_42' title="bbox 256 4196 1821 4269; baseline -0.003 -13"><span class='ocrx_word' id='word_1_326' title='bbox 256 4202 379 4264; x_wconf 62' lang='grc' dir='ltr'>σιω,</span> <span class='ocrx_word' id='word_1_327' title='bbox 409 4214 531 4254; x_wconf 93' lang='lat' dir='ltr'><strong>cum</strong></span> <span class='ocrx_word' id='word_1_328' title='bbox 559 4214 657 4269; x_wconf 89' lang='lat' dir='ltr'><strong>per</strong></span> <span class='ocrx_word' id='word_1_329' title='bbox 690 4198 1010 4254; x_wconf 86' lang='lat' dir='ltr'><strong>asteriscum</strong></span> <span class='ocrx_word' id='word_1_330' title='bbox 1039 4211 1104 4252; x_wconf 92' lang='lat' dir='ltr'><strong>eo</strong></span> <span class='ocrx_word' id='word_1_331' title='bbox 1150 4197 1253 4253; x_wconf 91' lang='lat' dir='ltr'><strong>loci</strong></span> <span class='ocrx_word' id='word_1_332' title='bbox 1289 4197 1614 4267; x_wconf 85' lang='lat' dir='ltr'><strong>appositum,</strong></span> <span class='ocrx_word' id='word_1_333' title='bbox 1651 4196 1821 4251; x_wconf 85' lang='lat' dir='ltr'><strong>lecto-</strong></span> 
     </span>
    </p>
   </div>
   <div class='ocr_carea' id='block_1_43' title="bbox 260 4269 1824 4333">
    <p class='ocr_par' dir='ltr' id='par_1_43' title="bbox 260 4269 1824 4333">
     <span class='ocr_line' id='line_1_43' title="bbox 260 4269 1824 4333; baseline -0.003 -9"><span class='ocrx_word' id='word_1_334' title='bbox 260 4287 374 4325; x_wconf 85' lang='lat' dir='ltr'><strong>rem</strong></span> <span class='ocrx_word' id='word_1_335' title='bbox 416 4285 635 4325; x_wconf 90' lang='lat' dir='ltr'><strong>monere</strong></span> <span class='ocrx_word' id='word_1_336' title='bbox 663 4271 961 4328; x_wconf 87' lang='lat' dir='ltr'><strong>videantur.</strong></span> <span class='ocrx_word' id='word_1_337' title='bbox 988 4282 1045 4322; x_wconf 92' lang='lat' dir='ltr'><strong>se</strong></span> <span class='ocrx_word' id='word_1_338' title='bbox 1082 4283 1199 4333; x_wconf 88' lang='lat' dir='ltr'><strong>sua,</strong></span> <span class='ocrx_word' id='word_1_339' title='bbox 1230 4282 1334 4321; x_wconf 85' lang='lat' dir='ltr'><strong>non</strong></span> <span class='ocrx_word' id='word_1_340' title='bbox 1368 4269 1613 4321; x_wconf 85' lang='lat' dir='ltr'><strong>codicum</strong></span> <span class='ocrx_word' id='word_1_341' title='bbox 1639 4278 1824 4320; x_wconf 89' lang='lat' dir='ltr'><strong>aucto-</strong></span> 
     </span>
    </p>
   </div>
   <div class='ocr_carea' id='block_1_44' title="bbox 259 4336 1821 4395">
    <p class='ocr_par' dir='ltr' id='par_1_44' title="bbox 259 4336 1821 4395">
     <span class='ocr_line' id='line_1_44' title="bbox 259 4336 1821 4395; baseline -0.006 0"><span class='ocrx_word' id='word_1_342' title='bbox 259 4342 420 4395; x_wconf 86' lang='lat' dir='ltr'><strong>ritate</strong></span> <span class='ocrx_word' id='word_1_343' title='bbox 454 4340 525 4393; x_wconf 87' lang='lat' dir='ltr'><strong>ita</strong></span> <span class='ocrx_word' id='word_1_344' title='bbox 554 4340 808 4394; x_wconf 80' lang='lat' dir='ltr'><strong>edidisse.</strong></span> <span class='ocrx_word' id='word_1_345' title='bbox 841 4337 973 4392; x_wconf 90' lang='lat' dir='ltr'><strong>lllud</strong></span> <span class='ocrx_word' id='word_1_346' title='bbox 1018 4349 1196 4393; x_wconf 90' lang='lat' dir='ltr'><strong>autem</strong></span> <span class='ocrx_word' id='word_1_347' title='bbox 1239 4338 1489 4391; x_wconf 87' lang='lat' dir='ltr'><strong>omittere</strong></span> <span class='ocrx_word' id='word_1_348' title='bbox 1518 4352 1621 4391; x_wconf 91' lang='lat' dir='ltr'><strong>non</strong></span> <span class='ocrx_word' id='word_1_349' title='bbox 1657 4336 1821 4391; x_wconf 87' lang='lat' dir='ltr'><strong>debe-</strong></span> 
     </span>
    </p>
   </div>
   <div class='ocr_carea' id='block_1_45' title="bbox 260 4405 1827 4478">
    <p class='ocr_par' dir='ltr' id='par_1_45' title="bbox 260 4405 1827 4478">
     <span class='ocr_line' id='line_1_45' title="bbox 260 4405 1827 4478; baseline -0.004 -15"><span class='ocrx_word' id='word_1_350' title='bbox 260 4425 404 4474; x_wconf 85' lang='lat' dir='ltr'><strong>mus,</strong></span> <span class='ocrx_word' id='word_1_351' title='bbox 454 4410 694 4478; x_wconf 85' lang='lat' dir='ltr'><strong>codicem</strong></span> <span class='ocrx_word' id='word_1_352' title='bbox 731 4409 1078 4463; x_wconf 88' lang='lat' dir='ltr'><strong>Bodleiamnn</strong></span> <span class='ocrx_word' id='word_1_353' title='bbox 1144 4408 1343 4478; x_wconf 84' lang='lat' dir='ltr'><strong>habere</strong></span> <span class='ocrx_word' id='word_1_354' title='bbox 1388 4407 1551 4478; x_wconf 87' lang='grc' dir='ltr'>μήκει</span> <span class='ocrx_word' id='word_1_355' title='bbox 1594 4406 1688 4459; x_wconf 74' lang='grc' dir='ltr'>καὶ</span> <span class='ocrx_word' id='word_1_356' title='bbox 1748 4405 1827 4476; x_wconf 85' lang='grc' dir='ltr'>τῷ</span> 
     </span>
    </p>
   </div>
   <div class='ocr_carea' id='block_1_46' title="bbox 260 4477 1827 4557">
    <p class='ocr_par' dir='ltr' id='par_1_46' title="bbox 260 4477 1827 4557">
     <span class='ocr_line' id='line_1_46' title="bbox 260 4477 1827 4557; baseline 0.007 -26"><span class='ocrx_word' id='word_1_357' title='bbox 260 4480 405 4549; x_wconf 66' lang='grc' dir='ltr'>ὕψει.</span> <span class='ocrx_word' id='word_1_358' title='bbox 447 4477 573 4538; x_wconf 86' lang='lat' dir='ltr'><strong>Sed.</strong></span> <span class='ocrx_word' id='word_1_359' title='bbox 600 4478 697 4557; x_wconf 81' lang='lat' dir='ltr'><strong>nisi</strong></span> <span class='ocrx_word' id='word_1_360' title='bbox 731 4494 816 4533; x_wconf 91' lang='lat' dir='ltr'><strong>me</strong></span> <span class='ocrx_word' id='word_1_361' title='bbox 849 4493 965 4557; x_wconf 76' lang='lat' dir='ltr'><strong>mea</strong></span> <span class='ocrx_word' id='word_1_362' title='bbox 1002 4477 1357 4557; x_wconf 44' lang='lat' dir='ltr'><strong>fallit.opinio,</strong></span> <span class='ocrx_word' id='word_1_363' title='bbox 1389 4477 1488 4532; x_wconf 79' lang='lat' dir='ltr'><strong>vus</strong></span> <span class='ocrx_word' id='word_1_364' title='bbox 1518 4478 1689 4557; x_wconf 60' lang='lat' dir='ltr'><strong>pﬁIfgc</strong></span> <span class='ocrx_word' id='word_1_365' title='bbox 1717 4479 1827 4557; x_wconf 62' lang='lat' dir='ltr'><strong>Prir</strong></span> 
     </span>
    </p>
   </div>
   <div class='ocr_carea' id='block_1_47' title="bbox 1866 1903 1916 1957">
    <p class='ocr_par' dir='ltr' id='par_1_47' title="bbox 1866 1903 1916 1957">
     <span class='ocr_line' id='line_1_47' title="bbox 1866 1903 1916 1957; baseline 0 0"><span class='ocrx_word' id='word_1_366' title='bbox 1866 1903 1916 1957; x_wconf 81' lang='grc' dir='ltr'><strong><em>Β</em></strong></span> 
     </span>
    </p>
   </div>
   <div class='ocr_carea' id='block_1_48' title="bbox 1929 4194 2081 4323">
    <p class='ocr_par' dir='ltr' id='par_1_48' title="bbox 1929 4194 2081 4323">
     <span class='ocr_line' id='line_1_48' title="bbox 1929 4194 2081 4323; baseline -0.026 0"><span class='ocrx_word' id='word_1_367' title='bbox 1929 4194 2081 4323; x_wconf 63' lang='lat' dir='ltr'><strong>coli).</strong></span> 
     </span>
    </p>
   </div>
   <div class='ocr_carea' id='block_1_49' title="bbox 1937 739 3502 797">
    <p class='ocr_par' dir='ltr' id='par_1_49' title="bbox 1937 739 3502 797">
     <span class='ocr_line' id='line_1_49' title="bbox 1937 739 3502 797; baseline 0.003 -5"><span class='ocrx_word' id='word_1_368' title='bbox 1937 748 2018 792; x_wconf 89' lang='lat' dir='ltr'><strong>ter</strong></span> <span class='ocrx_word' id='word_1_369' title='bbox 2067 739 2430 795; x_wconf 81' lang='lat' dir='ltr'><strong>dimensiones</strong></span> <span class='ocrx_word' id='word_1_370' title='bbox 2483 739 2710 794; x_wconf 74' lang='lat' dir='ltr'><strong>durities</strong></span> <span class='ocrx_word' id='word_1_371' title='bbox 2757 740 2921 793; x_wconf 85' lang='lat' dir='ltr'><strong>etiam</strong></span> <span class='ocrx_word' id='word_1_372' title='bbox 2970 749 3024 793; x_wconf 93' lang='lat' dir='ltr'><strong>et</strong></span> <span class='ocrx_word' id='word_1_373' title='bbox 3074 740 3291 795; x_wconf 79' lang='lat' dir='ltr'><strong>renisus</strong></span> <span class='ocrx_word' id='word_1_374' title='bbox 3340 742 3502 797; x_wconf 87' lang='lat' dir='ltr'><strong>inest.</strong></span> 
     </span>
    </p>
   </div>
   <div class='ocr_carea' id='block_1_50' title="bbox 1934 827 3502 900">
    <p class='ocr_par' dir='ltr' id='par_1_50' title="bbox 1934 827 3502 900">
     <span class='ocr_line' id='line_1_50' title="bbox 1934 827 3502 900; baseline 0.003 -18"><span class='ocrx_word' id='word_1_375' title='bbox 1934 827 2102 883; x_wconf 90' lang='lat' dir='ltr'><strong>Porro</strong></span> <span class='ocrx_word' id='word_1_376' title='bbox 2137 829 2442 899; x_wconf 78' lang='lat' dir='ltr'><strong>Scriptura,</strong></span> <span class='ocrx_word' id='word_1_377' title='bbox 2492 830 2636 900; x_wconf 90' lang='lat' dir='ltr'><strong>quod</strong></span> <span class='ocrx_word' id='word_1_378' title='bbox 2684 830 2919 885; x_wconf 91' lang='lat' dir='ltr'><strong>validum</strong></span> <span class='ocrx_word' id='word_1_379' title='bbox 2954 840 3036 886; x_wconf 90' lang='lat' dir='ltr'><strong>est</strong></span> <span class='ocrx_word' id='word_1_380' title='bbox 3084 843 3139 886; x_wconf 88' lang='lat' dir='ltr'><strong>et</strong></span> <span class='ocrx_word' id='word_1_381' title='bbox 3170 830 3502 899; x_wconf 78' lang='lat' dir='ltr'><strong>inﬂexibile,</strong></span> 
     </span>
    </p>
   </div>
   <div class='ocr_carea' id='block_1_51' title="bbox 1937 920 3500 986">
    <p class='ocr_par' dir='ltr' id='par_1_51' title="bbox 1937 920 3500 986">
     <span class='ocr_line' id='line_1_51' title="bbox 1937 920 3500 986; baseline 0.001 -13"><span class='ocrx_word' id='word_1_382' title='bbox 1937 920 2333 976; x_wconf 91' lang='lat' dir='ltr'><strong>ﬁrmamentum</strong></span> <span class='ocrx_word' id='word_1_383' title='bbox 2364 936 2561 977; x_wconf 90' lang='lat' dir='ltr'><strong>vocare</strong></span> <span class='ocrx_word' id='word_1_384' title='bbox 2587 924 2885 986; x_wconf 84' lang='lat' dir='ltr'><strong>consuevit,</strong></span> <span class='ocrx_word' id='word_1_385' title='bbox 2927 924 2997 977; x_wconf 88' lang='lat' dir='ltr'><strong>ita</strong></span> <span class='ocrx_word' id='word_1_386' title='bbox 3036 934 3094 978; x_wconf 94' lang='lat' dir='ltr'><strong>ut</strong></span> <span class='ocrx_word' id='word_1_387' title='bbox 3121 925 3283 978; x_wconf 88' lang='lat' dir='ltr'><strong>etiam</strong></span> <span class='ocrx_word' id='word_1_388' title='bbox 3319 939 3500 977; x_wconf 84' lang='lat' dir='ltr'><strong>aerem</strong></span> 
     </span>
    </p>
   </div>
   <div class='ocr_carea' id='block_1_52' title="bbox 1934 1012 3505 1085">
    <p class='ocr_par' dir='ltr' id='par_1_52' title="bbox 1934 1012 3505 1085">
     <span class='ocr_line' id='line_1_52' title="bbox 1934 1012 3505 1085; baseline 0.002 -20"><span class='ocrx_word' id='word_1_389' title='bbox 1934 1012 2087 1067; x_wconf 90' lang='lat' dir='ltr'><strong>valde</strong></span> <span class='ocrx_word' id='word_1_390' title='bbox 2128 1013 2412 1068; x_wconf 78' lang='lat' dir='ltr'><strong>densatum</strong></span> <span class='ocrx_word' id='word_1_391' title='bbox 2467 1016 2850 1085; x_wconf 89' lang='lat' dir='ltr'><strong>designatura,</strong></span> <span class='ocrx_word' id='word_1_392' title='bbox 2885 1031 3023 1084; x_wconf 72' lang='lat' dir='ltr'><strong>szupe</strong></span> <span class='ocrx_word' id='word_1_393' title='bbox 3070 1018 3170 1070; x_wconf 90' lang='lat' dir='ltr'><strong>hac</strong></span> <span class='ocrx_word' id='word_1_394' title='bbox 3208 1016 3322 1084; x_wconf 87' lang='lat' dir='ltr'><strong>ipsa</strong></span> <span class='ocrx_word' id='word_1_395' title='bbox 3371 1030 3505 1070; x_wconf 87' lang='lat' dir='ltr'><strong>voco</strong></span> 
     </span>
    </p>
   </div>
   <div class='ocr_carea' id='block_1_53' title="bbox 1934 1106 3503 1171">
    <p class='ocr_par' dir='ltr' id='par_1_53' title="bbox 1934 1106 3503 1171">
     <span class='ocr_line' id='line_1_53' title="bbox 1934 1106 3503 1171; baseline 0 -12"><span class='ocrx_word' id='word_1_396' title='bbox 1934 1116 2137 1171; x_wconf 90' lang='lat' dir='ltr'><strong>utatur,</strong></span> <span class='ocrx_word' id='word_1_397' title='bbox 2166 1106 2308 1161; x_wconf 86' lang='lat' dir='ltr'><strong>velut</strong></span> <span class='ocrx_word' id='word_1_398' title='bbox 2341 1122 2464 1161; x_wconf 91' lang='lat' dir='ltr'><strong>cum</strong></span> <span class='ocrx_word' id='word_1_399' title='bbox 2496 1107 2627 1162; x_wconf 89' lang='lat' dir='ltr'><strong>dicit</strong></span> <span class='ocrx_word' id='word_1_400' title='bbox 2654 1126 2667 1162; x_wconf 93' lang='lat'>:</span> <span class='ocrx_word' id='word_1_401' title='bbox 2704 1106 2957 1162; x_wconf 85' lang='lat' dir='ltr'><strong>Firmans</strong></span> <span class='ocrx_word' id='word_1_402' title='bbox 2982 1109 3179 1161; x_wconf 80' lang='lat' dir='ltr'><strong>tonitru</strong></span> <span class='ocrx_word' id='word_1_403' title='bbox 3208 1107 3273 1161; x_wconf 71' lang='grc'><strong>⁸³.</strong></span> <span class='ocrx_word' id='word_1_404' title='bbox 3307 1107 3503 1161; x_wconf 81' lang='lat' dir='ltr'><strong>Solidi-</strong></span> 
     </span>
    </p>
   </div>
   <div class='ocr_carea' id='block_1_54' title="bbox 1935 1200 3505 1270">
    <p class='ocr_par' dir='ltr' id='par_1_54' title="bbox 1935 1200 3505 1270">
     <span class='ocr_line' id='line_1_54' title="bbox 1935 1200 3505 1270; baseline 0 -18"><span class='ocrx_word' id='word_1_405' title='bbox 1935 1206 2097 1252; x_wconf 89' lang='lat' dir='ltr'><strong>tatem</strong></span> <span class='ocrx_word' id='word_1_406' title='bbox 2132 1200 2273 1252; x_wconf 91' lang='lat' dir='ltr'><strong>enim</strong></span> <span class='ocrx_word' id='word_1_407' title='bbox 2300 1208 2354 1253; x_wconf 91' lang='lat' dir='ltr'><strong>et</strong></span> <span class='ocrx_word' id='word_1_408' title='bbox 2384 1200 2631 1253; x_wconf 80' lang='lat' dir='ltr'><strong>rcuixum</strong></span> <span class='ocrx_word' id='word_1_409' title='bbox 2657 1200 2903 1269; x_wconf 75' lang='lat' dir='ltr'><strong>spiritus,</strong></span> <span class='ocrx_word' id='word_1_410' title='bbox 2930 1202 3019 1270; x_wconf 94' lang='lat' dir='ltr'><strong>qui</strong></span> <span class='ocrx_word' id='word_1_411' title='bbox 3053 1200 3104 1255; x_wconf 90' lang='lat' dir='ltr'><strong>in</strong></span> <span class='ocrx_word' id='word_1_412' title='bbox 3133 1200 3355 1254; x_wconf 91' lang='lat' dir='ltr'><strong>nubium</strong></span> <span class='ocrx_word' id='word_1_413' title='bbox 3385 1200 3505 1253; x_wconf 87' lang='lat' dir='ltr'><strong>ﬁni-</strong></span> 
     </span>
    </p>
   </div>
   <div class='ocr_carea' id='block_1_55' title="bbox 1936 1290 3503 1362">
    <p class='ocr_par' dir='ltr' id='par_1_55' title="bbox 1936 1290 3503 1362">
     <span class='ocr_line' id='line_1_55' title="bbox 1936 1290 3503 1362; baseline 0 -19"><span class='ocrx_word' id='word_1_414' title='bbox 1936 1291 2033 1343; x_wconf 90' lang='lat' dir='ltr'><strong>bus</strong></span> <span class='ocrx_word' id='word_1_415' title='bbox 2077 1290 2333 1353; x_wconf 89' lang='lat' dir='ltr'><strong>inclusus,</strong></span> <span class='ocrx_word' id='word_1_416' title='bbox 2381 1294 2451 1345; x_wconf 92' lang='lat' dir='ltr'><strong>ob</strong></span> <span class='ocrx_word' id='word_1_417' title='bbox 2500 1292 2790 1346; x_wconf 83' lang='lat' dir='ltr'><strong>violentam</strong></span> <span class='ocrx_word' id='word_1_418' title='bbox 2840 1294 3179 1361; x_wconf 89' lang='lat' dir='ltr'><strong>eruptionem</strong></span> <span class='ocrx_word' id='word_1_419' title='bbox 3230 1291 3503 1362; x_wconf 82' lang='lat' dir='ltr'><strong>fragorem</strong></span> 
     </span>
    </p>
   </div>
   <div class='ocr_carea' id='block_1_56' title="bbox 1937 1383 3503 1454">
    <p class='ocr_par' dir='ltr' id='par_1_56' title="bbox 1937 1383 3503 1454">
     <span class='ocr_line' id='line_1_56' title="bbox 1937 1383 3503 1454; baseline 0 -19"><span class='ocrx_word' id='word_1_420' title='bbox 1937 1383 2231 1435; x_wconf 90' lang='lat' dir='ltr'><strong>tonitruum</strong></span> <span class='ocrx_word' id='word_1_421' title='bbox 2258 1384 2391 1447; x_wconf 89' lang='lat' dir='ltr'><strong>edit,</strong></span> <span class='ocrx_word' id='word_1_422' title='bbox 2419 1384 2639 1437; x_wconf 88' lang='lat' dir='ltr'><strong>tonitrui</strong></span> <span class='ocrx_word' id='word_1_423' title='bbox 2675 1384 2982 1438; x_wconf 82' lang='lat' dir='ltr'><strong>ﬁrmitatem</strong></span> <span class='ocrx_word' id='word_1_424' title='bbox 3013 1385 3293 1453; x_wconf 84' lang='lat' dir='ltr'><strong>Scriptura</strong></span> <span class='ocrx_word' id='word_1_425' title='bbox 3318 1386 3503 1454; x_wconf 79' lang='lat' dir='ltr'><strong>appi-l-</strong></span> 
     </span>
    </p>
   </div>
   <div class='ocr_carea' id='block_1_57' title="bbox 1938 1472 3502 1546">
    <p class='ocr_par' dir='ltr' id='par_1_57' title="bbox 1938 1472 3502 1546">
     <span class='ocr_line' id='line_1_57' title="bbox 1938 1472 3502 1546; baseline 0.001 -20"><span class='ocrx_word' id='word_1_426' title='bbox 1938 1473 2085 1526; x_wconf 84' lang='lat' dir='ltr'><strong>lavit.</strong></span> <span class='ocrx_word' id='word_1_427' title='bbox 2133 1472 2318 1542; x_wconf 85' lang='lat' dir='ltr'><strong>Itaque</strong></span> <span class='ocrx_word' id='word_1_428' title='bbox 2343 1485 2393 1529; x_wconf 91' lang='lat' dir='ltr'><strong>et</strong></span> <span class='ocrx_word' id='word_1_429' title='bbox 2432 1476 2519 1530; x_wconf 88' lang='lat' dir='ltr'><strong>hic</strong></span> <span class='ocrx_word' id='word_1_430' title='bbox 2549 1476 2686 1531; x_wconf 89' lang='lat' dir='ltr'><strong>hanc</strong></span> <span class='ocrx_word' id='word_1_431' title='bbox 2717 1491 2901 1531; x_wconf 90' lang='lat' dir='ltr'><strong>vocem</strong></span> <span class='ocrx_word' id='word_1_432' title='bbox 2946 1491 3041 1545; x_wconf 89' lang='lat' dir='ltr'><strong>pro</strong></span> <span class='ocrx_word' id='word_1_433' title='bbox 3074 1476 3228 1529; x_wconf 88' lang='lat' dir='ltr'><strong>ﬁrma</strong></span> <span class='ocrx_word' id='word_1_434' title='bbox 3272 1478 3502 1546; x_wconf 88' lang='lat' dir='ltr'><strong>quadam</strong></span> 
     </span>
    </p>
   </div>
   <div class='ocr_carea' id='block_1_58' title="bbox 1937 1567 3506 1639">
    <p class='ocr_par' dir='ltr' id='par_1_58' title="bbox 1937 1567 3506 1639">
     <span class='ocr_line' id='line_1_58' title="bbox 1937 1567 3506 1639; baseline 0.001 -20"><span class='ocrx_word' id='word_1_435' title='bbox 1937 1577 2125 1619; x_wconf 86' lang='lat' dir='ltr'><strong>natura</strong></span> <span class='ocrx_word' id='word_1_436' title='bbox 2162 1582 2281 1636; x_wconf 73' lang='lat' dir='ltr'><strong>qua:</strong></span> <span class='ocrx_word' id='word_1_437' title='bbox 2324 1582 2519 1637; x_wconf 88' lang='lat' dir='ltr'><strong>aquam</strong></span> <span class='ocrx_word' id='word_1_438' title='bbox 2550 1570 2659 1639; x_wconf 79' lang='lat'><strong>26</strong></span> <span class='ocrx_word' id='word_1_439' title='bbox 2688 1568 2949 1623; x_wconf 85' lang='lat' dir='ltr'><strong>lubricam</strong></span> <span class='ocrx_word' id='word_1_440' title='bbox 2990 1584 3053 1624; x_wconf 87' lang='lat' dir='ltr'><strong>ac</strong></span> <span class='ocrx_word' id='word_1_441' title='bbox 3085 1567 3243 1623; x_wconf 79' lang='lat' dir='ltr'><strong>facile</strong></span> <span class='ocrx_word' id='word_1_442' title='bbox 3274 1567 3506 1624; x_wconf 81' lang='lat' dir='ltr'><strong>dissolu-</strong></span> 
     </span>
    </p>
   </div>
   <div class='ocr_carea' id='block_1_59' title="bbox 1939 1658 3500 1729">
    <p class='ocr_par' dir='ltr' id='par_1_59' title="bbox 1939 1658 3500 1729">
     <span class='ocr_line' id='line_1_59' title="bbox 1939 1658 3500 1729; baseline 0.003 -19"><span class='ocrx_word' id='word_1_443' title='bbox 1939 1658 2097 1711; x_wconf 90' lang='lat' dir='ltr'><strong>bilem</strong></span> <span class='ocrx_word' id='word_1_444' title='bbox 2128 1659 2411 1714; x_wconf 91' lang='lat' dir='ltr'><strong>continere</strong></span> <span class='ocrx_word' id='word_1_445' title='bbox 2441 1662 2631 1729; x_wconf 81' lang='lat' dir='ltr'><strong>possit,</strong></span> <span class='ocrx_word' id='word_1_446' title='bbox 2666 1669 2975 1727; x_wconf 84' lang='lat' dir='ltr'><strong>usurpatam</strong></span> <span class='ocrx_word' id='word_1_447' title='bbox 3002 1676 3123 1715; x_wconf 88' lang='lat' dir='ltr'><strong>esse</strong></span> <span class='ocrx_word' id='word_1_448' title='bbox 3145 1660 3500 1716; x_wconf 85' lang='lat' dir='ltr'><strong>arbitramur.</strong></span> 
     </span>
    </p>
   </div>
   <div class='ocr_carea' id='block_1_60' title="bbox 1937 1748 3507 1821">
    <p class='ocr_par' dir='ltr' id='par_1_60' title="bbox 1937 1748 3507 1821">
     <span class='ocr_line' id='line_1_60' title="bbox 1937 1748 3507 1821; baseline 0.003 -19"><span class='ocrx_word' id='word_1_449' title='bbox 1937 1748 2048 1805; x_wconf 85' lang='lat' dir='ltr'><strong>Nec</strong></span> <span class='ocrx_word' id='word_1_450' title='bbox 2090 1767 2237 1812; x_wconf 87' lang='lat' dir='ltr'><strong>vero.</strong></span> <span class='ocrx_word' id='word_1_451' title='bbox 2273 1752 2527 1821; x_wconf 89' lang='lat' dir='ltr'><strong>quoniam</strong></span> <span class='ocrx_word' id='word_1_452' title='bbox 2572 1752 2966 1806; x_wconf 90' lang='lat' dir='ltr'><strong>ﬁrmamentum</strong></span> <span class='ocrx_word' id='word_1_453' title='bbox 2998 1768 3065 1806; x_wconf 80' lang='lat' dir='ltr'><strong>ex</strong></span> <span class='ocrx_word' id='word_1_454' title='bbox 3094 1754 3363 1807; x_wconf 91' lang='lat' dir='ltr'><strong>communi</strong></span> <span class='ocrx_word' id='word_1_455' title='bbox 3412 1749 3507 1808; x_wconf 73' lang='lat' dir='ltr'><strong>ac-</strong></span> 
     </span>
    </p>
   </div>
   <div class='ocr_carea' id='block_1_61' title="bbox 1938 1842 3504 1916">
    <p class='ocr_par' dir='ltr' id='par_1_61' title="bbox 1938 1842 3504 1916">
     <span class='ocr_line' id='line_1_61' title="bbox 1938 1842 3504 1916; baseline 0.004 -23"><span class='ocrx_word' id='word_1_456' title='bbox 1938 1842 2184 1910; x_wconf 76' lang='lat' dir='ltr'><strong>ceptione</strong></span> <span class='ocrx_word' id='word_1_457' title='bbox 2208 1846 2274 1897; x_wconf 90' lang='lat' dir='ltr'><strong>ab</strong></span> <span class='ocrx_word' id='word_1_458' title='bbox 2303 1859 2442 1914; x_wconf 86' lang='lat' dir='ltr'><strong>aqua</strong></span> <span class='ocrx_word' id='word_1_459' title='bbox 2472 1856 2653 1899; x_wconf 90' lang='lat' dir='ltr'><strong>ortum</strong></span> <span class='ocrx_word' id='word_1_460' title='bbox 2681 1846 2909 1900; x_wconf 80' lang='lat' dir='ltr'><strong>traxisse</strong></span> <span class='ocrx_word' id='word_1_461' title='bbox 2946 1846 3178 1911; x_wconf 89' lang='lat' dir='ltr'><strong>videtur,</strong></span> <span class='ocrx_word' id='word_1_462' title='bbox 3209 1846 3504 1916; x_wconf 86' lang='lat' dir='ltr'><strong>putandum</strong></span> 
     </span>
    </p>
   </div>
   <div class='ocr_carea' id='block_1_62' title="bbox 1937 1933 3503 2007">
    <p class='ocr_par' dir='ltr' id='par_1_62' title="bbox 1937 1933 3503 2007">
     <span class='ocr_line' id='line_1_62' title="bbox 1937 1933 3503 2007; baseline 0.003 -21"><span class='ocrx_word' id='word_1_463' title='bbox 1937 1944 2018 1987; x_wconf 89' lang='lat' dir='ltr'><strong>cst</strong></span> <span class='ocrx_word' id='word_1_464' title='bbox 2052 1933 2178 1987; x_wconf 89' lang='lat' dir='ltr'><strong>illud</strong></span> <span class='ocrx_word' id='word_1_465' title='bbox 2223 1934 2399 1989; x_wconf 88' lang='lat' dir='ltr'><strong>simile</strong></span> <span class='ocrx_word' id='word_1_466' title='bbox 2439 1951 2558 1989; x_wconf 90' lang='lat' dir='ltr'><strong>esse</strong></span> <span class='ocrx_word' id='word_1_467' title='bbox 2591 1947 2683 1990; x_wconf 89' lang='lat' dir='ltr'><strong>aut</strong></span> <span class='ocrx_word' id='word_1_468' title='bbox 2711 1951 2865 2006; x_wconf 74' lang='lat' dir='ltr'><strong>aqua:</strong></span> <span class='ocrx_word' id='word_1_469' title='bbox 2895 1937 3220 2007; x_wconf 71' lang='lat' dir='ltr'><strong>congelatze,</strong></span> <span class='ocrx_word' id='word_1_470' title='bbox 3275 1945 3367 1991; x_wconf 87' lang='lat' dir='ltr'><strong>aut</strong></span> <span class='ocrx_word' id='word_1_471' title='bbox 3412 1938 3503 1991; x_wconf 89' lang='lat' dir='ltr'><strong>tali</strong></span> 
     </span>
    </p>
   </div>
   <div class='ocr_carea' id='block_1_63' title="bbox 1944 2026 3507 2100">
    <p class='ocr_par' dir='ltr' id='par_1_63' title="bbox 1944 2026 3507 2100">
     <span class='ocr_line' id='line_1_63' title="bbox 1944 2026 3507 2100; baseline 0.005 -23"><span class='ocrx_word' id='word_1_472' title='bbox 1944 2026 2161 2079; x_wconf 87' lang='lat' dir='ltr'><strong>cuidam</strong></span> <span class='ocrx_word' id='word_1_473' title='bbox 2199 2028 2457 2089; x_wconf 73' lang='lat' dir='ltr'><strong>materiae,</strong></span> <span class='ocrx_word' id='word_1_474' title='bbox 2496 2044 2562 2081; x_wconf 83' lang='lat' dir='ltr'><strong>cx</strong></span> <span class='ocrx_word' id='word_1_475' title='bbox 2601 2028 2824 2084; x_wconf 87' lang='lat' dir='ltr'><strong>humore</strong></span> <span class='ocrx_word' id='word_1_476' title='bbox 2869 2030 3141 2100; x_wconf 87' lang='lat' dir='ltr'><strong>percolato</strong></span> <span class='ocrx_word' id='word_1_477' title='bbox 3185 2032 3507 2100; x_wconf 86' lang='lat' dir='ltr'><strong>principium</strong></span> 
     </span>
    </p>
   </div>
   <div class='ocr_carea' id='block_1_64' title="bbox 1947 2116 3508 2192">
    <p class='ocr_par' dir='ltr' id='par_1_64' title="bbox 1947 2116 3508 2192">
     <span class='ocr_line' id='line_1_64' title="bbox 1947 2116 3508 2192; baseline 0.004 -22"><span class='ocrx_word' id='word_1_478' title='bbox 1947 2116 2257 2187; x_wconf 81' lang='lat' dir='ltr'><strong>accipienti.</strong></span> <span class='ocrx_word' id='word_1_479' title='bbox 2307 2118 2492 2185; x_wconf 82' lang='lat' dir='ltr'><strong>Qualis</strong></span> <span class='ocrx_word' id='word_1_480' title='bbox 2527 2128 2610 2173; x_wconf 86' lang='lat' dir='ltr'><strong>est</strong></span> <span class='ocrx_word' id='word_1_481' title='bbox 2647 2128 2839 2173; x_wconf 89' lang='lat' dir='ltr'><strong>natura</strong></span> <span class='ocrx_word' id='word_1_482' title='bbox 2879 2135 2970 2175; x_wconf 91' lang='lat' dir='ltr'><strong>aut</strong></span> <span class='ocrx_word' id='word_1_483' title='bbox 3008 2120 3245 2192; x_wconf 85' lang='lat' dir='ltr'><strong>crystalli</strong></span> <span class='ocrx_word' id='word_1_484' title='bbox 3280 2121 3508 2190; x_wconf 84' lang='lat' dir='ltr'><strong>lapidis,</strong></span> 
     </span>
    </p>
   </div>
   <div class='ocr_carea' id='block_1_65' title="bbox 1942 2206 3507 2284">
    <p class='ocr_par' dir='ltr' id='par_1_65' title="bbox 1942 2206 3507 2284">
     <span class='ocr_line' id='line_1_65' title="bbox 1942 2206 3507 2284; baseline 0.005 -26"><span class='ocrx_word' id='word_1_485' title='bbox 1942 2206 2099 2275; x_wconf 86' lang='lat' dir='ltr'><strong>q&#39;uem</strong></span> <span class='ocrx_word' id='word_1_486' title='bbox 2174 2210 2243 2264; x_wconf 86' lang='lat' dir='ltr'><strong>ob</strong></span> <span class='ocrx_word' id='word_1_487' title='bbox 2295 2210 2799 2279; x_wconf 59' lang='lat' dir='ltr'><strong>praestantissimam</strong></span> <span class='ocrx_word' id='word_1_488' title='bbox 2868 2228 3022 2281; x_wconf 84' lang='lat' dir='ltr'><strong>aqu:e</strong></span> <span class='ocrx_word' id='word_1_489' title='bbox 3076 2213 3507 2284; x_wconf 88' lang='lat' dir='ltr'><strong>congelationem</strong></span> 
     </span>
    </p>
   </div>
   <div class='ocr_carea' id='block_1_66' title="bbox 1942 2300 3511 2372">
    <p class='ocr_par' dir='ltr' id='par_1_66' title="bbox 1942 2300 3511 2372">
     <span class='ocr_line' id='line_1_66' title="bbox 1942 2300 3511 2372; baseline 0.004 -23"><span class='ocrx_word' id='word_1_490' title='bbox 1942 2300 2295 2353; x_wconf 85' lang='lat' dir='ltr'><strong>transmutari</strong></span> <span class='ocrx_word' id='word_1_491' title='bbox 2327 2300 2480 2354; x_wconf 88' lang='lat' dir='ltr'><strong>aiunt</strong></span> <span class='ocrx_word' id='word_1_492' title='bbox 2508 2319 2521 2355; x_wconf 90' lang='lat'><strong>:</strong></span> <span class='ocrx_word' id='word_1_493' title='bbox 2557 2310 2649 2354; x_wconf 90' lang='lat' dir='ltr'><strong>aut</strong></span> <span class='ocrx_word' id='word_1_494' title='bbox 2682 2300 2975 2371; x_wconf 85' lang='lat' dir='ltr'><strong>specularis</strong></span> <span class='ocrx_word' id='word_1_495' title='bbox 3001 2302 3215 2372; x_wconf 87' lang='lat' dir='ltr'><strong>lapidis,</strong></span> <span class='ocrx_word' id='word_1_496' title='bbox 3247 2304 3339 2372; x_wconf 90' lang='lat' dir='ltr'><strong>qui</strong></span> <span class='ocrx_word' id='word_1_497' title='bbox 3367 2304 3511 2358; x_wconf 89' lang='lat' dir='ltr'><strong>inter</strong></span> 
     </span>
    </p>
   </div>
   <div class='ocr_carea' id='block_1_67' title="bbox 1941 2389 3507 2465">
    <p class='ocr_par' dir='ltr' id='par_1_67' title="bbox 1941 2389 3507 2465">
     <span class='ocr_line' id='line_1_67' title="bbox 1941 2389 3507 2465; baseline 0.004 -24"><span class='ocrx_word' id='word_1_498' title='bbox 1941 2389 2153 2443; x_wconf 77' lang='lat' dir='ltr'><strong>metalla</strong></span> <span class='ocrx_word' id='word_1_499' title='bbox 2196 2392 2513 2445; x_wconf 86' lang='lat' dir='ltr'><strong>concrescit.</strong></span> <span class='ocrx_word' id='word_1_500' title='bbox 2552 2393 2645 2447; x_wconf 85' lang='lat' dir='ltr'><strong>Est</strong></span> <span class='ocrx_word' id='word_1_501' title='bbox 2696 2402 2879 2448; x_wconf 90' lang='lat' dir='ltr'><strong>autem</strong></span> <span class='ocrx_word' id='word_1_502' title='bbox 2905 2394 2993 2449; x_wconf 86' lang='lat' dir='ltr'><strong>hic</strong></span> <span class='ocrx_word' id='word_1_503' title='bbox 3016 2395 3153 2464; x_wconf 89' lang='lat' dir='ltr'><strong>lapis</strong></span> <span class='ocrx_word' id='word_1_504' title='bbox 3179 2396 3507 2465; x_wconf 79' lang='lat' dir='ltr'><strong>pellucidus,</strong></span> 
     </span>
    </p>
   </div>
   <div class='ocr_carea' id='block_1_68' title="bbox 1939 2483 3513 2558">
    <p class='ocr_par' dir='ltr' id='par_1_68' title="bbox 1939 2483 3513 2558">
     <span class='ocr_line' id='line_1_68' title="bbox 1939 2483 3513 2558; baseline 0.003 -23"><span class='ocrx_word' id='word_1_505' title='bbox 1939 2483 2196 2550; x_wconf 87' lang='lat' dir='ltr'><strong>peculiari</strong></span> <span class='ocrx_word' id='word_1_506' title='bbox 2228 2499 2290 2537; x_wconf 91' lang='lat' dir='ltr'><strong>ac</strong></span> <span class='ocrx_word' id='word_1_507' title='bbox 2319 2484 2607 2552; x_wconf 87' lang='lat' dir='ltr'><strong>purissima</strong></span> <span class='ocrx_word' id='word_1_508' title='bbox 2652 2484 2900 2541; x_wconf 89' lang='lat' dir='ltr'><strong>claritate</strong></span> <span class='ocrx_word' id='word_1_509' title='bbox 2928 2486 3181 2551; x_wconf 89' lang='lat' dir='ltr'><strong>donatus,</strong></span> <span class='ocrx_word' id='word_1_510' title='bbox 3210 2488 3299 2556; x_wconf 89' lang='lat' dir='ltr'><strong>qui</strong></span> <span class='ocrx_word' id='word_1_511' title='bbox 3328 2488 3373 2542; x_wconf 89' lang='lat' dir='ltr'><strong>si</strong></span> <span class='ocrx_word' id='word_1_512' title='bbox 3416 2503 3513 2558; x_wconf 88' lang='lat' dir='ltr'><strong>pro</strong></span> 
     </span>
    </p>
   </div>
   <div class='ocr_carea' id='block_1_69' title="bbox 1939 2575 3513 2646">
    <p class='ocr_par' dir='ltr' id='par_1_69' title="bbox 1939 2575 3513 2646">
     <span class='ocr_line' id='line_1_69' title="bbox 1939 2575 3513 2646; baseline 0.002 -17"><span class='ocrx_word' id='word_1_513' title='bbox 1939 2589 2032 2629; x_wconf 78' lang='lat' dir='ltr'><strong>sua</strong></span> <span class='ocrx_word' id='word_1_514' title='bbox 2071 2584 2261 2629; x_wconf 87' lang='lat' dir='ltr'><strong>natura</strong></span> <span class='ocrx_word' id='word_1_515' title='bbox 2303 2577 2548 2632; x_wconf 88' lang='lat' dir='ltr'><strong>sincerus</strong></span> <span class='ocrx_word' id='word_1_516' title='bbox 2590 2586 2644 2632; x_wconf 90' lang='lat' dir='ltr'><strong>et</strong></span> <span class='ocrx_word' id='word_1_517' title='bbox 2684 2575 2961 2631; x_wconf 89' lang='lat' dir='ltr'><strong>absolutus</strong></span> <span class='ocrx_word' id='word_1_518' title='bbox 3002 2589 3249 2646; x_wconf 89' lang='lat' dir='ltr'><strong>repertus</strong></span> <span class='ocrx_word' id='word_1_519' title='bbox 3276 2588 3383 2643; x_wconf 90' lang='lat' dir='ltr'><strong>est,</strong></span> <span class='ocrx_word' id='word_1_520' title='bbox 3418 2596 3513 2632; x_wconf 88' lang='lat' dir='ltr'><strong>ne-</strong></span> 
     </span>
    </p>
   </div>
   <div class='ocr_carea' id='block_1_70' title="bbox 1940 2666 3511 2737">
    <p class='ocr_par' dir='ltr' id='par_1_70' title="bbox 1940 2666 3511 2737">
     <span class='ocr_line' id='line_1_70' title="bbox 1940 2666 3511 2737; baseline 0.002 -19"><span class='ocrx_word' id='word_1_521' title='bbox 1940 2681 2043 2735; x_wconf 89' lang='lat' dir='ltr'><strong>que</strong></span> <span class='ocrx_word' id='word_1_522' title='bbox 2081 2666 2188 2720; x_wconf 84' lang='lat' dir='ltr'><strong>ulla</strong></span> <span class='ocrx_word' id='word_1_523' title='bbox 2226 2681 2419 2721; x_wconf 79' lang='lat' dir='ltr'><strong>exesus</strong></span> <span class='ocrx_word' id='word_1_524' title='bbox 2471 2668 2779 2736; x_wconf 89' lang='lat' dir='ltr'><strong>putredine,</strong></span> <span class='ocrx_word' id='word_1_525' title='bbox 2818 2682 2993 2737; x_wconf 85' lang='lat' dir='ltr'><strong>neque</strong></span> <span class='ocrx_word' id='word_1_526' title='bbox 3045 2668 3255 2722; x_wconf 87' lang='lat' dir='ltr'><strong>ﬁssuris</strong></span> <span class='ocrx_word' id='word_1_527' title='bbox 3284 2681 3406 2723; x_wconf 87' lang='lat' dir='ltr'><strong>sese</strong></span> <span class='ocrx_word' id='word_1_528' title='bbox 3443 2673 3511 2721; x_wconf 87' lang='lat' dir='ltr'><strong>ad</strong></span> 
     </span>
    </p>
   </div>
   <div class='ocr_carea' id='block_1_71' title="bbox 1941 2759 3509 2830">
    <p class='ocr_par' dir='ltr' id='par_1_71' title="bbox 1941 2759 3509 2830">
     <span class='ocr_line' id='line_1_71' title="bbox 1941 2759 3509 2830; baseline 0.001 -18"><span class='ocrx_word' id='word_1_529' title='bbox 1941 2759 2229 2812; x_wconf 86' lang='lat' dir='ltr'><strong>interiores</strong></span> <span class='ocrx_word' id='word_1_530' title='bbox 2247 2772 2416 2825; x_wconf 84' lang='lat' dir='ltr'><strong>usque</strong></span> <span class='ocrx_word' id='word_1_531' title='bbox 2439 2767 2619 2827; x_wconf 87' lang='lat' dir='ltr'><strong>partes</strong></span> <span class='ocrx_word' id='word_1_532' title='bbox 2639 2759 3054 2813; x_wconf 79' lang='lat' dir='ltr'><strong>cxtendentibus</strong></span> <span class='ocrx_word' id='word_1_533' title='bbox 3077 2760 3304 2824; x_wconf 89' lang='lat' dir='ltr'><strong>divisus,</strong></span> <span class='ocrx_word' id='word_1_534' title='bbox 3333 2759 3509 2830; x_wconf 88' lang='lat' dir='ltr'><strong>splen-</strong></span> 
     </span>
    </p>
   </div>
   <div class='ocr_carea' id='block_1_72' title="bbox 1940 2848 3510 2921">
    <p class='ocr_par' dir='ltr' id='par_1_72' title="bbox 1940 2848 3510 2921">
     <span class='ocr_line' id='line_1_72' title="bbox 1940 2848 3510 2921; baseline 0.003 -18"><span class='ocrx_word' id='word_1_535' title='bbox 1940 2849 2069 2903; x_wconf 88' lang='lat' dir='ltr'><strong>dore</strong></span> <span class='ocrx_word' id='word_1_536' title='bbox 2101 2848 2212 2901; x_wconf 89' lang='lat' dir='ltr'><strong>aeri</strong></span> <span class='ocrx_word' id='word_1_537' title='bbox 2262 2848 2375 2901; x_wconf 79' lang='lat' dir='ltr'><strong>fere</strong></span> <span class='ocrx_word' id='word_1_538' title='bbox 2423 2848 2615 2903; x_wconf 89' lang='lat' dir='ltr'><strong>similis</strong></span> <span class='ocrx_word' id='word_1_539' title='bbox 2646 2849 2879 2904; x_wconf 80' lang='lat' dir='ltr'><strong>exsistit.</strong></span> <span class='ocrx_word' id='word_1_540' title='bbox 2932 2848 3073 2905; x_wconf 83' lang='lat' dir='ltr'><strong>Nulli</strong></span> <span class='ocrx_word' id='word_1_541' title='bbox 3113 2850 3274 2921; x_wconf 88' lang='lat' dir='ltr'><strong>igitur</strong></span> <span class='ocrx_word' id='word_1_542' title='bbox 3315 2852 3510 2907; x_wconf 86' lang='lat' dir='ltr'><strong>horum</strong></span> 
     </span>
    </p>
   </div>
   <div class='ocr_carea' id='block_1_73' title="bbox 1940 2940 3512 3009">
    <p class='ocr_par' dir='ltr' id='par_1_73' title="bbox 1940 2940 3512 3009">
     <span class='ocr_line' id='line_1_73' title="bbox 1940 2940 3512 3009; baseline 0.004 -15"><span class='ocrx_word' id='word_1_543' title='bbox 1940 2954 2318 3009; x_wconf 86' lang='lat' dir='ltr'><strong>comparamus</strong></span> <span class='ocrx_word' id='word_1_544' title='bbox 2349 2940 2773 2996; x_wconf 88' lang='lat' dir='ltr'><strong>llrmamentum.</strong></span> <span class='ocrx_word' id='word_1_545' title='bbox 2802 2940 3034 2997; x_wconf 84' lang='lat' dir='ltr'><strong>Puerilis</strong></span> <span class='ocrx_word' id='word_1_546' title='bbox 3059 2944 3202 2997; x_wconf 91' lang='lat' dir='ltr'><strong>enim</strong></span> <span class='ocrx_word' id='word_1_547' title='bbox 3234 2958 3421 3000; x_wconf 78' lang='lat' dir='ltr'><strong>revera</strong></span> <span class='ocrx_word' id='word_1_548' title='bbox 3454 2957 3512 3001; x_wconf 90' lang='lat' dir='ltr'><strong>et</strong></span> 
     </span>
    </p>
   </div>
   <div class='ocr_carea' id='block_1_74' title="bbox 1943 3031 3510 3105">
    <p class='ocr_par' dir='ltr' id='par_1_74' title="bbox 1943 3031 3510 3105">
     <span class='ocr_line' id='line_1_74' title="bbox 1943 3031 3510 3105; baseline 0.004 -20"><span class='ocrx_word' id='word_1_549' title='bbox 1943 3031 2207 3101; x_wconf 84' lang='lat' dir='ltr'><strong>simplicis</strong></span> <span class='ocrx_word' id='word_1_550' title='bbox 2242 3032 2409 3085; x_wconf 84' lang='lat' dir='ltr'><strong>animi</strong></span> <span class='ocrx_word' id='word_1_551' title='bbox 2440 3040 2541 3094; x_wconf 89' lang='lat' dir='ltr'><strong>est,</strong></span> <span class='ocrx_word' id='word_1_552' title='bbox 2570 3032 2703 3086; x_wconf 87' lang='lat' dir='ltr'><strong>tales</strong></span> <span class='ocrx_word' id='word_1_553' title='bbox 2731 3033 2797 3087; x_wconf 92' lang='lat' dir='ltr'><strong>de</strong></span> <span class='ocrx_word' id='word_1_554' title='bbox 2824 3034 3135 3089; x_wconf 66' lang='lat' dir='ltr'><strong>coelestibus</strong></span> <span class='ocrx_word' id='word_1_555' title='bbox 3161 3034 3361 3090; x_wconf 86' lang='lat' dir='ltr'><strong>habere</strong></span> <span class='ocrx_word' id='word_1_556' title='bbox 3389 3038 3510 3105; x_wconf 80' lang='lat' dir='ltr'><strong>opi-</strong></span> 
     </span>
    </p>
   </div>
   <div class='ocr_carea' id='block_1_75' title="bbox 1942 3122 3506 3193">
    <p class='ocr_par' dir='ltr' id='par_1_75' title="bbox 1942 3122 3506 3193">
     <span class='ocr_line' id='line_1_75' title="bbox 1942 3122 3506 3193; baseline 0.003 -16"><span class='ocrx_word' id='word_1_557' title='bbox 1942 3124 2153 3178; x_wconf 81' lang='lat' dir='ltr'><strong>itiones.</strong></span> <span class='ocrx_word' id='word_1_558' title='bbox 2184 3122 2369 3193; x_wconf 81' lang='lat' dir='ltr'><strong>Neque</strong></span> <span class='ocrx_word' id='word_1_559' title='bbox 2392 3131 2573 3179; x_wconf 86' lang='lat' dir='ltr'><strong>tamen</strong></span> <span class='ocrx_word' id='word_1_560' title='bbox 2597 3125 2849 3193; x_wconf 89' lang='lat' dir='ltr'><strong>quoniam</strong></span> <span class='ocrx_word' id='word_1_561' title='bbox 2877 3135 3073 3180; x_wconf 87' lang='lat' dir='ltr'><strong>cuncta</strong></span> <span class='ocrx_word' id='word_1_562' title='bbox 3102 3126 3154 3180; x_wconf 93' lang='lat' dir='ltr'><strong>in</strong></span> <span class='ocrx_word' id='word_1_563' title='bbox 3184 3130 3396 3182; x_wconf 87' lang='lat' dir='ltr'><strong>cunctis</strong></span> <span class='ocrx_word' id='word_1_564' title='bbox 3420 3131 3506 3182; x_wconf 64' lang='lat' dir='ltr'><strong>in.</strong></span> 
     </span>
    </p>
   </div>
   <div class='ocr_carea' id='block_1_76' title="bbox 1941 3213 3512 3288">
    <p class='ocr_par' dir='ltr' id='par_1_76' title="bbox 1941 3213 3512 3288">
     <span class='ocr_line' id='line_1_76' title="bbox 1941 3213 3512 3288; baseline 0.004 -21"><span class='ocrx_word' id='word_1_565' title='bbox 1941 3223 2085 3279; x_wconf 89' lang='lat' dir='ltr'><strong>sunt,</strong></span> <span class='ocrx_word' id='word_1_566' title='bbox 2116 3214 2252 3283; x_wconf 83' lang='lat' dir='ltr'><strong>ignis</strong></span> <span class='ocrx_word' id='word_1_567' title='bbox 2279 3213 2495 3283; x_wconf 86' lang='lat' dir='ltr'><strong>quidem</strong></span> <span class='ocrx_word' id='word_1_568' title='bbox 2527 3214 2581 3269; x_wconf 90' lang='lat' dir='ltr'><strong>in</strong></span> <span class='ocrx_word' id='word_1_569' title='bbox 2610 3223 2772 3279; x_wconf 86' lang='lat' dir='ltr'><strong>terra,</strong></span> <span class='ocrx_word' id='word_1_570' title='bbox 2803 3230 2899 3270; x_wconf 89' lang='lat' dir='ltr'><strong>aer</strong></span> <span class='ocrx_word' id='word_1_571' title='bbox 2929 3230 3059 3271; x_wconf 89' lang='lat' dir='ltr'><strong>vero</strong></span> <span class='ocrx_word' id='word_1_572' title='bbox 3085 3216 3139 3272; x_wconf 87' lang='lat' dir='ltr'><strong>in</strong></span> <span class='ocrx_word' id='word_1_573' title='bbox 3174 3232 3335 3288; x_wconf 87' lang='lat' dir='ltr'><strong>aqua,</strong></span> <span class='ocrx_word' id='word_1_574' title='bbox 3366 3230 3421 3273; x_wconf 89' lang='lat' dir='ltr'><strong>et</strong></span> <span class='ocrx_word' id='word_1_575' title='bbox 3446 3235 3512 3275; x_wconf 76' lang='lat' dir='ltr'><strong>ex</strong></span> 
     </span>
    </p>
   </div>
   <div class='ocr_carea' id='block_1_77' title="bbox 1946 3304 3514 3374">
    <p class='ocr_par' dir='ltr' id='par_1_77' title="bbox 1946 3304 3514 3374">
     <span class='ocr_line' id='line_1_77' title="bbox 1946 3304 3514 3374; baseline 0.005 -16"><span class='ocrx_word' id='word_1_576' title='bbox 1946 3304 2067 3358; x_wconf 89' lang='lat' dir='ltr'><strong>aliis</strong></span> <span class='ocrx_word' id='word_1_577' title='bbox 2093 3304 2341 3360; x_wconf 87' lang='lat' dir='ltr'><strong>similiter</strong></span> <span class='ocrx_word' id='word_1_578' title='bbox 2366 3306 2597 3360; x_wconf 89' lang='lat' dir='ltr'><strong>alterum</strong></span> <span class='ocrx_word' id='word_1_579' title='bbox 2629 3306 2682 3361; x_wconf 93' lang='lat' dir='ltr'><strong>in</strong></span> <span class='ocrx_word' id='word_1_580' title='bbox 2718 3307 2925 3374; x_wconf 90' lang='lat' dir='ltr'><strong>altero;</strong></span> <span class='ocrx_word' id='word_1_581' title='bbox 2962 3324 3060 3365; x_wconf 91' lang='lat' dir='ltr'><strong>nec</strong></span> <span class='ocrx_word' id='word_1_582' title='bbox 3110 3318 3170 3364; x_wconf 90' lang='lat' dir='ltr'><strong>ut</strong></span> <span class='ocrx_word' id='word_1_583' title='bbox 3220 3310 3385 3365; x_wconf 88' lang='lat' dir='ltr'><strong>ullum</strong></span> <span class='ocrx_word' id='word_1_584' title='bbox 3429 3319 3514 3366; x_wconf 84' lang='lat' dir='ltr'><strong>est</strong></span> 
     </span>
    </p>
   </div>
   <div class='ocr_carea' id='block_1_78' title="bbox 1945 3398 3512 3473">
    <p class='ocr_par' dir='ltr' id='par_1_78' title="bbox 1945 3398 3512 3473">
     <span class='ocr_line' id='line_1_78' title="bbox 1945 3398 3512 3473; baseline 0.004 -22"><span class='ocrx_word' id='word_1_585' title='bbox 1945 3398 2329 3451; x_wconf 81' lang='lat' dir='ltr'><strong>elementorum</strong></span> <span class='ocrx_word' id='word_1_586' title='bbox 2367 3398 2466 3453; x_wconf 83' lang='lat' dir='ltr'><strong>sub</strong></span> <span class='ocrx_word' id='word_1_587' title='bbox 2499 3413 2693 3455; x_wconf 89' lang='lat' dir='ltr'><strong>sensus</strong></span> <span class='ocrx_word' id='word_1_588' title='bbox 2732 3400 3041 3456; x_wconf 90' lang='lat' dir='ltr'><strong>cadentium</strong></span> <span class='ocrx_word' id='word_1_589' title='bbox 3082 3418 3277 3473; x_wconf 91' lang='lat' dir='ltr'><strong>purum</strong></span> <span class='ocrx_word' id='word_1_590' title='bbox 3307 3414 3362 3459; x_wconf 88' lang='lat' dir='ltr'><strong>et</strong></span> <span class='ocrx_word' id='word_1_591' title='bbox 3400 3404 3512 3458; x_wconf 85' lang='lat' dir='ltr'><strong>sin-</strong></span> 
     </span>
    </p>
   </div>
   <div class='ocr_carea' id='block_1_79' title="bbox 1944 3489 3508 3563">
    <p class='ocr_par' dir='ltr' id='par_1_79' title="bbox 1944 3489 3508 3563">
     <span class='ocr_line' id='line_1_79' title="bbox 1944 3489 3508 3563; baseline 0.003 -19"><span class='ocrx_word' id='word_1_592' title='bbox 1944 3502 2151 3551; x_wconf 87' lang='lat' dir='ltr'><strong>cerum,</strong></span> <span class='ocrx_word' id='word_1_593' title='bbox 2182 3502 2397 3542; x_wconf 90' lang='lat' dir='ltr'><strong>omnem</strong></span> <span class='ocrx_word' id='word_1_594' title='bbox 2430 3489 2544 3544; x_wconf 88' lang='lat' dir='ltr'><strong>sive</strong></span> <span class='ocrx_word' id='word_1_595' title='bbox 2572 3504 2693 3544; x_wconf 90' lang='lat' dir='ltr'><strong>cum</strong></span> <span class='ocrx_word' id='word_1_596' title='bbox 2726 3491 2925 3555; x_wconf 91' lang='lat' dir='ltr'><strong>medio,</strong></span> <span class='ocrx_word' id='word_1_597' title='bbox 2957 3491 3071 3547; x_wconf 89' lang='lat' dir='ltr'><strong>sive</strong></span> <span class='ocrx_word' id='word_1_598' title='bbox 3102 3507 3223 3547; x_wconf 89' lang='lat' dir='ltr'><strong>cum</strong></span> <span class='ocrx_word' id='word_1_599' title='bbox 3257 3494 3508 3563; x_wconf 87' lang='lat' dir='ltr'><strong>opposito</strong></span> 
     </span>
    </p>
   </div>
   <div class='ocr_carea' id='block_1_80' title="bbox 1942 3582 3505 3654">
    <p class='ocr_par' dir='ltr' id='par_1_80' title="bbox 1942 3582 3505 3654">
     <span class='ocr_line' id='line_1_80' title="bbox 1942 3582 3505 3654; baseline 0.003 -18"><span class='ocrx_word' id='word_1_600' title='bbox 1942 3582 2258 3638; x_wconf 88' lang='lat' dir='ltr'><strong>societatem</strong></span> <span class='ocrx_word' id='word_1_601' title='bbox 2288 3582 2603 3649; x_wconf 81' lang='lat' dir='ltr'><strong>excludens,</strong></span> <span class='ocrx_word' id='word_1_602' title='bbox 2629 3599 2736 3638; x_wconf 86' lang='lat' dir='ltr'><strong>non</strong></span> <span class='ocrx_word' id='word_1_603' title='bbox 2768 3585 2974 3640; x_wconf 89' lang='lat' dir='ltr'><strong>idcirco</strong></span> <span class='ocrx_word' id='word_1_604' title='bbox 3003 3587 3187 3642; x_wconf 88' lang='lat' dir='ltr'><strong>dicere</strong></span> <span class='ocrx_word' id='word_1_605' title='bbox 3222 3589 3505 3654; x_wconf 87' lang='lat' dir='ltr'><strong>audemus,</strong></span> 
     </span>
    </p>
   </div>
   <div class='ocr_carea' id='block_1_81' title="bbox 1944 3673 3511 3747">
    <p class='ocr_par' dir='ltr' id='par_1_81' title="bbox 1944 3673 3511 3747">
     <span class='ocr_line' id='line_1_81' title="bbox 1944 3673 3511 3747; baseline 0.007 -21"><span class='ocrx_word' id='word_1_606' title='bbox 1944 3673 2339 3729; x_wconf 88' lang='lat' dir='ltr'><strong>ﬁrmamentum</strong></span> <span class='ocrx_word' id='word_1_607' title='bbox 2364 3684 2456 3729; x_wconf 90' lang='lat' dir='ltr'><strong>aut</strong></span> <span class='ocrx_word' id='word_1_608' title='bbox 2480 3691 2546 3731; x_wconf 78' lang='lat' dir='ltr'><strong>es</strong></span> <span class='ocrx_word' id='word_1_609' title='bbox 2577 3692 2683 3730; x_wconf 93' lang='lat' dir='ltr'><strong>uno</strong></span> <span class='ocrx_word' id='word_1_610' title='bbox 2705 3676 3029 3747; x_wconf 89' lang='lat' dir='ltr'><strong>simplicium</strong></span> <span class='ocrx_word' id='word_1_611' title='bbox 3053 3678 3300 3746; x_wconf 80' lang='lat' dir='ltr'><strong>conﬂari,</strong></span> <span class='ocrx_word' id='word_1_612' title='bbox 3324 3687 3417 3733; x_wconf 88' lang='lat' dir='ltr'><strong>aut</strong></span> <span class='ocrx_word' id='word_1_613' title='bbox 3440 3693 3511 3737; x_wconf 76' lang='lat' dir='ltr'><strong>ex</strong></span> 
     </span>
    </p>
   </div>
   <div class='ocr_carea' id='block_1_82' title="bbox 1940 3766 3512 3842">
    <p class='ocr_par' dir='ltr' id='par_1_82' title="bbox 1940 3766 3512 3842">
     <span class='ocr_line' id='line_1_82' title="bbox 1940 3766 3512 3842; baseline 0.004 -23"><span class='ocrx_word' id='word_1_614' title='bbox 1940 3766 2023 3821; x_wconf 90' lang='lat' dir='ltr'><strong>his</strong></span> <span class='ocrx_word' id='word_1_615' title='bbox 2066 3768 2471 3836; x_wconf 87' lang='lat' dir='ltr'><strong>permistionem</strong></span> <span class='ocrx_word' id='word_1_616' title='bbox 2501 3769 2789 3839; x_wconf 89' lang='lat' dir='ltr'><strong>quamdam</strong></span> <span class='ocrx_word' id='word_1_617' title='bbox 2848 3785 2969 3826; x_wconf 89' lang='lat' dir='ltr'><strong>esse</strong></span> <span class='ocrx_word' id='word_1_618' title='bbox 3006 3789 3021 3825; x_wconf 89' lang='lat'><strong>:</strong></span> <span class='ocrx_word' id='word_1_619' title='bbox 3074 3772 3512 3842; x_wconf 82' lang='lat' dir='ltr'><strong>quandoquidem</strong></span> 
     </span>
    </p>
   </div>
   <div class='ocr_carea' id='block_1_83' title="bbox 1943 3862 3510 3935">
    <p class='ocr_par' dir='ltr' id='par_1_83' title="bbox 1943 3862 3510 3935">
     <span class='ocr_line' id='line_1_83' title="bbox 1943 3862 3510 3935; baseline 0.001 -16"><span class='ocrx_word' id='word_1_620' title='bbox 1943 3862 2117 3919; x_wconf 90' lang='lat' dir='ltr'><strong>edocti</strong></span> <span class='ocrx_word' id='word_1_621' title='bbox 2167 3878 2354 3919; x_wconf 88' lang='lat' dir='ltr'><strong>sumus</strong></span> <span class='ocrx_word' id='word_1_622' title='bbox 2381 3878 2411 3917; x_wconf 89' lang='lat' dir='ltr'><strong>a</strong></span> <span class='ocrx_word' id='word_1_623' title='bbox 2448 3864 2748 3935; x_wconf 88' lang='lat' dir='ltr'><strong>Scriptura.</strong></span> <span class='ocrx_word' id='word_1_624' title='bbox 2786 3876 2845 3921; x_wconf 89' lang='lat' dir='ltr'><strong>ut</strong></span> <span class='ocrx_word' id='word_1_625' title='bbox 2890 3866 3022 3921; x_wconf 91' lang='lat' dir='ltr'><strong>nihil</strong></span> <span class='ocrx_word' id='word_1_626' title='bbox 3065 3866 3233 3922; x_wconf 87' lang='lat' dir='ltr'><strong>tuenti</strong></span> <span class='ocrx_word' id='word_1_627' title='bbox 3268 3875 3469 3921; x_wconf 65' lang='grc' dir='ltr'>ιιοειιδω</span> <span class='ocrx_word' id='word_1_628' title='bbox 3492 3904 3510 3932; x_wconf 91' lang='grc'><strong>,</strong></span> 
     </span>
    </p>
   </div>
   <div class='ocr_carea' id='block_1_84' title="bbox 2025 4194 3510 4276">
    <p class='ocr_par' dir='ltr' id='par_1_84' title="bbox 2025 4194 3510 4276">
     <span class='ocr_line' id='line_1_84' title="bbox 2025 4194 3510 4276; baseline 0.002 -25"><span class='ocrx_word' id='word_1_629' title='bbox 2025 4194 2079 4276; x_wconf 66' lang='grc' dir='ltr'><strong>ξι)</strong></span> <span class='ocrx_word' id='word_1_630' title='bbox 2121 4195 2253 4276; x_wconf 78' lang='lat' dir='ltr'><strong>Reg.</strong></span> <span class='ocrx_word' id='word_1_631' title='bbox 2280 4194 2800 4276; x_wconf 49' lang='lat' dir='ltr'><strong>sextusmoiucrﬁqpov</strong></span> <span class='ocrx_word' id='word_1_632' title='bbox 2832 4197 2924 4250; x_wconf 77' lang='grc' dir='ltr'>καὶ</span> <span class='ocrx_word' id='word_1_633' title='bbox 2966 4195 3305 4276; x_wconf 69' lang='grc' dir='ltr'>εὐδιάχυτον.</span> <span class='ocrx_word' id='word_1_634' title='bbox 3361 4197 3510 4254; x_wconf 79' lang='lat' dir='ltr'><strong>lnl&#39;ra</strong></span> 
     </span>
    </p>
   </div>
   <div class='ocr_carea' id='block_1_85' title="bbox 2160 4264 3229 4339">
    <p class='ocr_par' dir='ltr' id='par_1_85' title="bbox 2160 4264 3229 4339">
     <span class='ocr_line' id='line_1_85' title="bbox 2160 4264 3229 4339; baseline 0.001 -20"><span class='ocrx_word' id='word_1_635' title='bbox 2160 4264 2592 4339; x_wconf 58' lang='lat' dir='ltr'><strong>rimus_vopl{stv</strong></span> <span class='ocrx_word' id='word_1_636' title='bbox 2616 4264 2710 4319; x_wconf 93' lang='grc' dir='ltr'><strong>τοῦ</strong></span> <span class='ocrx_word' id='word_1_637' title='bbox 2736 4266 2897 4339; x_wconf 81' lang='grc' dir='ltr'>ἀέρος</span> <span class='ocrx_word' id='word_1_638' title='bbox 2928 4266 3027 4338; x_wconf 81' lang='grc' dir='ltr'><strong>τὴν</strong></span> <span class='ocrx_word' id='word_1_639' title='bbox 3054 4264 3229 4339; x_wconf 71' lang='grc' dir='ltr'>χύσιν.</span> 
     </span>
    </p>
   </div>
   <div class='ocr_carea' id='block_1_86' title="bbox 2003 4334 3500 4418">
    <p class='ocr_par' dir='ltr' id='par_1_86' title="bbox 2003 4334 3500 4418">
     <span class='ocr_line' id='line_1_86' title="bbox 2003 4334 3500 4418; baseline 0.003 -29"><span class='ocrx_word' id='word_1_640' title='bbox 2003 4337 2077 4418; x_wconf 73' lang='grc' dir='ltr'><strong>ςι)</strong></span> <span class='ocrx_word' id='word_1_641' title='bbox 2110 4334 2285 4418; x_wconf 62' lang='lat' dir='ltr'><strong>Editio</strong></span> <span class='ocrx_word' id='word_1_642' title='bbox 2318 4334 2481 4418; x_wconf 74' lang='lat' dir='ltr'><strong>Ba_sil_.</strong></span> <span class='ocrx_word' id='word_1_643' title='bbox 2510 4351 2633 4418; x_wconf 77' lang='lat' dir='ltr'><strong>cn_m</strong></span> <span class='ocrx_word' id='word_1_644' title='bbox 2662 4334 3269 4418; x_wconf 48' lang='lat' dir='ltr'><strong>qtiibuglain&#39;Aiiglicis,</strong></span> <span class='ocrx_word' id='word_1_645' title='bbox 3298 4338 3500 4418; x_wconf 77' lang='lat' dir='ltr'><strong>quibus</strong></span> 
     </span>
    </p>
   </div>
   <div class='ocr_carea' id='block_1_87' title="bbox 1934 4406 3507 4476">
    <p class='ocr_par' dir='ltr' id='par_1_87' title="bbox 1934 4406 3507 4476">
     <span class='ocr_line' id='line_1_87' title="bbox 1934 4406 3507 4476; baseline 0.002 -15"><span class='ocrx_word' id='word_1_646' title='bbox 1934 4406 2255 4476; x_wconf 71' lang='lat' dir='ltr'><strong>adiungendi</strong></span> <span class='ocrx_word' id='word_1_647' title='bbox 2282 4415 2410 4461; x_wconf 85' lang='lat' dir='ltr'><strong>sunt</strong></span> <span class='ocrx_word' id='word_1_648' title='bbox 2440 4406 2545 4461; x_wconf 88' lang='lat' dir='ltr'><strong>duo</strong></span> <span class='ocrx_word' id='word_1_649' title='bbox 2576 4406 2707 4462; x_wconf 91' lang='lat' dir='ltr'><strong>Duc.</strong></span> <span class='ocrx_word' id='word_1_650' title='bbox 2747 4416 2802 4461; x_wconf 91' lang='lat' dir='ltr'><strong>et</strong></span> <span class='ocrx_word' id='word_1_651' title='bbox 2830 4406 2984 4476; x_wconf 82' lang='lat' dir='ltr'><strong>Regii</strong></span> <span class='ocrx_word' id='word_1_652' title='bbox 3027 4406 3251 4475; x_wconf 86' lang='lat' dir='ltr'><strong>primus,</strong></span> <span class='ocrx_word' id='word_1_653' title='bbox 3290 4406 3507 4474; x_wconf 85' lang='lat' dir='ltr'><strong>tertius,</strong></span> 
     </span>
    </p>
   </div>
   <div class='ocr_carea' id='block_1_88' title="bbox 1936 4477 3509 4549">
    <p class='ocr_par' dir='ltr' id='par_1_88' title="bbox 1936 4477 3509 4549">
     <span class='ocr_line' id='line_1_88' title="bbox 1936 4477 3509 4549; baseline 0.003 -20"><span class='ocrx_word' id='word_1_654' title='bbox 1936 4487 2186 4549; x_wconf 81' lang='lat' dir='ltr'><strong>quartus,</strong></span> <span class='ocrx_word' id='word_1_655' title='bbox 2204 4478 2445 4549; x_wconf 30' lang='lat' dir='ltr'><strong>&quot;quintus</strong></span> <span class='ocrx_word' id='word_1_656' title='bbox 2498 4486 2553 4530; x_wconf 93' lang='lat' dir='ltr'><strong>et</strong></span> <span class='ocrx_word' id='word_1_657' title='bbox 2586 4487 2771 4549; x_wconf 76' lang='lat' dir='ltr'><strong>sextus</strong></span> <span class='ocrx_word' id='word_1_658' title='bbox 2810 4485 2868 4531; x_wconf 85' lang='lat' dir='ltr'><strong>et</strong></span> <span class='ocrx_word' id='word_1_659' title='bbox 2907 4477 3057 4549; x_wconf 87' lang='lat' dir='ltr'><strong>Bodl.</strong></span> <span class='ocrx_word' id='word_1_660' title='bbox 3104 4493 3227 4533; x_wconf 88' lang='lat' dir='ltr'><strong>cum</strong></span> <span class='ocrx_word' id='word_1_661' title='bbox 3278 4488 3509 4549; x_wconf 88' lang='lat' dir='ltr'><strong>utroque</strong></span> 
     </span>
    </p>
   </div>
   <div class='ocr_carea' id='block_1_89' title="bbox 260 4545 1943 4636">
    <p class='ocr_par' dir='ltr' id='par_1_89' title="bbox 260 4545 1943 4636">
     <span class='ocr_line' id='line_1_89' title="bbox 260 4545 1943 4636; baseline -0.002 -32"><span class='ocrx_word' id='word_1_662' title='bbox 260 4545 407 4605; x_wconf 81' lang='lat' dir='ltr'><strong>mum</strong></span> <span class='ocrx_word' id='word_1_663' title='bbox 461 4548 703 4636; x_wconf 70' lang='lat' dir='ltr'><strong>apposita</strong></span> <span class='ocrx_word' id='word_1_664' title='bbox 754 4558 834 4601; x_wconf 92' lang='lat' dir='ltr'><strong>est</strong></span> <span class='ocrx_word' id='word_1_665' title='bbox 873 4548 938 4601; x_wconf 91' lang='lat' dir='ltr'><strong>ad</strong></span> <span class='ocrx_word' id='word_1_666' title='bbox 986 4546 1303 4636; x_wconf 67' lang='lat' dir='ltr'><strong>marginem,</strong></span> <span class='ocrx_word' id='word_1_667' title='bbox 1356 4564 1421 4602; x_wconf 90' lang='lat' dir='ltr'><strong>eo</strong></span> <span class='ocrx_word' id='word_1_668' title='bbox 1473 4545 1730 4609; x_wconf 78' lang='lat' dir='ltr'><strong>consilio,</strong></span> <span class='ocrx_word' id='word_1_669' title='bbox 1773 4556 1830 4601; x_wconf 89' lang='lat' dir='ltr'><strong>ut</strong></span> <span class='ocrx_word' id='word_1_670' title='bbox 1864 4555 1943 4636; x_wconf 67' lang='lat' dir='ltr'><strong>Di</strong></span> 
     </span>
    </p>
   </div>
   <div class='ocr_carea' id='block_1_90' title="bbox 1825 4545 3508 4636">
    <p class='ocr_par' dir='ltr' id='par_1_90' title="bbox 1825 4545 3508 4636">
     <span class='ocr_line' id='line_1_90' title="bbox 1825 4545 3508 4636; baseline 0.003 -36"><span class='ocrx_word' id='word_1_671' title='bbox 1825 4565 1830 4600; x_wconf 61' lang='grc' dir='ltr'>μ</span> <span class='ocrx_word' id='word_1_672' title='bbox 1864 4580 1907 4636; x_wconf 76' lang='lat' dir='ltr'><strong>D</strong></span> <span class='ocrx_word' id='word_1_673' title='bbox 1934 4546 2102 4636; x_wconf 50' lang='grc' dir='ltr'>(ἑοῖσι.</span> <span class='ocrx_word' id='word_1_674' title='bbox 2136 4545 2231 4599; x_wconf 90' lang='grc' dir='ltr'><strong>τοῦ</strong></span> <span class='ocrx_word' id='word_1_675' title='bbox 2282 4546 2515 4636; x_wconf 66' lang='grc' dir='ltr'>σπέκλου</span> <span class='ocrx_word' id='word_1_676' title='bbox 2552 4546 2713 4615; x_wconf 84' lang='grc' dir='ltr'>φύσις</span> <span class='ocrx_word' id='word_1_677' title='bbox 2739 4563 2759 4636; x_wconf 37' lang='grc'><strong>⁸·</strong></span> <span class='ocrx_word' id='word_1_678' title='bbox 2811 4547 3299 4636; x_wconf 44' lang='lat' dir='ltr'><strong>quam&#39;lectionﬁni</strong></span> <span class='ocrx_word' id='word_1_679' title='bbox 3354 4545 3508 4633; x_wconf 69' lang='lat' dir='ltr'><strong>putat</strong></span> 
     </span>
    </p>
   </div>
   <div class='ocr_carea' id='block_1_91' title="bbox 260 4616 1827 4687">
    <p class='ocr_par' dir='ltr' id='par_1_91' title="bbox 260 4616 1827 4687">
     <span class='ocr_line' id='line_1_91' title="bbox 260 4616 1827 4687; baseline -0.001 -14"><span class='ocrx_word' id='word_1_680' title='bbox 260 4616 573 4675; x_wconf 85' lang='lat' dir='ltr'><strong>moneretur</strong></span> <span class='ocrx_word' id='word_1_681' title='bbox 603 4618 772 4671; x_wconf 90' lang='lat' dir='ltr'><strong>lector</strong></span> <span class='ocrx_word' id='word_1_682' title='bbox 796 4632 893 4687; x_wconf 88' lang='lat' dir='ltr'><strong>per</strong></span> <span class='ocrx_word' id='word_1_683' title='bbox 945 4616 1129 4672; x_wconf 78' lang='lat' dir='ltr'><strong>vocem</strong></span> <span class='ocrx_word' id='word_1_684' title='bbox 1168 4616 1321 4685; x_wconf 75' lang='grc' dir='ltr'>ὕψος,</span> <span class='ocrx_word' id='word_1_685' title='bbox 1369 4633 1473 4687; x_wconf 84' lang='lat' dir='ltr'><strong>qna</strong></span> <span class='ocrx_word' id='word_1_686' title='bbox 1532 4632 1661 4671; x_wconf 88' lang='lat' dir='ltr'><strong>usus</strong></span> <span class='ocrx_word' id='word_1_687' title='bbox 1710 4627 1827 4671; x_wconf 79' lang='lat' dir='ltr'><strong>erat</strong></span> 
     </span>
    </p>
   </div>
   <div class='ocr_carea' id='block_1_92' title="bbox 258 4686 1826 4757">
    <p class='ocr_par' dir='ltr' id='par_1_92' title="bbox 258 4686 1826 4757">
     <span class='ocr_line' id='line_1_92' title="bbox 258 4686 1826 4757; baseline -0.003 -12"><span class='ocrx_word' id='word_1_688' title='bbox 258 4692 512 4751; x_wconf 81' lang='lat' dir='ltr'><strong>Basilius,</strong></span> <span class='ocrx_word' id='word_1_689' title='bbox 556 4689 640 4743; x_wconf 89' lang='lat' dir='ltr'><strong>hic</strong></span> <span class='ocrx_word' id='word_1_690' title='bbox 685 4686 907 4757; x_wconf 75' lang='lat' dir='ltr'><strong>intelligi</strong></span> <span class='ocrx_word' id='word_1_691' title='bbox 953 4689 1310 4756; x_wconf 86' lang='lat' dir='ltr'><strong>profundum;</strong></span> <span class='ocrx_word' id='word_1_692' title='bbox 1341 4686 1535 4742; x_wconf 83' lang='lat' dir='ltr'><strong>deinde</strong></span> <span class='ocrx_word' id='word_1_693' title='bbox 1582 4686 1696 4741; x_wconf 69' lang='lat' dir='ltr'><strong>haec</strong></span> <span class='ocrx_word' id='word_1_694' title='bbox 1735 4702 1826 4741; x_wconf 89' lang='lat' dir='ltr'><strong>ea-</strong></span> 
     </span>
    </p>
   </div>
   <div class='ocr_carea' id='block_1_93' title="bbox 260 4757 1830 4829">
    <p class='ocr_par' dir='ltr' id='par_1_93' title="bbox 260 4757 1830 4829">
     <span class='ocr_line' id='line_1_93' title="bbox 260 4757 1830 4829; baseline -0.003 -16"><span class='ocrx_word' id='word_1_695' title='bbox 260 4766 383 4815; x_wconf 90' lang='lat' dir='ltr'><strong>dem</strong></span> <span class='ocrx_word' id='word_1_696' title='bbox 408 4776 509 4814; x_wconf 84' lang='lat' dir='ltr'><strong>vox</strong></span> <span class='ocrx_word' id='word_1_697' title='bbox 549 4757 702 4829; x_wconf 70' lang='grc' dir='ltr'>ὐψος,</span> <span class='ocrx_word' id='word_1_698' title='bbox 734 4757 875 4829; x_wconf 90' lang='lat' dir='ltr'><strong>quod</strong></span> <span class='ocrx_word' id='word_1_699' title='bbox 896 4772 1037 4828; x_wconf 74' lang='lat' dir='ltr'><strong>sazpe</strong></span> <span class='ocrx_word' id='word_1_700' title='bbox 1067 4758 1266 4812; x_wconf 81' lang='lat' dir='ltr'><strong>factum</strong></span> <span class='ocrx_word' id='word_1_701' title='bbox 1296 4768 1400 4823; x_wconf 91' lang='lat' dir='ltr'><strong>est,</strong></span> <span class='ocrx_word' id='word_1_702' title='bbox 1426 4758 1478 4812; x_wconf 90' lang='lat' dir='ltr'><strong>in</strong></span> <span class='ocrx_word' id='word_1_703' title='bbox 1516 4766 1720 4811; x_wconf 78' lang='lat' dir='ltr'><strong>textum</strong></span> <span class='ocrx_word' id='word_1_704' title='bbox 1758 4759 1830 4810; x_wconf 88' lang='lat' dir='ltr'><strong>ir-</strong></span> 
     </span>
    </p>
   </div>
   <div class='ocr_carea' id='block_1_94' title="bbox 259 4830 451 4886">
    <p class='ocr_par' dir='ltr' id='par_1_94' title="bbox 259 4830 451 4886">
     <span class='ocr_line' id='line_1_94' title="bbox 259 4830 451 4886; baseline -0.016 0"><span class='ocrx_word' id='word_1_705' title='bbox 259 4830 451 4886; x_wconf 80' lang='lat' dir='ltr'><strong>repsit.</strong></span> 
     </span>
    </p>
   </div>
   <div class='ocr_carea' id='block_1_95' title="bbox 325 4846 1827 4981">
    <p class='ocr_par' dir='ltr' id='par_1_95' title="bbox 325 4846 1827 4981">
     <span class='ocr_line' id='line_1_95' title="bbox 325 4846 1827 4981; baseline -0.002 -27"><span class='ocrx_word' id='word_1_706' title='bbox 325 4846 587 4981; x_wconf 52' lang='grc' dir='ltr'>ἲέῗλιυιιί</span> <span class='ocrx_word' id='word_1_707' title='bbox 643 4914 771 4981; x_wconf 82' lang='lat' dir='ltr'><strong>mss.</strong></span> <span class='ocrx_word' id='word_1_708' title='bbox 806 4895 1060 4981; x_wconf 64' lang='grc' dir='ltr'>νεφελιῖιν.</span> <span class='ocrx_word' id='word_1_709' title='bbox 1106 4894 1442 4981; x_wconf 61' lang='lat' dir='ltr'><strong>Mosneditio</strong></span> <span class='ocrx_word' id='word_1_710' title='bbox 1480 4896 1662 4981; x_wconf 59' lang='lat' dir='ltr'><strong>Paris.</strong></span> <span class='ocrx_word' id='word_1_711' title='bbox 1694 4899 1827 4981; x_wconf 50' lang='lat' dir='ltr'><strong>afro-</strong></span> 
     </span>
    </p>
   </div>
   <div class='ocr_carea' id='block_1_96' title="bbox 258 4964 1819 5037">
    <p class='ocr_par' dir='ltr' id='par_1_96' title="bbox 258 4964 1819 5037">
     <span class='ocr_line' id='line_1_96' title="bbox 258 4964 1819 5037; baseline -0.003 -10"><span class='ocrx_word' id='word_1_712' title='bbox 258 4964 564 5031; x_wconf 72' lang='grc' dir='ltr'>τελοῦντος,</span> <span class='ocrx_word' id='word_1_713' title='bbox 604 4978 761 5037; x_wconf 90' lang='lat' dir='ltr'><strong>prout</strong></span> <span class='ocrx_word' id='word_1_714' title='bbox 794 4969 1189 5037; x_wconf 62' lang='lat' dir='ltr'><strong>emendaverat</strong></span> <span class='ocrx_word' id='word_1_715' title='bbox 1222 4964 1583 5037; x_wconf 83' lang='lat' dir='ltr'><strong>Montacutius</strong></span> <span class='ocrx_word' id='word_1_716' title='bbox 1613 4982 1679 5023; x_wconf 82' lang='lat' dir='ltr'><strong>ex</strong></span> <span class='ocrx_word' id='word_1_717' title='bbox 1712 4972 1819 5023; x_wconf 83' lang='lat' dir='ltr'><strong>An-</strong></span> 
     </span>
    </p>
   </div>
   <div class='ocr_carea' id='block_1_97' title="bbox 259 5036 1828 5113">
    <p class='ocr_par' dir='ltr' id='par_1_97' title="bbox 259 5036 1828 5113">
     <span class='ocr_line' id='line_1_97' title="bbox 259 5036 1828 5113; baseline -0.003 -16"><span class='ocrx_word' id='word_1_718' title='bbox 259 5044 415 5113; x_wconf 87' lang='lat' dir='ltr'><strong>glicis</strong></span> <span class='ocrx_word' id='word_1_719' title='bbox 447 5055 575 5113; x_wconf 82' lang='lat' dir='ltr'><strong>mss.</strong></span> <span class='ocrx_word' id='word_1_720' title='bbox 610 5040 782 5113; x_wconf 65' lang='lat' dir='ltr'><strong>ldeitio</strong></span> <span class='ocrx_word' id='word_1_721' title='bbox 814 5038 975 5113; x_wconf 75' lang='lat' dir='ltr'><strong>Rasil.</strong></span> <span class='ocrx_word' id='word_1_722' title='bbox 1010 5052 1131 5091; x_wconf 94' lang='lat' dir='ltr'><strong>cum</strong></span> <span class='ocrx_word' id='word_1_723' title='bbox 1162 5036 1340 5105; x_wconf 81' lang='lat' dir='ltr'><strong>Regiis</strong></span> <span class='ocrx_word' id='word_1_724' title='bbox 1359 5040 1543 5113; x_wconf 63' lang='lat' dir='ltr'><strong>primo</strong></span> <span class='ocrx_word' id='word_1_725' title='bbox 1562 5046 1614 5091; x_wconf 89' lang='lat' dir='ltr'><strong>et</strong></span> <span class='ocrx_word' id='word_1_726' title='bbox 1638 5040 1828 5107; x_wconf 91' lang='lat' dir='ltr'><strong>quinto</strong></span> 
     </span>
    </p>
   </div>
   <div class='ocr_carea' id='block_1_98' title="bbox 260 5107 1829 5178">
    <p class='ocr_par' dir='ltr' id='par_1_98' title="bbox 260 5107 1829 5178">
     <span class='ocr_line' id='line_1_98' title="bbox 260 5107 1829 5178; baseline -0.002 -11"><span class='ocrx_word' id='word_1_727' title='bbox 260 5107 315 5167; x_wconf 70' lang='lat' dir='ltr'><strong>Et</strong></span> <span class='ocrx_word' id='word_1_728' title='bbox 344 5128 469 5166; x_wconf 89' lang='lat' dir='ltr'><strong>cum</strong></span> <span class='ocrx_word' id='word_1_729' title='bbox 506 5109 714 5162; x_wconf 86' lang='lat' dir='ltr'><strong>duobus</strong></span> <span class='ocrx_word' id='word_1_730' title='bbox 739 5109 890 5162; x_wconf 75' lang='lat' dir='ltr'><strong>Gulb.</strong></span> <span class='ocrx_word' id='word_1_731' title='bbox 952 5107 1187 5178; x_wconf 77' lang='lat' dir='ltr'><strong>itemque</strong></span> <span class='ocrx_word' id='word_1_732' title='bbox 1229 5121 1349 5178; x_wconf 71' lang='lat' dir='ltr'><strong>cum</strong></span> <span class='ocrx_word' id='word_1_733' title='bbox 1402 5107 1567 5163; x_wconf 89' lang='lat' dir='ltr'><strong>Coisl.</strong></span> <span class='ocrx_word' id='word_1_734' title='bbox 1596 5119 1829 5178; x_wconf 87' lang='lat' dir='ltr'><strong>utroque</strong></span> 
     </span>
    </p>
   </div>
   <div class='ocr_carea' id='block_1_99' title="bbox 260 5174 1826 5249">
    <p class='ocr_par' dir='ltr' id='par_1_99' title="bbox 260 5174 1826 5249">
     <span class='ocr_line' id='line_1_99' title="bbox 260 5174 1826 5249; baseline -0.001 -14"><span class='ocrx_word' id='word_1_735' title='bbox 260 5194 316 5238; x_wconf 92' lang='lat' dir='ltr'><strong>et</strong></span> <span class='ocrx_word' id='word_1_736' title='bbox 346 5181 497 5235; x_wconf 85' lang='lat' dir='ltr'><strong>Bodl.</strong></span> <span class='ocrx_word' id='word_1_737' title='bbox 538 5178 952 5240; x_wconf 83' lang='grc' dir='ltr'>ἀποτελοῦντας.</span> <span class='ocrx_word' id='word_1_738' title='bbox 992 5174 1227 5249; x_wconf 77' lang='lat' dir='ltr'><strong>Uterque</strong></span> <span class='ocrx_word' id='word_1_739' title='bbox 1262 5174 1578 5249; x_wconf 19' lang='lat' dir='ltr'><strong>ADuc._cum</strong></span> <span class='ocrx_word' id='word_1_740' title='bbox 1641 5174 1826 5249; x_wconf 80' lang='lat' dir='ltr'><strong>Regiis</strong></span> 
     </span>
    </p>
   </div>
   <div class='ocr_carea' id='block_1_100' title="bbox 262 5246 1828 5319">
    <p class='ocr_par' dir='ltr' id='par_1_100' title="bbox 262 5246 1828 5319">
     <span class='ocr_line' id='line_1_100' title="bbox 262 5246 1828 5319; baseline -0.002 -14"><span class='ocrx_word' id='word_1_741' title='bbox 262 5254 420 5305; x_wconf 87' lang='lat' dir='ltr'><strong>tertio</strong></span> <span class='ocrx_word' id='word_1_742' title='bbox 450 5260 503 5305; x_wconf 90' lang='lat' dir='ltr'><strong>et</strong></span> <span class='ocrx_word' id='word_1_743' title='bbox 532 5258 722 5318; x_wconf 84' lang='lat' dir='ltr'><strong>quarto</strong></span> <span class='ocrx_word' id='word_1_744' title='bbox 752 5260 806 5303; x_wconf 89' lang='lat' dir='ltr'><strong>et</strong></span> <span class='ocrx_word' id='word_1_745' title='bbox 833 5263 955 5319; x_wconf 87' lang='lat' dir='ltr'><strong>cum</strong></span> <span class='ocrx_word' id='word_1_746' title='bbox 1000 5246 1359 5319; x_wconf 74' lang='lat' dir='ltr'><strong>aliis_dno_bus</strong></span> <span class='ocrx_word' id='word_1_747' title='bbox 1414 5246 1597 5319; x_wconf 81' lang='lat' dir='ltr'><strong>Regiis</strong></span> <span class='ocrx_word' id='word_1_748' title='bbox 1626 5246 1828 5302; x_wconf 71' lang='grc' dir='ltr'>ἀποτε-</span> 
     </span>
    </p>
   </div>
   <div class='ocr_carea' id='block_1_101' title="bbox 260 5316 1825 5389">
    <p class='ocr_par' dir='ltr' id='par_1_101' title="bbox 260 5316 1825 5389">
     <span class='ocr_line' id='line_1_101' title="bbox 260 5316 1825 5389; baseline -0.001 -15"><span class='ocrx_word' id='word_1_749' title='bbox 260 5316 577 5389; x_wconf 81' lang='grc' dir='ltr'>λουμένους.</span> <span class='ocrx_word' id='word_1_750' title='bbox 618 5319 776 5389; x_wconf 81' lang='lat' dir='ltr'><strong>Deest</strong></span> <span class='ocrx_word' id='word_1_751' title='bbox 814 5318 907 5371; x_wconf 85' lang='grc' dir='ltr'><strong>καί</strong></span> <span class='ocrx_word' id='word_1_752' title='bbox 954 5316 1213 5389; x_wconf 31' lang='grc' dir='ltr'>ειιιιθ-διά</span> <span class='ocrx_word' id='word_1_753' title='bbox 1244 5317 1295 5371; x_wconf 93' lang='lat' dir='ltr'><strong>in</strong></span> <span class='ocrx_word' id='word_1_754' title='bbox 1354 5316 1825 5389; x_wconf 41' lang='lat' dir='ltr'><strong>mssfnonnullis.</strong></span> 
     </span>
    </p>
   </div>
   <div class='ocr_carea' id='block_1_102' title="bbox 259 5386 1823 5459">
    <p class='ocr_par' dir='ltr' id='par_1_102' title="bbox 259 5386 1823 5459">
     <span class='ocr_line' id='line_1_102' title="bbox 259 5386 1823 5459; baseline -0.002 -14"><span class='ocrx_word' id='word_1_755' title='bbox 259 5386 555 5445; x_wconf 64' lang='lat' dir='ltr'><strong>Carnarius</strong></span> <span class='ocrx_word' id='word_1_756' title='bbox 586 5390 727 5443; x_wconf 90' lang='lat' dir='ltr'><strong>hunc</strong></span> <span class='ocrx_word' id='word_1_757' title='bbox 766 5387 941 5441; x_wconf 90' lang='lat' dir='ltr'><strong>locum</strong></span> <span class='ocrx_word' id='word_1_758' title='bbox 990 5388 1069 5459; x_wconf 87' lang='lat' dir='ltr'><strong>sic</strong></span> <span class='ocrx_word' id='word_1_759' title='bbox 1100 5386 1528 5459; x_wconf 83' lang='lat' dir='ltr'><strong>interpretatur:</strong></span> <span class='ocrx_word' id='word_1_760' title='bbox 1564 5388 1640 5442; x_wconf 86' lang='lat' dir='ltr'><strong>Eo</strong></span> <span class='ocrx_word' id='word_1_761' title='bbox 1679 5389 1823 5459; x_wconf 65' lang='lat' dir='ltr'><strong>quod</strong></span> 
     </span>
    </p>
   </div>
   <div class='ocr_carea' id='block_1_103' title="bbox 260 5458 1821 5525">
    <p class='ocr_par' dir='ltr' id='par_1_103' title="bbox 260 5458 1821 5525">
     <span class='ocr_line' id='line_1_103' title="bbox 260 5458 1821 5525; baseline -0.001 -10"><span class='ocrx_word' id='word_1_762' title='bbox 260 5461 511 5515; x_wconf 78' lang='lat' dir='ltr'><strong>violenter</strong></span> <span class='ocrx_word' id='word_1_763' title='bbox 536 5466 811 5525; x_wconf 86' lang='lat' dir='ltr'><strong>erumpant</strong></span> <span class='ocrx_word' id='word_1_764' title='bbox 842 5458 1091 5521; x_wconf 85' lang='lat' dir='ltr'><strong>strepitus</strong></span> <span class='ocrx_word' id='word_1_765' title='bbox 1122 5460 1351 5511; x_wconf 81' lang='lat' dir='ltr'><strong>tonitrua</strong></span> <span class='ocrx_word' id='word_1_766' title='bbox 1375 5458 1670 5525; x_wconf 78' lang='lat' dir='ltr'><strong>efﬁcientes.</strong></span> <span class='ocrx_word' id='word_1_767' title='bbox 1693 5458 1821 5513; x_wconf 82' lang='lat' dir='ltr'><strong>Eu-</strong></span> 
     </span>
    </p>
   </div>
   <div class='ocr_carea' id='block_1_104' title="bbox 258 5528 1827 5597">
    <p class='ocr_par' dir='ltr' id='par_1_104' title="bbox 258 5528 1827 5597">
     <span class='ocr_line' id='line_1_104' title="bbox 258 5528 1827 5597; baseline -0.002 -12"><span class='ocrx_word' id='word_1_768' title='bbox 258 5529 493 5585; x_wconf 81' lang='lat' dir='ltr'><strong>stathius</strong></span> <span class='ocrx_word' id='word_1_769' title='bbox 522 5543 674 5593; x_wconf 85' lang='lat' dir='ltr'><strong>vero,</strong></span> <span class='ocrx_word' id='word_1_770' title='bbox 700 5545 803 5597; x_wconf 87' lang='lat' dir='ltr'><strong>qua</strong></span> <span class='ocrx_word' id='word_1_771' title='bbox 833 5528 1045 5597; x_wconf 79' lang='lat' dir='ltr'><strong>spiritus</strong></span> <span class='ocrx_word' id='word_1_772' title='bbox 1073 5536 1347 5595; x_wconf 84' lang='lat' dir='ltr'><strong>conceptus</strong></span> <span class='ocrx_word' id='word_1_773' title='bbox 1374 5528 1426 5578; x_wconf 86' lang='lat' dir='ltr'><strong>iu</strong></span> <span class='ocrx_word' id='word_1_774' title='bbox 1454 5532 1695 5589; x_wconf 84' lang='lat' dir='ltr'><strong>nubibus,</strong></span> <span class='ocrx_word' id='word_1_775' title='bbox 1718 5532 1827 5582; x_wconf 83' lang='lat' dir='ltr'><strong>vio-</strong></span> 
     </span>
    </p>
   </div>
   <div class='ocr_carea' id='block_1_105' title="bbox 260 5597 1827 5666">
    <p class='ocr_par' dir='ltr' id='par_1_105' title="bbox 260 5597 1827 5666">
     <span class='ocr_line' id='line_1_105' title="bbox 260 5597 1827 5666; baseline -0.002 -13"><span class='ocrx_word' id='word_1_776' title='bbox 260 5602 524 5666; x_wconf 79' lang='lat' dir='ltr'><strong>lenterque</strong></span> <span class='ocrx_word' id='word_1_777' title='bbox 566 5608 847 5665; x_wconf 83' lang='lat' dir='ltr'><strong>proruptus</strong></span> <span class='ocrx_word' id='word_1_778' title='bbox 886 5598 1031 5659; x_wconf 76' lang='lat' dir='ltr'><strong>efﬁcit</strong></span> <span class='ocrx_word' id='word_1_779' title='bbox 1078 5614 1264 5650; x_wconf 86' lang='lat' dir='ltr'><strong>sonum</strong></span> <span class='ocrx_word' id='word_1_780' title='bbox 1300 5597 1657 5654; x_wconf 84' lang='lat' dir='ltr'><strong>tonitrualem.</strong></span> <span class='ocrx_word' id='word_1_781' title='bbox 1713 5600 1827 5651; x_wconf 81' lang='lat' dir='ltr'><strong>An-</strong></span> 
     </span>
    </p>
   </div>
   <div class='ocr_carea' id='block_1_106' title="bbox 262 5668 1824 5740">
    <p class='ocr_par' dir='ltr' id='par_1_106' title="bbox 262 5668 1824 5740">
     <span class='ocr_line' id='line_1_106' title="bbox 262 5668 1824 5740; baseline 0.001 -20"><span class='ocrx_word' id='word_1_782' title='bbox 262 5672 397 5739; x_wconf 81' lang='lat' dir='ltr'><strong>glica</strong></span> <span class='ocrx_word' id='word_1_783' title='bbox 436 5669 595 5721; x_wconf 81' lang='lat' dir='ltr'><strong>lcctiu</strong></span> <span class='ocrx_word' id='word_1_784' title='bbox 628 5668 1016 5740; x_wconf 73' lang='grc' dir='ltr'>ἀποτελοῦντος</span> <span class='ocrx_word' id='word_1_785' title='bbox 1040 5682 1291 5740; x_wconf 86' lang='lat' dir='ltr'><strong>germana</strong></span> <span class='ocrx_word' id='word_1_786' title='bbox 1328 5675 1406 5722; x_wconf 88' lang='lat' dir='ltr'><strong>est</strong></span> <span class='ocrx_word' id='word_1_787' title='bbox 1443 5681 1508 5722; x_wconf 88' lang='lat' dir='ltr'><strong>ac</strong></span> <span class='ocrx_word' id='word_1_788' title='bbox 1552 5668 1824 5740; x_wconf 84' lang='lat' dir='ltr'><strong>genuina:</strong></span> 
     </span>
    </p>
   </div>
   <div class='ocr_carea' id='block_1_107' title="bbox 266 5737 1821 5808">
    <p class='ocr_par' dir='ltr' id='par_1_107' title="bbox 266 5737 1821 5808">
     <span class='ocr_line' id='line_1_107' title="bbox 266 5737 1821 5808; baseline -0.001 -15"><span class='ocrx_word' id='word_1_789' title='bbox 266 5737 459 5808; x_wconf 66' lang='lat' dir='ltr'><strong>quippe</strong></span> <span class='ocrx_word' id='word_1_790' title='bbox 527 5753 625 5791; x_wconf 75' lang='lat' dir='ltr'><strong>vox</strong></span> <span class='ocrx_word' id='word_1_791' title='bbox 672 5737 1077 5808; x_wconf 5' lang='grc' dir='ltr'>,ἀπο-,τελοῦντος</span> <span class='ocrx_word' id='word_1_792' title='bbox 1126 5738 1192 5791; x_wconf 75' lang='lat' dir='ltr'><strong>ad</strong></span> <span class='ocrx_word' id='word_1_793' title='bbox 1254 5751 1439 5792; x_wconf 86' lang='lat' dir='ltr'><strong>vocem</strong></span> <span class='ocrx_word' id='word_1_794' title='bbox 1488 5737 1821 5808; x_wconf 79' lang='lat' dir='ltr'><strong>superiorem</strong></span> 
     </span>
    </p>
   </div>
   <div class='ocr_carea' id='block_1_108' title="bbox 260 5807 1826 5880">
    <p class='ocr_par' dir='ltr' id='par_1_108' title="bbox 260 5807 1826 5880">
     <span class='ocr_line' id='line_1_108' title="bbox 260 5807 1826 5880; baseline -0.001 -18"><span class='ocrx_word' id='word_1_795' title='bbox 260 5807 570 5880; x_wconf 80' lang='grc' dir='ltr'>πνεύματος</span> <span class='ocrx_word' id='word_1_796' title='bbox 604 5807 853 5875; x_wconf 85' lang='lat' dir='ltr'><strong>rclcrtur,</strong></span> <span class='ocrx_word' id='word_1_797' title='bbox 888 5810 990 5864; x_wconf 89' lang='lat' dir='ltr'><strong>nisi</strong></span> <span class='ocrx_word' id='word_1_798' title='bbox 1025 5810 1202 5864; x_wconf 82' lang='lat' dir='ltr'><strong>dicere</strong></span> <span class='ocrx_word' id='word_1_799' title='bbox 1242 5808 1413 5864; x_wconf 86' lang='lat' dir='ltr'><strong>mavis</strong></span> <span class='ocrx_word' id='word_1_800' title='bbox 1444 5807 1826 5866; x_wconf 80' lang='lat' dir='ltr'><strong>attractionent</strong></span> 
     </span>
    </p>
   </div>
   <div class='ocr_carea' id='block_1_109' title="bbox 260 5896 399 5935">
    <p class='ocr_par' dir='ltr' id='par_1_109' title="bbox 260 5896 399 5935">
     <span class='ocr_line' id='line_1_109' title="bbox 260 5896 399 5935; baseline -0.007 0"><span class='ocrx_word' id='word_1_801' title='bbox 260 5896 399 5935; x_wconf 69' lang='lat' dir='ltr'><strong>CSSC.</strong></span> 
     </span>
    </p>
   </div>
   <div class='ocr_carea' id='block_1_110' title="bbox 1941 4616 3506 4686">
    <p class='ocr_par' dir='ltr' id='par_1_110' title="bbox 1941 4616 3506 4686">
     <span class='ocr_line' id='line_1_110' title="bbox 1941 4616 3506 4686; baseline 0.002 -15"><span class='ocrx_word' id='word_1_802' title='bbox 1941 4618 2165 4671; x_wconf 73' lang='lat' dir='ltr'><strong>Duczeus</strong></span> <span class='ocrx_word' id='word_1_803' title='bbox 2193 4619 2505 4672; x_wconf 87' lang='lat' dir='ltr'><strong>mendosam</strong></span> <span class='ocrx_word' id='word_1_804' title='bbox 2540 4632 2659 4671; x_wconf 91' lang='lat' dir='ltr'><strong>esse</strong></span> <span class='ocrx_word' id='word_1_805' title='bbox 2701 4625 2866 4686; x_wconf 90' lang='lat' dir='ltr'><strong>atque</strong></span> <span class='ocrx_word' id='word_1_806' title='bbox 2906 4617 3179 4672; x_wconf 84' lang='lat' dir='ltr'><strong>vitiosam.</strong></span> <span class='ocrx_word' id='word_1_807' title='bbox 3207 4616 3369 4682; x_wconf 76' lang='lat' dir='ltr'><strong>Hinc,</strong></span> <span class='ocrx_word' id='word_1_808' title='bbox 3400 4620 3506 4674; x_wconf 77' lang='lat' dir='ltr'><strong>nisi</strong></span> 
     </span>
    </p>
   </div>
   <div class='ocr_carea' id='block_1_111' title="bbox 1934 4686 3507 4753">
    <p class='ocr_par' dir='ltr' id='par_1_111' title="bbox 1934 4686 3507 4753">
     <span class='ocr_line' id='line_1_111' title="bbox 1934 4686 3507 4753; baseline 0.003 -14"><span class='ocrx_word' id='word_1_809' title='bbox 1934 4687 2088 4741; x_wconf 86' lang='lat' dir='ltr'><strong>valde</strong></span> <span class='ocrx_word' id='word_1_810' title='bbox 2114 4686 2292 4752; x_wconf 75' lang='lat' dir='ltr'><strong>fallor,</strong></span> <span class='ocrx_word' id='word_1_811' title='bbox 2322 4686 2521 4741; x_wconf 82' lang='lat' dir='ltr'><strong>factum</strong></span> <span class='ocrx_word' id='word_1_812' title='bbox 2548 4696 2650 4753; x_wconf 91' lang='lat' dir='ltr'><strong>est,</strong></span> <span class='ocrx_word' id='word_1_813' title='bbox 2678 4696 2737 4741; x_wconf 93' lang='lat' dir='ltr'><strong>ut</strong></span> <span class='ocrx_word' id='word_1_814' title='bbox 2767 4688 2931 4741; x_wconf 89' lang='lat' dir='ltr'><strong>editio</strong></span> <span class='ocrx_word' id='word_1_815' title='bbox 2966 4686 3141 4742; x_wconf 87' lang='lat' dir='ltr'><strong>Paris.</strong></span> <span class='ocrx_word' id='word_1_816' title='bbox 3174 4687 3365 4742; x_wconf 84' lang='lat' dir='ltr'><strong>habeat</strong></span> <span class='ocrx_word' id='word_1_817' title='bbox 3409 4687 3507 4743; x_wconf 88' lang='grc' dir='ltr'><strong>τοῦ</strong></span> 
     </span>
    </p>
   </div>
   <div class='ocr_carea' id='block_1_112' title="bbox 1936 4755 3509 4829">
    <p class='ocr_par' dir='ltr' id='par_1_112' title="bbox 1936 4755 3509 4829">
     <span class='ocr_line' id='line_1_112' title="bbox 1936 4755 3509 4829; baseline 0.001 -18"><span class='ocrx_word' id='word_1_818' title='bbox 1936 4757 2263 4829; x_wconf 85' lang='grc' dir='ltr'>σπεκλαρίου</span> <span class='ocrx_word' id='word_1_819' title='bbox 2310 4756 2491 4829; x_wconf 75' lang='grc' dir='ltr'>φύσις.</span> <span class='ocrx_word' id='word_1_820' title='bbox 2550 4755 2745 4829; x_wconf 77' lang='lat' dir='ltr'><strong>verum</strong></span> <span class='ocrx_word' id='word_1_821' title='bbox 2786 4772 2912 4829; x_wconf 80' lang='lat' dir='ltr'><strong>non</strong></span> <span class='ocrx_word' id='word_1_822' title='bbox 2950 4757 3109 4811; x_wconf 82' lang='lat' dir='ltr'><strong>facile</strong></span> <span class='ocrx_word' id='word_1_823' title='bbox 3167 4757 3405 4829; x_wconf 82' lang='lat' dir='ltr'><strong>adducar</strong></span> <span class='ocrx_word' id='word_1_824' title='bbox 3446 4769 3509 4813; x_wconf 91' lang='lat' dir='ltr'><strong>ut</strong></span> 
     </span>
    </p>
   </div>
   <div class='ocr_carea' id='block_1_113' title="bbox 1933 4824 3510 4883">
    <p class='ocr_par' dir='ltr' id='par_1_113' title="bbox 1933 4824 3510 4883">
     <span class='ocr_line' id='line_1_113' title="bbox 1933 4824 3510 4883; baseline 0.001 -1"><span class='ocrx_word' id='word_1_825' title='bbox 1933 4824 2332 4883; x_wconf 38' lang='lat' dir='ltr'><strong>credam‘cum&#39;</strong></span> <span class='ocrx_word' id='word_1_826' title='bbox 2357 4828 2554 4882; x_wconf 61' lang='lat' dir='ltr'><strong>Ducao</strong></span> <span class='ocrx_word' id='word_1_827' title='bbox 2586 4827 2870 4883; x_wconf 89' lang='lat' dir='ltr'><strong>lectionem</strong></span> <span class='ocrx_word' id='word_1_828' title='bbox 2903 4827 3040 4881; x_wconf 91' lang='lat' dir='ltr'><strong>hanc</strong></span> <span class='ocrx_word' id='word_1_829' title='bbox 3090 4824 3327 4880; x_wconf 85' lang='grc' dir='ltr'>σπέκλου</span> <span class='ocrx_word' id='word_1_830' title='bbox 3369 4828 3510 4883; x_wconf 87' lang='lat' dir='ltr'><strong>inter</strong></span> 
     </span>
    </p>
   </div>
   <div class='ocr_carea' id='block_1_114' title="bbox 1937 4895 3506 4953">
    <p class='ocr_par' dir='ltr' id='par_1_114' title="bbox 1937 4895 3506 4953">
     <span class='ocr_line' id='line_1_114' title="bbox 1937 4895 3506 4953; baseline 0 -1"><span class='ocrx_word' id='word_1_831' title='bbox 1937 4898 2131 4952; x_wconf 90' lang='lat' dir='ltr'><strong>menda</strong></span> <span class='ocrx_word' id='word_1_832' title='bbox 2174 4897 2561 4952; x_wconf 86' lang='lat' dir='ltr'><strong>recensendam</strong></span> <span class='ocrx_word' id='word_1_833' title='bbox 2600 4912 2740 4952; x_wconf 91' lang='lat' dir='ltr'><strong>esse.</strong></span> <span class='ocrx_word' id='word_1_834' title='bbox 2796 4895 3075 4950; x_wconf 84' lang='lat' dir='ltr'><strong>Libentius</strong></span> <span class='ocrx_word' id='word_1_835' title='bbox 3133 4907 3207 4953; x_wconf 89' lang='lat' dir='ltr'><strong>tot</strong></span> <span class='ocrx_word' id='word_1_836' title='bbox 3259 4898 3506 4953; x_wconf 89' lang='lat' dir='ltr'><strong>codicum</strong></span> 
     </span>
    </p>
   </div>
   <div class='ocr_carea' id='block_1_115' title="bbox 1936 4966 3507 5036">
    <p class='ocr_par' dir='ltr' id='par_1_115' title="bbox 1936 4966 3507 5036">
     <span class='ocr_line' id='line_1_115' title="bbox 1936 4966 3507 5036; baseline -0.002 -13"><span class='ocrx_word' id='word_1_837' title='bbox 1936 4982 2132 5035; x_wconf 85' lang='lat' dir='ltr'><strong>sequor</strong></span> <span class='ocrx_word' id='word_1_838' title='bbox 2165 4968 2569 5033; x_wconf 88' lang='lat' dir='ltr'><strong>auctoritatem,</strong></span> <span class='ocrx_word' id='word_1_839' title='bbox 2623 4967 2966 5036; x_wconf 89' lang='lat' dir='ltr'><strong>arbitrorque</strong></span> <span class='ocrx_word' id='word_1_840' title='bbox 3024 4982 3209 5036; x_wconf 86' lang='lat' dir='ltr'><strong>vocem</strong></span> <span class='ocrx_word' id='word_1_841' title='bbox 3265 4966 3507 5021; x_wconf 84' lang='grc' dir='ltr'>σπέκλου</span> 
     </span>
    </p>
   </div>
   <div class='ocr_carea' id='block_1_116' title="bbox 1934 5035 3510 5103">
    <p class='ocr_par' dir='ltr' id='par_1_116' title="bbox 1934 5035 3510 5103">
     <span class='ocr_line' id='line_1_116' title="bbox 1934 5035 3510 5103; baseline -0.001 -11"><span class='ocrx_word' id='word_1_842' title='bbox 1934 5038 2335 5093; x_wconf 87' lang='lat' dir='ltr'><strong>substantivum</strong></span> <span class='ocrx_word' id='word_1_843' title='bbox 2397 5051 2537 5100; x_wconf 85' lang='lat' dir='ltr'><strong>esse,</strong></span> <span class='ocrx_word' id='word_1_844' title='bbox 2586 5037 2727 5091; x_wconf 88' lang='lat' dir='ltr'><strong>unde</strong></span> <span class='ocrx_word' id='word_1_845' title='bbox 2788 5035 2890 5091; x_wconf 76' lang='lat' dir='ltr'><strong>vos</strong></span> <span class='ocrx_word' id='word_1_846' title='bbox 2949 5035 3214 5103; x_wconf 89' lang='lat' dir='ltr'><strong>adjectiva</strong></span> <span class='ocrx_word' id='word_1_847' title='bbox 3268 5038 3510 5091; x_wconf 72' lang='grc' dir='ltr'>σπεκλάο</span> 
     </span>
    </p>
   </div>
   <div class='ocr_carea' id='block_1_117' title="bbox 1937 5106 3509 5179">
    <p class='ocr_par' dir='ltr' id='par_1_117' title="bbox 1937 5106 3509 5179">
     <span class='ocr_line' id='line_1_117' title="bbox 1937 5106 3509 5179; baseline 0.001 -19"><span class='ocrx_word' id='word_1_848' title='bbox 1937 5124 2051 5179; x_wconf 88' lang='grc' dir='ltr'>ριος</span> <span class='ocrx_word' id='word_1_849' title='bbox 2086 5107 2393 5179; x_wconf 68' lang='lat' dir='ltr'><strong>derivatur.</strong></span> <span class='ocrx_word' id='word_1_850' title='bbox 2413 5106 2479 5160; x_wconf 86' lang='lat' dir='ltr'><strong>Et</strong></span> <span class='ocrx_word' id='word_1_851' title='bbox 2502 5121 2761 5179; x_wconf 24' lang='lat' dir='ltr'><strong>verodvox</strong></span> <span class='ocrx_word' id='word_1_852' title='bbox 2793 5106 3101 5179; x_wconf 80' lang='lat' dir='ltr'><strong>specularis,</strong></span> <span class='ocrx_word' id='word_1_853' title='bbox 3137 5123 3254 5179; x_wconf 64' lang='lat' dir='ltr'><strong>quas</strong></span> <span class='ocrx_word' id='word_1_854' title='bbox 3280 5122 3509 5179; x_wconf 71' lang='lat' dir='ltr'><strong>respon~</strong></span> 
     </span>
    </p>
   </div>
   <div class='ocr_carea' id='block_1_118' title="bbox 1936 5176 3507 5248">
    <p class='ocr_par' dir='ltr' id='par_1_118' title="bbox 1936 5176 3507 5248">
     <span class='ocr_line' id='line_1_118' title="bbox 1936 5176 3507 5248; baseline 0.001 -17"><span class='ocrx_word' id='word_1_855' title='bbox 1936 5176 2025 5232; x_wconf 78' lang='lat' dir='ltr'><strong>ilet</strong></span> <span class='ocrx_word' id='word_1_856' title='bbox 2050 5178 2164 5232; x_wconf 90' lang='lat' dir='ltr'><strong>voci</strong></span> <span class='ocrx_word' id='word_1_857' title='bbox 2194 5177 2545 5247; x_wconf 86' lang='grc' dir='ltr'>σπεκλάριος,</span> <span class='ocrx_word' id='word_1_858' title='bbox 2572 5177 2833 5248; x_wconf 83' lang='lat' dir='ltr'><strong>adjective</strong></span> <span class='ocrx_word' id='word_1_859' title='bbox 2862 5178 3096 5248; x_wconf 81' lang='lat' dir='ltr'><strong>sumitur</strong></span> <span class='ocrx_word' id='word_1_860' title='bbox 3120 5176 3255 5248; x_wconf 83' lang='lat' dir='ltr'><strong>apud</strong></span> <span class='ocrx_word' id='word_1_861' title='bbox 3276 5176 3507 5233; x_wconf 84' lang='lat' dir='ltr'><strong>Plinium</strong></span> 
     </span>
    </p>
   </div>
   <div class='ocr_carea' id='block_1_119' title="bbox 1937 5247 3499 5317">
    <p class='ocr_par' dir='ltr' id='par_1_119' title="bbox 1937 5247 3499 5317">
     <span class='ocr_line' id='line_1_119' title="bbox 1937 5247 3499 5317; baseline 0 -16"><span class='ocrx_word' id='word_1_862' title='bbox 1937 5248 2030 5302; x_wconf 90' lang='lat' dir='ltr'><strong>lib.</strong></span> <span class='ocrx_word' id='word_1_863' title='bbox 2075 5263 2155 5310; x_wconf 89' lang='grc' dir='ltr'>ιιι,</span> <span class='ocrx_word' id='word_1_864' title='bbox 2198 5264 2317 5317; x_wconf 92' lang='lat' dir='ltr'><strong>cap.</strong></span> <span class='ocrx_word' id='word_1_865' title='bbox 2345 5248 2433 5312; x_wconf 78' lang='grc'>51,</span> <span class='ocrx_word' id='word_1_866' title='bbox 2466 5248 2555 5301; x_wconf 87' lang='lat' dir='ltr'><strong>ubi</strong></span> <span class='ocrx_word' id='word_1_867' title='bbox 2585 5247 2697 5301; x_wconf 67' lang='lat' dir='ltr'><strong>haec</strong></span> <span class='ocrx_word' id='word_1_868' title='bbox 2720 5247 3009 5317; x_wconf 72' lang='lat' dir='ltr'><strong>leguntur:</strong></span> <span class='ocrx_word' id='word_1_869' title='bbox 3042 5247 3348 5303; x_wconf 74' lang='lat' dir='ltr'><strong>Metellis...</strong></span> <span class='ocrx_word' id='word_1_870' title='bbox 3385 5258 3499 5301; x_wconf 86' lang='lat' dir='ltr'><strong>tota</strong></span> 
     </span>
    </p>
   </div>
   <div class='ocr_carea' id='block_1_120' title="bbox 1935 5316 3508 5386">
    <p class='ocr_par' dir='ltr' id='par_1_120' title="bbox 1935 5316 3508 5386">
     <span class='ocr_line' id='line_1_120' title="bbox 1935 5316 3508 5386; baseline 0.001 -16"><span class='ocrx_word' id='word_1_871' title='bbox 1935 5319 2098 5386; x_wconf 80' lang='lat' dir='ltr'><strong>ferme</strong></span> <span class='ocrx_word' id='word_1_872' title='bbox 2144 5316 2402 5383; x_wconf 83' lang='lat' dir='ltr'><strong>Hispania</strong></span> <span class='ocrx_word' id='word_1_873' title='bbox 2451 5327 2613 5370; x_wconf 82' lang='lat' dir='ltr'><strong>scatet</strong></span> <span class='ocrx_word' id='word_1_874' title='bbox 2644 5334 2663 5373; x_wconf 89' lang='lat'><strong><em>:</em></strong></span> <span class='ocrx_word' id='word_1_875' title='bbox 2702 5316 2931 5371; x_wconf 86' lang='lat' dir='ltr'><strong>Citerior</strong></span> <span class='ocrx_word' id='word_1_876' title='bbox 2954 5328 3001 5371; x_wconf 87' lang='lat' dir='ltr'><strong>et</strong></span> <span class='ocrx_word' id='word_1_877' title='bbox 3028 5317 3387 5384; x_wconf 77' lang='lat' dir='ltr'><strong>specularibus</strong></span> <span class='ocrx_word' id='word_1_878' title='bbox 3425 5318 3508 5371; x_wconf 85' lang='lat' dir='ltr'><strong>la-</strong></span> 
     </span>
    </p>
   </div>
   <div class='ocr_carea' id='block_1_121' title="bbox 1933 5387 3505 5457">
    <p class='ocr_par' dir='ltr' id='par_1_121' title="bbox 1933 5387 3505 5457">
     <span class='ocr_line' id='line_1_121' title="bbox 1933 5387 3505 5457; baseline 0.001 -18"><span class='ocrx_word' id='word_1_879' title='bbox 1933 5389 2159 5457; x_wconf 79' lang='lat' dir='ltr'><strong>pidibus.</strong></span> <span class='ocrx_word' id='word_1_880' title='bbox 2194 5388 2257 5441; x_wconf 86' lang='lat' dir='ltr'><strong>Et</strong></span> <span class='ocrx_word' id='word_1_881' title='bbox 2286 5388 2377 5440; x_wconf 89' lang='lat' dir='ltr'><strong>lib.</strong></span> <span class='ocrx_word' id='word_1_882' title='bbox 2407 5402 2521 5457; x_wconf 74' lang='lat' dir='ltr'><strong>ssi,</strong></span> <span class='ocrx_word' id='word_1_883' title='bbox 2548 5401 2669 5456; x_wconf 86' lang='lat' dir='ltr'><strong>cap.</strong></span> <span class='ocrx_word' id='word_1_884' title='bbox 2703 5388 2768 5442; x_wconf 77' lang='lat' dir='ltr'><strong>M</strong></span> <span class='ocrx_word' id='word_1_885' title='bbox 2804 5404 2817 5439; x_wconf 91' lang='lat'><strong>:</strong></span> <span class='ocrx_word' id='word_1_886' title='bbox 2857 5387 3028 5440; x_wconf 78' lang='lat' dir='ltr'><strong>Multa</strong></span> <span class='ocrx_word' id='word_1_887' title='bbox 3061 5389 3293 5441; x_wconf 81' lang='lat' dir='ltr'><strong>alvearia</strong></span> <span class='ocrx_word' id='word_1_888' title='bbox 3317 5404 3505 5452; x_wconf 84' lang='lat' dir='ltr'><strong>specu-</strong></span> 
     </span>
    </p>
   </div>
   <div class='ocr_carea' id='block_1_122' title="bbox 1933 5456 3507 5526">
    <p class='ocr_par' dir='ltr' id='par_1_122' title="bbox 1933 5456 3507 5526">
     <span class='ocr_line' id='line_1_122' title="bbox 1933 5456 3507 5526; baseline -0.001 -16"><span class='ocrx_word' id='word_1_889' title='bbox 1933 5456 2034 5510; x_wconf 85' lang='lat' dir='ltr'><strong>lari</strong></span> <span class='ocrx_word' id='word_1_890' title='bbox 2050 5458 2221 5526; x_wconf 78' lang='lat' dir='ltr'><strong>lapide</strong></span> <span class='ocrx_word' id='word_1_891' title='bbox 2243 5459 2425 5526; x_wconf 78' lang='lat' dir='ltr'><strong>fecere.</strong></span> <span class='ocrx_word' id='word_1_892' title='bbox 2444 5456 2803 5521; x_wconf 85' lang='lat' dir='ltr'><strong>Quamobrem</strong></span> <span class='ocrx_word' id='word_1_893' title='bbox 2827 5458 3112 5522; x_wconf 88' lang='lat' dir='ltr'><strong>edidimus,</strong></span> <span class='ocrx_word' id='word_1_894' title='bbox 3130 5458 3203 5509; x_wconf 83' lang='lat' dir='ltr'><strong>uti</strong></span> <span class='ocrx_word' id='word_1_895' title='bbox 3229 5459 3280 5509; x_wconf 92' lang='lat' dir='ltr'><strong>in</strong></span> <span class='ocrx_word' id='word_1_896' title='bbox 3305 5458 3507 5512; x_wconf 87' lang='lat' dir='ltr'><strong>codici-</strong></span> 
     </span>
    </p>
   </div>
   <div class='ocr_carea' id='block_1_123' title="bbox 1932 5526 3504 5599">
    <p class='ocr_par' dir='ltr' id='par_1_123' title="bbox 1932 5526 3504 5599">
     <span class='ocr_line' id='line_1_123' title="bbox 1932 5526 3504 5599; baseline -0.001 -17"><span class='ocrx_word' id='word_1_897' title='bbox 1932 5528 2033 5582; x_wconf 87' lang='lat' dir='ltr'><strong>bus</strong></span> <span class='ocrx_word' id='word_1_898' title='bbox 2064 5544 2191 5581; x_wconf 89' lang='lat' dir='ltr'><strong>ntss.</strong></span> <span class='ocrx_word' id='word_1_899' title='bbox 2227 5528 2497 5599; x_wconf 63' lang='lat' dir='ltr'><strong>legitur,ﬁ</strong></span> <span class='ocrx_word' id='word_1_900' title='bbox 2528 5528 2560 5596; x_wconf 80' lang='grc' dir='ltr'>ἡ</span> <span class='ocrx_word' id='word_1_901' title='bbox 2595 5526 2689 5581; x_wconf 86' lang='grc' dir='ltr'><strong>τοῦ</strong></span> <span class='ocrx_word' id='word_1_902' title='bbox 2720 5527 2954 5581; x_wconf 86' lang='grc' dir='ltr'>σπέκλου</span> <span class='ocrx_word' id='word_1_903' title='bbox 2993 5526 3171 5599; x_wconf 80' lang='grc' dir='ltr'>φύσις,</span> <span class='ocrx_word' id='word_1_904' title='bbox 3208 5526 3308 5579; x_wconf 79' lang='lat' dir='ltr'><strong>Aut</strong></span> <span class='ocrx_word' id='word_1_905' title='bbox 3330 5528 3504 5587; x_wconf 82' lang='lat' dir='ltr'><strong>qualis</strong></span> 
     </span>
    </p>
   </div>
   <div class='ocr_carea' id='block_1_124' title="bbox 1933 5598 3271 5667">
    <p class='ocr_par' dir='ltr' id='par_1_124' title="bbox 1933 5598 3271 5667">
     <span class='ocr_line' id='line_1_124' title="bbox 1933 5598 3271 5667; baseline 0 -16"><span class='ocrx_word' id='word_1_906' title='bbox 1933 5608 2007 5651; x_wconf 83' lang='lat' dir='ltr'><strong>est</strong></span> <span class='ocrx_word' id='word_1_907' title='bbox 2038 5599 2194 5662; x_wconf 78' lang='lat' dir='ltr'><strong>specii</strong></span> <span class='ocrx_word' id='word_1_908' title='bbox 2224 5610 2439 5661; x_wconf 78' lang='lat' dir='ltr'><strong>natura,</strong></span> <span class='ocrx_word' id='word_1_909' title='bbox 2471 5598 2569 5651; x_wconf 85' lang='lat' dir='ltr'><strong>hoc</strong></span> <span class='ocrx_word' id='word_1_910' title='bbox 2598 5608 2702 5661; x_wconf 87' lang='lat' dir='ltr'><strong>est,</strong></span> <span class='ocrx_word' id='word_1_911' title='bbox 2727 5599 3013 5667; x_wconf 71' lang='lat' dir='ltr'><strong>speculari:</strong></span> <span class='ocrx_word' id='word_1_912' title='bbox 3056 5598 3271 5663; x_wconf 67' lang='lat' dir='ltr'><strong>lapidis.</strong></span> 
     </span>
    </p>
   </div>
   <div class='ocr_carea' id='block_1_125' title="bbox 2004 5666 3503 5739">
    <p class='ocr_par' dir='ltr' id='par_1_125' title="bbox 2004 5666 3503 5739">
     <span class='ocr_line' id='line_1_125' title="bbox 2004 5666 3503 5739; baseline 0.001 -18"><span class='ocrx_word' id='word_1_913' title='bbox 2004 5668 2079 5736; x_wconf 85' lang='lat'><strong>(5)</strong></span> <span class='ocrx_word' id='word_1_914' title='bbox 2111 5668 2248 5722; x_wconf 78' lang='lat' dir='ltr'><strong>Editi</strong></span> <span class='ocrx_word' id='word_1_915' title='bbox 2285 5668 2706 5739; x_wconf 9' lang='lat' dir='ltr'><strong>cumraliquibus</strong></span> <span class='ocrx_word' id='word_1_916' title='bbox 2760 5684 2886 5722; x_wconf 75' lang='lat' dir='ltr'><strong>mss.</strong></span> <span class='ocrx_word' id='word_1_917' title='bbox 2913 5667 3021 5719; x_wconf 81' lang='grc' dir='ltr'>τῶν</span> <span class='ocrx_word' id='word_1_918' title='bbox 3055 5668 3321 5739; x_wconf 89' lang='grc' dir='ltr'>οὐρανίων</span> <span class='ocrx_word' id='word_1_919' title='bbox 3354 5684 3368 5698; x_wconf 78' lang='grc' dir='ltr'><strong><em>ο</em></strong></span> <span class='ocrx_word' id='word_1_920' title='bbox 3408 5666 3503 5722; x_wconf 78' lang='lat' dir='ltr'><strong>alii</strong></span> 
     </span>
    </p>
   </div>
   <div class='ocr_carea' id='block_1_126' title="bbox 1932 5738 3503 5808">
    <p class='ocr_par' dir='ltr' id='par_1_126' title="bbox 1932 5738 3503 5808">
     <span class='ocr_line' id='line_1_126' title="bbox 1932 5738 3503 5808; baseline 0.001 -20"><span class='ocrx_word' id='word_1_921' title='bbox 1932 5738 2152 5808; x_wconf 84' lang='lat' dir='ltr'><strong>quidam</strong></span> <span class='ocrx_word' id='word_1_922' title='bbox 2189 5753 2318 5791; x_wconf 86' lang='lat' dir='ltr'><strong>mss.</strong></span> <span class='ocrx_word' id='word_1_923' title='bbox 2358 5738 2465 5789; x_wconf 81' lang='grc' dir='ltr'>τῶν</span> <span class='ocrx_word' id='word_1_924' title='bbox 2493 5738 2755 5807; x_wconf 83' lang='grc' dir='ltr'>οὐρανῶν.</span> <span class='ocrx_word' id='word_1_925' title='bbox 2792 5739 2910 5791; x_wconf 76' lang='lat' dir='ltr'><strong>Mox</strong></span> <span class='ocrx_word' id='word_1_926' title='bbox 2967 5738 3135 5792; x_wconf 82' lang='lat' dir='ltr'><strong>editio</strong></span> <span class='ocrx_word' id='word_1_927' title='bbox 3183 5738 3340 5792; x_wconf 86' lang='lat' dir='ltr'><strong>Basil.</strong></span> <span class='ocrx_word' id='word_1_928' title='bbox 3375 5752 3503 5790; x_wconf 89' lang='lat' dir='ltr'><strong>cum</strong></span> 
     </span>
    </p>
   </div>
   <div class='ocr_carea' id='block_1_127' title="bbox 1935 5808 3503 5879">
    <p class='ocr_par' dir='ltr' id='par_1_127' title="bbox 1935 5808 3503 5879">
     <span class='ocr_line' id='line_1_127' title="bbox 1935 5808 3503 5879; baseline 0 -17"><span class='ocrx_word' id='word_1_929' title='bbox 1935 5824 2063 5879; x_wconf 70' lang='lat' dir='ltr'><strong>mss.</strong></span> <span class='ocrx_word' id='word_1_930' title='bbox 2089 5808 2330 5879; x_wconf 81' lang='lat' dir='ltr'><strong>plurimis</strong></span> <span class='ocrx_word' id='word_1_931' title='bbox 2363 5810 2499 5862; x_wconf 86' lang='lat' dir='ltr'><strong>inter</strong></span> <span class='ocrx_word' id='word_1_932' title='bbox 2530 5826 2664 5875; x_wconf 87' lang='lat' dir='ltr'><strong>quos</strong></span> <span class='ocrx_word' id='word_1_933' title='bbox 2702 5821 3055 5862; x_wconf 73' lang='lat' dir='ltr'><strong>numerantur</strong></span> <span class='ocrx_word' id='word_1_934' title='bbox 3081 5808 3246 5864; x_wconf 90' lang='lat' dir='ltr'><strong>Coisl.</strong></span> <span class='ocrx_word' id='word_1_935' title='bbox 3277 5818 3503 5879; x_wconf 75' lang='lat' dir='ltr'><strong>uterque</strong></span> 
     </span>
    </p>
   </div>
   <div class='ocr_carea' id='block_1_128' title="bbox 1935 5878 3126 5936">
    <p class='ocr_par' dir='ltr' id='par_1_128' title="bbox 1935 5878 3126 5936">
     <span class='ocr_line' id='line_1_128' title="bbox 1935 5878 3126 5936; baseline -0.002 -1"><span class='ocrx_word' id='word_1_936' title='bbox 1935 5890 1986 5935; x_wconf 88' lang='lat' dir='ltr'><strong>et</strong></span> <span class='ocrx_word' id='word_1_937' title='bbox 2022 5878 2169 5935; x_wconf 85' lang='lat' dir='ltr'><strong>Bodl.</strong></span> <span class='ocrx_word' id='word_1_938' title='bbox 2200 5878 2317 5932; x_wconf 76' lang='grc' dir='ltr'>οὐδὲ</span> <span class='ocrx_word' id='word_1_939' title='bbox 2351 5880 2417 5933; x_wconf 85' lang='grc' dir='ltr'><strong>εἰ.</strong></span> <span class='ocrx_word' id='word_1_940' title='bbox 2460 5880 2635 5936; x_wconf 71' lang='grc' dir='ltr'>Ειιὶιὶυ</span> <span class='ocrx_word' id='word_1_941' title='bbox 2671 5879 2840 5933; x_wconf 75' lang='lat' dir='ltr'><strong>Paris.</strong></span> <span class='ocrx_word' id='word_1_942' title='bbox 2872 5880 2991 5933; x_wconf 80' lang='grc' dir='ltr'>οὐδὲ</span> <span class='ocrx_word' id='word_1_943' title='bbox 3024 5881 3126 5933; x_wconf 83' lang='grc' dir='ltr'>ὅτι.</span> 
     </span>
    </p>
   </div>
  </div>
