4262 6494
769 398 839 453 65
2073 399 2127 454 S.
2173 399 2414 454 BASILII

2341 399 2414 453 LII
2464 400 2676 457 MAGNI
3959 402 4024 455 61

765 525 966 585 praeter
993 528 1052 569 ea
1087 528 1206 585 qua!
1236 529 1492 571 concessa
1525 522 1673 582 sunt,
1697 515 2072 586 permittamus
2104 518 2337 572 commi-
2365 524 2414 581 Α
2442 560 2448 571 λ

2365 524 2414 581 Α
2442 519 2758 586 Γενηθήτω
2792 520 3113 591 στερέωμα,
3148 523 3249 574 οὑκ
3281 520 3492 592 εἴρηται
3527 519 3734 584 ἁπλῶς,
3768 519 3865 572 καὶ
3903 518 4024 585 ἐγέ-

766 607 924 665 nisci.
958 605 1065 668 Nos
1110 617 1288 661 autem
1317 624 1385 663 ne
1410 609 1514 663 hoc
1546 608 1757 676 quidem
1804 617 2068 663 annotare
2111 610 2338 663 omitta-

2444 628 2566 663 νετο
2598 613 2881 684 στερέωμα
2906 632 2917 643 ·
2946 614 3100 677 ἀλλὰ,
3121 615 3228 668 Καὶ
3254 615 3544 679 ἐποίησεν
3568 617 3598 668 ὀ
3625 612 3770 679 Θεὸς
3797 613 3864 665 τὸ
3889 627 4028 664 στε-

769 718 906 768 mus,
936 701 1077 771 quod
1109 710 1459 771 posteaquam
1492 710 1824 771 praeceperat
1860 701 2001 757 Deus
2031 718 2043 753 :
2084 700 2207 755 Fiat
2241 700 2340 768 ﬁr-
2435 726 2452 771 λ

2435 701 2665 772 ρέωμα·
2704 705 2798 757 καὶ
2830 706 3008 771 πάλιν,
3043 708 3397 775 Διεχώδοισεν
3425 708 3456 758 ὀ
3498 705 3659 769 Θεός.
3718 704 3783 756 υἱ
3828 702 4024 770 κωφοὶ,

771 805 1087 848 momentum
1112 833 1127 858 ,
1158 809 1262 848 non
1290 795 1491 847 dictum
1521 805 1604 848 est
1633 794 1950 864 simpliciter
1985 810 1998 845 :
2038 794 2100 847 Et
2138 792 2338 847 factum

770 898 851 941 est
884 887 1315 951 ﬁrmamentum;
1356 890 1475 948 sed,
1510 887 1577 941 Et
1604 888 1719 955 fecit
1750 887 1889 941 D'eus
1918 886 2340 954 ﬁrmamentum;

770 988 822 1032 et
871 995 1085 1033 rursum
1128 997 1140 1033 :
1195 978 1380 1032 Divisit
1438 979 1592 1034 Deus.
1633 980 1851 1043 Audite,
1886 977 2057 1041 surdi,
2099 988 2152 1031 ct
2194 977 2341 1041 cmci,

772 1071 1049 1141 suspicite.
1086 1074 1189 1128 Sed
1218 1074 1404 1141 ecquis
1450 1073 1644 1127 surdus
1672 1082 1755 1127 est
1778 1112 1793 1134 ,
1837 1072 1939 1125 nisi
1974 1072 2018 1125 is
2041 1112 2055 1132 ,
2100 1070 2189 1138 qui
2224 1068 2344 1136 Spi-

771 1168 932 1220 ritum
976 1182 1077 1219 non
1117 1168 1287 1231 audit,
1338 1180 1525 1234 magna
1571 1166 1702 1218 adeo
1746 1180 1875 1217 voce
1926 1164 2347 1217 imzlmnantem?

774 1259 971 1327 Ecquis
1000 1275 1129 1312 vero
1161 1273 1335 1311 caecus
1366 1258 1486 1311 est?
1516 1256 1605 1310 Ille
1638 1257 1753 1325 ipse
1783 1266 1866 1308 est
1898 1257 1987 1323 qui
2030 1261 2165 1309 adeo
2193 1256 2339 1309 clara

770 1351 838 1405 de
871 1350 1156 1420 Uuigeuito
1187 1358 1500 1417 argumenta
1534 1363 1636 1399 nou
1674 1346 1835 1397 videt.
1873 1343 1994 1397 Fiat
2041 1346 2345 1413 ﬁrmamen-

770 1448 904 1495 tum.
951 1441 1072 1493 llzec
1119 1456 1219 1493 vox
1254 1451 1334 1492 est
1379 1439 1648 1507 primaria:
1691 1448 1742 1491 et
1786 1438 2096 1505 principalis
2141 1454 2340 1492 causae.

773 1525 924 1580 Fecit
958 1526 1095 1579 Deus
1121 1527 1529 1595 ﬁrmamentum.
1568 1526 1680 1579 Hoc
1722 1536 1801 1579 est
1846 1526 2135 1581 eih-ctricis
2161 1539 2346 1596 poten-

776 1622 862 1674 tia:
899 1631 1059 1688 atque
1089 1621 1368 1673 creatricis
1403 1620 1793 1673 testimonium.

846 1706 899 1765 5.
931 1712 1035 1765 Sed
1068 1712 1133 1765 ad
1167 1713 1664 1776 interpretationem
1688 1713 2105 1765 continuandam
2141 1728 2349 1767 sermo-

775 1820 895 1859 nem
926 1820 1263 1859 revocemus.
1299 1803 1377 1858 Sit
1417 1805 1741 1870 discernens,
1772 1807 1967 1874 inquit,
2002 1808 2135 1859 inter
2156 1825 2345 1877 aquam

2444 796 2731 861 ἀκούσατε,
2766 800 2859 851 καὶ
2890 801 2935 850 οἱ
2965 799 3180 867 τυφλοὶ,
3206 797 3561 864 ἀναϐλέψατε.
3586 794 3695 847 Καὶ
3727 794 3811 857 τίς
3846 790 4028 859 κωφὸς

2444 889 2559 942 ἀλλ’
2586 891 2618 960 ἢ
2648 892 2675 941 ὁ
2701 890 2772 960 μὴ
2797 892 3006 944 ἀκούων
3031 892 3171 945 οὕτω
3200 888 3591 962 μεγαλοφώνως
3617 885 3925 957 ἐμϐοῶντος
3951 883 4025 951 (θ)

2443 981 2536 1035 τοῦ
2565 983 2907 1053 Πνεύματοςς
2940 985 3046 1036 Καὶ
3075 985 3155 1045 τίς
3189 983 3386 1050 τυφλός
3414 999 3427 1044 ;
3468 981 3526 1033 Ὀ
3564 979 3636 1049 μὴ
3669 975 3873 1048 ὲνρρῶν
3908 977 4027 1037 ταῖς

2446 1074 2615 1137 οὕτως
2674 1077 2930 1146 ἐναργέσι
2982 1076 3106 1145 περὶ
3162 1076 3253 1127 τοῦ
3307 1071 3642 1140 Μονογενοῦς
3693 1066 4021 1131 ἀποδείξεσι.

2447 1167 2762 1234 Γενηθήτω
2788 1169 3106 1235 στερέωμα.
3139 1168 3283 1235 Αὑτη
3317 1170 3351 1238 ή
3379 1167 3458 1234 t7)
3492 1164 3642 1233 φωνὴ
3688 1162 3786 1231 τῆξ
3814 1176 4024 1228 προκα-

2447 1261 2741 1330 ταρκτικῆς
2774 1262 2965 1324 αἰτίας.
3010 1261 3322 1327 Ἐποίησεν
3358 1264 3389 1312 ό
3417 1258 3561 1321 Θεὸς
3599 1256 3664 1309 τὸ
3695 1252 4021 1321 στερέωμα.

2448 1347 2596 1417 Αὑτη
2619 1349 2716 1419 τῆς
2745 1352 3026 1421 ποιητικῆς
3044 1353 3135 1404 καὶ
3157 1349 3548 1422 δημιουργικῆς
3571 1347 3853 1417 δυνάμεως
3887 1360 4025 1414 μαρ-

2448 1458 2628 1511 τυρεά.

2520 1717 2571 1770 5.
2610 1716 2745 1768 Ἀλλ’
2775 1715 2865 1768 ἐπὶ
2907 1714 2975 1766 τά
3018 1714 3212 1781 συνεχῆ
3245 1714 3340 1783 τῆς
3388 1714 3699 1783 ἐξηγήσεως
3741 1712 3833 1765 τὸν
3874 1711 4026 1780 λόγον

2453 1809 2909 1879 ὲπαναγάγωμεν.
2937 1808 3133 1859 ’Ἔστω
3175 1804 3536 1873 διαχωρίζον,
3567 1806 3752 1876 φησὶν,
3786 1803 3905 1859 ἀνὰ
3926 1802 4025 1872 μέ-

773 1904 821 1948 ει
862 1911 1071 1964 aquam.
1102 1895 1313 1948 lulinita
1346 1904 1487 1958 erat,
1518 1906 1577 1949 ut
1612 1895 1858 1961 videtur,
1895 1913 2155 1967 aquarum
2202 1898 2356 1952 effu-°
2380 1887 2418 1940 Β
2448 1924 2456 1950 l

2340 1908 2356 1925 '
2380 1887 2418 1940 Β
2448 1916 2564 1953 σον
2592 1900 2809 1964 ὓδατος
2857 1899 2954 1951 καὶ
2988 1896 3225 1962 ὕδατος.
3274 1898 3532 1967 Ἀπειρος
3585 1899 3682 1967 μὲν
3718 1893 3807 1969 ἦν,
3848 1898 3925 1961 ὡς
3950 1896 4023 1968 (8)

777 1988 877 2047 sio,
920 2000 1041 2040 cum
1083 2000 1493 2054 quaquaversus
1523 1986 1847 2043 inundarent
1893 1999 2117 2055 terram,
2149 2005 2216 2044 ac
2251 2006 2344 2044 su-

778 2093 868 2144 pra
903 2079 1072 2145 ipsam
1130 2078 1593 2146 suspenderentur
1630 2101 1641 2135 :
1705 2081 1777 2134 ita
1819 2090 1875 2135 ut
1927 2082 2073 2150 ipsas
2114 2082 2255 2135 inter
2294 2091 2348 2137 et

776 2183 975 2223 vetera
1005 2168 1268 2222 elementa
1296 2168 1538 2223 videatur
1566 2184 1689 2224 esse
1715 2173 1992 2239 proportio
2023 2172 2187 2225 nulla.
2229 2173 2350 2226 Pro-

779 2267 964 2326 pterea
994 2258 1135 2313 enim
1169 2258 1449 2312 dicebatur
1488 2268 1647 2315 antea
1684 2260 1909 2332 abyssus
1956 2271 2158 2315 terram
2195 2264 2353 2316 uniti-

778 2366 882 2417 que
929 2350 1373 2407 circumdedisse.
1427 2350 1622 2407 Verum
1680 2356 1794 2424 ejus
1836 2358 2004 2424 copia‘
2040 2372 2260 2411 causam
2297 2356 2349 2410 in

780 2442 1130 2512 sequentibus
1156 2444 1494 2512 proferemus
1522 2445 1575 2499 in
1597 2446 1851 2501 medium.
1884 2447 2133 2502 Profecto
2170 2459 2349 2502 autem

783 2550 940 2589 nemo
970 2545 1233 2599 vestrum,
1275 2552 1339 2591 ne
1372 2552 1559 2593 eorum
1601 2538 1817 2606 quidem
1858 2540 1947 2607 qui
1990 2549 2220 2593 mentem
2256 2540 2352 2593 lia-

783 2628 908 2681 bent
930 2626 1084 2681 valde
1106 2628 1653 2697 exercitatam,atque
1679 2630 1733 2684 in
1772 2630 1874 2683 hac
1902 2633 2112 2685 mortali
2138 2641 2190 2686 et
2209 2633 2349 2685 lluxa

782 2726 973 2771 natura
997 2727 1152 2773 acute
1187 2719 1386 2785 vident,
1407 2722 1717 2791 opinionem
1741 2724 1881 2778 banc
1914 2724 2159 2792 impetet,
2196 2725 2348 2794 quasi

784 2824 869 2863 res
902 2824 1019 2878 quae
1048 2810 1342 2865 secundum
1374 2813 1639 2867 rationem
1676 2812 1791 2867 fieri
1831 2829 1939 2868 non
1977 2826 2221 2885 possunt,
2259 2825 2351 2871 aut

780 2915 900 2969 quae
931 2904 1311 2955 commentitiae
1349 2911 1495 2968 sunt,
1520 2919 1880 2974 proponamus
1918 2924 1930 2959 :
1964 2922 2135 2975 neque
2180 2921 2209 2960 a
2252 2922 2349 2962 uo-

785 2992 865 3043 bis
888 2991 1087 3061 exiget,
1127 3002 1186 3045 ut
1216 2994 1323 3061 27
1373 3009 1534 3061 supra
1579 3011 1686 3064 quo
1734 2995 1905 3051 fulcro
1951 3009 2141 3052 natura
2193 3014 2353 3069 aqua-

785 3097 903 3133 rum
945 3080 1155 3136 firmata
1203 3085 1298 3144 sit,
1348 3085 1735 3153 disquiramus.
1784 3089 1897 3152 Qua
1952 3093 2093 3143 enim
2140 3095 2351 3146 ratione

785 3182 983 3228 terram
1013 3190 1151 3246 aqua
1177 3177 1479 3243 graviorem
1530 3178 1599 3232 ab
1633 3181 1891 3234 extremis
1917 3182 2184 3235 abducunt
2218 3192 2272 3237 et
2297 3184 2350 3235 in

785 3264 958 3317 medio
990 3266 1249 3332 pensilem
1278 3266 1543 3322 collocant
1582 3286 1598 3324 :
1652 3270 1840 3325 eadem
1894 3285 2023 3325 sane
2054 3273 2275 3326 omnino
2300 3284 2353 3327 et

785 3353 1049 3406 inﬁnitam
1070 3355 1212 3409 illam
1234 3372 1428 3425 aquam
1461 3370 1571 3413 tmn
1600 3372 1817 3429 propter
1843 3363 2139 3417 naturalem
2165 3380 2353 3432 quem-

786 3446 907 3497 dam
941 3445 1191 3500 deorsum
1226 3461 1419 3501 versus
1458 3449 1739 3517 impetum,
1768 3462 1873 3504 tum
1906 3465 2124 3522 propter
2149 3456 2355 3525 azquale

786 3549 852 3589 ex
885 3536 1031 3591 omni
1079 3553 1233 3606 parte
1281 3541 1529 3608 pondus,
1575 3542 1777 3593 circum
1824 3554 2020 3598 terram
2069 3549 2357 3616 quiescere

784 3631 1096 3685 concessuri
1138 3640 1279 3685 sunt.
1316 3632 1483 3702 Igitur
1527 3641 1685 3686 terra:
1734 3635 2062 3693 circumfusa
2111 3654 2227 3699 erat
2257 3644 2359 3696 im-

785 3738 971 3778 mensa
997 3738 1149 3792 aqua:
1175 3734 1394 3789 natura,
1432 3740 1530 3779 nec
1563 3736 1739 3779 tamen
1774 3727 1871 3794 ipsi
1908 3744 2030 3781 cum
2063 3746 2126 3784 ea
2180 3734 2359 3788 inerat

788 3816 1084 3883 proportio,
1110 3817 1202 3869 sed
1226 3832 1343 3870 eam
1375 3817 1535 3885 longe
1569 3822 1884 3886 superabat,
1928 3821 2122 3890 Opiﬁce
2157 3841 2355 3893 magno

790 3905 1029 3959 futurum
1067 3907 1145 3960 sic
1180 3907 1333 3960 initio
1374 3909 1728 3976 prospiciente
1761 3930 1772 3964 :
1821 3927 1883 3964 ac
1922 3924 2139 3981 pr0pter
2164 3930 2355 3969 neces-

788 3999 1003 4052 sitatem
1037 4010 1453 4069 consequentem
1485 4003 1653 4068 prima
1690 4005 1997 4061 ordinante.
2024 4007 2164 4073 Quid
2199 4009 2361 4078 igitur

791 4107 925 4160 opus
946 4101 1084 4154 erat,
1128 4102 1184 4145 ut
1213 4106 1350 4167 aqua
1398 4093 1629 4161 amplius
1668 4108 1826 4162 quam
1864 4097 1966 4150 dici
2010 4109 2168 4165 queat
2194 4114 2361 4154 exsu-

789 4180 1057 4249 peraret?
1108 4180 1373 4247 Quoniam
1420 4183 1556 4249 ignis
1578 4186 1879 4239 substantia
1928 4192 2232 4243 necessaria
2280 4203 2363 4247 est

794 4270 1069 4334 universo,
1096 4286 1199 4325 non
1223 4272 1290 4325 ad
1313 4275 1713 4329 constituendas
1744 4276 1916 4331 solum
1939 4292 2024 4333 res
2053 4290 2359 4350 terrestres,

795 4362 889 4415 sed
920 4364 983 4415 ad
1009 4365 1315 4422 universum
1335 4368 1495 4421 etiam
1524 4368 1920 4436 complendum.
1957 4370 2089 4428 Nam
2117 4376 2360 4430 mutilum

793 4464 938 4509 esset
966 4464 1158 4520 totum,
1184 4458 1227 4511 si
1262 4474 1369 4512 uno
1400 4461 1504 4513 hoc
1536 4461 1771 4514 maximo
1809 4471 1863 4516 et
1892 4466 2134 4520 omnium
2168 4482 2365 4537 Oppor-

2451 1993 2612 2056 ἔοικε,
2646 1992 2753 2043 τῶν
2788 1990 2993 2043 ὑδάτων
3033 1990 3066 2059 ἡ
3104 1988 3283 2059 χύσις,
3349 1987 3682 2057 πανταχόθεν
3727 1990 4024 2059 ὲπικυμαι-

2450 2086 2645 2139 νὸντων
2679 2088 2743 2154 τῇ
2774 2088 2841 2155 γῇ
2867 2085 2959 2137 καὶ
2991 2083 3459 2153 ἀπαιωρουμένων
3489 2082 3677 2151 αὐτῆς·
3704 2082 3779 2145 ὡς
3806 2085 3900 2135 καὶ
3928 2084 4026 2155 τὴν

2450 2180 2585 2249 πρὸς
2625 2180 2690 2231 τά
2720 2178 2853 2231 ἄλλα
2905 2179 3140 2247 στοιχεῖα
3174 2177 3349 2229 δοκεῖν
3394 2174 3682 2241 ἀναλογίαν
3733 2173 4023 2227 ἐκϐαίνειν.

2451 2272 2549 2323 Διὰ
2580 2270 2737 2323 τοῦτο
2771 2269 2879 2341 γὰρ
2914 2272 2971 2323 ὲν
3008 2272 3118 2332 τοῖς
3163 2269 3389 2322 κατόπιν
3436 2268 3651 2335 ἐλέγετο
3686 2266 3922 2329 ἄϐυσσος
3955 2266 4025 2336 (9)

2452 2362 2784 2431 παιηαχὸθεν
2816 2360 3238 2431 περιϐεϐλῆσθαι
3282 2363 3346 2431 τῇ
3372 2363 3463 2431 γῇ.
3497 2358 3606 2429 Τὴν
3632 2357 3688 2411 δὲ
3732 2357 3914 2411 αἰτίαν
3938 2355 4027 2410 τοῦ

2454 2450 2686 2520 πλήθους
2717 2453 2771 2502 ὲν
2802 2453 2914 2513 τοῖς
2945 2450 3071 2519 ὲξῆς
3115 2449 3487 2519 ἀποδώσομεν.
3524 2447 3747 2504 Πάντως
3768 2445 3825 2498 δὲ
3858 2444 4028 2507 οὐδεὶς

2454 2543 2608 2614 ὑμῶν
2640 2543 2761 2595 οὑδὲ
2793 2543 2901 2613 (10)
2948 2544 3049 2596 τῶν
3081 2543 3220 2595 πάνυ
3272 2540 3703 2612 κατησκημένων
3737 2539 3828 2591 τὸν
3883 2535 4027 2599 νοῦν,

2453 2635 2547 2689 καὶ
2581 2634 2708 2703 περὶ
2733 2634 2831 2703 τὴν
2860 2633 3217 2704 φθειρομένην
3251 2632 3454 2702 ταύτην
3478 2631 3572 2684 καὶ
3602 2629 3834 2699 ῥέουσαν
3864 2629 4027 2697 φύσιν

2451 2723 2860 2791 ὀξυωποὺντων,
2897 2723 3188 2793 ἐπισκήψει
3224 2725 3290 2791 τῇ
3324 2723 3449 2792 δόξῃ
3500 2723 3633 2791 (11),
3684 2722 3759 2784 ὡς
3795 2721 4030 2775 ἀδύνατα

2451 2815 2877 2889 ἢπλασματώδη
2921 2813 3321 2882 ὑποτιθεμένων
3370 2812 3509 2864 κατὰ
3561 2815 3651 2863 τὸν
3689 2813 3863 2880 λόγον·
3912 2811 4032 2865 οὑδὲ

2453 2912 2745 2981 ἀπαιτήσει
2792 2908 2941 2978 ἡμᾶς
2984 2904 3233 2966 εὑοὺνας,
3295 2903 3385 2955 ἐπὶ
3422 2903 3565 2967 τίνος
3601 2905 3633 2973 ἡ
3675 2903 3785 2954 τῶν
3826 2903 4032 2955 ὑδάτων

2452 3002 2686 3071 ήδραστο
2718 2998 2828 3067 (12)
2854 2998 3030 3066 φύσις.
3063 2991 3132 3066 ’ᾫ
3167 2994 3274 3065 γὰρ
3303 2992 3444 3061 λόγῳ
3472 2991 3565 3063 τὴν
3592 2993 3696 3061 γῆν
3729 2992 4033 3063 βαρυτέραν

2452 3090 2614 3146 οὖσαν
2640 3092 2733 3145 τοῦ
2766 3090 2954 3153 ὓδατος
2983 3086 3323 3159 ἀπαιωροῦσι
3343 3084 3435 3139 τοῦ
3463 3086 3627 3156 μέσου
3650 3085 3757 3137 τῶν
3791 3085 4033 3155 ἐσχάτων

2457 3188 2775 3253 ἀπάγοντες,
2820 3182 2897 3253 τῷ
2946 3182 3094 3252 αὑτῷ
3144 3182 3311 3253 δήπου
3372 3180 3590 3244 πάντως
3633 3180 3725 3233 καὶ
3753 3180 3815 3232 τὸ
3849 3180 4034 3250 μυρίον

2460 3276 2601 3346 ὓδωρ
2633 3278 2805 3329 ἐκεῖνο
2837 3276 2923 3328 διά
2955 3292 3012 3328 τε
3050 3274 3147 3345 τὴν
3182 3273 3324 3327 κατά
3354 3273 3513 3341 φύσιν
3537 3272 3633 3325 ἐπὶ
3665 3272 3725 3325 τὸ
3757 3272 3910 3325 κάτω
3946 3288 4037 3339 φο-

2460 3368 2558 3440 ράν
2586 3368 2679 3419 καὶ
2705 3367 2791 3419 διὰ
2818 3367 2911 3436 τὴν
2941 3366 3273 3437 πανταχόθεν
3308 3366 3622 3436 ἰσορροπίαν
3650 3365 3779 3437 περὶ
3813 3364 3910 3436 τὴν
3937 3364 4036 3433 γῆν

2457 3462 2715 3532 ἀτρεμεῖν
2750 3462 3211 3529 συγχωρήσουσιν.
3239 3460 3444 3513 Οὐκοῦν
3478 3460 3705 3523 ἄπλετος
3727 3462 3760 3530 ή
3791 3460 3886 3513 τοῦ
3914 3458 4039 3511 ὑδα-

2457 3571 2546 3616 τος
2594 3551 2753 3623 φύσις
2802 3553 2866 3621 τῇ
2898 3553 2966 3620 γῇ
3002 3552 3356 3621 περιεκέχυτο
3397 3553 3673 3623 (15),οὑχὶ
3709 3553 4039 3622 συμμέτρως

2459 3647 2653 3716 ἔχουσα
2690 3644 2825 3719 πρὸς
2848 3646 3039 3715 αὑτὴν,
3077 3644 3192 3696 ἀλλ’
3227 3647 3305 3707 εἰς
3338 3645 3397 3696 τὸ
3442 3644 3838 3698 πολλαπλάσιον
3872 3646 4041 3714 ὑπερ-

2460 3740 2749 3800 ϐάλλουσα,
2812 3737 2985 3801 οὑτως
3036 3732 3093 3803 ἐξ
3142 3736 3316 3807 ἀρχῆς
3372 3736 3466 3788 τοῦ
3506 3736 3739 3805 μεγάλου
3795 3738 4037 3806 τεχνίτου

2462 3830 2902 3901 προϐλεψαμένου
2930 3831 2990 3883 τὸ
3026 3829 3235 3901 μέλλον,
3266 3828 3360 3881 καὶ
3389 3828 3475 3880 διὰ
3503 3825 3600 3897 τὴν
3623 3828 3822 3897 ἐφεξῆς
3853 3831 4041 3900 χρείαν

2462 3923 2530 3974 τά
2559 3923 2749 3993 πρῶτα
2806 3923 3141 3992 διαθεμένου.
3197 3924 3293 3988 Τίς
3338 3918 3429 3977 οὖν
3454 3921 3612 3993 χρεία
3636 3920 3730 3974 τοῦ
3760 3922 4040 3991 ἀμύθητον

2464 4014 2586 4067 ὅσον
2636 4015 2990 4085 ὑπερϐάλλειν
3032 4016 3091 4068 τὸ
3130 4016 3306 4086 ὕδωρ;
3364 4015 3581 4086 Ἐπειδὴ
3629 4014 3905 4082 ἀναγκαία
3965 4014 4040 4083 τῷ

2466 4110 2627 4162 παντὶ⁵
2678 4107 2771 4160 τοῦ
2821 4108 2992 4177 πυρὸς
3020 4109 3053 4177 ή
3084 4108 3259 4165 οὑσία,
3305 4106 3364 4157 οὑ
3414 4107 3570 4175 μόνον
3602 4105 3738 4177 πρὸς
3787 4106 3885 4176 τὴν
3935 4105 4040 4157 τῶν

2465 4202 2757 4275 περιγείων
2785 4202 3117 4272 οἰκονομίαν,
3164 4198 3300 4252 ἀλλά
3340 4198 3431 4251 καὶ
3474 4199 3610 4267 πρὸς
3656 4199 3752 4267 τὴν
3788 4199 4033 4267 συμπλή-

2468 4314 2632 4368 ρωσιν
2652 4297 2744 4351 τοῦ
2775 4297 2991 4360 παντός.
3019 4293 3250 4348 Κολοϐὸν
3291 4292 3398 4364 γὰρ
3425 4292 3489 4346 ἂν
3528 4286 3593 4362 ἦν
3623 4289 3684 4343 τὸ
3709 4291 3827 4345 ὅλον
3857 4291 3938 4343 ἑνὶ
3965 4291 4039 4360 τῷ

2472 4390 2709 4458 μεγίστῳ
2746 4390 2838 4441 καὶ
2872 4386 3216 4460 καιριωτάτῳ
3242 4385 3453 4438 πάντων
3486 4382 3597 4453 (1-1)
3632 4381 3895 4436 ἐλλεῖπον.
3922 4382 4042 4434 Ἀνοο

2467 4481 2749 4551 τικείμενα
2789 4480 2843 4532 δὲ
2869 4481 3039 4533 ταῦτα
3086 4480 3352 4551 ἀλλήλοις,
3393 4478 3486 4530 καὶ
3529 4476 3828 4547 φθαρτικὸν
3856 4477 4041 4546 ἕτερον

794 4549 1085 4603 tunissimo
1136 4549 1401 4607 elemento
1452 4552 1857 4608 destitueretur.
1894 4555 2010 4611 Jam
2074 4574 2199 4615 vero
2253 4563 2365 4618 haec
2397 4590 2477 4646 Di

2357 4579 2365 4617 ε
2397 4590 2443 4646 ι’)
2471 4572 2563 4627 τοῦ
2585 4572 2791 4643 ὲτέρουσ
2822 4572 2932 4643 πῦρ
2968 4573 3065 4643 μὲν
3097 4572 3191 4625 τοῦ
3247 4572 3455 4634 ὓδατος,
3496 4571 3623 4623 ὅταν
3654 4571 3927 4640 ἐπικρατῇ
3953 4570 4040 4622 δυ-

798 4641 898 4695 sibi
932 4650 1116 4696 mutuo
1150 4643 1504 4697 adversantur
1594 4655 1648 4698 et
1698 4644 1928 4701 alterum
1971 4650 2190 4707 alterius
2220 4656 2362 4723 parit

876 4846 949 4917 (6)
977 4848 1107 4929 ἷξες.
1156 4852 1376 4929 quintus
1408 4854 1682 4929 βοῶντος.
1732 4859 1930 4915 Ibidem
1966 4860 2116 4916 deest
2161 4867 2246 4929 τίς
2302 4868 2353 4921 in

801 4920 1077 5001 nonnullis
1110 4937 1238 4975 mss.
1269 4920 1522 5001 Hocipso
1556 4927 1607 4980 in
1643 4929 1759 5001 loco
1786 4932 1995 5001 Anglici
2031 4933 2150 4989 libri
2185 4920 2297 4989 ἀλλ’
2331 4940 2359 4991 ὁ

817 4990 1104 5074 ιὴΑὲνρρῶν
1131 5007 1143 5019 ·
1173 5008 1332 5074 qnam
1380 4990 1660 5074 lectionem
1714 4990 1929 5074 lectioni
1964 5003 2195 5073 vulgatae
2226 4990 2363 5074 prae-

826 5061 909 5137 ert
952 5061 1330 5137 Docgustsed
1376 5076 1502 5137 puto
1539 5068 1714 5122 virum
1747 5070 1966 5126 doctum
1996 5061 2239 5132 scribere
2266 5093 2361 5131 vo-

802 5128 968 5213 luisse
1004 5148 1017 5213 ξ
1051 5130 1220 5203 ἀλλ’ἢ
1475 5137 1697 5213 ὲνορῷν,
1752 5140 1903 5213 Editi
1947 5157 2067 5213 cum
2105 5128 2365 5202 ambobus

803 5200 1021 5319 gignit
1052 5216 1171 5257 cum
1202 5200 1425 5273 reliquis
1452 5200 1647 5264 nostris
1698 5226 1830 5264 mss.
1862 5211 2183 5281 simpliciter
2223 5220 2251 5271 ὁ
2293 5200 2367 5289 μή

834 5284 1003 5321 νοοων
1010 5308 1023 5321 .

876 5340 1080 5418 (Ἱλδὶο
1111 5342 1273 5418 aliqui
1317 5362 1445 5401 mss.
1473 5349 1692 5418 Abest'l)
1730 5351 1797 5405 ah
1829 5356 2007 5410 editis.
2052 5355 2243 5409 Statim
2275 5373 2367 5413 co-

803 5407 1176 5493 dex‘Combel'.
1202 5407 1489 5493 ποιητικῆς
1515 5419 1619 5493 τοῦᾐ
1642 5407 1772 5474 Tllet")
1802 5407 1934 5476 καί(
1955 5407 2079 5482 ᾖσε-

805 5486 927 5567 post
982 5482 1132 5534 multi
1197 5482 1327 5539 mss.
1382 5482 1835 5563 ἐπαναγάγωμεν.
1885 5494 2025 5552 Editi
2075 5498 2367 5567 ἐπανάγω-

803 5565 927 5619 μεν.

838 5619 1216 5709 γ(ᾼ8).1[ἷ1“ἱ1158.
1251 5626 1491 5709 plerique
1534 5646 1739 5688 omnes.
1776 5633 2208 5709 EditifAn-atpo;
2262 5640 2360 5709 μὲν

804 5692 1037 5780 οὑν,ὼς.
1068 5692 1185 5780 iii-0x
1215 5692 1341 5780 editi
1384 5692 1504 5780 cum
1553 5718 1707 5780 mss.
1748 5706 2015 5780 nonnullis
2065 5692 2272 5763 ύὲάέωά
2312 5692 2364 5780 ei)

810 5758 1005 5882 χὲῗὲξα·
1038 5762 1125 5817 alii
1155 5767 1368 5833 quidam
1390 5771 1601 5827 codices
1621 5774 1875 5843 ὑδάτωνή
1904 5758 2086 5844 φύσεςξ
2109 5758 2366 5846 imiimi:

2469 4665 2647 4735 νάμει’
2690 4664 2831 4736 ὕδωρ
2872 4664 2927 4717 δὲ
2966 4664 3157 4734 πυρὸς,
3195 4664 3323 4717 ὅταν
3348 4660 3659 4733 ὑπερϐάλλῃ
3702 4659 3782 4729 τῷ
3826 4660 4037 4732 πλήθει.

2535 4874 2609 4944 (9)
2638 4873 2770 4943 Reg.
2803 4886 2984 4930 sextus
3028 4875 3245 4945 ἐλέγετο
3281 4878 3531 4928 ἄϐυσσον.
3572 4872 3714 4927 Infra
3760 4872 3918 4930 Colb.
3952 4891 4041 4930 se-

2466 4948 2673 4997 cundus
2708 4948 2765 4999 ὲν
2796 4950 2907 5008 τοῖς
2934 4945 3152 5016 ἐφεξῆς.

2539 5016 2652 5084 (10)
2677 5016 2852 5087 Editio
2889 5017 3049 5070 liasd.
3084 5014 3137 5070 et
3185 5032 3276 5071 sex
3317 5030 3448 5069 mss.
3476 5014 3650 5079 οὐδεὶς
3676 5017 3856 5087 ἡμῶν,
3895 5016 4036 5071 οὑόἐ.

2470 5084 2651 5155 Codex
2679 5085 2920 5141 Comiter.
2970 5096 3021 5139 et
3081 5087 3230 5155 Regii
3260 5096 3443 5140 sextus
3496 5097 3550 5139 ct
3596 5084 3824 5139 octavus
3870 5088 4043 5151 οὐδεὶς

2476 5154 2650 5226 ὑμῶν.
2683 5156 2820 5209 οὐδὲ.
2854 5157 3028 5211 Editio
3077 5154 3251 5208 Paris.
3298 5157 3494 5220 οὐδεὶς.
3550 5156 3691 5209 οὐδέ.
3748 5156 4044 5226 Aliquanto

2475 5236 2596 5299 post
2618 5225 2773 5299 Coll).
2803 5230 3069 5299 secundus
3103 5226 3331 5299 ῥέουσαν
3368 5228 3581 5294 σοφίαν.

2548 5296 2658 5364 (11)
2689 5296 2777 5350 Sic
2811 5313 2940 5350 mss.
2971 5296 3213 5365 plerique
3270 5315 3456 5351 omnes
3496 5312 3617 5349 cum
3673 5296 3913 5352 editione
3950 5296 4046 5349 Ba.

2475 5366 2559 5418 sil.
2587 5365 2760 5419 Editio
2790 5366 2959 5421 Paris.
2986 5371 3053 5439 τῇ
3083 5368 3209 5440 δόξῃ
3253 5369 3429 5438 ἡμῶν.
3470 5368 3633 5427 Bene,
3667 5368 3760 5421 sed
3818 5383 3925 5422 non
3970 5369 4046 5420 l'a-

2475 5446 2601 5488 vent
2632 5450 2758 5491 mss.

2545 5505 2655 5575 (12)
2689 5505 2819 5577 Reg.
2852 5518 3035 5560 sextus
3084 5507 3367 5577 ἦδρασται,
3396 5508 3697 5570 Aliquanto
3728 5514 3851 5573 post
3907 5508 4043 5563 idem

2473 5576 2891 5648 ηιε.ἀπάγοντες
2922 5578 3013 5629 καὶ
3039 5576 3135 5648 τὴν
3160 5579 3329 5648 μέσην
3359 5579 3545 5630 στάσιν
3572 5579 3707 5648 αὑτῇ
3720 5578 3972 5644 διδόντες,
4000 5589 4045 5629 et

2472 5646 2701 5698 medium
2729 5649 2886 5698 situm
2916 5650 2960 5699 ei
2998 5646 3309 5702 tribuentes.

2553 5714 2662 5788 (15)
2698 5717 2789 5788 Sic
2826 5719 2973 5769 multi
3006 5734 3131 5773 mss.
3168 5720 3300 5771 Iiditi
3332 5718 3676 5788 περικέχυτο.

2526 5785 2661 5864 ,(11)
2701 5787 2848 5866 (Zoili.
2882 5792 3146 5842 secundus
3170 5791 3259 5843 καὶ
3300 5785 3617 5859 κυριωτάτῳ
3664 5792 3906 5856 πάντων,
3941 5804 4043 5841 om-

2485 5870 2626 5906 mum
2658 5868 2943 5923 potissmw.
