4262 6506
273 442 349 497 65
1412 436 1695 491 IIO‘MILIA
1736 434 1802 489 Ill
1846 434 1912 488 IN
1954 434 2449 489 lliiXAiillERON.
3459 436 3527 489 6‘5

278 557 433 611 Ἔδει
454 558 509 612 δὲ
537 558 672 629 μήτε
706 554 891 608 στάσιν
932 552 1069 610 εἶναι
1117 555 1252 624 πρὸς
1288 555 1510 624 ἆὶληλα,
1551 557 1681 624 μήτε
1708 559 1764 609 ἐν
1790 556 1853 624 τῇ
1889 562 1931 617 Α

1843 556 1853 624 ᾖ
1889 562 1931 617 Α
1963 555 2405 621 corruptionem:
2454 551 2756 619 corrumpit
2812 554 3061 607 nimirum
3108 568 3304 621 aquam
3344 552 3483 620 ignis
3510 590 3526 615 ,

274 652 531 706 παντελεῖ
552 650 644 703 τοῦ
677 648 865 721 ἐτέρου
896 651 1133 718 ὲκλείζςει
1168 650 1417 721 ἀφορμὴν
1448 650 1857 719 παρασχεοῆναι

273 742 356 813 τῷ
388 744 551 795 παντὶ
594 739 730 811 πρὸς
767 742 1029 795 διάλυσιν.
1082 739 1361 813 Τοσαύτην
1393 741 1502 811 (lii)
1553 740 1645 792 τοῦ
1692 742 1857 812 ὑγροῦ

273 834 377 902 τὴν
407 830 568 899 φύσιν
586 830 883 901 οἰκονομῶν
910 830 970 880 τὸ
1017 831 1125 881 πᾶν
1139 832 1497 901 προαπέθετο,
1533 829 1675 882 ὥστε
1700 834 1858 901 μέχρι

273 923 387 976 τῶν
432 923 781 993 τεταγμένων
834 921 975 989 ὂρων
1018 920 1117 990 τῆς
1150 922 1243 976 τοῦ
1297 923 1501 991 κόσμου
1550 922 1858 985 συστάσεως

274 1009 421 1064 κατὰ
469 1012 664 1080 μικρὸν
693 1012 757 1079 τῇ
793 1008 1019 1079 δυνάμει
1044 1010 1139 1065 τοῦ
1174 1012 1343 1083 πυρὸς
1380 1010 1859 1083 ἐξαναλισκόμενον

273 1102 571 1174 ἀντισχεῖν.
618 1104 676 1153 '0
706 1100 884 1153 τοίνυν
924 1101 1136 1157 ἅπαντα
1170 1104 1393 1174 σταθμῷ
1419 1104 1514 1155 καὶ
1542 1104 1723 1177 μέτρῳ
1748 1108 1859 1158 δια-

272 1192 575 1267 ταξάμενος
599 1192 920 1265 (άριθμηταὶ
948 1195 1057 1267 γὰρ
1074 1198 1242 1267 αὑτῷ,
1289 1195 1428 1249 κατὰ
1461 1197 1551 1249 τὸν
1598 1198 1737 1262 Ἰὼϐ,
1765 1198 1859 1251 καὶ

278 1290 538 1356 σταγόνες
580 1287 716 1340 εἰσὶν
767 1286 944 1357 ὑετοῦ)
975 1290 1090 1360 ᾔδει
1124 1291 1286 1342 πόσον
1318 1288 1397 1358 τῷ
1426 1289 1615 1358 κόσμῳ
1670 1291 1858 1359 χρόνον

276 1379 559 1450 ἀφώρισεν
610 1378 691 1442 εἰς
750 1377 1032 1452 διαμονὴν,
1089 1382 1186 1436 καὶ
1243 1380 1412 1452 πόσην
1452 1380 1559 1451 χρὴ
1604 1379 1682 1451 τῷ
1726 1383 1859 1451 πυρὶ

273 1469 683 1542 προαποΟέσΘαι
708 1469 973 1543 δαπάνην.
1000 1468 1170 1537 Οὗτος
1202 1478 1231 1528 6
1260 1474 1415 1543 λόγος
1432 1475 1532 1545 τῆς
1552 1477 1647 1527 τοῦ
1671 1474 1859 1535 ὓδατος

274 1568 593 1636 περιουσίας
619 1568 761 1623 κατὰ
794 1568 892 1639 τὴν
946 1567 1141 1620 κτίσιν.
1189 1566 1348 1617 Ἀλλὰ
1401 1566 1506 1635 μὴν
1556 1564 1615 1617 τό
1662 1581 1725 1632 γε
1766 1564 1857 1617 τοῦ

275 1660 447 1731 πυρὸς
480 1662 775 1731 ἀναγκαῖον
828 1662 906 1730 τῷ
948 1660 1160 1729 κόσμῳ,
1195 1659 1369 1721 οὐδεὶς
1402 1658 1576 1720 οὕτως
1616 1657 1718 1725 ἔξω
1762 1660 1856 1713 τοῦ

276 1748 393 1818 βίου
419 1753 785 1814 παντάπασιν,
818 1750 959 1802 ὥστε
986 1751 1087 1819 τῆς
1118 1751 1183 1803 ἐκ
1214 1747 1307 1801 τοῦ
1332 1749 1491 1816 λόγου
1511 1750 1859 1814 διδασκαλίας

274 1842 647 1911 προσδεῖσθαιο
684 1842 745 1893 οὑ
790 1842 951 1910 μόνον
982 1842 1062 1894 ὅτι
1103 1843 1160 1895 αἱ
1211 1845 1523 1894 συνεκτικαὶ
1561 1844 1660 1911 τῆς
1713 1842 1857 1912 ζωῆς

1962 660 2083 699 cum
2127 656 2347 712 pra‘stat
2388 644 2641 698 viribus:
2701 643 2934 694 destruit
2971 660 3097 697 vero
3146 646 3323 715 ignem
3368 658 3528 710 aqua,

1962 752 2082 789 cum
2116 738 2268 803 copia
2313 736 2590 808 prmvalet.
2622 735 2917 803 Oportebat
2972 745 3150 787 autem
3191 752 3365 806 neque
3396 736 3534 791 sedi-

1966 829 2165 880 tionem
2198 827 2337 879 inter
2368 844 2425 882 se
2466 841 2609 890 esse,
2651 841 2821 894 neque
2864 824 3237 878 dissolutionis
3278 829 3391 881 dari
3437 842 3532 882 oc-

1961 921 2238 974 casionem
2269 920 2545 986 universo,
2584 922 2652 973 ob
2689 920 2950 988 integrum
2982 918 3207 973 alterius
3236 917 3528 973 defectum.

1962 1007 2189 1064 Tantam
2231 1011 2476 1065 humoris
2511 1020 2759 1065 naturam
2794 1010 3080 1078 praestituit
3135 1008 3298 1062 totius
3337 1010 3530 1078 guber-

1961 1115 2143 1169 nator,
2172 1116 2230 1159 ut
2268 1120 2441 1175 usque
2486 1108 2550 1159 ad
2607 1117 2840 1161 statutos
2894 1104 3299 1158 constitutionis
3345 1103 3530 1158 mundi

1964 1199 2223 1252 terminos
2247 1238 2263 1263 ,
2308 1199 2434 1251 dum
2476 1198 2735 1266 paulatim
2770 1198 2912 1267 ignis
2954 1198 3003 1250 vi
3036 1197 3359 1260 absumitur,
3396 1196 3532 1250 resi-

1960 1301 2149 1348 steret.
2190 1292 2258 1346 Et
2280 1306 2406 1347 vero
2436 1292 2525 1360 ‘i'ti
2559 1300 2748 1343 cuncta
2798 1292 3031 1358 pondere
3060 1300 3114 1342 et
3147 1301 3395 1344 mensura
3423 1289 3534 1343 dis-

1961 1387 2138 1453 posuit
2172 1385 2219 1417 “
2251 1385 2639 1456 (numerabiles
2667 1387 2809 1437 enim
2836 1396 2961 1437 sunt
2985 1383 3083 1452 ipsi
3106 1383 3401 1437 secundum
3434 1379 3532 1434 Jul)

1960 1480 2043 1532 vel
2078 1479 2272 1546 pluviae
2308 1488 2473 1549 gutta:
2508 1478 2589 1546 δ’)
2614 1518 2629 1541 ,
2676 1486 2901 1531 noverat
2926 1476 3010 1531 ille
3035 1484 3243 1545 quanto
3292 1484 3535 1543 tempore

1962 1572 2257 1623 secundum
2286 1570 2661 1639 praescriptum
2688 1584 2843 1622 suum
2878 1570 3173 1622 duraturus
3201 1577 3348 1621 esset
3376 1582 3533 1620 mun-

1961 1662 2083 1726 dus,
2109 1674 2481 1735 quantumque
2502 1662 2681 1734 pabuli
2702 1672 2978 1731 oporteret
3007 1662 3111 1730 igni
3150 1668 3531 1730 prmparatmn.

1963 1752 2094 1809 Eam
2126 1756 2195 1809 ob
2229 1770 2449 1809 causam
2494 1772 2632 1825 aqua
2678 1756 2728 1808 in
2773 1755 3048 1809 creatione
3080 1752 3161 1807 sic
3212 1752 3529 1807 abundavit.

1960 1847 2124 1918 Atqui
2164 1847 2344 1901 nullus
2395 1862 2565 1915 usque
2619 1852 2753 1902 adeo
2801 1858 2955 1902 extra
2986 1847 3150 1900 vitam
3189 1847 3395 1913 positus
3425 1856 3531 1905 est,

272 1931 432 2001 ἡμῶν
449 1930 632 2000 τέχναι
645 1931 744 2001 τῆς
771 1931 1018 2003 ἐμπύρου
1049 1931 1309 2002 ἐργασίας
1339 1932 1641 1985 ἐπιδέονται
1668 1935 1857 1996 πᾶσαι,
1894 1916 1933 1968 Β

1852 1976 1857 1995 .
1894 1916 1933 1968 Β
1963 1938 2011 1990 ei
2049 1948 2107 1990 ut
2159 1938 2229 1992 sit
2263 1952 2418 2006 opus,
2462 1945 2521 1990 ut
2562 1937 2737 2005 ignem
2782 1939 2979 1992 mundo
3014 1936 3375 1992 necessarium
3414 1950 3535 1987 esse

272 2023 566 2094 ὑφαντικὴ,
600 2024 763 2093 λέγω.
830 2026 923 2080 καὶ
952 2024 1337 2097 σκυτοτομικὴ,
1388 2026 1481 2078 καί
1523 2025 1857 2096 οἰκοδομικὴ,

272 2114 370 2166 καὶ
398 2115 664 2188 γεωργία,
701 2115 815 2169 ἀλλ’
852 2118 935 2170 ὅτι
974 2116 1099 2170 οὑτε
1144 2116 1376 2189 δένδρων
1402 2116 1695 2187 βλάστησις
1725 2115 1859 2186 (16),

271 2204 333 2256 οὑ
389 2206 620 2277 καρπῶν
662 2206 844 2276 πέψις,
896 2210 957 2261 οὑ
988 2207 1141 2271 ζώων
1179 2210 1407 2276 ἐγγείων
1438 2209 1595 2279 ἥτῶν
1629 2208 1862 2280 ἐνύδρων

273 2294 513 2361 γένεσις,
536 2298 635 2365 οὐχ
668 2298 721 2349 αἱ
756 2297 959 2351 τούτων
1005 2299 1203 2368 τροςραλ⁵
1239 2300 1272 2369 ἢ
1309 2299 1369 2363 ἐξ
1413 2300 1588 2369 ἀρχῆς
1634 2300 1699 2353 ἂν
1741 2318 1864 2353 συν-

273 2386 533 2459 έστησαν,
568 2387 601 2460 ἢ
629 2389 765 2462 πρὸς
798 2390 988 2462 χρόνον
1046 2390 1359 2463 διήρκεσαν,
1404 2391 1497 2444 τοῦ
1532 2392 1734 2463 Θερμοῦ
1787 2393 1861 2463 μὴ

276 2480 565 2553 παρόντος.
599 2482 806 2537 Οὑκοῦν
836 2484 1108 2553 ἀναγκαία
1137 2484 1235 2557 μὲν
1268 2484 1362 2539 τοῦ
1385 2485 1590 2558 θερμοῦ
1622 2488 1655 2557 η
1688 2486 1865 2551 κτίσις

272 2570 363 2625 διὰ
420 2572 520 2645 τὴν
549 2573 657 2627 τῶν
683 2576 1021 2647 γιγνομένων
1057 2576 1313 2631 σύστασίν
1347 2595 1405 2631 τε
1450 2580 1545 2633 κα)⁵
1578 2578 1862 2650 διαμονήν-

274 2664 548 2732 ἀναγκαία
591 2667 646 2720 δὲ
678 2668 772 2720 τοῦ
809 2669 975 2739 ὑγροῦ
1004 2670 1036 2739 η
1066 2668 1337 2739 δαψίλεια,
1387 2670 1474 2724 διὰ
1513 2671 1573 2724 τὸ
1587 2672 1863 2725 ἄπαυστον

274 2750 415 2809 εἶναι
454 2759 547 2810 καὶ
567 2759 945 2830 ἀπαραίτητον
969 2761 1063 2813 τοῦ
1098 2762 1271 2833 πυρὸς
1302 2762 1399 2832 τὴν
1420 2762 1682 2835 δαπάνην.

1968 2028 2177 2082 ratione
2226 2031 2558 2083 edoceatur:
2612 2043 2717 2082 non
2772 2029 2944 2081 solum
2987 2030 3125 2095 quod
3150 2040 3296 2083 artes
3334 2028 3535 2097 quibus

1967 2128 2151 2172 nostra
2191 2122 2299 2173 vita
2334 2130 2689 2174 conservatur
2714 2160 2729 2183 ,
2779 2120 2917 2190 ignis
2946 2118 3229 2173 eﬂicivutia
3265 2122 3534 2190 indigeant

1964 2228 2175 2280 omnes,
2210 2212 2466 2277 textoria,
2497 2212 2737 2282 inquam,
2775 2212 3446 2276 sutoria,arcltitectonice
3482 2220 3535 2264 et

1966 2304 2319 2375 agricultura,
2355 2304 2450 2358 sed
2491 2304 2634 2375 quod
2675 2319 2848 2373 neque
2885 2304 3141 2359 arborum
3184 2302 3533 2374 germinatio,

1967 2412 2141 2465 neque
2170 2398 2453 2450 maturitas
2486 2397 2781 2458 fructuum,
2828 2410 3003 2462 neque
3054 2405 3147 2448 aut
3190 2398 3531 2449 terrestrium

1968 2497 2061 2541 aut
2113 2488 2425 2557 aquatilium
2487 2488 2796 2541 animalium
2840 2488 3158 2556 generatio,
3207 2502 3379 2554 neque
3445 2488 3534 2538 ho-

1969 2591 2085 2630 rum
2122 2577 2400 2643 alimenta,
2454 2590 2546 2632 aut
2592 2580 2961 2633 constitissent
3013 2577 3080 2633 ab
3126 2579 3301 2644 initio,
3336 2586 3427 2630 aut
3468 2576 3533 2628 ad

1968 2678 2178 2737 tempus
2214 2680 2689 2737 perseverassent,
2738 2669 2917 2723 calore
2951 2685 3057 2724 non
3101 2680 3385 2737 praesente.
3427 2666 3531 2719 Ne-

1968 2762 2203 2816 cessaria
2259 2760 2423 2831 igitur
2476 2774 2558 2815 est
2598 2763 2794 2816 caloris
2835 2763 3077 2827 creatio;
3113 2772 3170 2815 ut
3198 2778 3258 2816 ea
3296 2776 3414 2831 quae
3449 2761 3531 2828 gi-

279 2858 539 2920 gnuntur,
573 2860 629 2905 et
650 2853 1017 2919 coagmentari
1042 2854 1249 2923 possint
1279 2861 1331 2908 et
1386 2867 1720 2921 permanere.
1786 2854 1993 2907 Rursus
2054 2867 2207 2921 aqua:
2271 2853 2599 2908 abundantia
2636 2864 2753 2908 erat
2797 2854 3225 2924 pernecessaria,
3265 2854 3406 2921 quod
3453 2854 3534 2906 vis

276 2941 420 3011 ignis
473 2956 798 2999 consumens
830 2945 1257 3013 interquiescere
1304 2961 1411 3001 non
1444 2958 1627 3015 queat,
1670 2960 1844 3015 neque
1881 2946 2060 3001 vitari.

345 3031 401 3087 6.
452 3033 784 3105 Περίὸλεψαι
825 3036 1006 3088 πᾶσαν
1065 3037 1166 3107 τὴν
1222 3037 1421 3102 κτίσιν,
1473 3037 1568 3093 καὶ
1600 3036 1719 3107 ὕψει
1766 3037 1859 3091 τοῦ
1888 3048 1932 3103 c

1845 3038 1859 3089 i
1888 3048 1932 3103 ο
2035 3036 2084 3089 6.
2120 3036 2489 3107 Circumspice
2517 3053 2709 3092 omnes
2743 3054 2830 3091 res
2852 3047 3082 3099 creatas,
3105 3047 3155 3089 et
3188 3036 3387 3089 caloris
3423 3036 3528 3087 vim

277 3126 484 3198 θερμοῦ
507 3126 605 3199 τὴν
638 3126 865 3201 δύναμιν
885 3132 997 3195 τοῖς
1030 3132 1087 3185 ὲν
1122 3130 1333 3201 γενέσει
1364 3133 1456 3185 κα)⁸
1496 3130 1671 3203 φθορᾷ
1696 3131 1861 3185 πᾶσιν

275 3218 786 3275 ἑνδυναστεὺουσαν.
820 3221 918 3275 Διὰ
944 3222 1104 3277 τοῦτο
1135 3222 1268 3277 πολὺ
1299 3222 1359 3276 τὸ
1388 3222 1531 3294 ὕδωρ
1569 3223 1713 3293 ὑπὲρ
1755 3222 1858 3292 γῆς

279 3308 600 3377 κεχυμένον,
618 3310 711 3363 καὶ
743 3311 1071 3381 ὑπερέκεινα
1100 3311 1207 3365 τῶν
1224 3311 1518 3383 ὁρωμένων
1539 3311 1857 3381 ἀπενεχθὲν,

276 3400 372 3451 καὶ
408 3398 633 3469 προσέτι
664 3402 827 3454 παντὶ
863 3402 941 3471 τῷ
966 3402 1118 3470 βάθει
1154 3402 1255 3470 τῆς
1294 3401 1400 3470 γῆς
1432 3401 1855 3472 ὲνεσπαρμένον.

279 3488 445 3543 Ὀοεν
475 3490 666 3561 πηγῶν
721 3493 993 3562 ἁφθονίαι,
1020 3494 1115 3546 καὶ
1150 3493 1401 3563 φρεάτων
1448 3491 1719 3564 σύρῤοιαι,
1769 3494 1860 3547 καὶ

277 3582 539 3653 ποταμῶν
565 3582 833 3655 ῥεύματα,
863 3586 1179 3658 χειμάρρων
1203 3602 1260 3638 τε
1295 3584 1387 3638 καὶ
1414 3585 1672 3650 άεννάων,
1720 3586 1858 3661 ὑπὲρ

274 3676 371 3736 τοῦ
404 3677 461 3729 ὲν
505 3676 716 3741 πολλοῖς
766 3679 859 3732 καὶ
900 3680 1163 3743 ποικίλοις
1203 3679 1445 3751 ταμείοις
1487 3680 1857 3753 διατηρεῖσΘαι

271 3768 375 3839 τὴν
410 3770 675 3841 ὑγρασίαν
713 3769 844 3841 (17).
885 3772 979 3823 Ἐκ
1011 3771 1109 3842 μέν
1145 3788 1209 3840 γε
1248 3772 1350 3841 τῆς
1379 3771 1454 3824 ἔω
1480 3768 1586 3824 ἀπὸ
1617 3774 1715 3841 μὲν
1742 3790 1855 3843 χειο

279 3862 515 3929 μερινῶν
533 3862 751 3932 τροπῶν
772 3864 800 3916 ό
837 3862 995 3925 Ἰνδὸς
1028 3865 1113 3933 ρεῖ
1142 3864 1405 3932 ποταμὸς,
1441 3864 1618 3935 ῥεῦμα
1642 3864 1857 3917 πάντων

278 3952 561 4023 ποταμίων
596 3954 803 4007 ὑδάτων
836 3954 1105 4019 πλεῖστον,
1140 3956 1216 4018 ὼς
1242 3957 1292 4008 οἱ
1322 3954 1419 4018 τὰς
1450 3956 1730 4027 περιόδους
1759 3955 1859 4025 τῆς

272 4044 376 4114 γῆς
405 4045 814 4114 ἀναγράφοντες
868 4048 1236 4119 ἱστορήκασιν·
1272 4047 1380 4101 ἀπὸ
1420 4047 1478 4101 δὲ
1530 4048 1637 4099 τῶν
1680 4048 1857 4118 μέσων

270 4135 372 4205 τῆς
393 4136 659 4207 ἀνατολῆς
677 4137 705 4190 ὅ
732 4154 788 4189 τε
820 4137 1085 4208 Βάκτρος.
1105 4138 1198 4193 καὶ
1228 4142 1256 4193 6
1283 4139 1565 4210 Χοάσπης,
1591 4140 1681 4191 καὶ
1700 4142 1728 4190 6
1746 4140 1856 4207 (18)

284 4224 544 4297 Ἀράξης.
572 4228 665 4297 ἀφ’
693 4220 755 4281 οὗ
782 4229 876 4282 κα1⁵
906 4230 935 4282 ό
964 4229 1163 4293 Τάναϊς
1198 4229 1625 4300 ἀποσχιξόμενυς
1650 4232 1730 4292 είς
1760 4230 1856 4301 τὴν

270 4316 517 4370 Μαιῶτιν
542 4316 708 4382 ἔξεισι
736 4319 950 4389 λίμνην·
973 4319 1066 4372 καὶ
1093 4319 1229 4390 πρὸς
1250 4319 1458 4383 τούτοις
1481 4322 1509 4373 6
1531 4320 1716 4384 Φάσις,
1748 4321 1854 4373 τῶν

271 4406 602 4460 Καυκασίων
647 4408 788 4480 ὀρῶν
820 4408 1130 4480 ἀπορρέων,
1183 4410 1276 4463 καὶ
1312 4409 1496 4480 μυρίοι
1515 4410 1692 4482 ἕτεροι
1750 4412 1856 4465 άπὸ
1888 4390 1933 4447 D

270 4497 379 4551 τῶν
399 4498 661 4570 ἀρκτῴων
687 4500 869 4554 τόπων
900 4501 993 4554 ἐπὶ
1024 4501 1114 4553 τὸν
1142 4499 1391 4567 Εὔξεινον
1425 4502 1625 4555 Πόντον
1659 4503 1851 4576 φέρον-

268 4606 379 4643 ται·
405 4590 514 4643 ἀπὸ
555 4590 611 4643 δὲ
653 4590 762 4661 (19)
795 4591 1015 4662 δυσμῶν
1047 4592 1152 4645 τῶν
1191 4592 1418 4664 οερινῶν
1458 4593 1563 4650 ὑπὸ
1584 4595 1643 4647 τὸ
1669 4596 1854 4667 Πυρη-

270 4686 418 4737 ναῖον
448 4683 573 4755 ὅρος
611 4683 893 4755 Ταρτησός
931 4702 990 4737 τε
1026 4687 1119 4739 καὶ
1164 4688 1397 4757 Ἱστροςο
1434 4681 1509 4741 ὧν
1553 4690 1581 4741 6
1630 4688 1727 4757 μὲν
1756 4689 1850 4741 ἐπὶ

269 4776 367 4846 τὴν
400 4774 505 4841 ἔξω
533 4774 748 4848 Στηλῶν
798 4776 1014 4844 ἀφίεται
1055 4775 1350 4841 Θάλασσαν,
1379 4782 1407 4832 6
1433 4778 1487 4831 δὲ
1508 4782 1739 4849 Ἴστρος,
1763 4779 1851 4833 διὰ

265 4869 365 4938 τῆς
399 4868 665 4940 Εὐρώπης
693 4868 855 4939 ῥέων,
890 4868 981 4920 ἐπὶ
1008 4868 1098 4921 τὸν
1128 4868 1329 4921 Πόντον
1364 4869 1629 4922 ἐκδίδωσι.
1652 4871 1759 4923 Καὶ
1798 4871 1850 4923 τί

268 4957 348 5011 δεῖ
365 4959 491 5021 τοὺς
518 4959 713 5025 ἄλλους
738 4958 1195 5032 άπαριθμεῖσθαι,
1228 4959 1322 5020 οὓς
1341 4960 1398 5013 αί
1434 4958 1619 5013 Ῥιπαὶ
1650 4960 1851 5027 γεννῶ-

342 5130 532 5203 “Sap.
560 5148 637 5196 ιι,
656 5134 747 5193 21.
807 5135 854 5167 ⁸⁸
882 5132 983 5190 Job
1000 5145 1194 5199 XXXVI,
1218 5133 1309 5189 27.

339 5314 453 5385 (l5)
491 5314 665 5369 Editio
722 5314 898 5385 Paris.
926 5314 1197 5385 τοσαύτην
1224 5309 1337 5369 οὖν.
1390 5315 1457 5367 At
1500 5314 1841 5385 desideratur

267 5382 362 5440 οὖν
413 5382 465 5440 in
492 5385 731 5440 editione
759 5384 926 5441 Basil.
960 5388 1012 5440 in
1056 5401 1122 5440 ue
1153 5382 1453 5439 codicibus
1511 5401 1639 5439 mss.
1685 5384 1839 5437 lland

268 5456 428 5509 lontte
461 5454 615 5509 Colb.
643 5456 913 5509 secundus
938 5466 992 5509 et
1018 5400 1166 5509 (lien.
1198 5465 1421 5509 octavus
1457 5455 1485 5506 6
1512 5453 1838 5509 οἰκονομῶν.

268 5456 428 5523 longe
461 5454 615 5509 Colb.
643 5456 913 5525 secundus
938 5466 992 5510 et
1034 5454 1166 5525 Reg.
1198 5465 1421 5509 octavus
1457 5455 1492 5525 ό
1512 5454 1838 5525 οἰκονομῶν.

266 5527 409 5581 lnl’ra
447 5527 585 5579 idem
633 5524 785 5579 Colb.
837 5524 1330 5580 δεουιιόυεπάντα
1373 5524 1618 5594 σταθμῷ.

338 5594 556 5694 milita
809 5594 1115 5694 ιηῗίυξίὶιξιξ
1146 5611 1271 5650 cum
1314 5594 1446 5664 Reg.
1484 5592 1673 5649 octavo
1710 5592 1837 5663 βλα-

270 5664 553 5736 στήσεις...
583 5664 841 5734 πέψεις...
873 5665 1136 5733 γενέσεις.

340 5736 456 5860 μγ)
478 5734 878 5822 Colb.‘primus
905 5746 959 5789 et
989 5735 1125 5816 Reg.
1152 5744 1379 5789 octavus
1404 5749 1531 5815 cum.
1556 5749 1656 5787 ms.
1683 5735 1837 5790 Com-

270 5806 336 5860 be
362 5844 377 5860 .
410 5807 509 5860 τὴν
532 5821 704 5860 υγοαν
736 5806 945 5860 οὐσίαν.
981 5806 1247 5857 humidam
1274 5806 1641 5858 substantiam.

266 5806 377 5864 bet.
410 5807 509 5877 τὴν
532 5806 704 5876 ὑγρὰν
736 5806 945 5871 οὐσίαν,
981 5806 1247 5857 humidam
1274 5806 1641 5858 substantiam.

341 5876 453 5949 (l8)
488 5878 561 5932 Ita
586 5878 802 5931 codices
818 5892 920 5930 non
940 5876 1305 5945 pauci.Abest
1338 5876 1595 5929 articulus
1620 5876 1683 5928 ab
1704 5874 1835 5930 edit.

590 5967 863 6029 Ρλτιιοι..
910 5968 1029 6029 Gtt.
1078 5968 1316 6031 XXIX.

1966 3127 2019 3181 in
2050 3126 2303 3182 omnibus
2350 3143 2469 3198 quae
2506 3141 2837 3198 generantur
2886 3143 2948 3181 ac
2988 3139 3430 3197 corrumpuntur,
3458 3128 3533 3179 vi-

1964 3219 2119 3274 debis
2158 3219 2443 3273 dominari.
2480 3219 2687 3275 Idcirco
2727 3220 2892 3274 nmlta
2942 3235 3081 3289 aqua
3120 3220 3285 3274 eﬂnsa
3315 3228 3397 3274 est.
3437 3236 3528 3275 su-

1964 3324 2061 3378 per
2093 3321 2320 3376 terram,
2370 3322 2531 3381 atque
2580 3314 2718 3366 ultra
2748 3328 2809 3367 ea
2853 3329 2970 3382 qua:
3001 3315 3100 3367 sub
3130 3324 3407 3381 aspectum
3440 3327 3533 3366 ve-

1964 3402 2141 3469 niunt,
2178 3414 2479 3460 transvecta
2505 3416 2610 3467 est,
2648 3416 2699 3461 et
2728 3408 2947 3474 insuper
2989 3407 3082 3459 t0ti
3118 3414 3272 3460 terrae
3310 3406 3535 3473 profun-

1961 3492 2117 3547 ditati
2146 3491 2244 3546 fuit
2278 3494 2539 3565 inspersa.
2575 3494 2727 3550 Unde
2758 3494 2987 3550 fontium
3013 3496 3190 3565 capia,
3221 3496 3533 3563 congeries-

1960 3598 2065 3653 que
2100 3594 2406 3655 puteorum,
2434 3598 2487 3642 et
2519 3588 2715 3643 ﬂuenta
2741 3588 3053 3652 ﬂuviorum,
3083 3599 3189 3640 tam
3218 3603 3404 3642 eorum
3437 3590 3531 3657 qui

1962 3686 2234 3731 torrentes
2280 3691 2425 3741 sunt,
2472 3694 2634 3746 quam
2690 3694 2877 3732 eorum
2920 3681 3011 3749 qui
3060 3694 3353 3747 perennes,
3383 3689 3439 3733 ut
3475 3681 3530 3734 in

1961 3765 2145 3819 multis
2178 3775 2233 3820 et
2264 3768 2427 3821 variis
2478 3769 2862 3837 promptuariis
2896 3782 3305 3824 conservaretur
3355 3772 3533 3825 humi-

1960 3856 2122 3911 ditas.
2158 3856 2221 3911 Et
2258 3859 2474 3929 quidem
2498 3874 2564 3916 ex
2592 3861 2801 3917 oriente
2830 3866 2896 3916 ab
2930 3863 3155 3917 hiberno
3189 3862 3420 3917 solstitio
3446 3863 3533 3916 ln-

1960 3948 2062 4003 tlus
2120 3948 2315 4007 ﬂuvius
2367 3964 2592 4021 manat,
2655 3954 2850 4009 ﬂumen
2916 3956 3161 4009 omnium
3234 3955 3529 4009 ﬂuvialium

1960 4054 2228 4109 aquarum
2273 4045 2603 4110 maximum,
2645 4047 2791 4099 velut
2832 4046 2884 4098 lti
2932 4047 3021 4114 qui
3053 4057 3209 4100 terra:
3240 4046 3529 4100 circuitum

1961 4132 2321 4203 descripsere,
2362 4136 2751 4205 prodiderunt:
2803 4152 2833 4189 a
2864 4138 3042 4191 tnedio
3077 4148 3255 4191 autent
3291 4136 3531 4195 Orientis

1971 4226 2217 4291 Bactrus,
2248 4238 2299 4283 et
2327 4227 2617 4295 Choaspes,
2664 4236 2718 4281 et
2750 4230 2980 4289 Araxes,
3021 4244 3049 4279 a
3088 4243 3197 4298 quo
3246 4238 3299 4283 et
3330 4229 3529 4283 Tanais

1960 4320 2191 4375 diﬂissus
2238 4320 2288 4374 in
2326 4317 2623 4373 Mmotidem
2678 4319 2787 4389 28
2842 4320 3091 4388 paludem
3150 4321 3427 4378 dilabitur.
3465 4324 3531 4377 Et

1960 4423 2155 4482 praeter
2190 4412 2285 4466 bos
2320 4412 2510 4467 Phasis
2541 4428 2567 4465 a
2595 4412 2870 4467 Caucasiis
2905 4415 3180 4468 montilms
3212 4413 3533 4480 cﬂlucns,et

1960 4504 2331 4559 innumerialii
2361 4520 2389 4556 a
2417 4503 2925 4573 septentrionalibus
2948 4504 3078 4556 locis
3100 4504 3149 4555 in
3165 4502 3392 4557 Pontum
3425 4504 3533 4558 Eu-

1961 4598 2147 4651 xinum
2188 4596 2453 4651 feruntur.
2495 4595 2714 4660 Contra,
2749 4595 2817 4649 ab
2852 4608 3056 4647 occasu
3088 4594 3276 4647 :estivo
3298 4593 3395 4647 sub
3420 4593 3529 4663 Py-

1959 4702 2138 4742 reuaro
2172 4697 2355 4740 monte
2402 4697 2455 4739 et
2503 4686 2789 4740 Tartessus
2836 4694 2888 4739 et
2922 4684 3102 4740 Ister:
3160 4700 3389 4755 quorum
3443 4687 3533 4741 ille

1958 4779 2174 4847 quidem
2208 4780 2261 4831 in
2303 4794 2452 4832 mare
2483 4787 2637 4832 extra
2665 4778 2961 4831 Columnas
2996 4787 3364 4843 exoneratur;
3396 4777 3533 4831 ister

1960 4885 2088 4923 vero
2119 4883 2218 4939 per
2243 4870 2508 4941 Europam
2542 4872 2731 4932 ﬂuens.
2764 4871 2813 4924 in
2851 4870 3080 4927 Pontum
3110 4870 3422 4924 eﬂ‘tmditur.
3469 4869 3533 4923 Et

1958 4960 2084 5031 quid
2111 4961 2307 5016 attinet
2361 4963 2497 5017 alios
2536 4977 2881 5028 enumerare,
2921 4977 3055 5034 quos
3095 4961 3265 5031 Ripaei
3296 4971 3527 5026 montes,

2015 5314 2129 5385 (19)
2184 5312 2325 5368 Editi
2380 5329 2501 5385 cum
2559 5313 2829 5385 aliquibus
2886 5327 3017 5367 mss.
3076 5312 3183 5365 ἀπὸ
3225 5311 3307 5385 δέ.
3364 5311 3533 5385 Abest

1941 5385 1999 5439 δέ
2027 5383 2097 5440 ab
2126 5386 2245 5438 aliis
2270 5400 2399 5439 mss.
2428 5384 2691 5437 Monitum
2748 5384 3005 5436 lectorem
3050 5386 3191 5447 volo,
3225 5383 3311 5434 ltic
3352 5384 3521 5434 multa

1942 5457 2046 5510 dici
2080 5471 2107 5507 a
2137 5454 2334 5509 Basilio
2367 5470 2433 5509 ex
2467 5453 2721 5522 Opinione
2758 5454 2895 5523 vulgi
2931 5471 2945 5507 :
2978 5468 3098 5522 quae
3131 5452 3175 5506 si
3212 5452 3523 5519 diligentius

1942 5528 2337 5593 expendantur,
2374 5540 2403 5578 a
2432 5540 2559 5579 vero
2583 5524 2738 5591 loage
2784 5522 2979 5578 abesse
3010 5523 3303 5577 constabit.
3344 5522 3523 5586 Quare

1942 5596 1985 5647 si
2012 5596 2133 5663 quis
2163 5596 2274 5649 vult
2300 5595 2517 5650 edoceri
2572 5604 2771 5656 ortum,
2810 5609 3053 5654 cursum,
3092 5594 3519 5663 magnitudinem

1941 5664 2220 5717 ﬂuminum
2254 5681 2462 5729 eormn,
2488 5666 2555 5718 de
2577 5665 2773 5733 quibus
2803 5665 2889 5718 hic
2917 5664 2977 5716 fit
3010 5665 3229 5725 Intentio.
3252 5663 3299 5717 ei
3318 5670 3523 5733 auctor

1944 5751 2063 5789 sum
2096 5745 2152 5789 ut
2193 5735 2438 5789 consulat
2484 5732 2851 5797 Ptolemteum.
2904 5733 3247 5798 Strabonem,
3280 5732 3527 5800 aliosque

1946 5806 2285 5876 geographiae
2311 5806 2536 5875 peritos.

3140 5964 3176 6023 3
