4262 6514
779 419 848 472 G7
2091 417 2147 474 S.
2187 418 2429 470 BASlLll
2475 419 2688 471 MAGNI
3958 431 4022 478 68

779 538 868 606 qui
904 537 1037 591 ultra
1094 535 1337 589 intimam
1395 534 1670 606 Scythiam
1717 536 1804 592 siti
1835 545 1980 602 sunt,
2021 547 2283 608 generant
2315 537 2337 587 ?
2368 540 2412 593 A
2441 553 2462 588 ο

2368 540 2412 593 Α
2441 553 2514 596 σι,
2539 537 2606 588 τά
2635 539 2772 606 ὑπὲρ
2809 538 2906 606 τῆς
2934 536 3195 590 ἐνδοτάτω
3238 538 3471 602 Σκυθίας
3501 540 3634 612 δρη;
3663 531 3761 592 Ὧν
3796 540 4020 599 ἐστικαὶ

777 630 1017 696 Quorum
1046 643 1109 682 ex
1154 643 1380 681 numero
1415 643 1495 682 est
1537 639 1591 682 et
1631 627 1925 684 Rhodanus
1951 643 2075 693 cum
2117 630 2346 685 infinitis

776 724 896 776 aliis
928 721 1128 786 ﬂuviis,
1167 723 1339 790 iisque
1386 724 1810 793 navigabilibus,
1850 724 1940 792 qui
1983 723 2345 780 occidentales

775 813 996 867 Galatas
1027 814 1316 884 Celtasque
1348 827 1401 871 et
1435 817 1644 872 vicinos
1678 817 1808 885 ipsis
1826 815 2086 872 barbaros
2118 827 2341 886 praeter-

774 906 1033 968 labentes,
1069 907 1120 958 in
1149 907 1480 961 occidentale
1504 911 1720 978 pelagus
1745 922 1933 963 omnes
1962 910 2206 963 inﬂuunt.
2237 909 2339 961 Alii

772 997 1042 1050 emeridie
1069 1013 1096 1048 a
1132 999 1377 1066 supernis
1407 1000 1580 1069 plagis
1632 1013 1725 1066 per
1768 997 2098 1068 Ethiopiam
2139 999 2336 1067 partim

771 1086 820 1138 in
859 1097 1100 1141 nostrum
1130 1091 1446 1158 perveniunt
1485 1108 1653 1152 mare,
1706 1092 1902 1157 partim
1950 1091 2000 1143 in
2043 1090 2169 1143 illud
2200 1091 2338 1158 quod

769 1186 918 1229 extra
961 1179 1265 1245 navigabile
1315 1181 1484 1250 jacet,
1527 1189 1925 1243 exonerantur;
1962 1178 2137 1246 Egon
2179 1180 2337 1232 nimi-

769 1286 887 1323 rum
930 1284 978 1324 et
1008 1270 1201 1340 Nyses,
1240 1285 1291 1327 et
1334 1274 1594 1327 Chremes
1629 1287 1789 1339 quem
1840 1280 2059 1333 vocant,
2103 1279 2158 1323 et
2188 1270 2336 1324 Nilus

768 1377 1004 1431 quoque,
1041 1366 1129 1433 qui
1185 1381 1358 1433 neque
1403 1362 1581 1416 ﬂuviis
1614 1373 1804 1418 natura
1839 1373 1919 1417 est
1960 1363 2175 1425 similis,
2213 1377 2334 1416 eum

768 1455 944 1508 instar
978 1457 1141 1510 maris
1181 1456 1401 1509 inundet
1457 1455 1773 1526 Egyptum.
1835 1455 1925 1508 Sic
1971 1456 2129 1522 hujus
2175 1463 2334 1509 terra:

768 1557 966 1601 nostra;
1008 1545 1316 1600 habitabilis
1343 1547 1493 1602 locus
1521 1564 1658 1617 aqua
1692 1551 2089 1618 circumseptus
2115 1555 2234 1612 est,
2282 1558 2335 1602 et

767 1641 902 1691 adeo
936 1638 1217 1705 multiplici
1248 1639 1502 1708 alligatus
1531 1643 1690 1703 mari,
1727 1655 1789 1693 ac
1832 1639 2130 1694 innumeris
2157 1637 2333 1694 ﬂuviis

766 1729 1092 1795 perennibus
1117 1731 1351 1796 irriguus
1373 1746 1468 1802 per
1490 1730 1811 1785 ineﬂ‘abilem
1839 1730 2158 1800 sapientiam
2192 1731 2328 1802 ejus,

765 1821 852 1887 qui
887 1821 1168 1874 adversam
1206 1823 1314 1891 igni
1349 1834 1594 1876 naturam
1631 1824 1873 1878 consumi
1915 1824 2002 1876 vix
2033 1838 2189 1892 posse
2216 1834 2327 1879 sta-

2448 633 2474 681 6
2508 630 2751 693 Ῥοδανὸς
2798 629 2906 697 (‘20)
2947 630 3081 698 μετὰ
3133 630 3339 701 μυρίων
3389 632 3561 686 ἄλλων
3599 634 3880 704 ποταμῶν,
3933 639 4020 691 καὶ

2447 722 2622 773 αὑτῶν
2654 724 3014 793 ναυσιπόρων,
3051 724 3122 788 οἳ,
3148 724 3273 785 τοὺς
3307 724 3596 792 ἑσπερίους
3626 728 3870 789 Γαλάτας
3931 730 4020 781 καὶ

2446 814 2704 878 Κελτοὺς,
2741 815 2976 876 καὶτοὺς
3011 819 3296 886 προσεχεῖς
3321 816 3503 877 αὑτοῖς
3534 816 3840 890 βαρϐάρους
3859 835 4021 890 παρα-

2448 907 2794 976 μειψάμενοι,
2825 909 2914 960 ἐπὶ
2942 908 3001 959 τὸ
3027 909 3278 979 ἑσπέριον
3311 909 3512 970 πάντες
3547 911 3840 979 εἰσχέονται
3865 912 4020 965 πέλα-

2442 1017 2555 1068 γος.
2591 1002 2774 1055 ’Ἄλλοι
2827 1004 2888 1054 ὲκ
2925 999 3033 1069 (⁵2.1)
3076 1001 3171 1070 τῆς
3202 1001 3545 1072 μεσημϐρίας
3572 1000 3777 1055 ἄνωθεν
3813 1006 3901 1058 διὰ
3926 1004 4018 1074 τῆς

2440 1091 2744 1153 Αἰθιοπίας,
2805 1093 2854 1145 οἱ
2892 1090 2989 1161 μὲν
3039 1091 3128 1141 ἐπὶ
3163 1091 3260 1159 τὴν
3315 1093 3450 1162 πρὸς
3482 1091 3627 1162 ἡμᾶς
3655 1090 3902 1161 ἔρχονται
3927 1095 4018 1149 θάσ-

2441 1183 2665 1246 λοισσαν,
2697 1186 2743 1235 οἱ
2789 1185 2846 1237 δὲ
2880 1183 2972 1235 ἐπὶ
3009 1183 3107 1252 τὴν
3133 1181 3237 1244 ἔξω
3268 1184 3366 1252 τῆς
3398 1183 3699 1254 πλεομένης
3731 1185 3842 1254 (22)
3898 1189 4020 1241 ἀπο-

2440 1277 2742 1330 κενοῦνται·
2777 1277 2803 1328 ὃ
2834 1295 2892 1330 τε
2922 1274 3100 1344 Αξγὼν
3123 1275 3215 1328 καὶ
3244 1277 3270 1326 6
3297 1275 3502 1345 Νύσης,
3528 1276 3621 1329 καὶ
3643 1277 3669 1327 6
3691 1276 4016 1349 καλούμενος

2439 1368 2746 1439 Χρεμέτης,
2789 1372 2882 1422 καὶ
2924 1372 3059 1441 πρός
3104 1387 3165 1435 γε
3201 1369 3279 1420 ἔτι
3312 1368 3340 1418 6
3379 1368 3589 1432 Νεῖλος,
3616 1368 3674 1430 ὃς
3712 1367 3832 1420 οὐδὲ
3865 1388 4016 1424 ποτα-

2442 1463 2560 1530 μοῖς
2593 1460 2692 1530 τὴν
2735 1462 2894 1530 φύσιν
2943 1462 3137 1523 ἔοικεν,
3176 1461 3301 1513 ὅταν
3353 1459 3441 1510 ἴσα
3480 1461 3723 1530 θαλάσσῃ
3751 1461 4012 1533 πελαγίζῃ

2434 1551 2531 1620 τὴν
2570 1550 2864 1618 Αἴγυπτον.
2909 1550 3092 1610 Οὕτως
3146 1551 3172 1600 6
3214 1548 3310 1617 τῆς
3356 1547 3475 1599 καθ’
3507 1551 3651 1620 ἡμᾶς
3694 1548 4014 1620 οἰκουμένης

2433 1643 2595 1706 τόπος
2637 1643 2786 1696 ὕδατι
2822 1640 3226 1710 περιείληπται,
3260 1639 3520 1706 πελάγεσί
3543 1659 3600 1694 τε
3627 1639 3883 1702 ἀπλέτοις
3931 1645 4013 1694 ἐν·

2432 1735 2715 1807 δεδεμένος
2743 1736 2834 1787 καὶ
2861 1733 3074 1803 μυρίοις
3107 1734 3367 1801 ποταμοῖς
3385 1732 3629 1793 ἀεννάοις
3655 1733 4008 1804 κατάρρυτος,

2433 1829 2518 1882 διὰ
2552 1829 2648 1899 τὴν
2687 1827 2922 1898 ἄρρητον
2953 1825 3142 1893 σοφίαν
3171 1824 3262 1878 τοῦ
3308 1826 3406 1896 τὴν
3437 1827 3730 1880 ἀντίπαλον
3759 1824 3839 1896 τῷ
3875 1826 4012 1896 πυρὶ

765 1914 884 1967 tuit.
934 1914 1047 1967 Erit
1100 1915 1317 1981 quidem
1373 1924 1584 1982 tempus
1634 1931 1754 1968 cum
1818 1925 1872 1968 et
1908 1914 2034 1983 igne
2065 1915 2331 1968 ardebunt
2361 1895 2448 1985 Bc

2328 1895 2403 1962 .B
2435 1920 2594 1987 φύσιν
2645 1916 3080 1982 δυσεξανάλωτον
3131 1911 3269 1968 εἶναι
3318 1919 3792 1986 οἱκονομήσαντος.
3826 1919 4011 1969 Ἔσται

763 2005 971 2068 omnia;
1025 2005 1168 2058 velut
1209 2008 1285 2059 ait
1327 2005 1515 2069 Isaias,
1556 2007 1642 2060 ubi
1691 2007 1853 2058 Deum
1886 2007 2180 2077 alloquitur
2210 2005 2331 2059 uni-

764 2112 1044 2151 versorum
1075 2113 1088 2150 :
1122 2098 1222 2164 Qui
1259 2100 1387 2152 dicis
1413 2102 1623 2168 abysso,
1654 2099 1982 2154 Desolaberis
2004 2141 2018 2165 ,
2056 2111 2102 2153 et
2152 2115 2327 2151 omnes

763 2191 945 2256 ﬂuvios
988 2202 1102 2244 tuos
1163 2192 1449 2260 arefaciam
1501 2192 1567 2245 ⁸⁸.
1604 2191 1964 2258 Quamobrem
2015 2191 2278 2259 sapientia
2311 2232 2325 2256 ,

763 2299 880 2349 qme
910 2282 1176 2336 infatuata
1209 2295 1312 2347 est,
1351 2285 1581 2352 abjecta,
1619 2286 1833 2351 suscipe
1861 2283 2148 2336 nobiscum
2183 2281 2329 2336 veri-

764 2376 886 2428 tatis
922 2375 1246 2440 doctrinam,
1294 2377 1596 2445 imperitam
1645 2374 1862 2443 quidem
1905 2387 2178 2431 sermone.
2216 2383 2329 2427 sta-

762 2469 921 2522 bilem
947 2483 1072 2522 vero
1098 2469 1414 2538 firmamque
1442 2467 1777 2537 cognitione.

833 2656 884 2710 ’7.
917 2653 1125 2708 idcirco
1171 2653 1294 2706 Fiat
1336 2655 1724 2721 ﬁrmamentum
1765 2650 1818 2704 in
1869 2652 2038 2705 medio
2070 2668 2241 2719 aquaz,
2278 2661 2325 2703 et

759 2747 824 2796 sit
851 2747 1146 2798 discernens
1176 2748 1314 2798 inter
1344 2761 1530 2813 aquam
1553 2755 1596 2796 et
1622 2761 1835 2812 aquam.
1857 2743 2065 2797 Dictum
2090 2752 2172 2796 est
2197 2742 2324 2809 quid

758 2836 1029 2903 signiticet
1068 2837 1119 2888 in
1173 2836 1451 2901 Scriptura
1488 2835 1810 2886 ﬁrmamenti
1846 2834 2186 2886 vocabulum.
2231 2829 2324 2883 Ni-

759 2929 956 2980 mirum
996 2926 1394 2979 lirmamentum
1439 2940 1543 2979 non
1576 2925 1707 2978 dicit
1747 2923 2032 2992 quamdam
2069 2937 2187 2976 esse
2226 2938 2323 2976 na-

758 3030 932 3072 turam
978 3020 1318 3072 resistentem
1348 3035 1410 3072 ac
1440 3018 1694 3082 solidam,
1743 3016 2011 3087 gravitate
2039 3027 2093 3068 et
2132 3016 2322 3069 renixu

759 3115 1057 3182 przeditam.
1091 3113 1304 3182 Alioqui
1336 3113 1438 3168 hoc
1467 3122 1623 3182 pacto
1655 3112 1707 3166 id
1738 3111 1839 3166 sibi
1886 3111 2120 3165 nominis
2146 3111 2324 3180 potius

2435 2013 2616 2082 μέντοι
2656 2027 2743 2062 οτε
2785 2008 2878 2060 καὶ
2910 2008 3085 2062 πάντα
3134 2011 3611 2079 καταφρνγὴσεται
3643 2010 3719 2079 τῷ
3754 2012 3909 2081 πυρὶ,
3939 2009 4010 2073 ὥς

2431 2120 2593 2174 φησιν
2636 2103 2862 2164 Ἡσαΐας
2885 2104 2940 2155 ὲν
2972 2098 3052 2166 οἷς
3084 2103 3215 2172 πρὸς
3246 2101 3335 2152 τὸν
3369 2101 3477 2152 τῶν
3503 2102 3637 2153 ὅλων
3675 2102 3808 2155 Θεὸν
3840 2103 4010 2155 διαλέ-

2429 2212 2603 2265 γεται·
2670 2195 2732 2246 '0
2789 2193 2984 2264 λέγων
3019 2195 3130 2263 (25)
3173 2190 3244 2258 τῇ
3278 2191 3546 2244 ἀϐύσσω·
3595 2193 4007 2260 Ἔρημωθήσῃ,

2428 2288 2525 2342 καὶ
2578 2287 2808 2353 πάντας
2855 2287 2996 2348 τοὺς
3025 2283 3330 2351 ποταμούς
3366 2299 3482 2338 σου
3511 2282 3770 2351 ξηρανῶ.
3828 2285 4006 2347 Ὥστε,

2426 2380 2735 2451 ἀπορρίψας
2779 2378 2874 2445 τὴν
2914 2374 3286 2444 μωρανθείσαν
3321 2375 3528 2444 σοφίαν,
3578 2375 3867 2441 κατάδεξαι
3894 2376 4008 2447 μεθ’

2427 2472 2586 2541 ήμῶν
2608 2469 2668 2522 τὸ
2698 2465 3036 2520 διδασκάλων
3067 2466 3166 2536 τῆς
3194 2466 3471 2537 ἀληθείας,
3508 2466 3778 2520 ἰδιωτικὸν
3816 2469 3916 2537 μὲν
3935 2466 4009 2537 τῷ

2427 2563 2588 2631 λόγῳ,
2626 2559 2962 2613 ἀδιάπτωτον
2997 2559 3054 2611 δὲ
3093 2559 3233 2613 κατὰ
3269 2558 3366 2627 τὴν
3399 2557 3624 2624 γνῶσιν.

2498 2651 2547 2703 7.
2569 2649 2667 2701 Διά
2687 2648 2843 2702 τοῦτο
2877 2648 3196 2717 Γενηθήτω
3244 2646 3544 2713 στερέωμα
3579 2647 3650 2698 ἐν
3681 2646 3852 2714 μέσῳ
3904 2648 4006 2702 τοῦ

2426 2741 2662 2806 ὓδατος,
2700 2740 2797 2794 καὶ
2826 2741 2980 2794 ἔστω
3034 2735 3378 2805 διαχωρίζον
3407 2736 3522 2789 ἀνὰ
3565 2737 3762 2805 μέσον
3791 2738 4008 2805 ὕδατος

2425 2834 2521 2888 καὶ
2557 2834 2796 2899 ὓδατος.
2846 2834 3074 2902 Εἴρηται
3120 2830 3170 2882 τί
3214 2828 3274 2881 τὸ
3313 2828 3712 2898 σημαινόμενον
3745 2831 3898 2900 παρά
3943 2835 4006 2903 τῇ

2425 2928 2611 2999 Γραφῇ
2653 2926 2713 2976 τὸ
2763 2924 2854 2976 τοῦ
2909 2919 3284 2990 στερεώματος
3332 2920 3530 2990 evolsa;
3567 2921 3690 2973 Ὅτι
3740 2923 3864 2994 οὐχὶ
3910 2924 4007 2993 τὴν

2425 3021 2715 3075 ἀντίτυπον
2761 3018 2850 3068 καὶ
2897 3013 3217 3083 στερέμνιον
3252 3011 3434 3080 φύσιν,
3465 3011 3562 3084 τὴν
3585 3012 3815 3083 ἔχουσαν
3844 3014 4005 3085 βάρος

2425 3115 2515 3166 καὶ
2549 3111 2875 3178 ἀντέρεισιν,
2912 3106 2970 3157 οὑ
3010 3104 3212 3176 ταύτην
3249 3104 3362 3174 (24)
3409 3105 3556 3174 λέγει
3596 3105 3904 3176 στερέωμα.
3936 3108 4003 3158 Ἢ

759 3210 1088 3263 vindicasset
1115 3225 1284 3262 terra.
1323 3207 1427 3262 Sed
1460 3208 1585 3278 quia
1623 3216 1813 3260 natura
1833 3205 2171 3274 superiorum
2201 3219 2320 3259 cor-
2348 3241 2389 3298 Ο
2422 3224 2442 3257 c

2318 3235 2320 3240 ν
2348 3241 2389 3298 C
2422 3204 2594 3264 οὕτως
2614 3202 2678 3254 ἂν
2703 3199 3033 3270 κυριώτερον
3057 3197 3177 3268 ἡγῆ
3194 3198 3293 3268 τῆς
3311 3198 3563 3266 τοιαύτης
3585 3198 3828 3266 κλήσεως
3856 3196 4001 3266 Raab

757 3318 947 3370 porum
993 3302 1167 3355 tenuis
1195 3311 1275 3356 est
1315 3310 1368 3355 et
1400 3317 1518 3354 rara
1549 3340 1563 3363 ,
1618 3316 1714 3352 nec
1765 3299 1873 3352 ullo
1929 3307 2105 3365 potest
2158 3311 2317 3350 sensu

756 3394 984 3461 percipi,
1021 3393 1139 3444 ideo
1171 3393 1570 3444 firmamentum
1607 3391 1706 3442 hoc
1743 3389 1991 3451 vocavit,
2041 3400 2319 3452 cempara-

756 3483 901 3534 tione
941 3495 1126 3534 eorum
1167 3495 1284 3548 qua:
1322 3479 1636 3532 tenuissima
1677 3485 1823 3541 sunt,
1872 3491 1972 3530 nec
2016 3475 2114 3529 sub
2152 3474 2314 3528 ullum

757 3586 974 3624 sensum
1011 3572 1226 3624 cadunt.
1261 3568 1428 3624 Porro
1451 3569 1737 3639 quemdam
1758 3566 1886 3620 mihi
1919 3566 2092 3621 locum
2117 3565 2314 3635 cogita,

757 3663 1001 3715 humoris
1032 3662 1373 3716 discernendi
1403 3659 1659 3716 facultate
1684 3660 1990 3729 praeditum,
2024 3659 2113 3728 qui
2133 3659 2322 3712 humo-

757 3767 868 3805 rem
916 3753 1128 3821 quidem
1182 3765 1393 3806 tenuem
1433 3762 1486 3807 et
1516 3752 1846 3820 percolatum
1895 3765 2109 3805 sursum
2143 3759 2317 3804 trans-

754 3843 954 3906 mittat,
983 3844 1385 3897 crassissimum
1420 3858 1548 3897 vero
1573 3851 1628 3896 et
1673 3853 1907 3896 terreum
1946 3844 2318 3895 deorsumver-

754 3952 846 3990 sus
877 3937 1143 4001 demittat,
1185 3947 1264 4000 ut,
1288 3935 1730 3991 su‘btrahentibus
1757 3952 1815 3990 se
1845 3935 2100 4005 paulatim
2127 3934 2320 3988 humo-

758 4031 927 4097 ribus,
967 4031 1034 4085 ab
1071 4031 1224 4085 initio
1251 4032 1316 4086 ad
1350 4033 1516 4086 linem
1574 4045 1745 4100 usque
1787 4029 2085 4098 temperies
2132 4028 2320 4084 eadem

827 4141 871 4173 “
891 4143 994 4196 Isa.
1023 4159 1163 4206 κων,
1185 4143 1273 4197 9.7.

825 4255 936 4325 (ΞΟ)
970 4256 1187 4309 Variant
1216 4259 1354 4309 inter
1394 4272 1452 4309 se
1506 4256 1742 4310 codices.
1798 4255 1926 4321 Reg.
1981 4263 2162 4325 sextus
2194 4269 2313 4306 cum

755 4323 919 4381 Coisl.
960 4328 1249 4380 vetustiore
1280 4329 1306 4378 6
1349 4326 1615 4388 Ῥοδανός,
1661 4325 1969 4378 Rhodanus.
2015 4323 2152 4374 Editi
2191 4338 2310 4375 cum

756 4399 939 4466 Regiis
972 4399 1127 4450 tertio
1157 4408 1208 4448 et
1237 4407 1448 4458 octavo,
1475 4398 1711 4464 itemque
1745 4409 1865 4466 cum
1888 4392 2040 4466 Cplb.
2060 4393 2311 4466 secundo

754 4472 784 4522 ὸ
821 4460 1119 4540 Ἠριδανός,
1155 4460 1714 4540 l’udus._§uisl._alter
1759 4462 2120 4540 6_:Ieo6tav6t;;
2160 4460 2312 4540 Regii

757 4530 960 4606 pritn'us
987 4550 1040 4592 et
1069 4530 1284 4605 quintus
1310 4540 1337 4589 6
1363 4537 1615 4598 Ῥαδανός
1652 4551 1748 4603 pro
1783 4530 2047 4594 Ῥοδανός.
2081 4530 2314 4606 Credere

756 4603 852 4676 par
881 4618 960 4661 est
987 4603 1219 4674 priorem
1255 4609 1533 4660 lectionem
1562 4622 1868 4675 germanam
1896 4619 2014 4676 esse
2033 4619 2095 4655 ac
2129 4603 2313 4676 genui-

757 4673 900 4742 nam,
940 4673 1060 4730 cum
1108 4680 1229 4730 huic
1277 4678 1486 4729 lectioni
1523 4673 1700 4729 faveat
1754 4675 2086 4735 Eustathius,
2110 4673 2200 4740 qui
2236 4674 2315 4725 sic

757 4750 1141 4816 interpretatus
1167 4757 1251 4800 est
1280 4766 1291 4799 :
1333 4745 1564 4816 Quorum
1587 4756 1662 4798 est
1690 4745 1992 4798 Rhodanus.
2023 4744 2172 4816 Adde
2200 4757 2315 4816 ser-

757 4811 967 4870 monem
1019 4819 1224 4871 institui
1267 4817 1331 4869 de
1379 4815 1562 4870 Gallia:
1609 4816 1846 4879 ﬂumine,
1878 4830 1981 4866 non
2041 4816 2106 4867 de
2150 4811 2316 4866 Italiae

754 4887 937 4951 ﬂuvio,
975 4889 1146 4957 qualis
1182 4897 1264 4940 est
1301 4887 1581 4952 Eridanus,
1621 4901 1713 4939 seu
1760 4883 1956 4938 Padus.
1998 4883 2314 4957 Ambrosius

757 4962 931 5012 neutri
962 4952 1172 5013 lectioni
1202 4959 1362 5020 lavet,
1399 4973 1520 5010 cum
1555 4962 1619 5010 de
1638 4965 1867 5024 utroque
1900 4952 2231 5024 lluvioAPado
2258 4964 2314 5006 et

755 5028 1019 5082 Rhodano
1055 5029 1376 5081 mentionem
1413 5027 1594 5079 faciat.
1641 5028 1729 5079 Sic
1758 5022 1900 5078 enim
1943 5022 2181 5091 loquitur
2216 5022 2312 5076 lib.

756 5115 814 5159 ιι,
842 5115 961 5166 cap.
985 5101 1036 5164 5,
1069 5115 1213 5151 num.
1252 5098 1318 5151 12
1352 5117 1361 5151 :
1399 5096 1579 5149 Padus
1625 5097 2008 5166 maritimorum
2059 5108 2313 5145 commea-

753 5163 1133 5220 tuum—Italicis
1181 5170 1424 5221 subsidiis
1455 5169 1590 5233 ﬁdus
1619 5170 1863 5227 invector,
1901 5163 2194 5233 Rhodanus
2221 5177 2312 5213 ra-

750 5241 872 5306 pido
904 5241 1133 5292 concitus
1159 5256 1315 5291 cursu
1353 5232 1603 5305 Tyrrheni
1632 5238 1855 5306 σφισι-ἑξ
1878 5235 2013 5306 freta
2046 5232 2310 5306 scindens.

755 5307 946 5361 Verum
965 5310 1077 5362 sive
1107 5309 1249 5375 legas
1286 5303 1550 5370 Ῥοδανός,
1583 5309 1691 5359 sive
1716 5303 2014 5374 Ἠριδανός,
2040 5303 2311 5371 fatendum

750 5390 828 5432 est
842 5394 903 5432 ea
919 5393 1034 5447 quae
1053 5381 1135 5432 hic
1150 5390 1452 5442 narrantur,
1473 5379 1599 5430 falsa
1616 5391 1754 5430 βεδε.
1775 5388 1902 5447 nam
1919 5375 2112 5447 ﬂuvius
2129 5383 2314 5447 neuter

748 5465 813 5501 ex
845 5443 1115 5502 montibus
1158 5448 1394 5516 Ripba-is
1425 5450 1617 5510 oritur,
1656 5457 1748 5498 aut
1804 5446 1858 5516 in
1918 5443 2310 5516 occidentalem

750 5518 1021 5573 Oceanum
1058 5512 1250 5572 inﬂuit.
1282 5518 1424 5588 Lege
1450 5517 1699 5570 Ducaaum
1725 5525 1780 5571 et
1803 5514 2038 5568 Lexicon
2075 5512 2310 5565 Michae-

750 5589 813 5642 lis
834 5588 1099 5642 Baudran.

822 5655 1038 5729 (³2.1)’1ιε
1070 5659 1196 5713 editi
1220 5673 1342 5712 cum
1371 5657 1500 5728 Reg.
1529 5661 1686 5711 tertio
1709 5667 1903 5710 etcum
1924 5652 2311 5729 Coisl_..p_rimo.

747 5721 879 5797 Reg.
917 5721 1120 5796 primus
1149 5729 1258 5782 ἀλλ’
1289 5731 1351 5782 ἐκ
1384 5721 1482 5797 τῆς
1521 5741 1536 5779 :
1569 5729 1655 5780 alii
1693 5738 1799 5780 tres
1848 5742 1975 5778 mss.
2031 5722 2168 5775 ἀλλά
2218 5721 2311 5773 καὶ

748 5799 832 5850 ὲκ.
873 5800 1021 5852 Colb.
1059 5803 1323 5854 secundus
1361 5800 1492 5852 ἀλλά
1516 5801 1608 5851 καὶ
1636 5800 1683 5848 οἱ
1716 5798 1799 5850 ἐκ.

821 5871 929 5939 (22)
961 5870 1048 5924 Sic
1075 5871 1239 5924 editio
1297 5871 1455 5924 Basd.
1491 5883 1542 5926 et
1591 5871 1724 5924 alter
1780 5868 1908 5921 Duc.
1947 5873 2000 5918 et
2036 5863 2211 5929 Bodl.,
2255 5871 2307 5917 et

2425 3299 2511 3366 θη.
2551 3292 2707 3346 Ἀλλὰ
2730 3291 2817 3344 διὰ
2866 3291 2966 3353 τὴν
3005 3290 3163 3359 φύσιν
3205 3291 3310 3343 τῶν
3352 3289 3768 3361 ὑπερκειμένων
3799 3287 4004 3359 λεπτὴν

2419 3387 2581 3443 οὖσαν
2603 3387 2696 3439 καὶ
2732 3385 2843 3455 (253)
2875 3383 3071 3455 ἀραιὰν
3099 3384 3193 3436 καὶ
3235 3384 3459 3452 οὐδεμιᾷ
3489 3380 3736 3450 αἰσθήσει
3764 3382 4002 3451 καταλη-

2420 3481 2579 3553 πτὴν,
2604 3479 2890 3550 στερέωμα
2920 3477 3074 3529 τοῦτο
3101 3475 3370 3543 ὠνόμασε,
3397 3472 3800 3543 συγκρίσειτῶν
3823 3473 4001 3527 λεπτο-

2418 3575 2597 3628 τάτων
2629 3573 2722 3624 καὶ
2756 3573 2821 3640 τῇ
2858 3568 3106 3636 αἰσθήσει
3155 3565 3573 3635 ἀκαταλήπτων.
3609 3568 3717 3618 Καὶ
3751 3568 3861 3620 νόει
3917 3587 4002 3639 μοι

2421 3665 2584 3717 τόπον
2608 3662 2728 3714 τινὰ
2757 3657 3092 3728 διακριτικὸν
3122 3655 3213 3708 τοῦ
3243 3655 3431 3726 ὑγροῦ’
3473 3655 3533 3708 τὸ
3566 3657 3665 3726 μὲν
3691 3656 3885 3710 λεπτὸν
3916 3662 4000 3712 καὶ

2419 3755 2771 3825 διηθούμενον
2798 3751 2890 3802 ὲπ).
2909 3749 2977 3801 τά
3011 3749 3122 3802 ἀνω
3150 3748 3375 3812 διιέντα,
3411 3749 3470 3800 τὸ
3506 3749 3561 3801 δὲ
3582 3749 3891 3820 παχύτατον
3914 3754 4002 3805 καδ

2420 3846 2619 3915 γεῶδες
2647 3843 2936 3912 ὲναφιέντα
2975 3844 3085 3906 τοῖς
3112 3841 3284 3904 κάτω,
3320 3842 3384 3894 ἶν’
3416 3841 3475 3908 ἐξ
3512 3843 3686 3914 ἀρχῆς
3721 3844 3882 3915 μέχρι
3916 3846 3986 3899 τέ.

2421 3942 2546 4003 λους
2593 3942 2626 4010 ἡ
2677 3938 2817 4008 αὑτὴ
2860 3937 3126 4006 εὐκρασία
3152 3935 3485 4006 συντηρηθῇ,
3523 3935 3664 3990 κατά
3703 3936 3866 4009 μέρος
3907 3939 4001 4007 τῆς

2425 4026 2762 4104 ὑφαιρέσεως
2799 4030 2913 4101 (‘26)
2929 4028 3038 4081 τῶν
3064 4029 3247 4098 ὑγρῶν
3271 4028 3580 4099 γινομένης.
3613 4029 3684 4081 Σὺ
3707 4012 3761 4082 δὲ
3793 4030 3874 4101 τῷ
3906 4031 4002 4100 μὲν

2419 4257 2575 4325 Regii
2611 4257 2842 4320 primus,
2885 4256 3096 4317 tertius,
3133 4254 3377 4321 quintus,
3407 4263 3590 4307 sextus
3619 4262 3696 4325 iet
3738 4264 3998 4325 octavus,

2414 4324 2535 4378 cum
2589 4327 2742 4378 Colb.
2780 4327 3017 4378 secundo
3067 4333 3276 4376 etcum
3328 4335 3562 4390 utroque
3603 4324 3772 4377 Coisl.
3817 4324 4000 4381 Editio

2415 4394 2588 4448 Paris.
2623 4394 2728 4457 ἔξω
2774 4396 2887 4454 τοῖς
2936 4393 3303 4462 πλεομένοις,Δ
3333 4393 3605 4445 mendose.
3658 4393 3779 4445 Mox
3841 4395 3999 4450 Colb.

2415 4465 2684 4534 secundus
2714 4462 2771 4534 ὃς
2807 4463 2926 4534 οὐδὲ
2980 4460 3244 4534 ποταμός..
3283 4460 3520 4534 subinde
3567 4477 3698 4516 mss.
3750 4463 4000 4534 plerique

2417 4549 2602 4588 Omnes
2635 4533 2724 4584 ἴσα
2751 4529 3183 4604 θαλάσσῃζΕάίιί
3215 4532 3302 4604 ἴσα
3325 4529 3627 4604 θαλάσσης.

2490 4605 2602 4673 ('25)
2648 4604 2708 4673 ’ρ
2744 4598 3099 4670 λέγων,”ριιὶ
3132 4603 3282 4654 dicis.
3325 4598 3664 4673 Interpretati
3713 4616 3902 4673 sumus
3932 4608 4001 4661 ad

2421 4671 2637 4727 sensum
2669 4672 2874 4736 Basilii,
2910 4689 3013 4725 non
3047 4673 3110 4724 ad
3158 4687 3377 4726 sensum
3412 4672 3712 4740 prorihetae.
3738 4671 3900 4735 Nam,
3939 4687 4001 4730 ut

2419 4755 2569 4826 notat
2603 4743 2859 4826 Ducazus,
2881 4758 3069 4826 neque.
3094 4741 3204 4826 jam
3258 4742 3521 4826 propheta
3557 4741 3694 4826 πρὸς
3733 4741 3826 4793 τὸν
3849 4743 4000 4826 ’Θεὸν

2419 4813 2744 4892 διαλέγεται,
2775 4823 2884 4893 aut,
2906 4824 2961 4865 ut
2987 4813 3418 4893 voluntquidam,
3439 4813 3723 4932 προφήτης
3742 4813 3871 4883 περὶ
3899 4816 3999 4868 τοῦ

2419 4883 2571 4932 Θεου.
2604 4883 2698 4932 sed
2751 4893 2925 4932 notius
2977 4882 3112 4932 πρὸς
3167 4895 3257 4932 τον
3297 4881 3422 4932 λαὸν
3550 4881 3703 4932 Θεὸς.
3737 4884 3993 4932 annulum

2416 4883 2572 4946 Θεοῦ,
2604 4883 2698 4935 sed
2750 4883 2925 4950 potius
2977 4882 3112 4953 πρὸς
3167 4881 3257 4933 τὸν
3297 4881 3422 4953 λαρν
3449 4881 3504 4953 _6
3550 4881 3703 4953 8365,
3735 4881 3993 4953 populum

2417 4954 2556 5005 Deus
2588 4952 2892 5022 alloquitur.
2939 4949 3129 5022 itaque
3162 4962 3330 5022 lecte
3366 4950 3586 5018 Vulgata
3641 4949 3853 5022 Latina,
3884 4952 3995 5018 Qui

2416 5025 2532 5073 dico
2553 5018 2836 5091 profundo,
2864 5018 3115 5075 Desoldre
3162 5018 3312 5077 Unde
3333 5030 3385 5073 et
3411 5021 3654 5087 sequitur
3671 5020 3880 5086 Grece,
3897 5025 3997 5077 καὶ

2415 5094 2539 5155 τοὺς
2569 5090 2843 5161 ποταμούς
2867 5110 2958 5144 σου
2981 5091 3214 5161 ξηρανῶ
3245 5091 3300 5146 et
3318 5091 3535 5161 ﬂumina
3565 5101 3653 5144 tua
3676 5092 3993 5161 arefaciam.

2416 5161 2532 5215 Huc
2562 5159 2730 5230 usque
2764 5164 2844 5214 vir
2877 5159 3244 5224 doetissimus,
3271 5159 3423 5226 cujus
3467 5169 3646 5214 notam
3681 5159 3830 5229 legas
3861 5177 3992 5217 sua-

2417 5235 2538 5285 deo.

2487 5300 2596 5370 (:25)
2625 5301 2758 5353 Editi
2796 5315 2916 5354 cum
2982 5300 3115 5368 Reg.
3177 5299 3334 5352 tertio
3377 5307 3432 5352 et
3470 5314 3591 5353 cum
3631 5299 3796 5354 Coisl.
3831 5311 3986 5355 vctuv

2415 5373 2579 5425 stiure
2599 5372 2659 5421 οὑ
2691 5370 2910 5438 ταύτην.
2949 5371 3104 5425 Deest
3131 5371 3190 5421 οὐ
3243 5371 3292 5423 iu
3334 5370 3454 5423 aliis
3497 5382 3729 5438 quatuor
3762 5385 3892 5424 mss.
3928 5382 3988 5426 et

2416 5442 2468 5494 in
2500 5442 2736 5494 COInbcl‘.

2485 5510 2594 5578 (‘25)
2631 5511 2702 5561 lta
2731 5510 2942 5563 codices
2971 5520 3122 5578 octo.
3153 5509 3291 5562 Editi
3317 5508 3405 5560 διὰ
3430 5509 3490 5561 τὸ
3520 5511 3618 5578 τὴν
3665 5507 3830 5577 φύσιν
3874 5509 3988 5564 τῶν

2416 5577 2822 5650 ὑπερκειμένων
2851 5580 3053 5650 λεπτὴν
3084 5577 3222 5632 εἶναι
3250 5579 3362 5650 καί).
3397 5579 3518 5632 Mox
3546 5577 3673 5632 editi
3694 5578 3986 5650 cumrﬂeg.

2413 5648 2587 5718 primo
2635 5659 2688 5703 et
2744 5651 2894 5703 Colb.
2928 5648 3163 5704 secundo
3198 5649 3578 5719 καταλήπτων,
3617 5648 3772 5702 male.
3827 5649 3988 5716 Regii

2418 5720 2626 5782 tertius,
2665 5721 2906 5785 quintus,
2947 5731 3136 5773 sextus
3177 5732 3231 5773 et
3280 5729 3526 5782 octavus,
3578 5732 3702 5771 cum
3751 5728 3986 5786 utroque

2413 5789 2572 5859 Coisl.
2599 5797 2656 5859 et
2673 5805 2792 5842 cum
2819 5791 3059 5843 (Lombef.
3092 5788 3511 5859 ἀκαταλήπτων,
3548 5787 3705 5859 bene.

2483 5858 2594 5929 (96)
2623 5857 2756 5913 E-liti
2790 5875 2908 5914 cum
2967 5877 3072 5917 uno
3100 5871 3193 5914 aut
3237 5857 3401 5914 altero
3434 5873 3534 5914 ms.
3585 5857 3927 5929 ὑφαιρέσεως
3960 5875 3978 5914 ε
