4262 6512
279 466 351 518 0‘.)
1415 455 1700 515 HOMILIA
1734 461 1799 516 111
1837 461 1908 514 IN
1945 461 2447 518 HEXAEMERON.
3477 466 3542 520 70

275 574 471 651 πλτῄοει
500 577 593 631 τοῦ
624 577 812 636 ὓδατος
847 577 1116 637 ἀπιστεῖς,
1157 577 1289 646 πρὸς
1329 577 1385 628 δὲ
1433 574 1524 627 τοῦ
1566 575 1768 647 θερμοῦ
1810 578 1868 630 τὸ
1897 586 1940 640 Α

1856 591 1868 628 ›
1897 586 1940 640 Α
1971 590 2342 634 conserVetur.
2376 579 2453 632 Tu
2491 580 2597 650 29
2627 597 2752 636 vero
2777 580 2914 633 hanc
2945 594 3094 648 aqua:
3125 581 3333 650 c0piam
3371 597 3399 632 a
3438 581 3539 636 llde

279 674 484 744 πλῆθος
516 673 616 725 οὒκ
655 670 1003 733 ἀποϐλέπεις·
1037 670 1084 728 ὃ,
1113 667 1213 720 κᾶν
1237 670 1416 736 ὀλίγον
1512 667 1588 736 τῷ
1619 671 1855 737 μεγέθει,

275 765 482 831 πολλῆς
522 764 637 813 ἐστι
689 761 776 814 διὰ
801 763 898 833 τὴν
927 761 1155 828 δύναμιν
1212 757 1543 813 ἁναλωτικὺν
1575 757 1856 827 ὑγρασίας.

290 857 612 926 Ἐιρέλκεται
643 853 742 924 μὲν
774 856 884 927 γὰρ
914 854 974 904 τὸ
1012 854 1413 923 παρακείμενον
1451 849 1636 920 ὑγρὸν,
1667 849 1740 912 ὡς
1768 853 1861 922 δη-

275 949 361 1000 λοϊ
403 950 436 1018 ἡ
488 946 654 1005 σικύα
723 945 1089 1013 δαπανητικδν
1129 945 1185 998 δέ
1224 947 1339 996 ἐστι
1390 942 1483 994 τοῦ
1512 940 1859 1007 ὲλκυσθέντος

277 1043 422 1096 κατὰ
478 1043 576 1111 τὴν
622 1043 804 1096 εἰκόνα
841 1037 935 1092 τοῦ
987 1039 1265 1110 λυχνιαίου
1319 1035 1510 1105 πυρὸς,
1551 1036 1599 1097 ὃ,
1638 1035 1725 1087 διὰ
1763 1037 1859 1107 τῆς

278 1133 596 1206 θρυαλλίδος
638 1136 734 1206 τὴν
777 1133 1190 1202 παρακειμένην
1234 1129 1439 1198 τροιεὴν
1481 1127 1859 1195 ἐπισπασάμε-

278 1245 391 1291 νον,
426 1229 636 1299 ταχέως
669 1227 757 1280 διὰ
795 1225 891 1295 τῆς
927 1223 1222 1295 μεταϐολῆς
1250 1221 1594 1293 ἀπηθάλωσε.
1650 1221 1752 1272 Τὸν
1806 1221 1861 1272 δὲ

278 1320 474 1392 αἰθέρα
513 1322 595 1384 τίς
641 1317 968 1387 ἀμφιϐάλλει
1021 1315 1094 1384 μὴ
1138 1315 1257 1384 οὐχὶ
1313 1316 1534 1387 πυρώδη
1581 1311 1718 1367 εἶναι
1770 1313 1862 1364 κα)⁹

277 1411 511 1482 διακαῆ;
541 1412 599 1471 ὃς
631 1411 679 1461 εί
709 1409 782 1481 μὴ
817 1410 892 1478 τῷ
928 1407 1209 1478 ἀναγκαίῳ
1238 1408 1329 1460 τοῦ
1358 1409 1679 1478 ποιήσαντος
1702 1405 1862 1458 αὑτὸν

276 1505 390 1576 ὅρῳ
419 1502 716 1572 κατείχετο,
764 1503 815 1553 τί
846 1501 910 1553 ἂν
939 1498 1210 1555 ἐκώλυσεν
1259 1500 1418 1553 αὑτὸν
1467 1498 1642 1549 πάντα
1675 1495 1862 1567 φλογί-

277 1599 440 1662 ζοντα
491 1597 601 1665 (27)
652 1596 744 1648 καὶ
794 1594 1270 1666 καταπιμπρῶντα
1315 1590 1382 1642 τὰ
1417 1592 1636 1663 συνεχῆ,
1681 1592 1862 1643 πᾶσαν

275 1689 414 1757 ὁμοῦ
447 1687 543 1758 τὴν
570 1689 626 1739 ὲν
679 1691 791 1751 τοῖς
823 1685 972 1741 οὖσιν
995 1683 1331 1749 ἐξαναλῶσαι
1359 1684 1573 1749 νοτίδα;
1613 1683 1710 1736 Διὰ
1733 1681 1864 1734 ταῦ-

274 1801 346 1837 τα
372 1782 516 1856 ὕδωρ
549 1783 729 1854 ἀέριον
764 1781 897 1851 (28),
930 1777 1260 1848 νεφουμένου
1298 1775 1392 1829 τοῦ
1455 1776 1566 1829 άνω
1598 1775 1764 1828 τόπου
1799 1777 1864 1828 ἐκ

274 1877 375 1946 τῆς
405 1877 683 1946 ἀναφορᾶς
719 1872 828 1925 τῶν
861 1869 1071 1940 ἀτμῶν,
1108 1869 1202 1934 οὓς
1226 1868 1484 1938 ποταμοὶ,
1525 1869 1618 1921 καὶ⁹
1640 1868 1858 1938 κρῆναι,

1966 673 2259 728 abhorrere
2292 686 2485 728 censes
2516 690 2527 724 :
2558 677 2650 727 scd
2693 675 2758 728 ad
2791 673 3005 743 copiam
3038 686 3142 724 non
3188 674 3414 742 respicis
3447 689 3540 727 ca-

1964 763 2116 827 loris,
2147 767 2236 831 qui
2273 763 2487 820 tametsi
2519 767 2821 832 quantitate
2853 779 3073 835 parvus,
3098 763 3323 817 multum
3360 775 3538 820 tamen

1964 855 2211 910 humoris
2240 858 2287 910 vi
2317 873 2410 911 sua
2442 871 2763 910 consumere
2789 870 2983 924 potest.
3031 858 3273 912 Attrahit
3321 859 3539 926 quidem

1965 947 2302 1014 adiacentem
2351 948 2660 1012 humorem,
2714 946 2857 999 velut
2902 950 3104 1003 indicat
3140 949 3483 1004 cucurbitula
3523 993 3536 1005 .

1962 1041 2238 1094 consumit
2270 1055 2400 1093 vero
2429 1050 2746 1105 attractum,
2781 1041 2954 1093 instar
2996 1043 3254 1099 videlicet
3282 1043 3422 1113 ignis
3456 1042 3542 1096 luo

1963 1147 2275 1197 cernarum,
2319 1133 2408 1201 qui
2449 1150 2542 1202 per
2597 1133 2929 1204 ellychnium
2961 1133 3275 1190 alimentum
3300 1139 3538 1194 vicinum

1965 1223 2267 1285 attrahens.
2305 1225 2414 1277 cito
2455 1225 2580 1277 illud
2629 1227 2680 1278 in
2721 1223 2996 1293 fuliginem
3043 1235 3384 1283 transmutat.
3417 1229 3536 1283 Jam

1965 1333 2094 1372 vero
2121 1316 2322 1370 aethera
2349 1317 2471 1385 quis
2499 1318 2724 1386 ambigit
2755 1332 2877 1371 csse
2898 1317 3122 1386 ignitum
3154 1328 3207 1372 et
3239 1320 3540 1376 ardentem?

1963 1410 2054 1480 qui
2091 1407 2197 1462 nisi
2236 1407 2578 1463 ineluctabili
2606 1407 2920 1464 Conditoris
2955 1411 3273 1479 praescripto
3319 1428 3541 1466 cocrce~

1965 1514 2136 1566 retur,
2175 1503 2433 1570 quidnam
2471 1518 2595 1556 eum
2638 1502 3026 1570 prohibuisset,
3079 1506 3350 1574 contiguis
3372 1509 3543 1560 omni-

1965 1598 2064 1652 bus
2095 1597 2258 1651 rebus
2281 1596 2626 1650 inllammatis
2663 1611 2726 1649 ac
2758 1598 3054 1652 combustis
3077 1639 3092 1662 ,
3123 1613 3339 1652 omnem
3381 1600 3542 1653 simul

1965 1705 2150 1745 earum
2210 1689 2586 1742 humiditatcm
2631 1689 2965 1743 absumere?
3012 1690 3354 1761 Quapropter
3401 1707 3542 1762 aqua

1965 1781 2110 1834 aeria
2136 1780 2310 1834 oritur
2335 1788 2468 1840 tum,
2489 1796 2610 1832 cum
2637 1780 2786 1834 locus
2807 1795 3076 1849 supernus
3101 1784 3168 1836 ab
3189 1784 3393 1838 evectis
3417 1800 3540 1838 sur-

1965 1888 2081 1925 sum
2117 1872 2582 1941 vaporibus,quos
2605 1873 2772 1938 ﬂuvii,
2809 1874 3006 1940 fontes,
3042 1875 3201 1939 vada,
3227 1877 3448 1944 paludes
3479 1893 3543 1930 ac

275 1969 370 2019 καὶ
405 1966 629 2035 τενάγη,
683 1965 777 2017 καὶ⁹
815 1965 1024 2034 λίμναι,
1059 1965 1151 2016 καὶ
1193 1963 1404 2032 πελάγη
1439 1961 1615 2014 πάντα
1643 1962 1860 2034 προῖεν-
1896 1941 1936 1998 Β

1855 1990 1860 1998 -
1896 1941 1936 1998 Β
1967 1963 2134 2017 maria
2158 1966 2338 2017 omnia
2372 1970 2651 2029 emittunt,
2675 1966 3048 2031 obnuliilatur,
3097 1978 3154 2021 ut
3183 1985 3247 2023 ne
3267 1970 3538 2024 :etherin-

273 2076 384 2122 ται,
443 2058 519 2121 ώς
570 2057 636 2110 ἂν
809 2057 985 2109 πάντα
1018 2055 1308 2126 πυρακτῶν
1338 2056 1365 2106 ὁ
1394 2051 1558 2125 αἰθὴρ
1593 2052 1859 2106 ἐπιλάϐοι·

273 2155 408 2206 ὅπου
470 2169 533 2220 γε
571 2152 665 2204 καὶ
719 2149 810 2203 τὸν
841 2151 990 2220 ἥλιον
1019 2149 1209 2201 τοῦτον
1262 2149 1479 2218 ὁρῶμεν
1520 2145 1639 2218 ῶρᾳ
1672 2147 1862 2218 θέρους

273 2243 558 2316 διάϐροχον
580 2242 837 2304 πολλάκις
861 2242 953 2294 καὶ
970 2239 1246 2310 τεναγώδη
1263 2241 1446 2310 χώραν
1470 2241 1526 2291 ὲν
1550 2239 1860 2312 βραχυτάτῃ

274 2334 470 2404 χρόνου
520 2335 659 2405 ῥοπῇ
690 2333 917 2402 ἄνικμον
971 2330 1246 2392 παντελῶς
1276 2331 1370 2382 καὶ
1402 2328 1571 2401 ξηρὰν
1595 2330 1862 2400 καταλιμ-

274 2426 536 2478 πάνοντα.
572 2425 680 2478 Ποῦ
733 2427 908 2477 τοίνυν
947 2427 1122 2478 έκεῖνο
1168 2423 1227 2475 τὸ
1263 2421 1442 2494 ὕδωρ;
1484 2423 1860 2476 Δεικνύτωσαν

273 2517 408 2585 ἡμῖν
436 2519 484 2568 οἱ
511 2518 578 2569 τὰ
608 2518 784 2570 πάντα
806 2517 986 2570 δεινοί.
1005 2513 1126 2588 Ἆρ’
1145 2516 1267 2584 οὐχὶ
1299 2515 1459 2567 παντὶ
1487 2513 1667 2583 δῆλον,
1691 2515 1858 2584 ὅτιτῇ

276 2606 575 2677 Θερμὸτητι
619 2608 715 2660 τοῦ
746 2609 893 2677 ἡλίου
932 2607 1228 2677 διατμηθὲν
1270 2605 1552 2676 ammon;
1599 2605 1857 2672 Καίτοιγε

273 2700 398 2753 οὐδὲ
429 2700 629 2772 θερμὸν
645 2699 754 2770 (9.9)
774 2696 910 2753 εἶναι
926 2701 1015 2753 τὸν
1030 2701 1180 2770 ἥλιον
1205 2703 1400 2752 ἐκεῖνοι
1427 2699 1664 2766 λέγουσι’
1682 2697 1860 2749 τοσοῦ-

273 2810 374 2845 τον.
402 2794 581 2856 αὐτοῖς
614 2793 707 2847 τοῦ
743 2793 918 2863 λέγειν
947 2794 1210 2865 περίεστι.
1249 2794 1357 2845 Καὶ
1406 2795 1654 2845 σκοπεῖτε
1697 2807 1860 2844 ποτα-

275 2890 354 2957 πῇ
382 2889 656 2955 ἀποδείξει
760 2888 1084 2959 ερειδόμενοι
1113 2887 1249 2958 πρὸς
1297 2887 1392 2957 τὴν
1427 2886 1714 2955 ἐνάργειαν
1745 2883 1856 2955 (50)

277 2980 695 3034 ἀντιϐαίνουσιν.
728 2981 945 3051 Ἐπειδὴ
965 2981 1152 3043 λευκός
1179 2982 1314 3042 ἐστι,
1346 2981 1497 3048 φασὶ,
1528 2980 1625 3050 τὴν
1647 2978 1856 3049 χροιὰν,

276 3071 391 3124 ἀλλ’
425 3073 545 3142 οὐχὶ
581 3072 904 3143 ὑπέρυθρος,
962 3072 1083 3124 οὐδὲ
1151 3072 1360 3138 ξανθὸς,
1424 3072 1616 3123 τούτου
1673 3071 1857 3123 ἕνεκεν

275 3161 398 3214 οὐδὲ
444 3160 697 3232 πυρώδης
727 3164 825 3233 τὴν
871 3163 1028 3233 φύσιν
1051 3180 1064 3192 °
1111 3162 1248 3215 ἀλλὰ
1282 3164 1373 3216 καὶ
1415 3161 1602 3213 τούτου
1641 3162 1772 3228 φασὶ
1798 3161 1859 3213 τὸ

278 3254 480 3327 θερμὸν
514 3257 577 3307 ὲκ
604 3256 703 3324 τῆς
739 3257 960 3327 ταχείας
987 3251 1124 3308 εἶναι
1159 3255 1546 3325 περιστροφῆς.
1585 3252 1648 3304 Τί
1679 3251 1858 3304 ἐντεῦ-

277 3348 370 3402 Θεν
393 3351 601 3413 ἑαυτοῖς
630 3348 983 3419 διοικούμενοι
1009 3365 1022 3414 ;
1065 3349 1148 3409 Ὠς
1185 3347 1345 3418 μηδὲν
1378 3346 1524 3410 δόξαι
1550 3345 1656 3398 τῶν
1677 3343 1857 3417 ὑγρῶν

275 3442 668 3494 ἀπαναλίσκειν
706 3444 796 3495 τὸν
839 3441 1008 3512 ἥλιον.
1057 3439 1198 3508 Ἐγὼ
1229 3440 1306 3503 δὲ,
1345 3439 1448 3492 κᾶν
1477 3439 1550 3509 μὴ
1593 3437 1792 3508 ἀληθὲς
1823 3433 1855 3511 ᾗ

275 3531 337 3583 τὸ
365 3532 670 3601 λεγόμενον,
713 3535 824 3587 ἀλλ’
849 3535 926 3598 ὡς
961 3530 1468 3602 συγκατασκευάζον
1510 3532 1630 3600 ἐμοὶ
1656 3530 1744 3583 τὸν
1776 3529 1858 3583 λό-

276 3640 372 3690 γον
410 3626 508 3676 οὐκ
547 3625 893 3694 ἀπωθοῦμαι.
954 3627 1201 3695 Ἐλέγετο
1239 3625 1346 3696 γάρ
1397 3623 1482 3676 διὰ
1519 3623 1616 3693 τὴν
1661 3625 1723 3674 ὲκ
1762 3621 1853 3674 τοῦ

277 3715 482 3786 θερμοῦ
508 3717 753 3788 δαπάνην
779 3718 1072 3785 ἀναγκαῖον
1105 3712 1246 3771 εἶναι
1275 3716 1381 3769 τῶν
1405 3716 1611 3769 ὑδάτων
1640 3715 1699 3766 τὸ
1728 3713 1858 3783 πλῆ-

275 3807 389 3872 θος.
412 3810 668 3881 Διαφέρει
704 3809 760 3862 δὲ
785 3809 936 3862 οὐδὲν
963 3811 1026 3861 ἐκ
1054 3809 1267 3878 φύσεως
1301 3804 1438 3861 εἶναι
1477 3807 1698 3877 θερμὸν,
1726 3807 1756 3876 ἢ
1793 3810 1853 3860 ἐκ

276 3899 482 3965 πάθους
521 3902 663 3973 ἔχειν
690 3902 789 3973 τὴν
835 3900 1077 3972 πύρωσιν
1105 3900 1240 3970 πρός
1272 3916 1335 3967 γε
1373 3899 1433 3951 τὸ
1461 3899 1530 3950 τά
1550 3897 1686 3949 αὐτὰ
1724 3915 1856 3966 συμ-

280 3994 548 4065 πτώματα
585 3995 712 4066 περὶ
763 3994 861 4057 τὰς
895 3993 1062 4056 αὑτάς
1099 3992 1229 4054 ὔλας
1263 3990 1584 4060 ἀπογεννᾷν.
1632 3988 1754 4041 Ἐάν
1795 4006 1853 4040 τε

274 4088 384 4157 γὰρ
431 4087 726 4156 τριὸόμενα
780 4086 911 4153 ξύλα
957 4086 1093 4155 πρὸς
1139 4084 1340 4155 ἄλληλα
1393 4083 1505 4154 πῦρ
1540 4083 1632 4135 καὶ
1686 4082 1856 4150 φλόγα

274 4179 476 4250 ἀνάψῃ,
535 4181 628 4233 ὲάν
657 4198 715 4232 τε
751 4181 814 4232 ὲκ
859 4178 1054 4248 φλογὸς
1084 4176 1464 4246 άναπτομένης
1512 4172 1851 4244 κατακαυθῇ,

279 4273 391 4326 ἴσον
438 4272 555 4325 ἐστὶ
595 4273 689 4324 καὶ
739 4271 1116 4343 παραπλήσιον
1145 4268 1202 4336 ἐξ
1244 4267 1566 4337 ἀμφοτέρων
1596 4267 1655 4318 τὸ
1678 4265 1847 4328 τέλος.

275 4364 534 4432 Καίτοιγε
563 4362 777 4435 ὁρῶμεν
812 4361 909 4433 τὴν
938 4361 1180 4432 μεγάλην
1211 4359 1304 4413 τοῦ
1333 4358 1401 4411 τὰ
1443 4358 1618 4411 πάντα
1656 4357 1855 4428 κυϐερ-

274 4456 475 4521 νῶντος
522 4456 735 4525 σοφίαν,
771 4454 1147 4526 μετατιθεῖσαν
1177 4452 1285 4523 (51)
1320 4452 1412 4504 τὸν
1450 4451 1600 4520 ἥλιον
1637 4449 1694 4516 ἐξ
1739 4449 1852 4502 ἑτέ-

277 4568 384 4622 ρων
416 4550 495 4613 είς
535 4548 718 4619 ἕτερα,
754 4548 840 4599 ἵνα
890 4547 985 4616 μὴ,
1026 4549 1136 4607 τοῖς
1164 4545 1346 4606 αὐτοῖς
1392 4543 1478 4595 ἀεὶ
1510 4540 1851 4614 προσδιατρί-

1965 2055 2151 2120 vadat,
2173 2070 2589 2128 concremetque
2611 2059 2901 2113 universa:
2936 2076 3057 2113 cum
3091 2063 3233 2116 hunc
3260 2065 3424 2115 etiam
3444 2076 3538 2116 so-

1964 2146 2068 2202 lem
2090 2147 2439 2201 videamusin
2463 2151 2648 2204 aestiva
2694 2160 3012 2221 tempestate
3044 2153 3316 2206 madidam
3347 2165 3400 2207 et
3425 2168 3538 2207 cte-

1965 2255 2150 2299 nosam
2188 2241 2460 2310 regionem
2483 2242 2796 2313 plerumque
2822 2247 3064 2300 humoris
3086 2260 3309 2314 prorsus
3339 2261 3538 2316 exper-

1967 2342 2073 2387 tem
2107 2349 2170 2389 ac
2199 2335 2398 2388 siccam
2425 2334 2746 2389 brevissimo
2781 2340 3037 2406 temporis
3066 2347 3340 2392 momento
3374 2339 3538 2392 relin-

1965 2440 2154 2495 quere.
2180 2426 2296 2490 Quo
2315 2442 2498 2493 quaeso
2528 2427 2661 2481 abiit
2681 2443 2817 2496 aqua
2845 2430 2957 2482 illa?
2974 2429 3270 2484 Ostendant
3290 2433 3443 2486 nobis
3463 2434 3538 2486 illi

1965 2533 2146 2573 rerum
2165 2517 2404 2570 omnium
2422 2519 2646 2573 scientia
2667 2519 2894 2588 praediti.
2923 2522 3114 2574 Annon
3139 2521 3314 2574 cuivis
3345 2523 3536 2591 liquet,

1963 2628 2082 2667 eam
2113 2611 2296 2667 calore
2314 2610 2446 2665 solis
2468 2612 2518 2664 in
2550 2627 2804 2682 vaporem
2830 2617 3057 2669 solutam
3081 2630 3201 2668 esse
3221 2624 3383 2682 atque
3409 2633 3542 2670 con-

1962 2709 2256 2775 sumptam?
2287 2707 2645 2775 Quamobrem
2671 2723 2735 2761 ne
2752 2708 2981 2762 calidum
2998 2711 3210 2777 quidem
3231 2712 3396 2767 solem
3420 2723 3540 2764 esse

1963 2798 2036 2852 illi
2060 2800 2242 2854 dicunt
2263 2820 2276 2854 :
2297 2802 2431 2856 adeo
2459 2801 2602 2870 loqui
2629 2800 2759 2869 ipsis
2786 2811 2959 2855 vacat.
2984 2800 3179 2856 Verum
3199 2805 3539 2857 considerate

1963 2892 2107 2962 quali
2123 2895 2577 2949 demonstratione
2592 2896 2723 2960 nixi,
2738 2896 3017 2948 evidentiae
3037 2897 3334 2949 reluctaqu
3345 2894 3540 2960 r.Quo-

1961 2984 2126 3050 niam,
2161 2985 2429 3054 inquiunt,
2465 2987 2650 3040 colore
2697 2987 2850 3040 albus
2883 2995 2988 3050 est,
3034 3002 3140 3039 non
3188 2997 3367 3041 autem
3407 2987 3539 3041 sub-

1961 3075 2142 3141 ruber,
2177 3091 2276 3132 nec
2313 3075 2500 3140 ﬂavus,
2531 3076 2650 3129 ideo
2681 3092 2852 3146 neque
2883 3088 3068 3146 suapte
3110 3089 3296 3134 natura
3338 3081 3540 3150 ignitus

1959 3178 2081 3222 est:
2110 3169 2200 3224 sed
2228 3179 2283 3224 et
2303 3171 2420 3237 ejus
2451 3171 2686 3225 calorem
2727 3174 2792 3222 ex
2830 3170 2998 3225 veloci
3031 3172 3358 3226 circumactu
3393 3170 3538 3224 allir-

1963 3269 2109 3314 mant
2137 3262 2288 3314 oriri.
2323 3261 2460 3327 Quid
2490 3263 2589 3316 sibi
2638 3262 2763 3316 inde
2806 3263 3072 3316 ‘commodi
3116 3257 3387 3317 asciscunl
3415 3264 3438 3316 ?
3468 3261 3538 3316 Ut

1961 3351 2094 3404 nihil
2119 3366 2432 3408 consumere
2462 3355 2742 3408 humorum
2771 3355 2850 3409 sol
2869 3356 3226 3409 existimetur.
3247 3354 3356 3425 Ego
3386 3370 3535 3424 vero,

1961 3445 2172 3498 tametsi
2213 3446 2264 3499 id
2306 3447 2445 3514 quod
2501 3447 2567 3500 ab
2617 3447 2749 3514 ipsis
2804 3446 3035 3511 dicitur,
3071 3463 3257 3501 verum
3289 3463 3393 3500 non
3430 3459 3535 3511 est,

1958 3541 2134 3588 tamen
2167 3535 2218 3588 id
2251 3537 2447 3604 ipsum,
2502 3545 2757 3604 tanquam
2809 3537 2948 3604 quod
2986 3553 3159 3592 meam
3215 3539 3536 3592 sententiam

1957 3629 2288 3696 comprobet,
2323 3644 2426 3683 non
2455 3644 2669 3697 respuo.
2697 3628 2829 3682 Nam
2857 3646 3115 3699 aquarum
3143 3633 3291 3700 copia
3318 3634 3386 3686 ub
3417 3648 3535 3686 eam

1956 3733 2129 3788 quaza
2172 3722 2351 3775 calore
2410 3720 2640 3776 eﬂicitur
2693 3725 3178 3792 consumptionem,
3232 3726 3534 3779 necessaria

1956 3827 2074 3866 esse
2098 3813 2397 3868 dicebatur.
2431 3813 2549 3868 Jam
2581 3828 2711 3868 vero
2740 3817 2805 3868 ad
2845 3816 3061 3871 eosdem
3097 3817 3148 3870 in
3192 3818 3393 3871 eisdem
3423 3832 3534 3869 ma-

1959 3905 2106 3958 teriis
2134 3905 2524 3973 producendos."
2545 3904 2770 3961 effectus
2800 3906 2931 3959 nihil
2970 3907 3211 3968 interest,
3243 3917 3418 3960 utrum
3450 3906 3533 3962 sol

1957 4007 2147 4066 Suapte
2178 4008 2365 4051 natura
2398 3999 2469 4052 sit
2500 3998 2727 4061 calidus,
2775 4014 2841 4051 an
2876 4012 2940 4052 ex
2982 3997 3264 4053 affectione
3297 4000 3457 4053 ardor
3477 4000 3528 4053 ei

1955 4091 2263 4144 accesserit.
2303 4091 2428 4143 Sive
2457 4092 2601 4143 enim
2632 4090 2776 4157 ligna
2829 4091 2969 4144 inter
3017 4106 3077 4146 se
3109 4101 3294 4144 mutuo
3321 4091 3528 4146 confri-

1955 4188 2265 4250 cta,ignem
2299 4198 2362 4238 ac
2414 4182 2685 4237 flammam
2735 4188 3084 4249 exsuscitent,
3137 4188 3249 4241 sive
3300 4202 3524 4242 accensa

1953 4275 2166 4326 flamma
2201 4273 2477 4331 combusta
2510 4274 2733 4338 fuerint,
2779 4291 2876 4343 par
2903 4287 2956 4328 et
2987 4277 3280 4340 consimilis
3310 4279 3433 4330 linis
3459 4293 3527 4332 ex

1954 4372 2182 4427 utroque
2215 4363 2404 4421 resilit.
2455 4362 2720 4417 Caeterum
2774 4379 3020 4434 magnam
3070 4367 3186 4433 ejus
3219 4367 3308 4433 qui
3341 4366 3523 4420 omnia

1953 4454 2214 4522 gubernat
2263 4455 2582 4525 sapientiam
2624 4457 2918 4525 cernimus,
2959 4459 3126 4511 solem
3169 4458 3383 4512 aliunde
3419 4457 3524 4511 alio

1954 4553 2436 4608 trausmoventem,
2463 4551 2522 4596 ut
2557 4558 2624 4597 ne
2660 4545 2711 4597 in
2749 4545 2938 4600 iisdem
2969 4547 3100 4600 locis
3133 4562 3343 4615 semper
3371 4561 3521 4600 com-

275 4642 404 4705 6wv,
437 4643 504 4712 τῇ
532 4640 812 4710 πλεονεξίᾳ
843 4639 937 4692 τοῦ
971 4637 1174 4708 θερμοῦ
1210 4637 1513 4706 λυμήνηται
1546 4635 1644 4705 τὴν
1668 4635 1848 4688 διακό-
1879 4651 1921 4704 ι)
1954 4653 1958 4689 1

1834 4664 1848 4674 -
1879 4651 1921 4704 ι)
1954 4649 2194 4701 morans,
2232 4650 2410 4690 rerum
2443 4634 2686 4688 ordinem
2733 4651 2827 4704 per
2869 4637 3064 4692 caloris
3111 4639 3517 4692 redundantiam

272 4881 364 4922 sex
398 4864 488 4919 alii
523 4864 736 4918 codices
759 4862 1120 4934 ἀφαιρέσεως.
1157 4858 1376 4934 _Stat_im_
1392 4857 1545 4934 βοάι.
1580 4873 1701 4934 cum
1726 4858 1846 4934 aliis

270 4946 396 4992 octo
429 4950 557 4989 mss.
590 4945 644 4988 et
690 4927 821 4988 cum'
865 4927 1104 4986 editione
1153 4929 1317 4982 Basil.
1353 4927 1541 4992 ὓδατος
1572 4929 1843 4992 ἀπιστεῖς,

271 5007 430 5061 bene.
461 5003 639 5057 Editio
683 5004 853 5057 Paris.
883 5002 1075 5064 ὓδατος
1097 5000 1198 5052 οὐκ
1228 5000 1496 5062 ἀπιστεῖς.
1533 4999 1642 5052 Nec
1688 5000 1844 5053 aliter

270 5077 470 5144 legisse
499 5075 711 5127 videtur
756 5074 1093 5144 Eustathius,
1135 5072 1226 5137 qui
1283 5071 1360 5144 sic
1405 5078 1620 5144 vertat;
1651 5067 1754 5144 Sed
1783 5080 1840 5122 tu

267 5138 482 5217 quidem
507 5144 725 5217 liquoris
749 5142 1083 5217 amplitudini
1122 5141 1536 5217 nonudiscredis.
1565 5138 1715 5217 Unde
1744 5156 1838 5208 pa-

276 5209 352 5272 iet
391 5209 643 5269 mendum
672 5214 877 5266 illud-in
911 5214 1118 5281 aliquot
1144 5211 1357 5281 codices
1393 5209 1696 5281 irrepsisse.

341 5287 453 5355 (‘27)
493 5282 644 5337 Coll).
690 5284 959 5355 secundus
1000 5278 1492 5355 quaeioinowa.
1521 5278 1837 5355 _Mox_ms_s_.

266 5348 510 5422 plerique
545 5368 731 5407 omnes
775 5351 844 5404 τὰ
895 5352 1112 5422 συνεχῆ.
1144 5348 1310 5405 Abest
1341 5348 1604 5403 articulus
1634 5348 1702 5401 ab
1735 5350 1845 5402 edi-

269 5426 411 5478 tione
443 5423 615 5478 Paris.

338 5493 450 5564 (28)
485 5494 657 5564 Editio
687 5492 859 5546 Paris.
884 5493 1065 5562 ἀέριον
1090 5491 1319 5559 γίνεται.
1358 5490 1518 5543 Deest
1545 5487 1760 5564 γίνεται
1780 5487 1839 5564 _i_n

263 5558 504 5618 editione
542 5561 706 5617 Basil.
738 5574 791 5617 et
848 5564 901 5616 in
953 5558 1077 5616 octo
1105 5558 1110 5559 ί
1134 5577 1266 5617 mss.
1316 5571 1511 5629 praater
1543 5559 1695 5613 Bodl.
1730 5558 1840 5611 Ali-

265 5645 471 5705 quanto
498 5642 618 5702 post
653 5635 780 5702 lteg.
824 5634 1016 5688 tertius
1046 5630 1304 5705 ἐπιλάϐῃ.
1363 5630 1558 5684 Statim
1605 5629 1734 5703 editi
1781 5630 1838 5679 ὲν

263 5701 680 5775 ῶραεᾼιιεειέν
720 5701 787 5757 ab
816 5713 938 5775 octo
967 5717 1093 5756 mss.

335 5770 446 5843 (29)
498 5774 770 5841 Καίτοιγε
801 5773 942 5828 οὐδὲ
983 5773 1218 5842 θερμόν.
1264 5770 1532 5843 Vetusilla
1577 5783 1835 5843 quorum-

265 5837 388 5895 dam
430 5837 888 5918 philosophorum
918 5837 1150 5918 opinio,
1215 5844 1331 5918 qui,
1379 5837 1832 5918 solemucalidnm

264 5927 379 5968 esse
405 5908 1044 5984 négautesﬁﬁinnabaht
1079 5908 1486 5968 illius’calorem
1523 5911 1654 5964 nihil
1690 5908 1831 5962 aliud

1949 4872 2068 4925 esse
2092 4857 2193 4910 nisi
2217 4855 2452 4911 velocem
2484 4858 2770 4927 quemdam
2795 4858 3180 4911 circumaclmn
3209 4869 3259 4912 et
3290 4869 3518 4922 motum,

1950 4928 2282 5004 temporibus
2315 4929 2518 4982 nostris
2548 4930 2691 4999 viget
2727 4930 2979 4991 maxime,
3035 4929 3320 4998 placetque
3353 4946 3517 4999 quam

1986 4999 2210 5052 ltirimis.

1948 5016 2210 5069 plurtmts.

2017 5068 2128 5139 (30)
2159 5066 2250 5122 Sic
2304 5067 2454 5139 Regii
2487 5069 2693 5135 primus
2724 5078 2776 5122 et
2809 5079 3030 5123 octavus
3060 5083 3183 5123 cum
3230 5068 3381 5124 Colb.
3432 5087 3519 5124 so-

1947 5137 2120 5192 cundo
2147 5148 2200 5191 et
2235 5152 2355 5190 cum
2387 5137 2550 5208 Coisl.
2598 5139 2778 5192 itidem
2825 5142 3100 5201 secundo;
3162 5149 3214 5190 et
3267 5140 3336 5192 ita
3393 5141 3520 5208 legit

1946 5208 2278 5279 Eustathius,
2331 5207 2484 5274 cujus
2516 5211 2629 5262 [nec
2679 5221 2848 5263 sunt:
2906 5209 2972 5261 Et
3033 5209 3362 5264 considerate
3417 5207 3518 5279 quo

1949 5278 2070 5346 freti
2115 5278 2444 5346 documento,
2503 5280 2648 5332 rebus
2699 5280 3101 5332 euidentissimis
3148 5278 3517 5335 adversantur.

1949 5345 2448 5432 Editicum‘Regiis
2479 5351 2643 5432 tertio
2700 5358 2755 5401 et
2810 5350 3000 5432 quinto
3055 5363 3285 5432 cumque
3347 5350 3514 5432 Cois]:

1947 5415 2300 5490 primo_r:pb;
2321 5415 2416 5490 τὴν
2475 5419 2775 5490 ἐνέργειαν.
2829 5415 2955 5472 Mox
3021 5415 3354 5490 multi‘tuss.
3403 5420 3518 5472 ἀλλ’

1947 5487 2088 5556 οὐχί.
2115 5487 2300 5559 E_diti0_
2338 5488 2506 5559 Paris.
2535 5487 2670 5543 ἀλλὰ
2705 5489 2822 5559 οὑχ.
2868 5489 3106 5543 Subinde
3128 5491 3281 5544 Colb.
3318 5506 3516 5543 secun-

1947 5555 2234 5630 σας-τοῦτο
2257 5557 2317 5609 τὸ
2346 5557 2562 5630 θερμόν.

2017 5625 2261 5698 (δυβὶο
2314 5625 2496 5682 nostra
2543 5630 2708 5685 editio
2753 5629 2915 5683 Basil.
2950 5646 3072 5684 cum
3128 5639 3332 5698 septem
3383 5646 3513 5684 mss.

1946 5695 2123 5768 Editio
2152 5695 2324 5768 Pariis.
2357 5700 2705 5767 μεταθεῖσαν.
2734 5702 2980 5753 Morellus
2998 5702 3128 5754 citat
3149 5695 3327 5753 nescio
3351 5717 3514 5768 quam

1940 5767 2228 5840 editionem
2264 5767 2428 5840 Ba_sil.
2468 5773 2517 5823 in
2556 5787 2661 5840 qua
2710 5773 2902 5839 legitur
2933 5770 3331 5840 μετατιθέντος,
3375 5767 3515 5824 haec-

1941 5852 2044 5909 que
2065 5838 2287 5909 subdit:
2319 5837 2516 5892 Fanent
2540 5837 2612 5893 tot
2650 5837 2896 5909 gignendi
2929 5837 3080 5893 casus
3123 5857 3242 5894 mox
3269 5840 3512 5909 subjecti,

1955 5905 2231 5971 Ἀττικῶς.
2263 5907 2424 5977 Bene,
2459 5913 2550 5966 scd
2580 5905 2921 5981 refragantur
2952 5927 3080 5966 mss.
