4262 6516
280 461 366 518 75
1428 460 1716 518 [IUMILIA
1757 460 1824 517 111
1858 461 1924 516 IN
1961 459 2455 517 HEXAEMERON.
3485 451 3556 509 75

284 578 439 634 ’,ἀων
468 592 565 637 τας
591 575 838 644 εὑλογίας
874 575 1109 641 δίδωσιν,
1151 577 1226 640 ὡς
1273 579 1366 630 τοῦ
1401 579 1528 648 περὶ
1568 579 1670 648 γῆν
1713 580 1878 631 τόπου
1909 583 1953 638 Α

1869 598 1878 629 ι
1909 583 1953 638 Α
1983 581 2172 634 horum
2201 581 2508 649 temperiem
2543 573 2881 631 fecundetur.
2912 570 3048 638 Quin
3080 579 3132 626 et
3168 571 3219 624 in
3249 570 3552 626 maledictis

283 670 374 723 δια
409 670 511 731 τῆς
537 668 594 719 ἐν
621 666 830 730 τούτοις
856 667 1106 733 εὐταξίας
1129 669 1544 740 εὑθηνουμένου.
1585 668 1743 722 Ἀλλά
1777 671 1869 722 καὶ

285 763 345 813 ὲν
383 762 507 814 ταῖς
539 759 803 829 κατάραις
831 759 909 829 τῷ
948 760 1159 832 Ἰσραὴλ
1198 760 1335 830 (ζ9ι,
1370 760 1581 814 Ἔσται
1612 778 1731 825 σοι,
1763 778 1868 830 φη-

290 855 395 915 σιν,
426 855 458 904 ὁ
508 849 653 918 ὑπὲρ
700 850 968 920 uir-alim
1001 851 1255 920 οὐρανὸς
1298 853 1584 921 χαλκοῦς.
1621 853 1685 906 Τί
1715 851 1871 906 τοῦτο

284 945 492 1012 λέγων;
535 943 646 1012 Τὴν
676 942 915 1014 παντελῆ
944 942 1206 1014 ξηρασίαν
1235 944 1328 996 καὶ
1363 944 1630 1014 ἐπίλειψιν
1655 944 1760 997 τῶν
1781 945 1871 997 ἀε-

289 1037 421 1107 ρίων
461 1031 693 1097 ὑδᾶτων,
728 1034 793 1088 δι’
835 1027 909 1086 ὧν
938 1036 1004 1104 τῇ
1045 1036 1114 1105 γῇ
1154 1035 1214 1088 τὸ
1251 1034 1472 1106 γόνιμον
1505 1037 1614 1088 τῶν
1642 1035 1871 1107 καρπῶν

289 1128 608 1197 ἐνυπάρχει.
639 1128 809 1180 Ὅταν
836 1123 925 1179 οὖν
964 1127 1028 1178 ἐκ
1051 1126 1144 1179 τοῦ
1177 1128 1408 1199 οὐρανοῦ
1439 1125 1712 1198 ’φέρεσθαι
1737 1127 1869 1198 λέγῃ

288 1220 479 1291 δρόσον
509 1221 542 1290 ἢ
577 1219 753 1282 ὑετὸν,
803 1220 928 1290 περὶ
975 1220 1181 1274 ὑδάτων
1229 1221 1454 1292 νοοῦμεν
1495 1222 1594 1273 ὅσα
1633 1219 1728 1291 τὴν
1761 1220 1871 1273 ἀνω

292 1312 544 1382 κατέχειν
581 1312 924 1365 διατέτακται
970 1310 1172 1382 χώραν.
1211 1312 1596 1382 Συναγομένων
1627 1311 1735 1382 γὰρ
1765 1311 1872 1366 τῶν

292 1404 711 1476 ἀναθυμιάσεων
751 1404 878 1474 περὶ
922 1404 983 1456 τὸ
1031 1404 1184 1473 Sal/0;,
1227 1405 1319 1458 καὶ
1363 1405 1732 1474 πυκνουμένου
1776 1405 1869 1458 τοῦ

293 1499 456 1568 ἀέρος
487 1501 608 1560 ταῖς
637 1499 700 1549 ἐκ
741 1495 848 1548 τῶν
887 1498 1212 1568 πνευμάτων
1266 1497 1566 1567 πιλήσεσιν,
1604 1499 1732 1550 ὅταν
1773 1498 1871 1568 μὲν

294 1590 353 1642 αἱ
391 1591 526 1652 τέως
561 1587 858 1655 ἀτμοειδῶς
885 1590 978 1642 καὶ
1001 1587 1215 1651 λεπτῶς
1247 1588 1648 1658 ὲνεσπαρμὲναι
1680 1587 1758 1657 τῷ
1782 1588 1871 1639 νέο

293 1697 386 1749 φει
427 1678 624 1739 νοτίδες
670 1677 923 1750 ἀλλήλαις
968 1679 1420 1748 προσχωρήσωσι,
1477 1677 1732 1746 σταγόνες
1786 1678 1872 1740 γί·

295 1787 533 1839 γνονται,
561 1767 639 1838 τῷ
671 1768 826 1840 βάρει
849 1769 956 1822 τῶν
984 1768 1387 1838 συγκριθέντων
1410 1769 1708 1840 φερόμεναι
1739 1767 1872 1840 πρὸς

296 1863 358 1917 τὸ
391 1861 538 1914 κάτω
560 1876 573 1890 ⁸
606 1863 698 1914 καὶ
731 1862 866 1930 αῦτη
899 1859 1054 1913 ὑετοῦ
1090 1859 1337 1928 γένεσις·
1369 1862 1496 1912 ὅταν
1536 1860 1591 1912 δὲ
1626 1859 1685 1912 τὸ
1709 1861 1872 1930 ὑγρὸν

1978 669 2179 732 lsraeli,
2214 667 2279 722 Et
2337 669 2454 732 erit,
2501 665 2692 735 inquit,
2736 663 2830 715 tibi
2876 661 3059 716 calum
3099 661 3237 732 quod
3273 677 3430 730 super
3472 678 3555 714 ca-

1976 773 2065 830 put
2099 773 2173 816 cst
2198 802 2212 823 ,
2243 777 2443 816 teneam
2478 762 2544 813 δ’.
2577 757 2712 825 Quid
2762 757 2845 811 his
2893 756 3071 809 verbis
3113 754 3351 808 imlicare
3393 752 3554 806 vult?

1979 851 2355 908 Ouinimodam
2402 850 2731 912 siccitatem,
2763 855 2817 898 et
2865 858 3128 913 aquarum
3163 843 3430 895 aeriarum
3461 840 3555 894 de-

1981 945 2227 1008 fectum,
2270 943 2462 1012 quibus
2529 939 2705 994 telluri
2773 937 3024 992 fertilitas
3090 933 3360 988 fructuum
3422 949 3553 988 con-

1979 1039 2170 1092 fertur.
2224 1036 2356 1090 Cum
2388 1035 2552 1103 igitur
2597 1031 2795 1087 deferri
2823 1031 2890 1084 de
2917 1028 3056 1084 cmlo
3087 1042 3263 1081 rorem
3302 1035 3395 1080 aut
3438 1026 3555 1094 plu-

1981 1130 2121 1182 viam
2145 1129 2294 1190 dicit,
2331 1137 2441 1181 tum
2467 1141 2640 1194 aquas
2667 1140 2761 1179 eas
2793 1139 2913 1193 quze
2939 1135 3224 1191 supernam
3279 1119 3552 1188 regionem

1977 1237 2244 1289 occupare
2281 1219 2449 1288 jussae
2501 1229 2650 1282 sunt,
2706 1215 3072 1284 intelligimus.
3121 1211 3372 1266 Collectis
3403 1209 3552 1264 enim

1980 1316 2032 1368 in
2089 1313 2303 1368 sublimi
2342 1312 2648 1380 vaporibus,
2682 1321 2736 1365 et
2772 1323 2896 1364 aere
2945 1323 3038 1378 per
3078 1316 3354 1361 ventorum
3399 1317 3549 1358 com-

1978 1406 2312 1475 pressiouem
2379 1405 2746 1466 condensata,
2807 1401 2895 1454 ubi
2967 1400 3348 1462 humiditates,
3405 1397 3553 1465 prius

1979 1497 2033 1550 in
2099 1497 2316 1550 modum
2381 1494 2598 1564 vaporis
2659 1493 3000 1559 teuuiterque
3065 1489 3192 1544 nubi
3263 1489 3554 1553 inspersa,

1981 1590 2121 1645 inter
2150 1605 2208 1644 se
2261 1597 2446 1643 mutuo
2477 1587 2833 1649 cohaeserunt,
2870 1595 2995 1637 tunc
3039 1582 3328 1650 gignuntur
3368 1590 3552 1649 gutta.

1981 1682 2046 1736 ad
2085 1682 2190 1735 ima
2216 1689 2593 1736 concretorum
2618 1679 2902 1732 humorum
2932 1676 3169 1745 pondere
3201 1675 3512 1728 decidentes
3538 1689 3553 1738 ;

1981 1782 2140 1840 atque
2167 1771 2252 1826 hic
2285 1779 2368 1823 cst
2398 1770 2588 1838 pluviae
2615 1778 2786 1822 ortus.
2811 1767 2942 1822 Cum
2972 1781 3099 1820 vero
3137 1766 3326 1819 humor
3354 1766 3402 1818 vi
3427 1779 3557 1819 ven-

1983 1875 2159 1918 torum
2197 1863 2480 1928 dissectus,
2515 1862 2568 1914 in
2601 1873 2846 1926 spumam
2881 1859 3128 1914 redactus
3173 1868 3279 1921 est,
3326 1873 3557 1929 cumque

294 1952 616 2022 ἐξαφρισθῇ,
667 1957 786 2016 ταῖς
843 1951 984 2022 βίαις
1014 1951 1123 2003 τῶν
1173 1951 1390 2020 ἀνέμων
1431 1952 1739 2012 ἀνακοπὲν,.
1766 1947 1882 2002 εἶτα
1915 1947 1958 2006 Β

1874 1967 1882 2002 ι
1915 1947 1958 2006 Β
1986 1955 2239 2022 deinceps
2272 1967 2480 2008 summe
2526 1951 2899 2020 reirigeseens,
2935 1958 3077 2001 totus
3104 1949 3325 2003 omnino
3362 1963 3557 2019 conge-

296 2048 374 2108 είς
406 2046 572 2116 ἀκρον
607 2044 973 2115 καταψυχθὲν,
1015 2044 1134 2096 ὅλον
1171 2042 1344 2095 διόλου
1393 2045 1562 2111 παγῇ,
1610 2041 1879 2113 θραυομέ-

300 2156 395 2192 νου
424 2138 518 2191 τοῦ
549 2137 760 2207 νέφους,
793 2140 826 2206 ἡ
849 2136 982 2206 χιὼν
1006 2136 1387 2206 καταφέρεται.
1415 2135 1522 2186 Καὶ
1544 2133 1700 2197 ὅλως,
1738 2130 1880 2186 κατά

299 2231 394 2286 τὸν
428 2231 588 2286 αὑτὸν
628 2230 803 2297 λόγον,
845 2229 1019 2293 ἔξεστί
1061 2246 1140 2282 σοι
1191 2230 1322 2299 ὁρᾷν
1363 2228 1542 2280 πᾶσαν
1582 2226 1675 2280 τοῦ
1712 2228 1878 2297 ὑγροῦ

301 2324 399 2395 τὴν
429 2323 588 2392 φύσιν
617 2324 739 2392 περὶ
777 2322 864 2374 τὸν
897 2322 1036 2390 ὑπὲρ
1087 2323 1324 2392 κεφαλῆς
1355 2321 1514 2392 ἡμῶν
1561 2321 1700 2390 ἀέρα
1753 2337 1878 2372 συν-

303 2416 619 2485 ισταμένην.
661 2415 770 2468 Καὶ
811 2414 996 2485 μηδεὶς
1022 2417 1086 2485 τῇ
1114 2415 1400 2487 περιεργίᾳ
1431 2414 1536 2466 τῶν
1565 2415 1691 2484 περὶ
1720 2413 1881 2482 οὑρα-

297 2507 391 2560 νοῦ
421 2507 894 2577 φιλοσοφησάντων
932 2507 991 2560 τὺ
1026 2507 1226 2559 ἁπλοῦν
1256 2509 1348 2560 καὶ
1370 2505 1740 2559 ἀκατάσκευον
1771 2503 1879 2557 τῶν

300 2599 684 2669 πνευματικῶν
715 2599 888 2667 λόγων
942 2598 1351 2670 παραϐαλλέτω.
1404 2599 1551 2667 Ὅσῳ
1580 2596 1688 2667 γὰρ
1735 2597 1795 2648 τὺ
1823 2597 1880 2647 ἐν

298 2695 419 2756 ταῖς
453 2692 694 2763 σῶφφσι
727 2693 834 2762 (50)
865 2694 1059 2757 κάλλος
1098 2692 1192 2745 τοῦ
1244 2689 1520 2762 ἑταιρικοῦ
1560 2689 1881 2760 προτιμότε-

305 2803 418 2858 ρον,
459 2785 710 2838 τοσοῦτον
745 2787 837 2838 καὶ
874 2785 982 2837 τῶν
1027 2784 1312 2855 ἡμετέρων
1366 2783 1540 2850 λόγων
1583 2781 1717 2852 πρὸς
1755 2782 1879 2844 τοὺς

301 2873 500 2938 ἔξωθεν
531 2875 593 2927 τὸ
629 2875 901 2947 διάψορον.
951 2877 1012 2928 Οἱ
1066 2875 1162 2946 μὲν
1200 2873 1310 2944 γὰρ
1359 2871 1882 2943 κατηναγκασμένον

299 2969 362 3024 τὸ
387 2969 609 3023 πιθανὸν
646 2975 757 3034 τοῖς
790 2973 967 3039 λόγοις
1003 2973 1297 3039 ἐπάγουσιν
1317 2986 1330 2997 ’
1355 2967 1585 3019 ἐνταῦθα
1615 2966 1671 3017 δὲ
1698 2967 1880 3035 γυμνὴ

301 3065 691 3134 τεχνασμάτων
733 3066 766 3134 ὴ
798 3064 1022 3134 ἀλήθεια
1056 3063 1356 3132 πρόκειται.
1414 3059 1522 3112 Καὶ
1548 3058 1600 3110 τί
1630 3057 1710 3110 δεῖ
1741 3059 1882 3128 πρά-

302 3170 488 3224 γματα
524 3154 667 3224 ἔχειν
701 3155 846 3223 ἡμᾶς
870 3154 930 3204 τὸ
959 3152 1152 3219 ψευδὲς
1178 3149 1357 3204 αὑτῶν
1377 3147 1772 3218 διελέγχοντας,
1800 3142 1880 3212 οἷς

302 3244 526 3315 ἐξαρκεῖ
545 3244 641 3306 τὰς
662 3243 840 3297 αὐτῶν
876 3245 1098 3297 ἐκείνων
1131 3243 1340 3313 βίϐλους
1368 3243 1620 3312 ἀλλήλαις
1655 3243 1880 3296 ἀντιπα-

305 3337 568 3410 ραθέντας
603 3338 658 3387 ἐν
678 3335 876 3406 ἡσυχίᾳ
904 3336 1069 3406 πολλῇ
1095 3335 1290 3398 θεατὰς
1317 3334 1498 3388 αὑτῶν
1519 3333 1609 3387 τοῦ
1644 3333 1880 3403 πολέμου

302 3426 576 3497 καθῆσθαι
606 3425 754 3496 (-H);
807 3426 946 3481 υῦτε
1005 3427 1114 3499 γὰρ
1169 3426 1389 3498 ἀριθμῷ
1441 3427 1714 3488 ἐλάττους.
1756 3424 1880 3479 οὔτε

306 3519 577 3591 ἀξιώματι
617 3521 914 3591 ὑςρειμένοι,
951 3519 1264 3591 πολυφωνίᾳ
1317 3520 1373 3573 δὲ
1415 3520 1509 3572 καὶ
1543 3519 1694 3590 παρὰ
1748 3517 1879 3577 πολὺ

300 3612 648 3685 διαφέροντες
681 3613 817 3684 πρὸς
857 3613 945 3665 τὸν
990 3611 1226 3666 ἐναντίον
1271 3613 1451 3676 αὐτοῖς
1480 3611 1883 3666 ἀντικαθίσταν-

303 3721 392 3757 ται
420 3703 597 3771 λόγον,
627 3705 676 3754 oi
711 3703 770 3755 τὸ
801 3704 906 3756 πΞν
938 3701 1306 3774 ἐκπυροῦσθαι
1327 3703 1598 3771 λέγοντες,
1630 3703 1724 3756 καὶ
1750 3704 1881 3755 ἀνα-

301 3792 629 3846 6ιώαγεσθαι
659 3793 820 3846 πάλιν
873 3797 935 3847 ἐκ
966 3793 1076 3858 τῶν
1127 3794 1512 3865 σπερματικῶν
1547 3793 1718 3862 λόγων
1775 3794 1883 3846 τῶν

303 3885 746 3955 ὲναπομενόντων
767 3888 875 3947 τοῖς
901 3883 1295 3955 ὲκπυρωθείσιν
1314 3901 1328 3914 ο
1361 3884 1483 3938 ὅθεν
1512 3886 1604 3937 καὶ
1627 3883 1883 3952 ἀπείρους

304 3979 510 4050 φθορὰς
539 3978 746 4048 κόσμου
775 3977 868 4030 καὶ
909 3975 1330 4044 παλιγγενεσίας
1365 3978 1695 4044 εἰσάγουσιν.
1746 3975 1884 4027 Ἀλλ’

303 4072 502 4122 ἐκείνοι
527 4070 646 4138 μὲν,
679 4071 760 4139 ἐφ’
784 4067 1018 4137 ἑκάτερα
1035 4066 1134 4136 τῆς
1167 4066 1424 4136 ἀληθείας
1444 4068 1882 4138 ἀποσχιζόμενοι,

304 4161 458 4214 ἔνθεν
492 4162 586 4214 καὶ
623 4160 775 4213 ἔνθεν
807 4161 904 4223 τὰς
950 4160 1042 4214 ἐπὶ
1068 4160 1163 4232 τὴν
1205 4159 1414 4230 πλάνην
1451 4162 1660 4223 ἑαυτοῖς
1693 4163 1883 4232 ἐκτρο-

307 4255 416 4318 πὰς
445 4252 871 4325 ἐξευρίσκουσιν.

375 4347 410 4400 9
471 4345 630 4416 Ἡμῖν
674 4343 786 4415 (42)
818 4343 876 4398 δὲ
918 4343 1010 4398 καὶ
1044 4345 1179 4418 πρὸς
1205 4346 1331 4408 τοὺς
1377 4345 1485 4398 ἀπὸ
1521 4346 1620 4417 τῆς
1663 4346 1885 4417 Ἐκκλη-

309 4441 430 4502 σίας
455 4439 568 4492 ὲστί
607 4457 689 4503 τις
723 4437 877 4507 λόγος
915 4439 1041 4509 περὶ
1073 4439 1182 4492 τῶν
1222 4438 1609 4509 διακριθέντων
1656 4439 1884 4501 ὑδάτων,

305 4531 357 4586 οἱ
399 4530 668 4601 προφάσει
713 4529 1028 4601 ἀναγωγῆς,
1074 4531 1169 4584 καὶ
1207 4531 1492 4601 νοημάτων
1517 4529 1882 4601 ὑψηλοτέρων,

1983 2047 2124 2101 latus
2148 2055 2250 2108 est,
2288 2055 2399 2098 tum
2433 2046 2600 2100 fracta
2625 2047 2765 2100 nube
2800 2046 2888 2098 uix
2912 2043 3195 2098 delabitur.
3227 2043 3289 2098 Et
3320 2045 3372 2098 iu
3404 2059 3556 2098 sum-

1983 2155 2091 2202 ma,
2121 2139 2189 2192 ob
2215 2140 2458 2194 eamdem
2489 2139 2753 2191 lationem
2785 2137 2908 2190 licet
2939 2136 3033 2189 tibi
3071 2150 3282 2189 omnem
3316 2135 3555 2190 humoris

1984 2242 2230 2286 naturam
2257 2232 2462 2286 circum
2492 2245 2671 2284 aerem
2718 2229 2879 2298 capiti
2929 2238 3117 2283 nostro
3161 2238 3555 2297 superstantem

1981 2339 2224 2380 cernere.
2258 2323 2426 2378 Nemo
2454 2330 2630 2377 autem
2667 2321 3024 2390 spiritualium
3063 2337 3374 2376 sermonum
3423 2322 3555 2376 siru-

1982 2420 2273 2487 plicitatem
2306 2433 2368 2471 ac
2404 2419 2656 2471 incultum
2678 2432 2798 2472 cum
2827 2417 3139 2472 curiositate
3171 2431 3357 2471 eorum
3381 2417 3470 2486 qui
3495 2419 3560 2472 de

1981 2511 2118 2566 cmlo
2150 2511 2506 2581 philosophati
2537 2521 2682 2575 sunt,
2719 2519 3018 2579 comparet.
3050 2508 3261 2575 Quanto
3291 2508 3433 2564 enim
3465 2525 3560 2564 ca-

1982 2616 2188 2660 starum
2217 2603 2883 2672 pulchritudomeretricia
2911 2604 3267 2673 praestabilior
3288 2614 3392 2670 est,
3410 2614 3559 2658 tanto

1983 2715 2264 2755 sermones
2293 2700 2458 2754 nostri
2493 2698 2730 2751 externis
2763 2706 3038 2765 pnestant.
3071 2696 3134 2750 lli
3179 2713 3408 2767 namque
3432 2713 3556 2766 pro-

1986 2792 2318 2846 babilitatem
2345 2795 2395 2843 vl
2427 2799 2694 2844 extortam
2740 2791 2852 2844 suis
2899 2789 3180 2843 sententiis
3223 2788 3554 2841 conciliant:

1985 2884 2073 2938 hic
2097 2899 2223 2939 vero
2253 2884 2391 2936 nuda
2427 2882 2530 2952 31
2563 2891 2618 2936 et
2659 2882 2727 2937 ab
2775 2882 3022 2937 artiﬁciis
3050 2896 3212 2934 vat-ua
3242 2880 3559 2949 proponitur

1985 2973 2206 3027 veritas.
2250 2971 2356 3025 Sed
2395 2974 2519 3042 quid
2563 2987 2698 3039 opus
2729 2982 2814 3026 est
2849 2985 2945 3024 nos
2986 2971 3038 3022 iu
3089 2968 3385 3024 mendaciis
3417 2970 3560 3039 ipso-

1985 3082 2100 3118 rum
2139 3065 2483 3120 t‘onlutaudis
2532 3061 2766 3134 fatigari,
2801 3063 2995 3132 quibus
3042 3063 3176 3116 satis
3210 3063 3388 3126 fuerit,
3419 3062 3463 3116 si
3495 3063 3559 3114 li-

1985 3155 2094 3209 bris
2132 3157 2366 3223 ipsorum
2397 3157 2538 3209 inter
2565 3169 2624 3209 se
2656 3153 2888 3217 collatis,
2920 3151 3042 3207 belli
3071 3153 3306 3222 ipsormu
3344 3161 3556 3221 specta-

1986 3255 2128 3300 tores
2152 3249 2205 3300 in
2241 3262 2451 3300 summu
2479 3245 2588 3300 otio
2629 3242 3098 3299 sedeamus?Nam
3139 3259 3310 3313 neque
3337 3257 3560 3297 numero

1987 3338 2265 3409 pauciores
2297 3354 2470 3408 neque
2504 3337 2763 3407 dignitate
2793 3337 3096 3398 inferiores,
3117 3338 3210 3390 sed
3237 3335 3560 3402 loquacitate

1984 3435 2146 3487 ctiam
2183 3433 2337 3502 longe
2387 3441 2704 3502 praestantes
2737 3429 3024 3484 contraria:
3055 3430 3156 3483 sibi
3203 3428 3446 3496 opinioni
3475 3444 3560 3482 re-

1985 3524 2284 3592 fragantur,
2326 3523 2362 3576 ii
2396 3525 2485 3592 qui
2521 3523 2829 3576 universum
2874 3523 3025 3574 aiunt
3059 3521 3325 3583 comburi,
3357 3534 3419 3575 ac
3461 3521 3560 3574 ite-

1986 3631 2101 3670 rum
2142 3629 2208 3669 ex
2251 3615 2601 3668 seminalihus
2643 3612 2961 3681 quibusdam
3004 3611 3304 3666 rationibus
3346 3628 3466 3681 quae
3506 3612 3558 3665 in

1987 3705 2148 3760 rebus
2197 3703 2404 3759 exustis
2443 3712 2746 3764 remanent,
2797 3703 3139 3756 reviviscere.
3195 3699 3348 3756 Unde
3395 3701 3558 3756 etiam

1987 3797 2222 3851 inﬁnitas
2262 3796 2441 3850 mundi
2486 3796 2861 3865 corruptiones
2909 3805 2964 3850 et
3006 3796 3438 3865 regenerationes
3481 3795 3561 3847 in-

1985 3891 2202 3944 ducunt.
2247 3887 2439 3943 Verum
2484 3888 2556 3940 illi
2597 3889 2812 3956 quidem
2859 3888 3108 3954 utrinque
3141 3904 3168 3939 a
3199 3889 3423 3940 veritate
3452 3888 3558 3938 dis-

1986 3983 2096 4043 siti,
2128 3982 2251 4035 hinc
2275 3990 2328 4032 et
2367 3981 2488 4034 inde
2534 3982 2599 4033 ad
2632 3996 2872 4036 errorem
2916 3981 3015 4035 sibi
3069 3979 3203 4050 ipsis
3241 3977 3559 4035 diverticula

1987 4075 2273 4128 inveniunt.

2058 4349 2109 4403 9.
2137 4348 2441 4414 Quinetiam
2479 4348 2674 4416 aliquis
2711 4347 2863 4403 nobis
2887 4348 3145 4403 adversus
3167 4347 3562 4404 ecclesiasticos

1987 4444 2247 4511 quosdam
2279 4441 2574 4509 scriptores
2613 4443 2680 4493 de
2702 4443 2954 4494 discretis
2992 4441 3146 4508 aquis
3176 4441 3454 4495 habendus
3480 4450 3564 4495 est

1989 4550 2167 4586 sermo
2203 4549 2214 4583 :
2255 4532 2346 4600 qui
2407 4546 2677 4602 auagoges
2711 4540 2766 4587 et
2807 4533 3138 4588 sublimioris
3197 4533 3564 4603 intelligentia:

305 4623 389 4683 είς
431 4618 760 4688 ἀλληγορίας
794 4620 1120 4691 κατέφυγον,
1162 4619 1416 4690 δυνάμεις
1443 4618 1691 4689 λέγοντες
1727 4638 1888 4674 πνευ-
1921 4647 1962 4701 D

1881 4654 1888 4661 -
1921 4647 1962 4701 ι)
1994 4625 2209 4677 nomine
2236 4623 2593 4694 confugerunt
2621 4625 2687 4680 ad
2715 4626 3020 4696 allegorias,
3043 4629 3178 4681 adeo
3209 4637 3266 4680 ut
3293 4627 3564 4696 spiritales

310 4712 548 4784 ματικάς
571 4710 665 4764 καὶ
703 4711 1024 4781 ἀσωμάτους
1047 4712 1322 4786 τροπικῶς
1345 4714 1409 4765 ὲκ
1430 4713 1538 4765 τῶν
1561 4712 1768 4766 ὑδάτων
1792 4731 1889 4784 ση-

313 4803 620 4875 μαίνεσθαι·
649 4802 740 4857 καὶ
756 4800 866 4855 ἀνω
885 4804 984 4872 μὲν
1013 4806 1104 4858 ἐπὶ
1130 4803 1224 4858 τοῦ
1250 4803 1623 4876 στερεὼματος
1651 4822 1890 4876 μεμενη-

309 4893 464 4948 κέναι
499 4893 598 4957 τάς
645 4894 976 4965 κρείττονας,
1023 4895 1171 4948 κάτω
1211 4897 1267 4950 δὲ
1325 4899 1435 4960 τοῖς
1474 4897 1764 4969 περιγείοις
1797 4902 1888 4953 καὶ

313 4985 516 5046 ὑλικοτς
541 4983 728 5047 τόποις
763 4987 1194 5054 προσαπομεῦιαι
1220 4986 1330 5056 (45)
1364 4988 1460 5050 τὰς
1490 4988 1752 5056 πονηράς.
1789 4990 1886 5040 Διὰ

309 5077 468 5130 τοῦτο
493 5075 577 5145 δὴ,
608 5076 761 5143 φασὶ,
820 5077 912 5128 καὶ
949 5076 1016 5129 τά
1054 5076 1237 5129 ἐπάνω
1279 5077 1386 5131 τῶν
1436 5078 1682 5150 οὐρανῶν
1713 5079 1884 5134 ὑδατα

307 5168 480 5221 αίνεῖν
529 5165 620 5217 τὸν
677 5165 841 5217 Θεὸνο
893 5167 1158 5226 τουτέστι,
1213 5167 1311 5227 τὰς
1369 5168 1577 5236 ἀγαθὰς
1627 5169 1886 5241 δυνάμεις

321 5259 478 5324 ἀξίας
502 5259 664 5321 οῦσας
695 5257 781 5310 διὰ
809 5258 1152 5331 καθαρότητα
1180 5259 1271 5313 τοῦ
1295 5262 1617 5330 ἡγεμονικοῦ
1649 5262 1738 5316 τὸν
1765 5267 1890 5338 πρέ-

389 5399 434 5430 ³¹
458 5397 608 5451 Deut.
635 5411 801 5461 um,
837 5396 926 5452 ‘23.

387 5529 497 5601 (3‘))
528 5532 601 5601 ita
629 5533 757 5585 editi
791 5548 910 5587 cum
941 5533 1070 5600 lli-g.
1107 5535 1263 5588 tertio
1288 5545 1340 5588 ct
1379 5552 1499 5589 cum
1530 5534 1693 5591 Cuisl.
1749 5549 1892 5591 vetu-

312 5599 499 5658 sum.
532 5599 660 5667 lieg.
695 5615 880 5690 sextps
903 5603 1222 5690 τῴλισραηλ
1255 5608 1284 5658 ὁ
1324 5605 1524 5677 Ἰερεμ.
1552 5607 1726 5662 ἔσται.
1785 5611 1889 5664 Alii

314 5681 714 5747 qttatu_0t'_t_t_ts_s.
751 5677 950 5747 habent
992 5675 1232 5746 Ἱερεμίᾳ
1269 5693 1363 5744 pro
1404 5675 1645 5747 Ἰσραήλ.

386 5744 500 5821 μθ)
532 5741 670 5794 Editi
724 5756 779 5797 et
833 5746 974 5821 Cuisl
1051 5741 1312 5821 vut'usiiur
1349 5748 1406 5798 ἐν
1456 5741 1589 5809 ταῖς
1621 5749 1885 5821 σώφροσι.

317 5812 419 5864 Alii
457 5823 669 5896 septem.
717 5829 847 5870 mss.
889 5818 945 5868 ὲν
989 5820 1100 5881 τοῖς
1152 5815 1408 5887 σώφροσι.
1466 5821 1583 5875 Mox
1619 5812 1884 5875 duoumss.

315 5898 554 5953 τοσουτῳ
580 5899 670 5935 και

1993 4728 2046 4769 et
2093 4717 2438 4786 incorporeas
2474 4721 2701 4773 virtutes
2753 4730 2999 4774 asserunt
3048 4733 3142 4788 per
3172 4735 3339 4789 aquas
3362 4720 3564 4788 tropice

1991 4807 2281 4876 signiﬁcari
2313 4824 2328 4863 :
2358 4817 2412 4862 et
2459 4823 2672 4863 sursum
2708 4808 2926 4876 quidem
2958 4823 3116 4879 supra
3167 4809 3564 4862 ﬁrmamentum

1993 4901 2256 4954 mansisse
2287 4901 2726 4971 przestabiliores,
2757 4903 3008 4956 deorsum
3033 4917 3160 4956 vero
3207 4904 3258 4955 in
3302 4900 3562 4956 terrestri-

1992 4995 2091 5048 bus
2117 4993 2423 5059 crassisque
2454 4991 2586 5047 Iocis
2620 4993 2882 5062 malignas
2915 4993 3237 5047 subsedisse.
3274 4990 3565 5062 Propterea

1993 5085 2249 5138 dicuntet
2272 5099 2366 5139 eas
2395 5099 2561 5156 aquas
2589 5101 2709 5155 quae
2761 5102 2921 5155 supra
2971 5086 3136 5140 cwlus
3187 5086 3373 5141 locata:
3418 5096 3564 5152 sunt,

1994 5179 2161 5234 Deum
2190 5179 2427 5246 laudare,
2463 5183 2563 5235 hoc
2599 5191 2703 5245 est,
2733 5182 2899 5234 bonas
2926 5191 3240 5248 potcsmtes,
3268 5180 3338 5234 ob
3372 5181 3563 5234 mentis

1997 5272 2311 5327 munditiam
2343 5275 2552 5342 dignas,
2585 5291 2701 5340 quae
2721 5273 3131 5331 convenientem
3156 5269 3431 5327 Conditori
3455 5271 3560 5324 lau-

2068 5544 2178 5613 (Η)
2211 5543 2341 5614 Reg.
2385 5556 2570 5598 sextus
2598 5544 2836 5614 πολέμου
2864 5541 3244 5595 καθίστασθαι.

2068 5611 2180 5683 (4'!)
2231 5611 2308 5666 lu'
2341 5619 2591 5669 confesso
2629 5626 2711 5668 est
2738 5611 2898 5680 apud
2933 5629 3119 5667 omnes
3158 5623 3266 5683 tum
3316 5611 3563 5683 antiquos

1998 5679 2107 5738 tum
2143 5679 2476 5790 rigentiores
2511 5685 2596 5739 hic
2627 5679 2845 5754 coargui
2891 5683 3202 5753 Origenetn.
3238 5681 3378 5753 Lege
3403 5679 3564 5736 Przel.

1997 5772 2145 5808 Illllll.
2173 5767 2260 5807 25.

2067 5826 2176 5895 (45)
2218 5825 2349 5895 Reg.
2383 5836 2568 5879 st-xtus
2597 5825 3050 5895 ιιροσαναμείναι.
