4262 6490
749 424 820 480 75
2079 425 2134 479 S.
2179 424 2421 481 BASlLll
2464 427 2678 484 MACNI
3933 437 3996 490 76

744 543 866 596 dem
895 542 1171 596 exsolvant
1199 558 1213 592 :
1256 555 1423 608 aquas
1452 555 1578 594 vero
1614 542 1754 594 infra
1787 542 1953 595 ctelos
1979 546 2320 610 constitutas,
2354 555 2396 609 Α

2310 589 2320 610 ,
2354 555 2396 609 Α
2431 565 2600 600 ποντα
2628 544 2772 599 αἶνον
2800 547 2910 617 (44)
2934 549 3239 602 ἀποδιδόναι
3267 549 3344 619 τῷ
3370 550 3611 604 κτίσαντι
3636 568 3650 582 ο
3685 552 3753 607 τὰ
3778 552 3835 605 δὲ
3869 554 3993 607 ὐπο-

746 633 1011 703 spiritales
1056 632 1414 702 malignitates
1462 648 1596 696 esse,
1627 650 1654 686 a
1709 636 1937 688 naturali
1988 638 2317 692 sublimitate

745 727 809 777 ad
847 725 1008 777 imam
1055 724 1346 792 nequitiam
1388 724 1632 793 delapsas
1666 745 1678 778 :
1713 742 1868 795 quas,
1902 736 2080 796 utpote
2131 730 2315 782 turbu-

743 812 913 866 lentas
980 812 1368 880 seditiosasque
1414 823 1466 866 et
1517 813 1803 868 affectuum
1862 818 2173 872 tumultibus
2219 835 2315 873 ex-

740 913 1050 965 aestuantes,
1086 909 1278 957 docent
1310 907 1474 958 maris
1519 908 1734 960 nomine
1777 906 1941 961 fuisse
1975 920 2208 977 vocatas,
2243 913 2312 966 ob

740 1005 980 1048 motuum
1015 1009 1044 1047 a
1074 996 1360 1050 'voluntatc
1409 998 1864 1066 proficiscentium
1912 1000 2310 1056 instabilitatem

740 1093 901 1152 atque
955 1085 1397 1139 inconstantiam.
1443 1085 1568 1140 Tale
1631 1102 1791 1156 porro
1832 1102 2108 1140 sermones
2153 1089 2311 1142 veluti

741 1176 1070 1228 somniorum
1111 1177 1582 1244 interpretationes
1613 1187 1668 1230 et
1713 1178 1883 1232 aniles
1925 1176 2137 1230 fabulas
2185 1178 2312 1246 reji-

740 1267 963 1327 cientes,
998 1282 1196 1336 aquam
1228 1283 1418 1336 aquam
1466 1270 1848 1340 intelligamus,
1879 1279 1930 1324 et
1957 1270 2310 1324 secretioriem

740 1373 768 1410 a
802 1358 1140 1413 ﬁrmamento
1188 1358 1383 1413 factam
1431 1359 1592 1426 juxta
1626 1361 1840 1414 allatam
1877 1362 2134 1415 rationem
2165 1363 2308 1415 acci-

739 1452 965 1519 piamus.
999 1451 1192 1506 Verum
1236 1456 1445 1508 etiamsi
1490 1469 1642 1521 aqua:
1678 1453 1779 1507 illae
1808 1469 1964 1521 supra
1988 1456 2149 1509 cados
2182 1470 2312 1508 con-

736 1544 937 1595 stitutus.
997 1560 1379 1614 nonnunquam
1431 1546 1497 1598 ad
1555 1546 1920 1599 universorum
1969 1561 2307 1600 communem

736 1635 1019 1690 Dominum
1053 1638 1376 1691 laudandum
1413 1638 1805 1703 adhibeantur;
1835 1653 1948 1690 non.
1990 1637 2190 1690 idcirco
2215 1652 2307 1692 cas

735 1737 981 1781 naturam
1013 1728 1330 1782 rationalem
1358 1743 1477 1781 esse
1515 1727 1985 1797 putamus.Neque
2017 1729 2158 1780 enim
2191 1729 2307 1781 ani-

733 1821 864 1872 mati
922 1830 1047 1873 sunt
1085 1819 1229 1884 cceli,
1265 1835 1330 1873 eo
1373 1821 1514 1888 quod
1562 1820 1657 1873 Dei
1692 1830 1939 1872 enarrant
1982 1818 2202 1887 gloriam
2219 1820 2300 1871 ⁸³ε

2421 640 2570 692 κάτω
2607 638 2713 691 τῶν
2747 641 2988 710 οὐρανῶν
3028 641 3191 693 ὕδατα
3234 642 3302 694 τά
3346 643 3687 713 πνευματικά
3722 640 3864 696 εἶναι
3896 647 3994 715 τῆς

2417 731 2702 800 πονηρίας,
2746 732 2854 784 ἀπὸ
2878 731 2970 784 τοῦ
3005 733 3143 786 κατὰ
3176 734 3334 801 φύσιν
3373 733 3536 802 ὕψους
3566 738 3644 797 εἰς
3673 735 3732 787 τὸ
3760 736 3860 805 τῆς
3891 754 3992 790 κα-

2415 819 2537 882 κίας
2585 818 2742 888 βάθος
2789 823 3197 874 καταπεσόντα·
3234 823 3395 893 ὅπερ,
3438 823 3513 885 ὠς
3539 823 3823 895 ταραχώδη
3864 826 3992 878 ὄντα

2419 912 2512 962 καὶ
2544 913 2920 977 στασιαστικὰ,
2950 915 3044 966 καὶ
3065 917 3176 976 τοῖς
3193 913 3440 984 θορύϐοις
3456 913 3562 967 τῶν
3591 915 3775 968 παθῶν
3798 933 3991 986 κυμαι-

2413 1002 2630 1070 νόμενα,
2671 1001 2942 1055 θάλασσαν
2982 1004 3296 1074 ὠνομάσθαι
3351 1003 3440 1056 διὰ
3485 1004 3545 1056 τὸ
3587 1006 3988 1075 εὐμετάϐλητον

2413 1093 2506 1145 καὶ
2535 1093 2766 1145 ἄστατον
2808 1094 2914 1146 τῶν
2955 1097 3094 1149 κατὰ
3137 1097 3452 1167 προαίρεσιν
3481 1098 3816 1165 κινημάτων.
3846 1101 3985 1164 Τοὺς

2410 1183 2472 1252 δὴ
2521 1182 2791 1247 τοιούτους
2834 1184 3024 1252 λόγους
3075 1186 3150 1249 ὡς
3195 1187 3485 1258 ὀνειράτων
3539 1189 3855 1256 συγκρίσεις
3896 1193 3988 1242 καὶ

2412 1273 2674 1344 γραώδεις
2702 1275 2903 1343 μύθους
2933 1276 3409 1346 ἁποπεμψάμενοι,
3441 1278 3498 1330 τὸ
3521 1277 3662 1348 ὕδωρ
3692 1278 3833 1350 ὕδωρ
3862 1282 3985 1349 νοή-

2415 1381 2614 1434 σωμεν,
2653 1367 2745 1418 καὶ
2777 1366 2874 1436 τὴν
2904 1367 3172 1437 διάκρισιν
3203 1368 3300 1439 τὴν
3336 1370 3438 1421 ὑπὸ
3478 1370 3570 1423 τοῦ
3609 1370 3985 1441 στερεώματος

2409 1457 2701 1526 γενομένην
2718 1459 2857 1510 κατὰ
2878 1458 2975 1528 τὴν
2991 1459 3347 1513 ἀποδοθεῖσαν
3365 1461 3539 1513 αἰτίαν
3554 1460 3831 1530 δεξώμεθα
3849 1463 3981 1532 (45).

2409 1546 2517 1597 Καὶ
2572 1547 2773 1615 μέντοι,
2846 1549 2947 1602 κᾶν
3004 1552 3082 1614 είς
3133 1551 3439 1619 δοξολογίαν
3491 1554 3620 1606 ποτὲ
3657 1554 3750 1606 τοῦ
3803 1553 3984 1607 κοινοῦ

2407 1636 2514 1688 τῶν
2541 1638 2676 1690 ὅλων
2706 1641 2971 1693 Δεσπότου
3001 1642 3068 1696 τά
3095 1644 3348 1715 ὑπεράνω
3389 1645 3496 1698 τῶν
3530 1647 3770 1718 οὐρανῶν
3802 1663 3983 1719 ’παρα⁸

2407 1727 2747 1797 λαμϐάνηται
2796 1729 2982 1791 ὕδατα,
3029 1732 3088 1783 οὐ
3144 1733 3366 1804 λογικὴν
3422 1735 3558 1787 αὐτὰ
3615 1735 3776 1803 φύσιν
3834 1735 3986 1806 παρὰ

2406 1818 2559 1870 τοῦτο
2584 1819 2861 1889 τιθέμεθα.
2891 1820 3026 1873 Οὗτε
3053 1823 3160 1893 γάρ
3194 1826 3243 1875 οἱ
3276 1826 3494 1894 οὐρανοὶ
3545 1827 3797 1897 ἔμψυχοι,
3836 1831 3986 1881 ἐπει-

734 1926 908 1977 neque
947 1913 1346 1967 ﬁrmamentum
1386 1914 1585 1966 animal
1613 1921 1696 1966 est
1729 1927 1888 1966 sensu
1917 1913 2215 1979 praeditum,
2241 1927 2304 1965 eo
2334 1893 2375 1947 Β
2403 1907 2417 1958 ὶ

2298 1893 2465 1978 μΒδὴ
2516 1909 2860 1976 Διηγοῦνται
2909 1909 3100 1974 δόξαν
3161 1913 3306 1966 Θεοῦ
3327 1893 3352 1942 '7
3401 1915 3523 1967 οὔτε
3693 1893 3981 1990 στερέωμα

732 2004 872 2070 quod
907 2003 1049 2070 Opus
1080 2023 1328 2058 manuum
1373 2007 1536 2072 ipsius
1581 2004 1942 2058 annuntiat“.
1977 2005 2040 2058 Et
2083 2005 2126 2056 si
2168 2004 2308 2058 dicat

733 2098 854 2167 quis
881 2099 1050 2153 cados
1073 2099 1288 2166 quidem
1322 2111 1440 2152 esse
1466 2097 1906 2167 contemplativas
1934 2098 2176 2159 virtutes.
2213 2097 2305 2150 ﬁr-

733 2201 1062 2243 niamcnttzm
1091 2205 1218 2242 vero
1262 2199 1554 2258 potestates
1592 2201 1857 2252 actuosas,
1893 2201 1946 2244 et
1974 2205 2160 2245 eorum
2188 2205 2306 2259 qua:

733 2284 924 2335 decent
959 2281 1304 2336 ell'eCtrices:
1352 2283 1495 2335 hunc
1557 2298 1860 2336 sermonem
1918 2283 2131 2349 quidem
2189 2295 2307 2336 tan-

732 2387 888 2441 quam
915 2372 1453 2426 solerterconlictum
1486 2372 1831 2438 suscipimus,
1853 2372 1945 2424 sed
1972 2386 2157 2423 verum
2187 2387 2306 2426 esse

733 2478 834 2516 non
863 2464 1081 2516 omnino
1115 2463 1485 2519 concedentes.
1512 2463 1602 2516 Sic
1626 2463 1768 2514 enim
1796 2470 1851 2514 et
1876 2476 1985 2524 ros,
2009 2470 2061 2515 et
2092 2461 2301 2529 pruina,

733 2566 784 2609 et
818 2555 1008 2623 frigus,
1035 2564 1087 2608 et
1119 2565 1308 2615 aestus,
1339 2566 1618 2624 propterea
1666 2554 1806 2624 quod
1839 2554 1976 2623 apud
2031 2554 2303 2607 Danielem

734 2649 954 2701 laudare
993 2648 1372 2701 universorum
1419 2646 1677 2716 Opiﬁcem
1713 2647 1865 2717 jussa
1918 2647 2115 2711 sint",
2146 2655 2306 2702 erunt

734 2739 1024 2807 spiritualis
1053 2740 1292 2809 qnzrdam
1352 2750 1406 2794 et
1457 2741 1741 2795 invisibilis
1787 2751 1996 2795 natura.
2045 2741 2148 2795 Sed
2190 2741 2306 2796 bmc

733 2830 982 2896 loquendi
1033 2832 1189 2894 ratio,
1222 2831 1267 2883 si
1303 2830 1354 2883 in
1409 2830 1514 2883 illis
1563 2829 1696 2883 locis
1737 2845 1765 2881 a
1799 2830 2080 2897 sagacibus
2149 2828 2304 2881 modo

734 2921 964 2990 spiritali
999 2922 1317 2990 accipiatur,
1348 2920 1626 2975 Creatoris
1652 2921 2013 2974 laudationem
2054 2919 2301 2988 complet.

734 3013 941 3068 Etenim
975 3029 1080 3068 non
1103 3012 1274 3069 solum
1303 3028 1440 3084 aqua
1473 3028 1630 3083 supra
1648 3013 1816 3068 caelos
1842 3014 2068 3082 reposita
2092 3011 2162 3078 ⁸⁸,
2186 3023 2297 3064 tan-

734 3122 890 3175 quam
921 3122 1039 3175 qua:
1083 3107 1363 3176 praecipuis
1413 3107 1712 3162 honoribus
1745 3104 2217 3176 oh‘przestantiam
2249 3104 2302 3157 in

734 3215 788 3253 se
814 3215 883 3253 ex
908 3201 1106 3253 virtute
1153 3200 1474 3254 insidentem
1508 3201 1913 3264 condecoretur,
1945 3200 2053 3254 Deo
2091 3195 2301 3252 lau‘dem
2330 3228 2376 3288 ο

735 3291 988 3357 persolvit
1024 3308 1038 3342 :
1070 3292 1162 3344 sed
1205 3292 1389 3351 etiam,
1426 3290 1664 3343 Laudat:
1708 3308 1844 3354 eum,
1881 3291 2072 3357 inquit,
2098 3298 2146 3342 et
2189 3303 2304 3356 qua:

736 3396 800 3432 ea:
824 3385 963 3433 terra
994 3382 1139 3447 estis,
1165 3381 1418 3434 dracones
1450 3391 1497 3435 et
1534 3396 1709 3435 omnes
1744 3382 1915 3450 abyssi
1937 3381 2002 3432 ⁸⁷.
2045 3379 2220 3444 Quare
2252 3387 2306 3431 et

736 3471 960 3540 abyssus
982 3485 1140 3540 quam
1173 3473 1227 3524 in
1255 3471 1486 3542 peiorem
1505 3471 1612 3542 32
1635 3482 1839 3541 partem
1860 3472 1890 3524 ii
1916 3470 2005 3540 qui
2039 3470 2306 3541 allegoriis

736 3572 978 3625 utuntur,
1016 3561 1336 3632 rejecerant,
1360 3577 1425 3616 ne
1452 3563 1564 3631 ipsa
1589 3564 1800 3633 quidem
1826 3563 2155 3617 Psalmorum
2185 3578 2305 3617 can-

737 3657 840 3709 Iori
871 3657 984 3709 visa
1009 3666 1090 3708 est
1117 3655 1466 3723 aspernabilis
1488 3666 1543 3709 et
1572 3656 1893 3726 reiectanea,
1923 3672 2045 3710 cum
2076 3655 2128 3708 in
2157 3670 2305 3709 com-

739 3763 952 3802 munem
999 3748 1167 3801 ascita
1208 3747 1275 3800 sit
1312 3748 1532 3801 chorum
1567 3757 1934 3800 creaturarum
1965 3763 1977 3798 :
2009 3749 2115 3801 imo
2143 3748 2303 3802 etiam

740 3840 830 3893 illa
863 3855 959 3908 pro
987 3841 1154 3896 indito
1199 3840 1300 3896 sibi
1339 3839 1497 3894 modo
1529 3837 1791 3894 concinne
1823 3839 2140 3908 hymnorum
2175 3855 2303 3894 can-

739 3941 850 3984 tum
885 3933 1118 4000 impertit
1150 3932 1448 3989 Conditori.

810 4022 897 4076 10.
939 4023 1001 4075 Et
1031 4027 1156 4078 vidit
1184 4025 1343 4089 Deus,
1369 4026 1490 4095 quia
1517 4025 1795 4094 pulchrum
1815 4037 1888 4081 est
1907 4027 1971 4080 ³⁸.
2001 4024 2179 4081 Oculis
2216 4024 2306 4080 Dei

739 4114 1125 4182 iucunditatem
1167 4132 1252 4170 res
1297 4119 1362 4170 ab
1409 4118 1523 4186 ipso
1576 4117 1734 4173 facta:
1787 4134 2124 4188 nequaquam
2175 4122 2304 4177 alic-

745 4218 904 4262 runt:
937 4223 1108 4277 neque
1153 4211 1272 4264 talis
1318 4222 1397 4264 est
1435 4212 1572 4280 apud
1622 4214 1795 4281 ipsum
1844 4227 2022 4266 rerum
2060 4216 2308 4280 pulrbra-

744 4313 865 4351 rum
905 4298 1312 4361 commendatio,
1349 4301 1519 4366 qualis
1580 4300 1719 4369 apud
1764 4313 1860 4353 nos
1897 4315 1909 4350 :
1956 4298 2046 4353 sed
2101 4299 2152 4351 id
2196 4302 2306 4365 pul-

742 4392 932 4444 chrum
968 4401 1078 4453 est,
1111 4391 1250 4459 quod
1295 4392 1366 4445 ad
1415 4393 1544 4446 artis
1600 4393 1861 4446 rationem
1903 4390 2201 4460 perfectum
2255 4403 2307 4446 et

743 4484 1044 4536 absumtum
1104 4491 1218 4547 est,
1279 4494 1440 4553 atque
1491 4484 1562 4536 ad
1605 4485 1727 4539 ﬁnis
1772 4485 2058 4538 utilitatem
2114 4486 2304 4538 tendit.

2407 1999 2542 2061 ζῶόν
2569 2005 2713 2052 ἐστιν
2746 2000 3082 2073 αἰσθητικόν,
3114 2004 3298 2074 ἐπειδὴ
3338 2006 3704 2073 Ἀναγτέλλει
3736 2011 3984 2076 ποίησιν

2405 2090 2524 2142 τῶν
2560 2090 2770 2160 χειρῶν
2803 2092 3009 2148 αὐτοῦ.
3046 2094 3166 2147 Κᾶν
3188 2094 3319 2168 λέγῃ
3351 2112 3434 2158 τις
3467 2095 3727 2166 οὐρανοὺς
3770 2098 3870 2167 μὲν
3903 2095 3981 2151 εἷ-

2404 2200 2490 2234 ναι
2511 2183 2608 2246 τὰς
2634 2183 2968 2255 θεωρητικὰς
3009 2185 3284 2256 δυνάμεις,
3319 2186 3604 2258 στερέωμα
3632 2188 3688 2241 δὲ
3713 2187 3812 2250 τὰς
3843 2205 3984 2259 πρα-

2403 2276 2593 2338 κτικάς
2631 2276 2724 2329 καὶ
2767 2277 3053 2345 ποιητικάς
3093 2279 3200 2330 τῶν
3246 2279 3615 2350 καθηκόντων,
3657 2280 3732 2343 ὼς
3780 2298 3984 2351 κεκομ-

2401 2367 2670 2438 ψευμένον
2703 2368 2803 2439 μὲν
2835 2369 2926 2421 τὸν
2951 2368 3106 2436 λόγον
3136 2370 3528 2442 ἀποδεχόμεθα,
3563 2372 3736 2443 ἀληθῆ
3760 2373 3817 2426 δὲ
3843 2369 3982 2427 εἶναι

2404 2461 2462 2511 οὐ
2519 2461 2658 2514 πάνυ
2708 2479 2759 2513 τι
2786 2461 3048 2531 δώσομεν.
3093 2461 3249 2514 Οὕτω
3276 2461 3383 2533 γάρ
3422 2464 3488 2516 ἂν
3519 2465 3612 2516 καὶ
3639 2464 3848 2534 δρόσος,
3890 2465 3983 2518 καὶ

2407 2551 2604 2618 πάχνη,
2641 2554 2732 2605 καὶ
2765 2554 2956 2624 ψῦχος,
2994 2556 3086 2606 καὶ
3127 2554 3333 2625 καῦμα,
3372 2555 3558 2627 ἐπειδὴ
3592 2556 3783 2626 ὑμνεῖν
3827 2557 3981 2626 παρὰ

2403 2641 2480 2712 τῷ
2506 2644 2701 2714 Δανιὴλ
2727 2646 2834 2714 (46)
2867 2647 2956 2698 τὸν
2990 2647 3098 2700 τῶν
3136 2647 3273 2700 ὅλων
3301 2648 3641 2720 Δημιουργὸν
3681 2649 3978 2720 ἐπετάχθη,

2404 2734 2565 2802 vosde
2603 2750 2683 2796 τις
2721 2734 2872 2787 ἔσται
2912 2738 3002 2788 καὶ
3045 2737 3274 2807 ἀόρατος
3313 2739 3492 2804 φύσις.
3544 2739 3680 2792 Ἀλλ’
3715 2741 3742 2792 ὁ
3771 2742 3828 2794 ὲν
3859 2740 3981 2793 τού-

2401 2840 2516 2884 τοις
2548 2822 2723 2891 λόγος,
2756 2823 2907 2894 παρα
2953 2824 3059 2876 τῶν
3098 2825 3221 2876 νοῦν
3273 2826 3504 2894 ἑχόντων
3554 2827 3980 2900 τεθεωρημένως

2403 2916 2891 2987 ὲκλαμὸανόμενος,
2924 2917 3377 2988 συμπληρωτικός
3417 2918 3531 2970 ὲστι
3562 2919 3672 2989 (47)
3705 2921 3802 2990 τῆς
3830 2921 3979 2985 δοξο-

2403 3005 2589 3073 λογίας
2617 3006 2711 3058 τοῦ
2761 3007 3062 3070 κτίσαντος.
3114 3006 3189 3059 Οὐ
3235 3005 3397 3076 μόνον
3425 3004 3534 3075 γὰρ
3563 3004 3625 3058 τὸ
3666 3008 3851 3060 έπάνω
3873 3009 3980 3060 τῶν

2403 3099 2644 3169 οὐρανῶν
2668 3098 2832 3174 ὕδωρ,
2870 3100 2946 3164 ὡς
2981 3101 3390 3172 προηγούμενον
3415 3103 3533 3163 ταῖς
3557 3102 3744 3170 τιμαῖς
3775 3099 3863 3152 διὰ
3885 3100 3980 3168 τὴν

2404 3188 2462 3257 ἐξ
2490 3191 2688 3263 ἀρετῆς
2713 3193 3018 3265 προσοῦσαν
3042 3195 3196 3265 αὐτῷ
3232 3194 3504 3265 ὑπεροχὴν
3533 3192 3611 3265 τῷ
3641 3191 3759 3264 Θεῷ
3785 3192 3875 3246 τὸν
3899 3188 3982 3244 αἷ-

2408 3299 2496 3335 νον
2526 3283 2852 3354 ἀποπληροῖ,
2879 3285 3013 3348 ἀλλ’,
3050 3287 3273 3340 Αἰνεῖτε
3305 3287 3410 3359 γὰρ
3441 3289 3645 3350 αὑτὸν,
3683 3286 3838 3356 φησι.
3881 3285 3979 3338 καὶ

2409 3374 2481 3427 τὰ
2529 3374 2596 3426 ἐκ
2626 3373 2734 3443 τῆς
2769 3375 2898 3444 γῆς,
2951 3377 3272 3445 δράκοντες
3319 3378 3416 3432 καὶ
3457 3378 3645 3433 πᾶσαι
3698 3378 3976 3433 ἄϐυσσοι.

2412 3465 2571 3517 Ὥστε
2618 3467 2712 3517 καὶ
2739 3467 2771 3535 ή
2826 3467 3077 3532 ἄϐυσσος,
3106 3471 3173 3538 ἣν
3223 3472 3303 3534 είς
3342 3472 3439 3542 τὴν
3463 3470 3679 3540 χείρονα
3706 3474 3901 3542 μοῖραν
3932 3471 3980 3524 oi

2411 3555 2832 3626 ἀλληγοροῦντες
2896 3559 3226 3630 ἀπέρριψαν,
3293 3562 3414 3615 οὐδὲ
3485 3561 3622 3632 αὐτὴ
3673 3562 3980 3629 ἀπόϐλητος

2410 3648 2600 3720 ἐκρίθη
2623 3647 2700 3718 τῷ
2737 3648 3008 3728 ψαλμῳδῴ
3034 3652 3168 3720 (48),
3187 3655 3265 3716 είς
3280 3653 3379 3722 τὴν
3408 3654 3593 3724 κοινὴν
3622 3656 3722 3726 τῆς
3748 3655 3980 3719 κτίσεως

2410 3741 2763 3813 χοροστασίαν
2820 3743 3263 3814 παραληφθεῖσα·
3325 3744 3459 3796 ἀλλὰ
3510 3746 3603 3798 καὶ
3658 3747 3795 3817 αὐτὴ
3841 3747 3982 3800 κατὰ

2410 3835 2534 3897 τοὺς
2572 3836 2974 3906 ἐνυπάρχοντας
3019 3835 3154 3905 αὐτῇ
3191 3834 3379 3903 λόγους
3416 3836 3689 3906 ἁρμονίως
3735 3837 3982 3908 συμπλη-

2414 3929 2496 3995 ροῖ
2527 3926 2622 3996 τὴν
2647 3927 2916 3996 ὑμνῳδίαν
2947 3928 3024 3998 τῷ
3059 3931 3275 3999 ποιητῇ.

2485 4016 2569 4070 Η).
2598 4019 2706 4070 Καὶ
2737 4015 2896 4071 εἶδεν
2955 4023 2986 4072 ὁ
3017 4020 3181 4086 Θεὸς,
3213 4021 3301 4074 ὅτι
3348 4020 3558 4074 καλόν.
3608 4019 3741 4091 Οὐχὶ
3784 4019 3984 4090 ὀφθαλ-

2415 4111 2534 4178 μοῖς
2558 4109 2692 4162 Θεοῦ
2727 4111 2912 4181 τέρψιν
2954 4112 3182 4181 παρέχει
3218 4112 3285 4164 τά
3327 4114 3454 4183 παρ’
3503 4111 3668 4165 αὐτοῦ
3698 4113 3980 4182 γινόμενα,

2411 4201 2528 4254 οὐδὲ
2559 4203 2778 4269 τοιαύτη
2825 4205 2949 4270 παρ’
2983 4203 3131 4270 αὐτῷ
3159 4205 3191 4270 ἡ
3236 4205 3467 4272 ἁποδοχὴ
3509 4203 3615 4255 τῶν
3659 4203 3860 4266 καλῶν,
3898 4205 3984 4257 οἵα

2414 4293 2509 4346 καὶ
2541 4292 2669 4360 παρ’
2698 4293 2830 4360 ἡμῖν
2851 4308 2862 4319 °
2903 4291 3036 4344 ἀλλὰ
3085 4293 3246 4344 καλὸν
3288 4293 3348 4344 τὸ
3381 4294 3460 4361 τῷ
3495 4293 3638 4362 λόγῳ
3663 4294 3759 4363 τῆς
3790 4295 3986 4365 τέχνης

2414 4383 2751 4447 ἐκτελεσθὲν,
2809 4386 3077 4457 καὶπρὸς
3128 4386 3224 4458 τὴν
3281 4385 3374 4438 τοῦ
3422 4383 3608 4448 τέλους
3659 4386 3984 4458 εὐχρηστίαν

2416 4483 2702 4535 συντεῖνον.
2769 4481 2824 4534 '0
2876 4482 3052 4534 τοίνυν
3103 4481 3306 4552 ἐναργῆ
3343 4480 3450 4552 (49)
3496 4480 3589 4533 τὸν
3632 4481 3831 4533 σκοπὸν
3878 4481 3981 4534 τῶν

744 4572 844 4636 Qui
899 4574 1057 4643 igitur
1097 4575 1436 4630 manifestum
1469 4589 1654 4629 eorum
1693 4591 1812 4644 qua:
1846 4577 1978 4631 ﬁunt
2016 4578 2174 4631 ﬁnem
2208 4578 2308 4631 sibi
2341 4587 2427 4644 Di

2297 4578 2308 4631 i
2341 4587 2389 4644 ι)
2415 4573 2708 4642 γινομένων
2739 4574 3087 4646 προθέμενος,
3134 4575 3201 4626 τὰ
3233 4574 3371 4627 κατὰ
3419 4574 3581 4645 μέρος
3621 4575 3878 4644 γινόμενα
3909 4575 3980 4636 ὡς

743 4667 1042 4731 proposuit,
1096 4683 1180 4721 res
1229 4668 1467 4738 singulas
1525 4667 1610 4720 uti.
1660 4670 1818 4722 ﬁnem
1874 4670 2202 4736 complentes
2248 4670 2314 4721 ad

748 4758 886 4812 artis
923 4773 1033 4812 sine
1062 4762 1296 4815 rationes
1333 4775 1750 4831 recognoscens,
1781 4763 2172 4829 comprobavit.
2205 4761 2316 4830 ~Et-

745 4849 891 4904 enim
926 4851 970 4905 si
1024 4866 1213 4906 manus
1241 4867 1504 4922 seorsum,
1540 4863 1632 4908 aut
1676 4853 1865 4908 oculus
1893 4856 2163 4924 privatim,
2223 4863 2316 4908 aut

835 5027 882 5059 ⁸³
912 5028 1051 5083 Psal.
1081 5045 1233 5094 xvut,
1265 5029 1319 5083 2.
1395 5030 1441 5062 ⁵⁵
1488 5030 1618 5084 ibid.

822 5209 934 5281 μό)
964 5210 1040 5281 Ita
1079 5224 1209 5264 mss.
1245 5217 1386 5262 octo.
1423 5208 1871 5281 Εόίιίπρέποντα
1897 5208 2085 5280 ὕμνον.

822 5279 932 5352 (45)
972 5280 1118 5352 Reg.
1167 5290 1356 5352 sextus
1398 5279 1686 5352 γινομένην
1738 5280 1879 5333 κατὰ
1931 5279 2028 5351 τὴν
2071 5282 2315 5336 δοθεῖσαν

752 5348 931 5401 αἰτίαν
967 5348 1246 5418 δεξόμεθα.

822 5417 1100 5493 (46)_lle_g.
1145 5431 1328 5493 sestus
1359 5417 1509 5489 παρὰ
1537 5418 1629 5471 τοῦ
1659 5424 1782 5476 Δαν.
1813 5419 2003 5475 Statim
2041 5423 2171 5491 Reg.
2206 5423 2316 5493 pri-

754 5503 873 5542 mus
895 5490 1000 5539 τῶν
1035 5491 1169 5543 ὅλων
1197 5491 1329 5542 Θεὸν
1368 5493 1518 5542 ὲπετ.

825 5559 1080 5633 (ό7)4[)ιιο
1113 5577 1243 5633 mss.
1277 5577 1306 5613 ε
1334 5562 1531 5633 nostris
1559 5577 1683 5633 cum
1712 5562 1955 5617 Comhel'.
1983 5561 2314 5633 συμπληρω-

755 5605 1119 5692 τικὸςίέσται.
1168 5630 1272 5683 Nec
1333 5631 1401 5682 ita
1461 5631 1628 5685 multo
1678 5644 1797 5698 post
1830 5634 1957 5685 editi
2004 5605 2124 5687 cnim
2178 5605 2308 5700 Rreg.

753 5711 943 5753 octavo
986 5712 1038 5755 et
1080 5717 1199 5753 cum
1233 5702 1677 5775 utroquehcgoisl.
1732 5703 2156 5775 προηγούμενον.
2213 5707 2311 5757 Alii

748 5780 871 5822 .tres
898 5788 1020 5825 mss.
1052 5770 1411 5841 προηγμένον.
1462 5772 1610 5828 Colb.
1658 5770 1928 5829 secundus
1969 5770 2313 5845 προηγουμέ-

757 5855 881 5902 νως.

1697 5031 1744 5063 ⁵⁵
1775 5030 1906 5084 Dan.
1939 5047 2022 5097 ut,
2050 5031 2138 5095 67,
2162 5030 2252 5086 68.
2326 5035 2372 5065 "
2406 5033 2547 5088 Psal.
2582 5049 2806 5099 cnvm,
2833 5034 2886 5088 4.
2961 5035 3004 5066 ⁵⁷
3040 5035 3166 5090 ibid.
3199 5034 3253 5087 7.

2422 4667 2851 4738 συμπληρωτικὰ
2903 4668 2996 4721 τοῦ
3057 4669 3243 4728 τέλους
3300 4669 3413 4729 τοῖς
3475 4671 3741 4736 τεχνικοῖς
3793 4665 3984 4718 ἑαυτοῦ

2418 4757 2589 4827 λόγοι.ι
2616 4762 2852 4814 ἐπελθὼν
2886 4761 2996 4831 (50)
3037 4761 3349 4825 ἀπεδέξατο.
3385 4763 3536 4815 Ἐπεὶ
3573 4762 3666 4815 καὶ
3712 4762 3834 4832 χεὶρ
3863 4763 3981 4814 καθ’

2421 4854 2635 4924 ἑαυτὴν,
2686 4857 2779 4908 καὶ
2830 4855 3106 4926 ὀφθαλμὸς
3157 4855 3280 4927 ἰδίᾳ,
3317 4856 3410 4908 καὶ
3465 4854 3692 4906 ἕκαστον
3744 4855 3853 4906 τῶν
3890 4854 3979 4906 τοῦ

3329 5035 3374 5065 ⁵⁸
3413 5033 3547 5087 Gen.
3575 5049 3612 5098 1,
3637 5035 3720 5088 10.

2492 5213 2602 5282 (ι8)
2635 5213 2723 5266 Sic
2754 5213 2965 5267 codices
3002 5229 3118 5267 sex.
3157 5212 3296 5266 Editi
3341 5227 3464 5267 cum
3516 5214 3730 5268 duobus
3758 5220 3852 5264 aut
3879 5213 3977 5266 tri-

2419 5283 2520 5338 bus
2544 5300 2669 5354 mss.
2692 5284 2839 5353 παρὰ
2864 5284 2940 5354 τῷ
2967 5283 3138 5353 eam.

2493 5355 2604 5421 (49)
2635 5351 2708 5404 lta
2735 5350 2956 5421 uterque
2982 5350 3158 5416 'Duc.,
3193 5361 3419 5420 uterque
3453 5350 3646 5412 Coisl.,
3682 5350 3834 5419 Regii
3869 5353 3981 5421 pri-

2430 5438 2571 5484 nms,
2599 5421 2811 5492 tertius,
2847 5426 3088 5492 quintus,
3116 5435 3302 5476 sextus
3335 5433 3389 5478 et
3419 5434 3662 5492 octavus,
3689 5422 3979 5492 cumColb.

2425 5493 2684 5546 secundo.
2716 5491 2822 5547 Nec
2864 5491 3020 5546 aliter
3054 5494 3181 5560 legit
3211 5494 3540 5560 Eustathius.
3581 5491 3758 5544 Editio
3808 5491 3977 5545 Paris.

2420 5563 2477 5614 ὲν
2525 5564 2687 5631 ἀρχῇ,
2747 5566 2804 5616 in
2853 5559 3130 5632 principio;
3187 5562 3367 5616 Editio
3433 5559 3596 5617 Ba‘sil.
3660 5577 3767 5616 uno
3821 5562 3984 5615 verbo

2793 5713 2976 5756 sextus
3005 5699 3336 5754 ἐπανελθών.
3363 5704 3654 5768 Aliquanto
3696 5709 3817 5770 post
3855 5699 3978 5752 editi

2423 5789 2542 5825 cum
2597 5773 2864 5841 aliquibus
2935 5788 3062 5842 mss.
3129 5772 3490 5842 διηρημένως.
3559 5771 3711 5841 Regii
3768 5772 3982 5832 tertius,

2422 5844 2640 5912 quintus
2665 5854 2717 5898 et
2748 5854 2934 5900 sextus
2958 5841 3376 5914 διερριμμένως,
3415 5843 3670 5912 fortuiti»:
