4262 6510
299 469 367 520 77
1426 468 1712 522 IIOMILIA
1754 466 1822 520 tv
1864 465 1930 520 IN
1971 466 2460 524 HEXAEMERON.
3480 458 3547 516 78

299 587 614 657 ἀνδριάντος
667 587 840 656 μελῶν
883 588 1225 659 διῃρημένως
1259 588 1505 656 κείμενα,
1539 591 1637 640 οὐκ
1669 590 1732 642 ἂν
1773 604 1874 655 φα-
1908 590 1951 644 Δ

1859 617 1874 624 -
1908 590 1951 644 Δ
1986 589 2398 655 unumquodque
2423 599 2610 641 statuae
2647 583 2944 639 membrum
2997 578 3285 647 separatim
3315 575 3542 644 jaceret,

300 681 416 752 νείη
456 681 592 735 καλὰ
633 680 710 749 τῷ
763 683 1002 751 τυχόντι·
1045 681 1195 751 πρὸς.
1232 681 1287 733 δὲ
1333 680 1430 750 τὴν
1474 682 1676 732 οἰκείαν
1718 681 1871 744 τάξιν

298 773 657 833 ἀποτεθέντα,
684 772 744 824 τὸ
774 775 837 827 ὲκ
865 777 962 845 τῆς
989 773 1300 839 ἀναλογίας,
1338 773 1575 840 ἐμφανὲς
1622 772 1730 842 (51)
1779 772 1872 842 μό-

299 865 382 928 λις
422 865 582 922 ποτὲ,
631 865 723 915 καὶ
768 866 845 936 τῷ
893 864 1072 934 ἰδιώτῃ
1124 865 1422 934 παρέχεται
1451 863 1742 932 γνώριμον,
1811 866 1868 916 Ὀ

303 956 488 1025 μέντοι
520 955 768 1025 τεχνίτης
793 957 885 1009 καὶ
913 953 1017 1024 πρὸ
1047 955 1143 1023 τῆς
1176 955 1472 1015 συνθέσεως
1509 949 1614 1004 οἶδε
1654 953 1712 1004 τὸ
1746 955 1870 1006 ἑκά-

301 1065 427 1100 στου
476 1047 653 1111 καλὸν,
689 1050 781 1100 καὶ
828 1049 1038 1099 ἐπαινεῖ
1081 1047 1146 1099 τὰ
1188 1048 1304 1100 καθ’
1336 1048 1583 1109 ἕκαστον,
1636 1047 1769 1116 πρὸς
1808 1047 1869 1099 τὸ

297 1142 451 1202 τέλος
485 1139 662 1191 αὐτῶν
715 1140 1076 1208 ἐπαναφέρων
1109 1141 1206 1210 τὴν
1236 1141 1460 1191 ἔννοιαν.
1498 1138 1747 1200 Τοιοῦτος
1778 1138 1868 1193 οὖν

298 1234 361 1301 δή
399 1249 480 1293 τις
515 1232 606 1284 καὶ
649 1233 743 1285 νῦν
790 1234 1035 1301 ἔντεχνος
1077 1231 1365 1299 ἐπαινέτης
1397 1231 1504 1284 τῶν
1536 1232 1676 1284 κατὰ
1709 1232 1869 1302 μέρος

299 1325 476 1395 ἔργων
522 1326 548 1375 ὀ
586 1324 716 1389 Θεὸς
756 1325 1198 1394 ἀναγέγραπται·
1238 1323 1419 1394 μέλλει
1467 1326 1522 1378 δὲ
1570 1326 1660 1378 τὸν
1705 1342 1869 1395 προσ-

299 1415 502 1483 ήκοντα
532 1414 640 1485 (52)
673 1417 889 1468 ἔπαινον
915 1416 1005 1467 καὶ
1037 1418 1196 1470 παντ)⁸
1221 1414 1354 1484 ὁμοῦ
1379 1416 1454 1487 τῷ
1487 1418 1676 1486 κόσμῳ
1703 1417 1870 1486 ἀπαρ-

295 1505 534 1558 τισθέντι
571 1505 828 1576 πληροῦν.
874 1507 1033 1559 Ἀλλὰ
1069 1507 1177 1576 γὰρ
1226 1505 1458 1560 ἐνταῦθα
1490 1509 1619 1575 ἡμῖν
1653 1506 1701 1557 οἱ
1743 1507 1869 1574 περὶ

294 1596 395 1664 τῆς
439 1597 693 1664 δευτέρας
734 1597 945 1669 ἡμέρας
996 1596 1453 1665 καταληξάτωσαν
1504 1599 1680 1665 λόγοι,
1729 1597 1868 1648 ὥστε

295 1689 411 1748 τοῖς
437 1687 532 1754 μὲν
559 1687 864 1753 φιλοπόνοις
897 1672 1192 1759 ἀκροαταῖς
1223 1692 1408 1762 καιρὸν
1441 1692 1739 1758 παρασχεῖν
1769 1688 1869 1757 τῆς

292 1769 370 1828 ὧν
401 1777 637 1846 ἤκουσαν
681 1779 978 1843 ἐξετάσεως
1000 1818 1012 1838 ,
1045 1778 1182 1830 ῶστε
1227 1780 1354 1832 εἴτι
1389 1783 1656 1851 χρήσιμον
1682 1779 1738 1830 ἐν
1773 1779 1868 1830 αὑ-

293 1869 423 1930 τοῖς,
457 1868 612 1921 τοῦτο
631 1873 694 1940 τῇ
732 1873 917 1940 μνήμῃ
953 1873 1170 1939 συσχεῖν
1202 1869 1332 1940 (55),
1365 1873 1456 1924 καὶ
1483 1869 1569 1922 διὰ
1589 1872 1685 1940 τῆς
1715 1871 1865 1938 φιλο-

1983 681 2093 735 hmc
2139 681 2323 747 utique
2363 692 2468 730 non
2497 679 2663 731 cuivis
2706 674 2935 744 pulchra
2962 671 3306 724 viderentur:
3343 667 3386 720 si
3419 682 3547 721 vero

1981 776 2031 829 in
2089 775 2357 845 proprium
2409 773 2578 826 locum
2644 787 2705 825 ac
2745 771 2984 822 ordinem
3039 773 3383 832 reponantur,
3435 771 3547 813 tum

1979 867 2319 935 pulchritudo
2351 878 2416 918 ex
2449 862 2789 932 proportione
2806 872 3106 930 emergens,
3127 870 3243 923 qua:
3276 855 3434 907 modo
3456 853 3547 904 vix

1979 961 2031 1012 in
2059 966 2405 1025 conspectum
2439 955 2710 1016 veniebat,
2741 951 2853 1018 jam
2895 953 2974 1004 vel
2995 949 3168 1005 cuivis
3208 947 3321 999 rudi
3355 955 3407 998 et
3451 946 3548 996 im-

1980 1051 2153 1119 perito
2182 1047 2462 1101 manifesta
2520 1045 2716 1099 evadit.
2751 1042 2945 1095 Verum
2995 1041 3188 1094 artifex
3248 1046 3372 1088 ante
3409 1050 3550 1088 com-

1978 1141 2266 1194 missuram
2293 1138 2441 1189 novit
2467 1137 2729 1205 cujusque
2756 1133 2922 1200 partis
2945 1130 3414 1198 pulchritudinem,
3433 1126 3543 1177 lau-

1978 1233 2177 1298 datque
2201 1228 2432 1297 singula,
2455 1237 2636 1296 utpote
2668 1225 2757 1294 qui
2803 1223 2868 1274 ad
2896 1236 3081 1277 eorum
3119 1221 3276 1273 liuent
3302 1220 3547 1273 animum

1979 1323 2237 1377 intendat.
2279 1320 2419 1373 Deus
2445 1320 2626 1387 itaque
2673 1325 2727 1372 et
2760 1329 2901 1368 nunc
2955 1312 3254 1382 depingitur
3300 1326 3395 1364 ceu
3426 1311 3547 1364 talis

1977 1414 2240 1484 quispiam
2291 1411 2506 1473 artifex,
2566 1411 2654 1478 qui
2714 1422 2876 1477 opera
2929 1405 3137 1472 singula
3199 1403 3407 1465 laudat,
3440 1405 3545 1457 imo

1975 1508 2134 1562 etiam
2172 1505 2262 1557 loli
2296 1501 2450 1556 simul
2488 1504 2682 1554 mundo
2713 1501 2955 1553 absoluto
2981 1509 3270 1564 congruam
3333 1491 3543 1544 laudem

1977 1613 2079 1652 non
2136 1593 2345 1646 dubitat
2379 1592 2636 1645 tribuere.
2700 1588 2962 1641 Caeterum
3020 1585 3186 1640 nostri
3220 1584 3282 1636 de
3312 1583 3545 1636 secunda

1975 1691 2060 1744 die
2079 1699 2354 1743 sermones
2388 1684 2473 1736 hic
2521 1683 2789 1742 desinant,
2829 1694 2935 1747 quo
2987 1678 3244 1732 studiosis
3284 1675 3548 1729 auditori-

1976 1782 2071 1834 bus
2102 1775 2360 1846 temporis
2389 1774 2761 1842 opportunitas
2812 1771 3112 1840 praebeatur
3156 1785 3215 1820 ea
3248 1783 3366 1835 qua:
3390 1766 3545 1818 audi-

1975 1882 2162 1924 verunt
2190 1865 2546 1938 expendendi,
2591 1873 2646 1916 ut
2681 1864 2721 1916 si
2754 1862 2879 1930 quid
2907 1859 3034 1912 utile
3066 1859 3116 1911 in
3153 1859 3279 1926 ipsis
3327 1860 3416 1920 sit,
3448 1857 3546 1909 idi-

295 1958 458 2010 πόνου
491 1959 738 2030 μελέτης,
772 1955 882 2012 οἷον
913 1961 1000 2013 διά
1026 1980 1167 2024 τινος
1198 1963 1427 2032 πέψεως,
1456 1962 1553 2031 τὴν
1584 1962 1691 2015 τῶν
1722 1962 1862 2029 ὼιρε-
1897 1952 1936 2004 Β
1965 1966 1978 2019 i

1897 1952 1936 2004 Β
1965 1966 2138 2033 ipsum
2163 1961 2416 2015 memoria
2449 1965 2788 2020 conservent,
2819 1969 2881 2007 ac
2921 1968 3015 2021 per
3049 1949 3286 2005 sedulam
3325 1949 3545 2001 medita-

293 2047 466 2117 λίμων
524 2051 771 2103 ἀνάδοσιν
823 2052 1126 2122 ἀναμεῖναι·
1185 2059 1294 2117 τοῖς
1343 2055 1398 2106 δὲ
1449 2054 1576 2123 περὶ
1631 2055 1719 2106 τὸν
1754 2054 1863 2123 βίον

295 2139 718 2209 ἀσχολουμένοις
748 2141 928 2196 δοῦναι
968 2144 1161 2213 σχολὴν
1208 2144 1294 2197 διὰ
1325 2143 1418 2195 τοῦ
1469 2143 1632 2213 μέσου
1673 2145 1862 2213 χρόνου

292 2227 393 2289 τὰς
418 2229 698 2298 φροντίδας
729 2231 1065 2302 διαθεμένοις
1097 2232 1229 2302 (54),
1264 2233 1475 2303 καθαρᾷ
1499 2233 1775 2303 μεριμνῶν
1799 2239 1860 2306 τῇ

293 2317 439 2389 ψυχῇ
464 2321 598 2390 πρὸς
623 2321 724 2393 τὴν
760 2323 1049 2393 ἐσπερινὴν
1083 2323 1189 2374 τῶν
1218 2323 1391 2390 λόγων
1428 2324 1667 2376 ἑστίασιν
1695 2327 1864 2380 ἁπαν-

293 2411 478 2480 τῆσαι.
531 2413 586 2466 Ὀ
617 2414 671 2466 δὲ
696 2415 761 2467 τὰ
800 2414 1007 2484 μεγάλα
1047 2414 1457 2485 δημιουργήσας
1487 2415 1638 2479 Θεὸς,
1676 2421 1767 2471 καὶ
1799 2420 1864 2472 τὰ

297 2505 468 2573 μικρὰ
491 2504 658 2556 ταῦτα
691 2505 939 2574 λεχθῆναι
964 2506 1346 2575 οἰκονομήσας,
1363 2505 1471 2576 δῴη
1502 2507 1628 2577 ὑμῖν
1654 2509 1864 2560 σύνεσιν

295 2594 352 2642 ὲν
381 2595 540 2645 παντὶ
572 2597 669 2664 τῆς
694 2594 888 2648 ἑαυτοῦ
931 2595 1207 2664 ἀληθείας,
1237 2596 1302 2647 ἶν’
1344 2599 1406 2649 ὲκ
1436 2598 1542 2650 τῶν
1573 2598 1865 2668 ὁρωμένων

297 2683 386 2734 τὸν
411 2684 637 2752 ἀόρατον
677 2688 910 2754 ὲννοῆτε,
950 2689 1042 2738 καὶ
1085 2690 1148 2740 ἐκ
1181 2687 1438 2756 μεγέθους
1476 2691 1568 2742 καὶ
1604 2690 1866 2759 καλλονῆς

296 2773 404 2825 τῶν
446 2776 754 2845 κτισμάτων
793 2778 890 2846 τὴν
936 2779 1249 2848 πρέπουσαν
1289 2779 1444 2844 δόξαν
1475 2782 1721 2851 περὶτοῦ
1756 2783 1868 2834 κτί-

299 2884 490 2931 σαντος
523 2870 668 2938 ἡμᾶς
700 2869 1112 2942 ἀναλαμϐάνητε
1161 2872 1292 2942 (53).
1357 2874 1431 2926 Τὰ
1488 2872 1597 2942 γὰρ
1648 2875 1868 2941 ἀόρατα

295 2962 482 3015 αὑτοῦ
517 2963 634 3016 ἀπὸ
667 2965 917 3032 κτίσεως
953 2966 1186 3035 κόσμου
1226 2967 1348 3034 τοῖς
1371 2967 1663 3037 ποιήμασι
1691 2971 1867 3023 700:3:-

292 3069 448 3119 μελνα
476 3054 811 3121 καθορᾶται,
857 3057 894 3123 ἦ
949 3075 1009 3109 τε
1053 3058 1242 3124 αΐδιος
1265 3061 1449 3113 αὐτοῦ
1479 3061 1730 3130 δύναμις
1771 3063 1868 3114 καὶ

295 3145 548 3210 θειότης·
579 3145 718 3197 ὥστε
744 3149 837 3198 καὶ
868 3150 922 3200 έν
943 3151 1036 3218 γῇ,
1063 3151 1156 3201 καὶ
1185 3151 1238 3200 ὲν
1264 3151 1403 3220 ἀέρι,
1429 3153 1521 3204 καὶ
1553 3155 1608 3204 ἐν
1633 3154 1863 3223 οὐρανῷ,

298 3235 392 3285 καὶ
425 3237 480 3285 ἐν
499 3233 670 3296 ὕδατι,
691 3235 787 3287 καὶ
819 3237 874 3286 ἐν
901 3238 1074 3299 νυκτὶ,
1106 3237 1198 3289 καὶ
1224 3238 1279 3288 ὲν
1301 3237 1504 3308 ἡμέρα,
1537 3239 1629 3290 καὶ
1653 3241 1707 3289 ἐν
1738 3242 1867 3292 πᾶσι

294 3328 408 3388 τοῖς
443 3326 737 3396 δρωμένοις
764 3329 964 3399 ἐναργῆ
1007 3318 1301 3397 λαμϐάνειν
1350 3330 1495 3398 ἡμᾶς
1527 3329 1619 3382 τοῦ
1651 3329 1867 3399 εὐεργέ-

295 3435 386 3473 του
414 3418 482 3472 τὰ
506 3421 867 3490 ὑπομνήματα
896 3421 1028 3488 (36).
1059 3420 1190 3473 Οὔτε
1220 3421 1327 3491 γὰρ
1357 3421 1652 3490 ἁμαρτίαις
1677 3423 1866 3492 καιρόν

293 3531 417 3565 τινα
443 3513 704 3584 δώσομεν,
736 3513 858 3566 οὔτε
893 3514 970 3583 τῷ
993 3514 1169 3585 ἐχθρῷ
1193 3515 1354 3566 τόπον
1388 3517 1443 3567 ὲν
1478 3518 1595 3579 ταῖς
1623 3516 1869 3587 καρδίαις

293 3605 455 3675 ἡμῶν
489 3606 904 3676 καταλείψομεν,
941 3607 1028 3659 διὰ
1060 3608 1157 3677 τῆς
1195 3607 1448 3678 συνεχοῦς
1491 3610 1707 3679 μνήμης
1735 3609 1871 3662 ἔνοι-

296 3712 392 3748 κον
425 3695 634 3765 ἔχοντες
685 3698 893 3750 ἑαυτῶν
924 3699 1032 3766 (57)
1061 3700 1151 3752 τὸν
1180 3699 1338 3752 Θεόν·
1372 3694 1415 3767 ᾧ
1441 3702 1589 3752 πᾶσα
1614 3700 1739 3764 δόξα
1773 3702 1867 3754 καὶ

295 3785 665 3856 προσκύνησις
697 3788 788 3840 νῦν
823 3789 915 3841 καὶ
964 3790 1068 3852 ἀεὶ,
1116 3802 1208 3843 και
1238 3786 1472 3854 εἰς’τοὺς
1518 3793 1717 3855 αἰῶνας
1757 3793 1864 3845 τῶν

296 3876 504 3929 αἰώνων
573 3880 762 3949 Ἀμήν.

311 3987 1808 4005 ~c~_-~—__—_———-——-u——————_

920 4051 1158 4102 OMIMA
1184 4053 1254 4103 A'.

535 4139 669 4206 Περὶ
697 4139 1052 4209 συναγωγῆς
1082 4139 1197 4193 τῶν
1230 4139 1457 4194 ὑδάτων
1487 4141 1620 4210 (Ρὶ8).

371 4233 420 4285 1.
459 4232 577 4284 Εἰσί
613 4249 753 4295 τινες
784 4233 964 4295 πόλεις
995 4235 1354 4296 παντοδαποῖς
1384 4234 1620 4303 θεάμασι
1655 4235 1864 4304 θαυμα-

292 4323 528 4376 τοποιῶν
573 4323 680 4374 ἀπὸ
728 4322 916 4391 βαθέος
958 4324 1152 4393 ὄρθρου
1206 4325 1396 4394 μέχρις
1429 4326 1664 4395 ἑσπέρας
1694 4328 1863 4396 αὐτῆς

293 4415 550 4468 ἑστιῶσαι
580 4415 677 4478 τὰς
699 4415 870 4484 ὄψεις.
900 4417 1008 4468 Καὶ
1038 4416 1216 4485 μέντοι
1245 4417 1338 4469 καὶ
1371 4417 1546 4486 μελῶν
1569 4435 1727 4469 τινων
1758 4419 1864 4487 (59)

296 4507 680 4577 κεκλασμένων
695 4508 787 4559 καὶ
811 4506 1219 4577 διεφθαρμένων
1238 4509 1329 4560 καὶ
1345 4510 1655 4562 παντάπασι
1673 4510 1867 4581 πολλὴν

1968 2057 2163 2109 tionem
2203 2051 2342 2104 velut
2377 2066 2468 2119 per
2504 2047 2793 2118 quamdam
2842 2046 3163 2107 coctionem,
3217 2056 3399 2095 eorum
3430 2056 3547 2109 qua:

1971 2145 2121 2198 utilia
2189 2150 2313 2196 sunt
2352 2150 2664 2208 exspectent
2718 2137 3121 2207 digestionem:
3171 2143 3336 2202 utque
3391 2131 3547 2193 detur

1965 2240 2134 2293 otium
2170 2235 2252 2289 his
2283 2233 2374 2301 qui
2405 2233 2543 2286 victu
2578 2230 2939 2302 comparando
2984 2238 3339 2296 occupant-ur,
3371 2237 3424 2278 ut
3461 2228 3543 2282 iu.-

1967 2329 2230 2385 termedio
2261 2339 2502 2394 tempore
2551 2324 2756 2390 negotia
2790 2324 3161 2392 disponentes,
3196 2318 3376 2370 anima
3401 2318 3545 2370 curis

1966 2429 2185 2490 purgata
2218 2421 2284 2474 ad
2325 2417 2662 2486 vespertinas
2691 2430 2996 2470 sermonum
3023 2414 3210 2482 epulas
3234 2421 3523 2464 occurrant

1971 2507 2108 2559 Deus
2163 2514 2340 2558 autem
2399 2504 2489 2571 qui
2552 2512 2697 2556 tanta
2735 2502 2932 2565 effecit,
2979 2514 3030 2554 et
3082 2517 3186 2569 quo
3229 2501 3544 2567 disponente

1968 2613 2134 2668 pauca
2163 2599 2277 2652 haec
2306 2595 2444 2649 dicta
2473 2604 2622 2658 sunt,
2673 2595 2870 2646 tribuat
2898 2593 3047 2646 vobis
3081 2593 3130 2643 in
3161 2593 3408 2644 omnibus
3436 2605 3544 2642 suae

1969 2688 2212 2742 veritatis
2254 2685 2683 2754 intelligentiam,
2739 2692 2797 2735 ut
2831 2696 2926 2751 per
2957 2681 3189 2735 visibilia
3217 2681 3541 2735 iuvisibilem

1968 2780 2328 2849 cognoscatis,
2361 2787 2524 2845 atque
2558 2793 2623 2830 ex
2670 2775 3038 2844 magnitudine
3067 2790 3128 2828 ac
3150 2774 3545 2843 pulchritudine

1969 2882 2333 2925 creaturarum
2349 2871 2624 2924 decentem
2643 2868 2707 2922 de
2723 2867 3012 2922 Couditore
3041 2877 3223 2922 nostro
3237 2866 3542 2936 opinionem

1969 2968 2306 3036 concipiatis.
2335 2967 2628 3020 Invisibilia
2663 2966 2797 3019 enim
2839 2966 2998 3034 ipsius
3023 2982 3053 3016 a
3080 2974 3319 3017 creatura
3337 2966 3540 3026 mundi,

1968 3075 2059 3128 per
2094 3075 2154 3111 ea
2193 3074 2310 3126 quae
2348 3057 2486 3125 facta
2517 3057 2942 3122 sunt,intellecta
2961 3057 3384 3122 conspiciuntur:
3408 3074 3542 3110 scm-

1967 3151 2174 3217 piterna
2199 3165 2400 3220 quoque
2452 3148 2565 3217 ejus
2606 3151 2766 3201 virtus
2827 3159 2872 3201 et
2911 3149 3161 3200 divinitas
3186 3149 3269 3201 5’:
3307 3151 3442 3202 adeo
3485 3159 3543 3201 ttt

1974 3244 2024 3295 in
2070 3252 2236 3307 terra,
2269 3244 2320 3296 in
2353 3255 2496 3306 aere,
2521 3241 2748 3306 iucmlo,
2781 3241 2831 3293 in
2856 3256 3015 3308 aqua,
3048 3242 3098 3293 ia
3145 3249 3320 3307 nocte,
3355 3242 3406 3294 iu
3432 3241 3538 3302 die,

1971 3343 2023 3389 et
2050 3335 2100 3388 in
2130 3337 2379 3390 omnibus
2413 3335 2737 3400 visibilibus,
2773 3350 2874 3387 non
2907 3334 3137 3389 obscure
3165 3335 3282 3404 ejus
3308 3335 3397 3402 qui
3441 3348 3539 3386 no-

1966 3428 2046 3482 bis
2085 3427 2353 3481 benefecit
2396 3427 2760 3482 recordemur.
2792 3425 2978 3494 Neque
3012 3428 3153 3479 enim
3179 3429 3418 3495 peccatis
3446 3443 3541 3482 oc-

1966 3518 2233 3572 casionem
2287 3517 2446 3572 ullam
2504 3532 2693 3570 sumus
2742 3517 2959 3577 daturi,
3001 3530 3169 3583 neque
3218 3517 3436 3571 inimico
3489 3519 3540 3570 in

1966 3611 2164 3664 nostris
2187 3611 2439 3664 cordibus
2478 3610 2652 3663 locum
2682 3609 2940 3672 relicturi,
2972 3610 3014 3663 si
3073 3611 3228 3662 modo
3276 3625 3374 3678 per
3407 3611 3540 3664 assi-

1969 3704 2124 3756 duam
2157 3703 2470 3755 memoriam
2508 3702 2670 3755 Deum
2723 3703 2773 3755 in
2835 3702 2986 3756 uol-is
3024 3703 3412 3756 inhabitantem
3447 3703 3540 3755 ha-

1971 3797 2232 3847 beamus:
2283 3796 2366 3847 cui
2411 3796 2585 3849 omnis
2643 3796 2817 3864 gloria
2861 3807 2915 3850 et
2971 3796 3244 3861 adoratio,
3299 3812 3437 3850 uunc
3487 3807 3541 3850 et

1973 3900 2203 3954 semper,
2229 3897 2281 3940 et
2322 3890 2371 3939 in
2410 3887 2598 3942 smcula
2629 3890 2961 3944 saeculorum.
2993 3891 3184 3944 Amen.

2565 4057 2843 4112 HOMILIA
2878 4058 2961 4110 IV.

2363 4153 2436 4205 De
2467 4171 2721 4221 aquarum
2750 4158 3164 4225 congregatione.

2039 4244 2143 4312 33
2173 4244 2221 4296 l.
2243 4245 2375 4296 Suut
2395 4245 2633 4314 qumdam
2657 4246 2922 4312 civitates,
2944 4250 3374 4318 quazonmigenis
3400 4267 3537 4319 prae..—

1973 4336 2306 4403 stigiatorum
2355 4338 2675 4404 spectaculis
2726 4355 2752 4391 a
2803 4355 3216 4416 summo.mane
3251 4342 3314 4395 ad
3366 4343 3534 4412 ipsam

1975 4444 2141 4496 usque
2169 4444 2442 4497 vesperam
2483 4430 2667 4482 oculos
2708 4443 2953 4498 pascunt.
2999 4433 3062 4486 Et
3094 4443 3238 4487 certe
3289 4436 3537 4501 quamvis

1975 4519 2273 4572 cantilenas
2308 4520 2565 4588 quasdam
2604 4521 2888 4577 dissolutas
2915 4536 3305 4592 corruptasque
3334 4534 3387 4578 et
3415 4542 3534 4578 omo

294 4599 590 4654 ἀκολασίαν
601 4603 718 4662 ταῖς
734 4601 930 4670 ψυχαῖς
958 4600 1323 4665 ὲντικτόντων,
1341 4603 1432 4653 ἐπὶ
1449 4602 1694 4656 πλεῖστον
1711 4604 1871 4656 ἁκού-
1909 4599 1950 4651 υ

1839 4627 1871 4650 ι-
1909 4599 1950 4651 υ
1981 4608 2136 4664 nibus
2152 4609 2320 4664 modis
2335 4609 2549 4662 multam
2571 4609 2620 4663 in
2641 4612 2836 4669 animis
2856 4612 3214 4681 impuritatem
3235 4612 3522 4680 gignentes.

362 4786 406 4816 ⁸⁹
440 4784 598 4839 Rom.
633 4799 670 4850 ι,
711 4785 799 4840 20.

363 4928 474 4996 (51)
500 4929 650 4996 Regii
682 4930 898 5010 prunus
918 4941 969 4985 et
995 4942 1330 5010 sex-tuscum
1360 4935 1514 4990 Colb.
1547 4937 1784 4990 secundo
1814 4947 1864 4991 et

290 5013 410 5071 cum
443 5000 853 5071 utroqueACoisl.
885 5002 1144 5071 ἐμφανές.
1173 5005 1313 5058 Editi
1345 5022 1465 5059 cum
1488 5010 1696 5060 duobus
1731 5023 1859 5061 mss.

288 5067 539 5152 εὐιξανές.
587 5069 771 5123 Codex
818 5067 1064 5126 Combef.
1113 5090 1235 5128 cum
1290 5075 1423 5143 Reg.
1484 5086 1677 5131 octavo
1727 5093 1863 5148 συμι⁹

287 5154 442 5204 φυες.

359 5206 472 5275 (5'2)
505 5206 787 5280 Sigj’tcgii
837 5211 1066 5278 primus,
1101 5213 1331 5274 tertius,
1365 5216 1604 5280 quintus,
1652 5232 1859 5279 sextus,

284 5287 533 5349 octavus,
566 5278 714 5349 Colb.
766 5282 1034 5333 secundus
1081 5293 1135 5335 et
1185 5278 1428 5337 Conibef.
1462 5278 1598 5338 eum.
1633 5278 1861 5349 utroque

285 5347 452 5424 C‘oisl.
495 5347 866 5424 Editiouparis.
899 5353 925 5401 ὁ
949 5350 1100 5424 Θεός.
1123 5353 1562 5424 Ἀναγέγραπται
1602 5359 1656 5411 δὲ
1703 5347 1860 5412 τοῦτο

283 5415 570 5497 τὸ-διπρόσ.
604 5417 777 5472 Editio
829 5435 955 5497 vero
1002 5421 1166 5476 Basil.
1223 5415 1638 5497 ἀναγέγραπται
1681 5430 1736 5482 δὲ
1768 5430 1859 5480 τὸν

286 5487 447 5556 πρόσ.
483 5487 722 5555 Utraque
751 5490 907 5542 male.

286 5557 468 5694 έχὲῗῗ)
508 5558 600 5611 Sic
627 5559 840 5613 codices
869 5576 981 5614 sex.
1018 5562 1155 5616 Editi
1203 5574 1254 5618 et
1305 5564 1471 5618 Coisl.
1506 5568 1715 5636 primus
1740 5587 1866 5621 συν-

503 5695 591 5778 ὶιςι
623 5707 856 5778 quatuor
881 5715 1007 5778 mss.
1040 5701 1176 5755 Editi
1204 5705 1618 5776 διατιθεμένοις.

358 5764 471 5833 (53)
503 5765 596 5819 Sic
644 5766 794 5837 Regii
843 5772 1069 5836 primus,
1116 5778 1324 5836 tertius,
1374 5764 1657 5831 sextus'et
1703 5778 1858 5832 Colb.

289 5839 576 5919 secuintus,
596 5837 752 5919 hepe.
777 5839 940 5894 Coisl.
973 5851 1194 5910 uterque
1220 5855 1273 5898 et
1300 5849 1450 5913 editi,
1477 5861 1528 5902 et
1549 5850 1680 5919 lieg.
1711 5852 1863 5918 Quiu-

293 5916 374 5955 tu:
406 5906 572 5956 ἀναλα
581 5906 822 5975 μϐάνειν.

2043 4938 2152 5006 (56)
2191 4939 2262 4991 lla
2288 4953 2415 4990 mss.
2460 4946 2600 4990 octo.
2635 4934 2949 4988 Eustathius
2989 4934 3167 5006 vertit,
3203 4946 3532 4988 monumenta

1970 5004 2280 5078 certisSimq.
2321 5009 2456 5060 Edili
2494 5006 2887 5078 ὑποδείγματα,
2919 5004 3176 5078 ereumla.

2041 5081 2152 5149 (57)
2184 5073 2335 5132 (ὶσιι).
2390 5073 2920 5149 secundus-510v“;
2965 5076 3198 5149 ἑαυτοῖς.
3232 5073 3358 5149 Mog
3405 5076 3531 5127 editi

1971 5144 2090 5204 cum
2134 5144 2275 5229 Reg.
2322 5148 2478 5229 tert‘ip
2509 5149 2588 5209 είς
2617 5147 2737 5229 τους
2767 5145 3210 5229 σύμπαντας-λκαὶ
3242 5144 3532 5229 ατελευτὴ-

1969 5239 2094 5282 τους
2146 5214 2367 5280 αἰῶνας.
2420 5215 2590 5270 Voces
2648 5214 2966 5287 σύμπαντας
3013 5215 3107 5267 καὶ
3144 5214 3531 5284 ἁτελευτήτους

1970 5291 2161 5344 desunt
2193 5290 2244 5340 in
2281 5287 2514 5358 quinque
2546 5288 2838 5340 codicibus.

2039 5359 2152 5429 (58)
2191 5354 2570 5444 [ieglpctavus
2594 5359 2719 5444 περὶ
2742 5354 3075 5444 συναγωγῶν
3107 5354 3330 5408 ὑδάτων.
3364 5355 3527 5410 Coisl.

1967 5427 2174 5500 primus
2192 5428 2509 5500 simpliciter
2532 5427 2714 5500 ὁμιλία
2735 5427 3005 5500 λτετᾴρτῃε

2044 5501 2154 5569 (59)
2185 5498 2273 5552 Sic
2302 5495 2432 5552 octo
2458 5495 2582 5550 mss.
2610 5498 2746 5550 Editi
2767 5497 2930 5559 τινές.
2959 5495 3261 5548 Verisimile
3285 5495 3529 5569 mibitit,

1975 5565 2338 5639 typographos
2379 5585 2472 5620 sua
2513 5569 2748 5635 ipsorum
2791 5569 3116 5639 auctoritate
3150 5575 3338 5639 contra
3375 5565 3529 5639 {idem

1976 5635 2124 5694 mss:
2141 5641 2372 5693 edidisse
2404 5639 2545 5700 τινές
2577 5654 2671 5704 pro
2699 5637 2882 5700 τινῶν,
2922 5653 2985 5690 ne
3029 5637 3279 5689 tuendum
3312 5635 3532 5688 subes~e

1975 5712 2264 5767 videretur.
2287 5721 2337 5761 et
2375 5720 2431 5761 ut
2474 5703 2742 5769 νοχίτινές
2767 5725 2885 5760 cum
2926 5721 3052 5760 voce
3088 5703 3375 5766 ἀκούοντες
3405 5720 3532 5755 con.

1972 5782 2104 5833 strui
2141 5790 2337 5844 posset.
2381 5780 2484 5832 Sed
2517 5780 2631 5830 haec
2670 5793 2853 5830 eorum
2886 5777 3194 5830 emendatio
3229 5773 3528 5826 necessaria

1971 5868 2074 5903 non
2117 5862 2247 5908 erat,
2281 5865 2402 5901 cum
2424 5865 2523 5900 vox
2554 5846 2840 5909 ἀκούοντες
2871 5857 3032 5914 queat
3059 5845 3246 5900 referri
3280 5845 3345 5898 ad
3372 5858 3533 5914 gene-

1971 5921 2080 5973 rale
2106 5921 2368 5977 quoddam
2401 5935 2620 5977 nomen,
2656 5929 2774 5978 puta
2806 5918 3035 5968 πολῖται.
