4262 6542
267 493 328 545 8|
1386 486 1674 542 IIOMILIA
1714 488 1780 542 IV
1821 490 1886 543 IN
1927 491 2421 547 llEXAEMERON.
3441 488 3511 542 82

269 606 515 677 φυσικῶς
546 603 833 676 χρώματος
859 603 1264 675 συμπαρόντος,
1297 605 1494 668 παντὸς
1528 604 1586 658 δὲ
1622 607 1846 678 χρῶμα·
1874 613 1918 669 Α

1916 609 2095 668 ,κ-ἱδιιδ
2135 623 2296 663 sensu
2343 607 2804 680 apprehenditur?
2833 605 2897 660 Et
2951 604 3089 660 forte
3145 619 3264 674 qua
3309 602 3512 672 prolata

269 715 360 761 τος
387 696 642 767 αἰσθητοῦ
677 698 741 768 τῇ
771 697 959 769 ὁράσει
984 696 1422 768 καθεστηκότοςς
1453 698 1563 750 Καὶ
1590 700 1729 771 τάχα
1761 716 1843 752 σοι

271 791 372 842 οὐκ
405 787 578 842 ἐδόκει
615 789 902 860 αὐτάρκως
935 789 1079 860 ἔχειν
1128 788 1198 843 τὰ
1247 791 1538 861 εἰρημένα.
1582 792 1666 846 ὅτι
1709 794 1846 866 πρὸς

271 879 422 948 ἡμᾶς
454 879 519 932 τὸ
550 880 832 949 ἀόρατον,
866 880 926 934 ού
976 881 1112 953 πρὸς
1155 883 1253 954 τὴν
1295 881 1456 950 φύσιν
1510 881 1697 953 εἴρητο
1737 884 1846 955 (68)

272 966 365 1020 διὰ
405 967 502 1040 τὴν
543 969 639 1022 τοῦ
685 966 874 1033 ὓδατος
927 970 1344 1042 ἐπιπρόσθησιν,
1378 971 1406 1025 δ
1446 971 1567 1024 τότε
1610 971 1707 1040 τὴν
1744 975 1847 1044 γῆν

275 1061 457 1114 πᾶσαν
479 1059 930 1132 περιεκάλυπτεν.
972 1060 1102 1114 Ἰδοὺ
1127 1063 1223 1116 νῦν
1255 1062 1414 1118 ἄκουε
1446 1062 1616 1132 αὑτῆς
1655 1063 1848 1135 ἑαυτὴν

275 1152 379 1223 τῆς
404 1152 627 1226 Γραφῆς
648 1156 1006 1227 φανερούσης.
1037 1155 1403 1226 Συναχθήτω
1427 1154 1494 1208 τὰ
1524 1153 1729 1211 ὕδατα.
1750 1156 1848 1209 καὶ

277 1245 514 1314 ἀρθήτω
539 1245 576 1312 ἡ
605 1244 776 1316 ξηρά.
805 1246 1130 1300 Συνέλκεται
1155 1246 1222 1300 τὰ
1246 1247 1742 1320 παραπετάσματα,
1764 1247 1852 1302 ἵνα

279 1337 533 1407 ἐμφανὴς
570 1338 794 1411 γένηται
835 1341 866 1409 ἡ
901 1338 1038 1403 τέως
1083 1339 1158 1411 μὴ
1199 1340 1471 1413 ὁρωμένη.
1513 1341 1672 1403 Ἴσως
1714 1339 1759 1392 δ’
1790 1341 1853 1395 ἄν

279 1447 362 1494 τις
395 1429 612 1484 κάκεῖνο
653 1432 786 1503 πρὸς
830 1431 1038 1496 τούτοις
1069 1432 1434 1504 ἐπιζητήσειε.
1472 1433 1694 1504 Πρῶτον
1732 1431 1851 1502 μὲν,

279 1523 370 1576 διὰ
394 1522 445 1574 τί
471 1522 500 1576 δ
531 1525 674 1578 κατὰ
709 1522 870 1592 φύσιν
903 1525 1135 1597 ὑπάρχει
1158 1526 1236 1595 τῷ
1257 1523 1408 1578 ὕδατι
1433 1526 1695 1597 φέρεσθαι
1718 1525 1854 1596 πρὸς

279 1613 343 1665 ’τὸ
375 1613 659 1678 κάταντες,
691 1613 850 1669 τοῦτο
882 1617 976 1670 ἐπὶ
1003 1617 1065 1670 τὸ
1099 1616 1429 1688 πρόσταγμα
1463 1616 1556 1668 τοῦ
1587 1619 1856 1686 Δημιουρ-

282 1704 379 1772 γοῦ
402 1708 430 1758 ό
464 1706 619 1774 λόγος
643 1706 867 1776 ἀνάγει;
898 1709 1044 1771 Ἕως
1086 1707 1185 1776 μὲν
1211 1706 1320 1779 γὰρ
1360 1708 1424 1761 ἂν
1473 1707 1567 1759 ἐπὶ
1605 1706 1696 1759 τοῦ
1745 1707 1854 1760 ἰσο-

282 1797 446 1850 πέδου
476 1799 724 1870 κείμενον
753 1801 891 1873 τύχῃ
919 1801 1030 1867 (69)
1066 1799 1130 1854 τὸ
1171 1800 1334 1872 ὕδωρ,
1383 1799 1641 1870 στάσιμόν
1688 1801 1855 1863 ἐστιν,

281 1891 383 1944 οὑκ
425 1892 563 1962 ἔχων
587 1895 721 1946 ὅπου
749 1893 1028 1963 μεταρῤυῇ
1050 1908 1064 1920 '
1103 1891 1322 1944 ἐπειδάν
1345 1891 1401 1944 δέ
1429 1908 1570 1956 τινος
1619 1907 1858 1963 πρανους

281 1959 516 2051 λάϐηται
542 2021 557 2040 .
614 1959 776 2042 εὐθὺς
825 1959 1170 2051 ὁρμήσαντος
1219 1979 1314 2034 τοῦ
1364 1959 1734 2054 προάγοντος,
1798 1979 1858 2032 τὸ
1893 1959 1933 2014 Β

284 2075 508 2143 συνεχὲς
546 2073 694 2144 αὐτῷ
730 2073 829 2145 τὴν
869 2073 1024 2144 βάσιν
1067 2074 1162 2129 τοῦ
1208 2076 1515 2149 κινηθέντος
1557 2073 1860 2144 ἐπιλαμϐά-

284 2183 401 2228 νει,
443 2165 538 2218 καὶ
595 2164 692 2237 τὴν
740 2165 948 2220 ἐκείνου
1001 2167 1062 2220 τὸ
1115 2169 1484 2238 ἑφεπόμενον·
1545 2166 1640 2221 καὶ
1688 2165 1860 2228 οὑτως

286 2255 625 2325 ὑπεκφεύγει
649 2256 749 2328 μὲν
769 2259 857 2312 ἀεὶ
881 2259 945 2312 τὸ
989 2261 1250 2330 προάγον,
1288 2259 1491 2311 ἐπωθεῖ
1522 2260 1577 2313 δὲ
1611 2258 1672 2312 τὸ
1702 2258 1863 2329 ἐπερ-

285 2349 547 2419 χόμενον·
577 2351 673 2405 καὶ
702 2350 940 2421 τοσούτῳ
967 2350 1252 2420 ὀξυτέραὴ
1289 2350 1430 2420 φορὰ
1469 2352 1694 2418 γίνεται,
1733 2352 1864 2421 ὅσῳ-

286 2458 397 2512 περ
437 2442 504 2496 ἂν
538 2444 630 2496 καὶ
663 2444 722 2496 τὺ
755 2443 919 2513 βάρος
1018 2440 1199 2494 πλεῖον
1239 2440 1332 2494 τοῦ
1389 2443 1860 2514 καταφερομένου,

288 2531 386 2583 καὶ⁵
407 2531 469 2584 τὸ
499 2533 695 2603 χωρίον
726 2532 1053 2604 κοιλότερον,
1081 2533 1216 2602 πρὸς
1239 2531 1266 2583 ὃ
1300 2535 1332 2602 ἡ
1355 2531 1656 2604 ἐπίρῤυσις.
1682 2535 1746 2585 El.
1769 2529 1863 2587 οὖν

288 2621 432 2676 οὕτω
465 2623 675 2692 πέφυκε
719 2624 781 2678 τὸ
823 2623 987 2696 ὕδωρ,
1036 2624 1295 2697 παρέλκοι
1329 2624 1394 2678 ἂν
1435 2625 1495 2678 τὸ
1538 2625 1864 2696 πρόσταγμα

285 2715 348 2768 τὸ
371 2715 589 2770 κελεῦον
617 2711 952 2788 συναχθῆναι
976 2719 1056 2782 εἰς
1087 2717 1405 2787 συναγωγὴν
1448 2717 1596 2786 μίαν.
1633 2713 1865 2786 Ἔμελλε

291 2807 402 2878 γὰρ
433 2809 645 2873 πάντως
675 2808 763 2863 διὰ
794 2809 857 2864 τὸ
887 2813 1232 2882 κατάρροπον
1267 2808 1366 2878 τῆς
1387 2807 1620 2877 φύσεως,
1651 2808 1744 2860 ἐπὶ
1766 2807 1865 2878 τὴν

291 2901 509 2953 πάντων
539 2901 850 2973 κοιλοτέραν
894 2901 1077 2971 χώραν
1135 2900 1456 2971 αὐτομάτως
1507 2897 1862 2963 συνδίδοσθαι,

292 2990 390 3042 καὶ
429 2988 503 3060 μὴ
558 2990 820 3062 πρότερον
879 2990 1172 3061 στήσεσθαι
1225 2993 1354 3062 πρὶν
1402 2990 1759 3061 ὁμαλισθῆναι
1796 2989 1866 3043 τὰ

291 3079 459 3134 νῶτα.
494 3081 658 3134 Οὐδὲν
701 3081 810 3154 γὰρ
854 3082 996 3136 οὑτω
1047 3083 1243 3154 χωρίον
1301 3081 1566 3143 ἰσόπεδον,
1596 3082 1671 3144 ὡς
1703 3083 1736 3151 ἠ
1769 3081 1864 3133 τοῦ

293 3173 484 3238 ὓδατος
505 3174 810 3244 ἐπιφάνεια.
846 3177 1072 3228 Ἔπειτα
1104 3176 1240 3239 πῶς,
1276 3175 1461 3244 φησιν,
1508 3175 1588 3237 είς
1620 3190 1860 3241 συναγω-

292 3265 400 3336 γὴν
445 3264 574 3336 μίαν
620 3266 915 3338 ἐκελεύσθη
947 3268 1014 3320 τὰ
1049 3266 1218 3322 ὕδατα
1268 3266 1614 3339 συνδραμεῖν,
1665 3266 1866 3334 δπουγε

294 3356 575 3427 φαίνονται
600 3361 792 3413 πολλαὶ
821 3357 977 3414 οὖσαι
1005 3360 1286 3426 θάλασσαι,
1307 3363 1402 3413 καὶ
1438 3359 1684 3414 πλεῖστον
1708 3359 1868 3428 ἀλλή-

295 3451 403 3506 λων
432 3455 496 3522 τῇ
523 3451 668 3506 θέσει
698 3452 1081 3524 διωρισμέναις
1115 3455 1257 3523 Πρὸς
1288 3453 1384 3522 μὲν
1415 3450 1508 3505 οὖν
1562 3454 1622 3505 τὸ
1672 3453 1867 3523 πρότε-

299 3559 392 3613 ρον
425 3543 534 3595 τῶν
583 3541 1023 3613 ἐπιζητηθέντων
1058 3544 1234 3597 ἐκεῖνό
1265 3559 1476 3613 φαμενο
1510 3544 1591 3595 δτι
1638 3543 1872 3613 μάλιστα

299 3636 400 3705 μὲν
433 3635 496 3687 σὺ
534 3634 669 3705 μετὰ
712 3635 772 3687 τὸ
806 3635 1131 3706 πρόσταγμα
1160 3635 1219 3687 τὸ
1263 3634 1578 3688 δεσποτικὸν
1629 3634 1871 3702 ἐπέγνως

296 3726 394 3780 τοῦ
431 3726 620 3792 ὓδατος
654 3725 754 3790 τὰς
784 3728 1046 3797 κινήσεις,
1075 3729 1157 3780 ὅτι
1189 3744 1248 3779 τε
1279 3723 1605 3798 περιρρεπές
1630 3724 1874 3796 (70)ὲστι

299 3822 397 3874 καὶ
423 3820 774 3893 ἀστήρικτον,
806 3819 902 3873 καὶ
935 3819 1068 3891 πρὸς
1099 3818 1168 3873 τὰ
1192 3821 1371 3891 πρανῆ
1404 3820 1494 3873 καὶ
1524 3819 1678 3873 κοῖλα
1712 3820 1873 3888 φέρε-

298 3928 389 3964 ται
413 3912 553 3964 κατὰ
585 3911 744 3980 φύσιν
766 3929 780 3941 ·
817 3911 922 3981 πρὸ
950 3912 1140 3965 τούτου
1174 3912 1250 3976 δὲ,
1297 3911 1415 3975 πῶς
1451 3908 1565 3982 εἶχε
1593 3913 1875 3984 δυνάμεως

299 4003 434 4073 πρὶν
475 4001 623 4073 αὐτῷ
653 4003 744 4056 τὸν
779 4005 842 4057 ὲκ
892 4002 986 4056 τοῦ
1019 4005 1436 4075 προστάγματος
1480 4004 1666 4057 τούτου
1716 4005 1875 4071 ἐγγε-

301 4092 488 4148 νέσθαι
535 4093 752 4164 δρόμον,
781 4094 903 4147 οὔτε
934 4090 1070 4157 εἶδες
1097 4096 1278 4158 αὑτὸς,
1317 4094 1438 4148 οὔτε
1473 4096 1672 4159 ἰδόντος
1709 4096 1876 4166 ἠκου-

305 4203 422 4250 σας.
458 4187 668 4257 Νόησον
701 4185 830 4256 γὰρ,
867 4187 950 4238 ὅτι
978 4185 1114 4239 Θεοῦ
1145 4187 1296 4256 φωνὴ
1325 4186 1540 4256 φύσεώς
1571 4188 1687 4240 ἐστι
1721 4204 1880 4257 ποιηυ

301 4279 452 4350 τικὴ,
488 4279 581 4331 καὶ
619 4278 681 4330 τὸ
711 4277 1002 4348 γενόμενον
1048 4278 1170 4330 τότε
1218 4281 1284 4349 τῇ
1343 4279 1519 4331 κτίσει
1551 4278 1878 4351 πρόσταγμα

303 4366 405 4437 τὴν
459 4368 594 4437 πρὸς
644 4366 707 4419 τὺ
761 4366 958 4437 ἐφεξῆς
1008 4366 1331 4421 ἀκολουθίαν
1382 4371 1492 4430 τοῖς
1540 4365 1880 4439 κτιζομένοις

305 4457 632 4530 παρέσχετο.
676 4461 888 4531 Ἡμέρα
945 4459 1039 4512 καὶ
1102 4457 1199 4524 νὺξ
1243 4458 1388 4525 ἅπαξ
1438 4458 1878 4532 ὲδημιουργήθη,

305 4550 403 4603 καὶ
435 4548 496 4612 ἐξ
537 4549 744 4603 ἐκείνου
795 4551 888 4603 καὶ
934 4549 1029 4602 νῦν
1073 4549 1310 4620 ἀλλήλας
1359 4549 1754 4619 διαδεχόμεναι,
1789 4549 1880 4602 καὶ

1943 709 2065 751 sunt
2088 700 2224 754 satis
2241 713 2360 755 esse
2395 701 2487 756 tibi
2524 716 2627 757 non
2663 698 3006 763 videbantur,
3053 711 3176 750 cum
3206 697 3515 750 diceremus

1944 789 2196 846 videlicet
2227 793 2731 859 vocem,inuisibile,
2761 807 2867 845 non
2894 799 3139 861 respectu
3173 799 3398 854 uaturm,
3421 786 3514 842 sed

1948 895 2192 952 respectu
2218 884 2408 947 nostri,
2444 886 2515 939 ob
2536 902 2689 956 aqum
2732 898 2933 941 terram
2967 898 3183 938 omnem
3229 891 3356 936 tunc
3382 894 3514 952 ope-

1949 976 2137 1030 rientis
2169 973 2562 1044 interpositum,
2581 978 2874 1032 adhibitam
2904 973 3068 1029 fuisse
3087 990 3149 1027 ac
3183 981 3512 1042 usurpatam.

1951 1069 2088 1125 Ecce
2114 1083 2258 1126 nunc
2301 1069 2430 1124 audi
2475 1070 2646 1140 ipsam
2680 1069 3040 1141 Scripturam,
3067 1070 3298 1137 seipsam
3335 1066 3520 1137 expla-

1951 1176 2188 1226 nantem.
2214 1163 2604 1237 Cougrcgeutur
2635 1179 2805 1233 aqum,
2829 1174 2875 1216 et
2899 1171 3153 1234 appareat
3189 1158 3521 1241 arida.Con-

1952 1259 2238 1316 trahuntur
2290 1259 2429 1324 vela,
2486 1266 2545 1311 ut
2583 1255 2827 1325 aspectui
2859 1269 2980 1309 sese
3014 1254 3236 1327 oltjieiat
3287 1267 3371 1315 ea,
3401 1264 3521 1320 quae

1951 1364 2110 1411 antea
2141 1368 2242 1408 nou
2261 1354 2711 1425 conspiciebatur.
2737 1349 3010 1405 Fortassis
3047 1361 3219 1405 autem
3254 1347 3520 1419 quispiam

1954 1451 2080 1505 illud
2104 1448 2266 1504 etiam
2300 1462 2496 1516 prmter
2518 1448 2631 1502 lucc
2665 1444 2994 1512 iuquisierit.
3017 1440 3250 1494 Primum
3282 1441 3520 1510 quidem.

1955 1559 2050 1597 cur
2084 1535 2227 1606 quod
2277 1549 2345 1589 ex
2379 1545 2572 1587 natura
2623 1531 2881 1599 competit
2910 1542 3086 1599 aquze.
3136 1537 3193 1579 ιιι
3217 1527 3422 1581 scilicet
3454 1530 3521 1581 ad

1957 1633 2159 1687 declive
2189 1625 2414 1688 feratur,
2453 1624 2681 1692 idipsum
2732 1619 2936 1676 referat
2986 1618 3265 1687 Scriptura
3303 1617 3367 1668 ad
3399 1613 3524 1683 Opi-

1960 1725 2074 1778 licis
2120 1717 2425 1788 imperium.
2474 1714 2721 1783 Quaudiu
2753 1712 2898 1767 enim
2943 1711 2997 1764 iu
3049 1725 3204 1778 :equo
3259 1708 3527 1777 planoque

1959 1817 2072 1871 solo
2101 1813 2202 1869 sita
2232 1822 2316 1866 est
2350 1825 2507 1880 aqua,
2537 1806 2749 1864 stabilis
2781 1815 2882 1870 est,
2903 1803 3102 1876 quippe
3127 1803 3252 1870 quia
3288 1817 3392 1855 nou
3426 1801 3526 1854 Iin-

1959 1905 2052 1960 bet
2091 1918 2198 1972 quo
2227 1899 2463 1954 diffluat:
2513 1899 2605 1953 sed
2630 1907 2978 1969 posteaquam
3010 1893 3269 1949 declivem
3294 1891 3524 1955 aliquem

1959 1998 2134 2052 locum
2177 2002 2333 2048 nacta
2366 2002 2470 2060 est,
2496 1993 2676 2046 statim
2706 2000 2765 2044 ut
2794 1989 3102 2059 praecedens
3133 1995 3215 2040 est
3240 1983 3526 2045 concitata.

1958 2105 2018 2144 ea
2042 2102 2162 2158 qua:
2191 2086 2289 2157 ipsi
2319 2085 2576 2146 cohaeret,
2600 2085 2782 2138 sedem
2825 2082 2943 2152 ejus
2973 2096 3092 2150 quae
3129 2087 3270 2134 mota
3299 2085 3401 2140 est,
3434 2090 3530 2130 oc-

1959 2190 2154 2248 cupat:
2199 2178 2342 2233 illius
2370 2177 2554 2232 itidem
2577 2175 2753 2230 locmu
2804 2189 2867 2228 ea
2910 2188 3029 2242 quae
3063 2171 3446 2241 consequitur:
3475 2177 3532 2222 et

1960 2275 2039 2328 sic
2069 2288 2284 2342 semper
2324 2271 2530 2341 aufugit
2578 2268 2796 2340 quidem
2824 2280 2944 2336 quae
2995 2263 3275 2335 praecedit,
3307 2263 3533 2329 adurgtt

1961 2381 2089 2419 vero
2130 2380 2250 2433 qua:
2277 2364 2609 2432 insequitur;
2639 2372 2690 2417 et
2719 2362 2952 2430 impetus
2998 2365 3145 2412 tanto
3180 2354 3237 2409 fit
3272 2353 3529 2419 velocior,

1960 2466 2160 2528 quanto
2183 2455 2413 2525 amplior
2457 2453 2618 2508 fuerit
2666 2454 2902 2522 gravitas
2927 2452 3048 2519 ejus
3121 2463 3242 2519 quae
3267 2443 3531 2508 defertur,

1961 2548 2217 2615 locusque
2243 2545 2311 2599 ad
2333 2557 2494 2613 quem
2527 2543 2585 2595 iit
2608 2539 2793 2606 (lusio,
2815 2540 2976 2594 fuerit
3002 2538 3330 2607 depressior.
3351 2533 3535 2605 Itaque

1962 2642 2007 2694 si
2039 2641 2149 2694 lta'c
2177 2645 2260 2693 est
2288 2649 2442 2706 aqua!
2467 2642 2680 2697 natura,
2707 2641 3039 2702 praeceptum
3077 2631 3220 2700 quod
3251 2632 3419 2700 ipsam
3440 2629 3533 2699 ju-

1963 2732 2051 2781 bet
2090 2730 2140 2781 iu
2165 2743 2325 2781 uuam
2362 2726 2480 2796 cogi
2520 2724 2918 2790 collectionem,
2955 2722 3114 2777 inane
3141 2730 3225 2775 est
3259 2721 3443 2788 utique
3471 2733 3536 2771 ac

1963 2831 2441 2886 supervacaneum.
2499 2815 2634 2869 Nam
2688 2813 2932 2884 profecto
2995 2813 3232 2866 futurum
3283 2819 3405 2865 erat
3456 2821 3537 2875 ut,

1965 2914 2182 2976 propter
2219 2904 2515 2958 naturalem
2570 2919 2719 2958 suam
2750 2905 2814 2956 ad
2867 2902 2973 2956 ima
3021 2903 3438 2972 proclivitalem,
3472 2900 3538 2953 ad

1964 2999 2139 3052 locum
2173 2998 2408 3052 maxime
2434 2995 2672 3050 oumium
2709 2994 2970 3049 declivem
3025 3007 3220 3062 sponte
3271 3009 3366 3048 sua
3407 3008 3540 3048 con-

1965 3090 2216 3149 ccderct,
2269 3097 2324 3142 et
2358 3104 2462 3142 non
2519 3087 2671 3156 prius
2721 3085 2934 3138 stabilis
2992 3091 3352 3152 permaneret,
3377 3097 3540 3152 quam

1965 3177 2080 3244 eius
2108 3187 2484 3246 equuarctur
2507 3174 2843 3244 superﬁcies.
2882 3172 3034 3228 Nulla
3065 3174 3209 3229 enim
3233 3182 3416 3231 exstat
3464 3189 3547 3227 re-

1916 3315 1937 3334 ,
1969 3270 2056 3336 giu
2108 3281 2356 3335 pet-teque
2401 3267 2590 3337 plana,
2635 3280 2699 3321 ac
2744 3267 2856 3335 ipsa
2896 3277 2982 3321 est
3012 3279 3167 3333 aqua!
3206 3264 3539 3335 superﬁcies.

1970 3362 2191 3426 Deinde,
2243 3362 2446 3431 inquiet
2473 3361 2613 3429 quis,
2648 3358 2914 3427 quomodo
2947 3357 3115 3427 jussu:
3147 3364 3274 3410 sunt
3303 3369 3458 3423 aqua:
3493 3355 3543 3407 in

1970 3470 2130 3509 uuam
2171 3467 2500 3508 concurrere
2526 3451 2920 3513 collectionem,
2953 3465 3075 3504 cum
3131 3447 3299 3502 multa
3331 3449 3548 3516 conspi-

1971 3550 2184 3601 ciantur
2224 3546 2428 3608 maria,
2478 3544 2816 3613 plurimoque
2874 3543 3018 3596 inter
3059 3555 3117 3596 se
3167 3540 3453 3596 intervallo
3484 3555 3548 3595 ac

1973 3644 2075 3697 situ
2106 3638 2417 3710 disparata?
2445 3637 2526 3693 Ad
2567 3639 2620 3693 id
2676 3638 2838 3709 igitur
2881 3637 3023 3708 quod
3057 3637 3231 3705 primo
3263 3635 3546 3704 quaesitum

1973 3742 2081 3797 est,
2097 3732 2346 3796 dicimus,
2366 3729 2506 3795 quod
2531 3740 2584 3784 tu
2608 3732 2810 3799 optime
2825 3730 3044 3798 quidem
3066 3737 3185 3796 post
3209 3725 3545 3781 Dominicum

1974 3825 2260 3893 imperium
2304 3832 2505 3877 motum
2550 3836 2703 3890 aqua:
2745 3819 3084 3889 cognoveris,
3134 3833 3330 3888 aquam
3364 3814 3550 3872 vidello

1975 3927 2064 3972 cet
2122 3929 2339 3984 quoquo
2372 3927 2588 3966 versum
2636 3912 2824 3979 fluere,
2880 3911 3294 3979 instabilemque
3328 3923 3470 3974 esse,
3496 3918 3554 3964 et

1976 4018 2166 4076 suapte
2204 4015 2392 4060 natura
2421 4006 2486 4057 ad
2513 4005 2716 4058 devexa
2733 4013 2788 4057 et
2820 4018 3056 4058 concava
3085 4002 3206 4057 loca
3236 4000 3425 4055 dilabi.
3444 3998 3551 4054 Sed

1976 4099 2103 4167 quid
2135 4097 2281 4167 prius
2318 4097 2612 4151 obtinuerit
2658 4097 2878 4161 virium,
2922 4106 3048 4150 aute
3094 4095 3353 4150 nimirum
3387 4107 3552 4163 quam

1977 4203 2170 4242 cursus
2207 4187 2294 4242 hic
2321 4191 2370 4241 ci
2400 4187 2503 4241 isto
2546 4197 2818 4257 praecepto
2870 4187 3261 4257 ingiguerctur,
3292 4198 3388 4237 nec
3411 4183 3552 4238 nosti

1981 4280 2117 4345 ipse,
2165 4292 2264 4331 nec
2296 4292 2622 4346 quemquam
2675 4277 2767 4346 qui
2821 4276 3056 4340 norerit,
3097 4275 3316 4327 audisti.
3364 4273 3553 4346 Cogita

1978 4368 2120 4422 enim
2154 4366 2244 4420 Dei
2303 4379 2489 4420 vocem
2542 4373 2748 4418 natura:
2785 4377 2906 4417 esse
2951 4362 3308 4423 effectricem,
3354 4377 3415 4414 ac
3461 4375 3558 4428 per

1981 4464 2305 4527 pcaaceptum
2363 4454 2515 4519 illud,
2547 4453 2691 4523 quod
2736 4463 3002 4507 creaturas
3052 4454 3235 4508 datum
3269 4460 3398 4504 tunc
3447 4459 3555 4513 cst,

1982 4551 2197 4604 modum
2228 4566 2290 4603 ac
2306 4549 2550 4603 ordinem
2571 4547 2773 4602 creatis
2797 4547 2960 4601 rebus
2981 4547 3034 4599 in
3064 4543 3304 4598 futurum
3331 4541 3553 4612 imponi.

306 4642 428 4696 κατ’
458 4635 766 4714 ἰσομοιρίαν
810 4641 1188 4712 διαιρούμεναι
1217 4641 1307 4694 τὸν
1337 4641 1525 4712 χρόνον
1553 4640 1655 4693 οὑκ
1675 4639 1878 4710 ἁπολή-
1914 4657 1933 4711 ι

1916 4657 1957 4711 ι)
1986 4643 2178 4696 Creata
2223 4651 2349 4694 sunt
2377 4640 2522 4693 enim
2552 4636 2720 4692 semel
2742 4639 2858 4690 dies
2880 4647 2934 4691 et
2973 4650 3115 4699 uox;
3148 4645 3201 4688 et
3229 4649 3293 4688 ex
3324 4633 3414 4688 illo
3439 4649 3560 4686 tuu-

307 4750 517 4804 γουσιν.

379 4918 433 4973 5.
475 4916 834 4987 Συναχθήτω
848 4916 920 4971 τὰ
949 4915 1155 4970 ὕδατα.
1193 4914 1514 4987 Ἑκελεύσθη
1542 4915 1753 4987 τρέχειν
1781 4914 1887 4967 τῶν

312 5010 563 5080 ὑδάτωνή
602 5010 762 5079 ερύσις
801 5009 934 5080 (71),
968 5009 1064 5063 καὶ
1100 5007 1353 5061 οὐδέποτε
1379 5008 1578 5078 κάμνει
1609 5005 1685 5077 τῷ
1719 5022 1887 5072 προσ-

310 5105 554 5174 τάγματι
619 5103 811 5173 ὲκείνῳ
846 5101 1325 5173 κατασπευδομὲνη
1385 5098 1666 5172 διηνεκῶς.
1718 5096 1888 5150 Τοῦτο

311 5196 369 5251 δὲ
413 5195 575 5263 λέγω,
608 5194 743 5265 πρὸς
773 5195 871 5265 τὴν
919 5195 1084 5266 ρυτὴν
1123 5191 1343 5264 ἀφορῶν
1387 5192 1499 5246 τῶν
1533 5190 1739 5244 ὑδάτων
1771 5189 1888 5260 μοῖ-

315 5307 436 5361 ραν.
456 5287 538 5340 Τὰ
566 5288 665 5358 μὲν
694 5289 802 5358 γὰρ
833 5287 1112 5358 αὐτόματα
1153 5289 1257 5358 ῥεῖ,
1288 5281 1397 5340 οἷον
1426 5285 1494 5340 τὰ
1539 5285 1774 5355 κρηναῖα
1797 5281 1892 5335 καὶ

311 5377 382 5429 τὰ
411 5379 684 5447 ποτάμια’
711 5376 782 5432 τὰ
809 5375 867 5430 δὲ
915 5375 1276 5447 συλλογιμαίά
1302 5377 1419 5429 ἐστι
1467 5375 1560 5428 καὶ
1588 5372 1889 5443 ἁπόρευτα.

326 5467 467 5521 Ἀλλ’
500 5468 624 5535 ἐμοὶ
657 5467 752 5521 νῦν
782 5469 911 5538 περὶ
943 5467 1055 5521 τῶν
1079 5467 1394 5538 όρμητικῶν
1429 5467 1636 5521 ὑδάτων
1660 5467 1689 5518 ὁ
1713 5462 1890 5532 λόγος.

394 5715 504 5789 (es)
527 5715 660 5789 Bcg.
701 5729 886 5772 sextus
907 5717 1140 5789 εἵρηταιἒ

393 5785 506 5856 (69)
534 5785 888 5858 Siclquiuquc
918 5785 1049 5842 mss.
1103 5787 1244 5841 Etliti
1289 5787 1458 5858 τύχοι.
1492 5787 1609 5840 Mox
1657 5796 1895 5851 quatuor

325 5871 602 5930 mss:_._cu_m
631 5856 1116 5930 Βοόιέμεταρρυῇ,
1143 5860 1300 5930 bene.
1338 5856 1474 5930 βὲηιί
1514 5860 1785 5930 μεταρρῇ.

397 5925 511 5997 (10)
533 5924 664 5999 Reg.
720 5924 928 5998 primus
953 5924 1092 5984 'c'uui'
1123 5929 1367 5985 Cumbef.
1409 5924 1600 5999 ὅτιπερ
1633 5924 1894 5997 πέρῖρρες

1986 4735 2164 4781 mento
2191 4727 2352 4779 etiam
2400 4739 2542 4777 nunc
2583 4724 2684 4776 sibi
2737 4721 2970 4776 invicem
3019 4721 3345 4784 succedere,
3397 4734 3461 4773 ac
3506 4720 3559 4773 iu

1984 4829 2165 4890 partes
2199 4816 2434 4886 :cquales
2462 4826 2670 4885 tempus
2701 4813 2943 4869 dividere
2974 4830 3078 4868 non
3107 4812 3383 4866 desinunt.

2054 4912 2108 4968 5.
2137 4909 2525 4979 Congregentur
2547 4923 2720 4978 aqua.
2760 4905 2916 4962 Jnssa
2939 4914 3021 4960 est
3051 4917 3273 4958 currere
3297 4916 3562 4971 aquarum

1987 5016 2202 5070 natura,
2237 5020 2336 5059 nec.
2364 5020 2598 5074 unquam
2634 5011 2906 5073 praecepto
2943 5001 3036 5056 illo
3063 5016 3180 5055 eam
3211 5015 3425 5068 semper
3471 5014 3565 5053 ur-

1993 5109 2150 5170 gente
2187 5097 2464 5166 fatigatur.
2502 5093 2614 5148 Hoc
2637 5101 2818 5148 autem
2860 5093 2998 5155 dico,
3029 5091 3097 5146 ad
3127 5090 3345 5144 ﬂuidam
3389 5104 3566 5160 aqua-

1997 5205 2111 5244 rum
2168 5199 2373 5245 sortem
2433 5187 2751 5256 respiciens.
2795 5184 2929 5239 Alia:
2968 5184 3187 5254 quidem
3229 5197 3324 5237 sua
3374 5191 3568 5251 sponte

1995 5282 2185 5346 fluunt,
2211 5279 2514 5350 cujusmodi
2539 5289 2664 5332 sunt
2693 5277 2925 5332 fontanae
2982 5286 3038 5331 et
3084 5272 3408 5330 ﬂuviatiles:
3447 5273 3569 5328 alite

1994 5381 2123 5427 vero
2155 5382 2283 5428 sunt
2326 5370 2629 5427 collectitize
2662 5379 2717 5423 et
2747 5369 2990 5422 stabiles.
3045 5366 3204 5437 Atqui
3237 5381 3378 5420 nunc
3435 5366 3567 5420 mild

1996 5480 2176 5520 sermo
2203 5473 2288 5518 est
2312 5469 2376 5519 de
2409 5462 2565 5533 aquis
2595 5462 2795 5528 impetu
2825 5460 3058 5530 quodam
3082 5459 3388 5514 commotis.
3414 5455 3570 5509 Con-

1997 5715 2118 5779 πές.
2143 5713 2275 5786 Reg.
2303 5715 2493 5771 tertius
2517 5715 2598 5767 ὅτι
2637 5711 2937 5786 διερρεπές.
2963 5709 3163 5786 Ibidem
3198 5707 3348 5762 deest
3377 5707 3491 5759 ἐστι
3515 5705 3567 5759 in

1997 5787 2159 5840 editis
2189 5801 2202 5837 :
2231 5781 2323 5838 sed
2348 5787 2617 5844 reperitur
2657 5781 2864 5837 in’mss.
2900 5781 3174 5835 omnibus.

2055 5855 2182 5940 .(7l)
2216 5855 2354 5913 Editi
2384 5855 2590 5910 ὑδάτων
2622 5854 2803 5924 φύσις.
2840 5852 2908 5908 At
2940 5867 3069 5906 mss,
3118 5849 3267 5906 tuulti
3298 5847 3502 5904 ὑδάτων
3537 5847 3574 5918 η

1999 5943 2178 5996 φύσις.
