4262 6494
750 420 818 474 ⁸⁵
2103 428 2160 483 s.
2204 423 2451 480 nasum
2490 423 2703 479 MACNI
3937 417 4004 471 si

745 547 1024 616 gregentitr
1055 555 1206 608 aqua:
1247 557 1301 592 tn
1352 543 1803 612 congregationem
1829 560 2010 596 unam.
2048 545 2183 598 Num
2227 560 2327 596 un-
2357 547 2401 600 A

2320 574 2327 582 -
2357 547 2401 600 A
2431 541 2790 608 Συνιιχθήτω
2811 541 2877 593 τὰ
2907 539 3093 592 ὕδατα
3119 541 3204 602 εἰς
3228 536 3768 606 συναγωγὴνίιίαν.
3787 536 3853 589 Εἴ
3874 537 4003 587 ποτε

746 644 904 696 quam
933 631 1023 683 tibi
1052 641 1270 700 pr0pter
1297 631 1402 702 35
1441 633 1641 686 fontem
1667 650 1861 704 aquam
1888 636 2162 703 copiosam
2204 649 2327 703 egeo

746 732 950 776 renlem
974 723 1136 777 stanti
1166 723 1358 778 insedit
1379 725 1655 794 cogitatio,
1677 729 1796 796 quis
1818 743 1882 779 ex
1905 737 2061 782 terra:
2084 729 2206 783 sinu
2230 728 2329 780 im-

747 815 907 882 pellat
935 816 1078 868 illam
1119 818 1358 886 aquam?
1402 820 1525 886 quis
1576 821 1746 891 ipsam
1779 821 2004 876 ulterius
2032 821 2325 885 adurgeat?

746 907 922 975 qualia
971 907 1076 961 sint
1106 911 1468 978 promptuaria
1515 915 1654 966 unde
1679 914 1965 980 procedit?
1999 916 2120 983 quis
2145 915 2216 965 sit
2252 913 2327 964 Io—

747 1015 842 1051 cus
886 1000 952 1052 ad
979 1015 1138 1068 quem
1179 1001 1436 1056 festinat?
1459 1004 1727 1072 quomodo
1772 1007 1987 1059 tandem
2010 1019 2182 1072 neque
2215 1006 2327 1057 ha-c

747 1091 1023 1156 deliciant,
1053 1108 1223 1162 neque
1242 1093 1328 1146 illa
1352 1096 1705 1162 expleantur?
1734 1093 1925 1151 lstlnec
1949 1114 2011 1150 ex
2033 1099 2205 1164 prima
2238 1098 2323 1150 illa

745 1197 879 1237 voce
904 1186 1226 1253 dependent.
1247 1185 1374 1241 lnde
1393 1188 1609 1241 incitata
1629 1202 1768 1254 aqua
1795 1191 1955 1243 estad
1977 1190 2322 1242 currendum.

757 1275 839 1327 Ad
886 1291 1104 1329 onmem
1145 1291 1408 1345 aquarum
1468 1277 1768 1341 historiam,
1827 1281 2010 1348 prima:
2064 1280 2204 1332 illius
2234 1295 2326 1332 vo-

760 1366 858 1431 cis,
886 1366 1275 1438 Congregentur
1302 1383 1469 1436 aquaz,
1492 1385 1697 1422 memor
1723 1381 1859 1424 esto.
1883 1369 2176 1437 Oportebat
2209 1386 2321 1434 eas,

759 1468 816 1512 ut
845 1461 1117 1528 proprium
1153 1461 1322 1512 locum
1358 1471 1705 1528 occuparent,
1753 1464 2083 1528 decurrere;
2134 1463 2324 1518 deinde

749 1549 894 1617 ipsas
926 1551 975 1602 in
1006 1549 1220 1602 statutis
1256 1549 1386 1604 locis
1443 1560 1677 1616 coactas,
1739 1554 1792 1607 in
1842 1554 2039 1622 seipsis
2083 1570 2322 1621 manere,

751 1659 850 1696 nec
885 1641 1112 1698 ulterius
1137 1646 1403 1712 progredi.
1442 1645 1780 1716 Quapropter
1837 1650 2131 1700 secundum
2184 1648 2322 1703 hanc

747 1735 1085 1788 Ecclesiaste
1119 1735 1464 1800 sententiam,
1502 1737 1691 1791 Omnes
1723 1748 1970 1790 torrentes
2021 1740 2211 1791 vadunt
2267 1739 2322 1792 in

747 1843 910 1891 mare,
935 1838 981 1880 et
1035 1844 1178 1880 mare
1212 1845 1314 1882 non
1369 1839 1442 1882 est
1481 1831 1746 1896 impletum
1775 1830 1840 1882 “.
1880 1831 2008 1883 Nam
2049 1842 2103 1883 et
2153 1829 2321 1886 ﬂuunt

747 1935 904 1983 aqua!
935 1920 985 1972 vi
1020 1920 1186 1973 divini
1224 1921 1494 1988 praecepti,
1526 1931 1580 1974 et
1611 1921 1779 1976 maris
1814 1923 1952 1976 intra
1985 1937 2111 1976 suos
2135 1927 2319 1977 tenni-

749 2026 848 2064 nos
879 2011 1304 2078 circumscriptio
1330 2027 1356 2064 a
1390 2012 1559 2079 prima
1603 2013 1733 2083 legis
1765 2015 2046 2073 sanctione
2073 2017 2273 2084 pendet
2305 2035 2320 2071 :

749 2101 1137 2171 Congregentur
1167 2120 1317 2173 aqua:
1368 2105 1420 2157 in
1448 2107 1894 2175 congregationem
1950 2122 2131 2160 unum.
2163 2107 2230 2163 Ut
2258 2125 2324 2162 ne

747 2193 990 2248 diﬂluens
1017 2210 1173 2265 aqua,
1208 2196 1258 2249 in
1297 2199 1539 2263 regiones
1571 2199 1739 2264 ipsam
1767 2198 2102 2268 excipientes
2129 2199 2319 2265 eﬂ‘usa,

749 2285 1145 2354 transgrediens
1177 2300 1410 2352 semper,
1430 2299 1589 2355 atque
1613 2287 1746 2342 alias
1777 2299 1898 2358 post
1924 2290 2056 2344 alias
2080 2294 2320 2358 explens,

748 2391 959 2430 omnem
990 2386 1185 2430 terram
1234 2381 1598 2434 continentem
1634 2382 1939 2443 inundaret,
1979 2386 2128 2450 jussu
2156 2397 2237 2439 est
2271 2389 2320 2437 in

748 2483 909 2521 unam
973 2474 1446 2541 congregationem
1493 2474 1686 2544 colligi.
1737 2476 1818 2530 0b
1854 2477 1903 2528 id
1955 2492 2324 2545 saepenumero

748 2561 1131 2618 ventisJurens
1166 2581 1332 2627 mare,
1357 2575 1404 2620 et
1434 2581 1540 2633 pra:
1581 2567 1826 2619 ﬂuctibus
1850 2567 1900 2619 in
1929 2569 2215 2622 maximam
2245 2572 2323 2622 al-

749 2647 1033 2708 titudinem
1083 2671 1399 2726 exsurgens,
1436 2660 1520 2710 ubi
1565 2657 1740 2709 littora
1792 2659 1962 2711 solum
1999 2661 2193 2729 attigit,
2236 2663 2327 2714 im-

749 2755 872 2812 petu
925 2745 976 2798 in
1033 2761 1276 2812 spumam
1315 2747 1606 2809 dissoluto,
1641 2749 1945 2804 revertitur.
1972 2750 2052 2803 An
2101 2769 2180 2804 me
2226 2771 2327 2806 nou

748 2832 1014 2895 timebitis,
1041 2835 1168 2886 dicit
1203 2835 1475 2899 Dominus,
1509 2840 1597 2906 qui
1627 2841 1775 2903 posui
1807 2857 2020 2895 arenam
2053 2846 2325 2899 terminum

748 2925 886 2976 mari
917 2923 961 2953 "
992 2923 1017 2977 ἲ
1044 2923 1187 2978 Mare
1231 2927 1382 2993 Cujus
1427 2927 1673 2982 violentia
1711 2929 1837 2984 ferri
1882 2947 1984 2986 non
2029 2945 2233 3000 potest,
2273 2953 2328 2990 re

750 3015 989 3067 omnium
1028 3015 1449 3081 invalidissima,
1479 3033 1639 3073 arena
1685 3021 1887 3077 scilicet
1928 3025 2228 3079 refrenatur
2268 3043 2330 3080 ac

751 3116 1046 3158 coercetur.
1102 3107 1310 3176 Alioqui
1352 3110 1478 3176 quid
1515 3112 1842 3178 prohiberet
1891 3129 2037 3167 mare
2091 3114 2327 3170 Rubrum

751 3210 962 3248 omnem
995 3195 1283 3267 Egyptum
1307 3214 1363 3252 se
1394 3201 1506 3266 ipso
1539 3201 1908 3255 demissiorem
1937 3205 2191 3260 invadere
2213 3246 2226 3266 ,
2246 3209 2292 3259 ei
2312 3238 2327 3247 -
2356 3240 2399 3298 Ο

754 3303 857 3355 que
881 3287 1238 3358 pelago,quod
1270 3289 1503 3361 Egypto
1530 3291 1736 3360 adjacet
1763 3293 2031 3364 conjungi,
2058 3295 2156 3349 nisi
2187 3297 2334 3351 esset

753 3381 1059 3434 Conditoris
1077 3393 1341 3451 prtecepto
1362 3383 1670 3452 alligatum?
1691 3381 1822 3438 Nam
1855 3387 1942 3455 qui
1980 3388 2145 3441 maria
2170 3387 2334 3458 Αἰθι-

751 3472 990 3540 ptiacum
1024 3486 1076 3526 et
1104 3473 1365 3537 Indicum,
1400 3477 1449 3528 in
1483 3491 1587 3544 quo
1610 3486 1692 3530 est
1716 3493 1862 3532 mare
1898 3479 2162 3542 Rubrum,
2195 3481 2334 3535 inter

751 3577 810 3615 se
844 3563 1176 3632 conjungere
1231 3566 1532 3624 voluerunt.
1566 3568 1598 3619 ii
1631 3567 1924 3637 Egyptum
1984 3575 2119 3624 mari
2150 3572 2333 3628 Rubro

753 3657 1122 3710 demissiorem
1151 3671 1270 3710 esse
1302 3659 1458 3712 nobis
1491 3659 1667 3727 reipsa
1693 3673 2093 3727 persuaserunt.
2127 3665 2331 3729 Quatu-

753 3751 938 3803 obrem
963 3751 1219 3804 destitere
1254 3750 1321 3804 ab
1354 3753 1570 3821 incepto
1613 3751 1901 3822 Egyptius
1922 3753 2010 3808 ille
2042 3753 2328 3821 Sesostris,

753 3841 843 3909 qui
881 3842 931 3894 id
961 3858 1244 3912 aggressus
1272 3854 1355 3898 est
1384 3847 1609 3912 primus,
1639 3856 1865 3914 tumque
1895 3847 2090 3900 Darius
2121 3847 2328 3911 Medus,

751 3932 841 3999 qui
873 3933 971 3985 hoc
1004 3933 1174 4001 ipsum
1223 3937 1480 4002 perlicere
1517 3937 1568 3989 in
1603 3940 1838 3990 animum
1871 3939 2174 3994 induxerat.
2204 3938 2328 3994 Haec

752 4037 785 4076 a
817 4037 903 4076 me
930 4023 1070 4076 dicta
1100 4035 1243 4089 sunt,
1273 4035 1330 4079 ut
1378 4027 1484 4080 vim
1517 4038 1679 4096 atque
1711 4025 2004 4082 elﬁcaciar‘.
2059 4030 2326 4100 intelliga-

753 4129 875 4166 mus
932 4113 1093 4178 illius,
1141 4115 1531 4188 Congregentur
1564 4135 1713 4189 aqua:
1766 4120 1821 4173 in
1876 4123 2330 4190 congregationem

754 4220 935 4258 unam.
967 4205 1076 4260 Hoc
1099 4218 1200 4274 est,
1229 4210 1345 4262 Alia
1381 4219 1499 4278 post
1531 4212 1668 4264 hanc
1717 4214 2065 4281 congregatio
2110 4214 2330 4268 minime

755 4295 847 4348 [lat
869 4335 882 4358 ,
919 4297 1009 4350 sed
1041 4300 1090 4352 id
1119 4303 1260 4368 quod
1291 4302 1575 4356 collectum
1606 4304 1705 4367 est,
1729 4303 1779 4356 in
1811 4304 1981 4371 prima
2014 4303 2329 4358 collectione

754 4398 1081 4455 permaneat.

831 4661 878 4712 4.
929 4661 1127 4717 Deinde
1178 4663 1267 4731 qui
1322 4679 1486 4732 aquas
1535 4664 1669 4718 dixit
1719 4664 2033 4735 congregari
2069 4665 2120 4719 in
2157 4681 2317 4719 unam

829 4795 873 4826 "
906 4795 1083 4850 Eccle.
1117 4813 1154 4860 ι,
1195 4796 1244 4851 7.
1326 4797 1370 4828 ⁸³
1407 4796 1516 4852 Jer.
1547 4814 1600 4860 ν,
1633 4797 1724 4853 92.

857 4927 942 4998 72)
966 4928 1038 4982 lla
1063 4943 1193 4983 mss.
1229 4931 1500 4998 permulti.
1536 4932 1697 4988 Deest
1717 4933 1875 4987 τοῦτο
1903 4934 1955 4987 in
1983 4934 2166 4988 editis.

758 5069 789 5122 λ
830 4993 941 5084 (75)
971 5000 1047 5052 lla
1078 4993 1294 5069 plurimi
1329 5019 1458 5056 mss.
1496 5004 1638 5057 Editi
1664 5021 1787 5059 cum
1819 5004 1954 5074 Reg.
1998 5007 2159 5058 tertio
2199 5007 2323 5058 ἐπι-

794 5086 958 5122 ειπει.

794 5086 958 5122 ειπει.

832 5140 943 5217 (74)
973 5138 1105 5217 Reg.
1137 5151 1330 5195 sextus
1350 5142 1676 5217 καταλάϐοι.
1702 5144 1996 5215 Aliquanto
2032 5153 2154 5214 post
2189 5151 2324 5217 Heg.

758 5210 964 5283 primus
995 5212 1067 5281 μὴ
1099 5216 1418 5283 συγχωρεῖν.

829 5280 941 5350 (75)
980 5280 1070 5334 Sic
1103 5280 1233 5337 mss.
1268 5280 1458 5338 nostri.
1502 5284 1661 5338 Deest
1685 5285 1780 5337 τοῦ
1805 5287 1856 5338 in
1886 5285 2122 5349 editione
2147 5287 2324 5344 Paris.

758 5351 967 5418 Anglici
1011 5353 1231 5427 quidam
1280 5354 1330 5406 in
1391 5354 1568 5427 βπερὶ
1619 5355 1762 5410 notis
1809 5355 2323 5427 Ἐκκλησιαστικοῦ,

758 5431 946 5494 contra
972 5425 1351 5476 auctoritatem
1389 5423 1652 5477 librorum
1688 5435 1797 5478 tum
1825 5423 2178 5494 excusorum,
2213 5438 2323 5482 tum

762 5491 968 5545 calamo
994 5503 1364 5544 exaratorutn.

830 5560 942 5628 (76)
968 5559 1058 5615 Sic
1084 5564 1322 5629 quinque
1356 5578 1485 5618 mss.
1516 5561 1659 5616 Editi
1686 5583 1752 5618 πε
1799 5583 1812 5616 ι
1862 5565 2150 5635 paea-30m.

833 5631 946 5687 (77)
988 5631 1116 5687 Rea.
1153 5636 1371 5687 auinlns
1394 5635 1441 5684 εἱ
1466 5634 1565 5687 ἐμὲ
1599 5636 1681 5687 οὐ.
1889 5637 1959 5687 μὴ
1986 5639 2084 5687 ἐμὲ
2106 5639 2150 5687 οι

833 5631 946 5706 (77)
988 5631 1371 5706 Reg._quinl_ns
1394 5635 1441 5684 εἱ
1466 5634 1570 5706 ἐμὲ,
1594 5636 1681 5706 οὐ.
1711 5631 1960 5706 [ιΧΧμὴ
1986 5639 2084 5706 ἐμὲ
2106 5639 2186 5690 οὐ.
2212 5637 2330 5690 Sta-

764 5702 859 5753 tlm
878 5702 1018 5777 Alt‘eg.
1053 5704 1270 5768 quintus
1295 5704 1418 5773 ὅρια
1439 5706 1540 5777 τῇ.Δ
1561 5705 1679 5758 Mox
1697 5706 1861 5759 editio
1890 5702 2060 5759 Paris.
2090 5705 2330 5777 χαλινοῦ-

763 5789 850 5827 ται
875 5769 1119 5844 Θάλασσα
1151 5788 1165 5824 :
1191 5788 1310 5841 quae
1331 5769 1433 5844 vox
1461 5769 1702 5828 Θάλασσα
1737 5777 2003 5844 reperitur
2029 5769 2244 5839 quidem
2278 5780 2326 5828 in

766 5842 1004 5912 Anglicis
1032 5843 1187 5897 libris
1231 5859 1244 5896 :
1283 5843 1375 5900 sed
1412 5845 1565 5901 deest
1601 5849 1654 5902 in
1712 5842 1940 5916 utroque
1991 5848 2123 5903 Duc.
2175 5859 2229 5904 et
2276 5849 2328 5903 in

2431 652 2512 686 σοι
2559 633 2651 686 ἐπὶ
2703 633 2911 704 κρήνης
2954 631 3148 685 ἑστῶτι
3191 631 3422 700 ἄφθονον
3469 629 3611 698 ὕδωρ
3652 629 4002 696 ἀναδιδούσης

2427 726 2604 779 ἔννοια
2630 727 2866 795 ἐγένετο,
2894 726 2974 789 τίς
3001 724 3028 774 ὁ
3070 723 3226 774 ὠθῶν
3273 727 3336 777 ἐκ
3363 724 3466 777 τῶν
3498 721 3736 789 λαγόνων
3769 723 3870 792 τῆς
3901 720 4003 788 γῆς

2429 817 2586 870 τοῦτο
2622 819 2734 888 (72)
2773 817 2832 868 τὸ
2865 817 3040 888 ὕδωρ;
3077 815 3158 876 τίς
3201 817 3228 866 0
3270 816 3504 883 ἐπείγων
3535 814 3627 867 ἐπὶ
3675 812 3740 864 τὰ
3774 817 3999 884 πρόσω;

2427 913 2556 963 ποῖα
2602 913 2801 979 ταμεῖα
2845 907 2966 960 ὅθεν
3018 906 3371 978 προέρχεται;
3417 909 3497 970 τίς
3541 909 3567 959 0
3618 906 3780 966 τόπος
3833 907 3918 971 ἐφ’
3946 905 4002 956 ὃν

2429 1005 2741 1070 ἐπείγεται;
2776 1001 2889 1063 πῶς
2914 1003 3008 1053 καὶ
3038 1000 3209 1054 ταῦτα
3237 999 3335 1050 οὐκ
3353 999 3594 1052 ἐκλείπει
3613 1000 3746 1069 (75),
3775 997 4002 1050 κάκεῖνα

2427 1097 2526 1147 οὐκ
2550 1095 2965 1163 άποπὶμπλαται
2984 1111 2996 1156 ;
3017 1093 3199 1146 Ταῦτα
3219 1093 3315 1161 τῆς
3338 1090 3557 1159 πρώτης
3588 1093 3801 1160 ἐκείνης
3820 1091 4000 1158 φωνῆς

2426 1188 2676 1258 ιἤρτηται.
2711 1186 2947 1239 Ἐκεῖθεν
2967 1184 3060 1236 τοῦ
3087 1186 3297 1255 τρέχειν
3331 1183 3406 1252 τῷ
3441 1182 3592 1235 ὕδατι
3622 1187 3682 1237 τὸ
3705 1183 3996 1251 ἐνδόσιμον.

2426 1280 2578 1332 Κατὰ
2613 1279 2789 1329 πᾶσαν
2838 1277 3075 1347 ἱστορίαν
3103 1279 3329 1342 ὑδάτων,
3367 1276 3610 1348 μέμνησο
3645 1279 3744 1346 τῆς
3779 1275 4001 1349 πρώτης

2430 1373 2632 1440 φωνῆς·
2665 1369 3025 1440 Συναχθήτω
3061 1369 3131 1420 τὰ
3162 1370 3368 1424 ὒδατα,
3402 1368 3547 1421 Ἔδει
3569 1367 3798 1436 δραμεῖν
3839 1367 3996 1430 αὐτὰ,

2428 1464 2514 1515 ἵνα
2538 1462 2632 1531 τὴν
2660 1463 2864 1514 οἰκείαν
2895 1461 3170 1531 καταλάϐῃ
3206 1461 3314 1529 (74)
3345 1461 3543 1532 χώραν’
3584 1456 3699 1511 εἶτα
3733 1462 4000 1532 γενόμενα

2425 1561 2482 1611 ἐν
2507 1560 2617 1618 τοῖς
2641 1557 3046 1628 ἀφωρισμένοις
3078 1553 3282 1616 τόποις,
3323 1553 3501 1621 μένειν
3528 1554 3610 1620 ἐφ’
3642 1553 3870 1614 ἑαυτῶν,
3911 1555 4002 1606 καὶ

2427 1652 2498 1721 μὴ
2531 1651 2726 1719 χωρεῖν
2771 1647 3096 1717 περαιτέρω.
3136 1645 3232 1697 Διὰ
3266 1644 3441 1708 τοῦτο,
3469 1646 3609 1699 κατὰ
3639 1644 3730 1696 τὸν
3766 1645 3861 1695 τοῦ
3892 1646 3998 1714 (75)

2436 1737 2858 1807 Ἐκκλησιαστοῦ
2897 1736 3073 1802 λόγον,
3108 1734 3334 1797 Πάντες
3350 1735 3402 1785 οἱ
3435 1734 3731 1802 χείμαρῤοι
3766 1732 3861 1783 ἐπὶ
3892 1735 4002 1798 τὴν

2424 1833 2740 1883 θάλασσαν
2770 1828 3140 1894 πορεύονται,
3193 1824 3289 1877 καὶ
3319 1825 3355 1891 ή
3386 1823 3663 1878 θάλασσα
3693 1826 3802 1878 οὐκ
3834 1823 4004 1876 ἔστιν

2421 1921 2904 1993 ἐμπιμπλαμένη.
2945 1919 3160 1989 Ἐπειδὴ
3196 1918 3286 1971 καὶ
3322 1917 3382 1969 τὸ
3434 1920 3545 1988 ῥεῖν
3573 1922 3683 1982 τοῖς
3711 1918 3864 1971 ὕδασι
3917 1916 4001 1968 διὰ

2423 2015 2482 2068 τὸ
2509 2015 2648 2066 Θεῖον
2685 2014 3031 2083 πρόσταγμα,
3083 2013 3174 2064 καὶ
3215 2010 3273 2062 τδ
3307 2009 3437 2061 εἵσω
3475 2010 3582 2063 τῶν
3611 2013 3750 2082 ὅρων
3779 2024 4000 2078 περιγε-

2424 2107 2663 2179 γράφθαι
2701 2106 2812 2175 (76)
2841 2105 2940 2174 τὴν
2971 2105 3263 2164 Θάλασσαν,
3298 2102 3432 2160 ,ἀπὸ
3465 2104 3562 2174 τῆς
3613 2105 3833 2174 πρώτης
3891 2103 4004 2154 ἐστὶ

2421 2196 2764 2266 νομοθεσίας·
2814 2195 3176 2264 Συναχθήτω
3205 2192 3274 2244 τὰ
3304 2193 3490 2246 ’ὕδατα
3521 2197 3607 2258 εἰς
3642 2193 4004 2263 συναγωγὴν

2414 2288 2582 2355 μίαν.
2605 2288 2720 2338 Ἵνα
2752 2285 2825 2356 μὴ
2842 2285 2902 2340 τὸ
2932 2283 3184 2357 ἐπιρρέον
3217 2282 3381 2356 ὕδωρ,
3408 2284 3514 2336 τῶν
3542 2284 3845 2353 δεχομένων
3877 2285 4006 2337 αὐτὸ

2422 2379 2635 2450 χωρίων
2683 2379 3101 2449 ὑπερχεόμενον,
3133 2378 3480 2445 μετεκὸαῖνον
3513 2376 3598 2426 ἀεὶ
3649 2376 3743 2426 καὶ
3778 2375 3913 2427 ἄλλα
3947 2377 4003 2440 ἐξ

2424 2471 2597 2524 ἄλλων
2639 2471 2899 2542 πληροῦν,
2965 2471 3142 2520 πᾶσαν
3191 2469 3330 2522 κατά
3380 2467 3438 2518 τὸ
3488 2467 3706 2535 συνεχὲς
3735 2465 4004 2540 ἐπικλύσῃ

2423 2564 2521 2634 τὴν
2552 2565 2798 2634 ἠπειρον,
2857 2560 3150 2629 ἐκελεύσθη
3195 2559 3520 2627 συναχθῆναι
3554 2560 3634 2621 εἰς
3684 2561 4003 2629 συναγωγὴν

2428 2654 2577 2723 μίαν.
2633 2655 2728 2706 Διὰ
2779 2652 2935 2704 τοῦτο
2985 2651 3285 2720 μαινομένη
3343 2649 3599 2712 πολλάκις
3632 2649 3692 2714 ἐξ
3721 2651 4002 2720 ἁνέμωνή

2427 2747 2690 2806 Θάλασσα,
2728 2746 2819 2798 καὶ
2876 2745 2954 2805 εἰς
2995 2743 3128 2811 ὕψος
3167 2743 3419 2812 μέγιστον
3475 2742 3859 2813 διανισταμένη
3892 2746 4001 2806 τοῖς

2427 2836 2684 2906 κύμασιν,
2739 2833 2954 2885 ἐπειδὰν
3003 2833 3161 2902 μόνον
3192 2831 3296 2884 τῶν
3351 2831 3612 2900 αἰγιαλῶν
3654 2832 3881 2902 ἅψηται,
3925 2833 4002 2894 εἰς

2430 2927 2604 2998 ἀφρὸν
2651 2926 2949 2979 διαλύσασα
3001 2925 3098 2995 τὴν
3152 2925 3327 2996 ὁρμὴν
3387 2925 3703 2993 ἐπανῆλθεν.
3778 2927 3850 2979 Ἢ
3901 2926 4003 2994 ἐμὲ

2427 3021 2499 3072 οὺ
2551 3017 2664 3089 (77)
2693 3016 3133 3086 φοϐηθήσεσθε,
3164 3017 3324 3086 λέγει
3371 3019 3603 3084 Κύριος,
3637 3017 3745 3070 τὸν
3771 3017 4002 3071 τιθέντα

2428 3109 2621 3177 ἅμμον
2636 3108 2801 3176 ὄριον
2822 3106 2895 3175 τῇ
2922 3107 3202 3174 θαλάσσῃ
3231 3124 3248 3168 ;
3282 3107 3370 3176 Τῴ
3385 3109 3762 3178 ἀσθενεστάτῳ
3787 3110 4000 3161 πάντων

2430 3205 2494 3270 τῇ
2516 3202 2782 3271 ψάμμῳή
2827 3203 2942 3262 ταῖς
2976 3201 3116 3268 βίαις
3152 3200 3424 3269 ἀφόρητος
3474 3201 3806 3270 χαλινοῦται.
3854 3201 4002 3253 Ἱῖιτιτε)⁸

2431 3293 2483 3345 τί
2514 3293 2717 3344 ἐκώλυε
2759 3293 2855 3361 τὴν
2903 3291 3165 3361 Ἐρυθρὰν
3203 3290 3472 3343 Θάλασσαν
3507 3293 3684 3343 πᾶσαν
3709 3292 3809 3360 τὴν
3838 3291 4001 3358 Αἴγυ-

2433 3401 2562 3436 πτον
2586 3382 2895 3453 κοιλοτέραν
2924 3377 3087 3434 οὖσαν
3106 3383 3302 3450 ἑαυτῆς
3331 3380 3594 3444 ἐπελθεῖν,
3618 3381 3712 3434 καὶ
3733 3382 4003 3451 συναφΘῆ-

2431 3492 2518 3528 ναι
2538 3473 2615 3544 τῷ
2648 3472 3034 3544 παρακειμένῳ
3062 3475 3126 3542 τῇ
3176 3471 3435 3542 Αἰγύπτῳ
3467 3473 3713 3540 πελάγει,
3739 3476 3786 3526 εὶ
3825 3476 3899 3547 μὴ
3929 3475 4004 3545 τῷ

2435 3568 2815 3639 προστάγματι
2865 3562 2931 3636 ἦν
2992 3565 3338 3635 πεπεδημένη
3387 3565 3478 3617 τοῦ
3530 3566 3846 3630 κτίσαντος;
3885 3569 4004 3621 ’Ότι

2432 3661 2537 3730 γάρ
2590 3659 2943 3728 ταπεινοτέρα
2976 3660 3072 3729 τῆς
3118 3659 3380 3730 Ἐρυθρᾶς
3426 3658 3763 3729 Θαλάσσηςή
3834 3661 4005 3726 Αἴγυ-

2431 3768 2582 3812 πτος,
2620 3751 3003 3820 ἔργ’ῳὲπεισαν
3033 3753 3178 3820 ἡμᾶς
3213 3754 3258 3803 οἱ
3285 3751 3606 3820 θελήσαντες
3639 3751 3886 3820 ἀλλήλοις
3939 3751 4006 3803 τὰ

2430 3841 2639 3909 πελάγη
2670 3839 2923 3908 συνάψαι,
2951 3841 3011 3891 τό
3040 3857 3099 3892 τε
3132 3841 3424 3907 Αἰγύπτιον
3448 3842 3540 3893 καὶ
3565 3843 3624 3892 τὸ
3673 3842 3916 3908 Ἰνδικὸν,
3947 3845 4004 3895 ὲν

2427 3926 2538 4001 ᾦή
2600 3931 2835 4002 Ἐρυθρά
2881 3933 2994 3982 ἐστι
3047 3930 3156 4000 (78)
3209 3931 3466 3983 Θάλασσα.
3515 3931 3712 4003 Διόπερ
3773 3933 4004 4003 ἐπέσχον

2427 4025 2524 4094 τὴν
2547 4025 2888 4094 ἐπιχείρησιν
2922 4023 2949 4074 ὃ
2973 4040 3030 4074 τε
3091 4023 3305 4094 πρῶτος
3359 4025 3468 4094 (79)
3500 4025 3803 4094 ἀρξάμενος
3833 4027 4006 4079 Σέςω-

2431 4133 2582 4185 στρις
2607 4118 2634 4167 0
2666 4116 2982 4183 Αἰγύπτιος,
3025 4116 3118 4166 κα).
3169 4118 3196 4167 0
3230 4116 3362 4186 μετὰ
3392 4115 3562 4168 ταῦτα
3593 4117 3700 4186 (80)
3728 4117 4004 4188 βουληθεὶς

2428 4205 2896 4277 ἐπεξεργάσασοαι
2956 4208 3178 4277 Δαρεῖος
3207 4209 3234 4259 0
3261 4205 3462 4276 Μῆδος.
3517 4206 3700 4261 Ταῦτά
3738 4225 3827 4277 μοι
3851 4209 4002 4279 εἴρη-

2427 4317 2534 4361 ται,
2566 4300 2652 4350 ἵνα
2695 4301 2977 4368 νοήσωμεν
3019 4297 3116 4348 τοῦ
3158 4297 3575 4367 προστάγματος
3608 4299 3706 4369 τὴν
3751 4299 3999 4369 δύναμιν

2426 4390 2783 4456 Συναχθήτω
2816 4391 2887 4442 τὰ
2903 4389 3084 4441 ὕδατα
3133 4391 3219 4453 εἰς
3247 4389 3607 4457 συναγωγὴν
3636 4393 3803 4457 μίαν.
3840 4391 4003 4444 Τουτ-

2426 4481 2596 4542 ἑστιν,
2620 4481 2787 4549 Ἀλλη
2821 4480 2928 4532 ἀπὸ
2955 4472 3156 4546 ταύτης
3188 4479 3265 4547 μὴ
3305 4481 3719 4549 ἀπογενηΘήτω,
3778 4481 3892 4532 ἀλλ’
3944 4482 4000 4532 ὲν

2347 4587 2395 4644 ι)
2422 4575 2486 4642 τῇ
2518 4576 2708 4642 πρώτῃ
2741 4571 2970 4642 συλλογῇ
3005 4572 3354 4641 ἁπομεινάτω
3381 4570 3441 4622 τὸ
3473 4572 3858 4641 συναγόμενον.

2494 4665 2546 4717 4.
2586 4665 2817 4717 Ἔπειτα
2855 4663 3070 4716 ὁείπὼν
3103 4662 3429 4734 συναχθῆναι
3473 4663 3540 4715 τὰ
3569 4663 3734 4715 ὕδατα
3768 4666 3849 4727 εἰς
3880 4681 3999 4716 συν-

2430 4955 2520 4993 sex
2556 4939 2672 4993 aliis
2699 4953 2825 4991 mss.
2872 4952 2975 4990 non
3010 4952 3165 4990 secus
3192 4953 3255 4990 ac
3301 4937 3352 4990 in
3394 4937 3628 4990 editione
3675 4935 3841 4991 Basil.
3893 4939 3997 4994 Eu-

2432 5013 2666 5062 stathius
2701 5019 2875 5061 tamen
2909 5011 3316 5074 interpretatur,
3351 5008 3514 5061 .lussu
3565 5007 3658 5059 Dei
3690 5009 3994 5061 violentiam

2434 5082 2595 5133 maris
2637 5078 2828 5145 frenat.
2881 5078 3228 5130 Aristotelem
3294 5088 3508 5130 secutus
3573 5075 3804 5131 Basilius
3855 5079 3997 5132 afﬁr-

2436 5152 2598 5203 mavit
2645 5147 2934 5216 Aigyptum
2989 5148 3120 5199 mari
3177 5145 3359 5200 Rubro
3421 5146 3818 5216 depressiorem
3880 5164 3995 5202 esse

2433 5230 2593 5286 atque
2633 5215 2972 5271 humiliorem
3006 5235 3017 5270 :
3047 5219 3141 5288 sed
3187 5219 3382 5270 Strabo
3439 5215 3656 5288 natione
3706 5218 3992 5288 Egyptius

2427 5285 2622 5343 falsttm
2659 5289 2708 5340 id
2754 5304 2875 5342 esse
2934 5288 3097 5338 tradit
3133 5287 3224 5338 lih.
3279 5303 3410 5341 xvn.
3467 5285 3639 5354 Legas
3684 5285 3847 5340 velim
3893 5288 3993 5340 Du-

2425 5375 2592 5412 camm
2621 5373 2683 5410 ea
2709 5358 2771 5410 de
2803 5375 2856 5410 re
2883 5357 3088 5409 erudite
3111 5358 3484 5410 disserentem.

2498 5427 2607 5497 (78)
2635 5429 2708 5480 Ita
2735 5429 2899 5480 editio
2925 5426 3089 5479 Basil.
3118 5443 3238 5478 cum
3287 5443 3378 5482 sex
3413 5443 3544 5481 mss.
3589 5427 3744 5479 Deest
3775 5428 3893 5478 ἐστι
3941 5429 3990 5478 in

2425 5498 2662 5551 editione
2695 5498 2865 5550 Paris.

2503 5567 2970 5652 (79)»ltq'codices
3014 5581 3129 5619 sex.
3163 5567 3294 5636 Reg.
3332 5577 3554 5620 octavus
3600 5566 3689 5617 ὅτε
3739 5565 3980 5636 πρώτως.

2431 5636 2591 5691 Deest
2617 5636 2784 5689 ὃτεἿιι
2821 5636 2998 5689 editis.

2500 5707 2608 5777 (80)
2632 5706 2739 5760 Kal
2761 5709 2796 5777 gl
2816 5707 2963 5774 μετὰ
2991 5704 3191 5777 ταῦτα.
3229 5705 3360 5777 Reg.
3391 5716 3593 5777 sextus
3615 5699 3732 5756 εἶτα
3766 5706 3816 5758 0.
3854 5705 3990 5760 Infra

2432 5773 2700 5833 idem-ms.
2733 5773 2876 5847 εἶχον
2912 5777 3092 5829 πᾶσαν
3117 5776 3220 5829 τῶν
3245 5776 3451 5828 ὑδάτων
3485 5774 3768 5846 συλλογήν.
3862 5781 3873 5794 ⁶
