4262 6510
243 484 318 537 85
1374 475 1660 531 HOMILIA
1704 475 1772 529 IV
1812 474 1878 528 ΙΝ
1920 477 2414 533 HEXAEMERON.
3421 473 3490 525 86

243 600 470 668 αγωγὴν
499 597 642 667 μίαν.
688 596 854 661 ἔδειξέ

243 689 446 751 τόπους
477 688 776 760 διῃρημένα
833 688 900 740 τά
953 686 1138 739 ὕδατα.
1190 685 1257 736 Αἵ
1279 701 1337 736 τε
1377 683 1484 753 γὰρ
1537 683 1641 734 τῶν
1675 682 1815 752 ὀρῶν

244 780 574 849 κοιλότητες,
619 776 857 860 φάραγξι
905 778 1147 848 βαθείαις
1181 776 1613 846 ὑπερῤηγμέναι,
1674 770 1815 843 εἶχον

242 871 353 923 τῶν
383 871 590 924 ὑδάτων
623 873 721 942 τὴν
750 873 1028 942 συλλογήν,
1057 872 1169 924 Καὶ
1200 870 1423 940 προσέτι
1456 868 1612 920 πεδία
1644 867 1815 920 πολλά

242 980 304 1015 τε
357 963 448 1015 καὶ
510 963 676 1016 ὕπτια
731 963 878 1017 οὐδὲν
922 961 1188 1033 (81).τῶν
1245 962 1512 1030 μεγίστων
1564 957 1814 1025 πελαγῶν

244 1053 389 1106 κατὰ
435 1054 496 1106 τὸ
538 1054 761 1123 μέγεθος
822 1052 1137 1114 ἀποδέοντα,
1194 1053 1288 1104 καὶ
1335 1049 1572 1113 αὐλῶνες
1609 1049 1813 1119 μυρίοι,

244 1148 341 1200 καὶ
368 1148 423 1200 αἱ
451 1146 695 1209 κοιλάδες
728 1148 846 1198 κατ’
890 1145 1023 1199 ἄλλα
1057 1145 1151 1197 καὶ
1177 1144 1309 1197 ἄλλα
1338 1145 1592 1213 σχήματα
1617 1143 1818 1195 κοιλαι-

243 1241 487 1310 νόμεναι,
523 1240 697 1291 πάντα
731 1236 938 1290 ὑδάτων
985 1238 1103 1289 τότε
1156 1235 1581 1305 πεπληρωμένα,
1616 1236 1817 1287 ἀπεκε-

243 1329 392 1401 νώθη
416 1331 493 1401 τῷ
526 1331 653 1399 θείῳ
709 1329 1107 1401 προστάγματι,
1163 1327 1298 1398 πρὸς
1329 1327 1457 1396 μίαν
1499 1326 1817 1393 συναγωγὴν

241 1420 338 1474 τοῦ
370 1420 707 1489 πανταχόθεν
764 1419 953 1481 ὓδατος
1001 1414 1435 1476 συνελασθέντος.
1486 1414 1595 1466 Καὶ
1631 1412 1817 1482 μηδεὶς

241 1513 467 1581 λεγέτω,
499 1511 600 1570 ὅτι,
633 1511 806 1581 Εἴπερ
828 1505 894 1580 ἦν
935 1507 1076 1577 ὕδωρ
1106 1506 1288 1558 ἐπάνω
1313 1505 1413 1573 τῆς
1458 1505 1579 1573 γῆς,
1604 1504 1818 1563 πάντως

243 1605 415 1656 πᾶσαι
459 1601 514 1652 αἱ
551 1599 878 1675 κοιλότητες,
912 1599 966 1651 αἱ
997 1597 1091 1648 νῦν
1125 1595 1220 1666 τὴν
1257 1594 1528 1647 Θάλασσαν
1555 1591 1816 1658 ὑποδεξά-

244 1712 424 1766 μεναι,
465 1692 890 1764 πεπληρωμέναι
923 1691 1187 1762 ὑπῆρχον.
1240 1688 1348 1741 Ποῦ
1379 1687 1554 1739 τοίνυν
1598 1684 1817 1756 ἔμελλον

240 1784 486 1854 γίνεσθαι
509 1783 616 1836 τῶν
643 1785 848 1836 ὑδάτων
882 1784 937 1835 αί
974 1781 1229 1849 συλλογα“ι
1256 1779 1390 1848 (89.),
1415 1778 1819 1848 προκατειλημ-

245 1873 420 1945 μένων
451 1875 557 1928 τῶν
589 1874 812 1938 κοίλων;
849 1873 992 1945 Πρὸς
1021 1873 1082 1942 δὴ
1127 1869 1282 1924 τοῦτο
1310 1868 1561 1939 ἐροῦμεν,
1591 1869 1670 1920 ὅτι
1695 1868 1818 1921 τότε

241 1969 336 2020 καὶ
361 1967 428 2022 τὰ
457 1969 654 2036 ἀγγεῖα
684 1963 1218 2035 συγκατεσκευάσθη,
1239 1961 1440 2015 ὄτιὲδει
1468 1961 1596 2031 μίαν
1621 1959 1822 2012 σύστα-

242 2073 327 2110 σιν
357 2057 722 2129 ἀποκριθῆναι
760 2057 821 2108 τὸ
846 2054 1090 2125 ὔδωρ.οὑ
1117 2052 1226 2122 γὰρ
1257 2047 1324 2123 ἦν
1352 2053 1385 2121 ἡ
1420 2049 1524 2114 ἔξω
1548 2050 1818 2121 Γαδείρων

240 2147 505 2201 Θάλασσα·
531 2148 651 2200 οὐδὲ
684 2147 745 2200 τὸ
773 2148 911 2216 μέγα
949 2146 1124 2197 ἐκεῖνο
1171 2145 1265 2197 καὶ
1323 2142 1626 2212 άτόλμητον
1669 2142 1816 2195 πλω-

239 2238 404 2310 τῆρσι
427 2237 680 2305 πέλαγος,
729 2236 788 2288 τὸ
814 2235 910 2305 τὴν
960 2232 1323 2305 Βρεττανικὴν
1369 2232 1533 2300 νῆσον
1566 2231 1659 2284 καὶ
1690 2231 1818 2293 τοὺς

238 2330 526 2402 ἑσπερίους
567 2328 789 2398 Ἴϐηρας
830 2325 1348 2398 περιπτυσσόμενον·
1376 2323 1511 2376 ἀλλὰ
1543 2322 1663 2374 τότε
1719 2321 1818 2391 τῆς

239 2421 578 2496 εὐρυχωρίας
624 2419 702 2490 τῷ
749 2421 1132 2491 προστάγματι
1166 2417 1261 2470 τοῦ
1315 2415 1450 2469 Θεοῦ
1484 2415 1818 2483 δημιουργη-

239 2516 445 2583 θείσης,
492 2513 576 2566 ἐπ’
607 2512 773 2583 αὑτὴν
824 2510 1079 2581 συνεδόθη
1129 2509 1234 2562 τῶν
1277 2507 1482 2560 ὑδάτων
1510 2505 1578 2558 τά
1613 2504 1813 2576 πλήθη.

238 2607 383 2676 Πρὸς
413 2603 470 2658 δὲ
490 2603 569 2668 τὸ,
603 2607 684 2658 ὅτι
714 2602 1046 2664 ὑπεναντίως
1074 2601 1186 2670 ἔχει
1214 2602 1278 2670 τῇ
1315 2598 1476 2669 πείρᾳ
1508 2599 1536 2650 ό
1559 2597 1660 2667 τῆς
1688 2598 1814 2668 παρ’

237 2699 368 2768 ἡμῖν
412 2697 765 2768 κοσμοποιίας
818 2696 974 2763 λόγος
1012 2693 1088 2762 (οὑ
1137 2692 1246 2762 γὰρ
1284 2693 1364 2755 εἰς
1418 2691 1544 2762 μίαν
1572 2707 1814 2757 συναγω-

237 2791 341 2861 γὴν
399 2790 607 2842 ὑδάτων
643 2788 703 2841 τὸ
762 2787 904 2856 ὕδωρ
963 2786 1106 2839 ἆπαν
1159 2785 1407 2853 φαίνεται
1465 2783 1812 2854 συνδραμὸν),

238 2881 410 2936 πολλὰ
442 2884 540 2949 μὲν
572 2880 718 2947 ἔστιν
742 2881 936 2941 εἰπεῖν,
973 2879 1066 2932 καὶ
1101 2880 1263 2932 πᾶσιν
1290 2877 1516 2931 αὐτόθεν
1541 2876 1810 2948 γνὼριμα’

240 2976 452 3046 μήποτε
477 2975 533 3028 δὲ
563 2975 656 3026 καὶ
687 2969 746 3026 τὸ
775 2970 1134 3043 διαμάχεσθαι
1164 2972 1276 3033 τοῖς
1294 2969 1559 3032 τοιούτοις
1584 2968 1809 3036 γελοῖον.

237 3068 314 3120 Οὑ
343 3068 514 3138 δήπου
549 3064 656 3137 γὰρ
684 3065 778 3118 καὶ
809 3065 877 3117 τά
910 3065 1232 3134 τελματιαῖα
1250 3101 1266 3127 ,
1293 3062 1387 3115 καὶ
1415 3063 1482 3114 τὰ
1509 3061 1567 3125 ἐξ
1594 3059 1813 3130 ὄμϐρων

238 3156 702 3229 συναθροιζόμενα
734 3158 1028 3228 προφέρειν
1072 3157 1201 3224 ἡμῖν
1256 3154 1550 3223 ὀφείλουσι,
1583 3153 1676 3205 καὶ
1726 3152 1814 3204 διὰ

233 3248 443 3303 τούτων
468 3249 560 3303 τὸν
587 3249 742 3317 λόγον
770 3247 923 3318 ἡμῶν
958 3247 1199 3315 ἐλέγχειν
1245 3243 1481 3310 οἷεσθαι;
1528 3243 1687 3297 Ἀλλά
1715 3245 1812 3315 τὴν
1841 3282 1886 3344 c

241 3343 504 3413 μεγίστην
535 3342 626 3394 καὶ
678 3339 1012 3409 τελεωτάτην
1066 3338 1174 3408 (85)
1224 3336 1523 3408 συνδρομὴν
1549 3335 1656 3390 τῶν
1689 3335 1814 3389 ὑδά-

237 3435 347 3488 τῶν
374 3435 620 3504 ὠνόμασε
668 3431 986 3503 συναγωγὴν
1021 3433 1170 3503 μίαν.
1228 3431 1338 3485 Καὶ
1377 3431 1485 3502 γὰρ
1512 3429 1580 3484 τὰ
1609 3429 1816 3500 φρέατα

239 3523 554 3591 συναγωγαὶ
579 3522 786 3575 ὑδάτων
819 3523 925 3575 είσὶ
953 3522 1338 3593 χειροποίητοι,
1390 3522 1484 3573 ἐπὶ
1518 3519 1576 3572 τὸ
1597 3519 1812 3571 κοιλαν-

237 3615 326 3669 θὲν
359 3616 457 3685 τῆς
483 3615 588 3685 γῆς
613 3616 708 3686 τῆς
739 3614 1148 3685 ὲνεσπαρμένης
1177 3613 1376 3688 νοτίδος
1427 3610 1809 3681 ἐπιρρεούσης.

233 3707 312 3762 οὑ
347 3709 526 3761 τοίνυν
548 3708 616 3760 τὰ
650 3707 877 3777 τυχόντα
910 3707 1032 3758 τῶν·
1059 3704 1261 3758 ὑδάτων
1296 3705 1634 3775 ἀθροίσματα
1657 3707 1689 3776 ἡ
1716 3704 1814 3773 τῆς

238 3803 561 3871 συναγωγῆς
586 3801 694 3870 (84)
737 3800 988 3871 ἐμφαίνει
1017 3799 1373 3871 προσηγορία.
1404 3799 1541 3854 ἀλλὰ
1578 3800 1677 3869 τὴν
1729 3797 1816 3862 ἐξ-

235 3895 469 3963 έχουσαν
494 3893 587 3944 καὶ
623 3893 905 3962 μεγίστην,
936 3893 991 3944 ἐν
1085 3893 1190 3944 πᾶν
1223 3890 1284 3943 τὸ
1326 3893 1584 3960 στοιχεῖον
1622 3890 1813 3960 ἀθρόον

234 3983 617 4038 διαδείκνυται.
638 3985 848 4053 Ὥσπερ
872 3985 980 4054 γὰρ
1007 3984 1068 4035 τὸ
1109 3983 1216 4054 πῦρ
1250 3983 1341 4036 καὶ
1370 3986 1448 4047 είς
1505 3982 1676 4054 μικρὰ
1719 3999 1814 4034 κα-

234 4075 812 4144 τακεκερματισμένον
859 4076 1005 4127 ἐστὶν
1065 4075 1157 4126 ἐπὶ
1207 4077 1305 4144 τῆς
1330 4070 1431 4128 ὧδε
1475 4077 1682 4145 χρείας,
1722 4076 1814 4127 καὶ

237 4162 545 4236 ἀθρόονὲπὶ
564 4162 657 4214 τοῦ
692 4162 908 4233 αἰθέρος
960 4163 1204 4234 κέχυται.⁸
1242 4164 1335 4216 καὶ
1373 4165 1400 4215 ὁ
1426 4162 1532 4234 ἀὴρ
1562 4163 1813 4233 διῄρηται

241 4258 341 4329 μὲν
388 4255 651 4310 καὶκατὰ
681 4258 869 4328 μικρὰ,
924 4258 1014 4309 καὶ
1057 4256 1268 4326 ἀθρόως
1315 4255 1372 4308 δὲ
1416 4256 1504 4308 τὸν
1540 4255 1814 4325 περίγειον

237 4350 623 4420 ἐκπεριείληφε
645 4350 826 4402 τόπον·
857 4348 997 4401 οὑτω
1028 4350 1120 4401 καὶ
1173 4350 1266 4400 ἐπὶ
1291 4346 1383 4400 τοῦ
1411 4347 1619 4411 ὓδατος,
1647 4348 1694 4399 εἰ
1721 4347 1815 4398 καὶ

240 4443 435 4510 μικραί
459 4443 604 4503 τινές
638 4445 740 4493 είσι
773 4442 1098 4512 διῃρημέναι
1123 4442 1434 4504 συστάσεις,
1455 4440 1588 4493 ἀλλὰ
1623 4441 1719 4510 μία
1751 4439 1814 4507 γέ

237 4531 357 4582 ἐστι
399 4533 687 4604 συναγωγὴ
741 4532 851 4603 (85)
882 4533 914 4602 ἡ
947 4532 1007 4584 τὸ
1041 4532 1159 4584 ὃ).ον
1190 4536 1450 4603 στοιχεῖον
1479 4532 1587 4586 τῶν
1613 4532 1814 4587 λοιπῶν

903 614 982 649 σοι
1012 596 1093 648 ὅτι.
1128 592 1296 646 πολλὰ
1329 588 1396 663 ἦν
1419 592 1558 644 κατὰ
1593 592 1820 654 πολλοὺς
1849 597 1890 652 Α
1922 594 2414 663 congregationem.
2470 596 2586 662 plur

1806 597 1890 654 :A
1922 594 2414 663 congregationem.
2470 594 2732 662 plurimas
2791 590 2957 644 fuisse
3000 603 3166 658 aquas
3207 603 3300 656 per
3330 589 3489 644 multa

1918 683 2032 738 loca
2063 686 2267 739 divisas
2297 685 2390 738 tibi
2435 685 2712 738 indicavit.
2749 682 2881 735 Nam
2927 683 3185 735 montium
3229 697 3491 750 concava,

1918 776 2199 844 profundis
2253 775 2586 831 convallibus
2630 783 2906 844 perrupta,
2961 774 3270 827 collectitias
3322 788 3492 842 aquas

1917 869 2286 922 continebant.
2333 869 2470 934 Quin
2527 877 2580 921 et
2634 868 2808 936 campi
2859 866 3032 931 inulti,
3083 867 3226 934 iique
3271 865 3487 934 supini,

1919 957 2050 1010 nihil
2079 958 2330 1012 maximis
2365 958 2569 1026 pelagis
2602 957 2968 1025 magnitudine
2994 957 3244 1022 impares,
3276 963 3329 1009 et
3372 955 3490 1007 val-

1920 1048 1997 1103 les
2022 1050 2339 1111 innumerae,
2368 1048 2744 1115 convallesque
2778 1046 2896 1099 aliis
2929 1057 2982 1099 et
3012 1047 3134 1100 aliis
3183 1046 3353 1099 modis
3396 1059 3491 1098 ex-

1919 1152 2274 1211 cavataa,qu:e
2297 1143 2474 1195 omnia
2497 1152 2622 1194 tunc
2649 1141 2808 1210 aquis
2841 1139 3203 1207 replebantur,
3224 1148 3491 1207 prmcepto

1919 1236 2100 1287 divino
2133 1242 2388 1288 evacuata
2443 1240 2587 1294 sunt,
2622 1246 2758 1300 aqua
2789 1230 3058 1284 undelibet
3092 1230 3142 1282 in
3170 1246 3329 1282 unam
3359 1242 3492 1283 con-

1917 1328 2279 1394 gregationem
2329 1325 2698 1378 conveniente.
2745 1325 2813 1377 Et
2866 1338 3022 1377 nemo
3074 1323 3215 1377 dicat
3267 1324 3490 1377 omnino

1919 1431 2138 1470 necesse
2168 1431 2307 1478 esse,
2343 1418 2386 1470 si
2418 1432 2552 1485 aqua
2581 1427 2738 1470 terra:
2769 1426 3120 1482 superstaret,
3151 1431 3277 1470 cava
3307 1417 3488 1470 omnia

1919 1523 2037 1577 qua:
2068 1518 2191 1562 tunc
2222 1509 2439 1578 pelagus
2468 1522 2774 1575 suscepere,
2803 1507 2966 1560 fuisse
2996 1507 3212 1562 referta.
3241 1507 3359 1574 Quo
3389 1507 3488 1578 igi-

1923 1609 2028 1664 tur,
2081 1601 2331 1654 concavis
2361 1600 2468 1666 jam
2521 1599 2816 1666 occupatis,
2864 1598 3169 1653 collectum
3224 1615 3280 1653 se
3333 1608 3491 1653 erant

1919 1692 2114 1758 aquae?
2143 1690 2221 1744 Ad
2243 1690 2346 1746 hoc
2380 1705 2509 1745 sane
2547 1690 3005 1759 respondebimus,
3035 1703 3330 1759 praeparata
3365 1701 3491 1745 tunc

1921 1783 2085 1837 fuisse
2117 1782 2476 1851 receptacula,
2528 1797 2650 1835 cum
2711 1782 2820 1852 36
2869 1797 3060 1851 aquam
3111 1794 3383 1852 oporteret
3434 1785 3489 1836 in

1921 1891 2082 1930 unam
2120 1875 2325 1930 secerni
2346 1875 2827 1930 coacervationem.
2874 1875 3058 1945 Neque
3101 1876 3246 1930 enim
3281 1887 3398 1930 erat
3427 1876 3490 1928 il-

1918 1969 2007 2022 lud
2038 1971 2177 2037 quod
2226 1978 2308 2022 est
2337 1977 2488 2022 extra
2517 1967 2691 2022 Gades
2722 1983 2890 2032 mare,
2925 1983 3102 2037 neque
3134 1983 3385 2036 magnum
3419 1968 3489 2020 il-

1919 2059 2006 2114 lud
2040 2069 2094 2113 et
2141 2060 2465 2113 horrendum
2520 2060 2891 2129 navigantibus
2921 2059 3169 2128 pelagus,
3203 2061 3345 2129 quod
3369 2058 3489 2112 Bri-

1920 2149 2190 2201 tannicam
2223 2147 2449 2202 insulam
2485 2157 2538 2201 et
2571 2147 2927 2202 occidentales
2976 2146 3238 2216 Hispanos
3267 2149 3434 2202 ambit
3470 2166 3486 2203 :

1919 2239 2010 2293 sed
2041 2249 2386 2308 posteaquam
2439 2239 2530 2292 Dei
2586 2240 2839 2294 mandato
2878 2239 3169 2294 instructus
3209 2248 3291 2307 est
3338 2239 3492 2294 locus

1919 2331 2302 2399 amplissimus,
2333 2341 2457 2385 tunc
2507 2330 2558 2383 in
2612 2331 2781 2400 ipsum
2813 2345 2871 2385 se
2927 2347 3177 2400 recepere
3227 2348 3486 2402 aquarum

1918 2423 2102 2490 impiae.
2128 2423 2206 2475 Ad
2239 2424 2340 2476 hoc
2368 2433 2567 2486 autem,
2609 2424 2746 2491 quod
2788 2433 2972 2478 nostra
3012 2424 3077 2477 de
3128 2425 3311 2478 mundi
3341 2424 3493 2492 opili-

1917 2515 2002 2568 cio
2037 2514 2301 2568 sententia
2346 2515 2692 2581 experientia:
2735 2516 3049 2570 adversetur
3083 2516 3317 2585 (constat
3344 2515 3486 2569 enim

1918 2619 2023 2657 non
2070 2605 2122 2656 in
2175 2619 2335 2658 unam
2368 2605 2835 2674 congregationem
2871 2621 3062 2676 aquam
3112 2621 3322 2662 omnem
3357 2621 3488 2662 con-

1920 2694 2191 2764 currisse),
2226 2694 2389 2748 multa
2419 2697 2596 2748 dicere
2639 2694 2782 2761 licet,
2819 2711 2989 2767 eaque
3016 2698 3263 2752 omnibus
3305 2713 3398 2767 per
3429 2714 3488 2752 se

1917 2795 2062 2838 nota.
2117 2783 2220 2838 Sed
2263 2784 2490 2837 fortasse
2540 2785 2699 2838 etiam
2759 2801 2880 2840 cum
2940 2787 3134 2842 talibus
3180 2799 3386 2843 certare
3417 2789 3488 2841 ri-

1915 2875 2147 2929 diculum
2205 2883 2307 2928 est.
2356 2872 2602 2942 Nunquid
2654 2874 2848 2927 debent
2895 2875 3161 2944 palustres
3210 2891 3398 2944 aquas,
3431 2884 3488 2929 et

1915 2983 2008 3022 eas
2033 2983 2151 3036 qua:
2179 2982 2243 3022 ex
2271 2968 2536 3023 imbribus
2587 2977 2945 3039 aggregantur
2963 3008 2980 3033 ,
3006 2969 3160 3023 nobis
3193 2982 3486 3038 opponere,

1915 3072 2075 3128 atque
2105 3061 2382 3124 arbitrari,
2417 3075 2474 3114 se
2505 3070 2746 3114 nostram
2786 3063 3105 3115 sententiam
3136 3075 3237 3130 ope
3275 3061 3484 3113 illarum

1916 3150 2164 3206 refellere
2208 3151 2231 3204 ?
2282 3151 2567 3205 Enimvero
2632 3155 2921 3206 maximum
2994 3151 3490 3220 amplissimumque

1916 3257 2175 3312 aquarum
2230 3257 2548 3296 concursum
2577 3243 3040 3311 congregationem
3081 3257 3240 3294 unam
3277 3239 3485 3296 nuncuo

1917 3335 2081 3404 pavit.
2113 3333 2244 3388 Nam
2280 3335 2447 3404 putei,
2487 3335 2830 3390 collectiones
2864 3349 3120 3402 aquarum
3150 3341 3275 3388 sunt
3299 3348 3487 3385 manu-

1915 3425 2090 3491 factar,
2121 3442 2240 3482 cum
2267 3427 2317 3480 in
2359 3436 2596 3480 cavatam
2642 3436 2797 3480 terra:
2838 3437 3039 3496 partem
3085 3427 3277 3480 humor
3313 3426 3360 3479 ei
3401 3426 3486 3478 iu-

1914 3533 2128 3586 spersus
2183 3515 2370 3570 inﬂuit.
2412 3516 2526 3571 Non
2574 3531 2701 3587 ergo
2759 3517 3026 3586 quaslibet
3081 3531 3340 3584 aquarum
3390 3532 3484 3571 co-

1913 3607 2284 3663 acervationes
2318 3607 2748 3678 congregationis
2799 3607 3083 3676 appellatio
3141 3607 3364 3670 indicat,
3389 3607 3486 3661 sed

1913 3702 2235 3771 praecipuam
2272 3710 2325 3755 et
2352 3701 2677 3764 maximam,
2718 3700 2769 3752 in
2808 3714 2909 3768 qua
2954 3709 3117 3754 totum
3163 3699 3485 3754 elementum

1914 3803 2286 3847 coacervatum
2321 3791 2643 3844 ostenditur.
2680 3789 3140 3854 Quemadmodum
3174 3790 3314 3844 enim
3347 3790 3486 3858 ignis

1913 3895 1966 3938 et
1995 3885 2044 3936 in
2082 3882 2317 3935 minutas
2363 3889 2542 3950 partes
2591 3895 2686 3950 pro
2729 3889 2912 3934 nostro
2961 3895 3058 3934 usu
3096 3881 3354 3934 dissectus
3381 3887 3485 3944 est,

1913 3985 1967 4030 et
1989 3972 2276 4026 acervatim
2305 3972 2358 4025 in
2380 3971 2581 4024 aethere
2605 3970 2828 4025 diﬂusus
2848 3987 2863 4036 ;
2883 3974 3010 4025 item
3033 3971 3481 4040 quemadmodum

1913 4083 2006 4122 aer
2038 4065 2238 4119 divisus
2262 4065 2475 4133 quidem
2504 4071 2587 4117 est
2631 4064 2684 4117 in
2733 4064 2957 4132 exiguas
2985 4073 3186 4133 partes,
3223 4072 3274 4117 el
3304 4072 3485 4116 tamen

1913 4159 2212 4230 adiacentia
2238 4157 2412 4212 telluri
2439 4158 2552 4211 loca
2587 4156 2878 4211 acervatim
2902 4158 3180 4224 occupavit
3211 4175 3223 4209 :
3257 4155 3328 4209 ita
3359 4157 3485 4209 etin

1915 4272 2052 4326 aqua
2097 4256 2307 4317 tametsi
2351 4269 2529 4324 parva:
2575 4254 2822 4323 quaedam
2881 4252 3222 4307 collectiones
3272 4248 3486 4304 fuerunt

1915 4353 2196 4422 separatae.
2227 4359 2404 4403 tamen
2441 4364 2546 4402 una
2578 4357 2659 4403 est
2701 4347 3066 4417 congregatio,
3098 4361 3218 4415 qua:
3259 4353 3426 4397 totum
3453 4357 3485 4395 a

1915 4447 2124 4501 cmteris
2174 4453 2418 4514 segregat
2461 4443 2806 4497 elementum.
2845 4427 2978 4494 Nam
3033 4448 3219 4506 stagna
3272 4445 3382 4489 tum
3421 4451 3485 4489 ea

1915 4553 2032 4608 qua:
2063 4539 2128 4592 ad
2165 4547 2344 4605 partes
2370 4535 2814 4603 septentrionales
2844 4535 2945 4587 sita
2972 4542 3115 4594 sunt,
3140 4540 3250 4585 tum
3277 4545 3339 4585 ea
3368 4545 3488 4599 qua:

237 4625 609 4694 ἀποκρίνουσα
654 4627 784 4696 (86).
816 4629 880 4679 Αί
913 4627 1011 4697 μὲν
1040 4626 1148 4696 γὰρ
1176 4625 1385 4695 λίμναι,
1420 4627 1558 4680 αἵτε
1585 4625 1812 4679 κατὰτὰ
1843 4627 1920 4696 [)j

1804 4644 1812 4677 ι
1843 4637 1886 4691 ι)
1909 4626 2090 4696 jacent
2123 4627 2263 4681 circa
2295 4624 2604 4680 Grmcorum
2652 4629 2881 4680 tractum
2902 4665 2916 4689 ,
2943 4634 3054 4679 tum
3101 4641 3220 4695 qua:
3250 4624 3487 4678 Macedo-

241 4716 384 4790 μέρη
410 4715 510 4786 τῆς
543 4715 767 4786 ἄρκτου,
799 4720 890 4770 κα).
927 4719 1047 4771 ὅσαι
1075 4717 1202 4788 περὶ
1229 4716 1319 4768 τὸν
1359 4717 1662 4786 Ἑλληνικόν
1710 4719 1824 4770 είσι.

239 4811 426 4874 τόπον,
455 4811 554 4880 τήν
581 4823 639 4860 τε
688 4809 1045 4873 Μακεδονίαν,
1081 4811 1173 4863 καὶ
1219 4810 1316 4881 τὴν
1343 4808 1580 4862 Βιθυνῶν
1609 4810 1812 4881 χῶραν,

239 4903 335 4956 καὶ
355 4902 452 4972 τὴν
479 4901 849 4955 Παλαιστίνων
877 4902 1224 4972 κατέχουσαι,
1259 4905 1566 4969 συναγωγαί
1592 4905 1695 4956 εἰσι
1720 4904 1814 4974 δη-

242 4992 438 5048 λονότι’
476 4994 612 5047 ἀλλὰ
646 4995 740 5047 νῦν
781 4995 906 5066 περὶ
951 4994 1049 5064 τῆς
1078 4995 1337 5065 μεγίστης
1366 4997 1588 5050 ἁπασῶν
1625 4997 1718 5050 καὶ
1739 4995 1816 5066 τῷ

247 5084 467 5158 μεγέθει
519 5085 619 5154 τῆς
660 5087 764 5156 γῆς
824 5087 1227 5158 παρισουμένης
1264 5091 1291 5140 ὁ
1343 5089 1514 5157 λόγος.
1548 5092 1643 5150 Ἀς
1672 5074 1810 5157 πλῆ-

242 5178 335 5244 θος
355 5177 464 5250 (87)
486 5178 584 5248 μὲν
600 5177 742 5248 ἔχειν
766 5180 955 5242 ὓδατος
975 5179 1144 5241 οὐδεὶς
1161 5180 1393 5249 ἀντερεῖ*
1413 5182 1471 5233 οὑ
1490 5181 1594 5253 μὴν
1613 5180 1814 5234 θοιλάσ-⁸

315 5356 524 5425 (8i)ila
559 5369 654 5409 sex
676 5372 804 5412 mss.
838 5356 976 5411 Editi
1006 5357 1148 5409 οὐδέ.

318 5428 434 5495 (8'2)
467 5426 615 5494 Regii
638 5428 1084 5495 quintus,sextus
1107 5438 1160 5482 et
1183 5437 1406 5484 octavus
1446 5429 1650 5482 ὑδάτων
1698 5445 1821 5484 συν-

243 5498 481 5618 αγιῖγαί.
513 5495 653 5551 Editi
677 5512 799 5551 cum
850 5496 969 5552 aliis
1013 5497 1333 5566 quibusdam
1372 5515 1501 5554 mss.
1549 5501 1604 5551 αἱ
1637 5501 1820 5552 συλλο-

244 5583 318 5634 γα
346 5605 359 5618 .

319 5637 432 5702 (83)
460 5637 659 5691 Omnes
713 5638 825 5691 fere
877 5654 1006 5693 mss.
1049 5654 1169 5692 cum
1221 5637 1454 5693 editione
1507 5640 1670 5695 Basil.
1721 5644 1851 5695 καὶ·

243 5706 604 5778 τελεωτάτην.
639 5708 813 5763 Edilio
841 5706 1012 5765 Paris.
1064 5724 1187 5763 cum
1247 5710 1377 5778 Reg.
1415 5713 1576 5766 tertio
1615 5710 1813 5764 τελειο-

463 5845 595 5920 Bcg.
629 5849 836 5915 primus
863 5849 1007 5918 ὁτῆς
1037 5852 1164 5920 μιᾶς
1213 5865 1402 5920 ¹ἱυναγ.
1439 5850 1632 5906 Statim
1676 5851 1814 5907 idem

247 5921 410 5973 codex
435 5917 725 5989 ἐξέχουσαν
749 5921 841 5972 καὶ
864 5916 1093 5991 ἀρίστην
1131 5922 1191 5973 ἐν

1921 4722 2061 4774 niam
2084 4735 2144 4774 ac
2175 4719 2524 4790 Bithynorum
2557 4719 3070 4788 Palaestinorumque
3099 4719 3366 4787 regionem
3385 4717 3483 4773 ob-

1921 4816 2116 4877 tinent,
2160 4824 2287 4868 sunt
2332 4815 2546 4884 quidem
2584 4814 3022 4884 congregationes
3061 4827 3073 4863 :
3123 4811 3216 4865 sed
3250 4826 3393 4865 nunc
3421 4811 3488 4865 de

1920 4921 1981 4959 ea
2011 4921 2128 4972 quae
2172 4905 2411 4959 omnium
2457 4907 2686 4958 maxima
2737 4915 2841 4965 est,
2874 4901 3487 4972 qumquemagnitudinc

1922 4999 2099 5054 telluri
2137 5000 2354 5068 mqua‘lis
2383 5008 2487 5061 est,
2539 4997 2765 5051 habetur
2808 5011 3005 5050 sermo.
3059 4994 3276 5063 Copiam
3308 5004 3483 5046 autem

1921 5093 1973 5146 in
2003 5093 2105 5145 illis
2137 5092 2398 5146 contineri
2431 5105 2690 5158 aquarum
2731 5090 2945 5159 negabit
2973 5102 3152 5152 nemo,
3174 5101 3273 5140 nec
3309 5096 3482 5137 tamen

1918 5183 2200 5254 quisquam
2234 5199 2327 5238 eas
2352 5197 2582 5251 congrua
2611 5181 2963 5254 appellatione
2991 5182 3156 5234 maria
3191 5178 3482 5242 vocaverit,

1998 5360 2109 5432 (85)
2138 5360 2287 5432 Regii
2323 5360 2542 5431 quintus
2565 5370 2616 5414 et
2642 5372 2827 5415 sextus
2852 5360 2997 5432 ἐστὶν
3025 5361 3236 5432 ἀγωγή.

1997 5431 2108 5501 (86)
2141 5430 2214 5483 Ita
2269 5430 2396 5486 mss.
2426 5433 2662 5500 quinque
2703 5448 2823 5486 cum
2878 5430 3118 5501 Combel'.
3168 5430 3308 5484 Editi
3361 5447 3483 5487 cum

1921 5501 2071 5573 Coll).
2092 5500 2348 5573 secundo
2381 5501 2740 5573 ἀποκρίνασα.
2795 5501 2914 5557 Mox
2937 5500 3090 5571 'Reg.
3122 5514 3306 5557 sextus
3335 5503 3398 5555 αἴ
3424 5520 3482 5557 τε

1921 5571 2059 5624 κατὰ
2091 5572 2156 5641 μέ
2166 5589 2254 5642 ρος
2281 5572 2396 5642 τῆς.

1991 5613 2490 5711 ('é'riﬁii’aé'ﬁisu.
2520 5653 2571 5697 et
2595 5641 2768 5707 Bodl.,
2796 5652 2848 5696 et
2883 5642 2971 5694 alii
3013 5644 3223 5710 plurimi
3253 5663 3384 5702 mss.
3418 5646 3485 5711 ἃς

1921 5711 2139 5782 πλῆθος.
2178 5710 2352 5787 Editio
2381 5711 2549 5787 Paris.
2577 5715 2790 5777 ἐκείνας
2824 5713 3130 5787 δὲλπλῆθος.
3194 5710 3485 5787 Aliquanto

1921 5794 2238 5909 postbmsls.’
2273 5784 2511 5854 plerique
2565 5801 2752 5842 omnes
2817 5782 3090 5849 θαλάσσας
3157 5804 3240 5855 γε.
3298 5782 3485 5843 Ἀιιεει

1921 5869 1978 5909 γε
2013 5871 2038 5907 a
2115 5868 2143 5909 e
2187 5865 2273 5909 ms

1919 5869 1978 5920 γε
2013 5865 2079 5909 ab
2115 5865 2273 5909 θαιιιε
