4262 6508
248 474 320 528 39
1374 473 1655 528 liOlllLH
1696 473 1760 529 IV
1804 472 1866 525 IN
1910 472 2410 531 IIEXAEMERON.
3436 466 3505 523 90

342 584 492 651 ὓδωρ
532 583 597 635 τὸ
644 582 919 637 ὑποκάτω
959 584 1062 637 τοῦ
1090 584 1349 651 curarat.»
1399 588 1487 649 εὶς
1544 588 1650 651 τὰς
1676 603 1826 641 συν·
1858 594 1895 645 Α

1824 617 1826 623 π
1858 594 1895 645 Α
1932 587 1993 639 ba
2023 588 2232 643 nulliex
2259 588 2481 656 reliquis
2514 588 2891 660 interpretibus
2937 586 3226 648 tradidere,
3254 601 3351 639 nec
3380 603 3507 646 usus

249 658 483 744 aito-fde
511 674 727 737 αὐτῶν,
750 674 847 726 καὶ
879 674 1043 743 ὤφθη
1074 676 1111 742 ἡ
1146 676 1317 742 ξηράο
1365 677 1504 743 ἆπερ
1534 674 1655 729 οὔτε
1684 677 1828 740 τινὲς

250 766 361 820 τῶν
393 766 593 841 λοιπῶν
622 764 978 820 ὲκδεδώκασιν
1008 767 1288 838 ἑρμηνέων
1319 769 1451 839 (95),
1489 768 1611 820 οὔτε
1642 772 1673 839 ἡ
1698 771 1829 841 χρῆ-

252 875 341 920 σις
372 858 478 911 τῶν
520 840 787 927 ’Ἐϐραίων
812 856 1007 929 ἔχουσα
1040 859 1306 927 φαίνεται.
1342 860 1450 914 Καὶ
1478 860 1579 932 γὰρ
1606 860 1681 930 τῷ
1716 840 1827 915 όντι

253 947 516 1017 παρέλκει
548 946 685 1017 μετά
717 949 813 1021 τὴν
846 948 1149 1020 μαρτυρίαν
1182 951 1295 1015 τοῦ,
1320 953 1400 1005 ὅτι
1436 948 1704 1018 Ἐγένετο
1728 953 1829 1005 οῦ-

250 1056 386 1105 τως,
434 1044 467 1111 ἡ
509 1039 617 1091 τῶν
652 1040 829 1093 αὐτῶν
869 1040 1030 1093 πάλιν
1086 1042 1489 1113 ὲπεκδιήγησις.
1536 1041 1615 1094 Τὰ
1650 1043 1827 1096 τοίνυν

251 1132 453 1202 ἀκριϐῆ
481 1130 588 1183 τῶν
619 1133 966 1206 ἀντιγράφων
1000 1132 1306 1188 ὡϐέλισται·
1345 1136 1373 1185 ὁ
1405 1134 1460 1186 δὲ
1490 1132 1672 1198 ὀϐελὸς
1698 1135 1825 1189 ἀθε-

250 1228 461 1296 τήσεως
488 1222 772 1292 σύμϐολον.
800 1224 906 1278 Καὶ
936 1224 1230 1281 ἐκάλεσεν
1255 1233 1285 1280 o’
1306 1226 1449 1291 Θεὸς
1474 1227 1588 1294 τὴν
1615 1226 1824 1297 ξηρὰν,

250 1318 388 1387 γῆν,
428 1315 525 1369 καὶ
553 1317 623 1370 τὰ
656 1315 1011 1383 συστήματα
1053 1318 1168 1372 τῶν
1196 1317 1431 1373 ὑδάτων
1450 1318 1703 1372 ἐκάλεσε
1723 1324 1825 1375 θα-

248 1410 495 1475 λάσσας
550 1412 678 1481 (96).
716 1409 812 1462 Διὰ
849 1408 901 1460 τί
936 1412 1027 1464 καὶ
1074 1416 1131 1466 ἐν
1176 1414 1288 1475 τοῖς
1326 1412 1554 1466 κατόπιν
1589 1414 1821 1485 εἴρηται·

249 1503 614 1570 Συναχθήτω
648 1504 719 1556 τὰ
758 1501 943 1555 ὕδατα
980 1508 1066 1570 εις
1115 1504 1478 1575 συναγωγὴν
1500 1506 1664 1574 μίαν,
1729 1505 1827 1559 καὶ

250 1596 491 1665 ὀφθήτω
522 1600 558 1667 ἡ
602 1598 774 1665 ξηρὰ,
806 1597 916 1650 ἀλλ’
947 1600 1065 1668 οὐχὶ
1094 1599 1422 1668 γέγραπται,
1476 1600 1582 1653 Καὶ
1607 1601 1828 1669 όφθήτω

251 1690 284 1757 ἢ
316 1688 388 1759 Υῆ
414 1707 429 1755 ἱ
460 1690 552 1742 καὶ
584 1685 816 1742 ἐνταῦθα
851 1691 1030 1744 πάλιν·
1066 1690 1257 1757 ’Περοη
1290 1690 1460 1757 ξηρὰ,
1486 1693 1581 1746 καὶ
1611 1692 1825 1745 ἐκάλε-

249 1796 363 1834 σεν
388 1786 420 1836 ὀ
448 1781 591 1845 Θεὸς
612 1778 725 1848 τὴν
740 1781 953 1852 ξηρὰν,
980 1780 1127 1849 γῆν;
1154 1782 1271 1835 Ὅτι
1291 1784 1322 1853 ἠ
1344 1784 1441 1851 μὲν
1458 1783 1596 1853 ξηρὰ
1614 1785 1673 1837 τὸ
1692 1784 1827 1836 ἰδίω-

252 1876 329 1943 μά
360 1876 491 1934 ἐστι,
520 1872 581 1925 τὸ
616 1875 774 1927 οἱονεὶ
812 1874 1302 1945 χαρακτηριστικὺν
1346 1876 1444 1945 τῆς
1476 1876 1689 1943 φύσεως
1730 1876 1821 1929 τοῦ

1937 675 2284 729 llehrmorum
2322 679 2518 731 habere
2560 681 2789 734 videtur.
2830 676 2962 731 Nam
2987 693 3171 731 revera
3205 687 3325 747 post
3360 678 3509 731 testi-

1933 765 2168 819 monium
2200 767 2347 829 illud,
2382 766 2606 820 Factum
2629 784 2701 824 est
2728 774 2826 837 ita,
2853 769 3040 825 eadem
3065 770 3259 821 iterum
3282 784 3507 824 murram

1928 864 2011 905 est
2043 867 2519 921 supervacaneum.
2563 855 2750 912 Notata
2784 870 2907 915 sunt
2938 860 3097 929 igitur
3129 858 3284 913 obelo
3324 876 3507 915 exem-

1930 943 2097 1010 plaria
2131 949 2473 1002 accuratiora
2514 967 2527 1003 :
2560 948 2747 1003 obelus
2772 962 2947 1006 autem
2976 952 3187 1021 signum
3215 960 3299 1004 cst
3348 966 3507 1019 repu-

1928 1034 2202 1089 diationis.
2229 1037 2294 1089 Et
2330 1042 2524 1095 vocavit
2558 1040 2699 1094 Deus
2732 1042 2959 1107 aridam,
2993 1056 3185 1099 terram
3221 1058 3241 1108 ;
3269 1054 3315 1096 et
3344 1043 3506 1096 colle-

1926 1127 2125 1181 ctiones
2152 1146 2409 1195 aquarum
2448 1135 2644 1187 vocarit
2676 1135 2869 1186 maria.
2908 1133 3015 1187 Cur
3041 1148 3086 1189 ct
3115 1152 3273 1205 supra
3303 1136 3505 1189 dictum

1928 1230 2011 1273 est
2042 1235 2056 1271 :
2092 1220 2484 1291 Congregentur
2528 1244 2679 1295 aqua:
2726 1226 2781 1279 in
2820 1230 3269 1294 congregationem
3321 1243 3501 1291 unam,

1926 1320 1972 1363 ct
2000 1327 2253 1378 appareat
2278 1314 2432 1367 arida
2466 1332 2485 1379 ;
2518 1331 2622 1370 non
2648 1327 2827 1370 autem
2864 1319 3122 1387 scriptum
3161 1330 3241 1373 est
3270 1336 3284 1371 :
3327 1322 3389 1373 Et
3412 1338 3503 1391 ap-

1929 1416 2111 1468 pareat
2158 1406 2349 1460 tcrra?
2398 1416 2449 1461 et
2515 1409 2601 1463 hic
2654 1423 2841 1463 rursus
2875 1426 2888 1461 :
2924 1411 3181 1478 Apparuit
3236 1411 3423 1475 arida,
3455 1422 3501 1465 et

1928 1496 2124 1547 rocavit
2172 1495 2310 1552 Deus
2358 1500 2591 1565 aridam,
2644 1503 3045 1568 terram?Quia
3087 1503 3234 1559 arida
3265 1505 3501 1573 quidem,

1926 1595 2008 1638 est
2044 1586 2183 1641 velut
2210 1592 2508 1659 proprietas
2535 1594 2802 1661 quaedam,
2838 1611 2958 1664 qua:
3001 1594 3226 1660 subjecti
3255 1606 3501 1648 naturam

1927 1678 2077 1741 quasi
2102 1681 2355 1749 exprimit
2406 1700 2469 1739 ac
2506 1686 2784 1753 designat:
2823 1697 2965 1740 terra
2998 1703 3146 1751 vero,
3179 1689 3319 1742 nuda
3355 1703 3503 1756 qua:-

1928 1770 2047 1822 dam
2099 1782 2181 1826 est
2234 1774 2307 1827 rei
2358 1776 2663 1845 appellatio.
2717 1779 3177 1843 Quemadmodum
3226 1778 3368 1834 cnim
3412 1794 3501 1831 ra-

1933 1864 2130 1922 tionale
2187 1866 2420 1921 hominis
2477 1871 2750 1938 proprium
2802 1881 2884 1923 est
2936 1885 2947 1921 :
3005 1872 3117 1925 lucc
3174 1886 3301 1924 vero
3359 1887 3499 1937 vos,

251 1938 629 2034 ὑποκειμένοιν
670 1969 701 2036 ἡ
735 1967 789 2018 δὲ
970 1938 1307 2039 προσηγορία
1330 1938 1411 2031 sic.
1434 1938 1547 2020 ἐστι
1573 1968 1701 2041 ψιλὴ
1731 1969 1823 2022 τοῦ
1857 1938 1896 1991 Β
1927 1975 1934 2013 Α

1820 1995 1823 2013 ν
1857 1938 1896 1991 Β
1927 1964 2099 2025 homo,
2132 1960 2329 2014 animal
2389 1961 2558 2030 ipsum
2613 1962 2697 2015 cui
2738 1962 2821 2015 illa
2875 1964 3177 2031 proprietas
3231 1964 3387 2027 inest,
3428 1966 3503 2017 si-

251 2057 599 2127 πράγματος.
637 2058 723 2118 Ὡς
754 2055 861 2128 γὰρ
890 2056 950 2109 τὸ
978 2056 1189 2126 λογικὸν
1223 2059 1348 2113 rem
1368 2060 1482 2112 ἐστι
1510 2059 1603 2112 τοῦ
1622 2059 1826 2132 ἀνορω-

249 2166 374 2209 που,
393 2150 425 2217 ἡ
445 2147 501 2199 δὲ
518 2146 828 2216 ἄνθρωπος
855 2150 1004 2219 φωνὴ
1031 2152 1337 2220 σημαντική
1370 2153 1484 2204 ἐστι
1507 2152 1600 2205 τοῦ
1631 2152 1767 2217 {dico
1784 2148 1826 2221 ᾧ

250 2240 485 2312 ὑπάρχει
503 2240 562 2294 τὸ
579 2242 725 2296 ἴδιον·
750 2242 891 2295 οὕτω
914 2243 1008 2295 καὶ
1032 2242 1092 2293 τὸ
1118 2240 1279 2313 ξηρὸν
1301 2242 1428 2295 rem
1460 2246 1574 2297 ὲστι
1598 2244 1696 2314 τῆς
1722 2244 1827 2313 γῆς

248 2334 343 2385 καὶ
366 2328 745 2405 ὲξαίρετον.⁷ῼ
764 2333 941 2386 τοίνυν
969 2330 1108 2395 ἰδίως
1134 2332 1366 2403 ὑπάρχει
1392 2332 1452 2385 τὸ
1478 2332 1829 2405 ξηρὸν,τοῦτο

247 2426 606 2494 ἐπικέκληται
630 2428 718 2496 γῆ·
750 2426 936 2497 ὥσπερ
970 2417 1176 2490 ᾧίδίως
1196 2425 1531 2495 πρόσεστιτό
1560 2442 1826 2495 χρεμετι-

248 2519 482 2579 στικὸν,
495 2517 652 2569 τοῦτο
668 2518 1021 2588 ἐπικέκληται
1047 2518 1230 2583 ἵππος.
1250 2520 1324 2574 Οὑ
1350 2520 1510 2591 μόνον
1536 2518 1592 2571 δὲ
1609 2518 1700 2571 ἐπὶ
1726 2517 1827 2587 τῆς

250 2607 354 2676 γῆς
380 2609 494 2659 ὲστι
522 2606 838 2669 τοῦτο,ἀλλά
868 2608 1087 2661 καὶτῶν
1116 2608 1287 2663 ἄλλων
1308 2610 1586 2681 στοιχείων
1600 2610 1826 2663 ἕκαστον

254 2700 561 2765 ἰδιάζουσαν
587 2701 679 2752 κα).
733 2700 1268 2772 ἀποκεκληρωμένην
1302 2703 1412 2771 ἔχει
1446 2704 1727 2773 ποιότητα,
1755 2702 1825 2755 δι’

249 2786 319 2862 ἦς
349 2792 456 2845 τῶν
508 2810 567 2846 τε
620 2790 821 2845 λοιπῶν
861 2792 1237 2861 ἀποκρίνεται,
1282 2794 1373 2845 καὶ
1423 2793 1553 2846 αὐτὸ
1598 2794 1828 2847 ἕκαστον

250 2883 450 2935 ὁποῖόν⁸
469 2885 613 2937 ἐστιν
643 2880 1083 2952 ἐπιγινώσκεται.
1115 2883 1188 2936 Τὸ
1221 2884 1317 2954 μὲν
1337 2883 1481 2955 ὓδωρ
1518 2885 1653 2938 ἰδίαν
1683 2886 1830 2939 ποιό-

250 2989 392 3043 τητα
424 2973 539 3039 τὴν
589 2977 939 3045 ψυχρότητα
977 2974 1127 3045 ἔχει·
1183 2976 1212 3028 ό
1266 2975 1322 3029 δὲ
1359 2976 1465 3048 ἀὴρ
1511 2976 1625 3045 τὴν
1652 2979 1826 3046 ὑγρό-

253 3078 435 3129 τητα·
473 3063 532 3115 τὸ
561 3063 617 3115 δὲ
651 3064 761 3135 πῦρ
789 3071 904 3132 τὴν
932 3067 1276 3135 θερμότητα.
1332 3066 1491 3120 Ἀλλά
1522 3066 1693 3121 ταῦτα
1730 3067 1828 3138 μὲν

249 3154 328 3217 ὡς
374 3154 565 3228 πρῶτα
618 3156 855 3224 στοιχεῖα
884 3158 991 3209 τῶν
1032 3157 1298 3211 συνθέτων
1353 3159 1493 3213 κατά
1542 3160 1630 3213 τὸν
1686 3161 1830 3232 εἰρη-

1926 2054 2193 2123 guil‘tcat:
2238 2055 2313 2107 sic
2358 2054 2519 2108 etiam
2592 2053 2822 2119 aridum,
2873 2056 3143 2125 proprium
3184 2066 3269 2110 cst
3317 2066 3498 2120 terrm,

1926 2146 2083 2213 ciqllt‘
2113 2145 2399 2213 peculiare.
2457 2145 2553 2199 Cui
2616 2145 2780 2215 igitur
2810 2147 3025 2215 proprie
3068 2148 3206 2201 iuest
3250 2148 3498 2212 ariditas,

1929 2237 1979 2290 id
2021 2247 2268 2291 vocatum
2323 2249 2405 2291 est
2446 2249 2586 2295 terra
2630 2240 2891 2310 :periude
2947 2250 3110 2309 atque
3157 2241 3242 2294 cui
3283 2241 3498 2309 proprio

1926 2328 2177 2384 [tinnibile
2222 2332 2397 2393 adest,
2444 2331 2493 2384 id
2543 2343 2905 2401 nuncupatmn
2936 2343 3019 2387 est
3066 2347 3257 2403 equus.
3302 2330 3413 2386 Nec
3445 2332 3496 2384 in

1929 2432 2069 2475 terra
2128 2421 2298 2477 solum
2360 2421 2410 2475 id
2454 2436 2512 2477 se
2567 2422 2637 2474 ita
2678 2424 2879 2476 habet:
2916 2425 3009 2478 sed
3062 2423 3278 2478 cuilibet
3334 2422 3497 2477 etiam

1927 2514 2153 2569 aliorum
2184 2514 2578 2570 elementorum
2629 2514 2864 2584 suppetit
2894 2516 3109 2582 propria
3143 2524 3197 2567 et
3230 2524 3378 2569 sorte
3402 2515 3499 2567 ob-

1930 2615 2074 2663 tenta
2115 2606 2367 2676 qualitas,
2392 2624 2495 2677 qua
2528 2617 2582 2663 et
2608 2605 2913 2661 secernitur
2937 2621 2964 2657 a
2989 2606 3221 2671 caeteris,
3260 2617 3313 2659 ct
3340 2604 3499 2675 quale

1927 2700 2345 2770 unumquodque
2374 2701 2465 2765 sit.
2500 2699 2905 2755 interuoscitur.
2953 2701 3107 2769 Aqua
3137 2698 3351 2768 quidem
3399 2699 3498 2753 ha-

1926 2793 2017 2847 bet
2064 2793 2334 2863 propriam
2395 2792 2737 2862 qualitatem,
2788 2792 3137 2861 {rigiditatem
3174 2808 3193 2847 :
3224 2808 3318 2847 aer
3347 2807 3495 2857 vero,

1927 2882 2326 2937 humiditatem:
2356 2884 2493 2953 ignis
2520 2890 2723 2947 autem,
2751 2882 3102 2935 caliditatem.
3139 2882 3292 2935 llatio
3316 2891 3496 2935 autem

1929 2973 1997 3026 ad
2030 2987 2151 3027 eum
2183 2990 2338 3043 quem
2362 2976 2594 3030 diximus
2617 2980 2829 3028 modum
2856 2973 3040 3029 isthzec
3086 2975 3197 3046 38
3247 2985 3499 3046 tauquam

1929 3066 2099 3138 prima
2136 3081 2313 3120 rermn
2361 3068 2776 3137 compositarum
2828 3068 3092 3123 elementa
3139 3068 3495 3137 speculatur:

1930 3174 2048 3230 quae
2076 3174 2206 3216 vero
2249 3158 2359 3228 iam
2402 3159 2455 3212 in
2498 3160 2816 3228 corporibus
2860 3160 3063 3229 digesta
3109 3170 3252 3219 sunt,
3297 3170 3350 3213 et
3397 3160 3499 3213 sub

256 3245 416 3316 μένον
471 3246 672 3317 τρόπον
724 3246 802 3317 τῷ
848 3246 1097 3317 λογισμῷ
1159 3248 1465 3319 Θεωρεῖται,
1508 3251 1576 3304 τὰ
1626 3250 1682 3303 δὲ
1722 3252 1821 3323 ἤδη
1851 3298 1893 3354 C
1931 3269 1939 3306 t

1815 3273 1893 3354 lc
1931 3268 2148 3308 sensum
2178 3253 2395 3317 cadunt,
2438 3250 2753 3321 coniunctas
2790 3250 2929 3304 inter
2960 3266 3017 3305 se
3064 3249 3355 3320 qualitates
3403 3250 3498 3303 h2-

251 3342 312 3394 ὲν
336 3340 545 3411 σώματι
599 3339 1048 3410 κατατεταγμένα
1102 3341 1195 3394 καὶ
1241 3341 1613 3395 ὑποπίπτοντα
1644 3346 1708 3414 τῇ
1740 3346 1823 3396 αί-

1927 3344 2073 3397 bent.
2090 3341 2197 3397 Nec
2214 3343 2503 3413 quidquam
2522 3358 2706 3397 eorum
2726 3357 2844 3410 qua:
2866 3342 3002 3394 visui
3026 3356 3087 3393 ac
3107 3340 3351 3395 sensibus
3372 3341 3499 3394 sub-

252 3431 441 3503 ϐοήσει
472 3432 903 3503 συνεζευγμένας
927 3432 1039 3502 ἔχει
1062 3432 1160 3495 τὰς
1190 3434 1497 3503 ποιότητας.
1534 3434 1645 3489 Καὶ
1673 3434 1824 3487 οὐδὲν
1919 3435 1935 3506 j

1811 3453 1824 3486 ι
1919 3435 2123 3506 iacent,
2158 3444 2240 3490 est
2264 3434 2507 3488 absolute
2546 3433 2837 3501 singulare,
2869 3442 2961 3486 aut
2992 3432 3241 3501 simplex,
3273 3441 3363 3485 aut
3391 3448 3494 3499 pu-

249 3523 670 3595 ἀπολελυμένως
722 3526 839 3577 ἐστὶ
893 3523 1122 3596 μοναχὸν
1155 3524 1273 3578 οὐδὲ
1305 3524 1507 3577 ἁπλοῦν
1557 3528 1651 3580 καὶ
1692 3526 1822 3581 εἰλι-

252 3616 437 3687 κρινὲς
471 3616 578 3670 τῶν
631 3617 921 3687 ὁρωμένων
978 3620 1071 3671 καί
1126 3617 1429 3689 αἰσθητῶν⁸
1492 3619 1604 3673 ἀλλ’
1654 3622 1823 3693 ἡμὲν

251 3706 496 3778 γῆ.ξηρέι
533 3707 627 3759 καὶ
660 3706 862 3777 ψυχρὰ,
892 3709 953 3760 τὸ
998 3710 1053 3762 δὲ
1088 3710 1231 3781 ὕδωρ
1262 3712 1425 3780 ὑγρὸν
1460 3713 1553 3766 καὶ
1594 3712 1819 3785 ψυχρὸν,

251 3801 282 3852 ὁ
312 3798 371 3853 δὲ
396 3798 502 3869 ἀὴρ
534 3797 734 3869 θερμὸς
763 3799 856 3851 καὶ
888 3798 1073 3869 ὑγρὸς,
1124 3800 1185 3852 τὸ
1229 3801 1285 3853 δὲ
1324 3802 1435 3869 πῦρ
1482 3801 1680 3874 Οερμδν
1730 3805 1824 3857 καὶ

252 3891 436 3963 ξηρόν.
486 3890 641 3944 Οὕτω
692 3889 801 3962 γάρ
848 3890 937 3944 διὰ
998 3892 1095 3962 τῆς
1154 3891 1389 3961 συζύγου
1449 3894 1732 3963 ποιότητες
1789 3896 1822 3965 ἡ

250 3984 482 4053 δύναμις
528 3983 860 4054 προέρχεται
896 3982 1005 4051 (97)
1039 3982 1130 4036 τοῦ
1188 3984 1551 4054 ἀναμιχθῆναι
1611 3984 1824 4055 ἑκάστῳ

252 4075 389 4144 πρὸς
434 4074 659 4127 ἕκαστον
681 4089 694 4102 ο
730 4072 808 4143 τῷ
856 4088 915 4125 τε
944 4071 1052 4143 γὰρ
1080 4074 1281 4142 γείτονι
1316 4073 1559 4145 στοιχείῳ
1586 4072 1672 4126 διὰ
1724 4073 1825 4143 τῆς

252 4170 437 4235 κοινῆς
469 4167 749 4238 ποιότητος
775 4167 1007 4221 ἕκαστον
1065 4166 1441 4237 ἀνακίρναται,
1481 4168 1577 4220 καὶ
1612 4166 1700 4220 διά
1725 4167 1823 4239 τῆς

252 4260 390 4329 πρὸς
439 4262 499 4311 τὸ
556 4260 818 4327 σύνεγγυς
867 4258 1151 4323 κοινωνίας
1200 4259 1276 4329 τῷ
1316 4259 1679 4329 ἀντικειμένῳ
1711 4259 1821 4329 (98)

252 4352 603 4405 συνάπτεται.
671 4346 816 4415 Οἷον,
880 4353 913 4421 ἡ
962 4352 1051 4420 γῆ,
1088 4352 1226 4421 ξηρά
1286 4347 1420 4405 οὖσα
1474 4353 1567 4404 καὶ
1622 4351 1821 4423 ψυχρὰ,

250 4440 467 4495 ἑνοῦται
500 4440 595 4510 μὲν
622 4439 699 4510 τῷ
734 4440 883 4494 ὕδατι
916 4440 1058 4494 κατά
1098 4440 1196 4511 τὴν
1228 4441 1544 4509 συγγένειαν
1572 4440 1679 4509 τῆς
1712 4446 1827 4511 ψιε-

250 4531 563 4599 χρότητος,
596 4529 809 4584 ἑνοῦται
840 4531 896 4585 δὲ
923 4530 1012 4583 διὰ
1031 4530 1124 4583 τοῦ
1149 4530 1338 4595 ὓδατος
1364 4532 1439 4603 τῷ
1457 4534 1577 4604 ἀέρι
1595 4550 1607 4564 ⁸
1642 4534 1825 4606 ἐπειδὴ

1925 3543 2075 3583 rum:
2117 3527 2209 3581 sed
2264 3534 2405 3581 terra
2432 3524 2646 3594 quidem
2696 3525 2845 3578 arida
2875 3534 2930 3579 et
2969 3523 3164 3591 frigida
3206 3534 3321 3578 est:
3357 3538 3497 3592 aqua

1924 3635 2052 3675 vero
2090 3619 2307 3675 humida
2358 3628 2413 3672 et
2442 3617 2667 3688 frigida:
2712 3631 2899 3671 rursus
2946 3630 3039 3669 aer
3064 3614 3268 3668 calidus
3298 3624 3353 3669 et
3394 3615 3495 3669 bu-

1924 3711 2119 3774 midus,
2150 3710 2286 3779 ignis
2309 3719 2487 3763 autem
2514 3707 2720 3762 calidus
2750 3714 2804 3760 et
2848 3705 3047 3759 siccus.
3088 3703 3179 3759 Sic
3207 3704 3349 3759 enim
3401 3719 3497 3774 per

1922 3801 2261 3870 coniugatam
2292 3799 2604 3867 qualitatem
2636 3796 2843 3867 singula
2874 3796 3100 3865 singulis
3134 3804 3358 3866 possunt
3378 3808 3497 3866 per-

1926 3890 2137 3947 misceri
2185 3907 2199 3942 :
2258 3888 2517 3957 siquidem
2552 3887 2732 3942 vicino
2779 3889 3044 3942 elemento
3077 3889 3498 3958 unumquodque

1925 3983 2302 4038 commiscelur
2358 3995 2453 4050 per
2511 3993 2848 4035 communem
2900 3982 3253 4051 qualitatem,
3308 3993 3362 4033 et
3403 3995 3499 4048 per

1924 4090 2041 4130 eam
2067 4088 2226 4144 quam
2274 4088 2395 4127 cum
2453 4070 2595 4125 aﬂiui
2650 4072 2812 4125 habet
2862 4071 3176 4125 societatem
3225 4072 3499 4127 contrario

1924 4168 2281 4238 coniungitur.
2315 4165 2555 4234 Exempli
2606 4163 2806 4235 gratia:
2841 4174 3009 4226 terra,
3049 4179 3166 4233 qua!
3219 4164 3370 4218 arida
3415 4176 3498 4219 est

1925 4269 1979 4315 et
2010 4256 2221 4329 frigida,
2247 4271 2368 4309 cum
2417 4269 2555 4325 aqua
2584 4254 2653 4309 ob
2710 4254 3017 4322 frigidilan's
3054 4252 3363 4307 aﬂinitatem
3401 4268 3495 4306 co.

1927 4350 2145 4420 pulatur
2172 4366 2186 4403 :
2235 4346 2480 4416 jungitur
2510 4357 2686 4399 autem
2720 4360 2814 4415 per
2841 4360 3035 4415 aquam
3074 4345 3219 4411 aeri;
3251 4343 3495 4413 quando-

1928 4440 2141 4509 quidem
2169 4454 2331 4507 aqua,
2355 4438 2494 4491 inter
2524 4447 2813 4505 utrumque
2840 4436 3009 4491 media
3042 4438 3356 4496 constituta,
3386 4433 3499 4488 vel-

1930 4545 1986 4586 ut
2027 4532 2234 4589 duabus
2280 4529 2487 4599 injectis
2528 4531 2771 4585 manibus
2812 4546 2906 4601 per
2934 4539 3220 4598 utramque
3264 4527 3494 4595 qualita-

253 4625 418 4694 μέσον
452 4624 773 4695 ἀμφοτέρων
800 4624 1132 4695 τεταγμένον
1165 4624 1227 4677 τὸ
1256 4624 1420 4696 ὕδωρ,
1439 4627 1601 4679 οἱονεὶ
1627 4613 1826 4698 χειρῶν
1858 4632 1901 4687 D
1934 4641 1936 4670 ι

1811 4613 1826 4681 ἆ
1858 4632 1901 4687 D
1934 4636 2039 4680 tem
2071 4624 2331 4680 elementa
2367 4624 2607 4693 proxima
2658 4624 2890 4694 attingit,
2931 4632 3131 4677 terram
3163 4636 3257 4690 per
3287 4620 3494 4690 frigidi-

248 4716 343 4770 δύο
376 4718 597 4789 ἐπιϐολῇ
649 4718 885 4791 ἑκατέρᾳ.
943 4718 1189 4788 ποιότητι
1234 4718 1345 4771 τῶν
1398 4722 1822 4791 παρακειμένων

251 4810 577 4879 ἐφάπτεται,
607 4814 673 4881 τῇ
722 4811 819 4881 μὲν
848 4810 1146 4883 ψυχρότητι
1179 4811 1276 4883 τῆς
1309 4812 1431 4883 γῆς,
1456 4816 1523 4884 τῇ
1565 4814 1823 4885 ὑγρότητι

249 4900 307 4954 δὲ
341 4899 434 4952 τοῦ
470 4900 648 4972 ἀέρος.
686 4902 852 4955 Πάλιν
881 4905 909 4956 ό
946 4904 1053 4973 ἀὴρ
1082 4906 1148 4974 τῇ
1170 4904 1363 4957 ἑαυτοῦ
1399 4905 1646 4976 μεσιτεία
1677 4905 1825 4959 διαλ-

252 4992 455 5065 λακτὴς
492 4994 698 5062 γίνεται
728 4996 824 5067 τῆς
876 4998 1187 5068 μαχομένης
1239 4996 1452 5066 φύσεως
1507 4998 1695 5063 ὓδατος
1734 5001 1827 5053 καὶ

325 5194 438 5264 (95)
472 5195 602 5259 Reg.
634 5206 816 5251 sextus
836 5196 1203 5269 ἑρμηνευτῶν.
1229 5198 1386 5251 Putat
1410 5198 1632 5269 DllCﬂl-ls
1660 5198 1822 5252 verba

256 5264 341 5319 illa
366 5282 487 5335 qua:
515 5281 830 5339 sequuntur,
855 5264 924 5320 τὰ
943 5264 1117 5321 τοίνυν
1151 5269 1373 5339 ἀκριϐῆ.
1410 5280 1540 5332 etc.,
1568 5264 1631 5321 ad
1656 5270 1818 5323 linem

256 5352 428 5408 usque
466 5337 691 5408 periodi,
731 5352 760 5390 a
794 5337 989 5392 Basilio
1042 5340 1181 5392 inter
1217 5337 1643 5393 concionandnm
1694 5354 1820 5408 pro-

255 5406 363 5459 lata
398 5424 504 5479 non
534 5404 733 5479 fuisse;
761 5424 907 5479 cum,
941 5408 1137 5479 inquit,
1176 5412 1337 5463 verba
1368 5410 1468 5461 ista
1518 5424 1623 5462 non
1658 5404 1825 5477 agno-

255 5487 374 5530 scat
406 5476 743 5531 Eustathius.
782 5478 887 5533 Sed
938 5476 1088 5534 ea'in
1123 5494 1181 5534 re
1226 5481 1341 5532 viro
1368 5479 1683 5533 doctissimo
1716 5494 1818 5533 non

254 5561 395 5619 queo
453 5548 725 5619 assentiri.
760 5546 893 5601 Nam
958 5549 1074 5603 ﬁeri
1133 5550 1303 5619 potuit
1324 5557 1380 5602 ut
1423 5550 1583 5619 verba
1617 5548 1705 5600 illa
1752 5564 1819 5619 ex

1934 4730 2119 4784 tatem,
2150 4734 2327 4775 aerem
2357 4733 2450 4787 per
2477 4717 2873 4773 humiditatem.
2894 4716 3000 4771 Aer
3041 4718 3233 4772 iterum
3258 4729 3498 4783 pugnan-

1930 4820 2035 4865 tem
2069 4825 2219 4881 aqua:
2255 4820 2307 4865 et
2343 4809 2481 4880 ignis
2530 4817 2777 4862 naturam
2822 4821 2919 4862 suo
2966 4805 3279 4875 interpositu
3313 4802 3499 4857 conci-

1931 4906 2043 4970 liat,
2072 4921 2193 4959 cum
2224 4920 2375 4974 aqua:
2401 4917 2494 4972 per
2528 4901 2921 4962 humiditatem,
2947 4900 3052 4967 igni
3076 4914 3200 4953 vero
3226 4912 3319 4968 per
3352 4895 3496 4950 calo~

1933 4995 2044 5055 reui
2078 4997 2450 5067 coniungatur.
2502 4993 2644 5064 Ignis
2690 5004 2867 5048 autem
2913 4994 3005 5063 qui
3060 5000 3252 5062 suapte
3306 5000 3496 5044 natura

1926 5198 2173 5266 legantur
2220 5205 2272 5251 et
2318 5196 2367 5250 in
2426 5195 2585 5250 editis
2624 5194 2794 5266 libris,
2825 5195 3153 5266 et_in_mss.
3204 5192 3492 5266 codicibus

1924 5262 2177 5322 omnibus
2204 5308 2219 5330 ,
2250 5278 2374 5333 puta
2410 5267 2463 5321 in
2504 5276 2731 5335 utroque
2763 5264 2953 5329 Cois|.,
2989 5264 3041 5317 in
3081 5262 3265 5335 Regiis
3314 5263 3496 5324 tertio,

1925 5340 2112 5407 quinto
2142 5346 2194 5391 et
2234 5348 2447 5402 octavo,
2495 5333 2657 5405 atque
2690 5336 2742 5389 in
2779 5333 3305 5407 _reliquis._Addam__
3337 5348 3493 5400 repe-

1925 5401 2062 5462 risse
2088 5423 2185 5462 nos
2213 5409 2377 5463 verba
2401 5401 2746 5462 centroversa
2776 5405 2829 5458 in
2854 5401 2925 5459 iis
2948 5404 3078 5475 ipsis
3100 5418 3237 5473 quos
3271 5401 3497 5457 Ducwus

1926 5478 2161 5532 contulit
2190 5478 2483 5532 codicibus.

1996 5546 2515 5619 (96)7EditioParis.
2555 5547 2783 5601 ἐκάλεσε
2832 5545 3125 5600 θάλασσαν.
3153 5542 3223 5597 At
3270 5557 3399 5597 mss.
3443 5550 3497 5597 et

254 5617 541 5671 oscitantia
571 5617 772 5671 librarii
795 5619 989 5672 uritissa
1022 5617 1207 5673 siut'in
1236 5634 1300 5673 eo
1335 5618 1541 5683 codice,
1572 5619 1638 5671 ad
1682 5618 1835 5687 cuius
1917 5617 2085 5673 editio
2122 5618 2284 5673 BNL
2312 5618 2607 5681 θαλάσσας.

260 5688 416 5759 tidem
469 5688 843 5759 interpretatio
875 5689 1140 5743 Eustathii
1168 5704 1363 5743 excusa
1395 5690 1535 5759 typis
1578 5696 1679 5742 est.
1712 5686 1825 5743 lmo

258 5756 392 5829 nihil
418 5758 810 5829 tuirumdvidcri
842 5760 1021 5825 debet,
1057 5761 1099 5812 si
1136 5756 1598 5829 Eustathiusipse
1634 5760 1687 5813 in
1736 5773 1827 5811 co-

258 5827 433 5879 dicem
499 5826 742 5880 mmilum
801 5830 1154 5897 vitiatumque
1217 5826 1612 5883 iucidcritﬁEt
1681 5839 1828 5883 certe

260 5897 583 5950 alterutrum
635 5913 729 5965 par
780 5912 863 5955 est
908 5902 1183 5971 cogitare,
1250 5914 1369 5954 cum
1411 5900 1570 5953 verba
1614 5898 1823 5952 laudata

2005 5688 2116 5759 (97)
2158 5689 2269 5743 Duo
2320 5705 2445 5744 mss.
2478 5687 2858 5758 προσέρχεται.
2908 5686 3045 5759 Editi
3089 5700 3210 5740 cum
3242 5683 3361 5738 aliis
3384 5682 3497 5753 qui-

1931 5756 2155 5836 busdam
2198 5776 2327 5814 mss.
2355 5756 2884 5836 προέρχεταιζΙοιιδο
2911 5757 3123 5836 melius.
3229 5825 3268 5836 __
3293 5825 3323 5836 η
3354 5824 3367 5836 ⁸
3431 5822 3455 5834 _

2003 5828 2111 5899 (98)
2139 5828 2343 5887 lta.ms.
2363 5824 2607 5886 C'om'b'él'.
2642 5846 2762 5885 cum
2796 5824 2918 5883 aliis
2945 5828 3197 5898 quinque.
3229 5824 3368 5881 Editl
3389 5824 3500 5876 τῶν

1931 5899 2337 5970 ἀντικειμένων.
