4262 6496
795 417 854 469 91
2140 421 2197 476 S.
2241 420 2485 477 BASILll
2528 419 2742 475 MAGNI
3978 416 4040 462 9?.

793 533 998 588 calidus
1034 542 1118 588 est
1145 543 1196 587 ct
1231 533 1431 601 siccus,
1449 535 1728 605 colligatur
1768 554 1889 593 cum
1942 553 2067 593 aere
2091 555 2186 607 per
2209 541 2355 592 Calo-
2392 547 2436 602 Α
2465 557 2476 589 τ

2392 547 2436 602 Α
2465 539 2656 607 πυρὸς,
2693 537 2770 607 τῷ
2803 538 2952 590 ὕδατι
2992 534 3088 602 μὲν
3119 531 3204 584 ὸιᾶ
3226 531 3324 598 τῆς
3360 528 3674 601 ὑγρότητος,
3712 523 3789 594 τῷ
3826 524 3959 592 πυρὶ
3991 516 4041 574 δὲ

794 641 928 686 rem,
959 641 1020 679 ac
1045 641 1231 680 rursus
1265 641 1361 695 per
1393 628 1686 682 siccitatem
1737 633 1803 685 ad
1850 641 2006 685 terrae
2053 631 2362 685 societatem

796 718 952 771 redit.
986 717 1157 784 Atque
1196 718 1266 772 ita
1313 719 1562 774 omnibus
1619 723 2082 776 consentientibus
2132 737 2194 776 ac
2245 737 2365 776 mu-

793 819 942 864 tuum
991 814 1280 878 quemdam
1309 813 1553 866 ordinem
1589 814 1728 868 inter
1776 829 1835 869 se
1884 814 2232 877 habentibus,
2258 814 2364 866 cir-

792 903 946 956 colus
984 902 1060 968 lit,
1097 919 1159 956 ac
1177 903 1466 959 concinnus
1501 907 1718 959 chorus.
1742 905 1892 959 Unde
1920 905 2204 974 etpmprie
2233 905 2364 972 ipsis

795 996 1045 1065 adaptata
1099 996 1192 1049 luit
1242 997 1530 1064 appellatio
1585 998 1997 1051 elementorum.
2060 997 2181 1050 Haec
2217 1011 2244 1048 a
2281 1011 2366 1050 me

795 1090 933 1141 dicta
983 1098 1128 1151 sunt,
1167 1099 1223 1140 ut
1251 1107 1465 1145 causam
1499 1090 1742 1144 aﬂ'crrem
1785 1105 1881 1144 cur
1915 1088 2185 1142 vocaverit
2225 1087 2366 1142 Deus

796 1182 1025 1247 aridam,
1056 1190 1296 1248 terram;
1340 1200 1438 1237 nec
1461 1193 1636 1236 tamen
1685 1192 1905 1248 terram,
1942 1184 2144 1234 aridam
2180 1183 2365 1249 appel-

795 1273 1006 1330 laverit.
1039 1274 1299 1330 Nimirum
1335 1276 1459 1342 quia
1488 1276 1697 1328 aridum
1756 1292 1858 1330 non
1891 1290 1956 1328 ex
1987 1275 2071 1329 bis
2109 1283 2212 1327 est
2248 1290 2367 1342 quae

800 1375 954 1419 terra:
994 1367 1044 1418 in
1076 1375 1345 1432 posterum
1380 1378 1741 1428 accesserunt,
1775 1366 1866 1420 sed
1893 1381 1957 1418 ex
2014 1365 2098 1418 his
2147 1379 2266 1432 qua:
2301 1367 2367 1418 ab

798 1458 950 1510 initio
1001 1457 1289 1509 essentiam
1330 1457 1497 1524 ipsius
1551 1459 1904 1510 constituunt.
1955 1454 2125 1509 Porro
2155 1471 2272 1523 quas
2314 1457 2365 1510 in

795 1564 956 1602 causa
989 1558 1112 1603 sunt
1142 1564 1238 1602 cur
1273 1549 1473 1617 aliquid
1501 1550 1748 1615 exsistat,
1772 1549 1838 1601 iis
1855 1563 1976 1617 quae
2001 1558 2186 1617 postea
2214 1551 2368 1602 ac'ce-

796 1642 953 1704 dunt,
1010 1652 1202 1694 natura
1261 1649 1388 1695 sunt
1422 1644 1598 1712 priora
1643 1656 1704 1694 ac
1742 1641 2131 1709 praestantiora.
2171 1640 2367 1707 Quam-

795 1735 981 1787 obrem
1046 1744 1186 1788 notae
1239 1734 1430 1804 aliqua:
1491 1750 1555 1788 ex
1615 1734 1971 1788 anterioribus
2001 1740 2054 1785 et
2112 1733 2368 1787 vetustio-

797 1817 945 1871 ribus
999 1818 1064 1871 ad
1126 1829 1323 1872 terram
1372 1817 1754 1887 designandam
1811 1825 1935 1871 sunt
1981 1817 2100 1886 jure
2149 1814 2362 1881 excogi-

798 1917 941 1964 tntae.

867 2095 918 2148 6.
954 2095 1015 2148 Et
1041 2095 1171 2148 vidit
1207 2094 1364 2158 Deus,
1390 2097 1527 2164 quod
1553 2093 1850 2162 .pulchrum
1910 2105 2057 2148 esset.
2088 2092 2204 2147 Non
2261 2094 2362 2147 hoc

799 2189 1000 2242 indicat
1030 2187 1326 2256 Scriptura,
1369 2187 1867 2256 nempejucundum
1894 2185 2177 2256 quemdam
2204 2185 2364 2237 maris

798 2294 1074 2350 aspectum
1128 2282 1291 2336 fuisse
1316 2281 1424 2336 Deo
1463 2281 1780 2334 exhibitum.
1837 2280 1951 2333 Non
2005 2279 2144 2332 enim
2195 2278 2364 2331 oculis

795 2373 1243 2442 pulchritudinem
1267 2381 1528 2426 creaturae
1557 2373 1790 2425 intuetur
1817 2372 2090 2432 Conditor.
2123 2369 2215 2423 sed
2245 2383 2365 2436 quae

797 2467 953 2528 ﬁunt,
983 2463 1244 2533 sapientia
1276 2461 1529 2515 inellabili
1576 2461 1987 2528 contemplatur.
2032 2460 2362 2528 Estquitlem

797 2561 1009 2620 gratum
1035 2546 1399 2617 spectaculum
1423 2560 1606 2607 aequor
1625 2545 1985 2610 inalbescens,
2013 2560 2133 2599 cum
2158 2544 2363 2599 stabilis

801 2640 1160 2708 tranquillitas
1188 2638 1362 2707 ipsum
1411 2646 1641 2706 occupat
1673 2655 1687 2690 :
1723 2652 1907 2691 rursus
1936 2647 2018 2691 est
2046 2637 2207 2692 etiam
2239 2651 2364 2705 gra-

799 2743 934 2794 tum,
963 2745 1085 2783 cum
1111 2730 1276 2796 ipsius
1298 2728 1608 2796 superﬁcies
1626 2728 1832 2781 lenibus
1856 2727 2002 2781 auris
2021 2734 2363 2794 exasperata,

797 2819 1139 2876 cernentibus
1195 2832 1521 2885 purpureum
1553 2827 1646 2870 aut
1678 2817 1963 2869 caeruleum
1998 2815 2232 2868 colorem
2277 2809 2361 2863 of~

796 2913 932 2966 fert:
970 2907 1181 2978 quando
1204 2921 1376 2974 neque
1410 2906 1676 2960 violenter
1704 2905 1952 2959 verberat
1999 2904 2228 2955 vicinam
2258 2910 2364 2953 ter-

796 3016 933 3065 ram,
964 3001 1055 3053 sed
1088 2998 1230 3051 velut
1257 2993 1493 3063 paciﬁcis
1531 2992 1852 3062 quibusdam
1880 2991 2217 3061 amplexibus
2242 3004 2360 3043 eam

798 3091 1188 3161 complectitur.
1225 3087 1340 3143 Non
1386 3096 1564 3141 tamen
1618 3085 1913 3155 putandum
1969 3092 2074 3147 est,
2101 3082 2165 3137 ad
2219 3083 2362 3136 hunc

799 3185 1016 3240 modum
1042 3181 1244 3237 dixisse
1273 3179 1804 3247 Scripttrram,.mare
1841 3176 1950 3230 Deo
1993 3176 2167 3229 visum
2198 3173 2363 3228 fuisse

798 3275 1082 3345 pulchrum
1112 3287 1174 3325 ac
1196 3243 1489 3339 jucundum
1523 3286 1536 3321 :
1583 3271 1677 3324 sed
1710 3269 1800 3324 hic
1832 3283 1899 3322 ex
1925 3268 2120 3338 opiﬁcii
2153 3268 2362 3322 ratione
2391 3243 2435 3312 (ἶ

800 3367 1121 3436 diiudicatur
1147 3364 1508 3431 pulchritudo.
1536 3363 1774 3416 Primum
1809 3362 2048 3431 quidem,
2091 3362 2216 3431 quia
2248 3378 2364 3415 ma-

798 3453 872 3507 ris
901 3466 1039 3520 aqua
1080 3449 1246 3503 totius
1292 3449 1492 3502 terreni
1544 3449 1784 3502 humoris
1815 3449 1935 3504 fons
1985 3459 2041 3504 et
2079 3451 2230 3518 origo
2260 3461 2360 3503 est.

796 3544 923 3600 Haec
970 3543 1182 3612 quidem
1223 3557 1318 3610 per
1365 3541 1605 3596 occultos
1649 3551 1857 3594 meatus
1885 3542 2257 3605 distribuitur;
2287 3542 2363 3594 uti

796 3637 931 3690 laxae
958 3644 1117 3703 atque
1151 3633 1361 3687 hiantes
1387 3641 1564 3695 terrae,
1593 3645 1728 3700 quas
1758 3631 1976 3685 liuidum
2008 3645 2154 3684 mare
2183 3632 2359 3693 subit,

796 3729 1034 3782 indicant
1061 3745 1074 3780 :
1102 3728 1244 3796 quod
1267 3727 1352 3779 ubi
1382 3725 1434 3779 in
1453 3725 1704 3794 obliquis,
1737 3739 1842 3778 non
1871 3735 2049 3778 autem
2081 3735 2224 3779 recta
2247 3734 2363 3779 teu-

796 3821 1064 3883 dentibus,
1094 3817 1424 3875 diverticulis
1449 3817 1563 3888 39
1621 3817 1884 3872 inclusum
1923 3828 2026 3882 est,
2056 3817 2364 3887 impulsum-

795 3928 902 3982 que
933 3910 1033 3965 l‘uit
1066 3927 1096 3965 a
1126 3921 1284 3966 vento
1329 3910 1458 3965 illud
1483 3919 1748 3976 movente,
1801 3919 1912 3964 tum
1937 3910 2219 3979 superﬁcie
2255 3912 2365 3966 dis-

796 4015 950 4072 rupta
971 4005 1116 4059 foras
1142 4003 1404 4072 erumpit;
1431 4012 1591 4072 atque
1615 4004 1932 4058 emendante
1954 4004 2362 4058 amaritudinem

793 4096 1178 4167 percolatione,
1233 4096 1378 4163 potui
1415 4103 1596 4161 aptum
1644 4097 1841 4148 evadit.
1885 4095 2002 4150 Jam
2057 4112 2181 4151 vero
2230 4097 2360 4150 cali-

793 4188 943 4240 diore
964 4184 1221 4255 qualitate
1252 4186 1413 4239 etiam
1444 4200 1511 4238 ex
1544 4185 1769 4238 metallis
1793 4187 1845 4238 in
1879 4189 2103 4241 transitu
2123 4199 2359 4258 accepta,

791 4291 856 4332 ex
886 4277 1070 4330 eadem
1103 4276 1365 4332 moventis
1389 4292 1551 4330 causa
1577 4276 1838 4332 fervidum
1871 4278 1930 4331 ﬁt
1971 4289 2028 4331 ut
2072 4279 2360 4348 plurimum

792 4378 846 4422 et
873 4369 1104 4423 ardens:
1157 4369 1208 4422 id
1254 4369 1393 4438 quod
1425 4369 1476 4422 in
1504 4368 1680 4423 multis
1708 4369 1919 4434 insulis,
1947 4369 2230 4440 multisque
2248 4386 2362 4424 ma-

797 4459 994 4513 ritimis
1051 4458 1182 4514 locis
1228 4459 1308 4513 fas
1359 4469 1442 4512 est
1481 4459 1697 4513 intueri.
1730 4459 2059 4527 Quinetiam,
2089 4471 2148 4515 ut
2193 4478 2357 4532 parva

2462 630 2550 682 διὰ
2577 629 2667 681 τοῦ
2705 629 2907 699 θερμοῦ
2937 623 3406 694 συμπλεκόμενος.
3461 622 3531 674 Τὸ
3579 618 3635 671 δὲ
3675 617 3810 686 πῦρ,
3841 613 4042 683 θερμὸν

2464 723 2559 774 καὶ
2594 722 2754 792 ξηρὸν
2788 723 3029 792 ὑπάρχον
3074 717 3172 786 τὴν
3225 713 3406 784 φύσιν,
3439 715 3516 786 τῷ
3561 713 3656 784 μὲν
3711 706 3900 778 θερμῷ
3933 705 4039 774 (99)

2465 808 2723 883 πρὸς’τὸν
2777 814 2914 884 ἀέρα
2949 803 3345 874 συνδεῖται,τῷ
3393 803 3542 875 ξηρῷ
3583 804 3639 857 δὲ
3685 799 3851 853 πάλιν
3906 794 4041 865 πρὸς

2465 906 2561 975 τὴν
2585 905 2868 957 κοινωνίαν
2900 904 2996 973 τῆς
3026 901 3129 968 γῆς
3159 897 3536 967 ἐπανέρχεται.
3584 897 3694 950 Καὶ
3722 890 3866 947 οὕτω
3898 889 4042 956 γίνε-

2464 1015 2552 1048 ται
2599 996 2796 1058 κύκλος
2846 997 2940 1049 καὶ
2992 991 3150 1062 χορὸς
3209 988 3547 1060 ἐναρμόνιος,
3608 982 4042 1057 συμφωνούντων

2467 1088 2684 1140 πάντων
2722 1088 2817 1140 καὶ
2858 1082 3285 1152 συστοιχούντων
3321 1078 3589 1149 ἀλλήλοις.
3646 1080 3804 1132 Ὅθεν
3838 1074 4043 1144 κυρίως

2466 1180 2647 1240 αὐτοῖς
2705 1179 2798 1231 καὶ
2850 1183 2883 1250 ἡ
2942 1174 3280 1250 προσηγορία
3338 1173 3444 1226 τῶν
3490 1171 3765 1238 στοιχείων
3803 1168 4043 1238 ἐφήρμο-

2467 1288 2591 1323 σται
2627 1270 2722 1341 (ί).
2762 1272 2950 1325 Ταῦτά
2984 1286 3072 1342 μοι
3103 1267 3319 1337 εἴρηται
3357 1260 3690 1335 παριστῶντι
3731 1263 3830 1332 τὴν
3866 1258 4043 1314 αἰτίαν

2466 1364 2529 1416 δι’
2567 1363 2632 1432 ἦν
2658 1365 2685 1414 ὁ
2709 1361 2838 1427 Θεὸς
2869 1365 2966 1433 τὴν
2993 1358 3160 1432 ξηρὰν
3190 1358 3415 1410 ἐκάλεσε
3456 1357 3578 1426 γῆν,
3628 1351 3742 1404 ἀλλ’
3774 1355 3899 1423 οὑχί
3946 1350 4041 1420 τὴν

2467 1456 2571 1525 γῆν
2603 1459 2864 1525 προσεῖπε
2894 1454 3085 1525 ξηράν.
3137 1450 3282 1502 Διότι
3309 1449 3369 1501 τὸ
3400 1449 3560 1520 ξηρὸν
3593 1443 3712 1513 οὐχὶ
3741 1444 3851 1496 τῶν
3887 1444 4043 1496 ὓστε-

2470 1563 2564 1615 ρον
2591 1546 2667 1616 (2)
2700 1546 3138 1619 προσγινομένων
3166 1540 3282 1594 ἐστὶ
3298 1543 3363 1610 τῇ
3393 1543 3484 1611 γῇ,
3509 1537 3641 1593 ἀλλὰ
3665 1533 3771 1586 τῶν
3789 1533 3850 1596 ἐξ
3873 1535 4045 1603 ἀρχῆς

2471 1655 2534 1688 συ
2546 1637 2938 1707 μπληρούντων
2979 1635 3147 1703 αὐτῆς
3171 1631 3266 1701 τὴν
3293 1632 3500 1686 οὐσίαν.
3550 1629 3629 1682 Τὰ
3658 1626 3714 1678 δὲ
3745 1625 3918 1693 αὐτὴν
3953 1622 4045 1676 τοῦ

2468 1725 2608 1781 εἶναι
2636 1730 2814 1782 αἰτίαν
2843 1727 3173 1796 παρέχοντα,
3205 1725 3446 1796 πρότερα
3486 1727 3549 1795 τῇ
3577 1719 3734 1792 φύσει
3757 1715 3872 1768 τῶν
3910 1715 4046 1784 μετὰ

2467 1820 2640 1873 ταῦτα
2664 1817 3103 1891 προσγινομένων
3138 1815 3229 1870 καὶ
3261 1816 3643 1886 προτιμότερα.
3679 1810 3844 1862 Ὥστε
3895 1804 4042 1856 εἰκό-

2464 1931 2571 1976 τως
2599 1915 2662 1966 ὲκ
2693 1912 2800 1965 τῶν
2858 1909 3320 1983 προῦπαρχόντων
3375 1912 3470 1963 καὶ
3524 1903 3912 1981 πρεσϐυτέρων
3957 1898 4047 1949 ἐπ·

2465 2006 2660 2078 ενοήθη
2694 2008 2759 2077 τῇ
2780 2007 2849 2075 γῇ
2885 2003 2953 2057 τά
2983 2002 3361 2072 γνωρίσματα.

2541 2098 2593 2153 6.
2629 2099 2736 2152 Καὶ
2769 2095 2928 2151 εἶδεν
2955 2099 2987 2150 ὁ
3018 2098 3182 2160 Θεὸς,
3217 2094 3307 2147 ὅτι
3333 2095 3542 2148 καλόν.
3570 2093 3684 2145 Ούκ
3721 2089 3854 2142 αύτδ
3889 2087 4044 2141 τοῦτο

2466 2195 2705 2264 τερπνὴν
2740 2209 2864 2246 τινα
2889 2192 3011 2262 ὄψιν
3046 2190 3321 2261 Θαλάσσης
3348 2193 3375 2243 ὁ
3412 2191 3569 2256 λόγος
3603 2186 3937 2238 ἐνδείκνυται
3971 2183 4048 2254 τῷ

2464 2282 2583 2353 Θεῷ
2640 2283 2939 2353 πεφηνέναι
2981 2283 3080 2353 (ὅ).
3133 2283 3206 2334 Ού
3255 2282 3363 2351 γάρ
3401 2277 3696 2346 ὀφθαλμοῖς
3755 2273 3943 2345 βλέπει
3979 2274 4046 2326 τά

2468 2377 2637 2446 κάλλη
2661 2376 2760 2447 τῆς
2790 2374 3022 2438 κτίσεως
3075 2379 3102 2430 ὀ
3152 2375 3400 2445 ποιητὴς,
3432 2370 3566 2423 ἀλλὰ
3605 2372 3670 2441 τῇ
3706 2369 3932 2441 ἀρρήτῳ
3957 2385 4044 2421 σο-

2468 2470 2565 2540 φίᾳ
2589 2468 2783 2539 θεωρεῖ
2807 2466 2876 2520 τὰ
2912 2465 3189 2536 γινόμενα.
3247 2464 3372 2518 Ἡδὺ
3424 2462 3521 2532 μὲν
3563 2461 3671 2532 γὰρ
3713 2460 3894 2531 θέαμα
3926 2459 4048 2512 λευ-

2465 2559 2759 2629 καινομένη
2809 2557 3073 2620 θάπασσα,
3115 2555 3356 2624 γαλήνης
3405 2552 3571 2625 αὐτὴν
3609 2552 3877 2620 σταθερᾶς
3911 2566 4045 2602 κατ-

2465 2650 2695 2721 εχούσης
2718 2667 2732 2679 ·
2763 2649 2864 2719 ἡδὺ
2909 2649 2965 2701 δὲ
2992 2649 3085 2700 καὶ
3114 2648 3241 2701 ὅταν
3268 2645 3521 2717 πραείαις
3553 2643 3747 2713 αὔραις
3778 2656 4046 2710 τραχυνο-

2468 2743 2604 2812 μένη
2644 2741 2711 2792 τὰ
2745 2741 2909 2799 νῶτα,
2965 2738 3352 2811 πορφύρουσαν
3413 2737 3579 2808 χρόαν
3621 2734 3653 2802 ἢ
3703 2731 3911 2800 κυανῆν
3936 2733 4046 2794 τοῖς

2462 2832 2628 2903 ὁρῶσι
2673 2831 2988 2905 προσϐάλλῃ
3039 2831 3138 2902 (ἂν
3173 2832 3261 2884 ὅτε
3319 2828 3439 2883 οὐδὲ
3482 2824 3672 2877 τύπτει
3725 2821 3912 2892 βιαίως
3947 2821 4044 2893 τὴν

2463 2924 2678 2993 γείτονα
2705 2925 2920 2996 χέρσον,
2955 2925 3068 2978 ἀλλ’
3101 2920 3212 2977 οἷον
3241 2918 3542 2992 είρηνικαῖς
3579 2933 3720 2969 τισιν
3747 2911 3916 2984 αὐτὴν
3948 2930 4045 2965 πε-

2466 3014 2751 3087 ριπλοκαῖς
2796 3016 3228 3080 κατασπάζεται.
3297 3012 3372 3063 Ού
3440 3008 3545 3081 μὴν
3579 3009 3727 3062 οὕτω
3773 3006 3870 3058 καὶ
3923 3005 4044 3077 Θεῷ

2464 3109 2672 3163 οἴεσθαι
2697 3111 2803 3182 χρὴ
2842 3111 2938 3178 τὴν
2965 3105 3185 3178 Γραφὴν
3215 3103 3496 3175 εἰρηκέναι
3531 3101 3700 3171 καλὴν
3731 3098 3826 3153 καὶ
3858 3099 4042 3170 ἡδεῖαν

2465 3196 2641 3272 ὦφθαι
2700 3202 2796 3272 τὴν
2848 3199 3138 3261 θάλασσαν,
3171 3195 3306 3250 ἀλλὰ
3349 3196 3411 3248 τὸ
3450 3194 3614 3248 καλὸν
3652 3194 3769 3245 ἐκεῖ
3793 3191 3872 3262 τῷ
3901 3193 4044 3261 λόγῳ

2465 3294 2565 3365 τῆς
2592 3294 2669 3363 (5)
2697 3289 3056 3364 δημιουργίας
3072 3288 3335 3360 κρίνεται.
3375 3286 3598 3358 Πρῶτον
3631 3284 3856 3354 μὲννὸτι
3891 3285 4044 3357 πηγὴ

2464 3388 2562 3456 τῆς
2589 3385 2716 3454 περὶ
2761 3382 2864 3452 γῆν
2913 3383 3130 3450 ἀπάσης
3167 3380 3368 3443 νοτίδος
3398 3379 3515 3432 ἐστὶ
3555 3378 3614 3430 τὸ
3641 3376 3741 3447 τῆς
3766 3376 4042 3447 θαλάσσης

2465 3475 2609 3545 ὕδωρ
2631 3491 2643 3504 ο
2697 3473 2852 3525 τοῦτο
2900 3472 2997 3542 μὲν
3028 3473 3084 3523 ὲν
3107 3473 3218 3534 τοῖς
3253 3466 3479 3540 ἀφανέσι
3524 3469 3712 3539 πόροις
3737 3467 4043 3539 διαδιδόμε-

2463 3584 2572 3631 νον,
2625 3565 2699 3628 ὡς
2727 3563 2977 3636 δηλοῦσιν
3025 3566 3083 3616 αἱ
3145 3563 3448 3635 σομφώδεις
3505 3562 3612 3615 τῶν
3650 3561 3898 3633 ἠπείρων
3949 3558 4042 3613 καὶ

2465 3657 2748 3727 ὒπαντροι,
2781 3658 2870 3724 ὑφ’
2903 3655 2968 3718 ἃς
2997 3658 3030 3728 ἡ
3063 3655 3264 3728 ῥοώδης
3318 3653 3738 3717 διαυλωνίζουσα
3774 3652 4040 3711 θάλασσα,

2465 3748 2690 3801 ἐπειδὰν
2720 3747 2960 3811 σκολιαῖς
2992 3748 3086 3801 καὶ
3121 3747 3181 3799 οὐ
3219 3746 3294 3816 (6)
3333 3745 3467 3814 πρὸς
3498 3744 3559 3797 τὸ
3592 3743 3774 3815 ὄρθιον
3807 3741 4044 3815 φερομέ-

2463 3859 2585 3904 ναις
2615 3841 2961 3911 ὲναποληφθῇ
2996 3837 3265 3903 διεξόδοις,
3303 3836 3408 3889 ὑπὸ
3447 3835 3540 3890 τοῦ
3569 3831 3842 3899 κινοῦντος
3871 3832 4043 3903 αὐτὴν

2466 3940 2769 4003 πνεύματος
2809 3930 3113 3998 ὠθουμένη,
3158 3928 3382 3998 φέρεται
3419 3927 3525 3993 ἔξω
3565 3928 3662 3999 τὴν
3713 3926 4039 3993 ἐπιφάνειαν

2464 4024 2817 4096 διαρρήξασα,
2849 4022 2941 4073 καὶ
2992 4020 3200 4087 γίνεται
3235 4020 3465 4091 πότιμος
3500 4021 3565 4072 ὲκ
3608 4021 3706 4089 τῆς
3738 4016 4040 4088 διηθήσεως

2462 4113 2522 4166 τὸ
2553 4114 2745 4182 πικρὸν
2800 4109 3028 4162 ἰαθεῖσα.
3054 4109 3193 4179 Ἤδη
3229 4109 3284 4163 δὲ
3318 4112 3413 4164 καὶ
3469 4109 3805 4182 θερμοτέρας
3848 4107 3916 4160 ὲκ
3947 4123 4041 4178 με·

2464 4205 2671 4259 τάλλων
2701 4204 2983 4274 ποιότητος
3018 4204 3159 4256 κατὰ
3206 4204 3305 4274 τὴν
3355 4203 3583 4268 διέξοδον
3633 4199 4038 4273 προσλαϐοῦσα,

2462 4297 2526 4348 ὲκ
2555 4296 2652 4365 τῆς
2689 4294 2857 4364 αὐτῆς
2886 4293 2978 4347 τοῦ
3021 4295 3299 4358 κινοῦντος
3347 4297 3523 4358 αίτίας
3565 4293 3762 4357 ζέουσα
3805 4292 4036 4361 γίνεται,

2461 4386 2538 4448 ὡς
2567 4385 2634 4437 τὰ
2661 4383 2851 4448 πολλὰ,
2883 4384 2976 4437 καὶ
3011 4385 3298 4456 πυρώδης·
3336 4387 3472 4456 ὅπερ
3498 4384 3761 4454 πολλαχοῦ
3795 4385 3893 4454 μὲν
3928 4383 4041 4437 τῶν

2460 4478 2664 4547 νήσων,
2717 4476 2985 4546 πολλαχοῦ
3017 4476 3073 4528 δὲ
3125 4478 3235 4531 τῶν
3282 4477 3562 4548 παραλίων
3595 4477 3776 4528 τόπων
3829 4475 4038 4540 ἔξεστιν

795 4553 1006 4618 magnis
1037 4567 1413 4622 comparemus
1437 4593 1454 4619 ,
1506 4554 1559 4606 in
1593 4553 1998 4608 mediterraneis
2051 4555 2359 4624 regionibus
2391 4587 2434 4641 D
2463 4570 2478 4623 ξ

2352 4573 2359 4611 ε
2391 4587 2434 4641 ι)
2463 4568 2766 4640 ἱστορῆσαι.
2807 4570 2979 4622 Ὅπου
3021 4585 3088 4636 γε
3137 4570 3231 4621 καὶ
3283 4569 3421 4623 κατὰ
3460 4569 3558 4636 τὴν
3612 4558 3930 4639 μίεσόγειαί
3955 4567 4035 4638 (7)

794 4646 972 4697 εἰηιὶιο
1028 4646 1278 4713 quiddam
1342 4651 1710 4716 perpetiuntur
1763 4647 1878 4700 loca
1929 4649 2170 4716 quaedam
2203 4653 2359 4720 aquis

802 4729 1106 4785 ﬂuvialibus
1159 4734 1411 4791 conﬁnia.
1471 4735 1605 4802 Quid
1636 4746 1718 4791 est
1745 4736 1906 4804 igitur
1938 4753 2038 4791 cur
2084 4739 2182 4794 hoc
2208 4755 2237 4793 a
2274 4756 2361 4795 me

791 4821 994 4876 dictum
1034 4822 1138 4875 sit?
1179 4822 1331 4887 Quod
1391 4835 1498 4878 tota
1561 4826 1737 4890 tellus,
1786 4841 1922 4896 aqua
1979 4843 2074 4898 per
2123 4829 2360 4885 occultos

788 4919 1002 4964 meatus
1036 4926 1101 4964 ex
1140 4913 1303 4966 maris
1337 4914 1614 4984 principiis
1647 4918 2066 4983 subtermeante,
2096 4919 2359 4976 cuniculis

791 5000 988 5055 referta
1030 5013 1114 5056 est
1134 5018 1197 5074 ac
1218 5004 1437 5071 repleta.

866 5091 914 5146 7.
965 5092 1254 5149 Pulchrum
1291 5097 1468 5165 itaque
1496 5105 1578 5151 est
1605 5113 1754 5159 mare
1785 5099 1914 5168 Deo,
1943 5101 2012 5158 ob
2067 5101 2350 5159 humorem

863 5298 974 5379 (S39)
994 5299 1122 5379 _Du9_
1141 5318 1271 5379 mss.
1296 5303 1357 5356 τὸ
1383 5305 1481 5379 μὲν
1508 5305 1708 5378 θερμόν
1736 5329 1748 5362 :
1786 5326 2013 5379 quorum
2038 5316 2172 5370 alter
2194 5319 2353 5374 habet

788 5387 861 5458 eo.»
890 5369 1053 5458 ξηρὸν
1081 5372 1353 5458 semusta.
1376 5369 1479 5458 Alii
1505 5369 1622 5431 πόδ’
1635 5393 1766 5458 mss.
1804 5369 1882 5451 τῷ
1919 5385 2015 5458 μεν

787 5525 934 5703 πῇ.)
966 5581 1098 5650 Reg.
1137 5585 1323 5639 tertius
1361 5585 1636 5656 στοιχείων
1671 5593 2106 5703 προσήρμοσται.

881 5649 938 5703 2)
969 5650 1119 5703 Mulli
1154 5669 1283 5703 mss.
1311 5654 1553 5703 ὕστερον-
1581 5659 1718 5703 Ειιίιί
1746 5663 1844 5703 {me
1882 5680 1988 5703 mm-

887 5609 934 5650 ι)
966 5609 1098 5650 ιιιςδ.
1137 5609 1323 5639 tcruus
1361 5609 1636 5656 στοιχειων
1671 5609 1844 5662 προση
1891 5611 2008 5663 μοσε

969 5650 1120 5733 _h_iulti
1154 5669 1283 5708 mss.
1311 5654 1562 5733 ὕστερονζ
1579 5659 1718 5712 Editi
1746 5609 2008 5733 ὑστὲρως.

970 5721 1102 5800 ﬁeg.
1129 5737 1314 5800 sextus
1346 5726 1423 5796 τῷ
1603 5719 1924 5800 πεφυκέναι.

967 5791 1195 5874 {lodices
1223 5791 1646 5874 duqnpo6dX1n.

883 5860 934 5930 5)
964 5862 1057 5932 ’,ιω
1113 5864 1279 5920 editio
1309 5860 1470 5924 Basil.
1502 5884 1554 5924 et
1597 5860 1702 5927 i'ns.
1757 5874 1998 5931 Combef.
2034 5892 2159 5933 cum
2225 5879 2342 5937 aliis

2463 4661 2619 4714 τόποι
2648 4661 2792 4724 τινὲς
2817 4661 2922 4714 τῶν
2963 4661 3242 4729 ποταμίων
3285 4661 3489 4715 ὑδάτων
3527 4661 3787 4728 γείτονες,
3820 4661 3897 4724 ὡς
3944 4678 4035 4730 μι-

2463 4754 2571 4826 κρὰ
2621 4753 2876 4822 μεγάλοις
2920 4753 3158 4814 εἰκάσαι,
3212 4753 3280 4805 τὰ
3333 4752 3688 4824 παραπλήσια
3741 4752 4031 4822 πάσχουσι.

2462 4844 2607 4915 Πρὸς
2631 4841 2724 4898 οὖν
2754 4845 2806 4896 τί
2830 4844 2986 4897 τοῦτο
3009 4843 3226 4916 εἴρηταί
3267 4862 3392 4916 μοις
3432 4847 3554 4898 Ὀτι
3578 4847 3728 4899 πᾶσα
3762 4844 4033 4916 ὑπόνομός

2460 4936 2607 4988 ἐστιν
2641 4938 2673 5006 ἡ
2707 4937 2801 5005 γῆ,
2832 4936 2921 4989 διὰ
2972 4936 3154 5007 πόρων
3199 4936 3421 5005 ἀφανῶν
3465 4939 3528 4990 ὲκ
3579 4937 3686 4990 τῶν
3717 4937 3904 5006 ἀρχῶν
3931 4935 4032 5005 τῆς

2459 5025 2735 5097 θαλάσσης
2775 5028 3193 5092 ὑπονοστοῦντος
3223 5029 3318 5082 τοῦ
3347 5029 3555 5094 ὓδατος.

2529 5114 2581 5168 7.
2615 5113 2770 5185 Καλὴ
2800 5116 2979 5168 τοίνυν
3006 5117 3038 5185 ἡ
3067 5115 3312 5170 θάλασσα
3340 5118 3418 5189 τῷ
3459 5119 3577 5189 Θεῷ
3607 5119 3700 5172 καὶ
3729 5117 3817 5171 διὰ
3845 5119 3944 5190 τὴν
3972 5119 4032 5172 ὲν

2456 5323 2693 5389 quinque
2746 5338 2874 5377 mss.
2913 5325 3044 5390 Reg.
3093 5335 3279 5380 sextus
3309 5324 3446 5378 άλλά
3483 5326 3544 5380 τὸ
3574 5325 3739 5379 καλὸν
3760 5324 3903 5379 ἐκεῖ.
3946 5325 4029 5390 τῷ

788 5387 856 5450 το
890 5379 1053 5454 ξηρὸν
1081 5379 1136 5424 δὲ
1169 5379 1353 5429 πάλιν.
1376 5379 1479 5428 Alii
1505 5387 1612 5431 tres
1635 5393 1766 5431 mss.
1806 5381 1882 5451 τῷ
1919 5385 2015 5453 μὲν
2047 5386 2346 5457 θερμῶ.....
2455 5410 2470 5445 t

787 5456 868 5509 τῳ
917 5441 1064 5513 ξηρῳ
1122 5443 1197 5501 δέ.
1253 5444 1372 5498 Mox
1426 5443 1557 5515 Reg.
1618 5450 1822 5517 primus
1871 5455 2028 5523 χορὸς
2071 5441 2352 5523 παναρμό-
2455 5479 2470 5523 1

2455 5379 2746 5462 καλῷ’τῆς,
2784 5404 2891 5448 etc.
2945 5379 3124 5449 Editio
3171 5395 3340 5450 Paris.
3399 5379 3562 5450 καλὸν
3590 5395 3783 5464 ἐκείνῳ
3841 5394 3922 5466 τῷ
3948 5379 4032 5449 λό-

2349 5489 2352 5499 ’
2455 5478 2556 5523 γῳ.

1036 5476 1064 5512 ρ
1122 5476 1197 5501 υς.
1253 5476 1372 5498 aqua
1426 5476 1557 5515 “cs.
1618 5476 1822 5517 prunus
1871 5476 2028 5523 χορος
2071 5476 2352 5529 παναρμο-
2455 5478 2537 5532 γῳ

2527 5500 2602 5602 ίθ)
2640 5531 3001 5605 Sicicombef.
3031 5551 3152 5588 cum
3199 5533 3333 5605 Reg.
3361 5545 3554 5590 octavo
3594 5544 3648 5588 et
3693 5550 3818 5591 cum
3869 5535 4024 5591 Colb.

2456 5603 2712 5666 secundo.
2743 5604 2901 5659 Deest
2931 5606 2990 5657 ού
3021 5607 3071 5658 ἱη
3098 5606 3258 5659 editis
3289 5603 3346 5658 et
3378 5606 3430 5658 in
3469 5605 3645 5659 multis
3671 5621 3803 5659 mss.

2528 5672 2606 5741 (7)
2627 5671 2726 5742 _Sic
2753 5673 2901 5742 Regii
2939 5677 3153 5738 tertius,
3181 5675 3401 5741 quintus
3422 5685 3475 5727 et
3504 5685 3688 5730 sextus
3707 5691 3830 5730 cum
3871 5685 4022 5730 utro-

2453 5758 2556 5814 que
2589 5740 2776 5814 Coi‘sl.
2828 5740 2969 5800 Edili
3034 5760 3155 5802 cutn
3192 5740 3510 5814 quibusdam
3543 5745 3663 5814 aliis
3719 5761 3850 5802 mss.
3878 5744 4020 5799 κατὰ

2452 5812 2547 5883 τὴν
2579 5811 2877 5882 μεσόγειον.
