4262 6510
265 454 336 504 95
1401 447 1680 502 HOMILIA
1721 451 1760 503 V
1805 448 1868 501 IN
1911 447 2407 502 IIEXAEMERON.
3429 453 3496 503 ‘M

258 566 338 635 τῷ
367 567 516 635 addat
564 569 658 634 τῆς
696 565 915 634 ἰκμάδος
946 566 1283 636 ὑποδρομήν·
1335 564 1472 633 καλὴ
1527 567 1618 616 καὶ
1673 567 1825 626 διότι.
1861 575 1900 627 Α
1935 585 1941 635 ι

1816 609 1825 626 ,
1861 575 1900 627 Α
1935 584 2026 635 per
2057 568 2242 620 intima
2295 567 2406 617 loca
2455 569 2806 620 subeuntem:
2855 567 3130 633 pulchrum
3168 565 3312 624 item,
3360 567 3499 632 quod

260 661 520 729 ποταμῶν
557 654 688 709 οὖσα
720 659 796 726 (8)
821 659 1044 728 δοχεῐον,
1079 661 1156 719 εἰς
1177 656 1372 727 ἑαυτὴν
1405 659 1472 710 τά
1502 661 1832 728 πανταχόθεν

259 752 609 817 καταδέχεται
643 749 906 820 ῥεύματα,
937 752 1029 801 καὶ
1068 749 1215 818 μένει
1250 750 1356 802 τῷν
1384 753 1522 822 ὅρων
1558 750 1686 802 εἴσω
1728 755 1832 806 τῷν

259 836 460 902 ὲαυτῆς
536 835 670 908 καλὴ
697 841 788 890 καὶ
830 839 962 888 διότι
997 839 1106 899 τοῖς
1133 840 1337 910 ἀερίοις
1368 840 1552 891 ὕδασιν
1584 839 1720 909 ἀρχή
1751 843 1831 906 τίς

257 931 374 978 ἐστι
411 929 502 978 καὶ
537 931 704 999 πηγὴ,
738 928 1052 996 θαλπομένη
1091 931 1186 999 μὲν
1219 934 1282 999 τῇ
1325 932 1498 981 ἀκτῖνι
1527 931 1620 982 τοῦ
1651 933 1825 1002 ἡλίου,

258 1019 626 1090 ἀποτιθεμένη
653 1020 785 1072 δὲτὸ
808 1019 998 1073 λεπτὸν
1027 1022 1116 1073 τοῦ
1149 1022 1338 1082 ὓδατος
1365 1021 1450 1073 διὰ
1484 1023 1590 1076 τῶν
1619 1025 1826 1095 ἀτμῶν,

255 1110 397 1179 ὅπερ
432 1111 687 1162 ὲλκυσθὲν
745 1112 824 1172 είς
881 1111 968 1163 τὸν
1010 1113 1119 1164 ἄνω
1169 1112 1353 1175 τόπον,
1403 1110 1540 1180 εἶτα,
1590 1119 1827 1187 καταψυ-

257 1205 384 1273 χθὲν
416 1207 502 1258 διὰ
532 1207 591 1256 τὸ
637 1205 962 1277 ὑψηλότερον
1003 1205 1252 1270 γενέσθαι
1280 1209 1377 1279 τῆς
1410 1211 1516 1262 ἀπὸ
1562 1212 1655 1262 τοῦ
1710 1215 1828 1267 ἐδά-

257 1315 390 1364 φους
423 1296 768 1361 ἀνακλάσεως
796 1300 901 1350 τῷν
929 1299 1182 1363 ἀκτίνων,
1211 1302 1300 1352 καὶ
1328 1302 1462 1370 ὁμοῦ
1508 1303 1606 1370 τῆς
1632 1304 1695 1355 ὲκ
1730 1305 1823 1357 τοῦ

255 1391 451 1455 νέφους
483 1391 638 1452 σκιᾶς
666 1390 761 1460 τὴν
795 1390 951 1458 ψύξιν
974 1391 1368 1461 ἐπιτεινούσης,
1405 1395 1557 1455 ὑετὸς
1594 1396 1821 1462 γίνεται.

255 1483 350 1534 καὶ
405 1484 605 1534 πιαίνει
653 1483 750 1553 τὴν
800 1484 924 1553 γῆν.
976 1487 1084 1538 Καὶ
1120 1485 1331 1547 τούτοις
1379 1486 1552 1549 ούδεὶς
1607 1489 1828 1541 ἀπιστεί

253 1573 475 1634 πάντως
507 1576 630 1636 τοὺς
671 1575 1097 1647 ὐποκαιομένους
1155 1576 1384 1647 λέϐητας
1425 1580 1700 1648 ἐννοήσας,
1751 1581 1821 1642 οἳ,

253 1662 481 1733 πλήρεις
528 1667 676 1731 ὄντες
710 1669 897 1739 ὑγροῦ,
954 1668 1211 1732 πολλάκις
1260 1671 1406 1722 κενοὶ
1466 1671 1822 1743 κατελείςςθη-

255 1771 354 1808 σαν
391 1757 487 1820 19),
523 1762 600 1819 είς
618 1761 786 1829 άτμδν
811 1760 1006 1822 παντὸς
1029 1761 1120 1812 τοῦ
1145 1762 1406 1832 ἑψομένου
1431 1763 1818 1835 διακριθέντος.

264 1848 421 1901 Ἀλλά
466 1852 558 1901 καὶ
617 1851 746 1900 αὐτὸ
799 1850 944 1902 ἔστιν
984 1851 1108 1904 ίδεῖν
1146 1854 1206 1906 τὸ
1245 1855 1344 1923 τῆς
1373 1853 1644 1924 Θαλάσσης
1679 1855 1820 1926 ὕδωρ

252 1940 403 2006 παρὰ
441 1939 545 1990 τῷν
585 1940 1009 2010 ναυτιλλομένων
1039 1945 1299 2014 ἑψόμενον
1318 1964 1329 1974 ’
1365 1948 1438 2007 οἳ,
1469 1948 1594 2009 τοὺς
1617 1950 1818 2016 ἀτμοὺς

252 2031 509 2096 σπόγγοις
562 2031 943 2101 ὑποδεχόμενοι
1001 2037 1132 2103 (10),
1188 2037 1288 2104 τὴν
1334 2037 1519 2105 χρείαν
1585 2038 1818 2106 μετρίως

249 2124 306 2172 ἐν
332 2125 451 2184 ταῖς
485 2123 749 2190 ἀνάγκαις
775 2126 1240 2196 παραμυθοῦνται.
1262 2128 1414 2198 Καλὴ
1447 2128 1501 2180 δὲ
1533 2130 1624 2181 καὶ
1647 2129 1820 2192 ἄλλως

249 2216 404 2285 παρά
437 2215 572 2285 Θεῷ,
609 2217 688 2269 ὅτι
734 2219 1082 2288 περισφίγγει
1134 2221 1233 2284 τὰς
1280 2222 1496 2291 νήσους,
1529 2218 1660 2290 ὁμοῦ
1722 2220 1819 2290 μὲν

249 2309 453 2377 κόσμον
489 2310 697 2373 αὑταῖς,
734 2311 865 2380 ὁμοῦ
906 2311 961 2364 δὲ
1014 2313 1106 2364 καὶ
1139 2312 1434 2382 ἀσφάλειαν
1473 2312 1815 2384 παρεχομένη

246 2400 312 2452 δι’
341 2403 569 2469 ἐαυτῆςσ
631 2403 816 2455 ἔπειτα
865 2405 958 2456 καὶ
1015 2407 1095 2456 ὅτι
1133 2406 1229 2466 τὰς
1276 2406 1521 2456 πλεῖστον
1577 2404 1817 2473 ἀλλήλων

247 2489 542 2552 διεστώσας
575 2493 832 2561 ἠπείρους
875 2494 1132 2546 συνάπτει
1183 2494 1249 2545 δι’
1296 2494 1511 2562 ἑαυτῆς,
1544 2492 1817 2545 ἀκώλυτον

245 2583 358 2641 τοῖς
382 2580 812 2649 ναυτιλλομένοις
861 2580 957 2651 τὴν
1005 2582 1283 2651 ἐπιμιξίαν
1311 2582 1653 2652 παρεχομένη
1678 2598 1715 2648 ο,
1749 2582 1815 2634 δι’

245 2665 320 2725 ὧν
355 2673 449 2725 καὶ
496 2673 732 2743 ἱστορίας
793 2673 900 2726 τῷν
950 2675 1326 2744 ἀγνοουμένων
1374 2674 1679 2744 χαρίζεται,
1723 2676 1817 2728 καὶ

247 2764 475 2818 πλούτου
500 2767 753 2838 πρόξενος
789 2767 1049 2838 ἐμπόροις
1073 2769 1299 2836 γίνεται,
1333 2769 1425 2820 καὶ
1456 2767 1554 2830 τὰς
1577 2767 1670 2819 τοῦ
1701 2767 1813 2836 βίου

247 2857 435 2926 χρείας
462 2859 852 2929 ἐπανορθοῦται
880 2860 1094 2927 ῥαδίως,
1131 2860 1412 2930 ἐξαγωγὴν
1455 2863 1551 2928 μὲν
1575 2877 1682 2910 των
1716 2877 1814 2910 πε-

249 2949 448 3018 ριττῶν
477 2951 584 3011 τοῖς
608 2949 1017 3019 εὑθηνουμένοις
1041 2951 1406 3021 παρεχομένη,
1440 2951 1814 3022 ἐπανόρθωσιν

246 3039 304 3091 δὲ
337 3040 430 3092 τοῦ
457 3040 731 3103 λείποντος
766 3040 1091 3112 χαριζομένη
1114 3045 1222 3105 τοῖς
1256 3043 1478 3097 ὲνδεέσι.
1511 3045 1620 3096 Καὶ
1653 3043 1814 3096 πόθεν

246 3132 371 3200 ἐμοὶ
405 3132 522 3184 ὅλον
552 3132 675 3184 ἰδεῖν
703 3133 838 3202 μετά
859 3133 1139 3204 ἀκριϐείας
1167 3134 1265 3203 τῆς
1296 3135 1568 3205 θαλάσσης
1595 3136 1656 3186 τὸ
1684 3135 1814 3187 κάλ·-

246 3219 357 3282 λος,
392 3222 513 3274 ὅσον
558 3223 634 3292 τῷ
669 3222 928 3293 ὀφθαλμῷ
984 3223 1074 3276 τοῦ
1121 3230 1444 3293 ποιήσαντος
1499 3226 1808 3294 κατεφάνης

247 3311 310 3362 Εἰ
346 3312 401 3362 δὲ
437 3311 674 3366 θάλασσα
705 3315 840 3384 καλὴ
869 3315 962 3366 καὶ
995 3314 1247 3384 ἐπαινετὴ
1269 3313 1344 3364 τῷ
1370 3313 1507 3385 Θεῷ,
1553 3314 1666 3379 πιῖις
1696 3316 1814 3385 οὐχ).

246 3402 480 3455 καλλίων
528 3403 816 3472 εκκλησίας
865 3405 1117 3474 τοιαύτης
1150 3405 1420 3472 σύλλογος,
1448 3407 1504 3458 ὲν
1613 3423 1815 3476 συμμι-

245 3493 349 3562 γὴς
373 3488 524 3562 ἦχος,
557 3488 668 3545 οἷόν
707 3511 847 3556 tuo;
887 3497 1127 3564 κύματος
1169 3497 1304 3565 ἠϊόνι
1350 3499 1811 3568 προσφερομένου,

242 3585 455 3654 ἀνδρῶν
485 3585 575 3636 καὶ
601 3586 870 3652 γυναικῷν
894 3588 982 3638 καὶ
1020 3587 1248 3658 νηπίων,
1275 3589 1414 3640 κατὰ
1445 3589 1541 3651 τάς
1570 3590 1704 3660 πρὸς
1725 3591 1815 3643 τὸν

243 3678 375 3729 θεὸν
407 3679 514 3745 (11)
551 3678 705 3747 ἡμῶν
755 3679 988 3748 δεήσεις,
1045 3681 1423 3748 ὲκπέμπεται;
1485 3681 1696 3752 Γαλήνη
1759 3683 1815 3736 δὲ

245 3769 434 3838 βαθεῖα
469 3770 763 3823 ἀσάλευτον
808 3771 973 3843 αὐτὴν
1017 3771 1288 3834 διασώζει,
1330 3772 1435 3825 τῶν
1493 3774 1810 3842 ’.ι-ενευμόιτιω⁵

242 3862 341 3930 τῆς
379 3864 640 3932 πονηρίας
689 3863 917 3934 ταράξαι
964 3865 1132 3934 αὐτὴν
1166 3867 1278 3926 τοῖς
1308 3865 1601 3934 αἱρετικοίς
1639 3865 1814 3932 λόγοις

247 3953 320 4020 μὴ
349 3952 702 4020 δυνηθέντων.
739 3955 985 4007 Γένοισθε
1021 3953 1113 4008 οὖν
1142 3956 1278 4020 ἄξιοι
1299 3955 1399 4024 τῆς
1425 3956 1688 4026 ἀποδοχῆς
1719 3955 1812 4008 τοῦ

243 4041 470 4110 Κυρίου,
500 4043 596 4112 τὴν
643 4043 891 4106 εὐταξίαν
921 4045 1120 4113 ταύτην
1150 4047 1241 4096 ἐπὶ
1283 4047 1342 4097 τὸ
1371 4048 1810 4117 εὐπρεπέστατον

241 4129 603 4194 διασώσαντες
663 4131 796 4200 (12),
844 4134 900 4184 ἐν
953 4133 1172 4203 Χριστῷ
1239 4135 1409 4200 Ἰησοῦ
1481 4135 1558 4205 τῷ
1625 4137 1812 4206 Κυρίῳ

1936 675 2054 711 cum
2081 660 2149 713 sil
2177 658 2453 710 ﬂuviorum
2482 658 2895 725 receptaculum,
2932 657 3125 710 ﬂuenta
3155 656 3426 710 undelibet
3446 657 3500 710 in

1935 767 1992 803 se
2027 752 2232 820 recipit,
2263 761 2423 818 atque
2458 749 2594 802 intra
2653 766 2777 803 suos
2824 750 3082 801 terminos
3136 757 3334 802 manet.
3376 747 3502 799 Pril-

1934 845 2120 896 chrum
2173 842 2371 903 etiam,
2422 840 2672 909 quoniam
2720 842 2985 893 aeriarum
3050 854 3304 906 aquarum
3350 839 3500 906 origo

1932 935 2171 999 quaedam
2203 949 2265 986 ac
2306 932 2424 986 fons
2463 941 2565 992 est,
2595 942 2868 998 lepescens
2909 931 3120 998 quidem
3173 931 3300 982 solis
3330 933 3498 996 radio,

1932 1024 2182 1078 emittens
2208 1040 2336 1078 vero
2357 1040 2450 1090 per
2474 1037 2695 1090 vapores
2725 1037 2917 1090 aquam
2946 1022 3272 1074 tenuiorem:
3313 1036 3429 1088 qua:
3449 1023 3500 1076 iu

1930 1128 2217 1181 supernum
2274 1116 2446 1168 locum
2513 1121 2759 1172 attracta,
2816 1113 3008 1164 deinde
3055 1112 3407 1177 rcfrigescens
3439 1125 3501 1165 co

1930 1203 2069 1273 quod
2100 1203 2363 1256 radiorum
2395 1220 2423 1255 a
2479 1204 2593 1257 solo
2639 1202 2955 1256 reﬂexorum
2993 1217 3309 1270 repercussu
3341 1201 3501 1256 altior

1927 1296 2114 1358 evasit,
2146 1294 2408 1350 simulque
2441 1295 2594 1346 nubis
2618 1296 2802 1347 mnbra
2831 1291 3294 1360 refrigerationem
3321 1294 3496 1347 inten-

1927 1385 2102 1448 dente,
2120 1384 2293 1452 pluvia
2312 1383 2390 1445 tit,
2406 1398 2467 1435 ac
2486 1393 2678 1435 terram
2703 1384 3224 1454 pitiguel‘acit.Atque
3245 1386 3324 1438 his
3343 1400 3501 1439 nemo

1926 1492 2142 1544 prorsus
2175 1474 2330 1528 Iidem
2374 1473 2710 1528 detracturus
2734 1483 2834 1536 est,
2878 1476 2965 1541 qui
2999 1476 3248 1527 admotos
3295 1473 3398 1542 igni
3426 1473 3502 1526 lea

1925 1567 2072 1619 betes
2105 1564 2558 1619 cousideraverit:
2590 1563 2679 1630 qui
2709 1562 2930 1616 humore
2963 1566 3202 1632 pleni,eo
3227 1573 3336 1618 toto
3360 1564 3498 1632 quod

1925 1657 2284 1724 coquebatur,
2311 1659 2360 1708 in
2381 1671 2611 1724 vapores
2637 1654 2897 1718 resoluto,
2933 1669 3071 1721 sazpe
3105 1657 3254 1706 vacui.
3281 1671 3495 1708 reman-

1924 1761 2064 1800 Stere.
2099 1746 2400 1812 Quinetiam
2461 1749 2624 1813 ipsam
2691 1745 2856 1798 maris
2903 1760 3096 1814 aquam
3128 1762 3156 1798 a
3197 1745 3496 1813 naviganti-

1924 1843 2023 1896 bus
2067 1841 2330 1910 concoqui
2363 1841 2546 1894 videre
2578 1842 2717 1906 licet,
2753 1843 2842 1908 qui
2877 1857 3102 1909 vapores
3141 1843 3376 1911 spongiis
3403 1857 3497 1894 ex-

1853 1922 1892 1976 Β
1924 1934 2205 2002 cipientes,
2249 1933 2299 1984 in
2350 1931 2762 1985 necessitatibus
2790 1940 3057 1999 utcunque
3090 1934 3364 2000 penuriam
3398 1933 3498 1986 ele-

1921 2033 2068 2076 vant.
2106 2023 2398 2076 Pulchrum
2423 2030 2508 2076 est
2537 2032 2713 2076 autem
2746 2029 2798 2075 et
2825 2020 2931 2074 alio
2965 2025 3124 2078 modo
3156 2025 3297 2093 apud
3329 2024 3496 2077 Deum

1921 2119 2061 2181 quod
2101 2115 2492 2182 constringitet
2547 2125 2762 2172 coercet
2794 2116 3017 2180 insulas,
3055 2117 3132 2170 eis
3179 2126 3284 2169 tum
3332 2108 3518 2171 orna-'

1922 2215 2055 2268 tum,
2116 2216 2225 2257 tum
2278 2208 2615 2261 securitatem
2663 2211 2822 2264 simul
2871 2226 2965 2280 per
3015 2209 3250 2278 seipsum
3299 2209 3498 2276 imper-

1921 2298 2092 2353 tiens:
2126 2298 2314 2351 deinde
2335 2299 2517 2364 etiam,
2541 2301 2680 2367 quod
2716 2312 2883 2354 terras
2902 2302 3187 2371 plurimum
3211 2316 3239 2354 a
3270 2315 3328 2354 se
3357 2301 3496 2354 invi-

1918 2407 2035 2446 cem
2067 2392 2328 2445 distantes
2361 2406 2454 2459 per
2481 2406 2537 2445 se
2569 2391 2861 2462 conjnngit,
2887 2409 2949 2446 ac
3003 2393 3378 2463 navigantibus
3402 2409 3494 2447 ex-

1917 2485 2154 2551 peditqu
2181 2484 2566 2540 commercium
2594 2495 2851 2552 praistat:
2884 2500 2975 2553 per
3002 2501 3136 2555 quos
3161 2496 3214 2539 et
3237 2486 3496 2539 historias

1921 2591 2099 2628 rerum
2136 2577 2437 2643 ignotarum
2473 2576 2716 2645 largitur,
2749 2589 2803 2631 et
2850 2577 3064 2631 divitias
3099 2578 3491 2631 mercatoribus

1918 2665 2084 2735 parit,
2117 2676 2168 2718 et
2202 2666 2356 2720 facile
2389 2670 2507 2720 vitae
2547 2670 2792 2722 medetur
2817 2668 3256 2723 necessitatibus:
3291 2668 3488 2738 quippe

1917 2760 1983 2818 iis
2013 2759 2104 2828 qui
2148 2774 2327 2812 rerum
2361 2763 2511 2828 copia
2564 2762 2804 2828 amuunt,
2845 2764 2893 2815 id
2933 2763 3154 2830 largitur
3201 2773 3258 2814 ut
3289 2777 3374 2815 res
3406 2777 3497 2815 su-

1915 2853 2154 2923 perﬂuas
2209 2854 2313 2908 alio
2367 2863 2653 2923 exportent
2701 2874 2714 2908 :
2772 2857 3137 2926 indigentibus
3163 2870 3310 2918 vero,
3340 2865 3398 2909 ut
3441 2856 3493 2909 id

1915 2948 2056 3015 quod
2084 2947 2182 3002 sibi
2207 2947 2351 3002 deest
2401 2957 2732 3015 comparent.
2768 2947 2873 3000 Sed
2927 2949 3070 3002 unde
3097 2947 3228 3001 mihi
3257 2948 3379 3002 licet
3409 2957 3494 3000 to-

1917 3049 2022 3092 tam
2049 3041 2213 3094 maris
2248 3039 2720 3108 pulchritudinem,
2751 3050 2949 3109 quanta
2984 3040 3289 3095 Conditoris
3331 3039 3490 3094 oculo

1913 3132 2027 3184 visa
2050 3140 2152 3193 est,
2187 3132 2370 3194 sedulo
2417 3140 2576 3198 atque
2607 3141 2858 3185 accurate
2892 3132 3238 3200 conspicere?
3286 3130 3488 3198 Quodsi

1842 3259 1883 3316 Ο
1917 3235 2064 3272 mare
2094 3221 2374 3287 pulchrum
2405 3235 2466 3272 ac
2490 3221 2753 3274 laudabile
2785 3229 2864 3276 est
2897 3223 3031 3290 apud
3068 3222 3252 3285 Deum,
3301 3237 3483 3276 nonne

1920 3310 2192 3381 pulchrior
2221 3321 2302 3366 est
2332 3314 2552 3382 hujusce
2601 3329 2888 3368 consessus
2929 3314 3226 3382 frequentia
3253 3333 3265 3366 :
3295 3315 3345 3365 in
3387 3328 3494 3380 quo

1921 3405 2206 3474 permistus
2258 3421 2420 3460 sonus
2458 3407 2692 3459 virorum
2751 3409 3143 3474 mulierumque
3205 3415 3258 3457 et
3315 3405 3491 3458 infan-

1929 3500 2083 3560 tium,
2118 3499 2260 3552 velut
2306 3498 2496 3553 ﬂuctus
2525 3500 2796 3564 cujusdam
2830 3501 2892 3551 ad
2937 3499 3083 3550 littus
3113 3497 3252 3558 illisi,
3283 3513 3378 3566 per
3399 3514 3493 3552 no-

1921 3602 2058 3643 stras
2088 3593 2153 3644 ad
2197 3591 2362 3644 Deum
2391 3594 2726 3658 precationes
2776 3589 3080 3642 emittitur?
3107 3590 3259 3644 ilunc
3305 3602 3485 3645 autem

1922 3691 2211 3735 conservat
2239 3682 2614 3734 inconcussum
2647 3681 2905 3749 profunda
2954 3683 3332 3750 tranquillitas,
3366 3699 3485 3737 cum

1918 3770 2264 3838 .ualignitatis
2293 3772 2514 3840 spiritus
2548 3787 2667 3825 eum
2699 3771 2967 3826 haereticis
2999 3773 3338 3842 dogmatibus
3366 3789 3488 3840 per-

1919 3869 2132 3921 turbare
2163 3883 2264 3920 non
2299 3869 2586 3934 potuerint.
2629 3869 2796 3923 Fiatis
2847 3869 3011 3939 igitur
3074 3870 3282 3922 Domini
3331 3870 3490 3925 laude

1919 3959 2079 4028 digni,
2111 3960 2444 4029 disciplinam
2499 3962 2652 4016 istam
2684 3963 3069 4015 decentissime
3111 3962 3484 4026 observantes,

1919 4051 1968 4101 in
2003 4050 2218 4103 Christo
2241 4049 2364 4103 Jesu
2392 4051 2617 4106 Domino
2676 4061 2882 4114 nostro,
2929 4051 3013 4105 cui
3046 4050 3211 4120 gloria
3241 4062 3293 4106 et
3321 4052 3487 4121 impe-

1919 4139 2055 4190 rium
2087 4139 2136 4191 in
2176 4140 2367 4193 saecula
2403 4140 2742 4195 saeculorum.
2783 4141 2972 4194 Amen.

243 4228 418 4297 ἡμῶν,
453 4222 496 4295 ᾧ
523 4231 554 4298 ή
580 4228 700 4294 δόξα
731 4231 822 4282 καὶ
854 4230 912 4282 τὸ
950 4231 1145 4300 κράτος
1193 4233 1268 4294 είς
1301 4232 1424 4294 τοὺς
1465 4232 1666 4295 αἰῶνας
1695 4233 1802 4284 τῶν
1842 4232 2070 4287 αἰώνων.
2119 4235 2310 4306 Ἀμήν.

855 4423 1094 4473 UMIAIA
1132 4423 1206 4473 E'.

583 4514 692 4583 (15)
731 4514 863 4581 Περὶ
895 4513 1300 4581 ,ϐλαστήσεως
1333 4512 1463 4582 γῆς,

317 4607 366 4659 1.
399 4607 507 4658 Καὶ
532 4601 696 4657 εἶπεν
723 4610 753 4658 o'
781 4606 940 4669 Θεόςο
963 4605 1369 4670 Βλαστησάτω
1398 4607 1433 4671 ἡ
1456 4603 1526 4673 γῆ
1541 4601 1810 4670 ,ϐοτάνην

243 4699 479 4764 χόρτου,
536 4697 784 4764 σπεῖρον
837 4696 1072 4764 σπέρμα
1121 4697 1269 4748 κατὰ
1322 4695 1514 4765 γένος,
1563 4696 1658 4748 καί
1695 4696 1807 4764 (14)

245 4789 436 4852 ξύλοι-
462 4788 756 4856 κάρπιμον
795 4789 1004 4842 ποιοῦν
1041 4788 1270 4855 καρπὸν
1308 4788 1456 4840 κατὰ
1489 4788 1681 4856 γένος,
1735 4784 1806 4843 οὗ

243 4880 309 4932 τὸ
339 4881 575 4947 σπέρμα
621 4879 805 4933 αὐτοῦ
850 4881 918 4931 ἐν
951 4880 1126 4945 αὐτῷ.
1174 4881 1505 4944 ’Λκολούθως
1559 4882 1694 4951 μετά
1749 4881 1808 4934 τὸ

243 4972 654 5025 ἀναπαύσασθαι
679 4972 774 5042 τὴν
794 4972 894 5041 γῆν
923 4974 1030 5041 (15)
1057 4974 1578 5044 ἀποσκευασαμένην
1610 4975 1670 5026 τὸ
1713 4975 1807 5043 βά-

245 5081 335 5132 ρος
365 5062 457 5116 τοῦ
489 5062 692 5127 ὓδατος,
715 5065 775 5115 τὸ
805 5063 1126 5134 πρόσταγμα
1161 5067 1294 5134 αὐτῇ
1343 5066 1533 5131 γέγονε
1572 5065 1804 5135 βλαστῆ-

315 5174 361 5205 ⁶⁵
383 5173 496 5228 Gen
527 5189 567 5237 ι,
591 5173 675 5226 11.

413 5266 556 5337 _l{eg.
594 5276 779 5320 sextus
806 5269 1069 5337 ποταμοῖς
1099 5263 1260 5320 οὖσα.

271 5402 287 5416 ς
313 5333 482 5420 (9))13
513 5333 640 5389 mss.
675 5333 1029 5392 sexenost‘ris
1059 5350 1249 5406 prwter
1265 5335 1503 5390 Combef.
1530 5335 1666 5389 Editi
1687 5353 1814 5388 κατ-

243 5403 596 5545 ελῗῗὲρῗεθέ.
627 5485 807 5528 sextus
839 5478 1090 5543 σπόγγοις
1120 5475 1527 5545 ἀποδεχόμενοι.

315 5542 599 5616 (1-1)Ρι1ιι1ι1
629 5561 754 5598 mss.
779 5548 914 5616 πρὸς
948 5542 1036 5598 τὸν
1069 5549 1221 5600 Θεόν.
1250 5542 1414 5598 Abest
1445 5545 1704 5616 articulus
1739 5545 1808 5598 ab

245 5613 423 5696 editis.
471 5613 636 5667 Paulo
685 5613 832 5683 posti
869 5616 998 5686 Reg.
1044 5619 1260 5686 quintus
1322 5618 1611 5686 αἱρετικοῖς
1671 5615 1813 5682 λογι-

325 5697 352 5731 ο
412 5721 426 5733 .

248 5697 608 5819 σμ(1ιέ)0011).
646 5757 910 5810 secundus
947 5754 1320 5818 διασώζοντες.

318 5821 620 5894 (15106βῇ
660 5825 842 5879 titulus
898 5829 950 5880 in
991 5828 1258 5894 aliquibus
1304 5841 1430 5879 mss.
1495 5824 1660 5878 Coisl.
1704 5823 1810 5891 pri-

251 5906 369 5944 mus
405 5890 620 5962 Ὀμιλία
649 5901 710 5948 ε’.

2509 4425 2784 4481 HOMILIA
2832 4426 2890 4480 V.

2339 4516 2413 4570 De
2467 4519 2837 4585 germinatione
2888 4530 3058 4570 terrm.

1987 4609 2094 4680 40
2126 4611 2173 4663 1.
2196 4608 2258 4661 Et
2288 4611 2418 4662 dixit
2455 4609 2625 4661 Deus:
2651 4606 2912 4661 Cerminct
2949 4621 3088 4662 terra
3112 4611 3320 4662 herbam
3350 4611 3479 4681 feni,

1915 4703 2172 4752 seminans
2208 4717 2375 4752 semen
2399 4701 2557 4766 juxta
2585 4716 2764 4767 genus,
2792 4709 2839 4751 et
2890 4699 3085 4766 lignum
3124 4700 3479 4768 fructifcrum,

1917 4791 2114 4859 faciens
2156 4790 2379 4857 fructum
2401 4799 2557 4858 juxta
2597 4807 2775 4859 genus,
2804 4791 2952 4854 cuius
2998 4805 3166 4844 semen
3191 4793 3244 4844 in
3275 4795 3382 4859 ipso
3415 4795 3479 4848 “.

1915 4879 2064 4932 Haud
2096 4881 2269 4947 inepte
2292 4893 2636 4948 posteaquam
2674 4889 2835 4943 terra,
2873 4882 3113 4948 deposito
3157 4895 3308 4951 aqua:
3353 4899 3482 4951 pou-

1913 4971 2058 5034 dere,
2115 4974 2477 5041 interquievit,
2521 4972 2673 5038 jussa
2708 4985 2788 5024 est
2817 4974 2986 5038 primo
3015 4973 3259 5038 herbam,
3289 4977 3483 5030 deinde

1914 5063 2112 5130 lignum
2151 5065 2493 5130 germinare;
2523 5063 2662 5130 quod
2703 5064 2871 5132 ipsum
2897 5079 3027 5118 sane
3047 5066 3334 5119 etiamnum
3367 5067 3482 5120 lieri

1997 5263 2108 5332 (14)
2150 5263 2222 5315 lla
2249 5265 2412 5316 editio
2437 5261 2598 5316 Basil.
2629 5273 2681 5316 et
2711 5264 2936 5331 Vulgata
2972 5281 3090 5317 cum
3136 5265 3328 5318 nostris
3359 5276 3482 5319 octo

1923 5350 2082 5396 mss.,
2120 5335 2312 5398 quibus
2371 5334 2687 5401 adjnngendi
2751 5334 3168 5387 stthomhel‘.
3220 5347 3271 5386 et
3327 5334 3478 5388 Bodl.

1921 5403 2056 5456 Editi
2091 5419 2212 5456 cum
2243 5402 2379 5454 LXX
2411 5405 2550 5454 κατά
2573 5405 2726 5470 γένος
2758 5405 2849 5454 καὶ
2889 5405 3005 5456 καθ’
3037 5404 3345 5473 ὁμοιότητα.
3375 5405 3478 5457 Sed

1923 5474 1972 5524 in
2006 5475 2350 5538 sequentibus
2383 5475 2492 5536 illa,
2529 5477 2621 5524 καὶ
2645 5473 2766 5525 καθ’
2795 5475 3106 5544 ὁμοιότητα,
3141 5477 3482 5541 reperiuntur

1919 5553 1972 5595 et
2003 5544 2052 5595 in
2076 5544 2232 5595 editis
2253 5553 2305 5595 et
2337 5545 2386 5594 in
2414 5559 2542 5596 mss.

1988 5613 2100 5681 (15)
2129 5614 2276 5679 Regii
2315 5615 2535 5680 quintus
2574 5623 2626 5663 et
2680 5623 2862 5664 sextus
2907 5626 2959 5667 et
2997 5613 3152 5666 Coll).
3209 5612 3479 5664 secundus

1915 5699 2034 5735 eum
2064 5682 2224 5734 Coisl.
2252 5684 2487 5735 secundo
2531 5685 2666 5750 μετὰ
2704 5683 2762 5733 τὸ
2794 5682 3206 5735 ἀναπαύσασθαι
3233 5683 3328 5750 τὴν
3356 5681 3478 5748 γῆν.

1918 5753 2053 5805 Editi
2084 5767 2203 5804 cum
2238 5751 2354 5804 aliis
2380 5763 2612 5817 quatuor
2641 5769 2767 5803 mss.
2819 5770 2921 5806 non
2959 5753 3112 5805 mala:
3158 5762 3296 5805 nuta:
3348 5751 3480 5802 ἀνα-

1915 5822 2166 5876 πνεῦσαι.
2203 5819 2405 5874 Sensus
2435 5823 2620 5875 eodem
2656 5825 2809 5875 redit.
