4262 6508
763 417 835 472 93
2114 411 2172 463 S.
2216 408 2460 463 BASlLll
2497 406 2710 464 MAGNI

3923 413 4031 467 109

764 544 909 597 rum,
947 528 1038 598 qu'i
1066 527 1258 597 partim
1299 526 1524 598 parandi
1544 526 1650 581 cibi
1679 527 1874 598 gratia,
1895 528 2088 597 partim
2113 529 2181 581 ob
2202 529 2336 582 alias
2367 533 2408 587 Α
2435 530 2447 579 i

2318 545 2336 582 s
2367 533 2408 587 Α
2435 530 2526 580 ἐπὶ
2558 529 2743 581 σιτίων
2785 528 2878 580 καὶ
2924 528 3032 580 τῶν
3075 527 3216 580 κατά
3260 528 3358 591 τὰς
3389 531 3577 601 χρείας
3616 521 3765 602 αὑτῷ
3795 534 4001 602 προσεὸ

763 621 1122 675 necessitates
1171 620 1272 687 ipsi
1309 629 1524 674 astant:
1575 635 1710 688 quos
1741 622 1867 673 dum
1921 629 1974 673 et
2024 619 2250 683 abiens,
2282 631 2336 673 et

765 712 964 765 iterum
997 710 1105 782 52
1161 713 1377 767 rediens
1406 727 1588 767 secum
1627 713 1814 776 trahit,
1863 712 1913 765 in
1955 727 2013 766 se
2041 727 2336 765 occurren-

760 804 898 858 tium
925 806 1160 858 concitat
1187 805 1464 858 invidiam.
1504 806 1652 859 Adde
1682 804 1885 859 divitiis
1917 805 2078 858 etiam
2117 804 2332 858 civilem

765 896 1002 964 aiiquam
1039 905 1387 966 potestatem,
1443 907 1534 950 aut
1576 898 1738 950 etiam
1797 898 2006 951 delatos
2049 912 2076 950 a
2115 897 2332 966 regibus

767 991 1038 1054 honores,
1078 998 1170 1043 aut
1209 990 1448 1059 gentium
1489 989 1972 1058 gubernationem,
2001 1000 2090 1042 aut
2118 989 2330 1043 exerci-

766 1093 914 1135 tuum
956 1082 1240 1151 imperium
1266 1100 1279 1134 :
1302 1097 1600 1150 praeconem
1632 1098 1821 1149 magna
1848 1097 1980 1136 voce
2000 1092 2123 1136 ante
2157 1082 2331 1150 ipsum

766 1173 1093 1226 clamantem
1131 1190 1158 1225 :v
1185 1173 1407 1226 lictores
1432 1173 1554 1225 hinc
1581 1185 1633 1226 et
1662 1173 1786 1227 inde
1817 1173 2046 1228 subditis
2077 1174 2332 1227 timorem

765 1264 1142 1334 gravissimum
1200 1264 1494 1319 inferentes
1525 1279 1534 1312 :
1580 1265 1786 1334 plagas,
1820 1265 2208 1334 publicationes
2237 1264 2334 1319 bo-

765 1371 980 1419 norum,
1013 1356 1228 1420 exsilia,
1263 1357 1476 1409 vincula
1511 1377 1522 1410 :
1567 1373 1597 1411 e
1630 1358 1826 1424 quibus
1858 1357 2213 1412 intolerabilis
2245 1357 2333 1410 ille

765 1446 1127 1515 .«ttbjectorum
1161 1457 1338 1502 metus
1367 1449 1694 1501 concrescit.
1722 1448 1857 1512 Quid
1884 1463 2009 1503 vero
2041 1458 2164 1518 post
2194 1447 2333 1502 hoc?

765 1538 880 1592 lina
913 1555 1044 1600 nox,
1081 1549 1176 1593 aut
1212 1555 1314 1593 una
1341 1540 1528 1600 febris,
1562 1550 1656 1593 aut
1691 1541 1958 1610 pleuritis,
1989 1551 2081 1595 aut
2117 1542 2330 1610 pulmo-

763 1628 1246 1695 nisinﬂammatio,
1294 1632 1436 1684 hunc
1481 1630 1755 1685 hominem
1798 1647 1860 1684 ex
1901 1633 2210 1688 hominibus
2234 1636 2333 1687 ah-

763 1731 976 1790 reptum
1006 1723 1245 1786 abducit,
1273 1723 1422 1777 illico
1449 1738 1663 1778 omnem
1699 1723 1842 1778 illius
1887 1739 2105 1779 scenam
2143 1728 2328 1791 nudat,

762 1826 925 1885 atque
973 1816 1140 1885 gleria
1177 1817 1263 1870 illa
1301 1832 1396 1870 ceu
1462 1818 1730 1874 somnium
1781 1832 1901 1872 esse
1963 1820 2327 1874 convincitur.

762 1911 938 1973 Quare
973 1909 1230 1978 propheta
1259 1909 1546 1962 humanam
1580 1910 1812 1978 .gloriam
1839 1926 1962 1964 cum
1992 1911 2328 1966 debilissimo

761 2000 894 2053 llore
925 2001 1279 2068 comparavit.

831 2183 884 2236 3.
919 2180 1181 2236 Germinet
1231 2192 1371 2235 terra
1430 2183 1637 2236 herbam
1670 2183 1813 2252 feni,
1850 2184 2115 2238 seminans
2157 2201 2328 2238 semen

763 2278 1243 2345 secundumgenus
1270 2285 1316 2329 et
1340 2278 1622 2328 secundum
1667 2276 2086 2334 similitudinem.
2124 2278 2330 2331 Etiam-

769 2383 896 2420 num
931 2370 1272 2424 nascentium
1300 2369 1433 2423 ordo
1471 2370 1866 2423 ordinationem
1911 2372 2139 2437 primam
2169 2382 2332 2425 testa-

769 2469 854 2512 tur
879 2461 1122 2530 :quippe
1150 2462 1374 2514 herbam
1402 2476 1639 2526 onmem,
1664 2477 1934 2530 omneque
1975 2479 2196 2530 gramen
2223 2479 2325 2516 an-

759 2551 961 2603 tecedit
999 2549 1342 2619 gertninatio.
1397 2549 1525 2605 Sive
1576 2551 1721 2604 enim
1769 2553 2046 2620 quidpiam
2088 2569 2117 2605 a
2149 2554 2329 2607 radice

760 2655 828 2695 ex
872 2639 1115 2693 interiori
1166 2639 1417 2709 projectu
1439 2639 1769 2708 prorumpit,
1800 2651 1857 2693 ut
1892 2656 2086 2695 crocus
2116 2651 2170 2694 et
2207 2657 2328 2710 gra-

761 2747 907 2795 men,
963 2732 1014 2785 id
1058 2741 1271 2802 oportet
1327 2733 1654 2802 germinare,
1691 2742 1745 2786 et
1791 2731 1937 2787 foras
1963 2733 2271 2800 prominere
2310 2753 2321 2786 :

760 2826 876 2880 sive
901 2841 928 2878 a
971 2827 1175 2878 semine
1209 2825 1467 2894 gignitur,
1501 2824 1665 2877 etiam
1696 2825 1776 2881 sic
1802 2827 2115 2881 necessario
2140 2827 2196 2880 fit
2219 2827 2326 2897 pri-

763 2931 910 2971 mum
943 2917 1300 2985 germinatio;
1352 2916 1549 2971 deinde
1597 2920 1760 2971 herba
1785 2958 1799 2980 ,
1841 2929 1953 2973 tum
1993 2921 2213 2975 virescit
2249 2920 2328 2976 fe-

763 3021 914 3068 num,
937 3015 1208 3074 postremo
1233 3006 1438 3060 fructus
1464 3007 1515 3060 in
1551 3009 1823 3077 aridojam
1859 3019 1912 3063 et
1941 3026 2128 3064 crasso
2151 3012 2328 3066 culmo

762 3101 1045 3170 turgescit.
1075 3096 1338 3152 Germinet
1374 3107 1514 3150 terra
1552 3099 1763 3152 herbam
1801 3101 1928 3167 feni.
1975 3101 2110 3155 Cum
2143 3117 2326 3157 semen

2444 623 2732 692 ρευόντων,
2754 624 2845 684 οὓς
2865 625 2957 674 καὶ
2974 621 3176 693 προῖὼν
3200 622 3292 674 καὶ
3309 623 3470 676 πάλιν
3485 623 3723 677 ἐπανιὼν
3767 626 4029 697 ὲπισυρόο

2442 731 2596 782 μενος
2626 713 2911 782 ἐπίφθονός
2940 716 3053 766 ἐστι
3087 717 3200 778 τοῖς
3229 717 3631 785 ἐντυγχάνουσι.
3665 715 3910 786 Πρόσθες
3942 718 4029 789 τῷ

2439 803 2649 874 πλούτῳ
2672 805 2765 857 καὶ
2803 805 3082 874 πολιτικήν
3110 822 3232 856 τινα
3253 805 3588 869 δυναστείαν,
3621 806 3652 875 ἢ
3685 809 3780 860 καὶ
3822 809 3923 870 τὰς
3957 810 4030 860 ἐκ

2439 891 2702 962 βασιλέων
2723 894 2916 962 τιμάςο
2947 893 2978 964 ἦ
3005 893 3172 946 ἐθνῶν
3206 894 3316 964 (26)
3347 895 3690 964 ἐπιμέλειαν·
3724 896 3756 965 ἦ
3792 913 4028 966 στρατο-

2438 982 2613 1037 πέδων
2644 987 2936 1056 ἠγεμονίαν
2956 1003 2968 1015 ·
3007 985 3097 1039 τὸν
3123 988 3341 1056 κήρυκα
3374 987 3516 1056 μέγα
3546 987 3750 1056 βοῶντα
3779 989 3888 1059 πρὸ
3921 990 4022 1040 afr-

2435 1074 2528 1128 τού
2555 1094 2566 1105 ·
2597 1076 2721 1141 τοὺς
2753 1077 3076 1148 ῥαϐδούχους
3106 1077 3255 1130 ἔνθεν
3284 1079 3375 1130 καὶ
3406 1077 3553 1130 ἔνθεν
3588 1077 3899 1148 βαρυτάτην
3923 1097 4026 1131 καε-

2435 1171 2702 1241 τάπληξιν
2732 1173 2844 1233 τοῖς
2877 1171 3196 1241 ἀρχομένοις
3229 1170 3616 1242 ὲμῦάλλονταςο
3645 1171 3744 1234 τὰς
3780 1174 4020 1241 πληγάςδ

2435 1265 2531 1328 τὰς
2564 1263 2852 1334 δημεύσεις
2870 1279 2882 1291 ·
2914 1265 3011 1324 τάς
3037 1263 3336 1331 ἀπαγωγάς
3363 1262 3475 1332 (27)
3497 1279 3509 1290 ·
3555 1262 3618 1313 τὰ
3645 1261 4022 1335 δεσμωτήρια,

2436 1358 2492 1424 ὲξ
2547 1350 2621 1409 ὧν
2683 1356 2954 1426 ἀφόρητος
3017 1356 3045 1406 ό
3104 1354 3254 1425 παρὰ
3317 1355 3423 1406 τῶν
3488 1356 3818 1425 ὑποχειρίων
3888 1373 4018 1407 συν-

2435 1449 2744 1518 αθροίζεται
2791 1447 2971 1516 φόϐος.
3024 1448 3133 1500 Καὶ
3177 1448 3228 1498 τί
3282 1447 3418 1516 μετὰ
3445 1447 3634 1512 scito;
3697 1448 3796 1518 μία
3831 1448 3950 1512 νὺξ,
3983 1447 4020 1519 ἦ

2437 1541 2666 1611 πυρετὸς
2723 1536 2823 1604 εἷς,
2881 1541 2912 1610 ἢ
2959 1540 3255 1612 πλευρῖτις,
3316 1539 3348 1609 ἢ
3411 1541 3860 1610 περιπνευμονία,
3917 1542 4022 1594 ἀν-

2437 1634 2709 1703 άρπαστον
2768 1632 2825 1699 ἐξ
2875 1632 3176 1704 ἀνθρώπων
3237 1631 3524 1700 ἀπάγουσα
3582 1631 3672 1684 τὸν
3729 1633 4021 1704 ἄνθρωπον

2435 1726 2664 1794 οἴχεται,
2723 1727 2901 1778 πᾶσαν
2953 1725 3052 1794 τὴν
3110 1725 3228 1777 κατ’
3283 1723 3443 1776 αὐτόν
3503 1724 3706 1794 σκηνὴν
3756 1725 4020 1794 ἐξαπίνης

2435 1817 2899 1885 ἀπογυμνώσασα,
2947 1819 3038 1870 καὶ
3082 1819 3113 1888 ἡ
3148 1817 3274 1882 δόξα
3314 1817 3495 1886 ἐκείνη
3537 1815 3724 1886 ῶσπερ
3765 1818 4021 1871 ἐνύπνιον

2434 1909 2774 1981 ἀπηλέγχθη.
2805 1911 2966 1962 Ὥστε
3015 1908 3392 1963 ὲπιτέτευκται
3436 1908 3547 1979 (28)
3585 1907 3660 1977 τῷ
3686 1911 3939 1980 προφήτῃ
3981 1910 4017 1979 ἡ

2432 2004 2566 2075 πρὸς
2589 2001 2650 2054 τὸ
2677 2002 3066 2072 ἀδρανέστατον
3096 2002 3253 2064 ἄνθος
3275 2001 3531 2072 ὁμοίωσις
3552 2001 3649 2072 τῆς
3671 1999 4018 2072 ἀνθρωπίνης

2430 2097 2610 2166 δόξης.

2499 2190 2554 2242 5-
2586 2185 2996 2252 Βλαστησάτω
3029 2188 3065 2254 ⁷⁷1
3092 2187 3166 2256 Τῆ
3195 2185 3467 2253 βοτάνην
3497 2187 3736 2254 χόρτου,
3762 2186 4020 2256 angipor-

2428 2276 2668 2350 σπέρμα
2703 2280 2852 2333 κατὰ
2879 2278 3051 2348 γένος
3087 2281 3182 2332 καὶ
3216 2281 3343 2335 καθ’
3380 2280 3714 2348 ὁμοιότητα.
3765 2281 3887 2334 Ἔτι
3922 2280 4019 2333 καὶ

2430 2375 2584 2444 νῦνή
2618 2372 2770 2437 τάξις
2805 2372 2913 2424 τῶν
2947 2371 3058 2440 (29)
3105 2373 3386 2440 φυομένων
3423 2375 3688 2442 μαρτυρεῖ
3729 2375 3795 2442 τῇ
3823 2372 4018 2443 πρώτῃ

2429 2467 2809 2536 διακοσμήσει.
2851 2464 2912 2516 'H
2961 2461 3068 2532 γὰρ
3117 2460 3406 2534 βλάστησις
3467 2464 3789 2534 καθηγεῖται
3836 2463 4018 2532 πάσης

2433 2558 2660 2629 βοτάνης
2689 2558 2781 2611 καὶ
2811 2557 2990 2626 πάσης
3017 2553 3173 2616 πόας.
3210 2554 3333 2606 Εἴτε
3361 2555 3468 2626 γὰρ
3497 2555 3604 2610 ἀπὸ
3636 2554 3792 2626 ῥίζης
3819 2554 4020 2608 ἐκδίδο-

2429 2649 2517 2701 ταί
2561 2665 2613 2699 τι
2654 2650 2715 2698 ἐκ
2753 2647 2853 2717 τῆς
2897 2645 3139 2700 κάτωθεν
3190 2642 3476 2714 προὸολῆς,
3543 2645 3614 2708 ὡς
3666 2645 3869 2715 κρόκος
3925 2644 4020 2699 καὶ

2431 2741 2726 2810 ἄγρωστις,
2760 2738 3165 2808 ἀναϐλαστῆσαι
3211 2736 3292 2788 δεῖ
3333 2735 3425 2786 καὶ
3463 2735 3555 2786 ἐπὶ
3580 2736 3639 2787 τὸ
3669 2735 3773 2799 ἕξω
3803 2735 4016 2807 “3.0026-

2430 2832 2528 2900 ψαι
2553 2849 2564 2858 ·
2597 2832 2703 2882 εἴτε
2737 2831 2844 2882 άπὸ
2870 2830 3203 2899 σπέρματος,
3237 2827 3327 2881 καὶ
3359 2825 3528 2888 οὕτως
3551 2825 3763 2896 ἀνάγκη
3797 2828 4018 2898 πρῶτον

2432 2926 2744 2998 βλάστησιν,
2776 2918 2894 2975 εἷτα
2929 2921 3158 2992 βοτάνην
3191 2918 3460 2988 γενέσθαι,
3494 2912 3610 2969 εἶτα
3644 2918 3834 2987 χόρτον
3864 2920 4018 2988 χλοάο

2430 3020 2609 3083 ζοντα,
2647 3013 2764 3070 εἶτα
2807 3015 2898 3068 τὸν
2934 3015 3142 3085 καρπὸν
3183 3013 3274 3064 ἐπὶ
3313 3012 3481 3082 ξηρᾶς
3524 3010 3623 3080 ἤδη
3656 3010 3749 3064 καὶ
3782 3011 4016 3081 παχείας

2429 3113 2527 3182 τῆς
2551 3111 2804 3180 καλάμης
2843 3107 3204 3180 ἁδρυνόμενον
3234 3107 3366 3176 (50).
3409 3103 3821 3170 Βλαστησάτω
3865 3105 3900 3171 ἡ
3937 3101 4013 3173 γῆ

763 3194 818 3243 itt
853 3200 1052 3243 terram
1083 3189 1307 3242 humore
1341 3199 1394 3243 et
1419 3188 1600 3243 calore
1631 3192 1906 3244 moderato
1933 3195 2210 3261 prteditam
2246 3196 2329 3250 in--
2358 3217 2401 3276 ρ
2429 3220 2446 3266 Α

2358 3217 2401 3276 c
2429 3200 2702 3267 βοτάνην
2730 3199 2968 3269 χόρτου.
3000 3200 3168 3250 Ὅταν
3196 3199 3277 3260 εἰς
3303 3195 3405 3265 γῆν
3437 3193 3724 3266 καταπέσῃ
3747 3193 3808 3246 τὸ
3842 3195 4013 3266 σπέρ-

761 3283 916 3350 cidit,
943 3282 1120 3336 laxum
1157 3281 1414 3345 evadens,
1451 3297 1514 3336 ac
1544 3282 1794 3351 plurimis
1829 3284 2045 3350 plenum
2067 3289 2332 3343 meatibus

765 3388 970 3432 terram
1005 3374 1341 3444 adiacentem
1377 3375 1745 3444 complexum,
1791 3376 2010 3445 propria
2037 3378 2138 3431 sibi
2167 3388 2221 3431 et
2249 3395 2334 3434 ce-

760 3480 921 3541 gnata
953 3469 1018 3522 ad
1051 3484 1110 3524 se
1134 3469 1384 3522 attrahit.
1425 3467 1625 3522 Verum
1664 3471 1995 3524 tenuissima:
2033 3481 2189 3525 terra:
2216 3485 2334 3540 par-

763 3572 848 3615 tes
881 3562 1147 3614 meatibus
1183 3561 1291 3614 illis
1317 3559 1557 3629 allapsm,
1612 3570 1668 3614 et
1703 3562 1784 3615 eis
1815 3576 1939 3616 sese
1978 3562 2287 3619 inserentes
2315 3603 2332 3629 ,

762 3654 996 3722 amplius
1047 3652 1244 3718 molem
1293 3653 1460 3720 ipsius
1502 3654 1731 3707 dilatant
1765 3674 1778 3708 :
1833 3657 1967 3708 adeo
1992 3668 2051 3709 ut
2080 3658 2330 3712 deorsum

763 3747 979 3816 quidem
1008 3755 1133 3816 agat
1171 3744 1402 3808 radices,
1442 3761 1655 3799 sursum
1690 3761 1818 3801 vero
1852 3748 2195 3817 promineat,
2253 3759 2332 3804 tot

763 3839 957 3894 culmis
985 3838 1270 3900 videlicet,
1302 3845 1433 3905 quot
1459 3838 1672 3892 radices
1703 3849 1848 3903 sunt,
1894 3840 2323 3910 emergentibus.

767 3929 1102 3999 Tepescente
1146 3937 1325 3982 autem
1354 3943 1590 3998 _setuper
1631 3931 1893 3998 germine,
1921 3938 2185 3987 attractus
2236 3946 2333 4001 per

769 4025 982 4077 radices
1015 4023 1230 4086 humor,
1275 4037 1369 4092 per
1409 4024 1611 4077 caloris
1666 4024 2044 4078 attractionem
2084 4025 2333 4080 modera-

766 4123 878 4167 tum
901 4115 964 4165 de
992 4123 1131 4166 terra
1161 4114 1473 4170 alimentum
1506 4115 1758 4178 adducit;
1796 4115 1956 4184 idque
1993 4116 2044 4169 in
2068 4118 2328 4182 culmum,

766 4217 821 4260 et
855 4206 908 4260 in
935 4208 1216 4270 corticem,
1249 4215 1302 4259 et
1334 4207 1385 4258 iu
1425 4205 1680 4262 frumenti
1733 4209 1939 4274 thecas,
1972 4218 2025 4262 et
2052 4210 2105 4263 in
2151 4212 2330 4280 ipsum

767 4302 1030 4365 triticum,
1061 4310 1115 4355 et
1145 4299 1197 4353 in
1242 4300 1440 4354 aristas
1480 4301 1819 4368 dispertitur.
1867 4302 2044 4371 Atque
2077 4303 2332 4371 quaelibet

765 4409 853 4448 res
885 4409 1130 4454 nascens,
1167 4395 1503 4448 incremento
1535 4393 1614 4446 sic
1662 4393 1921 4461 paulatim
1971 4405 2217 4465 accepto,
2264 4396 2331 4450 ad

763 4485 1012 4538 idoneam
1052 4485 1436 4554 propriamque
1466 4485 1712 4554 pervenit
1751 4498 2089 4547 mensuram,
2117 4488 2230 4540 sive
2263 4488 2328 4541 ad

2438 3314 2513 3366 μα
2543 3296 2870 3366 συμμέτρως
2909 3293 3107 3355 νοτίδος
3149 3292 3242 3346 καὶ
3286 3291 3492 3362 θέρμης
3520 3290 3769 3360 ἔχουσαν,
3819 3289 4016 3360 χαῦνον

2435 3388 2724 3458 γενόμενον
2751 3385 2842 3438 καὶ
2872 3383 3195 3454 πολύπορον,
3221 3383 3320 3453 τῆς
3348 3381 3756 3452 παρακειμένης
3783 3382 3886 3453 γῆς
3920 3398 4018 3433 πει

2437 3477 2848 3549 ριδραξάμενον,
2905 3475 2974 3528 τά
3005 3476 3180 3528 οίκεῖα
3231 3476 3324 3526 καὶ
3372 3472 3625 3544 σύμφυλα
3668 3473 3806 3542 πρὸς
3854 3471 4017 3526 ἑαυτὸ

2435 3567 2750 3618 ἐπισπᾶται.
2800 3565 3172 3634 Ἐμπίπτοντα
3194 3563 3249 3615 δὲ
3284 3564 3394 3625 τοῖς
3436 3563 3621 3633 πόροις
3655 3564 3749 3620 καὶ
3774 3563 4016 3633 περιολι-

2435 3658 2716 3713 σθαίνοντα
2761 3657 2859 3726 τῆς
2891 3657 2994 3724 γῆς
3039 3657 3107 3708 τά
3149 3655 3451 3708 λεπτότατα
3496 3655 3680 3725 μόρια,
3718 3656 3812 3708 ἐπὶ
3855 3655 4016 3709 πλέον

2432 3749 2718 3821 ὰνευρύνει
2769 3749 2895 3811 τοὺς
2933 3747 3127 3814 ὄγκους
3173 3746 3335 3797 αὑτοῦ
3375 3744 3484 3813 (51)
3508 3763 3520 3774 ο
3557 3745 3697 3798 ὣστε
3734 3747 4014 3815 ῥιζοῦσθαι

2436 3843 2535 3911 μὲν
2556 3843 2635 3905 είς
2655 3841 2714 3894 τὸ
2739 3839 2907 3903 κάτω,
2929 3839 3020 3891 ἐπὶ
3043 3837 3101 3891 τὸ
3123 3837 3234 3892 ἄνω
3257 3837 3311 3889 δὲ
3329 3835 3683 3906 προκύπτειν,
3709 3839 4016 3908 ἰσαρίθμων

2433 3938 2552 3997 ταῖς
2582 3936 2758 4005 ῥίζαις
2788 3935 2894 3987 τῶν
2925 3932 3185 4003 καλάμων
3221 3928 3699 4002 προϐαλλομένων
3739 3928 4019 4002 θαλπομέ-

2435 4041 2526 4077 νου
2559 4025 2614 4076 δὲ
2647 4027 2733 4076 ἀεὶ
2766 4025 2858 4076 τοῦ
2895 4025 3285 4093 βλαστήματος,
3339 4023 3638 4091 συρομένην
3670 4021 3759 4075 διὰ
3791 4021 3901 4074 τῶν
3930 4024 4013 4094 ῥι-

2435 4113 2544 4178 ζῶν
2589 4113 2689 4183 τὴν
2733 4113 2930 4173 νοτίδα,
2973 4115 3040 4182 τῇ
3081 4113 3210 4182 ὀλκῇ
3248 4111 3340 4163 τοῦ
3375 4109 3576 4180 θερμοῦ
3607 4112 4015 4180 συνεπάγεσθαι

2433 4203 2525 4257 τοῦ
2555 4204 2819 4277 τροφίμου
2854 4199 2954 4272 τ’ἧς
2991 4204 3092 4273 γῆς
3121 4203 3241 4254 ὅσον
3268 4201 3507 4270 μέτριον,
3533 4201 3625 4253 καὶ
3655 4201 3813 4254 τοῦτο
3845 4220 4015 4257 κατα-

2436 4297 2680 4370 μερίζειν
2714 4298 2792 4360 εὶς
2817 4295 3067 4365 καλάμην
3097 4296 3190 4348 καὶ
3226 4294 3425 4363 φὶωιὺν,
3455 4294 3547 4347 καὶ
3585 4295 3684 4358 τὰς
3714 4295 3892 4364 θήκας
3921 4298 4014 4350 τοῦ

2436 4392 2603 4452 σίτου,
2645 4391 2740 4444 καὶ
2783 4389 2941 4442 αὑτὸν
2974 4388 3064 4441 τὸν
3097 4390 3238 4441 σῖτον
3282 4388 3373 4440 καὶ
3409 4387 3532 4450 τοὺς
3560 4386 3891 4456 ἁνθέρικας·’
3924 4391 4014 4441 καὶ

2434 4481 2574 4534 οὕτω
2599 4481 2736 4534 κατὰ
2763 4481 2955 4553 μικρὸν
2978 4481 3074 4550 τῆς
3108 4480 3386 4550 αὐξήσεως
3408 4481 3716 4550 γινομένης,
3742 4483 3835 4534 ἐπὶ
3861 4481 3921 4535 τὸ
3938 4482 4015 4534 οἰ-

764 4575 1042 4640 frumenti,
1081 4586 1172 4630 aut
1193 4576 1505 4646 leguminis,
1535 4587 1626 4629 aut
1653 4577 1844 4642 oleris,
1870 4588 1962 4631 aut
1999 4577 2209 4630 fruticis
2238 4595 2328 4647 ge-
2363 4569 2405 4622 Ῐ)
2435 4592 2447 4625 π

2326 4611 2328 4616 .
2363 4569 2405 4622 D
2435 4577 2578 4626 κεῐον
2615 4573 2811 4643 μέτρον
2837 4573 3062 4624 ἕκαστον
3081 4573 3185 4623 τῶν
3206 4571 3488 4640 φυομένων
3520 4572 4009 4636 ἀποκαθίστασθαι,

766 4683 865 4723 nus
897 4669 1184 4739 pertineat.
1227 4667 1400 4723 Unum
1446 4664 1648 4731 fenum,
1705 4669 1980 4737 herbaque
2012 4684 2117 4721 una
2161 4677 2326 4720 totam

767 4769 910 4814 tuam
944 4768 1176 4816 mentem
1206 4761 1259 4814 in
1296 4774 1381 4825 ea,
1417 4773 1485 4814 ex
1520 4772 1626 4826 qua
1667 4760 1884 4827 prodiit,
1930 4769 2048 4813 arte
2069 4759 2326 4814 conside-

764 4853 955 4918 randa,
999 4869 1265 4922 occupare
1304 4863 1523 4922 potest:
1572 4851 1844 4921 quomodo
1893 4853 2155 4920 geniculis
2191 4866 2327 4921 prte-

761 4948 1014 5015 ciugatur
1047 4945 1299 5001 frumenti
1334 4944 1562 5008 culmus,
1604 4957 1710 5012 quo
1740 4939 1904 4995 veluti
1937 4941 2146 4994 vincula
2184 4955 2326 5009 qum-

833 5132 946 5203 (26)
978 5131 1055 5185 lta
1083 5127 1405 5203 mss.t_nulti.
1443 5125 1603 5179 Deest
1628 5123 1662 5193 ἡ
1697 5125 1750 5176 in
1791 5123 1952 5178 editis
1973 5119 2318 5203 σηισὲθχῶγ.

761 5191 941 5258 Paulo,
962 5211 1080 5269 post
1129 5199 1256 5254 editi
1288 5211 1408 5269 cum
1439 5191 1854 5269 qnat‘uot'_tuss.
1913 5195 2039 5254 τοὺς
2103 5191 2320 5263 ῥαϐδού-

758 5264 1038 5346 χουῇ
1059 5281 1287 5340 quatuor
1309 5265 1434 5328 τοὺς
1461 5264 1856 5346 ῥαϐδοφόρους.

831 5332 946 5413 (ΞἹ)
1009 5332 1138 5413 ίιᾷε.
1169 5347 1377 5413 sextus
1405 5332 1514 5413 let_
1543 5332 1768 5413 uterque
1808 5333 1969 5388 Cuisl.
2014 5347 2144 5413 cum
2170 5332 2321 5387 Colb.

758 5402 996 5471 secundo
1025 5402 1123 5474 τάξ
1163 5405 1476 5477 ὲπαγωγάς,
1503 5405 1554 5458 id
1585 5402 1694 5468 est,
1715 5421 1914 5477 pinnas,
1951 5402 2326 5477 captivitatem,

757 5497 807 5541 et
859 5485 1032 5535 omnia
1051 5496 1168 5552 qui:
1189 5475 1373 5600 ἕνῇ-(εννί
1397 5487 1625 5599 Iussum
1657 5476 1818 5529 mala.
1852 5475 2052 5528 Statim
2079 5488 2206 5529 mss.
2229 5488 2322 5528 sex

765 5545 1196 5600 συυαθοοίῖεται.
1269 5546 1364 5600 tllll
1433 5545 1730 5600 θοοίζεται.

765 5545 1196 5623 συναθροίζεται.
1224 5545 1364 5602 Etliti
1397 5545 1730 5623 ἁθροίζεται.

834 5613 1048 5694 (enim
1069 5621 1282 5694 codices
1312 5613 1590 5694 σεβίζῃ]ιὶ
1624 5618 1986 5694 ἐπιτέτακται,
2015 5614 2172 5669 male.
2202 5613 2316 5669 Mox

759 5687 1218 5750 Cuihfsecuudus
1246 5690 1380 5762 πρὸς
1406 5688 1467 5745 τὸ
1488 5687 1895 5762 άδρανέστερον.

833 5764 941 5833 (29)
974 5764 1064 5817 Sic
1121 5777 1247 5816 mss.
1291 5757 1451 5815 Deest
1479 5758 1584 5811 τῶν
1609 5762 1669 5811 in
1695 5757 1869 5833 editis.
1913 5757 2132 5833 “Statim
2185 5771 2310 5812 mss.

761 5831 1202 5896 ωυιιιὲκδίδοταί
1230 5850 1298 5887 τι.
1330 5833 1667 5887 Desideratur
1698 5847 1748 5882 τι
1779 5831 1826 5884 itt
1862 5831 2036 5884 editis.

2435 4669 2542 4718 εἴτε
2577 4683 2627 4717 τι
2683 4664 2790 4717 τῶν
2827 4664 3080 4735 σιτηρῶν,
3122 4664 3231 4715 εἴτε
3271 4663 3377 4714 τῶν
3417 4664 3715 4734 χεδῷπων,
3761 4665 3871 4716 εἴτε
3905 4666 4014 4717 τῶν

2436 4756 2758 4828 λαχανωδῶν
2807 4757 2838 4827 ἦ
2887 4754 3237 4827 φρυγανικῶν
3272 4757 3551 4825 τυγχάνοι.
3583 4750 3676 4819 Εἷς
3702 4758 3897 4827 χόρτος
3921 4757 4016 4812 καὶ

2437 4850 2534 4916 μία
2567 4847 2761 4918 βοτάνη
2800 4848 3022 4919 ἐξαρκεῖ
3059 4847 3158 4918 τὴν
3191 4847 3426 4902 διάνοιάν
3463 4863 3556 4901 σου
3583 4851 3767 4903 πᾶσαν
3811 4853 3891 4914 εἰς
3915 4852 4014 4922 τὴν

2433 4939 2664 5012 θεωρίαν
2703 4940 2801 5010 τῆς
2850 4941 3293 5012 ὲξεργασαμένης
3333 4942 3444 5014 (52)
3489 4941 3628 4996 αὑτά
3667 4943 3867 5012 τέχνης
3906 4944 4016 4997 d1:-

2809 5131 2996 5204 setttus
3020 5123 3275 5204 καλάμης
3300 5122 3688 5204 βαρυνόμενον.

2501 5195 2612 5256 (5|)
2648 5193 2789 5277 Editi
2820 5195 2943 5272 eois;
2974 5194 3188 5277 ὄγκους.
3217 5193 3405 5277 αὑτοῦ,
3450 5193 3726 5277 videlicet_
3758 5196 4012 5277 σπέρμα-

2427 5281 2518 5328 τος
2540 5281 2551 5293 σ
2583 5278 2742 5331 quam
2779 5264 3061 5318 lectionem
3105 5265 3320 5319 exhibet
3349 5281 3563 5334 quoque
3584 5266 3748 5320 Coisl.
3781 5264 4005 5335 ptiinns,

2431 5335 2861 5405 secundamanu
2896 5335 3230 5405 emendatus.
3263 5337 3362 5388 Alii
3421 5347 3627 5405 septem
3656 5339 3874 5390 codices
3913 5339 4007 5388 αύ-

2430 5407 2549 5475 τῆς,
2593 5403 2866 5476 videlicet
2904 5404 3154 5476 βοτάνης.
3213 5404 3406 5458 Statim
3478 5403 3580 5459 duo
3630 5423 3760 5461 mss.
3813 5409 3925 5461 ἄνω
3948 5407 4005 5460 δὲ

2435 5475 2781 5544 προκόπτειν.
2834 5475 2972 5530 Editi
3010 5475 3130 5530 cum
3172 5476 3291 5531 aliis
3349 5491 3482 5532 mss.
3524 5477 3884 5547 προκύπτειν,
3925 5492 4006 5532 re-

2431 5559 2590 5599 CllllS.

2501 5616 2613 5692 (ᾆέ)
2644 5616 2732 5692 sic
2769 5631 3042 5692 l'llSS.__S€K_,
3078 5616 3293 5685 optitre.
3331 5617 3511 5692 Editio
3553 5616 3728 5692 Paris.
3760 5618 4005 5692 ἐξειργα-

2429 5685 2654 5759 σμένης.
2689 5688 2862 5743 Editie
2887 5685 3048 5742 Basil.
3082 5705 3200 5742 cum
3253 5691 3461 5742 duobus
3509 5705 3637 5744 mss.
3670 5685 4005 5764 ἐξεργασμέ-

2428 5776 2543 5832 νης·
