4262 6498
744 442 849 497 ’163

2086 439 2141 492 S.
2187 434 2426 490 BASlLll
2472 435 2680 491 MAGNI

3908 438 4001 493 Idl

742 559 935 612 mahas
961 554 1164 610 habere
1194 561 1383 609 contra
1418 550 1736 606 Creatorem
1781 549 2205 608 accusationem,
2258 562 2317 601 ea
2353 549 2395 605 Α

2353 549 2395 605 Α
2427 564 2523 614 μα,
2562 547 2718 601 τοῦτό
2773 564 2855 600 σοι
2895 548 2974 611 είς
3016 546 3337 621 προσθήκην
3371 547 3721 619 εὐχαριστίας
3749 548 4008 620 περιελή-

745 649 842 701 tibi
888 648 938 701 in
977 649 1271 716 gratiarum
1302 645 1533 699 actionis
1562 644 1986 697 additamentum
2018 642 2204 696 cessit.

817 739 870 794 5.
913 736 1180 791 Germinet
1238 745 1378 790 terra
1443 735 1664 788 herbam
1704 732 1833 802 feni.
1876 732 2015 799 Quot
2063 732 2317 785 alimenta

744 835 939 897 sponte
973 837 1182 881 natura:
1216 824 1549 894 emergentia
1596 824 1677 875 his
1703 822 1886 876 verbis
1918 820 2315 891 complectitur,

746 929 860 972 tum
896 919 949 972 in
993 916 1291 982 radicibus,
1339 924 1450 969 tum
1498 916 1549 968 in
1591 915 1703 983 ipsa
1742 913 1935 978 herba,
1974 922 2083 966 tum
2114 912 2165 965 in
2202 913 2317 964 fru-

744 1012 959 1066 ctibusl
998 1020 1129 1079 quot
1160 1025 1288 1064 vero
1324 1019 1475 1072 sunt,
1506 1024 1625 1077 quae
1658 1024 1721 1063 ex
1766 1006 2041 1077 diligentia
2081 1015 2137 1059 et
2180 1005 2321 1074 agri-

746 1102 959 1154 cultura
1008 1100 1164 1156 nobis
1212 1099 1521 1153 accedunt!
1570 1098 1685 1152 Non
1732 1098 1913 1151 statim
1949 1094 2111 1163 jussit
2138 1108 2320 1149 semen

749 1193 1057 1248 etfructum
1110 1189 1381 1261 proferri,
1422 1189 1513 1242 sed
1574 1189 1878 1258 germinare
1930 1197 1986 1242 et
2050 1187 2323 1240 virescere

755 1295 976 1349 terram,
1018 1292 1236 1347 tumque
1271 1282 1334 1331 ad
1370 1296 1550 1333 semen
1584 1281 1904 1349 pervenire;
1936 1289 1996 1332 ut
2032 1280 2207 1349 prima
2236 1278 2323 1331 illa

750 1372 1040 1442 praeceptio
1082 1373 1147 1424 ad
1188 1370 1420 1423 futuram
1470 1370 1872 1424 successionem
1918 1379 2062 1422 esset
2106 1377 2315 1421 natura:

749 1463 1058 1517 documenti
1109 1463 1242 1514 loco.
1292 1461 1573 1527 Quomodo
1630 1461 1812 1528 igitur,
1854 1460 2129 1530 inquiunt,
2165 1459 2324 1512 tellus

750 1557 1048 1610 secundum
1094 1570 1262 1625 genus
1317 1554 1429 1606 edit
1480 1552 1711 1613 semina,
1768 1568 1929 1617 cum,
1972 1552 2324 1607 disseminato

751 1663 895 1717 szepe
947 1648 1148 1709 tritico,
1206 1647 1416 1715 nigrum
1461 1645 1561 1697 hoc
1605 1644 1931 1698 frumentum
1977 1642 2326 1713 colligamus?

756 1740 956 1794 Verum
1011 1740 1114 1792 hoc
1158 1738 1332 1807 ipsum
1372 1751 1708 1806 nequaquam
1749 1746 1832 1789 est
1870 1735 1937 1789 ad
1979 1736 2123 1788 aliud
2161 1748 2328 1805 genus

755 1831 1157 1895 transmutatio,
1180 1830 1272 1884 sed
1292 1829 1433 1883 velut
1451 1830 1667 1883 morbus
1690 1829 1930 1897 quidam,
1950 1826 2061 1899 44
2080 1842 2141 1881 ac
2161 1827 2325 1881 semi-

758 1924 845 1977 nis
892 1924 1174 1992 scgritudo.
1233 1920 1347 1974 Non
1397 1921 1540 1974 enim
1595 1919 1925 1974 frumentum
1974 1934 2093 1974 esse
2144 1918 2325 1981 desiit,

756 2015 873 2079 sed,
906 2022 964 2067 ut
990 2024 1044 2068 et
1069 2028 1134 2069 ex
1170 2012 1283 2082 ipsa
1314 2011 1675 2081 appellatione
1705 2010 1921 2065 discere
1944 2021 2046 2074 est,
2074 2025 2172 2078 per
2198 2010 2328 2064 adu-

756 2109 988 2162 stionem
1008 2108 1220 2173 nigrum
1245 2106 1435 2159 evasit.
1464 2103 1598 2157 Nam
1632 2103 1801 2157 nimio
1824 2102 2027 2173 frigore
2053 2103 2327 2166 adustum,

759 2203 813 2255 in
858 2200 1022 2253 alium
1056 2198 1291 2251 colorem
1344 2210 1409 2251 ac
1452 2210 1701 2266 saporem
1743 2194 2110 2265 degeneravit.
2153 2194 2331 2264 Atque

758 2294 925 2348 etiam
962 2292 1003 2346 si
1034 2292 1190 2344 modo
1226 2284 1471 2343 idoneam
1509 2300 1728 2355 terram,
1770 2303 1832 2343 ac
1879 2288 2018 2343 bene
2065 2297 2331 2357 tempera-

762 2395 874 2439 tum
930 2398 1109 2437 aerem
1161 2390 1375 2435 nactum
1424 2381 1516 2447 sit,
1552 2396 1739 2433 rursus
1783 2380 1850 2433 ad
1898 2378 2181 2448 pristinam
2222 2379 2330 2434 for-

760 2489 902 2529 mam
939 2474 1116 2527 redire
1156 2472 1354 2523 l‘crunt.
1384 2466 1563 2533 Quare
1597 2467 1727 2520 nihil
1761 2474 1961 2537 praeter
2002 2478 2328 2536 praeceptum

762 2568 887 2618 illud
930 2565 983 2616 in
1024 2564 1185 2617 rebus
1236 2560 1583 2616 nascentibus
1632 2559 1746 2611 lleri
1784 2559 2108 2629 comperias.
2159 2558 2325 2610 Porro

763 2657 945 2710 lolium
988 2654 1129 2724 quod
1171 2653 1390 2717 dicitur,
1416 2660 1469 2705 et
1516 2650 1721 2721 reliqua
1766 2650 2068 2705 adulterina
2100 2649 2331 2712 semina,

762 2764 881 2818 qum
915 2763 1032 2801 cum
1059 2745 1354 2800 esculentis
1383 2743 1828 2802 commiscentur.
1857 2759 2084 2814 qumque
2118 2757 2331 2797 nuncu-

763 2854 894 2908 pare
925 2840 1129 2891 zizania
1164 2838 1446 2891 consuevit
1480 2834 1783 2903 Scriptura,
1825 2851 1930 2889 non
1965 2849 2031 2889 ex
2070 2833 2327 2887 frumenti

762 2932 1185 2988 commutatione
1239 2929 1591 2998 proveniunt,
1638 2929 1732 2983 sed
1770 2942 1835 2981 es
1896 2929 2114 2997 proprio
2155 2926 2333 2981 subsi-

764 3031 912 3077 stunt
943 3021 1229 3092 principio,
1262 3020 1652 3091 propriumque
1700 3034 1868 3085 genus
1908 3020 2167 3074 obtinent.
2203 3021 2333 3085 Quae

764 3114 1004 3185 profectu
1030 3114 1315 3180 imaginem
1343 3113 1656 3179 exprimunt
1684 3124 1892 3175 eorum,
1924 3110 2013 3177 qui
2040 3110 2333 3164 documen-

2420 638 2599 691 λυθεν.

2490 731 2542 785 5.
2585 732 2995 799 Βλαστησάτω
3040 739 3078 800 ἡ
3125 730 3200 804 γῆ
3236 729 3511 799 βοτάνην
3541 732 3780 801 χόρτου.
3822 730 4009 804 Πόσην

2421 823 2723 893 αὐτόματον
2753 823 2896 892 λέγει
2930 823 3134 895 τροφὴν
3167 826 3223 877 ὲν
3246 821 3477 885 τούτοις,
3501 822 3599 891 τήν
3624 839 3685 875 τε
3715 822 3773 874 ὲν
3805 821 4006 893 ῥίζαις.

2422 916 2515 969 καὶ
2541 914 2638 985 τὴν
2664 917 2720 967 ὲν
2754 916 2888 985 αὐτῇ
2920 920 2984 987 τῇ
3020 916 3235 987 βοτάνῃ,
3267 916 3361 968 καὶ
3387 914 3486 985 τὴν
3517 916 3574 967 ὲν
3600 916 3832 985 καρποῖς
3860 912 3962 984 ἤδη
3993 914 4006 967 l

2423 1006 2596 1076 πόσην
2620 1005 2674 1058 δὲ
2698 1005 2794 1075 τὴν
2816 1006 2875 1069 ἐξ
2900 1006 3216 1075 ἐπιμελείας
3252 1005 3348 1060 καὶ
3379 1003 3652 1076 γεωργίας
3684 1006 3816 1074 ἡμῖν
3840 1021 4009 1075 προσ-

2422 1098 2748 1169 γινομένηνί
2791 1099 2905 1151 Οὐκ
2936 1098 3093 1161 εὐθὺς
3123 1098 3373 1151 ἐκέλευσε
3405 1096 3626 1167 σπέρμα
3668 1096 3763 1147 καὶ
3795 1095 4010 1166 καρπὸν

2425 1190 2773 1261 ἀναδοθῆναι,
2815 1189 2953 1244 ἀλλὰ
2987 1188 3279 1259 βλαστῆσαι
3332 1191 3426 1243 καὶ
3468 1188 3691 1260 χλοάσαι
3737 1188 3837 1258 τὴν
3884 1189 4008 1258 γῆν,

2425 1284 2520 1337 καὶ
2550 1285 2669 1337 τότε
2716 1286 2795 1347 είς
2834 1283 3055 1355 σπέρμα
3098 1283 3443 1353 τελειωθῆναι
3477 1282 3589 1353 (57)
3612 1322 3626 1345 ,
3668 1281 3754 1334 ἵνα
3794 1279 4011 1349 πρῶτον

2426 1378 2600 1429 ὲκεῖνο
2656 1377 2982 1448 πρόσταγμα
3044 1374 3378 1427 διδασκάλων
3431 1376 3499 1445 τῇ
3556 1372 3719 1443 φύσει
3781 1371 4011 1441 γένηται

2427 1470 2565 1539 πρὸς
2594 1468 2692 1539 τὴν
2720 1469 2848 1537 ἑξῆς
2881 1466 3219 1522 ἀκολουθίαν.
3257 1464 3380 1528 Πῶς
3412 1462 3505 1519 οὖν
3535 1464 3674 1517 κατὰ
3703 1463 3879 1532 γένος,
3910 1478 4014 1530 φα-

2429 1563 2511 1614 σὶν
2535 1562 2666 1631 (58),
2713 1563 2747 1633 ή
2781 1562 2852 1631 γῆ
2883 1560 3146 1633 προφέρει
3189 1558 3259 1611 τά
3291 1558 3598 1627 σπέρματα,
3641 1556 3827 1617 ὁπότε,
3866 1557 4013 1607 σῖτον

2428 1652 2684 1715 πολλάκις
2738 1652 3150 1714 καταϐαλόντες,
3208 1649 3300 1701 τὸν
3355 1647 3554 1718 μέλανα
3608 1647 3797 1700 τοῦτον
3841 1644 4015 1716 πυρὸν

2431 1744 2871 1813 συγκομίζομενς
2921 1743 3081 1795 Ἀλλὰ
3109 1741 3267 1795 τοῦτο
3303 1740 3423 1810 οὐχὶ
3459 1739 3595 1810 πρὸς
3639 1740 3825 1810 ἓτερον
3859 1737 4017 1806 γένος

2432 1836 2548 1887 ἐστὶ
2599 1834 2891 1905 μεταϐολὴ,
2944 1834 3057 1887 ἀλλ’
3104 1835 3267 1887 οἱονεὶ
3300 1834 3453 1894 νόσος
3482 1847 3561 1893 τις
3608 1832 3701 1883 καὶ
3731 1829 4016 1902 ἀρρωστία

2430 1926 2524 1980 τοῦ
2567 1927 2903 1998 σπέρματος.
2942 1927 3017 1978 Οὐ
3046 1925 3155 1994 γὰρ
3179 1923 3411 1977 ἀπέθετο
3443 1923 3503 1975 τὸ
3528 1917 3665 1975 εἶναι
3701 1923 3808 1991 (59)
3850 1926 4014 1984 σῖτος,

2430 2018 2545 2073 ἀλλ’
2572 2017 2841 2089 ὲμελάνθη
2875 2016 2964 2069 διὰ
2990 2019 3088 2088 τῆς
3108 2014 3376 2078 καύσεως,
3397 2014 3471 2078 ὡς
3500 2013 3593 2067 καὶ
3617 2012 3675 2077 ἐξ
3708 2013 3879 2081 αὐτῆς
3904 2013 4018 2065 ἐστι

2428 2111 2529 2179 τῆς
2590 2109 2960 2182 προσηγορίας
3014 2108 3225 2181 μαθεῖν.
3289 2109 3369 2179 Τῇ
3430 2105 3700 2178 ὑπερϐολῇ
3751 2104 3861 2175 γὰρ
3922 2105 4015 2158 τοῦ

2432 2198 2629 2271 κρύους
2663 2201 2956 2271 ὑπερκαεὶς
2985 2199 3118 2270 (40),
3155 2199 3290 2271 πρὸς
3335 2198 3529 2270 ἑτέραν
3589 2197 3684 2250 καὶ
3716 2195 3881 2266 χρόαν
3928 2195 4020 2247 καὶ

2430 2290 2617 2360 γεῦσιν
2648 2292 2933 2363 μετέπεσε.
2958 2291 3067 2344 Καὶ
3096 2292 3276 2361 μέντοι
3300 2292 3395 2344 καὶ
3420 2289 3581 2345 πάλιν
3603 2288 3844 2357 λέγεται,
3872 2287 4021 2339 ὲπειο

2428 2384 2526 2437 δὰν
2582 2384 2685 2454 γῆς
2720 2384 3030 2455 ἐπιτηδείας
3083 2384 3175 2437 καὶ
3216 2383 3395 2456 ἀέρων
3433 2382 3711 2455 εὐκράτων
3762 2379 4017 2449 λάϐηται,

2431 2475 2567 2546 πρὸς
2598 2475 2659 2527 τὸ
2689 2476 2914 2547 ἀρχαῖον
2933 2470 3070 2538 εἶδος
3092 2475 3391 2529 ἐπανιέναι.
3418 2475 3579 2527 Ὥστε
3601 2472 3755 2527 οὐδὲν
3784 2470 3939 2544 παρὰ
3962 2470 4022 2524 τδ

2433 2569 2762 2638 πρόσταγμα
2804 2568 2982 2639 εὖροις
3015 2568 3081 2623 ἂν
3114 2571 3172 2622 ὲν
3200 2572 3313 2632 τοῖς
3352 2566 3641 2637 φυομένοις
3670 2564 4023 2636 ὲπιτελούμε⁸

2432 2675 2543 2712 νον.
2581 2658 2646 2711 Ἦ
2674 2658 2729 2711 δὲ
2760 2660 3030 2729 λεγομένη
3057 2655 3211 2729 αῐρα,
3250 2660 3345 2713 καὶ
3372 2661 3473 2712 ὅσα
3498 2658 3661 2711 λοιπά
3688 2658 3819 2711 νόθα
3848 2659 4022 2727 σπέρ-

2436 2765 2585 2819 ματα
2613 2750 2722 2811 τοῖς
2751 2748 3034 2819 τροφίμοις
3084 2748 3581 2819 ἐγκαταμέμικται,
3625 2745 3767 2815 άπερ
3808 2743 4023 2809 ζιζάνια

2434 2838 2861 2911 προσαγορεύειν
2891 2838 3119 2909 σύνηθες
3139 2842 3205 2909 τῇ
3238 2839 3447 2910 Γραφῇ,
3464 2836 3564 2889 οὐκ
3584 2836 3648 2887 ὲκ
3671 2838 3769 2905 τῇς
3794 2832 3886 2887 τοῦ
3915 2833 4023 2903 (ιι)

2434 2932 2580 2986 σίτου
2614 2930 2915 3003 μεταϐολῆς
2950 2931 3179 3000 γίνεται,
3220 2929 3332 2984 ἀλλ’
3364 2927 3424 2994 ἐξ
3446 2927 3653 2989 οἰκείας
3680 2926 3858 2996 ἀρχῆς
3892 2925 4027 2978 ὑπέ-

2436 3039 2555 3092 στη,
2593 3023 2721 3075 ίδιον
2753 3022 2944 3092 ἔχοντα
2975 3022 3150 3091 γένος.
3193 3020 3377 3091 Ἀπερ
3428 3019 3528 3088 τὴν
3583 3017 3766 3071 εἰκόνα
3828 3013 4029 3086 πληροῖ

2434 3115 2543 3169 τῶν
2589 3116 3126 3186 παραχαρασσὸντων
3183 3114 3254 3169 τὰ
3298 3113 3394 3167 τοῦ
3443 3111 3647 3183 Κυρίου
3693 3109 4025 3179 διδάγματα,

768 3215 819 3257 ta
875 3204 1085 3256 Domini
1133 3204 1532 3266 adulterantes,
1588 3215 1691 3254 nec
1739 3201 1977 3269 legitime
2028 3214 2333 3253 sermonem
2362 3226 2451 3293 C:

2362 3235 2407 3293 ρ
2442 3210 2535 3262 καὶ
2572 3208 2645 3279 μὴ
2680 3208 2919 3279 γνησίως
2964 3205 3417 3278 μαθητευομένων
3459 3204 3538 3275 τῷ
3582 3204 3745 3274 λόγῳ,
3795 3202 3912 3257 ἀλλ’
3964 3203 4026 3254 ὲκ

766 3295 968 3359 edocti,
994 3295 1087 3347 sed
1122 3308 1149 3346 a
1188 3293 1407 3363 maligni
1432 3292 1675 3347 doctrina
1711 3291 1974 3359 corrupti,
2007 3301 2184 3346 tamen
2216 3306 2337 3344 cum

763 3402 902 3443 sano
932 3384 1189 3440 Ecclesia:
1218 3398 1446 3454 corpore
1475 3384 1681 3451 seipsos
1708 3384 2068 3453 permiscent,
2108 3392 2164 3435 ut
2190 3382 2341 3436 clan-

765 3482 945 3538 Culum
982 3494 1198 3534 errores
1246 3494 1374 3532 suos
1406 3479 1456 3531 in
1509 3476 1875 3547 simpliciores
1931 3474 2334 3530 transfundam.

763 3571 883 3630 Jam
922 3584 1051 3624 vero
1084 3570 1339 3623 Dominus
1380 3568 1767 3636 perfectionem
1812 3572 1976 3621 etiam
2013 3584 2203 3624 eorum
2246 3570 2337 3639 qui

767 3666 823 3721 in
855 3666 1027 3735 ipsum
1056 3662 1430 3723 crediderunt,
1456 3661 1721 3713 seminum
1753 3663 2086 3716 incremento
2116 3677 2338 3731 compa—

764 3766 873 3823 rat,
903 3758 1087 3810 dicens
1122 3752 1619 3820 :Quemadmodum
1662 3752 1705 3803 si
1761 3753 1910 3818 homo
1950 3755 2227 3823 profecerit
2258 3771 2339 3809 se-

765 3867 882 3904 men
920 3850 973 3902 in
1001 3857 1216 3910 (errant,
1254 3854 1302 3900 et
1333 3845 1585 3906 dormiat,
1616 3852 1664 3895 et
1691 3852 1938 3912 exsurgat
1970 3854 2117 3897 nocte
2151 3856 2199 3897 et
2230 3846 2337 3909 die,

766 3955 816 3998 et
841 3958 1013 3994 semen
1043 3947 1244 4007 surgat,
1276 3948 1323 3990 et
1368 3941 1646 3998 increscat,
1680 3939 1805 3990 dum
1840 3935 1997 3988 nescit
2025 3938 2155 4003 ipse.
2187 3934 2339 3990 Ultro

769 4034 904 4087 enim
950 4044 1089 4085 terra
1127 4031 1414 4101 fructi/ient
1457 4031 1683 4099 primum
1723 4030 1959 4092 herbam,
1996 4028 2185 4082 deinde
2230 4030 2339 4096 spi—

767 4144 905 4190 cam,
940 4126 1125 4180 deinde
1146 4126 1351 4194 plenum
1374 4123 1692 4193 frumentum
1721 4123 1772 4175 in
1801 4123 1948 4188 spica
1966 4120 2030 4174 “.
2065 4118 2337 4177 Germinet

769 4232 909 4274 terra
945 4220 1176 4272 herbam.
1218 4216 1277 4269 lu
1323 4216 1547 4268 minimo
1575 4218 1737 4268 etiam
1771 4213 2033 4281 temporis
2062 4224 2339 4268 momento

769 4330 797 4365 ιι
834 4310 1229 4381 germinatione
1279 4321 1472 4362 exorsa
1527 4314 1690 4372 terra,
1743 4317 1802 4361 ut
1828 4303 2144 4361 Conditoris
2199 4305 2343 4376 leges

765 4413 1032 4466 servaret,
1068 4417 1162 4472 per
1203 4416 1417 4455 omnem
1462 4399 1786 4454 accretionis
1831 4397 2070 4470 speciem
2119 4412 2342 4466 progre-

770 4497 941 4558 diens,
981 4494 1260 4549 confestim
1297 4494 1539 4563 germina
1580 4492 1799 4545 deduxit
1828 4494 1893 4545 sd
1918 4488 2336 4561 perfectionem.

2442 3303 2539 3369 τῆς
2566 3298 2659 3351 τοῦ
2681 3299 2916 3370 πονηροῦ
2942 3299 3292 3362 διδασκαλίας
3320 3296 3751 3367 διεφθαρμένων,
3786 3312 4028 3365 καταμι-

2441 3390 2683 3459 γνύντων
2726 3390 2784 3442 δὲ
2821 3391 3046 3453 ἑαυτοὺς
3081 3391 3191 3460 (42)
3232 3390 3311 3461 τῷ
3352 3390 3645 3459 ὑγιαίνοντι
3681 3387 3899 3459 σώματι
3927 3387 4026 3458 τῆς

2454 3481 2800 3553 Ἐκκλησίας,
2862 3480 2928 3533 ἵν’
2982 3482 3046 3533 ὲκ
3094 3480 3188 3533 τοῦ
3230 3479 3469 3549 ἀφανοῦς
3507 3478 3607 3542 τὰς
3654 3480 3782 3549 παρ’
3816 3477 4028 3533 ἑαυτῶν

2441 3573 2644 3645 βλάϐας
2675 3574 2787 3636 τοῖς
2807 3571 3211 3643 ἀκεραιοτίροις
3241 3569 3571 3642 ἐμϐάλωσιν.
3606 3570 3746 3640 Ἤδη
3778 3569 3835 3623 δι
3866 3573 3895 3623 ὀ
3921 3570 4029 3625 Κύ-

2441 3684 2556 3738 ριος
2583 3667 2676 3719 καὶ
2706 3665 2804 3737 τήν
2836 3664 3113 3719 τελείωσιν
3138 3662 3249 3716 τῶν
3278 3664 3358 3725 εἰς
3388 3661 3549 3716 αὐτὸν
3582 3661 4029 3717 πεπιστευκότων

2440 3763 2505 3830 τῇ
2540 3759 2646 3811 τῶν
2682 3758 3011 3831 σπερμάτων
3042 3757 3265 3829 αὐξήσει
3307 3755 3652 3828 παρεικάζει,
3681 3755 3856 3825 λέγων
3878 3770 3896 3787 ο
3936 3756 4029 3821 Ὠς

2443 3850 2588 3903 ὅταν
2639 3848 2948 3918 ἄνθρωπος
2993 3848 3161 3916 ,βάλῃ
3204 3847 3313 3902 τὸν
3347 3850 3582 3916 σπόρον
3621 3847 3721 3900 ἐπὶ
3748 3847 3863 3914 τῆς
3891 3846 4026 3917 τῆς,

2442 3943 2539 3997 καὶ
2586 3941 2868 4011 καθεύδῃ,
2915 3940 3014 3995 καί
3065 3940 3360 4009 ἐγείρηται
3400 3940 3590 3993 νύκτα
3639 3939 3736 3991 καί
3771 3938 4026 4007 ἡμέραν,

2441 4036 2541 4090 καί
2579 4038 2613 4090 ὁ
2642 4035 2869 4102 σπόρος
2900 4033 3216 4103 ἐγείρηται,
3267 4030 3363 4082 καὶ
3400 4031 3758 4097 μηκύνηται,
3802 4029 3885 4095 ὡς
3917 4032 4029 4085 οὐκ

2442 4125 2607 4182 οἶδεν
2656 4126 2857 4189 αὑτός.
2911 4121 3225 4191 Δὺτομάτη
3272 4120 3382 4189 τὰρ
3436 4123 3475 4189 ἡ
3531 4120 3609 4191 τῆ
3659 4123 4035 4193 καρποφορεῖ

2442 4217 2677 4286 πρῶτον
2700 4217 2936 4285 χόρτον,
2970 4209 3098 4267 εἶτα
3134 4211 3392 4283 στάχυν,
3435 4208 3563 4268 εἷτα
3603 4216 3807 4286 πλήρη
3854 4216 4030 4270 σῖτον

2441 4310 2512 4363 ἐν
2546 4306 2625 4374 τῷ
2648 4306 2887 4375 στάχυϊ.
2914 4304 3323 4375 Βλαστησάτω
3347 4307 3385 4375 ἠ
3415 4305 3489 4376 τῆ
3506 4302 3801 4373 βοτάνην.
3836 4306 3948 4360 Καὶ
3972 4306 4031 4360 δν

2443 4400 2703 4472 ἀκαριαίᾳ
2732 4399 2922 4470 χρόνου
2949 4400 3087 4469 ῥοπῇ
3122 4398 3231 4451 άπὸ
3243 4399 3345 4468 τῆς
3376 4397 3721 4469 βλαστήσεως
3742 4395 4027 4470 ἀρξαμένη

2446 4495 2479 4564 ὴ
2506 4493 2597 4564 γῆ,
2631 4493 2716 4545 ἵνα
2755 4490 2967 4561 φυλάξῃ
2994 4491 3121 4551 τοὺς
3149 4489 3345 4558 νόμους
3386 4488 3480 4541 τοῦ
3516 4488 3818 4552 κτίσαντος,
3846 4490 4030 4545 πᾶσαν

768 4587 943 4650 Atque
977 4595 1125 4654 prata
1154 4586 1363 4653 quidem
1396 4586 1502 4640 feni
1534 4584 1690 4652 copia
1740 4592 1898 4640 erant
1944 4584 2232 4653 depressa;
2266 4599 2328 4638 ac
2361 4587 2403 4641 [ἱ
2437 4593 2449 4643 ἰ

2361 4587 2403 4641 D
2437 4588 2580 4643 ἰδέαν
2625 4583 2906 4655 αὐξήσεως
2948 4579 3313 4643 διεξελθοῦσα,
3354 4579 3514 4644 εὐθὺς
3560 4578 3694 4649 πρὸς
3730 4579 3793 4633 τὸ
3819 4582 4027 4637 τέλειον

840 4681 885 4711 ⁵⁸
912 4680 1077 4733 Marc.
1102 4695 1177 4743 tv,
1208 4677 1395 4732 26-28.

840 4776 951 4845 (57)
984 4773 1113 4844 Reg.
1142 4775 1343 4843 primus
1369 4783 1421 4845 ct
1466 4772 1616 4845 _Colb.
1648 4771 1915 4827 secundus
1942 4770 2073 4843 ἡμῖν
2115 4777 2337 4831 τελειω-

768 4841 949 4916 θῆναι.
1004 4841 1198 4897 ibidem
1250 4843 1422 4916 editio
1462 4841 1623 4916 Basil.
1685 4857 1806 4916 cum
1858 4841 2043 4916 multis
2085 4861 2213 4900 mss.
2244 4849 2330 4901 ἵνα,

770 4911 848 4969 τό.
885 4916 1048 4970 Abest
1073 4916 1327 4969 articulus
1378 4915 1444 4967 ab
1478 4912 1711 4965 editione
1751 4911 1921 4982 Paris.
1981 4912 2089 4967 Hoc
2130 4917 2245 4982 ipso
2278 4921 2330 4973 in

769 4986 887 5040 loco
918 4985 1065 5053 Regii
1106 4995 1289 5038 sextus
1319 4993 1374 5037 et
1396 4993 1615 5053 octavus
1648 4981 2005 5053 διδασκάλων.
2034 4981 2170 5040 Editi
2209 5004 2330 5041 cum

767 5050 1087 5179 qluibusdam
1135 5055 1254 5107 aliis
1319 5070 1445 5108 mss.
1477 5050 1865 5113 διδασκαλεῖον,
1919 5068 2021 5106 non
2056 5056 2125 5106 ita
2160 5069 2326 5112 recte.

768 5127 786 5179 Ι
821 5142 882 5178 oc
910 5128 1051 5179 enim
1080 5139 1271 5177 nomen
1306 5126 1564 5179 scholam.
1596 5122 1647 5174 in
1677 5137 1778 5179 una
1805 5122 2057 5179 juventus
2082 5125 2326 5179 docetur.

768 5122 882 5181 Hoc
910 5128 1051 5179 enim
1080 5139 1271 5177 nomen
1306 5126 1564 5182 scholam.
1596 5122 1647 5174 in
1677 5137 1778 5187 qua
1804 5122 2057 5189 juventus
2082 5125 2327 5191 docetur,

770 5197 985 5265 proprie
1020 5196 1510 5263 signiticat:quam
1561 5194 1830 5265 notionem
1882 5192 2003 5244 huic
2062 5194 2175 5250 loco
2223 5213 2329 5251 non

772 5266 909 5318 belle
937 5266 1223 5319 convenire
1249 5266 1447 5326 vident,
1480 5271 1537 5316 ut
1562 5264 1771 5329 opinor,
1797 5275 2006 5314 omnes.

844 5335 955 5403 (58)
980 5334 1151 5389 Editio
1182 5334 1344 5387 Basil.
1376 5338 1495 5387 cuin
1544 5334 1724 5403 multis
1753 5347 1883 5385 mss.
1916 5332 2100 5403 φησιν.
2156 5334 2330 5390 Editio

771 5401 943 5459 Paris.
976 5407 1157 5474 φασίν,
1193 5405 1407 5457 Monere
1451 5403 1601 5474 libet,
1655 5402 1802 5466 illud,
1831 5401 2012 5474 φασίν,
2048 5405 2329 5459 rarissime

772 5476 959 5545 legi‘in
991 5473 1240 5543 antiquis
1269 5490 1439 5545 uiss.,
1461 5473 1553 5528 sed
1592 5486 1805 5545 semper
1836 5473 2193 5545 ferereperiri
2226 5490 2330 5545 φη-

772 5541 848 5599 et:
882 5542 1020 5598 Nihil
1058 5541 1233 5600 tamen
1272 5542 1491 5611 impedit
1520 5541 1807 5613 quominus
1835 5541 1983 5606 illud,
2011 5542 2165 5614 φησί,
2200 5541 2327 5613 pos-

768 5619 841 5671 sit
873 5615 1031 5680 verti,
1086 5615 1254 5678 aiunt,
1289 5615 1552 5681 inquiunt,
1608 5626 1730 5665 cum
1788 5627 1895 5666 non
1957 5628 2079 5668 raro
2135 5628 2329 5669 nomen

767 5686 1106 5741 collectivum
1152 5687 1222 5740 sit
1266 5681 1791 5752 subintelligendum.
1829 5682 2065 5752 Exempli
2124 5697 2332 5738 causa:

772 5757 935 5809 Secta
966 5755 1405 5824 philosophorum
1438 5750 1664 5824 ait,faut‘
1685 5754 1852 5805 aiunt.
1881 5750 2032 5816 Quod
2069 5769 2189 5808 cum
2230 5770 2335 5807 non

772 5821 1260 5880 animadverterent
1323 5826 1557 5879 editores
1639 5821 2008 5885 Parisienses,
2092 5824 2339 5877 videntur

772 5896 940 5950 εισι-ιε
990 5896 1209 5965 proprio
1259 5906 1445 5951 contra
1510 5893 1668 5948 Iidem
1710 5908 1839 5947 mss.
1896 5891 2058 5959 φησίν
2089 5894 2139 5947 in
2177 5892 2339 5960 φασίν

2446 4771 2643 4841 smpius
2672 4773 3033 4841 permutasse,
3081 4762 3293 4841 quoties
3336 4760 3586 4841 videlicet
3619 4776 3810 4841 sensus
3839 4780 4027 4841 nurne-

2450 4832 2567 4900 rnm
2605 4832 2961 4892 multitudinis
2991 4832 3317 4903 postulabat.
3342 4834 3413 4886 De
3442 4832 3524 4886 his
3548 4834 3715 4887 semel
3746 4836 4027 4893 monuisse

2447 4914 2578 4971 satis
2631 4908 2720 4962 sit.
2784 4902 3019 4972 Tempus
3076 4904 3213 4957 male
3268 4902 3444 4956 locare
3496 4903 3929 4972 arbitraremur,
3976 4907 4021 4961 si

2448 4986 2704 5047 deinceps
2730 4975 2993 5031 editorum
3021 4981 3073 5026 et
3097 4973 3343 5026 codicum
3386 4987 3514 5027 mss.
3550 4973 3694 5047 eain
3730 4988 3788 5026 re
3820 4974 4026 5047 discre-

2453 5042 2690 5125 pantiam
2716 5053 2974 5125 accurate
2992 5052 3321 5106 notaremus,
3354 5056 3479 5097 cum
3518 5042 3646 5097 nihil
3675 5044 3893 5098 intersit
3920 5045 4021 5100 hoc

2447 5114 2513 5178 an
2547 5121 2634 5172 illo
2664 5116 2818 5171 mod'o
2843 5114 3069 5183 legatur.

2518 5188 2628 5261 (59)
2662 5180 2943 5261 _Sic_ntss.'_‘
2957 5184 3199 5261 plerique
3219 5195 3441 5261 ὀπιμεῇ
3458 5182 3641 5261 Ειιῑιῖρ
3673 5180 3849 5237 Paris.
3879 5184 4019 5239 ἀπέ-

2435 5248 2559 5316 θετο
2594 5248 2872 5310 τοῦεῖναι.
2904 5248 3078 5307 Editio
3108 5251 3273 5304 Basil.
3306 5253 3540 5307 ἀπέθετο
3576 5248 3738 5303 εἶναι.

2508 5329 2623 5401 (40)
2649 5328 2719 5401 Ita
2751 5326 2988 5401 quinque
3022 5338 3151 5401 mss.
3188 5319 3330 5376 Editi
3360 5338 3487 5377 vero
3510 5322 3847 5401 ὑπεῖξε-διαείς.Δ
3882 5324 4017 5401 ⁸Αηι-

2438 5392 2652 5457 brosius
2676 5392 2848 5450 sic'ad
2879 5394 3103 5445 verbum
3134 5393 3524 5462 interpretatur
3554 5408 3569 5444 :
3598 5392 3659 5445 Si
3694 5406 3784 5446 aut
3818 5394 4013 5462 frigore

2435 5474 2733 5523 adurantur
2764 5482 2779 5521 :
2816 5464 2867 5515 in
2894 5477 2999 5529 quo
3032 5462 3244 5517 videtur
3269 5462 3579 5532 ,Virgilitttn
3629 5464 3898 5528 imitatus,
3926 5462 4015 5531 qui

2436 5538 2661 5607 tGeorg.
2696 5534 2993 5607 scripserat
3014 5570 3029 5594 ,

2590 5601 2690 5660 A'ut
2730 5603 2908 5655 Borem
2934 5601 3248 5669 penetrabile
3275 5605 3442 5672 frigus
3474 5602 3686 5657 adurat.

2444 5678 2642 5734 Ibidem
2677 5675 2804 5741 Reg.
2838 5674 3042 5745 primus
3068 5674 3148 5745 είς
3180 5672 3394 5745 ἑτέραν.

2519 5747 2629 5817 (41)
2655 5739 2932 5817 Sic_e.t_i_tio
2960 5739 3121 5817 Basil.
3142 5739 3284 5797 cum'
3304 5741 3483 5817 multis
3506 5758 3634 5817 mss.
3690 5742 3869 5817 Editio
3910 5740 4011 5797 Pa-

2451 5810 2546 5875 ris‘.
2585 5810 2648 5868 ἐκ
2677 5812 2791 5866 τοῦ.
2826 5811 2941 5864 Mox
2980 5810 3136 5865 Colb.
3182 5813 3449 5870 secundus
3484 5814 3669 5867 εἰκόνα
3702 5813 3871 5884 δηλοῖ.

2524 5886 2633 5955 (4⁸2)
2658 5885 2733 5937 ita
2759 5892 2990 5951 quatuor
3014 5896 3144 5935 mss.
3179 5883 3314 5938 Editi
3340 5892 3393 5937 ct
3420 5898 3556 5939 unus
3592 5898 3698 5943 ms.
3725 5883 3943 5950 αὐτούς.
