4262 6494
741 410 844 467 107

2077 415 2134 468 S.
2177 413 2418 468 BASILH
2457 413 2667 468 MAGN'

3899 427 3922 480 i
3936 423 4004 481 08

737 527 979 586 Sructum
1029 531 1246 600 quidem
1304 532 1510 587 nullum
1563 548 1752 602 aperte
1787 532 1984 589 aﬂ‘et'rc
2031 535 2316 600 videntur;
2349 541 2396 594 Α

2349 541 2396 594 Α
2423 537 2634 604 καρπὸν
2690 539 2788 608 μὲν
2835 538 3024 592 οὐδένα
3065 542 3212 597 δοκεῖ
3262 544 3447 616 φέρειν
3490 550 3555 603 ἐκ
3584 546 3676 602 τοῦ
3712 551 4005 622 προδήλου,

735 620 857 677 inec
901 635 1077 678 tamen
1121 625 1166 678 si
1213 625 1336 694 quis
1385 625 1674 693 diligenter
1710 629 2047 695 expenderit,
2082 627 2322 695 singulas

737 713 874 770 istas
909 717 1134 771 arbores
1178 732 1362 772 semen
1416 718 1616 776 habere
1667 720 1980 787 emnperiet.
2031 718 2320 776 Enimvero

738 823 968 876 granum
1018 807 1149 863 iliud
1188 812 1337 879 quod
1381 809 1511 867 folio
1567 813 1868 877 subjectum
1922 823 2024 876 est,
2069 813 2321 882 quodque

736 899 981 952 nonnulli
1017 900 1071 954 in
1103 901 1411 957 nominibus
1435 903 1808 968 conlingendis
1850 917 2070 969 operam
2117 917 2322 957 navan-

741 1000 842 1056 tes,
880 993 1115 1047 raise/ian
1141 994 1437 1062 appellant,
1468 997 1573 1050 vim
1610 995 1837 1051 seminis
1866 1008 2028 1065 atque
2056 995 2313 1050 Virtutem

737 1082 972 1138 obtinet.
998 1082 1348 1155 anncunque
1372 1087 1513 1141 enim
1541 1100 1569 1141 a
1602 1088 1772 1142 ramis
1800 1088 1974 1142 solent
2009 1086 2163 1151 oriri,
2195 1087 2319 1143 inde

739 1183 798 1225 ut
826 1173 1117 1242 plurimum
1155 1179 1366 1232 radices
1397 1177 1672 1233 emittunt.
1721 1179 1994 1234 Fortassis
2024 1187 2204 1232 autem
2232 1195 2320 1234 se-

741 1265 903 1320 minis
931 1265 1195 1323 rationem
1234 1269 1456 1333 habent,
1476 1279 1530 1324 et
1559 1272 1657 1332 ipsi
1688 1270 1778 1340 qui
1805 1286 1870 1324 ex
1897 1270 2168 1324 radicibus
2201 1272 2318 1340 pul-

737 1354 910 1411 lulant
938 1359 1141 1414 surculi
1173 1376 1185 1411 :
1212 1373 1350 1428 quos
1380 1362 1503 1416 dum
1530 1362 1768 1416 avellant
1799 1362 2107 1431 plantarum
2143 1365 2319 1418 cuito-

735 1462 849 1512 res,
882 1464 1051 1521 genus
1095 1464 1281 1504 earum
1338 1451 1720 1519 multiplicant.
1771 1452 1929 1509 Prius
1979 1465 2182 1523 tamen,
2240 1457 2314 1510 uti

737 1540 994 1604 diximus,
1034 1553 1113 1594 ea:
1143 1542 1367 1597 arbores
1391 1552 1704 1597 memoratae
1735 1555 1882 1610 sunt,
1915 1561 2038 1616 quae
2071 1559 2311 1605 nostram

736 1633 904 1684 vitam
937 1634 1107 1702 magis
1135 1645 1480 1700 conservant,
1510 1651 1739 1705 qna-que
1778 1639 2017 1707 propriis
2050 1641 2316 1696 fructibus

737 1725 1013 1778 hominem
1060 1725 1358 1789 donantes,
1400 1725 1736 1781 luculentum
1791 1728 1868 1782 illi
1921 1731 2124 1785 victum
2159 1739 2315 1784 erant

734 1814 1189 1883 suppeditatum:
1222 1816 1344 1870 vitis
1373 1817 1612 1884 quidem,
1632 1831 1951 1889 generatura
1972 1823 2180 1886 vinum,
2207 1837 2314 1890 quo

2425 629 2649 700 σπέρμα
2678 632 2734 685 δὲ
2765 633 2993 686 ἕκαστον
3033 637 3236 692 τούτων
3267 638 3387 709 ἔχον
3413 641 3654 712 ἀκριϐῶς
3688 641 3751 696 ἄν
3788 659 3874 708 τις
3916 642 4002 709 ἐξ·

2421 722 2628 786 ετάζων
2663 725 2870 796 ἐξεύροι
2907 725 3037 796 (48).
3092 729 3148 781 '0
3176 732 3285 805 γὰρ
3316 732 3667 803 ὑποκείμενος
3713 732 3787 806 τῷ
3818 735 4001 804 φύλλῳ

2424 813 2643 878 κόκκος,
2667 815 2724 867 ὃν
2740 817 2968 886 μίσχον
3001 819 3146 884 τινὲς
3175 823 3282 878 τῶν
3307 822 3433 895 περὶ
3459 823 3556 886 τὰς
3585 825 4001 898 ὀνοματοποιίαις

2421 906 2791 975 ἐσχολακότων
2877 916 3379 983 προσαγορεύουσι,
3470 916 3629 969 τοῦτο
3689 922 4003 993 σπέρματος

2420 995 2534 1065 ἔχει
2569 999 2817 1070 δύναμιν.
2850 1003 2988 1056 Ὅσα
3037 1003 3145 1074 γὰρ
3192 1006 3301 1060 ἀπὸ
3339 1009 3448 1079 (49)
3497 1008 3706 1062 κλάδων
3753 1009 3997 1081 γίνεσθαι

2422 1089 2686 1159 πέφυκεν,
2713 1095 2960 1148 ἐντεῦθεν
2991 1095 3066 1158 ὡς
3090 1094 3156 1148 τὰ
3186 1099 3352 1154 πολλὰ
3381 1101 3666 1174 προϐάλλει
3695 1105 3794 1169 τὰς
3821 1108 3998 1178 ῥίζας.

2420 1181 2572 1251 Τάχα
2605 1183 2668 1243 δὲ,
2696 1190 3005 1257 σπέρματος
3032 1190 3286 1259 ἐπέχουσι
3314 1192 3470 1263 λόγον
3502 1196 3594 1249 καὶ
3619 1196 3673 1247 αἱ
3698 1196 3806 1250 τῶν
3835 1200 3999 1272 ῥιζῶν

2419 1273 2739 1362 ἀποφύσεις,
2765 1279 2827 1341 ἃς
2853 1281 3249 1351 παρασπῶντες
3272 1286 3319 1336 οἱ
3349 1288 3640 1358 φυτοκόμοι
3671 1286 3782 1357 (50)
3816 1293 3877 1344 τὸ
3909 1293 4001 1362 γέ-

2419 1357 2770 1432 νοςάὑξουσι.
2803 1369 3073 1441 Πρότερον
3119 1371 3320 1441 μέντοι,
3363 1373 3551 1449 ὥσπερ
3591 1377 3821 1445 ἔφαμεν,
3860 1383 4000 1453 nvi)-

2423 1474 2530 1528 μης
2569 1459 2772 1530 ἠξιώθη
2801 1460 2871 1513 τὰ
2908 1464 3340 1537 συνεκτικώτερα
3373 1467 3472 1537 τῆς
3505 1471 3648 1541 ζωῆς
3675 1471 3854 1541 ἡμῶν,
3896 1475 3999 1528 ὅσα

2419 1554 2632 1626 ἔμελλε,
2675 1558 2786 1618 τοῖς
2827 1557 3046 1620 οἰκείοις
3088 1562 3318 1632 καρποῖς
3358 1561 3448 1613 τὸν
3482 1563 3768 1636 ἄνθρωπον
3795 1564 4001 1630 δεξιού-

2422 1665 2578 1719 μενα,
2607 1647 2834 1715 ἄφθονον
2859 1648 3008 1719 αὑτῴ
3038 1653 3471 1722 παρασκευάζειν
3499 1655 3596 1725 τὴν
3628 1657 3863 1709 δίαιταν·
3900 1659 3999 1731 ἄμ-

2418 1739 2577 1800 πελος
2603 1738 2700 1808 μὲν
2722 1734 2862 1793 οἶνον
2889 1741 3133 1808 γεννῶσα
3154 1746 3461 1817 εὐφραίνειν
3489 1746 3748 1816 μέλλοντα
3769 1747 3998 1818 καρδίαν

2418 1827 2732 1899 ἀνθρώπου·
2781 1829 2932 1883 ἐλαία
2977 1832 3032 1886 δὲ
3084 1838 3294 1906 καρπὸν
3340 1839 3684 1911 παρεχομένη
3726 1837 3998 1910 ἱλαρύνειν

734 1915 858 1960 erat
883 1921 981 1962 cor
1012 1907 1244 1962 hominis
1283 1908 1661 1965 lmtiﬁcaudutn
1691 1913 1845 1966 :olea
1877 1927 2023 1975 vero,
2057 1928 2178 1967 cum
2219 1917 2310 1984 qui
2346 1889 2417 1964 Bt

2346 1889 2388 1949 Β
2415 1889 2710 1992 δυνάμενον
2744 1923 3031 1993 πρόσωπον
3062 1928 3118 1978 ὲν
3152 1889 3514 2000 έ).αίῳ.ΪΙόσ;
3527 1889 3828 2003 ⁷όίδνέτρεχεἷ
3857 1929 3999 1986 κατὰ

733 1999 942 2052 vultum
984 2000 1038 2052 in
1073 1997 1194 2053 oleo
1224 2001 1531 2056 exhilarare
1563 2011 1756 2069 potest,
1782 1999 2021 2056 fructum
2053 2002 2313 2060 allatura.

733 2090 878 2158 Quot
921 2090 1248 2147 festinanter
1294 2095 1346 2147 in
1397 2110 1562 2148 unum
1597 2107 2012 2160 concurrerunt,
2052 2100 2312 2166 producta

734 2199 764 2234 ti
799 2184 1018 2237 natura!
1073 2184 1243 2237 Radix
1296 2186 1440 2251 vitis,
1486 2185 1738 2254 palmites
1774 2186 2129 2241 orbiettlalitn
2173 2189 2316 2241 vire-

734 2284 968 2337 scentes,
1028 2275 1292 2344 valdeque
1347 2292 1511 2344 super
1568 2289 1765 2332 terram
1815 2278 2013 2342 diﬂ‘usi,
2071 2295 2310 2350 germen,

733 2367 1030 2430 claviculas,
1058 2381 1158 2420 uva
1195 2367 1412 2432 acerba,
1448 2370 1669 2423 racemi.
1707 2368 1882 2425 Vitem
1918 2371 1962 2424 si
2009 2372 2113 2424 tuis
2143 2371 2314 2425 oculis

731 2468 939 2514 attente
964 2461 1342 2529 conspexeris,
1379 2467 1462 2515 vet
1498 2463 1609 2529 ipsa
1639 2472 1690 2516 te
1719 2462 1852 2518 satis
1876 2462 1941 2513 ad
1967 2471 2173 2516 natura:
2195 2478 2310 2516 me-

736 2551 967 2605 moriam
1004 2562 1242 2606 revocat.
1280 2550 1574 2606 Meministi
1625 2552 1766 2605 enim
1808 2551 2021 2606 ῡοιιιὶιιι
2061 2553 2312 2608 similitu-

735 2641 940 2708 dinem,
967 2656 1070 2711 qua
1105 2657 1164 2697 se
1214 2643 1386 2710 ipsum
1434 2641 1620 2706 vitem,
1659 2651 1714 2696 et
1759 2641 1974 2696 Patrem
2017 2643 2309 2712 agricolam

739 2744 1014 2801 nuncupat
1036 2734 1088 2764 ⁷⁸·
1111 2749 1126 2784 :
1153 2747 1252 2786 nos
1293 2733 1421 2786 item
1454 2733 1696 2802 singulos
1726 2733 1984 2790 Ecclesiae
2028 2750 2125 2806 per
2153 2736 2310 2792 (idem

734 2826 997 2890 insertos,
1048 2824 1297 2893 palmites
1349 2826 1680 2895 appellavit,
1731 2839 1893 2897 atque
1955 2830 2021 2885 ad
2082 2832 2310 2886 multum

735 2916 975 2975 fructum
1035 2918 1364 2975 atl’erendum
1419 2920 1613 2976 invitat
1667 2924 1856 2989 nos",
1890 2939 1958 2979 ne
2005 2925 2314 2980 inutilitatis

740 3013 1003 3076 damnati,
1028 3013 1137 3082 igni
1165 3014 1480 3081 tradamur;
1518 3030 1617 3070 nec
1643 3027 1820 3071 cessat
1860 3019 2138 3072 hominum
2189 3017 2310 3070 ani-

742 3117 861 3156 mas
893 3101 1095 3172 ubique
1142 3105 1344 3158 vitibus
1376 3120 1714 3175 comparare.
1754 3106 1914 3162 Vinea
1946 3125 2186 3178 namque,
2214 3109 2298 3162 in-

2412 2012 2608 2064 ταυτὸν
2635 2015 2984 2085 ὴπειγμένως
3002 2016 3106 2070 ὑπὸ
3133 2018 3233 2089 τῆς
3265 2022 3479 2090 φύσεως
3507 2025 3903 2094 παραγόμεναῐ
3930 2023 3998 2080 Ἡ

2415 2105 2539 2176 ῥίζα
2573 2107 2670 2178 τῆς
2702 2109 2976 2179 ἀμπέλου·
3011 2110 3080 2165 τὰ
3111 2111 3362 2184 κλήματα
3393 2115 3449 2164 ὲν
3471 2114 3654 2185 κύκλῳ
3681 2117 3882 2188 εὐθαλῆ
3905 2116 3999 2172 καὶ

2415 2199 2626 2269 μεγάλα
2661 2201 2801 2274 ὑπὲρ
2833 2205 2936 2275 γῆς
2963 2205 3266 2274 κεχυμένα·
3298 2206 3327 2257 ὁ
3365 2203 3612 2274 βλαστὸς,
3651 2207 3700 2258 οἱ
3734 2206 3935 2272 ἕλικες,
3967 2212 3999 2264 ὁ

2411 2291 2615 2362 δμφαξ,
2659 2296 2709 2347 oi
2746 2294 2966 2368 βότρυες
2995 2295 3128 2365 (51).
3167 2296 3351 2366 Ἀρκεῖ
3377 2313 3470 2350 σου
3502 2300 3568 2370 τῇ
3603 2297 3721 2368 ὕψει
3757 2301 3854 2352 καὶ
3883 2299 3996 2372 ἀμ-

2413 2384 2573 2450 πελος
2623 2387 2858 2449 συνετῶς
2894 2387 3151 2458 ὁραθεῖσα
3181 2389 3485 2461 ὑπόμνησίν
3526 2409 3607 2445 σοι
3640 2391 3740 2461 τῆς
3779 2391 3999 2462 φύσεως

2412 2477 2727 2547 ἐμποιῆσαι.
2777 2477 3070 2548 Μέμνησαι
3103 2479 3210 2550 γὰρ
3249 2479 3489 2551 δηλονότι
3523 2482 3621 2552 τῆς
3654 2482 3750 2535 τοῦ
3785 2481 3994 2553 Κυρίου

2412 2569 2638 2632 εἰκόνος,
2688 2569 2769 2622 ὅτι
2819 2569 3061 2640 ἄμπελον
3095 2572 3284 2627 ἑαυτὸν
3317 2574 3486 2643 λέγει,
3515 2576 3608 2626 καὶ
3646 2575 3737 2626 τὸν
3771 2575 3998 2646 Πατέρα

2410 2663 2502 2718 τὸν
2534 2663 2797 2735 γεωργὸν,
2822 2665 2916 2718 καὶ
2941 2665 3066 2729 τοὺς
3092 2665 3211 2719 καθ’
3233 2667 3326 2718 ἕνα
3351 2667 3382 2735 ἡ
3392 2666 3504 2735 μῶν
3525 2664 3613 2718 διὰ
3632 2665 3732 2736 τῆς
3759 2665 3995 2732 πίστεως

2413 2758 2931 2827 ἐμπεφυτευμένους
2956 2757 3064 2823 (52)
3098 2759 3163 2826 τῇ
3209 2756 3504 2828 Ἐκκλησία
3532 2756 3788 2828 κλήματα
3823 2776 3993 2832 προσ-

2414 2850 2703 2919 ηγόρευσε·
2754 2849 2845 2900 καὶ
2882 2847 3266 2918 προσκαλεῖται
3295 2849 3441 2917 ἡμᾶς
3475 2851 3555 2913 είς
3591 2849 3992 2925 πολυκαρπίαν,

2414 2939 2499 2990 ἵνα
2535 2937 2607 3007 μὴ
2642 2937 2943 3008 ἀχρηστίαν
2977 2938 3451 3008 καταγνωσθέντες
3480 2941 3558 3013 τῷ
3591 2943 3725 3016 πυρὶ
3754 2945 3994 3016 παραδο-

2413 3028 2595 3098 θῶμεν
2617 3045 2631 3060 ο
2666 3030 2758 3082 καὶ
2780 3030 2839 3082 οὑ
2871 3030 3103 3084 παύεται
3136 3031 3407 3102 πανταχοῦ
3436 3033 3534 3098 τὰς
3558 3033 3736 3106 ψυχὰς
3765 3037 3876 3089 τῶν
3907 3037 3995 3090 ἀν-

2415 3118 2647 3191 θρώπων
2705 3120 2814 3188 (55)
2867 3123 2986 3187 ταῖς
3033 3122 3296 3192 ἀμπέλοις
3356 3123 3634 3196 ὲξομοιῶν.
3694 3126 3995 3197 Ἀμπελὼν·

735 3193 875 3263 quit,
904 3193 1046 3264 facta
1076 3205 1148 3247 est
1169 3195 1358 3248 dilecto
1387 3196 1438 3248 iu
1469 3212 1654 3261 cornu,
1681 3197 1877 3252 inloco
1898 3199 2082 3268 pingui
2104 3201 2186 3267 7';
2217 3211 2270 3256 et
2293 3241 2308 3265 ,
2339 3244 2382 3303 ο
2414 3234 2418 3247 ι

2339 3244 2382 3303 C
2414 3212 2521 3282 γὰρ
2549 3211 2802 3282 ἐγενήθη
2836 3211 2916 3278 τῷ
2948 3215 3330 3285 ἠγαπημένῳ,
3358 3193 3542 3288 φησιν,
3575 3219 3645 3272 ἐν
3681 3193 3901 3286 κέρατι,
3925 3217 4001 3272 ἐν

749 3283 965 3339 Vineam
1013 3286 1274 3353 plantavi,
1313 3296 1360 3339 et
1410 3302 1580 3355 sepem
1630 3289 2045 3344 circumdedi".
2090 3292 2312 3349 Animas
2339 3283 2432 3357 νε

2339 3283 2382 3303 ν
2416 3305 2574 3370 τόπῳ
2602 3306 2765 3359 πίονι
2785 3322 2800 3337 ο
2857 3308 2969 3370 καὶ,
3036 3308 3374 3376 Ἀμπελῶνα
3401 3311 3726 3378 ἐφύτευσα,
3762 3311 3862 3365 καὶ
3900 3327 3995 3368 πει

737 3378 1006 3431 humanas
1042 3379 1199 3446 plane
1229 3379 1440 3433 vineam
1484 3381 1636 3446 dicit,
1667 3397 1802 3452 quas
1851 3400 1997 3451 sepe.
2035 3388 2313 3441 mandato-

733 3487 855 3528 rum
897 3472 1106 3527 scilicet
1152 3474 1319 3527 tutela
1355 3483 1411 3528 et
1453 3477 1766 3543 angelorum
1798 3479 2038 3530 custodia
2074 3479 2309 3531 circum-

732 3567 902 3624 dedit.
941 3565 1195 3618 lmmittet
1226 3567 1364 3619 enim
1407 3568 1622 3634 angelus
1660 3566 1870 3620 Domini
1898 3569 1949 3620 in
1988 3569 2212 3622 circuitu
2245 3571 2312 3622 ti-

731 3663 985 3716 mentium
1006 3677 1123 3715 eum
1144 3661 1235 3714 ⁷⁸⁸.
1263 3659 1466 3715 Deinde
1495 3661 1681 3728 etiam,
1710 3663 2018 3717 constitutis
2049 3664 2099 3716 in
2127 3663 2313 3718 Eccle-

733 3757 815 3809 sia
856 3755 1090 3824 primum
1118 3754 1399 3822 apostolis,
1425 3755 1664 3809 secundo
1699 3756 1997 3824 prOphetis,
2033 3758 2191 3812 tertio
2218 3759 2312 3813 do-

732 3847 1056 3908 ctoribus",
1094 3847 1250 3915 quasi
1275 3845 1412 3898 valla
1441 3847 1596 3900 nobis
1624 3846 1831 3900 deﬁxit.
1865 3847 2041 3918 Atque
2065 3851 2313 3919 antiquo-

734 3958 856 3996 rum
881 3956 944 3994 ac
971 3944 1251 3994 beatorum
1287 3939 1526 3993 virorum
1557 3939 1823 4008 exemplis
1849 3939 1899 3992 in
1928 3939 2158 3995 sublime
2186 3957 2311 3996 eve-

733 4037 820 4090 xit
846 4045 1086 4088 nostram
1122 4042 1381 4095 mentem,
1423 4045 1522 4085 nec
1548 4046 1668 4085 eam
1703 4033 1972 4100 prosterni
2016 4033 2187 4096 humi,
2218 4045 2310 4088 aut

737 4127 1148 4182 conculcatione
1196 4127 1415 4196 dignam
1460 4139 1578 4180 esse
1631 4125 1781 4178 sivit.
1811 4122 1938 4178 Vult
1981 4136 2160 4180 autem
2211 4143 2310 4183 nos

2406 3396 2657 3465 ριέθηκα
2691 3401 2982 3470 φραγμόν.
3021 3401 3132 3463 Τὰς
3159 3400 3502 3471 ἀνθρωπίνας
3537 3402 3714 3472 ψυχὰς
3752 3404 3993 3474 δηλονότι

2413 3487 2558 3558 λέγει
2725 3490 2813 3544 τὸν
2843 3492 3156 3565 ἀμπελῶνα,
3181 3486 3269 3554 αἶς
3294 3494 3545 3564 φραγμὸν
3569 3497 3868 3570 περιέθηκε
3898 3498 3994 3571 τὴν

2414 3582 2480 3635 ἐκ
2521 3584 2628 3636 τῶν
2675 3585 3108 3654 προσταγμάτων
3155 3586 3452 3653 ἀσφάλειαν
3494 3590 3587 3643 καὶ
3620 3590 3718 3662 τὴν
3750 3591 3993 3663 φυλακὴν

2412 3674 2520 3728 τῶν
2546 3676 2809 3744 ἀγγέλων.
2835 3676 3206 3745 Παρεμὸαλεῖ
3232 3677 3339 3748 (55)
3363 3679 3473 3749 γὰρ
3495 3680 3749 3750 ἅγγελος
3771 3685 3994 3752 Krvplov
4020 3665 4023 3668 i

2414 3769 2617 3834 κύκλῳ
2655 3766 2772 3820 τῶν
2799 3767 3182 3838 φοϐουμένων
3208 3772 3410 3825 αὐτόν.
3443 3773 3672 3827 Ἔπειτα
3710 3776 3804 3828 καὶ
3830 3778 3992 3834 οἱονεὶ

2413 3859 2657 3930 χάρακας
2688 3861 2818 3930 ἡμῖν
2847 3861 3274 3933 παρακατέπηξε
3315 3862 3540 3933 θέμενος
3568 3867 3624 3918 ὲν
3650 3870 3716 3938 τῇ
3759 3868 3990 3943 Ἐκκλη-

2415 3952 2504 4022 σία
2534 3951 2746 4022 πρῶτον
2775 3951 3126 4017 ἀποστόλους,
3172 3953 3422 4025 δεύτερον
3470 3958 3775 4029 προφήτας,
3809 3961 3992 4032 τρίτον

2411 4041 2781 4107 διδασκάλους.
2840 4044 2950 4097 Καὶ
2995 4047 3107 4108 τοῖς
3151 4043 3258 4099 τῶν
3305 4047 3548 4101 παλαιῶν
3588 4051 3681 4104 καὶ
3705 4054 3992 4124 μακαρίων

2414 4136 2621 4207 ἀνδρῶν
2650 4137 2760 4209 (56)
2789 4137 3180 4209 ὑποδείγμασιν
3221 4143 3299 4205 είς
3323 4141 3454 4212 ὕψος
3485 4143 3641 4215 ἡμῶν
3676 4146 3896 4216 ἀνάγων
3925 4149 3992 4200 τά

735 4220 1025 4274 charitatis
1056 4219 1392 4286 amplexibus
1422 4231 1518 4271 ceu
1551 4218 1872 4285 quibusdam
1901 4218 2180 4272 claviculis
2204 4218 2315 4295 46
2415 4250 2418 4271 ι

2304 4225 2315 4285 ἰ
2415 4229 2756 4298 φρονήματα,
2795 4229 2894 4281 οὑκ
2923 4230 3133 4298 ἀφῆκεν
3170 4232 3476 4303 ἐρριμμένα
3522 4236 3720 4306 χαμαὶ,
3767 4237 3860 4290 καὶ
3897 4235 3987 4289 τοῦ

735 4311 1042 4385 proximum
1087 4318 1331 4363 nostrum
1371 4309 1679 4376 complecti,
1711 4325 1772 4364 ac
1821 4310 1873 4362 in
1919 4310 2049 4379 ipsis
2095 4315 2314 4381 acquie-
2415 4342 2418 4352 ι

2309 4345 2314 4354 ι
2415 4318 2701 4372 πατεῖσθαι
2731 4318 2875 4384 ἄξια.
2901 4321 3156 4373 Βούλεται
3181 4323 3236 4376 δὲ
3269 4325 3416 4394 ἡμᾶς
3439 4326 3533 4378 καὶ
3560 4328 3722 4380 οἱονεὶ
3755 4326 3892 4388 ἕλιξί
3917 4345 3992 4379 τι-

733 4419 916 4468 scere,
951 4411 1009 4456 ut
1042 4401 1154 4470 jugi
1203 4399 1384 4467 impeti
1420 4414 1636 4451 sursum
1672 4413 1862 4453 versus
1898 4408 2309 4468 contendentes,

2416 4426 2470 4461 σι
2501 4412 2620 4470 ταῖς
2642 4408 3001 4479 περιπλοκαῖς
3024 4411 3123 4482 τῆς
3145 4412 3363 4484 ἀγάπης
3392 4414 3499 4468 τῶν
3529 4414 3754 4485 πλησίον
3781 4415 3993 4487 ἀντέχε-

734 4499 912 4556 instar
955 4496 1236 4548 vinearum
1277 4491 1636 4562 quarumdam
1679 4489 1905 4545 arbores
1943 4497 2309 4548 conscenden-
2415 4529 2417 4542 ε

2308 4528 2309 4533 η
2415 4500 2558 4564 σθαι,
2609 4500 2701 4552 καὶ
2759 4501 3205 4556 ἐπαναπαύεσθαι
3261 4507 3463 4570 αὐτοῖς,
3512 4506 3596 4569 ἵν’,
3640 4507 3726 4560 ἀεὶ
3768 4508 3906 4579 πρὸς
3932 4511 3991 4564 τὸ

736 4593 870 4648 tium
898 4631 913 4655 ,
948 4588 1315 4655 nosmetipsos
1366 4599 1546 4638 rerum
1577 4582 1965 4637 altissimarum
2019 4588 2311 4642 verticibus
2345 4585 2419 4641 Di

2309 4625 2311 4637 ν
2345 4585 2389 4641 Ι)
2413 4588 2526 4642 ἄνω
2554 4589 2652 4658 τὴν
2677 4590 2850 4660 ὁρμὴν
2881 4591 3114 4660 ἔχοντες,
3145 4591 3255 4647 οἶόν
3284 4613 3424 4658 τινες
3454 4595 3838 4668 ἀναδενδράδες
3871 4604 3992 4666 ταῖς

730 4686 1101 4749 ιιιίκιιιιειιιιιε.
1134 4679 1272 4746 Quin
1313 4687 1368 4732 et
1403 4692 1432 4730 a
1466 4675 1621 4730 nobis
1668 4676 1932 4746 exposcit,
1967 4685 2025 4730 ut
2058 4676 2183 4731 dum
2216 4679 2311 4733 de-

2305 4709 2311 4719 ι
2417 4682 2679 4751 κορυφαῖς
2727 4679 2832 4732 τῶν
2889 4680 3234 4749 ὑψηλοτάτων
3293 4683 3520 4757 ἑαυτοὺς
3575 4686 3988 4759 παρισάζωμεν.

730 4775 994 4836 fodimur.
1019 4775 1404 4828 sustineamus.
1439 4766 1717 4822 Deloditur
1748 4778 1928 4822 autem
1958 4773 2159 4835 anima,
2184 4787 2307 4826 cum

2430 4769 2678 4822 Ἀπαιτεῖ
2702 4769 2812 4838 (57)
2849 4768 2906 4821 δὲ
2929 4771 3078 4839 ἡμᾶς
3117 4771 3210 4823 καὶ
3246 4771 3306 4824 τὸ
3333 4771 3723 4843 καταδέχεσθαι
3753 4793 3991 4832 σκαπτο-

730 4868 918 4926 mundi
961 4865 1126 4931 curis,
1158 4878 1279 4933 qua:
1308 4861 1568 4918 cordibus
1593 4861 1792 4917 nostris
1831 4872 1960 4918 sunt
2011 4864 2185 4932 oneri,
2220 4881 2306 4921 se-

2417 4864 2633 4938 μένους.
2680 4863 3111 4918 ’Δποσκάπτεται
3149 4862 3208 4917 δὲ
3242 4862 3386 4937 ψυχὴ
3421 4867 3479 4919 ὲν
3501 4869 3569 4938 τῇ
3601 4867 3856 4925 ἀποθέσει
3884 4871 3993 4925 τῶν

805 5016 851 5048 ⁷⁸
876 5014 1033 5070 Joan.
1070 5027 1160 5075 xv,
1186 5011 1239 5064 i.
1317 5010 1360 5042 ”
1385 5011 1515 5066 ibid.
1545 5013 1599 5067 5.
1674 5013 1721 5048 ’ί
1742 5012 1842 5069 lsa.
1878 5028 1932 5078 ν,
1958 5015 2010 5066 1.
2085 5015 2131 5047 ’³
2161 5015 2350 5072 Matth.
2389 5031 2479 5071 xxt

2115 5015 2131 5047 ³
2161 5015 2350 5072 Matth.
2389 5031 2503 5081 xxI,
2525 5015 2615 5069 35.
2690 5013 2759 5044 ""
2791 5009 2933 5066 Psal.
2962 5025 3158 5075 χχχιιι,
3189 5009 3242 5068 8.
3318 5008 3364 5042 ⁷⁸
3389 5007 3410 5062 l
3439 5009 3565 5065 Cor.
3588 5025 3687 5079 xu,
3711 5010 3798 5066 28.

806 5169 915 5238 (48)
949 5169 1078 5243 Mss.
1110 5168 1566 5243 dtto-ége‘upioxm.
1591 5171 1696 5223 Alii
1730 5171 1836 5225 duo
1859 5170 2028 5243 εὑροι.

808 5243 920 5310 (49)
965 5240 1264 5310 ίΙιιιίριῇιὶυ
1309 5239 1475 5310 Basil.
1535 5256 1655 5294 cum
1704 5253 1828 5296 octo
1878 5239 2010 5298 mss.
2057 5247 2313 5302 enostris

733 5308 932 5383 praeter
957 5309 1120 5383 B_od_l._
1141 5308 1318 5383 Etlitio
1349 5309 1523 5365 Paris.
1553 5311 1654 5366 ὅσα
1686 5312 1743 5365 δὲ
1773 5313 1903 5366 ἀπό.

808 5382 922 5452 (50)
984 5379 1160 5435 Editio
1198 5379 1362 5452 Basit.
1396 5398 1546 5452 cum
1577 5383 1824 5452 Cumbel‘.
1883 5394 1935 5436 et
1980 5400 2101 5438 eum
2133 5385 2312 5441 multis

731 5453 856 5524 aliis
881 5468 1017 5524 mss.
1042 5451 1359 5521 φυτοκόμοι.
1387 5451 1564 5524 Etlitio
1585 5451 1759 5508 Paris.
1790 5455 2117 5524 φυτηκόμοι,
2154 5457 2312 5510 male.

731 5520 1069 5596 inira_Culb.
1113 5520 1382 5577 secundus
1440 5523 1731 5596 συνέτρεχε
1793 5520 1935 5580 κατᾶ
1981 5520 2178 5580 ταυτὸν
2223 5526 2312 5582 τὸν

2486 5174 2599 5242 (55)
2629 5173 2853 5227 Codices
2887 5181 2998 5224 tres
3022 5170 3201 5243 ψυχὰς
3228 5169 3383 5243 ἡμῶν
3403 5169 3519 5243 τῶν
3549 5170 3705 5243 ἀνθρ.

2489 5240 2600 5328 (iii)
2617 5243 2754 5328 μσς.
2781 5252 2964 5295 sextus
3004 5240 3351 5313 ἀνθρωπίνας
3395 5240 3664 5313 δυνάμεις
3685 5240 3864 5311 ψυχὰς
3897 5243 3988 5316 δη..

2413 5315 2586 5368 λονότι
2617 5312 2784 5380 λέγει.
3537 5312 3542 5313 ⁷
3949 5312 3959 5316 ⁷

2432 5386 2596 5462 _(55_)
2623 5381 3142 5462 pupep6mi,_etc.
3182 5381 3429 5462 Vulgata,
3481 5381 3732 5437 Imminet
3771 5384 3986 5453 angelus

2421 5456 2636 5510 Domini
2665 5457 2716 5505 in
2747 5456 2968 5505 circuitu
2997 5455 3292 5505 timentium
3318 5470 3457 5508 eum.

2495 5525 2606 5592 (56)
2639 5523 2747 5576 Vox
2775 5522 2982 5592 ἀνδρῶν
3000 5525 3151 5577 deest
3179 5524 3230 5574 in
3262 5525 3419 5576 editis
3445 5534 3498 5577 et
3533 5522 3582 5574 in
3612 5522 3796 5592 multis
3818 5539 3945 5578 mss.
3967 5565 3984 5587 ,

732 5591 978 5666 ιιιιαιρόν.Δ
1454 5663 1465 5666 Α
1603 5590 1615 5596 ’
1669 5590 1700 5595 ’⁷
1735 5665 1762 5666 ᾗ
2419 5599 2510 5650 sed
2553 5590 2746 5666 legitur
2790 5594 2841 5666 in
2864 5590 2886 5666 ξ
2908 5591 3090 5660 Regiis
3145 5594 3307 5666 tertio
3360 5603 3414 5646 et
3461 5590 3844 5666 sextosPanlo
3869 5600 3987 5662 post

735 5608 1191 5728 migiibuatnor
1217 5680 1346 5720 mss.
1365 5667 1414 5719 οἱ
1445 5663 1688 5736 βότρυες.
1726 5665 1867 5721 Editi
1907 5681 2029 5721 cum
2085 5684 2191 5724 uno
2219 5677 2312 5724 aut
2417 5703 2418 5708 η

735 5733 911 5789 altera
941 5750 1041 5791 ms.
1081 5736 1297 5804 ϐότρυς.
2417 5788 2418 5791 η

2419 5608 2510 5650 sca
2553 5608 2746 5666 tegitur
2793 5609 2841 5644 ιιι
2908 5608 3090 5660 negns
3148 5608 3307 5648 terno
3360 5608 3414 5646 ct
3461 5608 3636 5646 seato.
3678 5608 3844 5647 ramo
3869 5608 3984 5662 p05!

2301 5678 2312 5723 ι
2417 5671 2584 5790 ευιΙΙεχ
2652 5663 2891 5719 Combel.
2964 5679 3083 5717 cum
3143 5661 3274 5733 Reg.
3332 5672 3520 5719 octavo
3570 5662 3984 5734 ἐρριμμένους,

2417 5755 2502 5793 tua
2529 5754 2578 5790 e.

809 5804 1172 5880 (52)_Codiees
1211 5807 1412 5876 aliquot
1462 5806 1957 5880 ἐμφυτευομένους.
2012 5808 2130 5866 Mox
2178 5810 2304 5866 editi
2487 5825 2492 5867 t

1647 5806 1957 5880 ευομένους.
2012 5808 2130 5866 Mox
2178 5810 2304 5866 editi
2487 5807 2596 5880 (57)
2617 5805 2746 5878 Reg.
2785 5815 2969 5861 sextus
2995 5804 3326 5859 ἀπαιτείται.

723 5875 1091 5950 ⁴προκαλεῖται
1123 5895 1138 5910 ’
1169 5890 1222 5933 at
1258 5875 1351 5934 sex
1381 5875 1508 5933 mssl
1538 5875 1941 5951 προσκαλεῖται.
