4262 6512
298 473 398 531 109

1431 476 1713 533 ΙῙΟΜΙΙᾸᾹ
1757 477 1797 530 ν
1838 478 1903 532 ΙΝ
1945 478 2434 535 HEXAEMERON.

3429 483 3530 537 ΗΟ

293 592 385 644 τοῦ
429 591 632 661 κόσμου
671 590 969 661 μεριμνῶν,
1019 590 1074 644 αϊ
1121 589 1285 661 βάρος
1327 593 1433 644 eiul
1471 597 1587 656 ταῖς
1621 593 1864 666 καρδίαις
1893 600 1941 657 Α
1975 600 1976 647 ζ

1844 600 1941 657 ςΑ
1975 598 2143 664 ipsam
2205 597 2376 651 exuit.
2419 595 2779 661 Quamobrem
2827 595 2918 664 qui
2966 609 3216 649 carneum
3267 609 3527 664 amorem,

292 683 470 754 ἡμῶν.
505 684 663 735 Ὥστε
687 683 715 733 ὁ
739 685 834 753 τὴν
861 681 1120 753 σαρκίνην
1143 683 1365 754 ἀγάπην
1395 686 1746 757 ἀποθέμενος,
1771 688 1864 740 καὶ

291 777 392 846 τὴν
431 776 566 846 πρὸς
595 775 663 830 τὰ
701 777 956 846 χρήματα
983 775 1184 844 φιλίαν,
1234 776 1266 847 ἦ
1299 778 1399 849 τὴν
1431 781 1558 849 περὶ
1585 780 1644 832 τὸ
1671 780 1866 849 δύστη-

292 885 382 922 νον
414 867 657 938 δοξάριον
682 866 838 919 τοῦτο
871 867 1096 937 πτόησιν
1131 868 1472 922 ἀπόπτυστον
1509 871 1602 923 καὶ
1633 871 1863 922 εὐκατα-

293 960 558 1031 φρόνητον
588 960 954 1030 ἡγησάμενος,
1005 959 1189 1034 ὥσπερ
1238 963 1449 1032 ἐσκάφη
1482 963 1574 1016 καὶ
1605 961 1864 1014 ἀνέπνευο

293 1067 388 1104 σεν
433 1053 942 1122 ἀποσκευασάμενος
985 1054 1046 1106 τὸ
1090 1055 1316 1124 μάταιον
1347 1055 1509 1125 βάρος
1553 1053 1644 1107 τοῦ
1677 1054 1863 1122 γηίνου

293 1143 654 1212 φρονήματος.
688 1147 780 1196 Δεῖ
812 1146 888 1211 δὲ,
940 1146 1078 1199 κατά
1116 1147 1204 1199 τὸν
1234 1147 1388 1214 λόγον
1418 1147 1515 1214 τῆς
1548 1146 1862 1217 παροιμίας,

295 1233 431 1302 μηδὲ
457 1233 760 1304 ύλομανεῖν,
789 1235 1052 1300 τουτέστι,
1091 1236 1165 1305 μὴ
1189 1235 1564 1296 ἐπιδεικτικῶς
1597 1235 1868 1288 πολιτεύε-

293 1325 437 1391 σθαι,
490 1325 620 1395 μηδὲ
677 1327 768 1378 τὸν
815 1327 962 1396 παρά
1021 1325 1126 1378 τῶν
1186 1325 1382 1389 ἔξωθεν
1437 1326 1655 1380 ἔπαινον
1697 1326 1866 1397 θηρᾶ-

294 1415 417 1468 σθαι
449 1415 580 1483 (58),
608 1415 717 1468 ἀλλ’
743 1416 1018 1483 ἔγκαρπον
1058 1410 1218 1478 εἶναι,
1257 1416 1334 1486 τῷ
1363 1417 1600 1488 ἀληθινῷ
1637 1415 1866 1488 γεωργῷ

291 1510 391 1580 τὴν
446 1509 700 1575 ἐπίδειξιν
727 1508 858 1564 ,τῶν
900 1507 1073 1578 ἔργων
1125 1510 1534 1579 ταμιευόμενον.
1580 1510 1649 1561 Συ
1683 1509 1738 1561 δὲ
1772 1511 1865 1562 καὶ

304 1603 402 1667 Ὠς
435 1603 607 1655 ἐλαία
631 1599 1007 1669 κατάκαρπος
1035 1600 1144 1655 ἔσο
1169 1602 1239 1654 ἐν
1267 1599 1346 1666 τῷ
1378 1603 1522 1667 οἴκῳ
1548 1600 1653 1654 τοῦ
1695 1600 1860 1663 Θεοῦ,

297 1693 562 1763 μηδέποτε
614 1693 982 1764 γυμνούμενος
1031 1694 1130 1764 τῆς
1177 1693 1410 1756 ἐλπίδος,
1450 1693 1564 1746 ἀλλ’
1611 1694 1698 1746 ἀεὶ
1736 1692 1865 1745 θάλ-

292 1785 487 1838 λουσαν
543 1785 680 1858 ἔχων
736 1786 864 1856 περὶ
919 1785 1135 1840 σεαυτὸν
1192 1785 1290 1855 τὴν
1349 1785 1435 1837 διὰ
1480 1785 1714 1847 πίστεως
1765 1802 1866 1835 σω-

291 1878 504 1948 τηρίαν.
566 1877 722 1932 Οὕτω
777 1879 885 1948 γὰρ
943 1878 1002 1930 τὸ
1067 1875 1310 1939 ἀειθαλὲς
1372 1875 1466 1931 τοῦ
1539 1875 1712 1944 φυτοῦ,
1775 1894 1862 1944 μι-

1969 697 2062 740 aut
2118 703 2272 742 suurn
2321 703 2447 758 erga
2484 687 2701 743 divitias
2747 689 2980 741 studium
3019 688 3284 756 deposuit,
3321 697 3413 740 aut
3439 687 3530 757 qui

1969 779 2182 833 misera:
2230 779 2389 846 huius
2439 778 2677 848 gloriola:
2731 778 3005 834 libidinem
3052 778 3448 846 conspuendam
3479 785 3535 831 et

1968 870 2362 940 aspernabilem
2401 870 2573 934 duxit,
2610 870 2655 925 is
2693 869 2859 923 veluti
2889 869 3132 923 defossus
3166 878 3273 934 est,
3306 884 3391 934 ac,
3426 877 3536 922 ter-

1970 977 2116 1016 rena:
2153 961 2452 1016 aﬂectionis
2487 962 2635 1016 inani
2677 961 2910 1032 pondere
2943 977 3187 1023 excusso,
3218 961 3528 1027 respiravit.

1970 1053 2193 1121 Oportet
2227 1062 2406 1106 autem
2442 1055 2737 1108 secundum
2781 1053 3048 1122 proverbii
3105 1052 3448 1116 sententiam,
3475 1061 3534 1104 ut

1969 1161 2143 1214 neque
2185 1147 2558 1208 silvescamus.
2602 1148 2704 1200 hoc
2747 1156 2851 1211 est,
2895 1145 3114 1198 minime
3156 1147 3421 1212 iactanter
3445 1143 3533 1196 de-

1968 1253 2182 1306 gamus,
2218 1253 2394 1306 neque
2434 1239 2500 1290 ab
2540 1238 2780 1291 externis
2814 1251 3140 1305 aucupemur
3173 1237 3404 1300 laudem,
3434 1235 3530 1290 sed

1967 1330 2136 1384 simus
2177 1329 2459 1394 fructuosi,
2505 1344 2739 1398 veroque
2791 1329 3038 1399 agricola:
3069 1328 3360 1395 specimina
3404 1343 3535 1397 ope-

1968 1435 2085 1473 rum
2117 1436 2484 1476 asservemus.
2515 1421 2592 1474 Tu
2624 1436 2754 1475 vero
2793 1421 2944 1475 Sicut
2972 1421 3106 1474 oliva
3145 1420 3418 1489 fructifera
3459 1419 3533 1473 sis

1967 1509 2020 1560 in
2047 1510 2200 1562 domo
2224 1508 2322 1562 Dei
2345 1510 2412 1572 ⁷⁸,
2435 1525 2533 1564 nec
2559 1525 2790 1577 unquam
2816 1524 2909 1577 spe
2931 1509 3240 1574 denuderis,
3271 1509 3363 1563 sed
3387 1522 3534 1562 sem-

1966 1616 2062 1669 per
2105 1602 2156 1654 in
2199 1603 2368 1669 teipso
2401 1602 2600 1656 habeas
2645 1600 2886 1654 ﬂoridam
2945 1600 3169 1654 salutem
3210 1614 3306 1668 per
3346 1599 3529 1654 ﬁdem.

1967 1690 2056 1744 Sic
2086 1692 2230 1743 enim
2263 1692 2420 1757 hujus
2454 1690 2649 1758 planta:
2691 1701 3000 1760 perpetuam
3035 1691 3342 1745 imitaturus
3369 1705 3427 1745 es
3453 1689 3534 1743 vi-

1967 1784 2274 1849 riditatem;
2331 1799 2393 1837 ac
2458 1782 2572 1852 ejus
2627 1783 3012 1837 fecunditatem
3081 1783 3441 1845 azmulabere,
3486 1781 3532 1835 si

1973 1876 2303 1927 uberrimam
2333 1875 2477 1928 omni
2516 1883 2756 1942 tempore
2785 1875 3015 1944 largiare
3040 1876 3458 1945 eleemosynam.

295 1971 466 2044 μήσῃ,
505 1973 596 2026 καὶ
633 1974 694 2026 τὸ
738 1973 1084 2044 πολύκαρπον
1121 1972 1176 2024 δὲ
1216 1971 1378 2024 αὑτοῦ
1418 1971 1709 2042 ζηλώσεις,
1753 1971 1979 2038 ἄφθονον
2011 1970 2107 2037 τὴν
2132 1971 2498 2042 ἐλεημοσύνην
2529 1974 2587 2027 ἐν
2629 1971 2790 2025 παντὶ
2823 1970 2997 2042 καιρῴ
3037 1972 3423 2042 παρεχόμενος.

364 2067 418 2122 7.
463 2068 598 2121 Ἀλλ’
622 2069 998 2140 ἐπανέλθωμεν
1026 2068 1162 2138 πρὸς
1187 2067 1281 2138 τὴν
1309 2067 1534 2139 ἔρευναν
1558 2068 1664 2120 τῶν
1693 2083 1868 2135 τεχνι-
1900 2072 1942 2126 Β

293 2159 405 2214 κῶν
437 2160 752 2226 διατάξεων.
789 2162 936 2214 Πόσα
968 2161 1084 2214 τότε
1123 2161 1251 2232 γένη
1286 2159 1465 2230 φυτῶν
1497 2161 1859 2231 ἐπανέδραμε,

292 2252 363 2307 τὰ
408 2252 504 2321 μὲν
556 2252 826 2322 ἔγκαρπα,
872 2251 938 2304 τὰ
975 2251 1030 2304 δὲ
1077 2251 1333 2322 ἐρέψιμα,
1385 2251 1518 2304 ἄλλα
1561 2251 1695 2324 πρὸς
1740 2270 1866 2306 ναυ-

292 2342 497 2411 πηγίαν
531 2342 827 2412 ἐπιτήδεια,
881 2342 1014 2395 ἄλλα
1067 2341 1201 2412 πρὸς
1250 2341 1470 2396 καῦσινί
1526 2342 1613 2393 Ἕν
1655 2341 1864 2402 τούτοις

294 2432 455 2488 πάλιν
526 2434 742 2505 ποικίλη
811 2434 906 2504 μὲν
960 2435 1017 2486 ἐν
1084 2434 1296 2506 ἐκάστῳ
1370 2433 1568 2506 δένδρῳ
1657 2434 1690 2503 ὴ
1757 2433 1863 2485 τῶν

295 2524 476 2595 μερῶν
543 2525 704 2578 αὑτοῦ
762 2526 1137 2595 διακόσμησις,
1195 2526 1511 2594 δυσέφικτος
1561 2525 1616 2579 δὲ
1681 2527 1774 2583 καὶ
1829 2530 1862 2598 ἠ

292 2614 568 2685 ἑξεύρεσις
608 2617 706 2686 τῆς
747 2619 975 2671 ἑκάστου
1019 2619 1296 2689 ἰδιότητος,
1323 2619 1415 2671 καὶ
1457 2619 1490 2689 ἠ
1532 2618 1733 2692 θεωρία
1762 2619 1862 2688 τῆς

293 2707 428 2779 πρὸς
473 2709 700 2761 ἕκαστον
745 2710 852 2761 τῶν
905 2709 1229 2780 ἑτερογενῶν
1283 2710 1561 2781 διαφορᾶς.
1620 2711 1742 2773 Πῶς
1794 2713 1862 2765 τά

295 2800 394 2869 μὲν
421 2801 596 2853 αὐτῶν
631 2800 949 2870 βαθύρῤιζα,
981 2801 1048 2852 τὰ
1080 2802 1133 2852 δὲ
1165 2803 1466 2872 ἀκρόρριξα
1491 2819 1504 2833 ⁶
1542 2805 1634 2857 καὶ
1664 2804 1730 2856 τά
1763 2803 1861 2873 μὲν

291 2889 531 2960 ὀρθοφυῆ
591 2893 683 2946 καὶ
742 2892 1127 2963 μονοστέλεχα,
1183 2892 1250 2945 τὰ
1293 2893 1349 2945 δὲ
1401 2893 1714 2964 χαμαίζηλα
1769 2895 1861 2947 καὶ

291 2981 452 3045 εὐθὺς
491 2982 597 3035 ἀπὸ
635 2983 732 3054 τῆς
773 2982 926 3056 ῥίζης
965 2986 1044 3048 είς
1083 2982 1278 3048 πολλὰς
1317 2984 1571 3054 ἐκφύσεις
1601 2987 1861 3059 διῃρημέ-

291 3093 377 3130 να.
447 3075 569 3139 Πῶς
613 3077 751 3128 ὅσων
806 3077 904 3147 μὲν
932 3077 1042 3147 (59)
1078 3079 1128 3130 oi
1177 3077 1359 3132 κλάδοι
1407 3081 1711 3150 προμήκεις
1768 3080 1861 3133 ἐπὶ

293 3169 427 3221 πολὺ
473 3168 564 3222 τοῦ
601 3169 760 3240 ἀέρος
799 3171 1181 3241 ἐκτεταμένοι,
1227 3171 1431 3224 τούτων
1469 3173 1560 3224 καὶ
1611 3173 1666 3224 αἱ
1718 3172 1861 3243 ῥίζαι

293 3263 526 3333 βαθεῖαι,
574 3265 665 3316 ἐπὶ
708 3264 953 3318 πλεῖστον
995 3266 1052 3317 ἐν
1100 3262 1284 3333 κύκλῳ
1316 3263 1722 3333 διανεμόμεναι,
1751 3259 1861 3317 οἷον

290 3353 572 3421 θεμελίους
601 3355 750 3417 τινας
781 3353 1170 3424 ἁναλογούντας
1205 3353 1281 3425 τῷ
1313 3354 1469 3424 βάρει
1512 3355 1618 3407 τῶν
1658 3357 1859 3409 ἄνωθεν

291 3444 635 3517 ὑποτιθείσης
646 3448 739 3517 τῆς
755 3447 984 3516 ιρύσεως.
1000 3449 1166 3500 Πόσαι
1183 3447 1289 3500 τῶν
1303 3447 1495 3516 φλοιῶν
1508 3449 1562 3499 αί
1579 3446 1824 3519 διαφοραί
1843 3451 1854 3502 !

291 3537 371 3588 Τὰ
408 3538 503 3606 μὲν
531 3537 636 3606 γὰρ
671 3537 942 3605 λειόφλοια
966 3539 1072 3591 τῶν
1109 3539 1309 3607 φυτῶν,
1355 3540 1420 3592 τὰ
1460 3539 1514 3592 δὲ
1545 3537 1855 3610 ρηξίφλοια·

290 3629 384 3684 καὶ
419 3627 487 3679 τά
523 3628 619 3696 μὲν
648 3630 914 3696 μονόλοπα
949 3630 1146 3690 αὐτῶν,
1168 3629 1236 3683 τὰ
1264 3631 1317 3683 δὲ
1349 3631 1676 3704 πολύπτυχα.
1714 3633 1778 3684 Ὀ
1801 3631 1858 3684 δὲ

291 3719 624 3788 θαυμαστὸν,
669 3719 749 3772 ὅτι
795 3723 886 3775 καὶ
934 3722 1032 3793 τῆς
1081 3723 1424 3794 ἀνθρωπίνης
1475 3725 1721 3795 νεότητος
1765 3727 1858 3778 καὶ

290 3808 385 3864 τοῦ
410 3811 594 3882 γήρως
623 3812 802 3885 εὕροις
827 3815 891 3871 ἂν
924 3818 1013 3869 καὶ
1042 3819 1097 3870 ἐν
1142 3821 1252 3881 τοῖς
1289 3819 1469 3887 φυτοῖς
1505 3818 1859 3889 παραπλήσια

289 3903 358 3956 τὰ
393 3903 790 3974 συμπτώματα.
841 3908 963 3970 Τοῖς
1012 3908 1108 3978 μὲν
1140 3909 1246 3983 γάρ
1280 3909 1419 3974 νέοις
1452 3911 1544 3963 καὶ
1576 3909 1858 3964 εύθαλέσιν

287 3996 532 4064 deleto;
563 3997 908 4067 περιτέταται
933 3999 1074 4065 (60)*
1117 4005 1226 4064 τοῖς
1269 4002 1322 4054 δὲ
1353 4005 1716 4072 γηράσκουσιν
1748 3999 1857 4056 οἷον

293 4086 584 4155 ρυσσούται
625 4091 716 4142 καὶ
765 4090 1168 4158 ἐκτραχύνεται.
1207 4096 1314 4146 Καὶ
1355 4095 1422 4146 τὰ
1482 4095 1580 4164 μὲν
1624 4096 1857 4148 κοπέντα

291 4175 672 4228 ἑπιὸλαστάνει
693 4197 704 4207 ο
737 4180 808 4237 τὰ
829 4180 882 4234 δὲ
912 4180 1056 4250 μένει
1086 4179 1354 4251 ἁδιάδοχα,
1385 4183 1571 4256 ὥσπερ
1601 4187 1720 4239 τινά
1760 4187 1856 4239 θά-

289 4287 448 4323 νατον
479 4269 578 4340 τὴν
609 4271 776 4340 τομὴν
808 4273 1184 4344 ὑπομείναντα.
1216 4271 1351 4343 Ἤδη
1378 4276 1432 4327 δέ
1453 4295 1597 4339 τινες
1622 4281 1856 4350 τετηρή-

292 4379 448 4416 κασιν
500 4363 894 4432 ἐκτεμνομένας
943 4366 974 4436 ἢ
1017 4365 1109 4420 καὶ
1143 4366 1526 4434 ἐπικαιομὲνας
1569 4368 1665 4432 τάς
1701 4371 1857 4433 πίτυς

291 4456 369 4518 είς
403 4456 693 4525 δρυμῶνας
736 4455 1108 4526 μεθίστασθαι.
1145 4459 1277 4513 Τινὰ
1317 4458 1372 4511 δὲ
1426 4460 1517 4512 καὶ
1544 4460 1641 4531 τὴν
1667 4463 1728 4514 ἐκ
1760 4463 1858 4530 φύ-

292 4562 432 4608 σεως
489 4552 684 4602 κακίαν
741 4549 1072 4618 ἐπιμελείαις
1128 4552 1386 4623 γεωργῶν
1445 4552 1857 4624 θεραπευόμενα

290 4639 534 4708 ἑγνωμεν
555 4657 567 4670 ·
605 4635 714 4694 οἷον
743 4643 837 4703 τὰς
868 4641 1044 4705 ὀξείας
1080 4643 1250 4712 ροιάς,
1282 4643 1372 4695 καὶ
1398 4642 1503 4695 τῶν
1536 4645 1856 4715 ἀμυγδαλῶν

2043 2064 2096 2117 7.
2165 2064 2357 2118 Verum
2411 2067 2476 2119 ad
2531 2067 2850 2120 artiﬁciosas
2908 2066 3272 2120 ordinationes
3313 2063 3531 2134 perqui-

1965 2155 2164 2209 rendas
2245 2156 2550 2210 redeamus.
2628 2155 2766 2222 Quot
2829 2166 2957 2211 tunc
3011 2157 3265 2210 arborum
3333 2168 3532 2224 genera

1964 2263 2260 2314 emersere,
2315 2248 2419 2302 alia
2474 2249 2685 2318 quidem
2728 2247 3025 2318 frugifera,
3080 2249 3185 2302 alia
3229 2261 3358 2300 vero
3406 2262 3536 2298 con-

1964 2340 2236 2394 struendis
2287 2341 2444 2394 tectis
2494 2340 2707 2403 idonea,
2741 2341 2853 2394 iure
2879 2340 2945 2394 ad
2991 2340 3335 2394 fabricandas
3370 2353 3535 2392 naves

1964 2438 2085 2496 apta
2116 2467 2130 2492 ,
2163 2427 2250 2482 illa
2287 2429 2352 2482 ad
2391 2431 2777 2484 cremationem
2824 2431 3122 2486 destinata!
3175 2428 3231 2484 In
3281 2430 3364 2483 his
3415 2445 3530 2483 rur-

1965 2532 2059 2572 sus
2097 2519 2242 2572 varia
2293 2527 2380 2574 est
2422 2521 2654 2588 partium
2695 2523 3114 2592 uniuscujusque
3153 2521 3366 2574 arboris
3418 2520 3536 2574 dis-

1965 2610 2161 2678 positio
2214 2629 2227 2665 :
2281 2612 2612 2679 singularum
2664 2624 2843 2670 autem
2908 2617 3162 2669 arborum
3225 2613 3536 2683 proprietas

1963 2699 2049 2756 Vix
2100 2701 2402 2768 invenitur;
2439 2712 2494 2758 et
2532 2719 2715 2758 earum
2761 2721 2877 2775 qua!
2905 2706 3101 2759 diversi
3135 2706 3348 2775 generis
3379 2717 3529 2768 sunt,

1963 2789 2254 2845 discrimen
2298 2795 2383 2848 vix
2438 2795 2907 2851 animadvertitur.
2953 2797 3234 2859 Quomodo
3281 2798 3398 2851 alia:
3441 2815 3532 2850 ar-

1962 2881 2124 2937 bores
2174 2884 2226 2936 in
2277 2885 2596 2953 profundum
2656 2898 2813 2958 agant
2865 2892 3096 2956 radices,
3146 2893 3262 2945 alia:
3313 2893 3528 2945 easdem

1964 2974 2016 3029 in
2047 2977 2331 3046 superiicie
2364 2979 2624 3034 habeant:
2658 2982 2739 3035 hac
2787 2993 2946 3036 recta:
2978 2995 3284 3051 assurgant,
3315 2985 3530 3046 sintque

1965 3069 2289 3138 unistirpes,
2338 3071 2442 3125 illa:
2487 3071 2859 3140 deprimantur
2899 3072 3085 3137 humi,
3137 3081 3296 3142 atque
3342 3074 3526 3126 statim

1965 3175 1992 3213 a
2038 3163 2221 3216 radice
2268 3163 2321 3216 in
2360 3163 2540 3230 plures
2587 3166 2837 3220 caudices
2878 3165 3203 3220 dividantur.
3251 3165 3528 3233 Quomodo

1962 3265 2189 3318 quarum
2225 3253 2358 3304 rami
2390 3253 2585 3320 prolixi
2623 3263 2779 3318 sunt,
2826 3269 2888 3309 ac
2933 3257 2983 3307 in
3018 3271 3198 3309 aerem
3232 3255 3384 3309 valde
3426 3269 3524 3308 ex-

1964 3339 2343 3410 passi,harum
2394 3343 2557 3396 etiam
2595 3344 2872 3412 profunda:
2904 3345 3012 3398 sint
3060 3346 3289 3408 radices,
3334 3353 3389 3398 et
3439 3343 3518 3396 la-

1965 3433 2169 3488 tissime
2199 3433 2256 3487 in.
2284 3434 2469 3488 orbem
2514 3436 2814 3490 distributa:
2841 3453 2855 3489 :
2887 3436 3107 3503 perinde
3138 3437 3288 3504 quasi
3334 3437 3521 3491 funda-

1962 3534 2140 3576 menta
2177 3525 2420 3593 quaedam
2466 3527 2616 3580 oneri
2654 3527 3077 3596 impendentium
3122 3529 3526 3583 accommodata

1959 3615 2280 3684 subiecisset
2320 3628 2530 3672 natura.
2559 3620 2699 3684 Quot
2726 3619 2987 3673 corticum
3019 3629 3145 3674 sunt
3175 3619 3519 3673 discrimina!

1962 3705 2094 3763 Nam
2126 3707 2247 3762 aliis
2285 3709 2568 3763 arboribus
2607 3710 2762 3774 levis,
2807 3711 2927 3765 aliis
2965 3712 3155 3767 scaber
3185 3722 3266 3767 est
3298 3723 3521 3766 cortex:

1960 3798 2078 3853 alia:
2125 3799 2304 3866 unico,
2353 3800 2467 3854 alite
2513 3801 2790 3869 multiplici
2827 3813 3075 3871 teguntur
3105 3803 3326 3856 cortice.
3373 3801 3524 3868 Quod

1961 3906 2086 3945 vero
2124 3892 2424 3946 mirandum
2461 3904 2576 3956 est,
2619 3909 2681 3946 ea
2718 3908 2834 3962 quae
2887 3893 3080 3962 plantis
3132 3894 3415 3959 accidunt,
3461 3910 3523 3948 ea

1959 3986 2260 4054 comperias
2301 3985 2458 4040 modo
2503 3987 2643 4040 haud
2688 3987 2888 4056 dispari
2929 3987 3199 4056 iuventuti
3245 3986 3520 4039 hominum

1960 4111 2021 4150 ac
2055 4097 2316 4151 senectuti
2363 4097 2632 4151 accidere.
2682 4099 2964 4154 Enimvero
2997 4099 3222 4155 novellis
3249 4115 3313 4155 ac
3340 4099 3522 4171 vigen-

1962 4187 2100 4240 tibus
2155 4197 2346 4242 cortex
2402 4188 2604 4242 circum
2666 4191 3020 4247 extenditur:
3068 4194 3156 4246 ubi
3208 4194 3522 4259 senuerint,

1959 4281 2111 4348 quasi
2165 4295 2392 4351 rugosus
2436 4291 2490 4336 et
2523 4297 2680 4350 asper
2719 4285 2916 4340 evadit.
2968 4285 3032 4337 Et
3059 4284 3178 4338 alia:
3214 4287 3522 4355 germinant

1959 4367 2083 4424 licet
2107 4369 2288 4425 incisa:
2317 4389 2331 4425 :
2362 4372 2479 4425 alia:
2511 4384 2686 4429 autem
2719 4375 2851 4427 citra
2885 4378 3281 4430 successionem
3315 4387 3368 4432 et
3404 4393 3524 4447 pro-

1959 4461 2207 4531 paginem
2265 4475 2577 4531 remanent,
2622 4480 2883 4518 casuram
2919 4469 3142 4536 perinde
3193 4478 3251 4522 ut
3292 4479 3518 4526 mortem

1959 4553 2247 4620 quamdam
2297 4570 2582 4623 perpessae.
2625 4554 2740 4609 Jam
2787 4572 2914 4611 vero
2953 4560 3210 4625 succisae,
3242 4570 3335 4613 aut
3361 4563 3519 4616 etiam

1957 4644 2264 4698 combustas
2308 4647 2464 4713 pinus
2494 4647 2710 4715 quidam
2762 4649 3119 4704 observarunt
3165 4652 3216 4704 in
3268 4665 3519 4720 querceta

291 4732 390 4795 τὰς
423 4733 770 4803 πικροτέρας»
805 4734 927 4785 ὅταν
957 4733 1324 4804 διατρηθεῖσαι
1366 4735 1425 4786 τὸ
1472 4735 1607 4806 πρὸς
1635 4741 1698 4807 τῇ
1733 4738 1858 4811 ῥίζῃ
1890 4749 1935 4808 D
1965 4751 1974 4778 ‘

1834 4749 1935 4811 ηπ)
1965 4738 2118 4789 verti.
2164 4735 2332 4791 Porro
2373 4741 2640 4794 naturalia
2694 4743 3048 4809 quarumdam
3089 4745 3342 4796 arborum
3389 4743 3517 4796 vitia

294 4823 541 4894 στέλεχος
563 4826 739 4894 σφῆνα
775 4827 979 4895 πεύκης
1010 4824 1117 4893 (61)
1161 4827 1383 4898 λιπαρὸν
1419 4826 1517 4896 τῆς
1542 4830 1859 4902 ἐντεριώνης

294 4919 467 4988 μέσης
496 4915 805 4970 διελαθέντα
832 4917 1104 4981 δέξωνται,
1135 4921 1213 4981 είς
1238 4919 1561 4990 εὐχρηστίαν
1589 4923 1856 4991 μεταϐάλ-

291 5009 440 5060 λουσι
474 5007 592 5058 τότε
621 5007 712 5060 τοῦ
747 5007 918 5078 χυμοῦ
953 5007 1048 5076 τὴν
1079 5005 1411 5078 δυσχέρειαν.
1442 5009 1645 5079 Μηδεὶς
1676 5009 1765 5065 οὖν
1799 5014 1855 5065 ἐν

292 5101 458 5170 κακία
482 5099 700 5165 διάγων,
733 5100 920 5152 ἐαυτὸν
949 5103 1389 5166 ἀπογινωσκέτω,
1417 5103 1568 5167 εἰδὼς
1594 5107 1672 5158 ὅτι
1694 5124 1858 5177 γεωρ-

291 5192 382 5257 γία
404 5191 512 5258 (62)
534 5191 631 5260 μὲν
646 5191 742 5253 τὰς
766 5193 868 5244 τῶν
891 5192 1068 5260 φυτῶν
1088 5193 1371 5264 ποιότητας
1391 5198 1731 5265 μεταϐάλλει,
1749 5203 1780 5271 ἡ
1799 5202 1854 5254 δὲ

397 5352 444 5382 ’⁸
469 5348 610 5403 Psal.
640 5367 712 5413 LI,
744 5350 823 5404 i0.

498 5488 648 5570 (ξοην.
673 5497 940 5552 secundus
969 5498 1186 5554 ἔπαινον
1215 5499 1467 5570 θηράσαι.

365 5558 474 5640 (ξίν)
518 5560 589 5612 ita
639 5573 868 5640 quatuor
910 5584 1039 5625 mss.
1085 5574 1241 5625 Deest
1269 5558 1374 5640 ’μέν
1421 5558 1475 5630 in
1516 5576 1673 5631 editis
1707 5585 1761 5630 et
1801 5579 1852 5630 in

292 5627 443 5681 Coll).
459 5627 729 5686 secundo.

517 5704 588 5782 ita
611 5717 702 5756 sex
729 5721 854 5760 mss.
879 5705 1014 5782 Editi
1041 5712 1429 5780 παρατέταται,
1455 5733 1556 5770 non
1584 5719 1649 5769 ita
1687 5728 1850 5771 recte.

510 5773 699 5851 :0tur
847 5776 1051 5851 σμῆνα
1078 5771 1326 5849 πεύκης,
1353 5771 1458 5841 cli).
1499 5787 1647 5839 llnnc
1680 5787 1850 5842 locum

292 5841 630 5925 pauio‘aliter
653 5841 1369 5925 expritniiAtnbrosius'i'ib.
1407 5869 1462 5908 ιιι
1494 5856 1543 5908 iu
1575 5858 1850 5918 "amem,

293 5926 410 5980 cap.
447 5910 527 5979 13,
569 5910 850 5970 ιιυιιιζὸϐι
894 5923 1194 5989 .imygdaiis
1241 5942 1472 5996 quoque,
1519 5929 1718 5997 inquit,
1756 5910 1850 5981 huc

1965 4829 2322 4897 agricolarum
2355 4833 2632 4904 diligentia
2679 4836 2855 4889 curari
2906 4836 3186 4902 novimus;
3219 4835 3518 4905 cuiusmodi

1958 4930 2086 4974 sunt
2115 4923 2240 4977 mali
2276 4926 2483 4992 punicze
2525 4927 2712 4991 acidai,
2760 4938 2811 4981 et
2858 4929 3152 4998 amygdala:
3195 4934 3517 4994 amariores.

1956 5030 2096 5082 quae,
2142 5016 2227 5069 ubi
2291 5019 2568 5085 perforato
2613 5022 2678 5074 ad
2744 5021 2975 5075 radicem
3027 5033 3220 5078 trunco
3267 5026 3516 5095 pinguem

1957 5107 2121 5175 picea:
2181 5125 2408 5164 cuneum
2469 5127 2563 5180 per
2626 5113 2856 5167 mediam
2921 5116 3208 5170 medullam
3270 5117 3516 5172 adactum

1959 5203 2322 5271 susceperint,
2371 5214 2499 5261 tunc
2529 5208 2671 5262 succi
2703 5206 2809 5278 47
2835 5211 3191 5265 acerbitatem.
3228 5212 3280 5265 in
3321 5213 3519 5267 bonum

1963 5529 2144 5582 genere
2191 5515 2442 5567 medicari
2499 5516 2738 5583 feruntur
2785 5517 3063 5585 agricoltc,
3112 5525 3168 5568 ut
3215 5532 3278 5570 ea:
3323 5519 3518 5572 amaris

1954 5585 2129 5635 dulces
2161 5586 2287 5650 [iant
2315 5585 2540 5652 fructus,
2571 5595 2626 5637 nt
2662 5599 2707 5639 et
2740 5591 2989 5641 terebrent
3021 5587 3136 5655 ejus
3167 5589 3396 5641 radicem
3426 5606 3520 5640 ar-

1955 5655 2112 5714 boris,
2142 5665 2186 5725 e_t
2226 5656 2532 5725 inmedium
2574 5659 2803 5710 inserant
2838 5657 3105 5710 surculum
3141 5659 3252 5725 ejus
3289 5660 3513 5720 arboris,

1952 5739 2105 5798 quam
2136 5722 2303 5798 (ἲν-ατί
2333 5724 2559 5798 πεύκην,
2595 5745 2684 5779 nos
2722 5731 2920 5795 piceam
2951 5722 3216 5782 dicimus:
3246 5744 3344 5798 quo
3377 5730 3516 5798 [aeto

1952 5795 2091 5843 succi
2122 5795 2418 5847 amaritudo
2448 5799 2739 5858 deponitur.

2026 5862 2136 5934 (62)
2178 5861 2312 5933 Reg.
2345 5866 2582 5935 quintus,
2612 5870 2636 5920 ὁ
2663 5868 2923 5939 γεωργός,
2960 5876 3208 5938 agricota.
