  <div class='ocr_page' id='page_1' title='image "/cluster/home/n/w/nwhite01/storage/ocr_20150623/29/uva.x004321530/475.png"; bbox 0 0 4262 6494; ppageno 0'>
   <div class='ocr_carea' id='block_1_1' title="bbox 766 410 860 463">
    <p class='ocr_par' dir='ltr' id='par_1_1' title="bbox 766 410 860 463">
     <span class='ocr_line' id='line_1_1' title="bbox 766 410 860 463; baseline -0.011 0"><span class='ocrx_word' id='word_1_1' title='bbox 766 410 860 463; x_wconf 70' lang='lat' dir='ltr'><strong>{ll</strong></span> 
     </span>
    </p>
   </div>
   <div class='ocr_carea' id='block_1_2' title="bbox 2102 425 2701 486">
    <p class='ocr_par' dir='ltr' id='par_1_2' title="bbox 2102 425 2701 486">
     <span class='ocr_line' id='line_1_2' title="bbox 2102 425 2701 486; baseline 0.013 -8"><span class='ocrx_word' id='word_1_2' title='bbox 2102 425 2160 479; x_wconf 92' lang='lat' dir='ltr'><strong>S.</strong></span> <span class='ocrx_word' id='word_1_3' title='bbox 2202 425 2283 479; x_wconf 76' lang='lat' dir='ltr'><strong>BA</strong></span> <span class='ocrx_word' id='word_1_4' title='bbox 2296 429 2448 484; x_wconf 80' lang='lat' dir='ltr'><strong>SlLIl</strong></span> <span class='ocrx_word' id='word_1_5' title='bbox 2487 430 2701 486; x_wconf 78' lang='lat' dir='ltr'><strong>MAGNI</strong></span> 
     </span>
    </p>
   </div>
   <div class='ocr_carea' id='block_1_3' title="bbox 3904 442 4006 498">
    <p class='ocr_par' dir='ltr' id='par_1_3' title="bbox 3904 442 4006 498">
     <span class='ocr_line' id='line_1_3' title="bbox 3904 442 4006 498; baseline 0.02 -2"><span class='ocrx_word' id='word_1_6' title='bbox 3904 442 4006 498; x_wconf 73' lang='grc' dir='ltr'><strong>ΗΞ</strong></span> 
     </span>
    </p>
   </div>
   <div class='ocr_carea' id='block_1_4' title="bbox 759 526 2442 626">
    <p class='ocr_par' dir='ltr' id='par_1_4' title="bbox 759 526 2442 609">
     <span class='ocr_line' id='line_1_4' title="bbox 759 526 2442 609; baseline 0.014 -32"><span class='ocrx_word' id='word_1_7' title='bbox 759 537 918 577; x_wconf 84' lang='lat' dir='ltr'><strong>nsum</strong></span> <span class='ocrx_word' id='word_1_8' title='bbox 950 532 1330 579; x_wconf 86' lang='lat' dir='ltr'><strong>transmutaut.</strong></span> <span class='ocrx_word' id='word_1_9' title='bbox 1362 526 1533 583; x_wconf 84' lang='lat' dir='ltr'><strong>Nemo</strong></span> <span class='ocrx_word' id='word_1_10' title='bbox 1565 532 1728 601; x_wconf 77' lang='lat' dir='ltr'><strong>igitur</strong></span> <span class='ocrx_word' id='word_1_11' title='bbox 1754 534 1809 588; x_wconf 89' lang='lat' dir='ltr'><strong>in</strong></span> <span class='ocrx_word' id='word_1_12' title='bbox 1834 537 1967 592; x_wconf 91' lang='lat' dir='ltr'><strong>vitio</strong></span> <span class='ocrx_word' id='word_1_13' title='bbox 2002 539 2224 609; x_wconf 90' lang='lat' dir='ltr'><strong>degens,</strong></span> <span class='ocrx_word' id='word_1_14' title='bbox 2254 545 2321 599; x_wconf 88' lang='lat' dir='ltr'><strong>dc</strong></span> <span class='ocrx_word' id='word_1_15' title='bbox 2350 556 2397 609; x_wconf 76' lang='grc' dir='ltr'>Α</span> <span class='ocrx_word' id='word_1_16' title='bbox 2426 564 2442 598; x_wconf 70' lang='lat'><strong>2</strong></span> 
     </span>
    </p>
   </div>
   <div class='ocr_carea' id='block_1_5' title="bbox 2291 526 3974 626">
    <p class='ocr_par' dir='ltr' id='par_1_5' title="bbox 2291 548 3974 626">
     <span class='ocr_line' id='line_1_5' title="bbox 2291 548 3974 626; baseline 0.01 -28"><span class='ocrx_word' id='word_1_17' title='bbox 2291 560 2321 599; x_wconf 86' lang='lat' dir='ltr'><strong>e</strong></span> <span class='ocrx_word' id='word_1_18' title='bbox 2350 556 2397 609; x_wconf 75' lang='grc' dir='ltr'>Α</span> <span class='ocrx_word' id='word_1_19' title='bbox 2426 549 2543 599; x_wconf 77' lang='grc' dir='ltr'>κατ’</span> <span class='ocrx_word' id='word_1_20' title='bbox 2576 550 2775 619; x_wconf 80' lang='grc' dir='ltr'>ἀρετὴν</span> <span class='ocrx_word' id='word_1_21' title='bbox 2806 548 2904 619; x_wconf 85' lang='grc' dir='ltr'>τῆς</span> <span class='ocrx_word' id='word_1_22' title='bbox 2951 548 3130 620; x_wconf 72' lang='grc' dir='ltr'>ψυχῆς</span> <span class='ocrx_word' id='word_1_23' title='bbox 3158 550 3443 620; x_wconf 79' lang='grc' dir='ltr'>ἐπιμέλεια</span> <span class='ocrx_word' id='word_1_24' title='bbox 3483 553 3679 626; x_wconf 84' lang='grc' dir='ltr'>δυνατή</span> <span class='ocrx_word' id='word_1_25' title='bbox 3714 560 3833 610; x_wconf 75' lang='grc' dir='ltr'>ἐστι</span> <span class='ocrx_word' id='word_1_26' title='bbox 3866 578 3974 615; x_wconf 82' lang='grc' dir='ltr'><strong>παν</strong></span> 
     </span>
    </p>
   </div>
   <div class='ocr_carea' id='block_1_6' title="bbox 757 615 2320 704">
    <p class='ocr_par' dir='ltr' id='par_1_6' title="bbox 757 615 2320 704">
     <span class='ocr_line' id='line_1_6' title="bbox 757 615 2320 704; baseline 0.013 -33"><span class='ocrx_word' id='word_1_27' title='bbox 757 630 819 671; x_wconf 80' lang='lat' dir='ltr'><strong>se</strong></span> <span class='ocrx_word' id='word_1_28' title='bbox 854 615 970 685; x_wconf 82' lang='lat' dir='ltr'><strong>Ipse</strong></span> <span class='ocrx_word' id='word_1_29' title='bbox 1004 617 1251 687; x_wconf 85' lang='lat' dir='ltr'><strong>desperet</strong></span> <span class='ocrx_word' id='word_1_30' title='bbox 1281 635 1297 673; x_wconf 88' lang='lat'><strong>:</strong></span> <span class='ocrx_word' id='word_1_31' title='bbox 1329 622 1475 675; x_wconf 86' lang='lat' dir='ltr'><strong>haud</strong></span> <span class='ocrx_word' id='word_1_32' title='bbox 1526 627 1759 690; x_wconf 90' lang='lat' dir='ltr'><strong>nescius,</strong></span> <span class='ocrx_word' id='word_1_33' title='bbox 1797 629 2107 698; x_wconf 78' lang='lat' dir='ltr'><strong>plantarum</strong></span> <span class='ocrx_word' id='word_1_34' title='bbox 2141 637 2320 704; x_wconf 83' lang='lat' dir='ltr'><strong>quali-</strong></span> 
     </span>
    </p>
   </div>
   <div class='ocr_carea' id='block_1_7' title="bbox 754 710 2325 782">
    <p class='ocr_par' dir='ltr' id='par_1_7' title="bbox 754 710 2325 782">
     <span class='ocr_line' id='line_1_7' title="bbox 754 710 2325 782; baseline 0.015 -23"><span class='ocrx_word' id='word_1_35' title='bbox 754 712 895 761; x_wconf 87' lang='lat' dir='ltr'><strong>tates</strong></span> <span class='ocrx_word' id='word_1_36' title='bbox 934 718 993 762; x_wconf 95' lang='lat' dir='ltr'><strong>ut</strong></span> <span class='ocrx_word' id='word_1_37' title='bbox 1046 710 1376 778; x_wconf 75' lang='lat' dir='ltr'><strong>agricultura</strong></span> <span class='ocrx_word' id='word_1_38' title='bbox 1421 722 1742 771; x_wconf 88' lang='lat' dir='ltr'><strong>commutari</strong></span> <span class='ocrx_word' id='word_1_39' title='bbox 1788 740 1802 774; x_wconf 84' lang='lat'><strong>:</strong></span> <span class='ocrx_word' id='word_1_40' title='bbox 1851 723 1926 775; x_wconf 87' lang='lat' dir='ltr'><strong>ita</strong></span> <span class='ocrx_word' id='word_1_41' title='bbox 1979 726 2147 779; x_wconf 89' lang='lat' dir='ltr'><strong>animi</strong></span> <span class='ocrx_word' id='word_1_42' title='bbox 2198 728 2325 782; x_wconf 82' lang='lat' dir='ltr'><strong>dili—</strong></span> 
     </span>
    </p>
   </div>
   <div class='ocr_carea' id='block_1_8' title="bbox 752 800 2322 882">
    <p class='ocr_par' dir='ltr' id='par_1_8' title="bbox 752 800 2322 882">
     <span class='ocr_line' id='line_1_8' title="bbox 752 800 2322 882; baseline 0.013 -31"><span class='ocrx_word' id='word_1_43' title='bbox 752 800 959 869; x_wconf 86' lang='lat' dir='ltr'><strong>gentia,</strong></span> <span class='ocrx_word' id='word_1_44' title='bbox 995 816 1116 869; x_wconf 69' lang='lat' dir='ltr'><strong>qua:</strong></span> <span class='ocrx_word' id='word_1_45' title='bbox 1145 802 1196 855; x_wconf 92' lang='lat' dir='ltr'><strong>in</strong></span> <span class='ocrx_word' id='word_1_46' title='bbox 1227 809 1606 874; x_wconf 82' lang='lat' dir='ltr'><strong>consequenda</strong></span> <span class='ocrx_word' id='word_1_47' title='bbox 1646 811 1843 866; x_wconf 85' lang='lat' dir='ltr'><strong>virtute</strong></span> <span class='ocrx_word' id='word_1_48' title='bbox 1876 816 2182 870; x_wconf 87' lang='lat' dir='ltr'><strong>adhibenda</strong></span> <span class='ocrx_word' id='word_1_49' title='bbox 2219 827 2322 882; x_wconf 90' lang='lat' dir='ltr'><strong>est,</strong></span> 
     </span>
    </p>
   </div>
   <div class='ocr_carea' id='block_1_9' title="bbox 750 890 2327 971">
    <p class='ocr_par' dir='ltr' id='par_1_9' title="bbox 750 890 2327 971">
     <span class='ocr_line' id='line_1_9' title="bbox 750 890 2327 971; baseline 0.013 -27"><span class='ocrx_word' id='word_1_50' title='bbox 750 890 1100 949; x_wconf 84' lang='lat' dir='ltr'><strong>infirmitates</strong></span> <span class='ocrx_word' id='word_1_51' title='bbox 1126 911 1316 953; x_wconf 88' lang='lat' dir='ltr'><strong>omnes</strong></span> <span class='ocrx_word' id='word_1_52' title='bbox 1337 903 1581 969; x_wconf 88' lang='lat' dir='ltr'><strong>superari</strong></span> <span class='ocrx_word' id='word_1_53' title='bbox 1619 919 1795 971; x_wconf 88' lang='lat' dir='ltr'><strong>posse.</strong></span> <span class='ocrx_word' id='word_1_54' title='bbox 1818 906 1887 961; x_wconf 84' lang='lat' dir='ltr'><strong>At</strong></span> <span class='ocrx_word' id='word_1_55' title='bbox 1919 924 2047 963; x_wconf 82' lang='lat' dir='ltr'><strong>vero</strong></span> <span class='ocrx_word' id='word_1_56' title='bbox 2075 920 2219 964; x_wconf 83' lang='lat' dir='ltr'><strong>tanta</strong></span> <span class='ocrx_word' id='word_1_57' title='bbox 2245 922 2327 966; x_wconf 79' lang='lat' dir='ltr'><strong>est</strong></span> 
     </span>
    </p>
   </div>
   <div class='ocr_carea' id='block_1_10' title="bbox 750 979 2324 1056">
    <p class='ocr_par' dir='ltr' id='par_1_10' title="bbox 750 979 2324 1056">
     <span class='ocr_line' id='line_1_10' title="bbox 750 979 2324 1056; baseline 0.015 -23"><span class='ocrx_word' id='word_1_58' title='bbox 750 979 1431 1051; x_wconf 84' lang='lat' dir='ltr'><strong>frugiferarum&#39;arborum</strong></span> <span class='ocrx_word' id='word_1_59' title='bbox 1480 993 1535 1046; x_wconf 89' lang='lat' dir='ltr'><strong>in</strong></span> <span class='ocrx_word' id='word_1_60' title='bbox 1585 995 1808 1051; x_wconf 83' lang='lat' dir='ltr'><strong>edendis</strong></span> <span class='ocrx_word' id='word_1_61' title='bbox 1859 998 2125 1055; x_wconf 89' lang='lat' dir='ltr'><strong>fructibus</strong></span> <span class='ocrx_word' id='word_1_62' title='bbox 2169 1001 2324 1056; x_wconf 62' lang='grc' dir='ltr'>(ηπε-</span> 
     </span>
    </p>
   </div>
   <div class='ocr_carea' id='block_1_11' title="bbox 752 1077 2323 1159">
    <p class='ocr_par' dir='ltr' id='par_1_11' title="bbox 752 1077 2323 1159">
     <span class='ocr_line' id='line_1_11' title="bbox 752 1077 2323 1159; baseline 0.014 -32"><span class='ocrx_word' id='word_1_63' title='bbox 752 1077 949 1143; x_wconf 89' lang='lat' dir='ltr'><strong>rentia,</strong></span> <span class='ocrx_word' id='word_1_64' title='bbox 980 1089 1037 1132; x_wconf 93' lang='lat' dir='ltr'><strong>ut</strong></span> <span class='ocrx_word' id='word_1_65' title='bbox 1071 1096 1139 1135; x_wconf 89' lang='lat' dir='ltr'><strong>ne</strong></span> <span class='ocrx_word' id='word_1_66' title='bbox 1183 1083 1357 1150; x_wconf 89' lang='lat' dir='ltr'><strong>possit</strong></span> <span class='ocrx_word' id='word_1_67' title='bbox 1388 1085 1602 1153; x_wconf 85' lang='lat' dir='ltr'><strong>quidem</strong></span> <span class='ocrx_word' id='word_1_68' title='bbox 1650 1090 1937 1159; x_wconf 81' lang='lat' dir='ltr'><strong>quisquam</strong></span> <span class='ocrx_word' id='word_1_69' title='bbox 1979 1109 2096 1146; x_wconf 87' lang='lat' dir='ltr'><strong>eam</strong></span> <span class='ocrx_word' id='word_1_70' title='bbox 2142 1095 2323 1150; x_wconf 78' lang='lat' dir='ltr'><strong>verbis</strong></span> 
     </span>
    </p>
   </div>
   <div class='ocr_carea' id='block_1_12' title="bbox 751 1168 2323 1254">
    <p class='ocr_par' dir='ltr' id='par_1_12' title="bbox 751 1168 2323 1254">
     <span class='ocr_line' id='line_1_12' title="bbox 751 1168 2323 1254; baseline 0.011 -33"><span class='ocrx_word' id='word_1_71' title='bbox 751 1168 1045 1237; x_wconf 80' lang='lat' dir='ltr'><strong>explicare.</strong></span> <span class='ocrx_word' id='word_1_72' title='bbox 1102 1172 1219 1227; x_wconf 79' lang='lat' dir='ltr'><strong>Non</strong></span> <span class='ocrx_word' id='word_1_73' title='bbox 1266 1175 1413 1228; x_wconf 89' lang='lat' dir='ltr'><strong>enim</strong></span> <span class='ocrx_word' id='word_1_74' title='bbox 1457 1176 1630 1231; x_wconf 87' lang='lat' dir='ltr'><strong>solum</strong></span> <span class='ocrx_word' id='word_1_75' title='bbox 1679 1180 1732 1233; x_wconf 92' lang='lat' dir='ltr'><strong>in</strong></span> <span class='ocrx_word' id='word_1_76' title='bbox 1785 1182 2073 1238; x_wconf 85' lang='lat' dir='ltr'><strong>arboribus</strong></span> <span class='ocrx_word' id='word_1_77' title='bbox 2124 1199 2323 1254; x_wconf 90' lang='lat' dir='ltr'><strong>genere</strong></span> 
     </span>
    </p>
   </div>
   <div class='ocr_carea' id='block_1_13' title="bbox 749 1258 2319 1342">
    <p class='ocr_par' dir='ltr' id='par_1_13' title="bbox 749 1258 2319 1342">
     <span class='ocr_line' id='line_1_13' title="bbox 749 1258 2319 1342; baseline 0.012 -32"><span class='ocrx_word' id='word_1_78' title='bbox 749 1258 982 1314; x_wconf 77' lang='lat' dir='ltr'><strong>diversis</strong></span> <span class='ocrx_word' id='word_1_79' title='bbox 1014 1262 1301 1319; x_wconf 80' lang='lat' dir='ltr'><strong>diversitas</strong></span> <span class='ocrx_word' id='word_1_80' title='bbox 1331 1269 1602 1334; x_wconf 89' lang='lat' dir='ltr'><strong>reperitur</strong></span> <span class='ocrx_word' id='word_1_81' title='bbox 1643 1268 1914 1325; x_wconf 89' lang='lat' dir='ltr'><strong>fructuum</strong></span> <span class='ocrx_word' id='word_1_82' title='bbox 1943 1287 1958 1326; x_wconf 89' lang='lat'><strong>:</strong></span> <span class='ocrx_word' id='word_1_83' title='bbox 1995 1274 2087 1328; x_wconf 90' lang='lat' dir='ltr'><strong>sed</strong></span> <span class='ocrx_word' id='word_1_84' title='bbox 2119 1277 2171 1328; x_wconf 90' lang='lat' dir='ltr'><strong>in</strong></span> <span class='ocrx_word' id='word_1_85' title='bbox 2206 1275 2319 1342; x_wconf 89' lang='lat' dir='ltr'><strong>ipsa</strong></span> 
     </span>
    </p>
   </div>
   <div class='ocr_carea' id='block_1_14' title="bbox 750 1352 2317 1432">
    <p class='ocr_par' dir='ltr' id='par_1_14' title="bbox 750 1352 2317 1432">
     <span class='ocr_line' id='line_1_14' title="bbox 750 1352 2317 1432; baseline 0.011 -28"><span class='ocrx_word' id='word_1_86' title='bbox 750 1352 916 1405; x_wconf 88' lang='lat' dir='ltr'><strong>etiam</strong></span> <span class='ocrx_word' id='word_1_87' title='bbox 972 1355 1185 1409; x_wconf 89' lang='lat' dir='ltr'><strong>arboris</strong></span> <span class='ocrx_word' id='word_1_88' title='bbox 1252 1360 1431 1425; x_wconf 85' lang='lat' dir='ltr'><strong>specie</strong></span> <span class='ocrx_word' id='word_1_89' title='bbox 1498 1362 1727 1414; x_wconf 87' lang='lat' dir='ltr'><strong>multum</strong></span> <span class='ocrx_word' id='word_1_90' title='bbox 1805 1373 1889 1415; x_wconf 89' lang='lat' dir='ltr'><strong>est</strong></span> <span class='ocrx_word' id='word_1_91' title='bbox 1956 1366 2317 1432; x_wconf 85' lang='lat' dir='ltr'><strong>discriminis;</strong></span> 
     </span>
    </p>
   </div>
   <div class='ocr_carea' id='block_1_15' title="bbox 751 1445 2316 1520">
    <p class='ocr_par' dir='ltr' id='par_1_15' title="bbox 751 1445 2316 1520">
     <span class='ocr_line' id='line_1_15' title="bbox 751 1445 2316 1520; baseline 0.01 -24"><span class='ocrx_word' id='word_1_92' title='bbox 751 1445 1191 1514; x_wconf 80' lang='lat' dir='ltr'><strong>quandoquidem</strong></span> <span class='ocrx_word' id='word_1_93' title='bbox 1224 1451 1329 1502; x_wconf 88' lang='lat' dir='ltr'><strong>alia</strong></span> <span class='ocrx_word' id='word_1_94' title='bbox 1370 1452 1420 1503; x_wconf 92' lang='lat' dir='ltr'><strong>in</strong></span> <span class='ocrx_word' id='word_1_95' title='bbox 1455 1454 1712 1520; x_wconf 89' lang='lat' dir='ltr'><strong>marium,</strong></span> <span class='ocrx_word' id='word_1_96' title='bbox 1753 1454 1857 1508; x_wconf 89' lang='lat' dir='ltr'><strong>alia</strong></span> <span class='ocrx_word' id='word_1_97' title='bbox 1897 1455 1949 1509; x_wconf 90' lang='lat' dir='ltr'><strong>in</strong></span> <span class='ocrx_word' id='word_1_98' title='bbox 1995 1456 2316 1512; x_wconf 81' lang='lat' dir='ltr'><strong>feminarum</strong></span> 
     </span>
    </p>
   </div>
   <div class='ocr_carea' id='block_1_16' title="bbox 753 1534 2317 1622">
    <p class='ocr_par' dir='ltr' id='par_1_16' title="bbox 753 1534 2317 1622">
     <span class='ocr_line' id='line_1_16' title="bbox 753 1534 2317 1622; baseline 0.012 -34"><span class='ocrx_word' id='word_1_99' title='bbox 753 1534 932 1591; x_wconf 81' lang='lat' dir='ltr'><strong>fructu</strong></span> <span class='ocrx_word' id='word_1_100' title='bbox 975 1548 1102 1594; x_wconf 88' lang='lat' dir='ltr'><strong>nota</strong></span> <span class='ocrx_word' id='word_1_101' title='bbox 1131 1541 1384 1597; x_wconf 88' lang='lat' dir='ltr'><strong>distincta</strong></span> <span class='ocrx_word' id='word_1_102' title='bbox 1416 1555 1498 1598; x_wconf 87' lang='lat' dir='ltr'><strong>est</strong></span> <span class='ocrx_word' id='word_1_103' title='bbox 1530 1560 1559 1597; x_wconf 89' lang='lat' dir='ltr'><strong>a</strong></span> <span class='ocrx_word' id='word_1_104' title='bbox 1592 1548 1841 1615; x_wconf 88' lang='lat' dir='ltr'><strong>stirpium</strong></span> <span class='ocrx_word' id='word_1_105' title='bbox 1883 1550 2198 1611; x_wconf 83' lang='lat' dir='ltr'><strong>cultoribus.</strong></span> <span class='ocrx_word' id='word_1_106' title='bbox 2227 1553 2317 1622; x_wconf 87' lang='lat' dir='ltr'><strong>qui</strong></span> 
     </span>
    </p>
   </div>
   <div class='ocr_carea' id='block_1_17' title="bbox 749 1627 2313 1701">
    <p class='ocr_par' dir='ltr' id='par_1_17' title="bbox 749 1627 2313 1701">
     <span class='ocr_line' id='line_1_17' title="bbox 749 1627 2313 1701; baseline 0.012 -23"><span class='ocrx_word' id='word_1_107' title='bbox 749 1627 961 1684; x_wconf 73' lang='lat' dir='ltr'><strong>scilicet</strong></span> <span class='ocrx_word' id='word_1_108' title='bbox 982 1632 1193 1701; x_wconf 82' lang='lat' dir='ltr'><strong>palmas</strong></span> <span class='ocrx_word' id='word_1_109' title='bbox 1220 1636 1384 1687; x_wconf 89' lang='lat' dir='ltr'><strong>etiam</strong></span> <span class='ocrx_word' id='word_1_110' title='bbox 1417 1636 1469 1689; x_wconf 93' lang='lat' dir='ltr'><strong>in</strong></span> <span class='ocrx_word' id='word_1_111' title='bbox 1501 1653 1677 1693; x_wconf 87' lang='lat' dir='ltr'><strong>mares</strong></span> <span class='ocrx_word' id='word_1_112' title='bbox 1698 1654 1762 1694; x_wconf 87' lang='lat' dir='ltr'><strong>ac</strong></span> <span class='ocrx_word' id='word_1_113' title='bbox 1794 1638 2027 1696; x_wconf 83' lang='lat' dir='ltr'><strong>feminas</strong></span> <span class='ocrx_word' id='word_1_114' title='bbox 2054 1643 2313 1699; x_wconf 84' lang='lat' dir='ltr'><strong>dividant.</strong></span> 
     </span>
    </p>
   </div>
   <div class='ocr_carea' id='block_1_18' title="bbox 746 1720 2315 1801">
    <p class='ocr_par' dir='ltr' id='par_1_18' title="bbox 746 1720 2315 1801">
     <span class='ocr_line' id='line_1_18' title="bbox 746 1720 2315 1801; baseline 0.011 -30"><span class='ocrx_word' id='word_1_115' title='bbox 746 1720 925 1789; x_wconf 82' lang='lat' dir='ltr'><strong>Atque</strong></span> <span class='ocrx_word' id='word_1_116' title='bbox 972 1722 1262 1791; x_wconf 87' lang='lat' dir='ltr'><strong>aliquando</strong></span> <span class='ocrx_word' id='word_1_117' title='bbox 1288 1726 1469 1781; x_wconf 78' lang='lat' dir='ltr'><strong>videns</strong></span> <span class='ocrx_word' id='word_1_118' title='bbox 1515 1743 1631 1782; x_wconf 89' lang='lat' dir='ltr'><strong>eam</strong></span> <span class='ocrx_word' id='word_1_119' title='bbox 1679 1745 1799 1798; x_wconf 75' lang='lat' dir='ltr'><strong>qua:</strong></span> <span class='ocrx_word' id='word_1_120' title='bbox 1827 1733 1894 1784; x_wconf 87' lang='lat' dir='ltr'><strong>ab</strong></span> <span class='ocrx_word' id='word_1_121' title='bbox 1944 1734 2074 1801; x_wconf 78' lang='lat' dir='ltr'><strong>ipsis</strong></span> <span class='ocrx_word' id='word_1_122' title='bbox 2117 1733 2315 1789; x_wconf 81' lang='lat' dir='ltr'><strong>femina</strong></span> 
     </span>
    </p>
   </div>
   <div class='ocr_carea' id='block_1_19' title="bbox 748 1816 2314 1885">
    <p class='ocr_par' dir='ltr' id='par_1_19' title="bbox 748 1816 2314 1885">
     <span class='ocr_line' id='line_1_19' title="bbox 748 1816 2314 1885; baseline 0.01 -22"><span class='ocrx_word' id='word_1_123' title='bbox 748 1824 1117 1881; x_wconf 85' lang='lat' dir='ltr'><strong>nuncupatur,</strong></span> <span class='ocrx_word' id='word_1_124' title='bbox 1174 1816 1545 1873; x_wconf 88' lang='lat' dir='ltr'><strong>demittentem</strong></span> <span class='ocrx_word' id='word_1_125' title='bbox 1606 1835 1821 1885; x_wconf 91' lang='lat' dir='ltr'><strong>ramos,</strong></span> <span class='ocrx_word' id='word_1_126' title='bbox 1877 1821 2023 1875; x_wconf 87' lang='lat' dir='ltr'><strong>velut</strong></span> <span class='ocrx_word' id='word_1_127' title='bbox 2090 1823 2314 1879; x_wconf 82' lang='lat' dir='ltr'><strong>libidine</strong></span> 
     </span>
    </p>
   </div>
   <div class='ocr_carea' id='block_1_20' title="bbox 744 1898 2388 1987">
    <p class='ocr_par' dir='ltr' id='par_1_20' title="bbox 744 1898 2388 1987">
     <span class='ocr_line' id='line_1_20' title="bbox 744 1898 2388 1987; baseline 0.009 -30"><span class='ocrx_word' id='word_1_128' title='bbox 744 1902 1095 1968; x_wconf 86' lang='lat' dir='ltr'><strong>concitatam,</strong></span> <span class='ocrx_word' id='word_1_129' title='bbox 1122 1906 1402 1987; x_wconf 75' lang='lat' dir='ltr'><strong>marisque</strong></span> <span class='ocrx_word' id='word_1_130' title='bbox 1449 1908 1754 1977; x_wconf 79' lang='lat' dir='ltr'><strong>amplexum</strong></span> <span class='ocrx_word' id='word_1_131' title='bbox 1808 1923 2170 1981; x_wconf 80' lang='lat' dir='ltr'><strong>appetentem.</strong></span> <span class='ocrx_word' id='word_1_132' title='bbox 2220 1916 2312 1973; x_wconf 71' lang='lat' dir='ltr'><strong>\Zi-</strong></span> <span class='ocrx_word' id='word_1_133' title='bbox 2344 1898 2388 1951; x_wconf 76' lang='grc' dir='ltr'><strong>Β</strong></span> 
     </span>
    </p>
   </div>
   <div class='ocr_carea' id='block_1_21' title="bbox 745 1991 2319 2074">
    <p class='ocr_par' dir='ltr' id='par_1_21' title="bbox 745 1991 2319 2074">
     <span class='ocr_line' id='line_1_21' title="bbox 745 1991 2319 2074; baseline 0.01 -30"><span class='ocrx_word' id='word_1_134' title='bbox 745 1992 875 2046; x_wconf 90' lang='lat' dir='ltr'><strong>deas</strong></span> <span class='ocrx_word' id='word_1_135' title='bbox 920 1991 1103 2048; x_wconf 90' lang='lat' dir='ltr'><strong>itidem</strong></span> <span class='ocrx_word' id='word_1_136' title='bbox 1134 1995 1392 2051; x_wconf 88' lang='lat' dir='ltr'><strong>harumce</strong></span> <span class='ocrx_word' id='word_1_137' title='bbox 1421 1996 1672 2053; x_wconf 88' lang='lat' dir='ltr'><strong>arborum</strong></span> <span class='ocrx_word' id='word_1_138' title='bbox 1702 2001 1938 2057; x_wconf 84' lang='lat' dir='ltr'><strong>cultores</strong></span> <span class='ocrx_word' id='word_1_139' title='bbox 1982 2004 2128 2058; x_wconf 86' lang='lat' dir='ltr'><strong>velut</strong></span> <span class='ocrx_word' id='word_1_140' title='bbox 2172 2021 2319 2074; x_wconf 78' lang='lat' dir='ltr'><strong>quar-</strong></span> 
     </span>
    </p>
   </div>
   <div class='ocr_carea' id='block_1_22' title="bbox 748 2085 2316 2163">
    <p class='ocr_par' dir='ltr' id='par_1_22' title="bbox 748 2085 2316 2163">
     <span class='ocr_line' id='line_1_22' title="bbox 748 2085 2316 2163; baseline 0.007 -26"><span class='ocrx_word' id='word_1_141' title='bbox 748 2085 871 2139; x_wconf 91' lang='lat' dir='ltr'><strong>dam</strong></span> <span class='ocrx_word' id='word_1_142' title='bbox 929 2087 1289 2142; x_wconf 87' lang='lat' dir='ltr'><strong>mascularum</strong></span> <span class='ocrx_word' id='word_1_143' title='bbox 1359 2090 1568 2146; x_wconf 84' lang='lat' dir='ltr'><strong>semina</strong></span> <span class='ocrx_word' id='word_1_144' title='bbox 1625 2109 1745 2163; x_wconf 68' lang='lat' dir='ltr'><strong>quae</strong></span> <span class='ocrx_word' id='word_1_145' title='bbox 1802 2111 1983 2162; x_wconf 65' lang='lat' dir='ltr'><strong>pune:</strong></span> <span class='ocrx_word' id='word_1_146' title='bbox 2030 2108 2316 2163; x_wconf 76' lang='lat' dir='ltr'><strong>vocantur,</strong></span> 
     </span>
    </p>
   </div>
   <div class='ocr_carea' id='block_1_23' title="bbox 748 2174 2315 2251">
    <p class='ocr_par' dir='ltr' id='par_1_23' title="bbox 748 2174 2315 2251">
     <span class='ocr_line' id='line_1_23' title="bbox 748 2174 2315 2251; baseline 0.006 -22"><span class='ocrx_word' id='word_1_147' title='bbox 748 2175 917 2231; x_wconf 83' lang='lat' dir='ltr'><strong>ramis</strong></span> <span class='ocrx_word' id='word_1_148' title='bbox 944 2174 1062 2243; x_wconf 87' lang='lat' dir='ltr'><strong>ejus</strong></span> <span class='ocrx_word' id='word_1_149' title='bbox 1110 2178 1428 2245; x_wconf 86' lang='lat' dir='ltr'><strong>immittere;</strong></span> <span class='ocrx_word' id='word_1_150' title='bbox 1463 2180 1648 2250; x_wconf 88' lang='lat' dir='ltr'><strong>sicque</strong></span> <span class='ocrx_word' id='word_1_151' title='bbox 1678 2182 1850 2250; x_wconf 86' lang='lat' dir='ltr'><strong>ipsam</strong></span> <span class='ocrx_word' id='word_1_152' title='bbox 1895 2185 2047 2251; x_wconf 88' lang='lat' dir='ltr'><strong>quasi</strong></span> <span class='ocrx_word' id='word_1_153' title='bbox 2084 2186 2135 2237; x_wconf 92' lang='lat' dir='ltr'><strong>in</strong></span> <span class='ocrx_word' id='word_1_154' title='bbox 2183 2186 2315 2238; x_wconf 83' lang='lat' dir='ltr'><strong>frui-</strong></span> 
     </span>
    </p>
   </div>
   <div class='ocr_carea' id='block_1_24' title="bbox 751 2268 2317 2348">
    <p class='ocr_par' dir='ltr' id='par_1_24' title="bbox 751 2268 2317 2348">
     <span class='ocr_line' id='line_1_24' title="bbox 751 2268 2317 2348; baseline 0.01 -29"><span class='ocrx_word' id='word_1_155' title='bbox 751 2268 919 2321; x_wconf 87' lang='lat' dir='ltr'><strong>tionis</strong></span> <span class='ocrx_word' id='word_1_156' title='bbox 948 2281 1111 2323; x_wconf 90' lang='lat' dir='ltr'><strong>sensu</strong></span> <span class='ocrx_word' id='word_1_157' title='bbox 1150 2272 1527 2338; x_wconf 84' lang='lat' dir='ltr'><strong>conStitutam,</strong></span> <span class='ocrx_word' id='word_1_158' title='bbox 1555 2276 1751 2329; x_wconf 89' lang='lat' dir='ltr'><strong>iterum</strong></span> <span class='ocrx_word' id='word_1_159' title='bbox 1798 2290 1976 2330; x_wconf 84' lang='lat' dir='ltr'><strong>ramos</strong></span> <span class='ocrx_word' id='word_1_160' title='bbox 2003 2277 2232 2348; x_wconf 78' lang='lat' dir='ltr'><strong>erigere,</strong></span> <span class='ocrx_word' id='word_1_161' title='bbox 2264 2289 2317 2334; x_wconf 90' lang='lat' dir='ltr'><strong>et</strong></span> 
     </span>
    </p>
   </div>
   <div class='ocr_carea' id='block_1_25' title="bbox 748 2359 2309 2437">
    <p class='ocr_par' dir='ltr' id='par_1_25' title="bbox 748 2359 2309 2437">
     <span class='ocr_line' id='line_1_25' title="bbox 748 2359 2309 2437; baseline 0.008 -25"><span class='ocrx_word' id='word_1_162' title='bbox 748 2359 909 2429; x_wconf 87' lang='lat' dir='ltr'><strong>hujus</strong></span> <span class='ocrx_word' id='word_1_163' title='bbox 939 2362 1152 2417; x_wconf 89' lang='lat' dir='ltr'><strong>arboris</strong></span> <span class='ocrx_word' id='word_1_164' title='bbox 1181 2379 1389 2418; x_wconf 85' lang='lat' dir='ltr'><strong>comam</strong></span> <span class='ocrx_word' id='word_1_165' title='bbox 1433 2366 1497 2421; x_wconf 91' lang='lat' dir='ltr'><strong>ad</strong></span> <span class='ocrx_word' id='word_1_166' title='bbox 1551 2367 1821 2437; x_wconf 88' lang='lat' dir='ltr'><strong>propriam</strong></span> <span class='ocrx_word' id='word_1_167' title='bbox 1854 2367 2081 2423; x_wconf 88' lang='lat' dir='ltr'><strong>formam</strong></span> <span class='ocrx_word' id='word_1_168' title='bbox 2112 2374 2309 2427; x_wconf 89' lang='lat' dir='ltr'><strong>redire.</strong></span> 
     </span>
    </p>
   </div>
   <div class='ocr_carea' id='block_1_26' title="bbox 747 2451 2314 2524">
    <p class='ocr_par' dir='ltr' id='par_1_26' title="bbox 747 2451 2314 2524">
     <span class='ocr_line' id='line_1_26' title="bbox 747 2451 2314 2524; baseline 0.01 -20"><span class='ocrx_word' id='word_1_169' title='bbox 747 2451 917 2507; x_wconf 81' lang='lat' dir='ltr'><strong>Porro</strong></span> <span class='ocrx_word' id='word_1_170' title='bbox 959 2454 1191 2524; x_wconf 86' lang='lat' dir='ltr'><strong>idipsum</strong></span> <span class='ocrx_word' id='word_1_171' title='bbox 1244 2458 1406 2512; x_wconf 89' lang='lat' dir='ltr'><strong>etiam</strong></span> <span class='ocrx_word' id='word_1_172' title='bbox 1456 2468 1687 2514; x_wconf 87' lang='lat' dir='ltr'><strong>narrant</strong></span> <span class='ocrx_word' id='word_1_173' title='bbox 1731 2460 1797 2514; x_wconf 92' lang='lat' dir='ltr'><strong>de</strong></span> <span class='ocrx_word' id='word_1_174' title='bbox 1845 2459 1982 2516; x_wconf 89' lang='lat' dir='ltr'><strong>ﬁcis.</strong></span> <span class='ocrx_word' id='word_1_175' title='bbox 2019 2461 2171 2517; x_wconf 90' lang='lat' dir='ltr'><strong>Unde</strong></span> <span class='ocrx_word' id='word_1_176' title='bbox 2223 2466 2314 2519; x_wconf 90' lang='lat' dir='ltr'><strong>ani</strong></span> 
     </span>
    </p>
   </div>
   <div class='ocr_carea' id='block_1_27' title="bbox 746 2544 2313 2617">
    <p class='ocr_par' dir='ltr' id='par_1_27' title="bbox 746 2544 2313 2617">
     <span class='ocr_line' id='line_1_27' title="bbox 746 2544 2313 2617; baseline 0.009 -21"><span class='ocrx_word' id='word_1_177' title='bbox 746 2544 960 2611; x_wconf 85' lang='lat' dir='ltr'><strong>quidem</strong></span> <span class='ocrx_word' id='word_1_178' title='bbox 1006 2546 1139 2601; x_wconf 87' lang='lat' dir='ltr'><strong>ﬁcos</strong></span> <span class='ocrx_word' id='word_1_179' title='bbox 1172 2547 1446 2603; x_wconf 79' lang='lat' dir='ltr'><strong>silvestres</strong></span> <span class='ocrx_word' id='word_1_180' title='bbox 1476 2550 1628 2617; x_wconf 80' lang='lat' dir='ltr'><strong>juxta</strong></span> <span class='ocrx_word' id='word_1_181' title='bbox 1665 2553 1951 2607; x_wconf 86' lang='lat' dir='ltr'><strong>hortenses</strong></span> <span class='ocrx_word' id='word_1_182' title='bbox 1978 2565 2270 2609; x_wconf 91' lang='lat' dir='ltr'><strong>conserunt</strong></span> <span class='ocrx_word' id='word_1_183' title='bbox 2299 2575 2313 2611; x_wconf 86' lang='lat'><strong>:</strong></span> 
     </span>
    </p>
   </div>
   <div class='ocr_carea' id='block_1_28' title="bbox 745 2636 2317 2711">
    <p class='ocr_par' dir='ltr' id='par_1_28' title="bbox 745 2636 2317 2711">
     <span class='ocr_line' id='line_1_28' title="bbox 745 2636 2317 2711; baseline 0.01 -23"><span class='ocrx_word' id='word_1_184' title='bbox 745 2636 834 2690; x_wconf 88' lang='lat' dir='ltr'><strong>alii</strong></span> <span class='ocrx_word' id='word_1_185' title='bbox 867 2653 997 2692; x_wconf 87' lang='lat' dir='ltr'><strong>vero</strong></span> <span class='ocrx_word' id='word_1_186' title='bbox 1024 2653 1243 2706; x_wconf 88' lang='lat' dir='ltr'><strong>grossos</strong></span> <span class='ocrx_word' id='word_1_187' title='bbox 1283 2642 1525 2711; x_wconf 88' lang='lat' dir='ltr'><strong>capriﬁci</strong></span> <span class='ocrx_word' id='word_1_188' title='bbox 1571 2642 1869 2700; x_wconf 77' lang='lat' dir='ltr'><strong>fructuosis</strong></span> <span class='ocrx_word' id='word_1_189' title='bbox 1911 2660 1975 2700; x_wconf 91' lang='lat' dir='ltr'><strong>ac</strong></span> <span class='ocrx_word' id='word_1_190' title='bbox 2007 2647 2317 2703; x_wconf 84' lang='lat' dir='ltr'><strong>domesticis</strong></span> 
     </span>
    </p>
   </div>
   <div class='ocr_carea' id='block_1_29' title="bbox 748 2726 2317 2809">
    <p class='ocr_par' dir='ltr' id='par_1_29' title="bbox 748 2726 2317 2809">
     <span class='ocr_line' id='line_1_29' title="bbox 748 2726 2317 2809; baseline 0.01 -31"><span class='ocrx_word' id='word_1_191' title='bbox 748 2726 866 2782; x_wconf 81' lang='lat' dir='ltr'><strong>ficis</strong></span> <span class='ocrx_word' id='word_1_192' title='bbox 906 2726 1208 2797; x_wconf 82' lang='lat' dir='ltr'><strong>alligantes,</strong></span> <span class='ocrx_word' id='word_1_193' title='bbox 1240 2731 1477 2799; x_wconf 88' lang='lat' dir='ltr'><strong>ipsarum</strong></span> <span class='ocrx_word' id='word_1_194' title='bbox 1514 2734 1792 2790; x_wconf 88' lang='lat' dir='ltr'><strong>medentur</strong></span> <span class='ocrx_word' id='word_1_195' title='bbox 1826 2737 2151 2803; x_wconf 87' lang='lat' dir='ltr'><strong>inﬁrmitati,</strong></span> <span class='ocrx_word' id='word_1_196' title='bbox 2180 2739 2317 2809; x_wconf 85' lang='lat' dir='ltr'><strong>jam-</strong></span> 
     </span>
    </p>
   </div>
   <div class='ocr_carea' id='block_1_30' title="bbox 742 2819 2316 2901">
    <p class='ocr_par' dir='ltr' id='par_1_30' title="bbox 742 2819 2316 2901">
     <span class='ocr_line' id='line_1_30' title="bbox 742 2819 2316 2901; baseline 0.011 -31"><span class='ocrx_word' id='word_1_197' title='bbox 742 2832 850 2887; x_wconf 88' lang='lat' dir='ltr'><strong>que</strong></span> <span class='ocrx_word' id='word_1_198' title='bbox 884 2819 1210 2876; x_wconf 85' lang='lat' dir='ltr'><strong>diﬁluentem</strong></span> <span class='ocrx_word' id='word_1_199' title='bbox 1256 2839 1320 2878; x_wconf 92' lang='lat' dir='ltr'><strong>ac</strong></span> <span class='ocrx_word' id='word_1_200' title='bbox 1368 2836 1782 2883; x_wconf 87' lang='lat' dir='ltr'><strong>evanescentem</strong></span> <span class='ocrx_word' id='word_1_201' title='bbox 1825 2828 2059 2884; x_wconf 88' lang='lat' dir='ltr'><strong>fructum</strong></span> <span class='ocrx_word' id='word_1_202' title='bbox 2111 2834 2316 2901; x_wconf 88' lang='lat' dir='ltr'><strong>grossis</strong></span> 
     </span>
    </p>
   </div>
   <div class='ocr_carea' id='block_1_31' title="bbox 741 2909 2316 2983">
    <p class='ocr_par' dir='ltr' id='par_1_31' title="bbox 741 2909 2316 2983">
     <span class='ocr_line' id='line_1_31' title="bbox 741 2909 2316 2983; baseline 0.01 -21"><span class='ocrx_word' id='word_1_203' title='bbox 741 2909 982 2980; x_wconf 87' lang='lat' dir='ltr'><strong>capriﬁci</strong></span> <span class='ocrx_word' id='word_1_204' title='bbox 1044 2915 1340 2970; x_wconf 86' lang='lat' dir='ltr'><strong>continent.</strong></span> <span class='ocrx_word' id='word_1_205' title='bbox 1402 2916 1540 2983; x_wconf 83' lang='lat' dir='ltr'><strong>Quid</strong></span> <span class='ocrx_word' id='word_1_206' title='bbox 1597 2920 1710 2974; x_wconf 85' lang='lat' dir='ltr'><strong>vult</strong></span> <span class='ocrx_word' id='word_1_207' title='bbox 1762 2922 1864 2975; x_wconf 83' lang='lat' dir='ltr'><strong>sibi</strong></span> <span class='ocrx_word' id='word_1_208' title='bbox 1923 2922 2053 2976; x_wconf 90' lang='lat' dir='ltr'><strong>illud</strong></span> <span class='ocrx_word' id='word_1_209' title='bbox 2111 2935 2316 2978; x_wconf 58' lang='lat' dir='ltr'><strong>natura</strong></span> 
     </span>
    </p>
   </div>
   <div class='ocr_carea' id='block_1_32' title="bbox 735 3004 2313 3081">
    <p class='ocr_par' dir='ltr' id='par_1_32' title="bbox 735 3004 2313 3081">
     <span class='ocr_line' id='line_1_32' title="bbox 735 3004 2313 3081; baseline 0.008 -24"><span class='ocrx_word' id='word_1_210' title='bbox 735 3004 1083 3074; x_wconf 73' lang='lat' dir='ltr'><strong>exemplum!</strong></span> <span class='ocrx_word' id='word_1_211' title='bbox 1132 3007 1283 3073; x_wconf 92' lang='lat' dir='ltr'><strong>Quod</strong></span> <span class='ocrx_word' id='word_1_212' title='bbox 1327 3025 1425 3064; x_wconf 90' lang='lat' dir='ltr'><strong>nos</strong></span> <span class='ocrx_word' id='word_1_213' title='bbox 1460 3011 1539 3065; x_wconf 87' lang='lat' dir='ltr'><strong>vel</strong></span> <span class='ocrx_word' id='word_1_214' title='bbox 1570 3013 1638 3066; x_wconf 89' lang='lat' dir='ltr'><strong>ab</strong></span> <span class='ocrx_word' id='word_1_215' title='bbox 1678 3013 1744 3066; x_wconf 90' lang='lat' dir='ltr'><strong>iis</strong></span> <span class='ocrx_word' id='word_1_216' title='bbox 1792 3014 1945 3081; x_wconf 88' lang='lat' dir='ltr'><strong>quia</strong></span> <span class='ocrx_word' id='word_1_217' title='bbox 1998 3015 2100 3068; x_wconf 87' lang='lat' dir='ltr'><strong>ﬁde</strong></span> <span class='ocrx_word' id='word_1_218' title='bbox 2154 3015 2313 3069; x_wconf 85' lang='lat' dir='ltr'><strong>alieni</strong></span> 
     </span>
    </p>
   </div>
   <div class='ocr_carea' id='block_1_33' title="bbox 740 3098 2313 3175">
    <p class='ocr_par' dir='ltr' id='par_1_33' title="bbox 740 3098 2313 3175">
     <span class='ocr_line' id='line_1_33' title="bbox 740 3098 2313 3175; baseline 0.006 -23"><span class='ocrx_word' id='word_1_219' title='bbox 740 3105 903 3161; x_wconf 85' lang='lat' dir='ltr'><strong>sunt,</strong></span> <span class='ocrx_word' id='word_1_220' title='bbox 955 3098 1215 3168; x_wconf 90' lang='lat' dir='ltr'><strong>impetum</strong></span> <span class='ocrx_word' id='word_1_221' title='bbox 1264 3102 1554 3169; x_wconf 83' lang='lat' dir='ltr'><strong>quemdam</strong></span> <span class='ocrx_word' id='word_1_222' title='bbox 1587 3118 1649 3159; x_wconf 90' lang='lat' dir='ltr'><strong>ac</strong></span> <span class='ocrx_word' id='word_1_223' title='bbox 1689 3106 1929 3175; x_wconf 82' lang='lat' dir='ltr'><strong>vigorem</strong></span> <span class='ocrx_word' id='word_1_224' title='bbox 1970 3108 2037 3159; x_wconf 87' lang='lat' dir='ltr'><strong>ad</strong></span> <span class='ocrx_word' id='word_1_225' title='bbox 2081 3107 2313 3161; x_wconf 87' lang='lat' dir='ltr'><strong>dandum</strong></span> 
     </span>
    </p>
   </div>
   <div class='ocr_carea' id='block_1_34' title="bbox 743 3188 2313 3268">
    <p class='ocr_par' dir='ltr' id='par_1_34' title="bbox 743 3188 2313 3268">
     <span class='ocr_line' id='line_1_34' title="bbox 743 3188 2313 3268; baseline 0.008 -27"><span class='ocrx_word' id='word_1_226' title='bbox 743 3188 1009 3242; x_wconf 86' lang='lat' dir='ltr'><strong>bonorum</strong></span> <span class='ocrx_word' id='word_1_227' title='bbox 1056 3204 1279 3257; x_wconf 90' lang='lat' dir='ltr'><strong>operum</strong></span> <span class='ocrx_word' id='word_1_228' title='bbox 1341 3196 1612 3262; x_wconf 87' lang='lat' dir='ltr'><strong>specimen</strong></span> <span class='ocrx_word' id='word_1_229' title='bbox 1678 3211 1821 3266; x_wconf 67' lang='lat' dir='ltr'><strong>saepe</strong></span> <span class='ocrx_word' id='word_1_230' title='bbox 1870 3200 2117 3268; x_wconf 90' lang='lat' dir='ltr'><strong>accipere</strong></span> <span class='ocrx_word' id='word_1_231' title='bbox 2149 3200 2313 3254; x_wconf 89' lang='lat' dir='ltr'><strong>debe-</strong></span> 
     </span>
    </p>
   </div>
   <div class='ocr_carea' id='block_1_35' title="bbox 744 3278 2312 3356">
    <p class='ocr_par' dir='ltr' id='par_1_35' title="bbox 744 3278 2312 3356">
     <span class='ocr_line' id='line_1_35' title="bbox 744 3278 2312 3356; baseline 0.011 -27"><span class='ocrx_word' id='word_1_232' title='bbox 744 3292 884 3331; x_wconf 79' lang='lat' dir='ltr'><strong>mus.</strong></span> <span class='ocrx_word' id='word_1_233' title='bbox 912 3278 1125 3334; x_wconf 82' lang='lat' dir='ltr'><strong>Etenim</strong></span> <span class='ocrx_word' id='word_1_234' title='bbox 1177 3285 1220 3335; x_wconf 93' lang='lat' dir='ltr'><strong>si</strong></span> <span class='ocrx_word' id='word_1_235' title='bbox 1263 3284 1462 3339; x_wconf 91' lang='lat' dir='ltr'><strong>videris</strong></span> <span class='ocrx_word' id='word_1_236' title='bbox 1497 3301 1642 3352; x_wconf 90' lang='lat' dir='ltr'><strong>eum,</strong></span> <span class='ocrx_word' id='word_1_237' title='bbox 1673 3290 1761 3356; x_wconf 90' lang='lat' dir='ltr'><strong>qui</strong></span> <span class='ocrx_word' id='word_1_238' title='bbox 1806 3302 1896 3342; x_wconf 88' lang='lat' dir='ltr'><strong>aut</strong></span> <span class='ocrx_word' id='word_1_239' title='bbox 1929 3292 2091 3345; x_wconf 84' lang='lat' dir='ltr'><strong>vitam</strong></span> <span class='ocrx_word' id='word_1_240' title='bbox 2139 3294 2312 3347; x_wconf 86' lang='lat' dir='ltr'><strong>ethni-</strong></span> 
     </span>
    </p>
   </div>
   <div class='ocr_carea' id='block_1_36' title="bbox 741 3361 2308 3447">
    <p class='ocr_par' dir='ltr' id='par_1_36' title="bbox 741 3361 2308 3447">
     <span class='ocr_line' id='line_1_36' title="bbox 741 3361 2308 3447; baseline 0.008 -23"><span class='ocrx_word' id='word_1_241' title='bbox 741 3384 861 3424; x_wconf 90' lang='lat' dir='ltr'><strong>cam</strong></span> <span class='ocrx_word' id='word_1_242' title='bbox 897 3361 1031 3439; x_wconf 85' lang='lat' dir='ltr'><strong>agit,</strong></span> <span class='ocrx_word' id='word_1_243' title='bbox 1060 3382 1155 3428; x_wconf 91' lang='lat' dir='ltr'><strong>aut</strong></span> <span class='ocrx_word' id='word_1_244' title='bbox 1182 3375 1250 3429; x_wconf 90' lang='lat' dir='ltr'><strong>ob</strong></span> <span class='ocrx_word' id='word_1_245' title='bbox 1289 3390 1601 3444; x_wconf 86' lang='lat' dir='ltr'><strong>perversam</strong></span> <span class='ocrx_word' id='word_1_246' title='bbox 1638 3382 1929 3447; x_wconf 81' lang='lat' dir='ltr'><strong>quamdam</strong></span> <span class='ocrx_word' id='word_1_247' title='bbox 1960 3382 2210 3436; x_wconf 59' lang='lat' dir='ltr'><strong>haeresim</strong></span> <span class='ocrx_word' id='word_1_248' title='bbox 2240 3384 2308 3437; x_wconf 90' lang='lat' dir='ltr'><strong>ab</strong></span> 
     </span>
    </p>
   </div>
   <div class='ocr_carea' id='block_1_37' title="bbox 740 3462 2307 3541">
    <p class='ocr_par' dir='ltr' id='par_1_37' title="bbox 740 3462 2307 3541">
     <span class='ocr_line' id='line_1_37' title="bbox 740 3462 2307 3541; baseline 0.008 -25"><span class='ocrx_word' id='word_1_249' title='bbox 740 3462 979 3519; x_wconf 82' lang='lat' dir='ltr'><strong>Ecclesia</strong></span> <span class='ocrx_word' id='word_1_250' title='bbox 1017 3466 1288 3523; x_wconf 88' lang='lat' dir='ltr'><strong>abscissus</strong></span> <span class='ocrx_word' id='word_1_251' title='bbox 1328 3479 1431 3533; x_wconf 87' lang='lat' dir='ltr'><strong>est,</strong></span> <span class='ocrx_word' id='word_1_252' title='bbox 1474 3472 1656 3539; x_wconf 75' lang='lat' dir='ltr'><strong>proba:</strong></span> <span class='ocrx_word' id='word_1_253' title='bbox 1692 3487 1756 3525; x_wconf 91' lang='lat' dir='ltr'><strong>ac</strong></span> <span class='ocrx_word' id='word_1_254' title='bbox 1804 3474 2132 3528; x_wconf 89' lang='lat' dir='ltr'><strong>continentis</strong></span> <span class='ocrx_word' id='word_1_255' title='bbox 2167 3475 2307 3541; x_wconf 66' lang='lat' dir='ltr'><strong>vitm,</strong></span> 
     </span>
    </p>
   </div>
   <div class='ocr_carea' id='block_1_38' title="bbox 736 3554 2308 3631">
    <p class='ocr_par' dir='ltr' id='par_1_38' title="bbox 736 3554 2308 3631">
     <span class='ocr_line' id='line_1_38' title="bbox 736 3554 2308 3631; baseline 0.009 -24"><span class='ocrx_word' id='word_1_256' title='bbox 736 3562 796 3607; x_wconf 86' lang='lat' dir='ltr'><strong>et</strong></span> <span class='ocrx_word' id='word_1_257' title='bbox 822 3554 1045 3625; x_wconf 58' lang='lat' dir='ltr'><strong>reliquae</strong></span> <span class='ocrx_word' id='word_1_258' title='bbox 1072 3560 1294 3614; x_wconf 86' lang='lat' dir='ltr'><strong>moralis</strong></span> <span class='ocrx_word' id='word_1_259' title='bbox 1325 3560 1625 3630; x_wconf 68' lang='lat' dir='ltr'><strong>disciplina:</strong></span> <span class='ocrx_word' id='word_1_260' title='bbox 1652 3565 1953 3620; x_wconf 86' lang='lat' dir='ltr'><strong>studiosum</strong></span> <span class='ocrx_word' id='word_1_261' title='bbox 1988 3580 2133 3631; x_wconf 90' lang='lat' dir='ltr'><strong>esse;</strong></span> <span class='ocrx_word' id='word_1_262' title='bbox 2165 3576 2308 3621; x_wconf 87' lang='lat' dir='ltr'><strong>tuam</strong></span> 
     </span>
    </p>
   </div>
   <div class='ocr_carea' id='block_1_39' title="bbox 740 3649 2307 3716">
    <p class='ocr_par' dir='ltr' id='par_1_39' title="bbox 740 3649 2307 3716">
     <span class='ocr_line' id='line_1_39' title="bbox 740 3649 2307 3716; baseline 0.011 -18"><span class='ocrx_word' id='word_1_263' title='bbox 740 3649 911 3716; x_wconf 83' lang='lat' dir='ltr'><strong>magis</strong></span> <span class='ocrx_word' id='word_1_264' title='bbox 964 3649 1179 3705; x_wconf 89' lang='lat' dir='ltr'><strong>intende</strong></span> <span class='ocrx_word' id='word_1_265' title='bbox 1233 3654 1603 3715; x_wconf 87' lang='lat' dir='ltr'><strong>sedulitatem,</strong></span> <span class='ocrx_word' id='word_1_266' title='bbox 1649 3666 1707 3709; x_wconf 93' lang='lat' dir='ltr'><strong>ut</strong></span> <span class='ocrx_word' id='word_1_267' title='bbox 1768 3656 2058 3715; x_wconf 65' lang='lat' dir='ltr'><strong>fructifera:</strong></span> <span class='ocrx_word' id='word_1_268' title='bbox 2103 3660 2205 3715; x_wconf 89' lang='lat' dir='ltr'><strong>fico</strong></span> <span class='ocrx_word' id='word_1_269' title='bbox 2243 3678 2307 3715; x_wconf 81' lang='lat' dir='ltr'><strong>ex</strong></span> 
     </span>
    </p>
   </div>
   <div class='ocr_carea' id='block_1_40' title="bbox 2430 639 4003 725">
    <p class='ocr_par' dir='ltr' id='par_1_40' title="bbox 2430 639 4003 725">
     <span class='ocr_line' id='line_1_40' title="bbox 2430 639 4003 725; baseline 0.01 -34"><span class='ocrx_word' id='word_1_270' title='bbox 2430 639 2677 693; x_wconf 88' lang='grc' dir='ltr'>τοδαπῶν</span> <span class='ocrx_word' id='word_1_271' title='bbox 2726 641 3173 713; x_wconf 71' lang='grc' dir='ltr'>ἀρρωστημάτων</span> <span class='ocrx_word' id='word_1_272' title='bbox 3223 644 3609 716; x_wconf 82' lang='grc' dir='ltr'>ἐπικρατῆσαι.</span> <span class='ocrx_word' id='word_1_273' title='bbox 3671 649 3733 701; x_wconf 83' lang='grc' dir='ltr'><em>Ἡ</em></span> <span class='ocrx_word' id='word_1_274' title='bbox 3778 650 3836 703; x_wconf 90' lang='grc' dir='ltr'><strong>δέ</strong></span> <span class='ocrx_word' id='word_1_275' title='bbox 3876 656 4003 725; x_wconf 80' lang='grc' dir='ltr'>περὶ</span> 
     </span>
    </p>
   </div>
   <div class='ocr_carea' id='block_1_41' title="bbox 2426 729 4004 807">
    <p class='ocr_par' dir='ltr' id='par_1_41' title="bbox 2426 729 4004 807">
     <span class='ocr_line' id='line_1_41' title="bbox 2426 729 4004 807; baseline 0.01 -27"><span class='ocrx_word' id='word_1_276' title='bbox 2426 729 2526 791; x_wconf 76' lang='grc' dir='ltr'>τὰς</span> <span class='ocrx_word' id='word_1_277' title='bbox 2554 730 2923 801; x_wconf 82' lang='grc' dir='ltr'><strong>καρπογονίας</strong></span> <span class='ocrx_word' id='word_1_278' title='bbox 2956 730 3189 805; x_wconf 77' lang='grc' dir='ltr'>διαφορὰ</span> <span class='ocrx_word' id='word_1_279' title='bbox 3216 732 3327 786; x_wconf 90' lang='grc' dir='ltr'><strong>τῶν</strong></span> <span class='ocrx_word' id='word_1_280' title='bbox 3362 736 3655 807; x_wconf 81' lang='grc' dir='ltr'><strong>καρπίμων</strong></span> <span class='ocrx_word' id='word_1_281' title='bbox 3678 740 3861 807; x_wconf 78' lang='grc' dir='ltr'>φυτῶν</span> <span class='ocrx_word' id='word_1_282' title='bbox 3885 759 4004 794; x_wconf 89' lang='grc' dir='ltr'>τοσ-</span> 
     </span>
    </p>
   </div>
   <div class='ocr_carea' id='block_1_42' title="bbox 2425 821 4000 907">
    <p class='ocr_par' dir='ltr' id='par_1_42' title="bbox 2425 821 4000 907">
     <span class='ocr_line' id='line_1_42' title="bbox 2425 821 4000 907; baseline 0.011 -36"><span class='ocrx_word' id='word_1_283' title='bbox 2425 821 2588 891; x_wconf 85' lang='grc' dir='ltr'>αύτη,</span> <span class='ocrx_word' id='word_1_284' title='bbox 2622 823 2755 893; x_wconf 83' lang='grc' dir='ltr'><strong>ὅσην</strong></span> <span class='ocrx_word' id='word_1_285' title='bbox 2786 823 2896 876; x_wconf 85' lang='grc' dir='ltr'>οὐδ’</span> <span class='ocrx_word' id='word_1_286' title='bbox 2942 823 3008 877; x_wconf 83' lang='grc' dir='ltr'><strong>ἀν</strong></span> <span class='ocrx_word' id='word_1_287' title='bbox 3038 825 3284 893; x_wconf 83' lang='grc' dir='ltr'>ἐπελθεῖν</span> <span class='ocrx_word' id='word_1_288' title='bbox 3322 844 3407 890; x_wconf 86' lang='grc' dir='ltr'><strong>τις</strong></span> <span class='ocrx_word' id='word_1_289' title='bbox 3439 828 3690 901; x_wconf 82' lang='grc' dir='ltr'><strong>δυνηθείη</strong></span> <span class='ocrx_word' id='word_1_290' title='bbox 3733 832 3809 903; x_wconf 84' lang='grc' dir='ltr'>τῷ</span> <span class='ocrx_word' id='word_1_291' title='bbox 3839 834 4000 907; x_wconf 81' lang='grc' dir='ltr'>λόγῳ.</span> 
     </span>
    </p>
   </div>
   <div class='ocr_carea' id='block_1_43' title="bbox 2425 914 4004 997">
    <p class='ocr_par' dir='ltr' id='par_1_43' title="bbox 2425 914 4004 997">
     <span class='ocr_line' id='line_1_43' title="bbox 2425 914 4004 997; baseline 0.01 -30"><span class='ocrx_word' id='word_1_292' title='bbox 2425 914 2497 967; x_wconf 90' lang='grc' dir='ltr'>Ού</span> <span class='ocrx_word' id='word_1_293' title='bbox 2525 916 2633 987; x_wconf 78' lang='grc' dir='ltr'><strong>γὰρ</strong></span> <span class='ocrx_word' id='word_1_294' title='bbox 2671 916 2831 987; x_wconf 83' lang='grc' dir='ltr'>μόνον</span> <span class='ocrx_word' id='word_1_295' title='bbox 2875 918 2934 970; x_wconf 88' lang='grc' dir='ltr'><strong>ἐν</strong></span> <span class='ocrx_word' id='word_1_296' title='bbox 2980 921 3090 981; x_wconf 87' lang='grc' dir='ltr'>τοῖς</span> <span class='ocrx_word' id='word_1_297' title='bbox 3118 920 3489 990; x_wconf 78' lang='grc' dir='ltr'><strong>ἑτερογενέσιν</strong></span> <span class='ocrx_word' id='word_1_298' title='bbox 3517 924 3575 974; x_wconf 88' lang='grc' dir='ltr'><strong>αί</strong></span> <span class='ocrx_word' id='word_1_299' title='bbox 3617 923 3873 997; x_wconf 72' lang='grc' dir='ltr'>διαφοραὶ</span> <span class='ocrx_word' id='word_1_300' title='bbox 3898 928 4004 983; x_wconf 87' lang='grc' dir='ltr'><strong>τῶν</strong></span> 
     </span>
    </p>
   </div>
   <div class='ocr_carea' id='block_1_44' title="bbox 2425 1006 4002 1085">
    <p class='ocr_par' dir='ltr' id='par_1_44' title="bbox 2425 1006 4002 1085">
     <span class='ocr_line' id='line_1_44' title="bbox 2425 1006 4002 1085; baseline 0.009 -27"><span class='ocrx_word' id='word_1_301' title='bbox 2425 1007 2671 1076; x_wconf 80' lang='grc' dir='ltr'>καρπῶν,</span> <span class='ocrx_word' id='word_1_302' title='bbox 2721 1006 2837 1061; x_wconf 83' lang='grc' dir='ltr'>ἀλλ’</span> <span class='ocrx_word' id='word_1_303' title='bbox 2881 1008 2980 1080; x_wconf 75' lang='grc' dir='ltr'><strong>ἤδη</strong></span> <span class='ocrx_word' id='word_1_304' title='bbox 3033 1009 3128 1062; x_wconf 73' lang='grc' dir='ltr'>καὶ</span> <span class='ocrx_word' id='word_1_305' title='bbox 3169 1012 3225 1063; x_wconf 86' lang='grc' dir='ltr'><strong>ἐν</strong></span> <span class='ocrx_word' id='word_1_306' title='bbox 3273 1010 3422 1083; x_wconf 82' lang='grc' dir='ltr'>αύτῷ</span> <span class='ocrx_word' id='word_1_307' title='bbox 3466 1012 3546 1084; x_wconf 83' lang='grc' dir='ltr'>τῷ</span> <span class='ocrx_word' id='word_1_308' title='bbox 3589 1015 3856 1085; x_wconf 75' lang='grc' dir='ltr'>είδει(65)</span> <span class='ocrx_word' id='word_1_309' title='bbox 3910 1020 4002 1072; x_wconf 82' lang='grc' dir='ltr'>τοῦ</span> 
     </span>
    </p>
   </div>
   <div class='ocr_carea' id='block_1_45' title="bbox 2423 1096 4002 1182">
    <p class='ocr_par' dir='ltr' id='par_1_45' title="bbox 2423 1096 4002 1182">
     <span class='ocr_line' id='line_1_45' title="bbox 2423 1096 4002 1182; baseline 0.01 -33"><span class='ocrx_word' id='word_1_310' title='bbox 2423 1096 2635 1166; x_wconf 84' lang='grc' dir='ltr'>δένδρου</span> <span class='ocrx_word' id='word_1_311' title='bbox 2663 1100 2798 1153; x_wconf 84' lang='grc' dir='ltr'>πολὺ</span> <span class='ocrx_word' id='word_1_312' title='bbox 2832 1101 2892 1153; x_wconf 82' lang='grc' dir='ltr'>τὸ</span> <span class='ocrx_word' id='word_1_313' title='bbox 2918 1101 3170 1172; x_wconf 81' lang='grc' dir='ltr'>διάφορον</span> <span class='ocrx_word' id='word_1_314' title='bbox 3190 1119 3204 1132; x_wconf 72' lang='grc'><strong>⁸</strong></span> <span class='ocrx_word' id='word_1_315' title='bbox 3235 1104 3432 1172; x_wconf 85' lang='grc' dir='ltr'>ὃπουγε</span> <span class='ocrx_word' id='word_1_316' title='bbox 3458 1107 3553 1159; x_wconf 74' lang='grc' dir='ltr'><strong>καὶ</strong></span> <span class='ocrx_word' id='word_1_317' title='bbox 3578 1107 3687 1178; x_wconf 73' lang='grc'><strong>(64)</strong></span> <span class='ocrx_word' id='word_1_318' title='bbox 3716 1108 3875 1174; x_wconf 77' lang='grc' dir='ltr'>ἄλλος</span> <span class='ocrx_word' id='word_1_319' title='bbox 3904 1121 4002 1182; x_wconf 67' lang='grc' dir='ltr'>μὲν</span> 
     </span>
    </p>
   </div>
   <div class='ocr_carea' id='block_1_46' title="bbox 2424 1190 4001 1267">
    <p class='ocr_par' dir='ltr' id='par_1_46' title="bbox 2424 1190 4001 1267">
     <span class='ocr_line' id='line_1_46' title="bbox 2424 1190 4001 1267; baseline 0.011 -29"><span class='ocrx_word' id='word_1_320' title='bbox 2424 1190 2707 1262; x_wconf 83' lang='grc' dir='ltr'>χαρακτὴρ</span> <span class='ocrx_word' id='word_1_321' title='bbox 2738 1191 2831 1245; x_wconf 75' lang='grc' dir='ltr'>τοῦ</span> <span class='ocrx_word' id='word_1_322' title='bbox 2884 1192 3099 1263; x_wconf 83' lang='grc' dir='ltr'>καρποῦ</span> <span class='ocrx_word' id='word_1_323' title='bbox 3145 1193 3254 1247; x_wconf 88' lang='grc' dir='ltr'><strong>τῶν</strong></span> <span class='ocrx_word' id='word_1_324' title='bbox 3301 1196 3563 1267; x_wconf 74' lang='grc' dir='ltr'>ἀρρένων,</span> <span class='ocrx_word' id='word_1_325' title='bbox 3605 1198 3763 1264; x_wconf 83' lang='grc' dir='ltr'>ἀλλος</span> <span class='ocrx_word' id='word_1_326' title='bbox 3804 1201 3863 1254; x_wconf 71' lang='grc' dir='ltr'>δὲ</span> <span class='ocrx_word' id='word_1_327' title='bbox 3893 1202 4001 1255; x_wconf 83' lang='grc' dir='ltr'><strong>τῶν</strong></span> 
     </span>
    </p>
   </div>
   <div class='ocr_carea' id='block_1_47' title="bbox 2425 1278 4001 1362">
    <p class='ocr_par' dir='ltr' id='par_1_47' title="bbox 2425 1278 4001 1362">
     <span class='ocr_line' id='line_1_47' title="bbox 2425 1278 4001 1362; baseline 0.01 -31"><span class='ocrx_word' id='word_1_328' title='bbox 2425 1278 2674 1349; x_wconf 87' lang='grc' dir='ltr'>θηλειῶν,</span> <span class='ocrx_word' id='word_1_329' title='bbox 2730 1285 2880 1355; x_wconf 87' lang='grc' dir='ltr'><strong>παρά</strong></span> <span class='ocrx_word' id='word_1_330' title='bbox 2921 1282 3031 1337; x_wconf 91' lang='grc' dir='ltr'><strong>τῶν</strong></span> <span class='ocrx_word' id='word_1_331' title='bbox 3076 1288 3393 1359; x_wconf 80' lang='grc' dir='ltr'>φυτουργῶν</span> <span class='ocrx_word' id='word_1_332' title='bbox 3432 1288 3793 1362; x_wconf 80' lang='grc' dir='ltr'><strong>διακέκριται,</strong></span> <span class='ocrx_word' id='word_1_333' title='bbox 3842 1294 3897 1345; x_wconf 83' lang='grc' dir='ltr'>οἵ</span> <span class='ocrx_word' id='word_1_334' title='bbox 3937 1311 4001 1362; x_wconf 81' lang='grc' dir='ltr'><strong>γε</strong></span> 
     </span>
    </p>
   </div>
   <div class='ocr_carea' id='block_1_48' title="bbox 2422 1371 3997 1452">
    <p class='ocr_par' dir='ltr' id='par_1_48' title="bbox 2422 1371 3997 1452">
     <span class='ocr_line' id='line_1_48' title="bbox 2422 1371 3997 1452; baseline 0.01 -30"><span class='ocrx_word' id='word_1_335' title='bbox 2422 1371 2517 1423; x_wconf 75' lang='grc' dir='ltr'>καὶ</span> <span class='ocrx_word' id='word_1_336' title='bbox 2546 1374 2673 1435; x_wconf 85' lang='grc' dir='ltr'>τοὺς</span> <span class='ocrx_word' id='word_1_337' title='bbox 2705 1376 2951 1442; x_wconf 84' lang='grc' dir='ltr'>φοίνικας</span> <span class='ocrx_word' id='word_1_338' title='bbox 2979 1378 3059 1440; x_wconf 85' lang='grc' dir='ltr'><strong>είς</strong></span> <span class='ocrx_word' id='word_1_339' title='bbox 3092 1378 3328 1447; x_wconf 77' lang='grc' dir='ltr'>ἄρρενας</span> <span class='ocrx_word' id='word_1_340' title='bbox 3363 1380 3455 1433; x_wconf 79' lang='grc' dir='ltr'>καὶ</span> <span class='ocrx_word' id='word_1_341' title='bbox 3489 1381 3703 1452; x_wconf 79' lang='grc' dir='ltr'>θηλείας</span> <span class='ocrx_word' id='word_1_342' title='bbox 3732 1384 3997 1438; x_wconf 87' lang='grc' dir='ltr'>διιστῶσι.</span> 
     </span>
    </p>
   </div>
   <div class='ocr_carea' id='block_1_49' title="bbox 2420 1462 4000 1544">
    <p class='ocr_par' dir='ltr' id='par_1_49' title="bbox 2420 1462 4000 1544">
     <span class='ocr_line' id='line_1_49' title="bbox 2420 1462 4000 1544; baseline 0.01 -32"><span class='ocrx_word' id='word_1_343' title='bbox 2420 1462 2531 1514; x_wconf 78' lang='grc' dir='ltr'><strong>Καὶ</strong></span> <span class='ocrx_word' id='word_1_344' title='bbox 2566 1462 2695 1527; x_wconf 73' lang='grc' dir='ltr'>ἴδοις</span> <span class='ocrx_word' id='word_1_345' title='bbox 2723 1465 2787 1519; x_wconf 80' lang='grc' dir='ltr'>ἄν</span> <span class='ocrx_word' id='word_1_346' title='bbox 2816 1482 2945 1519; x_wconf 86' lang='grc' dir='ltr'>ποτε</span> <span class='ocrx_word' id='word_1_347' title='bbox 2974 1467 3072 1539; x_wconf 75' lang='grc' dir='ltr'>τὴν</span> <span class='ocrx_word' id='word_1_348' title='bbox 3101 1470 3232 1541; x_wconf 78' lang='grc' dir='ltr'>παρ’</span> <span class='ocrx_word' id='word_1_349' title='bbox 3261 1470 3444 1523; x_wconf 74' lang='grc' dir='ltr'>αὐτῶν</span> <span class='ocrx_word' id='word_1_350' title='bbox 3468 1470 3875 1544; x_wconf 77' lang='grc' dir='ltr'>ὀνομαζομένην</span> <span class='ocrx_word' id='word_1_351' title='bbox 3900 1474 4000 1543; x_wconf 83' lang='grc' dir='ltr'><strong>θή-</strong></span> 
     </span>
    </p>
   </div>
   <div class='ocr_carea' id='block_1_50' title="bbox 2419 1553 4000 1637">
    <p class='ocr_par' dir='ltr' id='par_1_50' title="bbox 2419 1553 4000 1637">
     <span class='ocr_line' id='line_1_50' title="bbox 2419 1553 4000 1637; baseline 0.009 -31"><span class='ocrx_word' id='word_1_352' title='bbox 2419 1553 2565 1609; x_wconf 88' lang='grc' dir='ltr'>λειαν</span> <span class='ocrx_word' id='word_1_353' title='bbox 2598 1555 2877 1611; x_wconf 81' lang='grc' dir='ltr'>καθιεῖσαν</span> <span class='ocrx_word' id='word_1_354' title='bbox 2902 1560 3028 1623; x_wconf 77' lang='grc' dir='ltr'>τοὺς</span> <span class='ocrx_word' id='word_1_355' title='bbox 3062 1560 3308 1625; x_wconf 81' lang='grc' dir='ltr'><strong>κλάδους,</strong></span> <span class='ocrx_word' id='word_1_356' title='bbox 3334 1558 3445 1617; x_wconf 77' lang='grc' dir='ltr'>οἷον</span> <span class='ocrx_word' id='word_1_357' title='bbox 3473 1564 3747 1635; x_wconf 82' lang='grc' dir='ltr'>ὀργῶσαν,</span> <span class='ocrx_word' id='word_1_358' title='bbox 3776 1568 3871 1620; x_wconf 78' lang='grc' dir='ltr'>καὶ</span> <span class='ocrx_word' id='word_1_359' title='bbox 3900 1568 4000 1637; x_wconf 77' lang='grc' dir='ltr'>τῆς</span> 
     </span>
    </p>
   </div>
   <div class='ocr_carea' id='block_1_51' title="bbox 2421 1647 4002 1728">
    <p class='ocr_par' dir='ltr' id='par_1_51' title="bbox 2421 1647 4002 1728">
     <span class='ocr_line' id='line_1_51' title="bbox 2421 1647 4002 1728; baseline 0.008 -30"><span class='ocrx_word' id='word_1_360' title='bbox 2421 1647 2737 1719; x_wconf 82' lang='grc' dir='ltr'>συμπλοκῆς</span> <span class='ocrx_word' id='word_1_361' title='bbox 2771 1651 3069 1721; x_wconf 78' lang='grc' dir='ltr'>ἐφιεμένην</span> <span class='ocrx_word' id='word_1_362' title='bbox 3108 1652 3202 1704; x_wconf 74' lang='grc' dir='ltr'>τοῦ</span> <span class='ocrx_word' id='word_1_363' title='bbox 3233 1654 3479 1724; x_wconf 73' lang='grc' dir='ltr'>ἄρρενος,</span> <span class='ocrx_word' id='word_1_364' title='bbox 3501 1656 3626 1718; x_wconf 70' lang='grc' dir='ltr'>τοὺς</span> <span class='ocrx_word' id='word_1_365' title='bbox 3649 1655 3704 1709; x_wconf 85' lang='grc' dir='ltr'><strong>δέ</strong></span> <span class='ocrx_word' id='word_1_366' title='bbox 3734 1655 4002 1728; x_wconf 83' lang='grc' dir='ltr'>θεραπευ-</span> 
     </span>
    </p>
   </div>
   <div class='ocr_carea' id='block_1_52' title="bbox 2417 1739 3999 1814">
    <p class='ocr_par' dir='ltr' id='par_1_52' title="bbox 2417 1739 3999 1814">
     <span class='ocr_line' id='line_1_52' title="bbox 2417 1739 3999 1814; baseline 0.008 -23"><span class='ocrx_word' id='word_1_367' title='bbox 2417 1739 2515 1803; x_wconf 81' lang='grc' dir='ltr'>τὰς</span> <span class='ocrx_word' id='word_1_368' title='bbox 2556 1740 2665 1793; x_wconf 89' lang='grc' dir='ltr'><strong>τῶν</strong></span> <span class='ocrx_word' id='word_1_369' title='bbox 2699 1742 2883 1811; x_wconf 83' lang='grc' dir='ltr'>φυτῶν</span> <span class='ocrx_word' id='word_1_370' title='bbox 2926 1743 3296 1814; x_wconf 75' lang='grc' dir='ltr'>ἐμϐάλλοντας</span> <span class='ocrx_word' id='word_1_371' title='bbox 3332 1750 3444 1810; x_wconf 89' lang='grc' dir='ltr'>τοῖς</span> <span class='ocrx_word' id='word_1_372' title='bbox 3473 1747 3710 1812; x_wconf 85' lang='grc' dir='ltr'>κλάδοις,</span> <span class='ocrx_word' id='word_1_373' title='bbox 3736 1744 3848 1802; x_wconf 80' lang='grc' dir='ltr'>οἷόν</span> <span class='ocrx_word' id='word_1_374' title='bbox 3878 1767 3999 1805; x_wconf 88' lang='grc' dir='ltr'>τινα</span> 
     </span>
    </p>
   </div>
   <div class='ocr_carea' id='block_1_53' title="bbox 2420 1832 3992 1912">
    <p class='ocr_par' dir='ltr' id='par_1_53' title="bbox 2420 1832 3992 1912">
     <span class='ocr_line' id='line_1_53' title="bbox 2420 1832 3992 1912; baseline 0.009 -29"><span class='ocrx_word' id='word_1_375' title='bbox 2420 1832 2711 1903; x_wconf 85' lang='grc' dir='ltr'>σπέρματα</span> <span class='ocrx_word' id='word_1_376' title='bbox 2759 1836 2869 1886; x_wconf 89' lang='grc' dir='ltr'><strong>τῶν</strong></span> <span class='ocrx_word' id='word_1_377' title='bbox 2910 1837 3180 1907; x_wconf 71' lang='grc' dir='ltr'>ἀρρένων,</span> <span class='ocrx_word' id='word_1_378' title='bbox 3211 1838 3340 1900; x_wconf 78' lang='grc' dir='ltr'>τοὺς</span> <span class='ocrx_word' id='word_1_379' title='bbox 3380 1838 3708 1911; x_wconf 82' lang='grc' dir='ltr'>λεγομένους</span> <span class='ocrx_word' id='word_1_380' title='bbox 3754 1842 3992 1912; x_wconf 52' lang='grc' dir='ltr'>Μναςσ</span> 
     </span>
    </p>
   </div>
   <div class='ocr_carea' id='block_1_54' title="bbox 2417 1922 3997 2005">
    <p class='ocr_par' dir='ltr' id='par_1_54' title="bbox 2417 1922 3997 2005">
     <span class='ocr_line' id='line_1_54' title="bbox 2417 1922 3997 2005; baseline 0.009 -29"><span class='ocrx_word' id='word_1_381' title='bbox 2417 1925 2511 1977; x_wconf 80' lang='grc' dir='ltr'><strong>καὶ</strong></span> <span class='ocrx_word' id='word_1_382' title='bbox 2556 1925 2730 1989; x_wconf 81' lang='grc' dir='ltr'>οὕτως</span> <span class='ocrx_word' id='word_1_383' title='bbox 2768 1922 2878 1980; x_wconf 77' lang='grc' dir='ltr'>οἷον</span> <span class='ocrx_word' id='word_1_384' title='bbox 2912 1931 2968 1980; x_wconf 87' lang='grc' dir='ltr'><strong>ἐν</strong></span> <span class='ocrx_word' id='word_1_385' title='bbox 3017 1930 3366 2000; x_wconf 79' lang='grc' dir='ltr'>συναισθήσει</span> <span class='ocrx_word' id='word_1_386' title='bbox 3396 1932 3497 2002; x_wconf 73' lang='grc' dir='ltr'>τῆς</span> <span class='ocrx_word' id='word_1_387' title='bbox 3530 1933 3885 1999; x_wconf 79' lang='grc' dir='ltr'>ἀπολαύσεως</span> <span class='ocrx_word' id='word_1_388' title='bbox 3913 1937 3997 2005; x_wconf 80' lang='grc' dir='ltr'>γί-</span> 
     </span>
    </p>
   </div>
   <div class='ocr_carea' id='block_1_55' title="bbox 2417 2015 3999 2097">
    <p class='ocr_par' dir='ltr' id='par_1_55' title="bbox 2417 2015 3999 2097">
     <span class='ocr_line' id='line_1_55' title="bbox 2417 2015 3999 2097; baseline 0.008 -31"><span class='ocrx_word' id='word_1_389' title='bbox 2417 2015 2603 2069; x_wconf 86' lang='grc' dir='ltr'>νεσθαι</span> <span class='ocrx_word' id='word_1_390' title='bbox 2634 2019 2727 2070; x_wconf 79' lang='grc' dir='ltr'>καὶ</span> <span class='ocrx_word' id='word_1_391' title='bbox 2754 2017 3109 2089; x_wconf 74' lang='grc' dir='ltr'>ἀνορθοῦσθαι</span> <span class='ocrx_word' id='word_1_392' title='bbox 3139 2021 3297 2075; x_wconf 81' lang='grc' dir='ltr'>πάλιν</span> <span class='ocrx_word' id='word_1_393' title='bbox 3318 2023 3446 2086; x_wconf 80' lang='grc' dir='ltr'>τοὺς</span> <span class='ocrx_word' id='word_1_394' title='bbox 3469 2023 3715 2088; x_wconf 80' lang='grc' dir='ltr'>κλάδους,</span> <span class='ocrx_word' id='word_1_395' title='bbox 3745 2026 3841 2078; x_wconf 74' lang='grc' dir='ltr'><strong>καὶ</strong></span> <span class='ocrx_word' id='word_1_396' title='bbox 3864 2026 3999 2097; x_wconf 75' lang='grc' dir='ltr'>πρὸς</span> 
     </span>
    </p>
   </div>
   <div class='ocr_carea' id='block_1_56' title="bbox 2416 2107 3999 2187">
    <p class='ocr_par' dir='ltr' id='par_1_56' title="bbox 2416 2107 3999 2187">
     <span class='ocr_line' id='line_1_56' title="bbox 2416 2107 3999 2187; baseline 0.009 -30"><span class='ocrx_word' id='word_1_397' title='bbox 2416 2107 2475 2159; x_wconf 85' lang='grc' dir='ltr'><strong>τὸ</strong></span> <span class='ocrx_word' id='word_1_398' title='bbox 2498 2109 2696 2162; x_wconf 79' lang='grc' dir='ltr'>οἰκεῖον</span> <span class='ocrx_word' id='word_1_399' title='bbox 2725 2111 2906 2181; x_wconf 78' lang='grc' dir='ltr'>σχῆμα</span> <span class='ocrx_word' id='word_1_400' title='bbox 2934 2110 3028 2165; x_wconf 81' lang='grc' dir='ltr'>τοῦ</span> <span class='ocrx_word' id='word_1_401' title='bbox 3068 2113 3232 2181; x_wconf 81' lang='grc' dir='ltr'>φυτοῦ</span> <span class='ocrx_word' id='word_1_402' title='bbox 3267 2115 3367 2186; x_wconf 80' lang='grc' dir='ltr'><strong>τὴν</strong></span> <span class='ocrx_word' id='word_1_403' title='bbox 3408 2116 3584 2187; x_wconf 87' lang='grc' dir='ltr'>κόμην</span> <span class='ocrx_word' id='word_1_404' title='bbox 3626 2118 3999 2171; x_wconf 79' lang='grc' dir='ltr'>ἀποκαθίστα-</span> 
     </span>
    </p>
   </div>
   <div class='ocr_carea' id='block_1_57' title="bbox 2422 2198 3996 2279">
    <p class='ocr_par' dir='ltr' id='par_1_57' title="bbox 2422 2198 3996 2279">
     <span class='ocr_line' id='line_1_57' title="bbox 2422 2198 3996 2279; baseline 0.009 -28"><span class='ocrx_word' id='word_1_405' title='bbox 2422 2198 2566 2253; x_wconf 85' lang='grc' dir='ltr'>σθαι.</span> <span class='ocrx_word' id='word_1_406' title='bbox 2601 2200 2683 2253; x_wconf 86' lang='grc' dir='ltr'><strong>Τὰ</strong></span> <span class='ocrx_word' id='word_1_407' title='bbox 2717 2203 2858 2256; x_wconf 85' lang='grc' dir='ltr'><strong>αύτά</strong></span> <span class='ocrx_word' id='word_1_408' title='bbox 2884 2203 2939 2256; x_wconf 88' lang='grc' dir='ltr'>δὲ</span> <span class='ocrx_word' id='word_1_409' title='bbox 2972 2205 3143 2258; x_wconf 82' lang='grc' dir='ltr'>ταῦτα</span> <span class='ocrx_word' id='word_1_410' title='bbox 3177 2208 3270 2259; x_wconf 71' lang='grc' dir='ltr'><strong>καὶ</strong></span> <span class='ocrx_word' id='word_1_411' title='bbox 3301 2208 3427 2278; x_wconf 77' lang='grc' dir='ltr'>περὶ</span> <span class='ocrx_word' id='word_1_412' title='bbox 3459 2209 3568 2262; x_wconf 88' lang='grc' dir='ltr'><strong>τῶν</strong></span> <span class='ocrx_word' id='word_1_413' title='bbox 3602 2210 3783 2263; x_wconf 85' lang='grc' dir='ltr'>συκῶν</span> <span class='ocrx_word' id='word_1_414' title='bbox 3812 2228 3996 2279; x_wconf 72' lang='grc' dir='ltr'>φασιν.</span> 
     </span>
    </p>
   </div>
   <div class='ocr_carea' id='block_1_58' title="bbox 2419 2292 3998 2374">
    <p class='ocr_par' dir='ltr' id='par_1_58' title="bbox 2419 2292 3998 2374">
     <span class='ocr_line' id='line_1_58' title="bbox 2419 2292 3998 2374; baseline 0.009 -31"><span class='ocrx_word' id='word_1_415' title='bbox 2419 2292 2581 2344; x_wconf 88' lang='grc' dir='ltr'>Ὅθεν</span> <span class='ocrx_word' id='word_1_416' title='bbox 2615 2294 2663 2346; x_wconf 86' lang='lat' dir='ltr'><strong>oi</strong></span> <span class='ocrx_word' id='word_1_417' title='bbox 2707 2294 2805 2365; x_wconf 84' lang='grc' dir='ltr'><strong>μὲν</strong></span> <span class='ocrx_word' id='word_1_418' title='bbox 2844 2294 2944 2359; x_wconf 88' lang='grc' dir='ltr'><strong>τάς</strong></span> <span class='ocrx_word' id='word_1_419' title='bbox 2985 2296 3182 2367; x_wconf 84' lang='grc' dir='ltr'>ἀγρίας</span> <span class='ocrx_word' id='word_1_420' title='bbox 3209 2298 3319 2371; x_wconf 82' lang='grc'>(65)</span> <span class='ocrx_word' id='word_1_421' title='bbox 3350 2302 3521 2366; x_wconf 77' lang='grc' dir='ltr'>συκᾶς</span> <span class='ocrx_word' id='word_1_422' title='bbox 3551 2301 3998 2374; x_wconf 74' lang='grc' dir='ltr'>παραφυτεύουσι</span> 
     </span>
    </p>
   </div>
   <div class='ocr_carea' id='block_1_59' title="bbox 2414 2384 3996 2466">
    <p class='ocr_par' dir='ltr' id='par_1_59' title="bbox 2414 2384 3996 2466">
     <span class='ocr_line' id='line_1_59' title="bbox 2414 2384 3996 2466; baseline 0.009 -32"><span class='ocrx_word' id='word_1_423' title='bbox 2414 2384 2534 2447; x_wconf 86' lang='grc' dir='ltr'>ταῖς</span> <span class='ocrx_word' id='word_1_424' title='bbox 2596 2384 2865 2456; x_wconf 69' lang='grc' dir='ltr'>ἡμέροις·</span> <span class='ocrx_word' id='word_1_425' title='bbox 2934 2390 2984 2440; x_wconf 84' lang='grc' dir='ltr'>οἱ</span> <span class='ocrx_word' id='word_1_426' title='bbox 3029 2390 3087 2444; x_wconf 83' lang='grc' dir='ltr'>δὲ</span> <span class='ocrx_word' id='word_1_427' title='bbox 3140 2392 3264 2454; x_wconf 79' lang='grc' dir='ltr'>τοὺς</span> <span class='ocrx_word' id='word_1_428' title='bbox 3333 2390 3587 2457; x_wconf 85' lang='grc' dir='ltr'>ὀλύνθους</span> <span class='ocrx_word' id='word_1_429' title='bbox 3647 2394 3996 2466; x_wconf 77' lang='grc' dir='ltr'>ἐκδήσαντες,</span> 
     </span>
    </p>
   </div>
   <div class='ocr_carea' id='block_1_60' title="bbox 2415 2473 3997 2559">
    <p class='ocr_par' dir='ltr' id='par_1_60' title="bbox 2415 2473 3997 2559">
     <span class='ocr_line' id='line_1_60' title="bbox 2415 2473 3997 2559; baseline 0.013 -35"><span class='ocrx_word' id='word_1_430' title='bbox 2415 2473 2522 2526; x_wconf 84' lang='grc' dir='ltr'><strong>τῶν</strong></span> <span class='ocrx_word' id='word_1_431' title='bbox 2577 2476 2872 2545; x_wconf 73' lang='grc' dir='ltr'>εὐκάρπων</span> <span class='ocrx_word' id='word_1_432' title='bbox 2921 2481 3014 2533; x_wconf 70' lang='grc' dir='ltr'><strong>καὶ</strong></span> <span class='ocrx_word' id='word_1_433' title='bbox 3066 2484 3286 2555; x_wconf 80' lang='grc' dir='ltr'>ἡμέρων</span> <span class='ocrx_word' id='word_1_434' title='bbox 3354 2485 3534 2541; x_wconf 84' lang='grc' dir='ltr'>συκῶν</span> <span class='ocrx_word' id='word_1_435' title='bbox 3613 2486 3714 2559; x_wconf 76' lang='grc' dir='ltr'><strong>τὴν</strong></span> <span class='ocrx_word' id='word_1_436' title='bbox 3778 2490 3997 2543; x_wconf 81' lang='grc' dir='ltr'>ἀτονίαν</span> 
     </span>
    </p>
   </div>
   <div class='ocr_carea' id='block_1_61' title="bbox 2419 2565 4000 2653">
    <p class='ocr_par' dir='ltr' id='par_1_61' title="bbox 2419 2565 4000 2653">
     <span class='ocr_line' id='line_1_61' title="bbox 2419 2565 4000 2653; baseline 0.015 -38"><span class='ocrx_word' id='word_1_437' title='bbox 2419 2565 2627 2629; x_wconf 73' lang='grc' dir='ltr'>ἰῶνται,</span> <span class='ocrx_word' id='word_1_438' title='bbox 2664 2568 2853 2638; x_wconf 79' lang='grc' dir='ltr'>ῥέοντα</span> <span class='ocrx_word' id='word_1_439' title='bbox 2897 2572 2997 2643; x_wconf 76' lang='grc' dir='ltr'>ήδη</span> <span class='ocrx_word' id='word_1_440' title='bbox 3048 2576 3143 2626; x_wconf 76' lang='grc' dir='ltr'>καὶ</span> <span class='ocrx_word' id='word_1_441' title='bbox 3194 2577 3617 2649; x_wconf 87' lang='grc' dir='ltr'>σκεδαννύμενον</span> <span class='ocrx_word' id='word_1_442' title='bbox 3646 2582 3739 2634; x_wconf 85' lang='grc' dir='ltr'><strong>τὸν</strong></span> <span class='ocrx_word' id='word_1_443' title='bbox 3780 2584 4000 2653; x_wconf 76' lang='grc' dir='ltr'>καρπὸν</span> 
     </span>
    </p>
   </div>
   <div class='ocr_carea' id='block_1_62' title="bbox 2416 2658 3997 2741">
    <p class='ocr_par' dir='ltr' id='par_1_62' title="bbox 2416 2658 3997 2741">
     <span class='ocr_line' id='line_1_62' title="bbox 2416 2658 3997 2741; baseline 0.012 -33"><span class='ocrx_word' id='word_1_444' title='bbox 2416 2659 2527 2721; x_wconf 87' lang='grc' dir='ltr'>τοῖς</span> <span class='ocrx_word' id='word_1_445' title='bbox 2552 2658 2793 2723; x_wconf 84' lang='grc' dir='ltr'>όλύνθοις</span> <span class='ocrx_word' id='word_1_446' title='bbox 2832 2661 3137 2731; x_wconf 85' lang='grc' dir='ltr'>ἐπέχοντες.</span> <span class='ocrx_word' id='word_1_447' title='bbox 3160 2665 3225 2716; x_wconf 89' lang='grc' dir='ltr'><strong>Τί</strong></span> <span class='ocrx_word' id='word_1_448' title='bbox 3257 2682 3339 2719; x_wconf 91' lang='grc' dir='ltr'><strong>σοι</strong></span> <span class='ocrx_word' id='word_1_449' title='bbox 3383 2669 3444 2720; x_wconf 82' lang='grc' dir='ltr'><strong>τὸ</strong></span> <span class='ocrx_word' id='word_1_450' title='bbox 3477 2670 3626 2740; x_wconf 84' lang='grc' dir='ltr'><strong>παρά</strong></span> <span class='ocrx_word' id='word_1_451' title='bbox 3655 2672 3757 2740; x_wconf 86' lang='grc' dir='ltr'>τῆς</span> <span class='ocrx_word' id='word_1_452' title='bbox 3782 2673 3997 2741; x_wconf 82' lang='grc' dir='ltr'>φύσεως</span> 
     </span>
    </p>
   </div>
   <div class='ocr_carea' id='block_1_63' title="bbox 2416 2931 3994 3011">
    <p class='ocr_par' dir='ltr' id='par_1_63' title="bbox 2416 2931 3994 3011">
     <span class='ocr_line' id='line_1_63' title="bbox 2416 2931 3994 3011; baseline 0.011 -29"><span class='ocrx_word' id='word_1_453' title='bbox 2416 2931 2854 3001; x_wconf 77' lang='grc' dir='ltr'>προσλαμϐάνειν</span> <span class='ocrx_word' id='word_1_454' title='bbox 2882 2936 2961 2997; x_wconf 81' lang='grc' dir='ltr'><strong>είς</strong></span> <span class='ocrx_word' id='word_1_455' title='bbox 2985 2935 3084 3007; x_wconf 79' lang='grc' dir='ltr'><strong>τὴν</strong></span> <span class='ocrx_word' id='word_1_456' title='bbox 3111 2935 3221 2989; x_wconf 87' lang='grc' dir='ltr'><strong>τῶν</strong></span> <span class='ocrx_word' id='word_1_457' title='bbox 3252 2938 3471 3005; x_wconf 80' lang='grc' dir='ltr'>ἀγαθῶν</span> <span class='ocrx_word' id='word_1_458' title='bbox 3503 2939 3679 3011; x_wconf 76' lang='grc' dir='ltr'>ἔργων</span> <span class='ocrx_word' id='word_1_459' title='bbox 3706 2942 3994 3008; x_wconf 81' lang='grc' dir='ltr'>ἐπίδειξιν.</span> 
     </span>
    </p>
   </div>
   <div class='ocr_carea' id='block_1_64' title="bbox 2430 3023 3999 3107">
    <p class='ocr_par' dir='ltr' id='par_1_64' title="bbox 2430 3023 3999 3107">
     <span class='ocr_line' id='line_1_64' title="bbox 2430 3023 3999 3107; baseline 0.011 -32"><span class='ocrx_word' id='word_1_460' title='bbox 2430 3023 2554 3076; x_wconf 72' lang='grc' dir='ltr'><strong>Ἐὰν</strong></span> <span class='ocrx_word' id='word_1_461' title='bbox 2577 3024 2686 3095; x_wconf 79' lang='grc' dir='ltr'>γὰρ</span> <span class='ocrx_word' id='word_1_462' title='bbox 2712 3026 2825 3097; x_wconf 80' lang='grc' dir='ltr'>ἴδῃς</span> <span class='ocrx_word' id='word_1_463' title='bbox 2852 3026 2943 3080; x_wconf 84' lang='grc' dir='ltr'><strong>τὸν</strong></span> <span class='ocrx_word' id='word_1_464' title='bbox 2980 3029 3037 3081; x_wconf 91' lang='grc' dir='ltr'><strong>ἐν</strong></span> <span class='ocrx_word' id='word_1_465' title='bbox 3072 3028 3170 3100; x_wconf 86' lang='grc' dir='ltr'>βίῳ</span> <span class='ocrx_word' id='word_1_466' title='bbox 3199 3030 3418 3102; x_wconf 83' lang='grc' dir='ltr'>ἐθνικῷ,</span> <span class='ocrx_word' id='word_1_467' title='bbox 3453 3032 3486 3104; x_wconf 80' lang='grc' dir='ltr'>ἢ</span> <span class='ocrx_word' id='word_1_468' title='bbox 3523 3035 3631 3087; x_wconf 87' lang='grc' dir='ltr'><strong>ἀπό</strong></span> <span class='ocrx_word' id='word_1_469' title='bbox 3658 3053 3804 3100; x_wconf 87' lang='grc' dir='ltr'>τινος</span> <span class='ocrx_word' id='word_1_470' title='bbox 3839 3038 3999 3107; x_wconf 79' lang='grc' dir='ltr'>αἱρέ-</span> 
     </span>
    </p>
   </div>
   <div class='ocr_carea' id='block_1_65' title="bbox 2421 3117 4001 3207">
    <p class='ocr_par' dir='ltr' id='par_1_65' title="bbox 2421 3117 4001 3207">
     <span class='ocr_line' id='line_1_65' title="bbox 2421 3117 4001 3207; baseline 0.013 -40"><span class='ocrx_word' id='word_1_471' title='bbox 2421 3133 2555 3179; x_wconf 81' lang='grc' dir='ltr'>σεως</span> <span class='ocrx_word' id='word_1_472' title='bbox 2602 3117 2984 3189; x_wconf 84' lang='grc' dir='ltr'>ἐνδιαστρόφου</span> <span class='ocrx_word' id='word_1_473' title='bbox 3032 3122 3131 3192; x_wconf 82' lang='grc' dir='ltr'>τῆς</span> <span class='ocrx_word' id='word_1_474' title='bbox 3195 3123 3518 3196; x_wconf 85' lang='grc' dir='ltr'>Ἐκκλησίας</span> <span class='ocrx_word' id='word_1_475' title='bbox 3573 3128 4001 3207; x_wconf 60' lang='grc' dir='ltr'>ἀπεσχισμενὶθί</span> 
     </span>
    </p>
   </div>
   <div class='ocr_carea' id='block_1_66' title="bbox 2422 3206 3996 3292">
    <p class='ocr_par' dir='ltr' id='par_1_66' title="bbox 2422 3206 3996 3292">
     <span class='ocr_line' id='line_1_66' title="bbox 2422 3206 3996 3292; baseline 0.013 -34"><span class='ocrx_word' id='word_1_476' title='bbox 2422 3206 2535 3276; x_wconf 84' lang='grc' dir='ltr'>βίου</span> <span class='ocrx_word' id='word_1_477' title='bbox 2568 3207 2843 3280; x_wconf 80' lang='grc' dir='ltr'>σώφρονος</span> <span class='ocrx_word' id='word_1_478' title='bbox 2874 3214 2967 3265; x_wconf 79' lang='grc' dir='ltr'><strong>καὶ</strong></span> <span class='ocrx_word' id='word_1_479' title='bbox 2993 3213 3093 3282; x_wconf 79' lang='grc' dir='ltr'>τῆς</span> <span class='ocrx_word' id='word_1_480' title='bbox 3118 3214 3311 3288; x_wconf 78' lang='grc' dir='ltr'>λοιπῆς</span> <span class='ocrx_word' id='word_1_481' title='bbox 3341 3219 3479 3272; x_wconf 82' lang='grc' dir='ltr'>κατὰ</span> <span class='ocrx_word' id='word_1_482' title='bbox 3502 3220 3563 3273; x_wconf 85' lang='grc' dir='ltr'>τὸ</span> <span class='ocrx_word' id='word_1_483' title='bbox 3582 3215 3711 3292; x_wconf 79' lang='grc' dir='ltr'>ἦθος</span> <span class='ocrx_word' id='word_1_484' title='bbox 3739 3206 3996 3291; x_wconf 78' lang='grc' dir='ltr'>εὐταξίας</span> 
     </span>
    </p>
   </div>
   <div class='ocr_carea' id='block_1_67' title="bbox 2417 3299 3999 3370">
    <p class='ocr_par' dir='ltr' id='par_1_67' title="bbox 2417 3299 3999 3370">
     <span class='ocr_line' id='line_1_67' title="bbox 2417 3299 3999 3370; baseline 0.014 -22"><span class='ocrx_word' id='word_1_485' title='bbox 2417 3299 2863 3369; x_wconf 82' lang='grc' dir='ltr'>ἐπιμελούμενον,</span> <span class='ocrx_word' id='word_1_486' title='bbox 2894 3303 3077 3358; x_wconf 79' lang='grc' dir='ltr'>πλεῖον</span> <span class='ocrx_word' id='word_1_487' title='bbox 3117 3309 3341 3362; x_wconf 79' lang='grc' dir='ltr'>σεαυτοῦ</span> <span class='ocrx_word' id='word_1_488' title='bbox 3368 3311 3431 3363; x_wconf 81' lang='grc' dir='ltr'><strong>τὸ</strong></span> <span class='ocrx_word' id='word_1_489' title='bbox 3476 3313 3764 3368; x_wconf 79' lang='grc' dir='ltr'>σπουδαῖον</span> <span class='ocrx_word' id='word_1_490' title='bbox 3792 3317 3999 3370; x_wconf 81' lang='grc' dir='ltr'>ἐπίτει-</span> 
     </span>
    </p>
   </div>
   <div class='ocr_carea' id='block_1_68' title="bbox 2415 3390 3999 3480">
    <p class='ocr_par' dir='ltr' id='par_1_68' title="bbox 2415 3390 3999 3480">
     <span class='ocr_line' id='line_1_68' title="bbox 2415 3390 3999 3480; baseline 0.015 -41"><span class='ocrx_word' id='word_1_491' title='bbox 2415 3406 2524 3453; x_wconf 88' lang='grc' dir='ltr'>νον,</span> <span class='ocrx_word' id='word_1_492' title='bbox 2554 3390 2639 3442; x_wconf 85' lang='grc' dir='ltr'><strong>ἴνα</strong></span> <span class='ocrx_word' id='word_1_493' title='bbox 2680 3392 2815 3465; x_wconf 80' lang='grc' dir='ltr'>γένῃ</span> <span class='ocrx_word' id='word_1_494' title='bbox 2855 3398 3232 3469; x_wconf 82' lang='grc' dir='ltr'>παραπλήσιος</span> <span class='ocrx_word' id='word_1_495' title='bbox 3265 3404 3330 3471; x_wconf 80' lang='grc' dir='ltr'>τῇ</span> <span class='ocrx_word' id='word_1_496' title='bbox 3375 3406 3707 3477; x_wconf 79' lang='grc' dir='ltr'>καρποφόρῳ</span> <span class='ocrx_word' id='word_1_497' title='bbox 3742 3410 3906 3480; x_wconf 82' lang='grc' dir='ltr'>συκῇ,</span> <span class='ocrx_word' id='word_1_498' title='bbox 3932 3410 3999 3462; x_wconf 77' lang='grc' dir='ltr'><strong>ἐκ</strong></span> 
     </span>
    </p>
   </div>
   <div class='ocr_carea' id='block_1_69' title="bbox 2414 3482 3995 3571">
    <p class='ocr_par' dir='ltr' id='par_1_69' title="bbox 2414 3482 3995 3571">
     <span class='ocr_line' id='line_1_69' title="bbox 2414 3482 3995 3571; baseline 0.013 -38"><span class='ocrx_word' id='word_1_499' title='bbox 2414 3483 2511 3551; x_wconf 80' lang='grc' dir='ltr'>τῆς</span> <span class='ocrx_word' id='word_1_500' title='bbox 2538 3482 2646 3535; x_wconf 89' lang='grc' dir='ltr'><strong>τῶν</strong></span> <span class='ocrx_word' id='word_1_501' title='bbox 2682 3485 2888 3555; x_wconf 86' lang='grc' dir='ltr'>ἀγρίων</span> <span class='ocrx_word' id='word_1_502' title='bbox 2939 3492 3237 3560; x_wconf 85' lang='grc' dir='ltr'>παρουσίας</span> <span class='ocrx_word' id='word_1_503' title='bbox 3267 3494 3591 3570; x_wconf 77' lang='grc' dir='ltr'>ἀθροιζούσῃ</span> <span class='ocrx_word' id='word_1_504' title='bbox 3622 3499 3719 3569; x_wconf 78' lang='grc' dir='ltr'><strong>τὴν</strong></span> <span class='ocrx_word' id='word_1_505' title='bbox 3743 3499 3995 3571; x_wconf 85' lang='grc' dir='ltr'>δύναμιν,</span> 
     </span>
    </p>
   </div>
   <div class='ocr_carea' id='block_1_70' title="bbox 2416 3578 4002 3662">
    <p class='ocr_par' dir='ltr' id='par_1_70' title="bbox 2416 3578 4002 3662">
     <span class='ocr_line' id='line_1_70' title="bbox 2416 3578 4002 3662; baseline 0.013 -35"><span class='ocrx_word' id='word_1_506' title='bbox 2416 3578 2507 3628; x_wconf 77' lang='grc' dir='ltr'><strong>καὶ</strong></span> <span class='ocrx_word' id='word_1_507' title='bbox 2548 3578 2648 3648; x_wconf 86' lang='grc' dir='ltr'><strong>τὴν</strong></span> <span class='ocrx_word' id='word_1_508' title='bbox 2688 3578 2787 3649; x_wconf 73' lang='grc' dir='ltr'><strong>μὲν</strong></span> <span class='ocrx_word' id='word_1_509' title='bbox 2831 3579 2987 3650; x_wconf 79' lang='grc' dir='ltr'>ῥύσιν</span> <span class='ocrx_word' id='word_1_510' title='bbox 3026 3584 3315 3657; x_wconf 83' lang='grc' dir='ltr'>ἐπεχούσῃ,</span> <span class='ocrx_word' id='word_1_511' title='bbox 3356 3589 3777 3662; x_wconf 77' lang='grc' dir='ltr'>ἐπιμελέστερον</span> <span class='ocrx_word' id='word_1_512' title='bbox 3815 3591 3875 3646; x_wconf 76' lang='grc' dir='ltr'><strong>δέ</strong></span> <span class='ocrx_word' id='word_1_513' title='bbox 3905 3591 4002 3646; x_wconf 73' lang='grc' dir='ltr'><strong>τὸν</strong></span> 
     </span>
    </p>
   </div>
   <div class='ocr_carea' id='block_1_71' title="bbox 2416 3669 3159 3745">
    <p class='ocr_par' dir='ltr' id='par_1_71' title="bbox 2416 3669 3159 3745">
     <span class='ocr_line' id='line_1_71' title="bbox 2416 3669 3159 3745; baseline 0.012 -27"><span class='ocrx_word' id='word_1_514' title='bbox 2416 3669 2628 3736; x_wconf 83' lang='grc' dir='ltr'>καρπὸν</span> <span class='ocrx_word' id='word_1_515' title='bbox 2660 3671 2772 3741; x_wconf 78' lang='grc'><strong>(67)</strong></span> <span class='ocrx_word' id='word_1_516' title='bbox 2799 3672 3159 3745; x_wconf 76' lang='grc' dir='ltr'>ἐκτρεφούσῃ.</span> 
     </span>
    </p>
   </div>
   <div class='ocr_carea' id='block_1_72' title="bbox 744 3738 3997 3842">
    <p class='ocr_par' dir='ltr' id='par_1_72' title="bbox 744 3738 3997 3842">
     <span class='ocr_line' id='line_1_72' title="bbox 744 3738 3997 3842; baseline 0.013 -50"><span class='ocrx_word' id='word_1_517' title='bbox 744 3738 1131 3809; x_wconf 86' lang='lat' dir='ltr'><strong>capriﬁcorum</strong></span> <span class='ocrx_word' id='word_1_518' title='bbox 1173 3745 1462 3815; x_wconf 64' lang='lat' dir='ltr'><strong>presentia</strong></span> <span class='ocrx_word' id='word_1_519' title='bbox 1499 3746 1769 3818; x_wconf 88' lang='lat' dir='ltr'><strong>colligenti</strong></span> <span class='ocrx_word' id='word_1_520' title='bbox 1817 3751 1958 3803; x_wconf 87' lang='lat' dir='ltr'><strong>vires</strong></span> <span class='ocrx_word' id='word_1_521' title='bbox 1990 3759 2046 3804; x_wconf 87' lang='lat' dir='ltr'><strong>et</strong></span> <span class='ocrx_word' id='word_1_522' title='bbox 2076 3752 2362 3807; x_wconf 85' lang='lat' dir='ltr'><strong>deﬁuvium</strong></span> <span class='ocrx_word' id='word_1_523' title='bbox 2403 3738 2698 3830; x_wconf 83' lang='lat' dir='ltr'><strong>cohibenti,</strong></span> <span class='ocrx_word' id='word_1_524' title='bbox 2741 3738 3084 3836; x_wconf 80' lang='lat' dir='ltr'><strong>fructumque</strong></span> <span class='ocrx_word' id='word_1_525' title='bbox 3110 3738 3413 3838; x_wconf 72' lang='lat' dir='ltr'><strong>diligentius</strong></span> <span class='ocrx_word' id='word_1_526' title='bbox 3457 3774 3769 3842; x_wconf 83' lang='lat' dir='ltr'><strong>enutrienti,</strong></span> <span class='ocrx_word' id='word_1_527' title='bbox 3801 3774 3997 3833; x_wconf 86' lang='lat' dir='ltr'><strong>similis</strong></span> 
     </span>
    </p>
   </div>
   <div class='ocr_carea' id='block_1_73' title="bbox 811 3926 2308 4004">
    <p class='ocr_par' dir='ltr' id='par_1_73' title="bbox 811 3926 2308 4004">
     <span class='ocr_line' id='line_1_73' title="bbox 811 3926 2308 4004; baseline 0.007 -24"><span class='ocrx_word' id='word_1_528' title='bbox 811 3927 864 3980; x_wconf 87' lang='lat'><strong>8.</strong></span> <span class='ocrx_word' id='word_1_529' title='bbox 907 3926 1070 3983; x_wconf 83' lang='lat' dir='ltr'><strong>Tales</strong></span> <span class='ocrx_word' id='word_1_530' title='bbox 1116 3929 1281 3997; x_wconf 89' lang='lat' dir='ltr'><strong>igitur</strong></span> <span class='ocrx_word' id='word_1_531' title='bbox 1316 3940 1444 3986; x_wconf 91' lang='lat' dir='ltr'><strong>sunt</strong></span> <span class='ocrx_word' id='word_1_532' title='bbox 1492 3933 1638 3987; x_wconf 89' lang='lat' dir='ltr'><strong>circa</strong></span> <span class='ocrx_word' id='word_1_533' title='bbox 1675 3935 2039 4004; x_wconf 85' lang='lat' dir='ltr'><strong>generationis</strong></span> <span class='ocrx_word' id='word_1_534' title='bbox 2092 3937 2308 3990; x_wconf 89' lang='lat' dir='ltr'><strong>modum</strong></span> 
     </span>
    </p>
   </div>
   <div class='ocr_carea' id='block_1_74' title="bbox 737 4018 2311 4095">
    <p class='ocr_par' dir='ltr' id='par_1_74' title="bbox 737 4018 2311 4095">
     <span class='ocr_line' id='line_1_74' title="bbox 737 4018 2311 4095; baseline 0.005 -22"><span class='ocrx_word' id='word_1_535' title='bbox 737 4018 1063 4073; x_wconf 61' lang='lat' dir='ltr'><strong>diﬁ&#39;erentise</strong></span> <span class='ocrx_word' id='word_1_536' title='bbox 1092 4020 1421 4089; x_wconf 85' lang='lat' dir='ltr'><strong>plantarum,</strong></span> <span class='ocrx_word' id='word_1_537' title='bbox 1460 4036 1520 4078; x_wconf 88' lang='lat' dir='ltr'><strong>ut</strong></span> <span class='ocrx_word' id='word_1_538' title='bbox 1558 4041 1729 4095; x_wconf 86' lang='lat' dir='ltr'><strong>pauca</strong></span> <span class='ocrx_word' id='word_1_539' title='bbox 1771 4027 2061 4080; x_wconf 88' lang='lat' dir='ltr'><strong>admodum</strong></span> <span class='ocrx_word' id='word_1_540' title='bbox 2096 4026 2159 4079; x_wconf 92' lang='lat' dir='ltr'><strong>de</strong></span> <span class='ocrx_word' id='word_1_541' title='bbox 2194 4027 2311 4095; x_wconf 86' lang='lat' dir='ltr'><strong>plu-</strong></span> 
     </span>
    </p>
   </div>
   <div class='ocr_carea' id='block_1_75' title="bbox 736 4111 2311 4183">
    <p class='ocr_par' dir='ltr' id='par_1_75' title="bbox 736 4111 2311 4183">
     <span class='ocr_line' id='line_1_75' title="bbox 736 4111 2311 4183; baseline 0.004 -17"><span class='ocrx_word' id='word_1_542' title='bbox 736 4111 891 4167; x_wconf 87' lang='lat' dir='ltr'><strong>rimis</strong></span> <span class='ocrx_word' id='word_1_543' title='bbox 934 4111 1197 4168; x_wconf 89' lang='lat' dir='ltr'><strong>dicamus.</strong></span> <span class='ocrx_word' id='word_1_544' title='bbox 1247 4112 1485 4183; x_wconf 91' lang='lat' dir='ltr'><strong>Ipsorum</strong></span> <span class='ocrx_word' id='word_1_545' title='bbox 1527 4128 1707 4172; x_wconf 89' lang='lat' dir='ltr'><strong>autem</strong></span> <span class='ocrx_word' id='word_1_546' title='bbox 1757 4118 2027 4173; x_wconf 85' lang='lat' dir='ltr'><strong>fructuum</strong></span> <span class='ocrx_word' id='word_1_547' title='bbox 2078 4118 2311 4172; x_wconf 66' lang='lat' dir='ltr'><strong>varii-ta-</strong></span> 
     </span>
    </p>
   </div>
   <div class='ocr_carea' id='block_1_76' title="bbox 737 4198 2313 4277">
    <p class='ocr_par' dir='ltr' id='par_1_76' title="bbox 737 4198 2313 4277">
     <span class='ocr_line' id='line_1_76' title="bbox 737 4198 2313 4277; baseline 0.001 -18"><span class='ocrx_word' id='word_1_548' title='bbox 737 4198 873 4268; x_wconf 73' lang='lat' dir='ltr'><strong>teut,</strong></span> <span class='ocrx_word' id='word_1_549' title='bbox 900 4204 1123 4276; x_wconf 84' lang='lat' dir='ltr'><strong>ﬁguras,</strong></span> <span class='ocrx_word' id='word_1_550' title='bbox 1150 4207 1387 4271; x_wconf 84' lang='lat' dir='ltr'><strong>colores,</strong></span> <span class='ocrx_word' id='word_1_551' title='bbox 1416 4222 1666 4277; x_wconf 83' lang='lat' dir='ltr'><strong>saporum</strong></span> <span class='ocrx_word' id='word_1_552' title='bbox 1696 4212 2106 4277; x_wconf 89' lang='lat' dir='ltr'><strong>proprietatem,</strong></span> <span class='ocrx_word' id='word_1_553' title='bbox 2134 4210 2313 4261; x_wconf 85' lang='lat' dir='ltr'><strong>unius-</strong></span> 
     </span>
    </p>
   </div>
   <div class='ocr_carea' id='block_1_77' title="bbox 737 4296 2309 4370">
    <p class='ocr_par' dir='ltr' id='par_1_77' title="bbox 737 4296 2309 4370">
     <span class='ocr_line' id='line_1_77' title="bbox 737 4296 2309 4370; baseline 0.003 -20"><span class='ocrx_word' id='word_1_554' title='bbox 737 4296 997 4369; x_wconf 86' lang='lat' dir='ltr'><strong>cujusque</strong></span> <span class='ocrx_word' id='word_1_555' title='bbox 1021 4300 1306 4354; x_wconf 85' lang='lat' dir='ltr'><strong>utilitatem</strong></span> <span class='ocrx_word' id='word_1_556' title='bbox 1329 4301 1451 4370; x_wconf 89' lang='lat' dir='ltr'><strong>quis</strong></span> <span class='ocrx_word' id='word_1_557' title='bbox 1483 4315 1765 4355; x_wconf 88' lang='lat' dir='ltr'><strong>recensere</strong></span> <span class='ocrx_word' id='word_1_558' title='bbox 1795 4303 2002 4369; x_wconf 82' lang='lat' dir='ltr'><strong>possit?</strong></span> <span class='ocrx_word' id='word_1_559' title='bbox 2030 4302 2309 4369; x_wconf 87' lang='lat' dir='ltr'><strong>Quomodo</strong></span> 
     </span>
    </p>
   </div>
   <div class='ocr_carea' id='block_1_78' title="bbox 737 4390 2309 4463">
    <p class='ocr_par' dir='ltr' id='par_1_78' title="bbox 737 4390 2309 4463">
     <span class='ocr_line' id='line_1_78' title="bbox 737 4390 2309 4463; baseline 0.002 -20"><span class='ocrx_word' id='word_1_560' title='bbox 737 4390 955 4458; x_wconf 84' lang='lat' dir='ltr'><strong>quidam</strong></span> <span class='ocrx_word' id='word_1_561' title='bbox 989 4392 1114 4444; x_wconf 89' lang='lat' dir='ltr'><strong>nudi</strong></span> <span class='ocrx_word' id='word_1_562' title='bbox 1157 4403 1463 4461; x_wconf 86' lang='lat' dir='ltr'><strong>coquantur</strong></span> <span class='ocrx_word' id='word_1_563' title='bbox 1503 4408 1534 4446; x_wconf 90' lang='lat' dir='ltr'><strong>a</strong></span> <span class='ocrx_word' id='word_1_564' title='bbox 1565 4391 1701 4458; x_wconf 90' lang='lat' dir='ltr'><strong>sole,</strong></span> <span class='ocrx_word' id='word_1_565' title='bbox 1746 4394 1962 4462; x_wconf 88' lang='lat' dir='ltr'><strong>quidam</strong></span> <span class='ocrx_word' id='word_1_566' title='bbox 1998 4410 2126 4449; x_wconf 89' lang='lat' dir='ltr'><strong>vero</strong></span> <span class='ocrx_word' id='word_1_567' title='bbox 2159 4403 2309 4463; x_wconf 89' lang='lat' dir='ltr'><strong>puta-</strong></span> 
     </span>
    </p>
   </div>
   <div class='ocr_carea' id='block_1_79' title="bbox 737 4482 2305 4554">
    <p class='ocr_par' dir='ltr' id='par_1_79' title="bbox 737 4482 2305 4554">
     <span class='ocr_line' id='line_1_79' title="bbox 737 4482 2305 4554; baseline 0.001 -18"><span class='ocrx_word' id='word_1_568' title='bbox 737 4482 973 4536; x_wconf 87' lang='lat' dir='ltr'><strong>minibus</strong></span> <span class='ocrx_word' id='word_1_569' title='bbox 1022 4487 1291 4548; x_wconf 88' lang='lat' dir='ltr'><strong>contecti,</strong></span> <span class='ocrx_word' id='word_1_570' title='bbox 1331 4486 1737 4554; x_wconf 86' lang='lat' dir='ltr'><strong>compleantur;</strong></span> <span class='ocrx_word' id='word_1_571' title='bbox 1774 4493 1829 4539; x_wconf 89' lang='lat' dir='ltr'><strong>et</strong></span> <span class='ocrx_word' id='word_1_572' title='bbox 1872 4501 2098 4554; x_wconf 87' lang='lat' dir='ltr'><strong>quarum</strong></span> <span class='ocrx_word' id='word_1_573' title='bbox 2148 4488 2305 4539; x_wconf 85' lang='lat' dir='ltr'><strong>arbo-</strong></span> 
     </span>
    </p>
   </div>
   <div class='ocr_carea' id='block_1_80' title="bbox 740 4576 2307 4650">
    <p class='ocr_par' dir='ltr' id='par_1_80' title="bbox 740 4576 2307 4650">
     <span class='ocr_line' id='line_1_80' title="bbox 740 4576 2307 4650; baseline 0.005 -24"><span class='ocrx_word' id='word_1_574' title='bbox 740 4590 859 4627; x_wconf 89' lang='lat' dir='ltr'><strong>rum</strong></span> <span class='ocrx_word' id='word_1_575' title='bbox 892 4583 1044 4628; x_wconf 88' lang='lat' dir='ltr'><strong>tener</strong></span> <span class='ocrx_word' id='word_1_576' title='bbox 1069 4584 1152 4627; x_wconf 87' lang='lat' dir='ltr'><strong>est</strong></span> <span class='ocrx_word' id='word_1_577' title='bbox 1193 4576 1420 4641; x_wconf 86' lang='lat' dir='ltr'><strong>fructus,</strong></span> <span class='ocrx_word' id='word_1_578' title='bbox 1455 4580 1507 4632; x_wconf 92' lang='lat' dir='ltr'><strong>in</strong></span> <span class='ocrx_word' id='word_1_579' title='bbox 1538 4581 1604 4633; x_wconf 89' lang='lat' dir='ltr'><strong>iis</strong></span> <span class='ocrx_word' id='word_1_580' title='bbox 1628 4594 1876 4634; x_wconf 85' lang='lat' dir='ltr'><strong>crassum</strong></span> <span class='ocrx_word' id='word_1_581' title='bbox 1906 4581 1976 4632; x_wconf 81' lang='lat' dir='ltr'><strong>sit</strong></span> <span class='ocrx_word' id='word_1_582' title='bbox 2008 4580 2120 4635; x_wconf 89' lang='lat' dir='ltr'><strong>folii</strong></span> <span class='ocrx_word' id='word_1_583' title='bbox 2159 4592 2307 4650; x_wconf 85' lang='lat' dir='ltr'><strong>tegu-</strong></span> 
     </span>
    </p>
   </div>
   <div class='ocr_carea' id='block_1_81' title="bbox 740 4666 2310 4739">
    <p class='ocr_par' dir='ltr' id='par_1_81' title="bbox 740 4666 2310 4739">
     <span class='ocr_line' id='line_1_81' title="bbox 740 4666 2310 4739; baseline 0.005 -22"><span class='ocrx_word' id='word_1_584' title='bbox 740 4676 1001 4731; x_wconf 89' lang='lat' dir='ltr'><strong>mentum,</strong></span> <span class='ocrx_word' id='word_1_585' title='bbox 1043 4666 1188 4721; x_wconf 90' lang='lat' dir='ltr'><strong>velut</strong></span> <span class='ocrx_word' id='word_1_586' title='bbox 1218 4667 1268 4720; x_wconf 89' lang='lat' dir='ltr'><strong>in</strong></span> <span class='ocrx_word' id='word_1_587' title='bbox 1311 4666 1444 4722; x_wconf 84' lang='lat' dir='ltr'><strong>lico:</strong></span> <span class='ocrx_word' id='word_1_588' title='bbox 1486 4686 1716 4739; x_wconf 89' lang='lat' dir='ltr'><strong>quarum</strong></span> <span class='ocrx_word' id='word_1_589' title='bbox 1758 4685 1887 4724; x_wconf 78' lang='lat' dir='ltr'><strong>vero</strong></span> <span class='ocrx_word' id='word_1_590' title='bbox 1934 4669 2139 4724; x_wconf 89' lang='lat' dir='ltr'><strong>fructus</strong></span> <span class='ocrx_word' id='word_1_591' title='bbox 2183 4682 2310 4726; x_wconf 84' lang='lat' dir='ltr'><strong>sunt</strong></span> 
     </span>
    </p>
   </div>
   <div class='ocr_carea' id='block_1_82' title="bbox 745 4756 2306 4824">
    <p class='ocr_par' dir='ltr' id='par_1_82' title="bbox 745 4756 2306 4824">
     <span class='ocr_line' id='line_1_82' title="bbox 745 4756 2306 4824; baseline 0.005 -16"><span class='ocrx_word' id='word_1_592' title='bbox 745 4756 1031 4823; x_wconf 91' lang='lat' dir='ltr'><strong>ﬁrmiores,</strong></span> <span class='ocrx_word' id='word_1_593' title='bbox 1060 4757 1175 4812; x_wconf 88' lang='lat' dir='ltr'><strong>leve</strong></span> <span class='ocrx_word' id='word_1_594' title='bbox 1213 4758 1286 4813; x_wconf 88' lang='lat' dir='ltr'><strong>sit</strong></span> <span class='ocrx_word' id='word_1_595' title='bbox 1329 4757 1580 4813; x_wconf 87' lang='lat' dir='ltr'><strong>foliorum</strong></span> <span class='ocrx_word' id='word_1_596' title='bbox 1617 4768 1891 4824; x_wconf 84' lang='lat' dir='ltr'><strong>tutamen,</strong></span> <span class='ocrx_word' id='word_1_597' title='bbox 1935 4763 2010 4813; x_wconf 91' lang='lat' dir='ltr'><strong>uti</strong></span> <span class='ocrx_word' id='word_1_598' title='bbox 2047 4762 2098 4814; x_wconf 91' lang='lat' dir='ltr'><strong>in</strong></span> <span class='ocrx_word' id='word_1_599' title='bbox 2150 4777 2306 4816; x_wconf 78' lang='lat' dir='ltr'><strong>nuce.</strong></span> 
     </span>
    </p>
   </div>
   <div class='ocr_carea' id='block_1_83' title="bbox 738 4845 2310 4921">
    <p class='ocr_par' dir='ltr' id='par_1_83' title="bbox 738 4845 2310 4921">
     <span class='ocr_line' id='line_1_83' title="bbox 738 4845 2310 4921; baseline 0.001 -16"><span class='ocrx_word' id='word_1_600' title='bbox 738 4845 873 4905; x_wconf 80' lang='lat' dir='ltr'><strong>Nam</strong></span> <span class='ocrx_word' id='word_1_601' title='bbox 908 4847 1013 4903; x_wconf 88' lang='lat' dir='ltr'><strong>illis</strong></span> <span class='ocrx_word' id='word_1_602' title='bbox 1034 4852 1100 4904; x_wconf 91' lang='lat' dir='ltr'><strong>ob</strong></span> <span class='ocrx_word' id='word_1_603' title='bbox 1125 4851 1454 4906; x_wconf 85' lang='lat' dir='ltr'><strong>debilitatem</strong></span> <span class='ocrx_word' id='word_1_604' title='bbox 1499 4852 1739 4907; x_wconf 89' lang='lat' dir='ltr'><strong>subsidio</strong></span> <span class='ocrx_word' id='word_1_605' title='bbox 1764 4855 1969 4921; x_wconf 83' lang='lat' dir='ltr'><strong>majore</strong></span> <span class='ocrx_word' id='word_1_606' title='bbox 2001 4866 2133 4919; x_wconf 92' lang='lat' dir='ltr'><strong>opus</strong></span> <span class='ocrx_word' id='word_1_607' title='bbox 2155 4861 2310 4907; x_wconf 88' lang='lat' dir='ltr'><strong>erat:</strong></span> 
     </span>
    </p>
   </div>
   <div class='ocr_carea' id='block_1_84' title="bbox 740 4942 2306 5015">
    <p class='ocr_par' dir='ltr' id='par_1_84' title="bbox 740 4942 2306 5015">
     <span class='ocr_line' id='line_1_84' title="bbox 740 4942 2306 5015; baseline 0.002 -20"><span class='ocrx_word' id='word_1_608' title='bbox 740 4942 827 4996; x_wconf 90' lang='lat' dir='ltr'><strong>his</strong></span> <span class='ocrx_word' id='word_1_609' title='bbox 873 4958 1001 4997; x_wconf 90' lang='lat' dir='ltr'><strong>vero</strong></span> <span class='ocrx_word' id='word_1_610' title='bbox 1038 4946 1269 5000; x_wconf 85' lang='lat' dir='ltr'><strong>amictus</strong></span> <span class='ocrx_word' id='word_1_611' title='bbox 1322 4946 1561 5000; x_wconf 86' lang='lat' dir='ltr'><strong>crassior</strong></span> <span class='ocrx_word' id='word_1_612' title='bbox 1608 4956 1827 5015; x_wconf 78' lang='lat' dir='ltr'><strong>propter</strong></span> <span class='ocrx_word' id='word_1_613' title='bbox 1879 4946 2153 5000; x_wconf 83' lang='lat' dir='ltr'><strong>frondium</strong></span> <span class='ocrx_word' id='word_1_614' title='bbox 2194 4962 2306 4999; x_wconf 84' lang='lat' dir='ltr'><strong>nut-</strong></span> 
     </span>
    </p>
   </div>
   <div class='ocr_carea' id='block_1_85' title="bbox 741 5036 2309 5105">
    <p class='ocr_par' dir='ltr' id='par_1_85' title="bbox 741 5036 2309 5105">
     <span class='ocr_line' id='line_1_85' title="bbox 741 5036 2309 5105; baseline 0 -16"><span class='ocrx_word' id='word_1_615' title='bbox 741 5036 895 5089; x_wconf 85' lang='lat' dir='ltr'><strong>bram</strong></span> <span class='ocrx_word' id='word_1_616' title='bbox 930 5037 1223 5091; x_wconf 85' lang='lat' dir='ltr'><strong>nocuisset.</strong></span> <span class='ocrx_word' id='word_1_617' title='bbox 1249 5040 1531 5105; x_wconf 81' lang='lat' dir='ltr'><strong>Quomodo</strong></span> <span class='ocrx_word' id='word_1_618' title='bbox 1561 5038 1819 5093; x_wconf 74' lang='lat' dir='ltr'><strong>diffissum</strong></span> <span class='ocrx_word' id='word_1_619' title='bbox 1851 5039 1923 5091; x_wconf 90' lang='lat' dir='ltr'><strong>sit</strong></span> <span class='ocrx_word' id='word_1_620' title='bbox 1950 5039 2076 5092; x_wconf 87' lang='lat' dir='ltr'><strong>vitis</strong></span> <span class='ocrx_word' id='word_1_621' title='bbox 2102 5036 2309 5103; x_wconf 81' lang='lat' dir='ltr'><strong>folium,</strong></span> 
     </span>
    </p>
   </div>
   <div class='ocr_carea' id='block_1_86' title="bbox 742 5129 2313 5196">
    <p class='ocr_par' dir='ltr' id='par_1_86' title="bbox 742 5129 2313 5196">
     <span class='ocr_line' id='line_1_86' title="bbox 742 5129 2313 5196; baseline 0.003 -18"><span class='ocrx_word' id='word_1_622' title='bbox 742 5135 802 5179; x_wconf 90' lang='lat' dir='ltr'><strong>ut</strong></span> <span class='ocrx_word' id='word_1_623' title='bbox 852 5142 953 5179; x_wconf 86' lang='lat' dir='ltr'><strong>uva</strong></span> <span class='ocrx_word' id='word_1_624' title='bbox 986 5137 1041 5181; x_wconf 90' lang='lat' dir='ltr'><strong>et</strong></span> <span class='ocrx_word' id='word_1_625' title='bbox 1089 5130 1231 5183; x_wconf 85' lang='lat' dir='ltr'><strong>aeris</strong></span> <span class='ocrx_word' id='word_1_626' title='bbox 1268 5129 1484 5196; x_wconf 89' lang='lat' dir='ltr'><strong>injuriis</strong></span> <span class='ocrx_word' id='word_1_627' title='bbox 1535 5130 1783 5194; x_wconf 87' lang='lat' dir='ltr'><strong>resistat,</strong></span> <span class='ocrx_word' id='word_1_628' title='bbox 1834 5137 1888 5180; x_wconf 91' lang='lat' dir='ltr'><strong>et</strong></span> <span class='ocrx_word' id='word_1_629' title='bbox 1922 5131 2130 5184; x_wconf 86' lang='lat' dir='ltr'><strong>radium</strong></span> <span class='ocrx_word' id='word_1_630' title='bbox 2183 5129 2313 5194; x_wconf 79' lang='lat' dir='ltr'><strong>sqlis</strong></span> 
     </span>
    </p>
   </div>
   <div class='ocr_carea' id='block_1_87' title="bbox 746 5216 2313 5291">
    <p class='ocr_par' dir='ltr' id='par_1_87' title="bbox 746 5216 2313 5291">
     <span class='ocr_line' id='line_1_87' title="bbox 746 5216 2313 5291; baseline 0.006 -23"><span class='ocrx_word' id='word_1_631' title='bbox 746 5229 841 5284; x_wconf 87' lang='lat' dir='ltr'><strong>per</strong></span> <span class='ocrx_word' id='word_1_632' title='bbox 874 5216 1016 5272; x_wconf 89' lang='lat' dir='ltr'><strong>illius</strong></span> <span class='ocrx_word' id='word_1_633' title='bbox 1056 5222 1338 5275; x_wconf 82' lang='lat' dir='ltr'><strong>raritatem</strong></span> <span class='ocrx_word' id='word_1_634' title='bbox 1385 5222 1619 5276; x_wconf 85' lang='lat' dir='ltr'><strong>ubertim</strong></span> <span class='ocrx_word' id='word_1_635' title='bbox 1665 5222 1952 5291; x_wconf 83' lang='lat' dir='ltr'><strong>suscipiat.</strong></span> <span class='ocrx_word' id='word_1_636' title='bbox 2006 5221 2147 5275; x_wconf 83' lang='lat' dir='ltr'><strong>Nihil</strong></span> <span class='ocrx_word' id='word_1_637' title='bbox 2195 5223 2313 5277; x_wconf 88' lang='lat' dir='ltr'><strong>sine</strong></span> 
     </span>
    </p>
   </div>
   <div class='ocr_carea' id='block_1_88' title="bbox 818 5374 2311 5452">
    <p class='ocr_par' dir='ltr' id='par_1_88' title="bbox 818 5374 2311 5452">
     <span class='ocr_line' id='line_1_88' title="bbox 818 5374 2311 5452; baseline 0.003 -23"><span class='ocrx_word' id='word_1_638' title='bbox 818 5374 1165 5452; x_wconf 50' lang='grc' dir='ltr'><strong>((ὶδλιίᾱῖιίοΔ</strong></span> <span class='ocrx_word' id='word_1_639' title='bbox 1209 5377 1375 5452; x_wconf 85' lang='lat' dir='ltr'><strong>Basil.</strong></span> <span class='ocrx_word' id='word_1_640' title='bbox 1406 5397 1527 5452; x_wconf 84' lang='lat' dir='ltr'><strong>cum</strong></span> <span class='ocrx_word' id='word_1_641' title='bbox 1584 5390 1707 5452; x_wconf 75' lang='lat' dir='ltr'><strong>octo</strong></span> <span class='ocrx_word' id='word_1_642' title='bbox 1753 5395 1909 5443; x_wconf 86' lang='lat' dir='ltr'><strong>mss.,</strong></span> <span class='ocrx_word' id='word_1_643' title='bbox 1948 5379 2007 5430; x_wconf 84' lang='grc' dir='ltr'>ὲν</span> <span class='ocrx_word' id='word_1_644' title='bbox 2038 5380 2187 5451; x_wconf 80' lang='grc' dir='ltr'>αὐτῷ</span> <span class='ocrx_word' id='word_1_645' title='bbox 2233 5381 2311 5452; x_wconf 85' lang='grc' dir='ltr'>τῷ</span> 
     </span>
    </p>
   </div>
   <div class='ocr_carea' id='block_1_89' title="bbox 744 5445 1887 5521">
    <p class='ocr_par' dir='ltr' id='par_1_89' title="bbox 744 5445 1887 5521">
     <span class='ocr_line' id='line_1_89' title="bbox 744 5445 1887 5521; baseline 0.003 -23"><span class='ocrx_word' id='word_1_646' title='bbox 744 5445 1099 5521; x_wconf 12' lang='grc' dir='ltr'>εἴδειεξΕιίί-ιίο</span> <span class='ocrx_word' id='word_1_647' title='bbox 1138 5448 1335 5512; x_wconf 86' lang='lat' dir='ltr'><strong>Paris.,</strong></span> <span class='ocrx_word' id='word_1_648' title='bbox 1369 5452 1427 5504; x_wconf 83' lang='grc' dir='ltr'><strong>ἐν</strong></span> <span class='ocrx_word' id='word_1_649' title='bbox 1454 5450 1533 5521; x_wconf 83' lang='grc' dir='ltr'><strong>τῷ</strong></span> <span class='ocrx_word' id='word_1_650' title='bbox 1560 5450 1710 5521; x_wconf 77' lang='grc' dir='ltr'>αὐτῷ</span> <span class='ocrx_word' id='word_1_651' title='bbox 1740 5452 1887 5503; x_wconf 82' lang='grc' dir='ltr'>εῖδει.</span> 
     </span>
    </p>
   </div>
   <div class='ocr_carea' id='block_1_90' title="bbox 839 5518 2036 5584">
    <p class='ocr_par' dir='ltr' id='par_1_90' title="bbox 839 5518 2036 5584">
     <span class='ocr_line' id='line_1_90' title="bbox 839 5518 2036 5584; baseline 0.003 -12"><span class='ocrx_word' id='word_1_652' title='bbox 839 5518 929 5584; x_wconf 71' lang='grc'><strong>64)</strong></span> <span class='ocrx_word' id='word_1_653' title='bbox 974 5518 1063 5572; x_wconf 86' lang='lat' dir='ltr'><strong>Sic</strong></span> <span class='ocrx_word' id='word_1_654' title='bbox 1087 5536 1216 5575; x_wconf 79' lang='lat' dir='ltr'><strong>mss.</strong></span> <span class='ocrx_word' id='word_1_655' title='bbox 1251 5530 1378 5574; x_wconf 87' lang='lat' dir='ltr'><strong>tres.</strong></span> <span class='ocrx_word' id='word_1_656' title='bbox 1416 5518 1571 5575; x_wconf 84' lang='lat' dir='ltr'><strong>Deest</strong></span> <span class='ocrx_word' id='word_1_657' title='bbox 1600 5518 1693 5574; x_wconf 84' lang='grc' dir='ltr'><strong>καί</strong></span> <span class='ocrx_word' id='word_1_658' title='bbox 1718 5521 1768 5572; x_wconf 86' lang='lat' dir='ltr'><strong>in</strong></span> <span class='ocrx_word' id='word_1_659' title='bbox 1801 5520 2036 5575; x_wconf 76' lang='lat' dir='ltr'><strong>excusis.</strong></span> 
     </span>
    </p>
   </div>
   <div class='ocr_carea' id='block_1_91' title="bbox 847 5588 1787 5663">
    <p class='ocr_par' dir='ltr' id='par_1_91' title="bbox 847 5588 1787 5663">
     <span class='ocr_line' id='line_1_91' title="bbox 847 5588 1787 5663; baseline 0.004 -22"><span class='ocrx_word' id='word_1_660' title='bbox 968 5588 1050 5663; x_wconf 89' lang='lat' dir='ltr'><strong>_lta</strong></span> <span class='ocrx_word' id='word_1_661' title='bbox 1072 5604 1177 5663; x_wconf 64' lang='lat' dir='ltr'><strong>sex</strong></span> <span class='ocrx_word' id='word_1_662' title='bbox 1214 5606 1342 5645; x_wconf 85' lang='lat' dir='ltr'><strong>mss.</strong></span> <span class='ocrx_word' id='word_1_663' title='bbox 1377 5588 1512 5644; x_wconf 87' lang='lat' dir='ltr'><strong>Editi</strong></span> <span class='ocrx_word' id='word_1_664' title='bbox 1543 5593 1787 5663; x_wconf 78' lang='grc' dir='ltr'>ἀγρίους.</span> 
     </span>
    </p>
   </div>
   <div class='ocr_carea' id='block_1_92' title="bbox 835 5658 2314 5727">
    <p class='ocr_par' dir='ltr' id='par_1_92' title="bbox 835 5658 2314 5727">
     <span class='ocr_line' id='line_1_92' title="bbox 835 5658 2314 5727; baseline 0.003 -15"><span class='ocrx_word' id='word_1_665' title='bbox 835 5659 925 5727; x_wconf 84' lang='grc'><strong>66)</strong></span> <span class='ocrx_word' id='word_1_666' title='bbox 965 5659 1038 5713; x_wconf 88' lang='lat' dir='ltr'><strong>lta</strong></span> <span class='ocrx_word' id='word_1_667' title='bbox 1072 5658 1201 5718; x_wconf 69' lang='lat' dir='ltr'><strong>Reg.</strong></span> <span class='ocrx_word' id='word_1_668' title='bbox 1232 5671 1454 5715; x_wconf 77' lang='lat' dir='ltr'><strong>octavus</strong></span> <span class='ocrx_word' id='word_1_669' title='bbox 1485 5658 1788 5718; x_wconf 65' lang='lat' dir='ltr'><strong>ctnn&#39;Colb.</strong></span> <span class='ocrx_word' id='word_1_670' title='bbox 1814 5662 2049 5717; x_wconf 85' lang='lat' dir='ltr'><strong>secundo</strong></span> <span class='ocrx_word' id='word_1_671' title='bbox 2074 5672 2128 5716; x_wconf 86' lang='lat' dir='ltr'><strong>et</strong></span> <span class='ocrx_word' id='word_1_672' title='bbox 2158 5663 2314 5719; x_wconf 90' lang='lat' dir='ltr'><strong>Com—</strong></span> 
     </span>
    </p>
   </div>
   <div class='ocr_carea' id='block_1_93' title="bbox 743 5660 2251 5817">
    <p class='ocr_par' dir='ltr' id='par_1_93' title="bbox 743 5660 2251 5817">
     <span class='ocr_line' id='line_1_93' title="bbox 814 5660 2251 5779; baseline 0.003 -67"><span class='ocrx_word' id='word_1_673' title='bbox 814 5660 925 5779; x_wconf 41' lang='lat' dir='ltr'><strong>Sﬁli)</strong></span> <span class='ocrx_word' id='word_1_674' title='bbox 965 5660 1038 5713; x_wconf 88' lang='lat' dir='ltr'><strong>lta</strong></span> <span class='ocrx_word' id='word_1_675' title='bbox 1072 5660 1201 5718; x_wconf 69' lang='lat' dir='ltr'><strong>Reg.</strong></span> <span class='ocrx_word' id='word_1_676' title='bbox 1232 5671 1454 5715; x_wconf 77' lang='lat' dir='ltr'><strong>octavus</strong></span> <span class='ocrx_word' id='word_1_677' title='bbox 1485 5660 1788 5744; x_wconf 36' lang='lat' dir='ltr'><strong>cuin—Colb.</strong></span> <span class='ocrx_word' id='word_1_678' title='bbox 1814 5662 2049 5717; x_wconf 85' lang='lat' dir='ltr'><strong>secundo</strong></span> <span class='ocrx_word' id='word_1_679' title='bbox 2074 5672 2128 5716; x_wconf 86' lang='lat' dir='ltr'><strong>et</strong></span> <span class='ocrx_word' id='word_1_680' title='bbox 2158 5663 2251 5719; x_wconf 76' lang='lat' dir='ltr'><strong>Cor</strong></span> 
     </span>
     <span class='ocr_line' id='line_1_94' title="bbox 743 5728 2251 5817; baseline 0 0"><span class='ocrx_word' id='word_1_681' title='bbox 743 5728 1322 5817; x_wconf 50' lang='lat' dir='ltr'><strong>M.:3P‘E§LE°‘?3¢?°“</strong></span> <span class='ocrx_word' id='word_1_682' title='bbox 1352 5734 1418 5785; x_wconf 65' lang='lat' dir='ltr'><strong>ab</strong></span> <span class='ocrx_word' id='word_1_683' title='bbox 1446 5732 1627 5817; x_wconf 61' lang='grc' dir='ltr'>εάωξτ</span> <span class='ocrx_word' id='word_1_684' title='bbox 1958 5804 1969 5817; x_wconf 83' lang='grc'><strong>,</strong></span> <span class='ocrx_word' id='word_1_685' title='bbox 2240 5803 2251 5817; x_wconf 91' lang='grc'><strong>.</strong></span> 
     </span>
    </p>
   </div>
   <div class='ocr_carea' id='block_1_94' title="bbox 820 5797 2307 5871">
    <p class='ocr_par' dir='ltr' id='par_1_94' title="bbox 820 5797 2307 5871">
     <span class='ocr_line' id='line_1_95' title="bbox 820 5797 2307 5871; baseline 0.008 -25"><span class='ocrx_word' id='word_1_686' title='bbox 820 5798 929 5871; x_wconf 60' lang='lat'><strong>(5:!)</strong></span> <span class='ocrx_word' id='word_1_687' title='bbox 972 5797 1109 5871; x_wconf 69' lang='lat' dir='ltr'><strong>Editi</strong></span> <span class='ocrx_word' id='word_1_688' title='bbox 1136 5815 1257 5852; x_wconf 87' lang='lat' dir='ltr'><strong>cum</strong></span> <span class='ocrx_word' id='word_1_689' title='bbox 1292 5817 1399 5853; x_wconf 88' lang='lat' dir='ltr'><strong>uno</strong></span> <span class='ocrx_word' id='word_1_690' title='bbox 1437 5814 1527 5853; x_wconf 88' lang='lat' dir='ltr'><strong>aut</strong></span> <span class='ocrx_word' id='word_1_691' title='bbox 1558 5802 1727 5855; x_wconf 84' lang='lat' dir='ltr'><strong>altero</strong></span> <span class='ocrx_word' id='word_1_692' title='bbox 1765 5818 1864 5855; x_wconf 90' lang='lat' dir='ltr'><strong>ms.</strong></span> <span class='ocrx_word' id='word_1_693' title='bbox 1892 5804 2017 5864; x_wconf 80' lang='grc' dir='ltr'>τοὺς</span> <span class='ocrx_word' id='word_1_694' title='bbox 2044 5803 2307 5871; x_wconf 78' lang='grc' dir='ltr'>καρπούς.</span> 
     </span>
    </p>
   </div>
   <div class='ocr_carea' id='block_1_95' title="bbox 753 5860 2201 5942">
    <p class='ocr_par' dir='ltr' id='par_1_95' title="bbox 753 5860 2201 5942">
     <span class='ocr_line' id='line_1_96' title="bbox 753 5860 2201 5942; baseline 0.006 -25"><span class='ocrx_word' id='word_1_695' title='bbox 753 5860 1094 5921; x_wconf 63' lang='grc' dir='ltr'>Δι’(ἰοιυιιθί.</span> <span class='ocrx_word' id='word_1_696' title='bbox 1121 5883 1240 5922; x_wconf 86' lang='lat' dir='ltr'><strong>cum</strong></span> <span class='ocrx_word' id='word_1_697' title='bbox 1270 5870 1386 5924; x_wconf 80' lang='lat' dir='ltr'><strong>aliis</strong></span> <span class='ocrx_word' id='word_1_698' title='bbox 1418 5884 1647 5936; x_wconf 81' lang='lat' dir='ltr'><strong>quatuor</strong></span> <span class='ocrx_word' id='word_1_699' title='bbox 1680 5888 1811 5928; x_wconf 83' lang='lat' dir='ltr'><strong>mss.</strong></span> <span class='ocrx_word' id='word_1_700' title='bbox 1844 5872 1936 5925; x_wconf 84' lang='grc' dir='ltr'><strong>τὸν</strong></span> <span class='ocrx_word' id='word_1_701' title='bbox 1968 5860 2201 5942; x_wconf 69' lang='grc' dir='ltr'>καρπόν.</span> 
     </span>
    </p>
   </div>
   <div class='ocr_carea' id='block_1_96' title="bbox 2482 3938 3995 4021">
    <p class='ocr_par' dir='ltr' id='par_1_96' title="bbox 2482 3938 3995 4021">
     <span class='ocr_line' id='line_1_97' title="bbox 2482 3938 3995 4021; baseline 0.009 -29"><span class='ocrx_word' id='word_1_702' title='bbox 2482 3939 2535 3993; x_wconf 86' lang='lat'><strong>8.</strong></span> <span class='ocrx_word' id='word_1_703' title='bbox 2565 3939 2828 3993; x_wconf 77' lang='grc' dir='ltr'>Τοιαῦται</span> <span class='ocrx_word' id='word_1_704' title='bbox 2858 3940 2955 4011; x_wconf 80' lang='grc' dir='ltr'>μὲν</span> <span class='ocrx_word' id='word_1_705' title='bbox 2980 3938 3071 3996; x_wconf 76' lang='grc' dir='ltr'><strong>οὖν</strong></span> <span class='ocrx_word' id='word_1_706' title='bbox 3100 3946 3156 3997; x_wconf 87' lang='grc' dir='ltr'>αἱ</span> <span class='ocrx_word' id='word_1_707' title='bbox 3188 3948 3315 4017; x_wconf 58' lang='grc' dir='ltr'><strong>περὶ⁸</strong></span> <span class='ocrx_word' id='word_1_708' title='bbox 3341 3947 3433 4001; x_wconf 79' lang='grc' dir='ltr'>τὸν</span> <span class='ocrx_word' id='word_1_709' title='bbox 3460 3949 3660 4020; x_wconf 84' lang='grc' dir='ltr'>τρόπον</span> <span class='ocrx_word' id='word_1_710' title='bbox 3701 3950 3801 4021; x_wconf 86' lang='grc' dir='ltr'><strong>τῆς</strong></span> <span class='ocrx_word' id='word_1_711' title='bbox 3844 3954 3995 4021; x_wconf 67' lang='grc' dir='ltr'>γενέ.</span> 
     </span>
    </p>
   </div>
   <div class='ocr_carea' id='block_1_97' title="bbox 2411 4028 3995 4104">
    <p class='ocr_par' dir='ltr' id='par_1_97' title="bbox 2411 4028 3995 4104">
     <span class='ocr_line' id='line_1_98' title="bbox 2411 4028 3995 4104; baseline 0.012 -25"><span class='ocrx_word' id='word_1_712' title='bbox 2411 4044 2547 4091; x_wconf 87' lang='grc' dir='ltr'>σεως</span> <span class='ocrx_word' id='word_1_713' title='bbox 2575 4028 2753 4081; x_wconf 79' lang='grc' dir='ltr'>αὐτῶν</span> <span class='ocrx_word' id='word_1_714' title='bbox 2785 4028 3058 4101; x_wconf 74' lang='grc' dir='ltr'>διαφοραὶ,</span> <span class='ocrx_word' id='word_1_715' title='bbox 3096 4032 3170 4095; x_wconf 81' lang='grc' dir='ltr'>ὡς</span> <span class='ocrx_word' id='word_1_716' title='bbox 3198 4034 3453 4104; x_wconf 85' lang='grc' dir='ltr'>ἐλάχιστα</span> <span class='ocrx_word' id='word_1_717' title='bbox 3491 4041 3662 4093; x_wconf 72' lang='grc' dir='ltr'>εἰπεῖν</span> <span class='ocrx_word' id='word_1_718' title='bbox 3696 4042 3807 4095; x_wconf 81' lang='grc' dir='ltr'><strong>ἀπὺ</strong></span> <span class='ocrx_word' id='word_1_719' title='bbox 3844 4042 3995 4097; x_wconf 86' lang='grc' dir='ltr'>πλεί-</span> 
     </span>
    </p>
   </div>
   <div class='ocr_carea' id='block_1_98' title="bbox 2413 4118 3992 4201">
    <p class='ocr_par' dir='ltr' id='par_1_98' title="bbox 2413 4118 3992 4201">
     <span class='ocr_line' id='line_1_99' title="bbox 2413 4118 3992 4201; baseline 0.011 -31"><span class='ocrx_word' id='word_1_720' title='bbox 2413 4135 2572 4171; x_wconf 85' lang='grc' dir='ltr'>στων.</span> <span class='ocrx_word' id='word_1_721' title='bbox 2593 4118 2782 4170; x_wconf 79' lang='grc' dir='ltr'>Αὐτῶν</span> <span class='ocrx_word' id='word_1_722' title='bbox 2802 4120 2858 4171; x_wconf 83' lang='grc' dir='ltr'>δὲ</span> <span class='ocrx_word' id='word_1_723' title='bbox 2874 4120 2982 4173; x_wconf 89' lang='grc' dir='ltr'><strong>τῶν</strong></span> <span class='ocrx_word' id='word_1_724' title='bbox 3005 4121 3232 4191; x_wconf 84' lang='grc' dir='ltr'>καρπῶν</span> <span class='ocrx_word' id='word_1_725' title='bbox 3255 4125 3338 4186; x_wconf 85' lang='grc' dir='ltr'><strong>τίς</strong></span> <span class='ocrx_word' id='word_1_726' title='bbox 3364 4125 3427 4178; x_wconf 80' lang='grc' dir='ltr'><strong>ἂν</strong></span> <span class='ocrx_word' id='word_1_727' title='bbox 3453 4129 3668 4183; x_wconf 77' lang='grc' dir='ltr'>ἐπέλθοι</span> <span class='ocrx_word' id='word_1_728' title='bbox 3689 4132 3788 4201; x_wconf 79' lang='grc' dir='ltr'>τὴν</span> <span class='ocrx_word' id='word_1_729' title='bbox 3810 4151 3992 4187; x_wconf 82' lang='grc' dir='ltr'>ποικι-</span> 
     </span>
    </p>
   </div>
   <div class='ocr_carea' id='block_1_99' title="bbox 2411 4208 3993 4294">
    <p class='ocr_par' dir='ltr' id='par_1_99' title="bbox 2411 4208 3993 4294">
     <span class='ocr_line' id='line_1_100' title="bbox 2411 4208 3993 4294; baseline 0.008 -33"><span class='ocrx_word' id='word_1_730' title='bbox 2411 4209 2552 4271; x_wconf 83' lang='grc' dir='ltr'>λίαν,</span> <span class='ocrx_word' id='word_1_731' title='bbox 2579 4208 2649 4261; x_wconf 87' lang='grc' dir='ltr'><strong>τά</strong></span> <span class='ocrx_word' id='word_1_732' title='bbox 2678 4212 2953 4278; x_wconf 81' lang='grc' dir='ltr'>σχήματα,</span> <span class='ocrx_word' id='word_1_733' title='bbox 2982 4211 3081 4273; x_wconf 85' lang='grc' dir='ltr'><strong>τάς</strong></span> <span class='ocrx_word' id='word_1_734' title='bbox 3110 4212 3297 4281; x_wconf 83' lang='grc' dir='ltr'>χρόας,</span> <span class='ocrx_word' id='word_1_735' title='bbox 3315 4214 3421 4266; x_wconf 85' lang='grc' dir='ltr'><strong>τῶν</strong></span> <span class='ocrx_word' id='word_1_736' title='bbox 3443 4219 3630 4287; x_wconf 84' lang='grc' dir='ltr'>χυμῶν</span> <span class='ocrx_word' id='word_1_737' title='bbox 3664 4220 3760 4289; x_wconf 84' lang='grc' dir='ltr'>τὴν</span> <span class='ocrx_word' id='word_1_738' title='bbox 3796 4223 3993 4294; x_wconf 76' lang='grc' dir='ltr'>ἰδιότηο</span> 
     </span>
    </p>
   </div>
   <div class='ocr_carea' id='block_1_100' title="bbox 2412 4299 3992 4383">
    <p class='ocr_par' dir='ltr' id='par_1_100' title="bbox 2412 4299 3992 4383">
     <span class='ocr_line' id='line_1_101' title="bbox 2412 4299 3992 4383; baseline 0.011 -33"><span class='ocrx_word' id='word_1_739' title='bbox 2412 4318 2501 4365; x_wconf 79' lang='grc' dir='ltr'><strong>τα,</strong></span> <span class='ocrx_word' id='word_1_740' title='bbox 2534 4300 2595 4352; x_wconf 84' lang='grc' dir='ltr'><strong>τὸ</strong></span> <span class='ocrx_word' id='word_1_741' title='bbox 2624 4300 2716 4368; x_wconf 66' lang='grc' dir='ltr'><strong>ἀφ’</strong></span> <span class='ocrx_word' id='word_1_742' title='bbox 2758 4299 2986 4353; x_wconf 77' lang='grc' dir='ltr'>ἑκάστου</span> <span class='ocrx_word' id='word_1_743' title='bbox 3026 4303 3325 4373; x_wconf 77' lang='grc' dir='ltr'>χρήσιμον;</span> <span class='ocrx_word' id='word_1_744' title='bbox 3364 4306 3487 4369; x_wconf 88' lang='grc' dir='ltr'>Πῶς</span> <span class='ocrx_word' id='word_1_745' title='bbox 3513 4308 3635 4362; x_wconf 78' lang='grc' dir='ltr'>τινὰ</span> <span class='ocrx_word' id='word_1_746' title='bbox 3676 4309 3775 4380; x_wconf 78' lang='grc' dir='ltr'>μὲν</span> <span class='ocrx_word' id='word_1_747' title='bbox 3808 4313 3992 4383; x_wconf 85' lang='grc' dir='ltr'>γυμνά</span> 
     </span>
    </p>
   </div>
   <div class='ocr_carea' id='block_1_101' title="bbox 2418 4392 3989 4475">
    <p class='ocr_par' dir='ltr' id='par_1_101' title="bbox 2418 4392 3989 4475">
     <span class='ocr_line' id='line_1_102' title="bbox 2418 4392 3989 4475; baseline -0.003 -22"><span class='ocrx_word' id='word_1_748' title='bbox 2418 4392 2689 4445; x_wconf 75' lang='grc' dir='ltr'>πέπτεται</span> <span class='ocrx_word' id='word_1_749' title='bbox 2747 4392 2825 4462; x_wconf 86' lang='grc' dir='ltr'>τῷ</span> <span class='ocrx_word' id='word_1_750' title='bbox 2864 4392 2997 4463; x_wconf 76' lang='grc' dir='ltr'>ἡλίῳ</span> <span class='ocrx_word' id='word_1_751' title='bbox 3041 4395 3175 4465; x_wconf 81' lang='grc'>(68),</span> <span class='ocrx_word' id='word_1_752' title='bbox 3214 4396 3337 4450; x_wconf 83' lang='grc' dir='ltr'>τινὰ</span> <span class='ocrx_word' id='word_1_753' title='bbox 3372 4397 3429 4452; x_wconf 78' lang='grc' dir='ltr'>δὲ</span> <span class='ocrx_word' id='word_1_754' title='bbox 3470 4401 3527 4454; x_wconf 82' lang='grc' dir='ltr'>ὲν</span> <span class='ocrx_word' id='word_1_755' title='bbox 3556 4399 3989 4475; x_wconf 71' lang='grc' dir='ltr'>ἐλύτροιςνχεκα-</span> 
     </span>
    </p>
   </div>
   <div class='ocr_carea' id='block_1_102' title="bbox 2416 4482 3989 4570">
    <p class='ocr_par' dir='ltr' id='par_1_102' title="bbox 2416 4482 3989 4570">
     <span class='ocr_line' id='line_1_103' title="bbox 2416 4482 3989 4570; baseline 0.01 -33"><span class='ocrx_word' id='word_1_756' title='bbox 2416 4483 2671 4556; x_wconf 84' lang='grc' dir='ltr'>λυμμένα</span> <span class='ocrx_word' id='word_1_757' title='bbox 2692 4484 3025 4556; x_wconf 79' lang='grc' dir='ltr'>πληροῦται;</span> <span class='ocrx_word' id='word_1_758' title='bbox 3073 4491 3166 4543; x_wconf 78' lang='grc' dir='ltr'>καὶ</span> <span class='ocrx_word' id='word_1_759' title='bbox 3207 4482 3282 4543; x_wconf 82' lang='grc' dir='ltr'>ὧν</span> <span class='ocrx_word' id='word_1_760' title='bbox 3318 4491 3417 4561; x_wconf 84' lang='grc' dir='ltr'><strong>μὲν</strong></span> <span class='ocrx_word' id='word_1_761' title='bbox 3450 4493 3656 4557; x_wconf 84' lang='grc' dir='ltr'>ἀπαλδς</span> <span class='ocrx_word' id='word_1_762' title='bbox 3693 4498 3721 4547; x_wconf 83' lang='grc' dir='ltr'>ὁ</span> <span class='ocrx_word' id='word_1_763' title='bbox 3756 4498 3989 4570; x_wconf 76' lang='grc' dir='ltr'>καρπὸς,</span> 
     </span>
    </p>
   </div>
   <div class='ocr_carea' id='block_1_103' title="bbox 2417 4572 3987 4659">
    <p class='ocr_par' dir='ltr' id='par_1_103' title="bbox 2417 4572 3987 4659">
     <span class='ocr_line' id='line_1_104' title="bbox 2417 4572 3987 4659; baseline 0.011 -34"><span class='ocrx_word' id='word_1_764' title='bbox 2417 4575 2559 4644; x_wconf 84' lang='grc' dir='ltr'>παχὺ</span> <span class='ocrx_word' id='word_1_765' title='bbox 2582 4572 2674 4625; x_wconf 77' lang='grc' dir='ltr'>τοῦ</span> <span class='ocrx_word' id='word_1_766' title='bbox 2701 4572 2898 4641; x_wconf 82' lang='grc' dir='ltr'>φύλλου</span> <span class='ocrx_word' id='word_1_767' title='bbox 2925 4576 2985 4628; x_wconf 85' lang='grc' dir='ltr'>τὸ</span> <span class='ocrx_word' id='word_1_768' title='bbox 3006 4580 3422 4653; x_wconf 72' lang='grc' dir='ltr'>σκεπαστήριον,</span> <span class='ocrx_word' id='word_1_769' title='bbox 3452 4582 3526 4644; x_wconf 84' lang='grc' dir='ltr'><strong>ὡς</strong></span> <span class='ocrx_word' id='word_1_770' title='bbox 3547 4584 3639 4636; x_wconf 76' lang='grc' dir='ltr'><strong>ἐπὶ</strong></span> <span class='ocrx_word' id='word_1_771' title='bbox 3664 4586 3762 4654; x_wconf 83' lang='grc' dir='ltr'><strong>τῆς</strong></span> <span class='ocrx_word' id='word_1_772' title='bbox 3789 4589 3987 4659; x_wconf 84' lang='grc' dir='ltr'>συκῆς,</span> 
     </span>
    </p>
   </div>
   <div class='ocr_carea' id='block_1_104' title="bbox 2414 4659 3989 4747">
    <p class='ocr_par' dir='ltr' id='par_1_104' title="bbox 2414 4659 3989 4747">
     <span class='ocr_line' id='line_1_105' title="bbox 2414 4659 3989 4747; baseline 0.01 -29"><span class='ocrx_word' id='word_1_773' title='bbox 2414 4659 2488 4719; x_wconf 81' lang='grc' dir='ltr'>ὧν</span> <span class='ocrx_word' id='word_1_774' title='bbox 2520 4666 2578 4718; x_wconf 82' lang='grc' dir='ltr'>δὲ</span> <span class='ocrx_word' id='word_1_775' title='bbox 2619 4666 2668 4718; x_wconf 87' lang='grc' dir='ltr'>οἰ</span> <span class='ocrx_word' id='word_1_776' title='bbox 2703 4668 2902 4739; x_wconf 76' lang='grc' dir='ltr'>καρποὶ</span> <span class='ocrx_word' id='word_1_777' title='bbox 2944 4669 3356 4743; x_wconf 81' lang='grc' dir='ltr'>στεγανώτεροι,</span> <span class='ocrx_word' id='word_1_778' title='bbox 3399 4672 3610 4744; x_wconf 83' lang='grc' dir='ltr'>ἐλαφρὰ</span> <span class='ocrx_word' id='word_1_779' title='bbox 3643 4676 3748 4729; x_wconf 89' lang='grc' dir='ltr'><strong>τῶν</strong></span> <span class='ocrx_word' id='word_1_780' title='bbox 3775 4679 3989 4747; x_wconf 75' lang='grc' dir='ltr'>φύλλων</span> 
     </span>
    </p>
   </div>
   <div class='ocr_carea' id='block_1_105' title="bbox 2419 4756 3991 4834">
    <p class='ocr_par' dir='ltr' id='par_1_105' title="bbox 2419 4756 3991 4834">
     <span class='ocr_line' id='line_1_106' title="bbox 2419 4756 3991 4834; baseline 0.011 -26"><span class='ocrx_word' id='word_1_781' title='bbox 2419 4760 2450 4827; x_wconf 82' lang='grc' dir='ltr'>ἡ</span> <span class='ocrx_word' id='word_1_782' title='bbox 2502 4756 2740 4829; x_wconf 74' lang='grc' dir='ltr'>προϐολὴ</span> <span class='ocrx_word' id='word_1_783' title='bbox 2784 4759 2918 4827; x_wconf 86' lang='grc'><strong>(69),</strong></span> <span class='ocrx_word' id='word_1_784' title='bbox 2968 4759 3043 4822; x_wconf 83' lang='grc' dir='ltr'>ὡς</span> <span class='ocrx_word' id='word_1_785' title='bbox 3084 4762 3174 4813; x_wconf 78' lang='grc' dir='ltr'>ἐπὶ</span> <span class='ocrx_word' id='word_1_786' title='bbox 3218 4763 3318 4833; x_wconf 80' lang='grc' dir='ltr'>τῆς</span> <span class='ocrx_word' id='word_1_787' title='bbox 3362 4763 3603 4834; x_wconf 86' lang='grc' dir='ltr'>καρύας;</span> <span class='ocrx_word' id='word_1_788' title='bbox 3636 4766 3758 4821; x_wconf 89' lang='grc' dir='ltr'>Ὅτι</span> <span class='ocrx_word' id='word_1_789' title='bbox 3805 4771 3991 4824; x_wconf 84' lang='grc' dir='ltr'>ἐκεῖνα</span> 
     </span>
    </p>
   </div>
   <div class='ocr_carea' id='block_1_106' title="bbox 2420 4848 3993 4930">
    <p class='ocr_par' dir='ltr' id='par_1_106' title="bbox 2420 4848 3993 4930">
     <span class='ocr_line' id='line_1_107' title="bbox 2420 4848 3993 4930; baseline 0.008 -27"><span class='ocrx_word' id='word_1_790' title='bbox 2420 4852 2517 4919; x_wconf 84' lang='grc' dir='ltr'><strong>μὲν</strong></span> <span class='ocrx_word' id='word_1_791' title='bbox 2542 4848 2626 4902; x_wconf 80' lang='grc' dir='ltr'>διὰ</span> <span class='ocrx_word' id='word_1_792' title='bbox 2649 4849 2709 4902; x_wconf 80' lang='grc' dir='ltr'><strong>τὸ</strong></span> <span class='ocrx_word' id='word_1_793' title='bbox 2731 4850 2954 4912; x_wconf 83' lang='grc' dir='ltr'>ἀσθενὲς</span> <span class='ocrx_word' id='word_1_794' title='bbox 2977 4851 3215 4916; x_wconf 74' lang='grc' dir='ltr'>πλείονος</span> <span class='ocrx_word' id='word_1_795' title='bbox 3246 4854 3416 4907; x_wconf 79' lang='grc' dir='ltr'>ἐδεῖτο</span> <span class='ocrx_word' id='word_1_796' title='bbox 3442 4856 3543 4926; x_wconf 85' lang='grc' dir='ltr'>τῆς</span> <span class='ocrx_word' id='word_1_797' title='bbox 3569 4857 3843 4930; x_wconf 81' lang='grc' dir='ltr'>βοηθείας·</span> <span class='ocrx_word' id='word_1_798' title='bbox 3866 4862 3993 4915; x_wconf 89' lang='grc' dir='ltr'>τού-</span> 
     </span>
    </p>
   </div>
   <div class='ocr_carea' id='block_1_107' title="bbox 2414 4941 3987 5025">
    <p class='ocr_par' dir='ltr' id='par_1_107' title="bbox 2414 4941 3987 5025">
     <span class='ocr_line' id='line_1_108' title="bbox 2414 4941 3987 5025; baseline 0.008 -31"><span class='ocrx_word' id='word_1_799' title='bbox 2414 4959 2524 5005; x_wconf 88' lang='grc' dir='ltr'>τοις</span> <span class='ocrx_word' id='word_1_800' title='bbox 2559 4942 2603 4994; x_wconf 85' lang='grc' dir='ltr'>δ’</span> <span class='ocrx_word' id='word_1_801' title='bbox 2631 4941 2696 4995; x_wconf 86' lang='grc' dir='ltr'><strong>ἂν</strong></span> <span class='ocrx_word' id='word_1_802' title='bbox 2728 4941 3069 5015; x_wconf 76' lang='grc' dir='ltr'>προσὸλαὸὴς</span> <span class='ocrx_word' id='word_1_803' title='bbox 3102 4946 3314 5013; x_wconf 79' lang='grc' dir='ltr'>ἐγένετο</span> <span class='ocrx_word' id='word_1_804' title='bbox 3356 4948 3387 5016; x_wconf 77' lang='grc' dir='ltr'>ἡ</span> <span class='ocrx_word' id='word_1_805' title='bbox 3418 4950 3697 5023; x_wconf 86' lang='grc' dir='ltr'>παχυτέρα</span> <span class='ocrx_word' id='word_1_806' title='bbox 3727 4952 3987 5025; x_wconf 79' lang='grc' dir='ltr'>περιϐολὴ</span> 
     </span>
    </p>
   </div>
   <div class='ocr_carea' id='block_1_108' title="bbox 2416 5033 3987 5114">
    <p class='ocr_par' dir='ltr' id='par_1_108' title="bbox 2416 5033 3987 5114">
     <span class='ocr_line' id='line_1_109' title="bbox 2416 5033 3987 5114; baseline 0.01 -31"><span class='ocrx_word' id='word_1_807' title='bbox 2416 5033 2479 5086; x_wconf 89' lang='grc' dir='ltr'><strong>ἐκ</strong></span> <span class='ocrx_word' id='word_1_808' title='bbox 2506 5033 2606 5101; x_wconf 80' lang='grc' dir='ltr'>τῆς</span> <span class='ocrx_word' id='word_1_809' title='bbox 2625 5034 2721 5086; x_wconf 86' lang='grc' dir='ltr'>ἀπ’</span> <span class='ocrx_word' id='word_1_810' title='bbox 2748 5033 2929 5087; x_wconf 78' lang='grc' dir='ltr'>αὐτῶν</span> <span class='ocrx_word' id='word_1_811' title='bbox 2961 5038 3135 5099; x_wconf 77' lang='grc' dir='ltr'>σκιᾶς.</span> <span class='ocrx_word' id='word_1_812' title='bbox 3164 5037 3285 5100; x_wconf 82' lang='grc' dir='ltr'>Πῶς</span> <span class='ocrx_word' id='word_1_813' title='bbox 3316 5039 3662 5110; x_wconf 86' lang='grc' dir='ltr'>κατέσχισται</span> <span class='ocrx_word' id='word_1_814' title='bbox 3687 5045 3785 5113; x_wconf 82' lang='grc' dir='ltr'>τῆς</span> <span class='ocrx_word' id='word_1_815' title='bbox 3808 5044 3987 5114; x_wconf 74' lang='grc' dir='ltr'>ἀμπέ-</span> 
     </span>
    </p>
   </div>
   <div class='ocr_carea' id='block_1_109' title="bbox 2414 5124 3989 5204">
    <p class='ocr_par' dir='ltr' id='par_1_109' title="bbox 2414 5124 3989 5204">
     <span class='ocr_line' id='line_1_110' title="bbox 2414 5124 3989 5204; baseline 0.008 -28"><span class='ocrx_word' id='word_1_816' title='bbox 2414 5124 2506 5178; x_wconf 91' lang='grc' dir='ltr'><strong>λου</strong></span> <span class='ocrx_word' id='word_1_817' title='bbox 2533 5124 2593 5177; x_wconf 87' lang='grc' dir='ltr'><strong>τὸ</strong></span> <span class='ocrx_word' id='word_1_818' title='bbox 2632 5124 2847 5193; x_wconf 84' lang='grc' dir='ltr'>φύλλον,</span> <span class='ocrx_word' id='word_1_819' title='bbox 2884 5125 2969 5179; x_wconf 84' lang='grc' dir='ltr'><strong>ἵνα</strong></span> <span class='ocrx_word' id='word_1_820' title='bbox 2993 5130 3085 5181; x_wconf 74' lang='grc' dir='ltr'><strong>καὶ</strong></span> <span class='ocrx_word' id='word_1_821' title='bbox 3113 5128 3249 5198; x_wconf 78' lang='grc' dir='ltr'>πρὸς</span> <span class='ocrx_word' id='word_1_822' title='bbox 3271 5128 3369 5192; x_wconf 79' lang='grc' dir='ltr'>τὰς</span> <span class='ocrx_word' id='word_1_823' title='bbox 3394 5131 3458 5183; x_wconf 83' lang='grc' dir='ltr'><strong>ἐκ</strong></span> <span class='ocrx_word' id='word_1_824' title='bbox 3479 5133 3572 5186; x_wconf 83' lang='grc' dir='ltr'><strong>τοῦ</strong></span> <span class='ocrx_word' id='word_1_825' title='bbox 3593 5133 3754 5203; x_wconf 80' lang='grc' dir='ltr'>ἀέρος</span> <span class='ocrx_word' id='word_1_826' title='bbox 3782 5134 3989 5204; x_wconf 74' lang='grc' dir='ltr'>βλάϐας</span> 
     </span>
    </p>
   </div>
   <div class='ocr_carea' id='block_1_110' title="bbox 2414 5219 3987 5302">
    <p class='ocr_par' dir='ltr' id='par_1_110' title="bbox 2414 5219 3987 5302">
     <span class='ocr_line' id='line_1_111' title="bbox 2414 5219 3987 5302; baseline 0.01 -33"><span class='ocrx_word' id='word_1_827' title='bbox 2414 5219 2444 5269; x_wconf 88' lang='grc' dir='ltr'><strong>ό</strong></span> <span class='ocrx_word' id='word_1_828' title='bbox 2469 5220 2660 5290; x_wconf 85' lang='grc' dir='ltr'>βότρυς</span> <span class='ocrx_word' id='word_1_829' title='bbox 2698 5220 2919 5293; x_wconf 81' lang='grc' dir='ltr'>ἀντέχῃ,</span> <span class='ocrx_word' id='word_1_830' title='bbox 2948 5223 3041 5274; x_wconf 76' lang='grc' dir='ltr'><strong>καὶ</strong></span> <span class='ocrx_word' id='word_1_831' title='bbox 3082 5224 3179 5295; x_wconf 83' lang='grc' dir='ltr'>τὴν</span> <span class='ocrx_word' id='word_1_832' title='bbox 3225 5224 3416 5278; x_wconf 77' lang='grc' dir='ltr'>ἀκτῖνα</span> <span class='ocrx_word' id='word_1_833' title='bbox 3449 5229 3543 5281; x_wconf 80' lang='grc' dir='ltr'>τοῦ</span> <span class='ocrx_word' id='word_1_834' title='bbox 3573 5227 3722 5298; x_wconf 78' lang='grc' dir='ltr'>ἡλίου</span> <span class='ocrx_word' id='word_1_835' title='bbox 3766 5228 3858 5283; x_wconf 77' lang='grc' dir='ltr'>διὰ</span> <span class='ocrx_word' id='word_1_836' title='bbox 3887 5230 3987 5302; x_wconf 82' lang='grc' dir='ltr'><strong>τῆς</strong></span> 
     </span>
    </p>
   </div>
   <div class='ocr_carea' id='block_1_111' title="bbox 2490 5378 3988 5461">
    <p class='ocr_par' dir='ltr' id='par_1_111' title="bbox 2490 5378 3988 5461">
     <span class='ocr_line' id='line_1_112' title="bbox 2490 5378 3988 5461; baseline 0.008 -30"><span class='ocrx_word' id='word_1_837' title='bbox 2490 5378 2601 5461; x_wconf 61' lang='grc'><strong>(68)</strong></span> <span class='ocrx_word' id='word_1_838' title='bbox 2644 5378 2796 5461; x_wconf 77' lang='lat' dir='ltr'><strong>Coll).</strong></span> <span class='ocrx_word' id='word_1_839' title='bbox 2820 5384 3087 5461; x_wconf 71' lang='lat' dir='ltr'><strong>secundus</strong></span> <span class='ocrx_word' id='word_1_840' title='bbox 3131 5385 3315 5453; x_wconf 85' lang='grc' dir='ltr'>γυμνά</span> <span class='ocrx_word' id='word_1_841' title='bbox 3363 5385 3686 5461; x_wconf 77' lang='grc' dir='ltr'>πεπαίνεται</span> <span class='ocrx_word' id='word_1_842' title='bbox 3727 5385 3806 5458; x_wconf 83' lang='grc' dir='ltr'>τῷ</span> <span class='ocrx_word' id='word_1_843' title='bbox 3855 5390 3988 5461; x_wconf 72' lang='grc' dir='ltr'>ἡλίῳ</span> 
     </span>
    </p>
   </div>
   <div class='ocr_carea' id='block_1_112' title="bbox 2420 5448 3990 5523">
    <p class='ocr_par' dir='ltr' id='par_1_112' title="bbox 2420 5448 3990 5523">
     <span class='ocr_line' id='line_1_113' title="bbox 2420 5448 3990 5523; baseline 0.008 -23"><span class='ocrx_word' id='word_1_844' title='bbox 2420 5448 2918 5523; x_wconf 78' lang='grc' dir='ltr'>παραδεικνύμενα,</span> <span class='ocrx_word' id='word_1_845' title='bbox 2957 5454 3099 5504; x_wconf 85' lang='lat' dir='ltr'><strong>nuda</strong></span> <span class='ocrx_word' id='word_1_846' title='bbox 3137 5448 3455 5523; x_wconf 72' lang='grc' dir='ltr'>ὲοᾲειιιηιιιν,</span> <span class='ocrx_word' id='word_1_847' title='bbox 3502 5457 3546 5507; x_wconf 84' lang='lat' dir='ltr'><strong>si</strong></span> <span class='ocrx_word' id='word_1_848' title='bbox 3577 5456 3679 5509; x_wconf 76' lang='lat' dir='ltr'><strong>soli</strong></span> <span class='ocrx_word' id='word_1_849' title='bbox 3722 5448 3990 5523; x_wconf 43' lang='lat' dir='ltr'><strong>sipuncul-</strong></span> 
     </span>
    </p>
   </div>
   <div class='ocr_carea' id='block_1_113' title="bbox 2420 5520 3986 5599">
    <p class='ocr_par' dir='ltr' id='par_1_113' title="bbox 2420 5520 3986 5599">
     <span class='ocr_line' id='line_1_114' title="bbox 2420 5520 3986 5599; baseline 0.009 -30"><span class='ocrx_word' id='word_1_850' title='bbox 2420 5532 2523 5572; x_wconf 77' lang='lat' dir='ltr'><strong>tur.</strong></span> <span class='ocrx_word' id='word_1_851' title='bbox 2570 5521 2700 5591; x_wconf 78' lang='lat' dir='ltr'><strong>Reg.</strong></span> <span class='ocrx_word' id='word_1_852' title='bbox 2742 5520 2932 5576; x_wconf 81' lang='lat' dir='ltr'><strong>tertius</strong></span> <span class='ocrx_word' id='word_1_853' title='bbox 2980 5520 3243 5577; x_wconf 74' lang='grc' dir='ltr'>πέπτεται</span> <span class='ocrx_word' id='word_1_854' title='bbox 3294 5526 3371 5595; x_wconf 84' lang='grc' dir='ltr'>τῷ</span> <span class='ocrx_word' id='word_1_855' title='bbox 3422 5524 3557 5596; x_wconf 74' lang='grc' dir='ltr'>ἡλίῳ</span> <span class='ocrx_word' id='word_1_856' title='bbox 3619 5520 3986 5599; x_wconf 80' lang='grc' dir='ltr'>παραδεικνύ-</span> 
     </span>
    </p>
   </div>
   <div class='ocr_carea' id='block_1_114' title="bbox 2422 5607 3984 5737">
    <p class='ocr_par' dir='ltr' id='par_1_114' title="bbox 2422 5607 3984 5737">
     <span class='ocr_line' id='line_1_115' title="bbox 2422 5607 3984 5737; baseline 0.005 -25"><span class='ocrx_word' id='word_1_857' title='bbox 2422 5607 2598 5737; x_wconf 62' lang='grc' dir='ltr'><strong>μεῖἕέ)</strong></span> <span class='ocrx_word' id='word_1_858' title='bbox 2639 5660 2789 5737; x_wconf 69' lang='lat' dir='ltr'><strong>Cplb.</strong></span> <span class='ocrx_word' id='word_1_859' title='bbox 2816 5664 3081 5737; x_wconf 83' lang='lat' dir='ltr'><strong>secundus</strong></span> <span class='ocrx_word' id='word_1_860' title='bbox 3120 5664 3331 5737; x_wconf 70' lang='grc' dir='ltr'>φύλλων</span> <span class='ocrx_word' id='word_1_861' title='bbox 3360 5668 3393 5736; x_wconf 76' lang='grc' dir='ltr'>ἡ</span> <span class='ocrx_word' id='word_1_862' title='bbox 3427 5664 3707 5737; x_wconf 74' lang='grc' dir='ltr'>περιϐολή,</span> <span class='ocrx_word' id='word_1_863' title='bbox 3738 5668 3984 5735; x_wconf 73' lang='lat' dir='ltr'><strong>foliorum</strong></span> 
     </span>
    </p>
   </div>
   <div class='ocr_carea' id='block_1_115' title="bbox 2416 5731 3984 5821">
    <p class='ocr_par' dir='ltr' id='par_1_115' title="bbox 2416 5731 3984 5821">
     <span class='ocr_line' id='line_1_116' title="bbox 2416 5731 3984 5821; baseline 0.007 -41"><span class='ocrx_word' id='word_1_864' title='bbox 2416 5732 2657 5821; x_wconf 44' lang='lat' dir='ltr'><strong>Eruimus.</strong></span> <span class='ocrx_word' id='word_1_865' title='bbox 2684 5731 3137 5821; x_wconf 38' lang='lat' dir='ltr'><strong>Lectiooptima.</strong></span> <span class='ocrx_word' id='word_1_866' title='bbox 3157 5735 3310 5821; x_wconf 46' lang='lat' dir='ltr'><strong>Editi‘</strong></span> <span class='ocrx_word' id='word_1_867' title='bbox 3330 5731 3451 5817; x_wconf 65' lang='lat' dir='ltr'><strong>cunt</strong></span> <span class='ocrx_word' id='word_1_868' title='bbox 3484 5731 3616 5821; x_wconf 61' lang='lat' dir='ltr'><strong>aliis</strong></span> <span class='ocrx_word' id='word_1_869' title='bbox 3636 5731 3829 5821; x_wconf 51' lang='grc' dir='ltr'><strong>1ιὶδέςῇ</strong></span> <span class='ocrx_word' id='word_1_870' title='bbox 3862 5754 3984 5810; x_wconf 84' lang='grc' dir='ltr'>προ-</span> 
     </span>
    </p>
   </div>
   <div class='ocr_carea' id='block_1_116' title="bbox 2416 5798 3980 5920">
    <p class='ocr_par' dir='ltr' id='par_1_116' title="bbox 2416 5798 3980 5920">
     <span class='ocr_line' id='line_1_117' title="bbox 2416 5798 3980 5920; baseline 0.008 -70"><span class='ocrx_word' id='word_1_871' title='bbox 2416 5798 2567 5920; x_wconf 56' lang='grc' dir='ltr'><strong>ἓολήἱ</strong></span> <span class='ocrx_word' id='word_1_872' title='bbox 2603 5800 2733 5871; x_wconf 77' lang='lat' dir='ltr'><strong>Reg.</strong></span> <span class='ocrx_word' id='word_1_873' title='bbox 2766 5798 2954 5859; x_wconf 69' lang='lat' dir='ltr'><strong>tertius</strong></span> <span class='ocrx_word' id='word_1_874' title='bbox 2994 5806 3048 5856; x_wconf 86' lang='grc' dir='ltr'><strong>αί</strong></span> <span class='ocrx_word' id='word_1_875' title='bbox 3085 5804 3318 5876; x_wconf 70' lang='grc' dir='ltr'>ἐλαφραὶ</span> <span class='ocrx_word' id='word_1_876' title='bbox 3350 5806 3460 5859; x_wconf 87' lang='grc' dir='ltr'><strong>τῶν</strong></span> <span class='ocrx_word' id='word_1_877' title='bbox 3494 5806 3707 5876; x_wconf 77' lang='grc' dir='ltr'>φύλλων</span> <span class='ocrx_word' id='word_1_878' title='bbox 3740 5810 3795 5862; x_wconf 82' lang='grc' dir='ltr'>αἱ</span> <span class='ocrx_word' id='word_1_879' title='bbox 3817 5798 3829 5809; x_wconf 82' lang='grc'><em>’</em></span> <span class='ocrx_word' id='word_1_880' title='bbox 3849 5798 3980 5872; x_wconf 59' lang='lat' dir='ltr'><strong>atpo-</strong></span> 
     </span>
     <span class='ocr_line' id='line_1_118' title="bbox 2450 5882 2588 5920; baseline 0 0"><span class='ocrx_word' id='word_1_881' title='bbox 2450 5882 2588 5920; x_wconf 75' lang='grc' dir='ltr'>υΑα..</span> 
     </span>
    </p>
   </div>
   <div class='ocr_carea' id='block_1_117' title="bbox 2450 5882 2588 5925">
    <p class='ocr_par' dir='ltr' id='par_1_117' title="bbox 2450 5882 2588 5925">
     <span class='ocr_line' id='line_1_119' title="bbox 2450 5882 2588 5925; baseline 0.022 -3"><span class='ocrx_word' id='word_1_882' title='bbox 2450 5882 2588 5925; x_wconf 63' lang='lat' dir='ltr'><strong>aut.</strong></span> 
     </span>
    </p>
   </div>
  </div>
