4262 6548
288 493 387 548 113

1413 491 1700 548 ﬂOMILlA
1750 491 1793 546 ν
1832 491 1899 545 ΙΝ
1942 491 2438 547 ΗΕΧΑΕΜΕΒΟΝ.

3435 487 3534 544 1N

280 612 601 684 ἀραιότητος
662 608 897 680 δαψιλῶς
953 609 1285 680 ὐποδὲῃται
1314 626 1327 671 ;
1360 610 1527 663 υύδὲν
1581 610 1822 664 ἀναίτιον
1842 627 1858 641 ο
1884 617 1933 672 Α
1959 635 1963 654 ‹

1852 628 1858 640 υ
1884 617 1933 672 Α
1959 624 2149 672 causa,
2174 609 2305 663 nihil
2335 620 2535 664 temere
2561 608 2756 663 factum
2789 622 2874 666 est
2900 629 2914 663 :
2945 611 3129 664 omnia
3165 611 3232 664 ab
3271 606 3535 668 ἰιιυιῖεὺὶιὶ

280 704 431 758 οὐδὲν
491 703 600 758 ἀπὸ
659 702 999 773 ταυτομάτου
1030 721 1044 734 ο
1102 703 1279 755 πάντα
1324 701 1437 771 ἔχει
1493 701 1616 755 τινὰ
1667 701 1857 770 σοφίαν

281 798 611 868 ἀπόρρητον.
643 794 737 859 Τίς
769 794 836 847 ἂν
860 794 1100 864 ἐφίκοιτο
1134 792 1325 861 λόγος;
1365 794 1491 859 Πῶς
1521 793 1857 867 ἀνθρώπινος

282 888 407 952 νοῦς
433 887 607 941 πάντα
648 888 765 958 μετ’
799 885 1085 958 ἀκριϐείας
1133 886 1373 951 ἐπέλθοι,
1415 886 1556 940 ὥστε
1592 888 1688 941 καὶ
1727 904 1857 941 κατ-

283 980 409 1034 ιδεῖν
437 982 535 1043 τὰς
577 979 862 1049 ἰδιότητας,
906 979 1001 1031 καὶ
1036 978 1133 1042 τὰς
1178 979 1314 1051 πρὸς
1337 979 1566 1033 ἕκαστον
1596 978 1857 1050 διαφορὰς

280 1069 522 1142 ἐναργῶς
546 1068 834 1139 διακρῖναι,
858 1069 951 1121 καὶ
978 1067 1075 1130 τὰς
1106 1066 1487 1141 κεκρυμμένας
1510 1066 1686 1128 αἰτίας
1705 1067 1857 1118 ἀνεν-

280 1158 415 1219 δεῶς
459 1158 844 1228 παραστῆσαι;
887 1156 983 1209 Ἓν
1013 1155 1180 1229 ὕδωρ,
1209 1157 1298 1210 διὰ
1326 1156 1423 1227 τῆς
1452 1155 1605 1227 ῥίζης
1630 1156 1856 1226 ἐλκόμε-

280 1267 391 1314 νον,
443 1248 616 1312 άλλως
664 1249 760 1319 μὲν
795 1246 985 1319 τρέφει
1023 1249 1122 1319 τὴν
1169 1250 1325 1321 ῥίζαν
1369 1248 1560 1317 αὐτὴν,
1596 1247 1769 1311 ἄλλως
1799 1247 1857 1301 δὲ

279 1342 373 1395 τὸν
418 1342 603 1411 φλοιὸν
641 1339 734 1393 τοῦ
783 1340 1086 1410 στελέχους,
1130 1341 1223 1393 καὶ
1252 1339 1425 1403 ἄλλως
1464 1340 1523 1392 τὸ
1564 1338 1737 1403 ξύλον,
1763 1340 1857 1392 καὶ

280 1434 381 1505 τὴν
414 1430 731 1503 ἐντεριώνην
760 1431 982 1504 ἑτέρως.
1018 1432 1091 1485 Τὸ
1122 1431 1251 1485 αὐτὸ
1282 1431 1372 1483 καί
1403 1430 1595 1500 φύλλον
1625 1431 1853 1499 γίνεται,

284 1526 377 1579 καὶ
421 1524 498 1587 είς
539 1522 845 1593 ἀκρέμονας
895 1524 990 1577 καὶ
1039 1522 1265 1586 κλάδους
1318 1520 1727 1593 κατασχίξεται,
1764 1524 1859 1576 καὶ

281 1618 393 1680 τοῖς
420 1618 649 1686 καρποῖς
682 1617 909 1687 παρέχει
952 1616 1051 1686 τὴν
1083 1615 1330 1686 αὔξησιν,
1370 1617 1462 1670 καὶ
1491 1616 1724 1687 δάκρυον
1762 1614 1854 1669 τοῦ

284 1708 452 1778 φυτοῦ
480 1707 571 1760 καὶ
595 1708 724 1771 ὀπὸς
750 1710 813 1760 ἐκ
836 1710 934 1779 τῆς
960 1709 1131 1777 αὒτῆς
1157 1709 1334 1772 αἰτίας
1358 1709 1469 1778 (70)
1497 1708 1852 1780 προέρχεται’

283 1796 363 1864 οἷς
382 1799 520 1871 πόση
546 1800 680 1873 πρὸς
705 1800 909 1870 ἀλληλά
924 1803 1069 1853 ἐστιν
1096 1803 1128 1871 ή
1154 1799 1406 1871 διαφορὰ,
1423 1799 1597 1861 οὐδεὶς
1618 1798 1682 1853 ἂν
1702 1800 1857 1867 λόγος

283 1892 533 1957 ἐξίκοιτο.
567 1892 727 1945 Ἀλλο
756 1892 865 1965 γὰρ
891 1892 984 1946 τοῦ
1013 1892 1193 1963 σχίνου
1216 1892 1277 1944 τὸ
1301 1892 1553 1961 δάκρυον,
1584 1892 1678 1943 καὶ
1698 1890 1855 1953 ἄλλος

1957 702 2193 769 quadam
2239 701 2503 769 sapientia
2562 700 2997 770 proficiscuntur.
3044 700 3301 768 Quaenam
3351 706 3529 758 oratio

1956 794 2129 864 possit
2158 793 2336 848 omnia
2368 791 2621 860 assequi?
2646 790 2924 858 Quomodo
2950 792 3127 846 omnia
3158 805 3414 848 accurate
3443 809 3522 849 re-

1956 899 2179 940 censere
2207 883 2378 953 possit
2418 897 2569 937 mens
2604 881 2860 945 humana,
2898 885 3031 937 adeo
3063 892 3121 937 ut
3162 886 3526 954 proprietates

1957 985 2268 1046 cognoscat,
2313 982 2567 1029 secernat
2612 972 2758 1027 clare
2792 974 3123 1043 singulorum
3171 975 3521 1043 dilfere‘ntias,

1956 1076 2012 1121 et
2053 1066 2293 1120 occultas
2331 1080 2521 1120 causas
2561 1074 2711 1117 certo
2756 1063 3032 1133 proferat?
3074 1065 3194 1120 Una
3240 1081 3380 1135 aqua
3429 1082 3526 1136 per

1956 1160 2194 1214 radicem
2220 1166 2471 1222 attracta,
2501 1158 2658 1212 aliter
2687 1160 2852 1211 nutrit
2883 1158 3050 1226 ipsam
3080 1157 3342 1219 radicem,
3368 1157 3527 1212 aliter

1957 1255 2133 1310 trunci
2188 1254 2466 1317 corticem,
2516 1253 2672 1307 aliter
2728 1253 2970 1323 lignum,
3026 1253 3180 1307 aliter
3215 1251 3525 1305 medullam.

1957 1347 2155 1402 Eadem
2180 1358 2234 1401 et
2263 1346 2448 1401 folium
2489 1346 2568 1411 fit,
2605 1354 2660 1398 et
2708 1347 2761 1399 in
2804 1346 3040 1414 majores
3083 1361 3144 1401 ac
3191 1344 3246 1399 in
3286 1346 3525 1400 minores

1958 1454 2138 1495 ramos
2168 1438 2513 1501 discinditur.
2542 1437 2654 1511 58
2681 1448 2737 1493 et
2771 1448 2991 1507 prastat
3049 1439 3318 1493 fructibus
3350 1439 3526 1494 incre-

1958 1542 2239 1586 mentum:
2273 1532 2527 1601 lacryma:
2564 1533 2727 1585 etiam
2772 1541 2827 1585 et
2861 1546 3055 1585 succus
3098 1530 3295 1601 planta:
3323 1546 3392 1585 ex
3436 1545 3527 1585 ea-

1957 1621 2076 1675 dem
2104 1634 2265 1674 causa
2297 1620 2621 1689 proveniunt
2650 1636 2664 1674 :
2696 1634 2817 1688 qua:
2860 1628 3119 1690 quantum
3151 1618 3294 1673 inter
3324 1633 3382 1673 se
3419 1620 3525 1673 dif-

1958 1712 2151 1777 ferant,
2184 1710 2362 1764 nullus
2386 1726 2572 1765 sermo
2595 1711 2867 1780 explicare
2902 1711 3089 1779 possit.
3121 1710 3239 1764 Alia
3267 1719 3350 1765 est
3378 1710 3522 1764 enim

1957 1803 2165 1859 lentisci
2213 1803 2476 1873 lacryma,
2518 1802 2661 1857 alius
2710 1803 2934 1857 balsami
2987 1817 3185 1857 succus
3230 1804 3522 1871 :qumdam

1957 1897 2119 1948 etiam
2163 1894 2348 1948 ferula:
2388 1894 2441 1948 in
2468 1891 2703 1963 Egypto
2745 1901 2799 1948 et
2832 1893 2884 1946 in
2930 1891 3099 1963 Libya
3146 1892 3350 1947 stillant
3383 1892 3526 1946 aliud

282 1986 309 2037 ὁ
337 1983 470 2048 ὀπὸς
506 1984 598 2038 τοῦ
638 1984 914 2057 βαλσάμου
937 2003 949 2016 ·
996 1987 1089 2038 καὶ
1126 1984 1394 2054 νάρθηκές
1438 1999 1577 2046 τινες
1626 1982 1718 2035 ἐπὶ
1756 1985 1855 2053 τῆς
1887 1982 1965 2036 "i

1841 2001 1855 2046 ;
1887 1982 1931 2008 ”
1957 1998 2241 2038 succorum
2279 1999 2467 2053 genus.
2513 1982 2719 2037 Ferunt
2757 1998 2968 2053 quoque
2996 1985 3279 2047 electrum,
3304 1998 3524 2036 succum

282 2076 558 2145 Αἰγύπτου
613 2078 707 2131 καὶ
750 2077 956 2147 Λιϐύης
1009 2077 1196 2145 ἕτερον
1250 2074 1398 2127 όπῶν
1443 2074 1599 2143 γένος
1655 2074 1858 2127 ἀποδα-

282 2165 529 2238 κρύουσι.
552 2168 721 2237 Λόγος
742 2169 797 2222 δέ
819 2170 902 2230 τίς
928 2170 1043 2220 ἐστι
1070 2167 1165 2220 καὶ
1188 2166 1250 2219 τὸ
1277 2167 1540 2239 ἤλεκτρον
1564 2168 1696 2221 ὀπὸν
1719 2164 1858 2222 εἶναι

282 2256 465 2327 φυτῶν
493 2258 573 2321 εἰς
597 2256 744 2309 λίθου
772 2255 932 2324 φύσιν
974 2255 1449 2327 ἀποπηγνύμενον.
1484 2259 1767 2330 Μαρτυρεῖ
1801 2258 1859 2311 δὲ

282 2346 361 2415 τῷ
394 2347 538 2416 λόγῳ
572 2346 639 2399 τὰ
684 2348 1058 2418 ἐμφαινόμενα
1095 2348 1277 2421 κάρφη
1312 2350 1405 2403 καὶ
1443 2349 1511 2403 τά
1559 2349 1861 2405 λεπτότατα

279 2437 391 2489 τῶν
438 2424 612 2504 ζώων,
660 2437 825 2511 άπερ,
873 2439 1081 2493 ἁπαλοῦ
1124 2441 1277 2504 ὄντος
1328 2440 1422 2494 τοῦ
1465 2441 1619 2504 όποῦ,
1661 2444 1858 2495 ἐναπο-

282 2528 555 2600 ληφθέντα
582 2531 886 2601 κατέχεται.
911 2535 1018 2587 Καὶ
1058 2533 1193 2596 ὅλως
1224 2532 1322 2602 τὴν
1348 2532 1488 2585 κατά
1525 2531 1622 2596 τάς
1646 2532 1864 2604 ποιότη-

281 2640 382 2686 τας
414 2621 522 2677 τῶν
556 2625 704 2677 όπῶν
733 2624 992 2695 διαφορὰν
1022 2627 1049 2677 ὁ
1074 2625 1149 2695 μὴ
1174 2627 1239 2694 τῇ
1271 2623 1435 2695 πείρᾳ
1457 2624 1724 2695 διδαχθεὶς
1746 2626 1865 2680 οὑδ-

284 2716 380 2768 ένα
427 2716 584 2783 λόγον
615 2716 836 2787 εὑρήσει
880 2717 977 2787 τὴν
1018 2716 1298 2787 ἐνέργειαν
1330 2715 1701 2786 παριστῶντα.
1738 2716 1863 2782 Πῶς

285 2807 449 2861 πάλιν
478 2807 585 2861 ἀπὸ
622 2808 719 2878 τῆς
746 2806 916 2877 αὐτῆς
940 2807 1140 2871 νοτίδος
1168 2810 1224 2860 ἐν
1251 2808 1350 2879 μὲν
1384 2811 1449 2879 τῇ
1476 2808 1702 2879 ἀμπέλῳ
1724 2804 1864 2872 οἶνος

286 2899 620 2965 συνίσταται,
653 2902 710 2953 ἐν
757 2899 812 2954 δὲ
850 2903 917 2972 τῇ
954 2900 1109 2972 ἐλαίᾳ
1132 2901 1193 2954 τὸ
1220 2900 1426 2967 ἔλαιον;
1472 2902 1581 2955 Καὶ
1612 2901 1672 2954 οὐ
1706 2900 1865 2955 τοῦτο

289 2992 449 3062 μόνον
500 2990 831 3063 θαυμαστὸν,
872 2992 985 3053 πῶς
1028 2985 1129 3047 ὧδε
1176 2993 1275 3063 μὲν
1320 2994 1377 3045 τὸ
1423 2994 1587 3064 ὑγρὸν
1628 2993 1868 3063 ἀπεγλυο

286 3080 482 3151 κάνθη,
525 3084 640 3135 ἐκεῖ
677 3082 733 3135 δὲ
773 3083 999 3153 λιπαρὸν
1025 3082 1266 3151 γέγονεν,
1298 3082 1411 3135 ἀλλ’
1442 3082 1523 3135 ὅτι
1557 3084 1649 3135 καὶ
1677 3083 1734 3135 ὲν
1756 3085 1866 3147 τοῖς

287 3174 511 3244 γλυκέσι
538 3175 769 3245 καρποῖς
798 3173 1127 3245 ἀμύθητοςή
1156 3173 1480 3246 παραλλαγὴ
1521 3176 1619 3244 τῆς
1651 3174 1867 3247 ποιότη-

1957 2089 2079 2128 esse
2130 2073 2452 2143 plantarum,
2498 2073 2552 2127 in
2618 2074 2813 2141 lapidis
2864 2085 3113 2128 naturam
3181 2083 3521 2129 concretum.

1960 2166 2128 2223 Porro
2164 2166 2434 2236 opinionis
2463 2163 2621 2232 hujus
2655 2166 3022 2221 testimonium
3051 2178 3176 2221 sunt
3206 2165 3425 2220 festuca:
3466 2167 3520 2219 in

1961 2261 2080 2329 ipso
2117 2268 2455 2327 apparentes,
2489 2272 2552 2311 ac
2583 2256 2819 2311 bestiolae
2852 2258 3201 2323 tenuissimae,
3230 2272 3369 2327 quae,
3402 2271 3528 2327 pro-

1959 2364 2143 2420 pterea
2179 2352 2324 2419 quod
2366 2352 2417 2404 in
2462 2360 2648 2404 tenero
2683 2365 2747 2405 ac
2781 2348 2924 2405 molli
2963 2365 3125 2405 succo
3152 2352 3523 2414 consederint,

1960 2443 2269 2500 detinentur
2306 2442 2546 2497 inclusae.
2589 2443 2654 2497 Et
2685 2445 2736 2497 in
2769 2458 3002 2507 summa,
3036 2442 3128 2513 qui
3164 2459 3269 2497 non
3310 2445 3529 2511 experi-

1959 2547 2143 2594 mento
2186 2536 2413 2591 edoctus
2459 2546 2573 2603 est,
2620 2545 2881 2604 quantum
2930 2536 3071 2589 inter
3115 2550 3174 2590 se
3223 2536 3530 2604 discrepent

1966 2645 2256 2687 succorum
2312 2627 2631 2700 qualitates,
2676 2627 2724 2681 is
2770 2626 2835 2681 ad
2872 2641 3058 2680 eorum
3103 2629 3208 2681 vim
3249 2636 3303 2682 et
3344 2626 3528 2682 enica-

1962 2725 2100 2777 ciam
2146 2722 2523 2791 explicandam
2577 2720 2780 2774 nullum
2834 2729 3147 2788 reperturus
3190 2730 3273 2773 est
3318 2736 3531 2774 sermo-

1963 2829 2106 2870 nem.
2150 2812 2431 2879 Quomodo
2470 2812 2664 2865 iterum
2708 2812 2775 2865 ab
2831 2811 3021 2865 eodem
3064 2810 3290 2866 humore
3329 2812 3382 2866 in
3425 2812 3534 2868 vite

1965 2908 2181 2977 quidem
2226 2906 2407 2957 vinum
2456 2904 2791 2971 producitur,
2840 2904 2891 2956 in
2923 2903 3040 2957 olea
3087 2915 3266 2958 autem
3313 2903 3536 2958 oleum?

1962 3001 2141 3067 Atque
2170 3012 2277 3051 non
2314 2996 2363 3049 id
2394 2994 2565 3049 solum
2615 2995 2918 3047 mirandum
2947 3004 3049 3059 est,
3094 3009 3329 3064 quonam
3377 3004 3534 3063 pacto

1968 3091 2162 3144 humor
2188 3089 2274 3142 liic
2303 3087 2494 3151 dulcis,
2534 3085 2641 3140 illic
2690 3087 2901 3156 pinguis
2941 3088 3214 3140 evaserit:
3250 3085 3345 3141 sed
3390 3089 3531 3156 quod

1965 3180 2130 3234 etiam
2170 3181 2223 3234 in
2272 3179 2520 3233 dulcibus
2562 3177 2828 3232 fructibus
2862 3178 3243 3233 inenarrabilis
3282 3188 3365 3232 est
3398 3194 3533 3247 qua-

286 3284 398 3331 τος.
435 3266 595 3319 Ἀλλο
618 3265 727 3337 γὰρ
754 3266 817 3318 τὸ
841 3268 897 3318 ἐν
937 3266 1166 3338 ἀμπέλῳ
1188 3267 1382 3336 γλυκὺ,
1410 3266 1501 3319 καὶ
1537 3266 1665 3320 ἀλλο
1707 3267 1768 3320 τὸ
1808 3268 1867 3321 ἐν
1894 3292 1935 3348 C
1966 3274 1969 3325 ξ

1849 3286 1867 3321 ν
1894 3292 1935 3348 C
1966 3273 2134 3327 litatis
2174 3270 2545 3325 commutatio.
2587 3271 2705 3324 Alia
2749 3281 2831 3324 est
2873 3270 3015 3323 enim
3057 3270 3111 3323 in
3149 3272 3255 3321 vite
3288 3268 3532 3333 dulcedo,

292 3359 487 3432 μηλέᾳ,
524 3360 617 3413 καὶ
654 3359 823 3430 σύκῳ,
850 3360 943 3413 καὶ
972 3361 1191 3430 φοίνικι.
1224 3363 1343 3415 Ἔτι
1370 3378 1427 3422 σε
1456 3360 1713 3432 βούλομαι
1737 3362 1866 3433 περὶ
1968 3385 1975 3420 ε

1854 3378 1866 3414 ι
1968 3367 2071 3421 alia
2105 3366 2156 3419 in
2189 3361 2351 3425 malo,
2382 3363 2431 3415 in
2459 3363 2578 3423 lico,
2600 3376 2664 3415 ac
2698 3362 2751 3415 in
2790 3362 2987 3430 palma.
3030 3360 3163 3415 Volo
3201 3360 3438 3428 insuper,
3480 3370 3537 3412 ut

287 3454 389 3524 τὴν
414 3451 655 3516 ἐξέτασιν
679 3451 881 3523 ταύτην
906 3450 1303 3524 φιλοτεχνῆσαι,
1330 3453 1445 3516 πῶς
1476 3454 1534 3507 τὸ
1566 3452 1696 3507 αὐτὸ
1723 3452 1867 3526 ὕδωρ

1854 3470 1867 3505 >
1972 3461 2084 3513 bace
2127 3454 2317 3524 majori
2356 3454 2533 3509 studio
2562 3463 2616 3507 et
2662 3462 2778 3507 arte
2827 3451 3227 3519 perscruteris:
3268 3450 3537 3521 quomodo

290 3543 387 3597 νῦν
420 3544 516 3615 μὲν
559 3544 699 3597 λεῖόν
742 3548 857 3597 ἐστι
899 3547 965 3614 τῇ
1008 3546 1273 3616 αἰσθήσει,
1301 3546 1428 3598 ὅταν
1463 3548 1520 3598 ἐν
1546 3546 1719 3600 τοῖσδέ
1759 3563 1867 3599 τισι
1970 3573 1973 3603 λ

1855 3564 1867 3598 ι
1970 3567 2107 3621 aqua
2144 3550 2330 3605 eadem
2367 3564 2507 3604 nunc
2538 3548 2718 3605 sensui
2773 3546 2908 3601 lenis
2950 3545 3045 3608 sit,
3072 3558 3192 3597 cum
3225 3544 3278 3597 in
3313 3542 3538 3611 quibus-

289 3641 405 3701 τοῖς
432 3640 618 3707 φυτοῖς
641 3638 930 3709 γενόμενον
973 3637 1356 3709 ἀπογλυκανθῇ
1380 3655 1394 3667 ·
1442 3638 1538 3691 νῦν
1562 3639 1619 3691 δὲ
1642 3639 1869 3709 πληκτι-

292 3730 389 3785 κόν
421 3733 536 3782 ἐστι
557 3735 656 3801 τῆς
681 3733 939 3799 γεύσεως,
964 3734 1093 3785 ὅταν
1132 3732 1199 3786 δι’
1238 3732 1411 3786 ἄλλων
1435 3732 1617 3800 φυτῶν
1654 3733 1870 3803 ἐνεχθὲν

292 3819 645 3889 ἀποξύνηται.
678 3823 787 3874 Καὶ
821 3823 985 3875 πάλιν
1035 3824 1116 3885 είς
1159 3823 1258 3893 τὴν
1291 3821 1525 3892 ἐσχάτην
1568 3822 1871 3893 πικρότητα

297 3911 630 3985 μεταϐάλλον
664 3914 983 3983 ἐκτραχύνει
1008 3915 1107 3985 τὴν
1136 3914 1407 3983 αἴσθησιν,
1433 3914 1561 3967 ὅταν
1586 3915 1642 3965 ὲν
1666 3914 1873 3985 ἀψίνθῳ

294 4008 329 4079 ἢ
355 4005 688 4077 σκαμμωνία
716 4006 823 4075 (Ἠ)
848 4005 1073 4075 γένηται
1093 4022 1107 4035 ο
1137 4008 1227 4061 καὶ
1250 4008 1307 4059 ἐν
1334 4006 1432 4078 μὲν
1473 4008 1593 4069 ταῖς
1624 4004 1874 4075 βαλάνοις

295 4099 330 4172 ἢ
353 4098 431 4170 τῷ
450 4096 649 4171 καρπῷ
664 4098 760 4168 τῆς
785 4096 1043 4169 κρανείας
1068 4098 1203 4169 πρὸς
1221 4097 1318 4169 τὴν
1344 4098 1547 4169 στυφὴν
1570 4099 1662 4151 καὶ
1677 4098 1877 4169 αὐστη-

302 4195 404 4264 ρὰν
429 4192 686 4263 ποιότητα
712 4190 1031 4263 μεταϐάλλει
1048 4206 1061 4220 ⁸
1092 4191 1149 4243 ἐν
1174 4189 1230 4242 δὲ
1272 4193 1394 4253 ταῖς
1418 4190 1747 4264 τερεϐίνθοις
1783 4189 1879 4243 καὶ⁸

301 4290 421 4351 ταῖς
451 4286 677 4359 καρύαις
715 4287 853 4358 πρὸς
892 4282 1103 4357 ἁπαλὴν
1128 4284 1222 4337 καὶ
1282 4282 1511 4356 ἐλαιώδη
1544 4284 1704 4354 φύσιν
1744 4283 1879 4354 μεθ-

306 4380 539 4434 (σταται.

372 4465 426 4520 9.
468 4470 579 4521 Καὶ
620 4469 675 4521 τί
710 4468 792 4521 δεῖ
837 4467 904 4521 τὰ
937 4469 1124 4539 πόρρω
1159 4469 1361 4537 λέγειν,
1391 4466 1522 4519 ὅπου
1562 4483 1625 4534 γε
1666 4468 1757 4519 ἐπὶ
1783 4468 1883 4538 τῆς

1970 3643 2094 3696 dam
2155 3640 2352 3708 plantis
2421 3653 2763 3695 commorans
2823 3632 3143 3690 dulcescit:
3198 3647 3341 3686 nunc
3402 3644 3537 3686 vero

1972 3743 2176 3803 pungat
2233 3743 2479 3802 gustum,
2532 3745 2654 3785 cum
2708 3744 2803 3799 per
2863 3725 2997 3781 alias
3053 3724 3263 3794 plantas
3322 3721 3538 3775 diducta

1974 3825 2194 3881 acescit.
2243 3824 2320 3878 Ac
2392 3838 2578 3877 rursus
2641 3822 2694 3875 in
2750 3829 3048 3873 extremam
3120 3814 3537 3869 amaritudinem

1978 3932 2164 3981 versa,
2200 3931 2419 3971 sensum
2466 3920 2786 3983 exasperat,
2838 3924 2960 3966 cum
3014 3908 3067 3961 in
3122 3906 3394 3961 absinthio
3449 3914 3539 3957 aut

1975 4022 2322 4065 scammonea
2365 4004 2643 4060 insederit.
2672 4001 2977 4069 Quinetiam
3013 3999 3066 4053 in
3114 3996 3418 4068 glandibus,
3450 4006 3541 4049 aut

1979 4102 2030 4155 in
2061 4101 2209 4154 corni
2252 4100 2451 4165 fructu,
2481 4099 2549 4151 ad
2595 4096 2979 4164 astringentem
3020 4103 3378 4159 asperamque
3408 4100 3543 4155 qua-

1981 4194 2183 4246 litatem
2230 4189 2462 4243 transit:
2496 4188 2550 4240 in
2606 4186 2925 4239 tereliintliis
2952 4196 3082 4235 vero
3118 4190 3174 4234 et
3206 4179 3455 4242 nucibus,
3488 4177 3543 4231 iu

1982 4297 2219 4339 teneram
2250 4291 2303 4335 et
2330 4280 2565 4335 oleosam
2598 4288 2848 4331 naturam
2889 4280 3298 4328 transmutatur.

2051 4468 2105 4523 9.
2145 4468 2209 4522 Et
2238 4464 2367 4535 quid
2399 4479 2537 4533 opus
2561 4472 2638 4515 est
2671 4458 2859 4531 procul
2888 4457 3072 4511 dissita
3122 4450 3391 4523 proferre,
3423 4464 3547 4505 cum

303 4557 474 4627 αὐτῆς
496 4560 665 4630 συκῆς
692 4560 826 4630 πρὸς
850 4558 947 4622 τάς
977 4560 1369 4623 ἐναντιωτάτας
1396 4557 1706 4630 μεταϐαίνει
1732 4560 1883 4612 ποιό-
1983 4563 1986 4612 i

1868 4590 1883 4601 -
1983 4562 2035 4615 in
2096 4560 2283 4613 eadem
2345 4558 2448 4609 llcu
2510 4555 2563 4607 in
2616 4552 2904 4620 qualitates
2958 4546 3193 4600 maxime
3250 4544 3551 4598 contrarias

304 4667 507 4723 τηταςς
541 4652 871 4721 Πικρότατον
903 4652 1002 4722 μὲν
1022 4652 1129 4721 γάρ
1150 4652 1298 4705 ἐστιν
1325 4653 1382 4704 ἐν
1406 4649 1482 4719 τῷ
1514 4648 1650 4719 ὀπῷ,
1680 4648 1880 4716 γλυκύ·
1911 4642 1955 4696 D
1984 4680 1987 4699 ‹

1864 4681 1880 4691 -
1911 4642 1955 4696 Ῑ)
1984 4651 2340 4715 commigret‘!
2368 4648 2464 4702 Est
2509 4650 2649 4700 enim
2687 4644 2738 4695 in
2787 4655 2950 4695 succo
2992 4639 3327 4693 amarissima
3367 4653 3380 4689 :
3415 4650 3547 4689 con-

305 4760 463 4799 τατον
484 4741 539 4795 δὲ
562 4744 619 4795 ἐν
644 4744 791 4813 αὐτῷ
815 4743 925 4813 (7‘2)
951 4742 1027 4813 τῷ
1056 4742 1273 4811 καρπῷ.
1314 4742 1422 4795 Καὶ
1450 4740 1542 4793 ἐπὶ
1574 4740 1671 4810 τῆς
1695 4739 1877 4808 ἀμπέ-

306 4836 397 4889 λου
422 4832 857 4887 στυπτικώτατον
898 4835 999 4905 μὲν
1024 4834 1116 4887 ἐπὶ
1154 4833 1263 4887 τῶν
1287 4833 1625 4905 ἀκρεμόνων,
1662 4830 1878 4901 ἥδιστον

308 4926 365 4979 δὲ
397 4930 454 4980 ἐν
482 4932 593 4992 τοῖς
623 4926 891 4999 βότρυσιν.
918 4930 981 4981 Ai
1026 4929 1082 4982 δὲ
1117 4926 1259 4980 κατὰ
1298 4928 1397 4990 τὰς
1434 4926 1597 4995 χρόας
1630 4925 1882 4995 διαφοραὶ

310 5020 508 5072 πόσαιί
542 5019 699 5080 Ἶδοις
726 5018 791 5069 ἂν
824 5020 880 5070 ἐν
918 5019 1142 5089 λειμῶνι
1178 5017 1236 5069 τὸ
1278 5018 1405 5070 αὐτὸ
1445 5017 1589 5089 ὕδωρ
1627 5014 1882 5087 ἐρυθραι-

309 5110 535 5181 νόμενον
563 5110 659 5179 μὲν
692 5111 747 5162 ἐν
787 5110 923 5178 τῷδε
962 5110 1038 5180 τῷ
1071 5107 1238 5169 ἄνθει,
1272 5108 1366 5159 καὶ
1396 5109 1453 5161 ὲν
1486 5107 1628 5175 ἄλλῳ
1675 5122 1883 5175 πορφυ-

313 5198 440 5269 ροῦν
473 5200 604 5267 (75).
639 5200 729 5252 καί
756 5199 953 5251 κυανδν
982 5201 1039 5252 ἐν
1067 5198 1219 5269 τῷδε,
1254 5197 1345 5249 καὶ
1380 5199 1435 5248 ἐν
1463 5199 1631 5266 ἑτέρῳ
1658 5197 1845 5249 λευκόν
1866 5212 1881 5227 ·

314 5289 408 5340 καὶ
442 5288 658 5341 πλείονα
694 5288 852 5341 πάλιν
885 5293 982 5358 τῆς
1015 5290 1071 5341 ἐν
1112 5293 1231 5351 ταῖς
1268 5288 1453 5357 χρόαις
1488 5288 1753 5351 ποικιλίας
1781 5288 1879 5361 τὴν

316 5378 454 5437 κατὰ
490 5379 583 5441 τὰς
619 5380 789 5452 όδμάς
833 5380 1091 5451 διαφορὰν
1130 5378 1516 5451 παρεχόμενον.
1575 5378 1733 5431 Ἀλλά
1773 5380 1882 5450 γὰρ

388 5561 501 5633 (70)
542 5557 673 5627 Reg.
706 5562 896 5633 tertius
928 5561 993 5612 ἐκ
1031 5559 1131 5629 τῆς
1159 5557 1414 5629 τοιαύτης
1445 5557 1647 5623 αἰτίας.
1678 5556 1880 5613 Ibidem

316 5629 448 5699 Reg.
480 5629 697 5700 quintus
729 5632 1109 5702 προσέρχεται.

390 5699 506 5771 (7|)
544 5703 691 5756 Cnlb.
738 5699 1002 5753 seimndus
1035 5700 1067 5769 ἢ
1101 5699 1493 5770 ἀσκομμωνίᾳ·
1542 5714 1700 5764 quam
1744 5713 1882 5771 quo-

318 5787 424 5842 que
458 5769 990 5842 lectiouenLexliibet
1017 5769 1397 5838 quidenilleg.
1429 5778 1641 5842 sextus,
1662 5769 1753 5822 sed
1793 5783 1881 5842 se-

319 5838 510 5897 cundis
536 5843 698 5900 curis.
732 5838 891 5905 Editi,
924 5842 1084 5894 Cnisl.
1115 5850 1360 5909 ulerque,
1401 5849 1455 5893 et
1492 5838 1645 5908 Regii
1690 5838 1879 5892 tertius

320 5923 375 5965 et
429 5912 648 5980 quintus
703 5910 1052 5981 σκαμμωνία.
1096 5910 1439 5981 scammonia
1509 5919 1731 5981 autem,
1783 5922 1877 5960 seu

329 5996 687 6050 scammouea,
723 5986 887 6037 herba
923 5980 1015 6036 est
1046 5980 1323 6048 regionum
1360 5980 1874 6045 transmarinarum,

1986 4760 2089 4805 tra,
2114 4743 2419 4797 dulcissima
2447 4750 2531 4793 ρει
2560 4738 2611 4788 in
2647 4736 2763 4802 ipso
2797 4732 2997 4787 fructu.
3026 4730 3091 4785 Et
3118 4732 3169 4784 in
3200 4730 3331 4791 vite,
3359 4728 3553 4781 astrin-

1984 4838 2293 4910 gentissima
2342 4842 2425 4889 est
2472 4833 2523 4883 in
2568 4828 2763 4892 ramis,
2808 4827 2862 4879 in
2898 4827 3017 4879 uvis
3048 4837 3175 4876 vero
3207 4818 3550 4875 suavissima.

1986 4908 2126 4996 Quot
2153 4938 2331 4980 autem
2360 4920 2675 4977 dill‘erentia:
2707 4927 2831 4973 sunt
2862 4914 3139 4970 colorum!
3178 4912 3371 4965 Videas
3405 4908 3551 4961 enim

1988 5024 2039 5077 in
2073 5031 2225 5092 prato
2264 5016 2509 5071 eamdem
2538 5026 2730 5081 aquam
2761 5010 2810 5061 in
2840 5009 2941 5062 hoc
2984 5005 3197 5074 quidem
3234 5000 3363 5092 flore
3394 5000 3556 5092 rube-

1988 5086 2248 5166 sce'nlem,
2296 5103 2348 5155 in
2394 5101 2500 5154 alio
2542 5111 2891 5169 purpuream,
2924 5096 2976 5147 in
3022 5094 3121 5144 lioc
3151 5089 3464 5150 cieriileam,
3498 5086 3555 5142 in

1989 5198 2093 5250 alio
2141 5195 2317 5249 albam
2359 5207 2375 5247 :
2412 5203 2572 5259 atque
2621 5190 2817 5241 iterum
2874 5182 3234 5237 dill‘ereutiam
3293 5176 3551 5248 majorem

1987 5288 2205 5342 exhibet
2241 5286 2293 5341 in
2346 5284 2635 5343 odoribus,
2683 5294 2844 5348 quam
2888 5279 3001 5346 ipsa
3046 5285 3127 5330 est
3172 5272 3408 5326 colorum
3457 5283 3553 5322 Va-

1992 5380 2174 5435 rietas.
2208 5376 2311 5431 Sed
2342 5376 2483 5429 enim
2529 5371 2830 5426 orationem
2877 5384 3049 5423 meam
3085 5379 3251 5420 cerno
3293 5365 3360 5417 ob
3404 5361 3557 5416 inex-

1978 5572 2100 5624 quae
2142 5553 2442 5625 przesertim
2479 5551 2530 5603 in
2559 5549 2686 5625 Asia
2723 5556 2778 5603 et
2810 5546 2861 5625 in
2895 5558 3029 5625 agr_o
3064 5537 3411 5625 .Coloplli‘onio
3437 5551 3561 5625 ore:

2348 5634 2541 5691 succus
2600 5620 2742 5674 valet
2776 5617 2840 5669 ad
2886 5606 3219 5691 mEdicinas.’
3252 5610 3417 5661 Plura
3465 5606 3559 5675 qui

1977 5686 2178 5764 ciipiet,
2211 5686 2475 5764 Ruelliuiu
2516 5690 2697 5764 legere
2735 5686 2947 5764 poterit.

2048 5745 2178 5836 δίξῖ
2202 5745 2677 5836 Ιῖανεαίιμίρλβῖείί.
2709 5745 3313 5836 ciimcndicepombef.
3344 5755 3401 5801 et
3431 5761 3556 5800 cum

1978 5822 2098 5891 aliis
2131 5822 2221 5890 sex
2256 5848 2383 5888 mss.
2417 5832 2592 5885 Editio
2627 5828 2800 5883 Paris.
2830 5828 2888 5897 ἐν
2916 5822 3081 5877 αὑτοῦ
3114 5823 3208 5894 τῷ.
3469 5885 3496 5897 _

2049 5906 2161 5975 (73)
2200 5904 2379 5975 Codex
2411 5899 2653 5975 Combef.
2683 5914 2803 5953 cum
2836 5896 2968 5975 Reg.
2990 5906 3190 5951 octavo
3215 5896 3553 5965 πορφυροῦν.

1978 5964 2117 6031 Editi
2142 5964 2270 6032 'cum
2306 5974 2437 6042 Reg.
2464 5970 2650 6041 quinto
2687 5964 2977 6037 πορφυρόν.
