4262 6490
739 410 848 470 υῦ

2082 423 2140 481 S.
2183 424 2430 480 BASiLll
2469 425 2684 481 MAGNI

3900 437 3998 494 “6

738 528 939 600 plebile
989 529 1087 584 ista
1129 528 1442 601 Speculandi
1482 533 1807 592 desiderium
1831 581 1861 607 ,,
1899 542 2035 599 ultra
2094 553 2310 608 modum
2339 561 2421 616 At

2339 561 2387 616 Α
2411 556 2526 628 ὁρῶ
2555 575 2645 628 μοι
2675 559 2765 610 τὸν
2800 557 2911 628 (74)
2939 555 3096 627 λόγον
3124 562 3188 630 τῇ
3222 561 3494 634 ἀπληστίᾳ
3525 565 3622 635 τῆς
3655 564 3886 633 θεωρίας
3918 570 3997 631 είς

741 635 1102 676 excresccre:
1139 637 1298 692 quam
1347 623 1449 676 nisi
1501 625 1826 694 astrinxero,
1879 648 2310 712 revocaveroque

739 713 806 767 ad
856 715 1150 768 creationis
1213 714 1422 785 legem,
1473 716 1594 772 dies
1653 735 1740 774 me
1788 724 2002 784 deﬁciet
2066 747 2312 802 magnam

739 808 896 860 vobis
933 807 1254 876 sapientiam
1301 825 1369 863 ex
1423 811 1661 866 minimis
1717 817 1880 872 rebus
1946 824 2312 885 exhibentem,

743 896 1014 953 Cerminet
1045 908 1186 954 terra
1221 901 1420 970 lignum
1453 902 1809 974 fructiferum,
1850 910 2049 979 faciens
2087 917 2317 985 fructum

743 1007 900 1058 super
949 1001 1163 1048 terram.
1218 993 1280 1048 Et
1336 995 1516 1050 subito
1563 1001 1826 1056 montium
1892 1011 2169 1062 cacumina
2222 1027 2316 1066 co-

746 1083 947 1138 mantia
999 1085 1421 1152 comparebant,
1466 1095 1520 1141 et
1570 1090 1793 1146 solerter
1847 1099 2320 1157 concinnabantur

744 1175 920 1238 horti.
975 1187 1030 1232 et
1081 1177 1368 1233 ﬂuviorum
1422 1180 1548 1250 ripa;
1602 1183 1841 1241 infinitis.
1907 1190 2319 1246 adornabantur

743 1269 1049 1340 plantarum
1085 1270 1591 1344 generibus,AIque
1643 1277 1724 1331 liae
1764 1281 1980 1347 quidem
2041 1284 2108 1337 ad
2161 1299 2321 1339 exor-

746 1362 979 1415 nandam
1010 1362 1288 1416 hominum
1322 1380 1563 1418 mensam
1596 1369 2028 1426 ordinabantur:
2061 1374 2161 1427 illm
2191 1390 2318 1430 vero

743 1469 811 1506 ex
865 1452 1144 1508 frondibus
1205 1454 1583 1523 fructibusque
1648 1458 1965 1525 alimentum
2035 1466 2319 1533 pecoribus

743 1545 1100 1615 praestabant.
1137 1545 1271 1599 Alia:
1314 1547 1600 1601 conferunt
1640 1549 1797 1605 nobis
1830 1554 2112 1608 medicina:
2147 1558 2323 1610 subsi-

746 1635 859 1700 dia,
889 1650 1102 1698 succos,
1140 1636 1399 1704 liquores,
1440 1636 1705 1704 festucas,
1746 1643 2004 1710 cortices,
2037 1645 2270 1701 fructum
2303 1667 2316 1702 :

744 1736 800 1781 et
831 1742 938 1781 uno
970 1728 1156 1792 verbo,
1180 1745 1515 1800 quzecunqne
1550 1734 1708 1788 nobis
1740 1735 1947 1790 invenit
1983 1739 2187 1792 diutina
2227 1754 2322 1794 ex-

747 1820 1049 1888 perientia,
1098 1822 1224 1876 dum
1271 1821 1382 1894 49
1425 1839 1489 1878 ex
1544 1826 1770 1895 singulis
1817 1829 2033 1884 casibus
2075 1831 2126 1885 id
2176 1831 2321 1900 quod

2414 649 2685 719 ἀμετρίαν
2720 650 3070 711 ἐκπίπτοντα,
3094 649 3151 703 ὃν
3179 649 3273 703 ὲάν
3301 653 3374 723 μὴ
3396 653 3562 722 δήσας
3583 656 3718 726 πρὸς
3751 657 3998 728 ἀνάγκην

2415 741 2691 810 ἀπαγάγω
2721 742 2819 811 τῆς
2848 743 3097 809 κτίσεως,
3125 743 3391 814 ἐπιλείψει
3416 763 3483 816 με
3510 750 3542 817 ἡ
3568 749 3751 819 ἡμέρα
3771 747 3870 819 τὴν
3904 767 4000 818 μεθ’

2415 835 2588 905 γάλην
2613 835 2802 903 σοφίαν
2829 835 2939 904 (75)
2964 837 3026 888 ἐκ
3050 835 3159 889 τῶν
3183 837 3523 907 μικροτὰτων
3548 840 3672 907 ὑμῖν
3695 839 4001 910 παριστῶν-

2417 943 2505 980 τα.
2543 925 2952 994 Βλαστησὰτω
2997 927 3046 994 ἡ
3072 927 3147 996 γῆ
3196 927 3388 991 ξύλον
3431 927 3747 997 κάρπιμον,
3781 931 4001 983 ποιοῦν

2419 1019 2650 1088 καρπὸν
2681 1019 2786 1073 ἐπὶ
2825 1018 2936 1088 τῆς
2964 1019 3097 1088 γῆς.
3132 1022 3242 1076 Καὶ
3293 1020 3455 1084 εὐθὺς
3506 1023 3559 1073 αἱ
3607 1023 3842 1092 κορυφαὶ
3886 1023 3997 1074 τῶν

2420 1113 2588 1185 ὀρέων
2622 1114 2834 1184 ἐκόμων
2857 1131 2874 1144 ι
2905 1113 2999 1167 καὶ
3049 1113 3483 1186 ὲφιλοτεχνοῦντο
3528 1115 3869 1186 παράδεισοι,
3906 1117 4000 1169 καὶ

2422 1207 2680 1276 ποταμῶν
2734 1207 2890 1276 ὄχθαι
2948 1207 3161 1277 μυρίοις
3213 1206 3392 1274 γένεσι
3445 1207 3626 1277 φυτῶν
3682 1205 3995 1276 ώραῖζοντο.

2422 1295 2533 1347 Καὶ
2564 1296 2632 1347 τά
2668 1295 2762 1365 μὲν
2791 1297 2889 1366 τὴν
2924 1295 3266 1367 ἀνθρωπίνην
3299 1295 3628 1365 ηὐτρέπιστο
3647 1296 4003 1365 κατακοσμῆ-

2426 1406 2514 1444 σαι
2535 1388 2810 1460 τράπεζαν
2826 1405 2839 1419 ·
2863 1389 2929 1444 τὰ
2948 1389 3003 1442 δὲ
3027 1389 3334 1462 βοσκήμασι
3364 1389 3566 1460 τροφὴν
3591 1388 4001 1459 παρεσκεύαζεν

2424 1497 2487 1534 εκ
2520 1480 2626 1534 τῶν
2662 1480 2895 1548 φύλλων,
2945 1482 3007 1531 ὲκ
3039 1481 3145 1534 τῶν
3179 1480 3426 1551 καρπῶν.
3467 1481 3636 1535 Ἀλλα
3673 1481 3773 1545 τάς
3807 1483 3871 1534 ὲκ
3900 1481 4003 1550 τῆς

2427 1574 2671 1644 ἰατρικῆς
2696 1571 2959 1641 ὠφελείας
2985 1573 3113 1642 ἡμῖν
3139 1571 3415 1641 προεξένει
3433 1588 3445 1603 ·
3475 1575 3601 1636 τοὺς
3627 1574 3842 1645 χυλοὺς,
3877 1573 4002 1636 τοὺς

2424 1666 2608 1730 ὀπούς,
2667 1663 2736 1718 τά
2777 1665 2984 1734 κάρφη,
3038 1664 3162 1726 τοὺς
3207 1665 3442 1731 φλοιοὺς,
3497 1665 3591 1720 τὸν
3625 1666 3872 1737 καρπόνο
3907 1666 4006 1718 καὶ

2426 1757 2758 1822 ἁπαξαπλῶς
2789 1758 2887 1810 ὅσα
2919 1758 3050 1826 ἡμῖν
3075 1757 3106 1825 ἡ
3139 1754 3326 1826 χρονία
3360 1761 3520 1824 πεῖρα
3548 1756 3785 1828 ἐξεῦρεν,
3805 1759 3869 1813 ἐκ
3895 1756 4004 1809 τῶν

2425 1851 2565 1904 κατά
2600 1851 2764 1921 μέρος
2797 1847 3186 1921 περιπτώσεων
3218 1846 3584 1917 συλλεγομένη
3623 1849 3682 1900 τὸ
3711 1851 4002 1919 χρήσιμον,

747 1911 880 1965 utile
907 1920 988 1964 est
1031 1911 1264 1980 colligit;
1304 1916 1417 1967 haec
1456 1915 1635 1968 omnia
1685 1917 1970 1986 perspicax
2008 1919 2322 1977 Conditoris
2356 1929 2430 1982 Β.

2320 1958 2322 1967 ’
2356 1929 2397 1982 Β
2420 1911 2654 2012 ταῦταῆ
2677 1911 2828 2006 οξεῖα
2857 1911 2949 1994 τοῦ
2982 1940 3268 2004 κτίσαντος
3297 1911 3406 2008 (76)
3449 1911 4003 2009 πρόνοιαίέξυάρχῆς

747 2001 1118 2069 providentia,
1165 2002 1232 2056 ab
1286 2002 1438 2056 initio
1475 2017 1561 2058 res
1623 2009 1992 2075 prospiciens,
2038 2011 2208 2063 edidit
2255 2026 2316 2064 ac

749 2092 1022 2160 produxit.
1049 2092 1126 2147 Tu
1157 2108 1292 2146 vero
1313 2109 1434 2147 cum
1468 2095 1668 2150 videris
1697 2098 1995 2166 hortensia,
2027 2101 2322 2168 silvestria,

748 2186 1020 2254 aquatica,
1057 2187 1361 2252 terrestria,
1405 2185 1645 2242 ﬂorifera
1682 2201 1776 2243 aut
1816 2207 1921 2244 non
1958 2190 2230 2257 ﬂorentia,
2271 2193 2321 2246 in

748 2292 918 2349 parvo
953 2293 1203 2346 magnum
1244 2294 1569 2348 agnoscens,
1611 2298 1827 2354 semper
1861 2295 2006 2339 tuam
2059 2287 2229 2354 magis
2261 2302 2323 2340 ac

747 2372 918 2441 magis
975 2372 1222 2427 intendas
1270 2374 1728 2443 admirationem,
1780 2393 1844 2431 ac
1899 2379 2058 2431 velim
2127 2394 2323 2449 augeas

748 2477 990 2517 amorem
1042 2465 1092 2516 in
1141 2463 1453 2518 Creatorem
1507 2475 1677 2520 tuum.
1747 2467 2021 2534 Expende,
2057 2470 2324 2538 quomodo

748 2556 881 2608 alias
930 2555 1151 2608 arbores
1185 2567 1444 2624 perpetuo
1488 2557 1747 2621 virentes,
1795 2560 1930 2612 alias
1965 2575 2097 2612 vero
2151 2559 2319 2611 nuda—

752 2646 882 2700 tioni
928 2646 1192 2701 obnoxias
1244 2647 1554 2701 condiderit
1597 2665 1611 2701 :
1650 2659 1704 2702 et
1737 2650 2007 2716 quomodo
2049 2649 2189 2702 inter
2231 2665 2325 2703 eas

750 2752 872 2807 qua:
903 2751 1119 2805 semper
1155 2738 1448 2802 virescunt,
1493 2737 1612 2791 aliae
1652 2740 1899 2793 amittant
1936 2739 2172 2804 frondes,
2209 2740 2327 2794 alia:

751 2844 968 2898 semper
1025 2829 1171 2898 ipSas
1228 2840 1466 2884 servent.
1524 2830 1817 2884 Enimvero
1889 2831 2006 2884 olea
2058 2840 2114 2884 et
2169 2831 2326 2899 pinus

751 2929 1027 2978 exuuntur
1061 2920 1236 2985 foliis;
1272 2921 1486 2975 tametsi
1519 2921 1723 2975 sensim
1764 2922 2079 2990 occulteque
2109 2921 2327 2976 l'rondes
2354 2941 2396 2998 ε
2430 2979 2434 3008 1

1545 2921 1723 2975 ensim
1764 2922 2079 2990 occulteque
2109 2921 2327 2976 l'rondes
2354 2941 2396 2998 ε
2430 2920 2607 3027 bin-,1;
2627 2954 2850 3026 τοώτης
2884 2920 3228 3023 βλᾷστήσεως

1836 3014 1845 3027 ,
1983 3014 1990 3027 ,
2067 3013 2077 3024 .
2152 3013 2161 3022 υ
2185 3011 2198 3027 ι
2481 2999 2492 3010 ⁸
2651 2995 2682 3026 ’⁵
2910 3003 2915 3007 ’

751 3014 1042 3076 alternant,
1070 3012 1204 3066 adeo
1239 3020 1296 3064 ut
1325 3027 1600 3080 nunquam
1633 3027 1784 3066 coma
1817 3013 2079 3067 deimdari
2115 3011 2327 3066 videan-

757 3115 867 3162 tur.
905 3104 1091 3158 Palma
1135 3113 1314 3155 autem
1367 3113 1623 3171 perpetuo
1675 3104 1803 3156 folia
1870 3105 2087 3164 retinet,
2135 3112 2320 3167 utpote

755 3209 877 3262 qua:
925 3207 1046 3246 cum
1108 3191 1311 3245 eisdem
1360 3192 1503 3246 foliis
1542 3208 1571 3246 a
1608 3194 1779 3262 prima
1819 3194 2208 3261 germinatione
2250 3193 2316 3247 ad

758 3288 917 3340 tinem
952 3302 1120 3356 usque
1172 3294 1506 3357 permaneat.
1556 3283 1758 3339 Deinde
1802 3297 1858 3339 et
1909 3286 2036 3340 illud
2083 3285 2328 3339 animad-

756 3390 925 3442 verte,
963 3380 1229 3446 quomodo
1278 3377 1480 3448 myrica
1528 3387 1610 3432 est
1657 3376 1820 3430 veluti
1872 3382 2116 3445 anceps:
2160 3391 2331 3428 annu-

753 3481 996 3527 meratur
1030 3471 1279 3525 nimirum
1322 3480 1376 3526 et
1416 3472 1556 3525 inter
1597 3470 1868 3540 aquatica,
1897 3479 1952 3522 et
1992 3470 2044 3523 in
2081 3467 2328 3523 solitudi-

2427 2034 2864 2105 προϐλεψαμένη,
2900 2035 2978 2099 είς
3025 2035 3235 2103 γένεσιν
3269 2035 3461 2105 ἤγαγε.
3499 2034 3569 2087 Σὺ
3609 2033 3666 2085 δὲ
3716 2034 3846 2086 ὅταν
3888 2034 4007 2106 ἴδῃς

2425 2125 2492 2177 τὰ
2524 2126 2728 2196 ἥμερα,
2782 2125 2850 2176 τὰ
2881 2126 3066 2196 ἄγρια,
3107 2125 3173 2179 τὰ
3227 2125 3479 2198 φίλυδρα,
3525 2122 3595 2177 τὰ
3645 2126 3896 2194 χερσαῖα,
3938 2122 4008 2176 τὰ

2427 2215 2858 2287 ἀνθοφοροῦντα,
2895 2215 2927 2286 ἣ
2962 2216 3030 2268 τά
3081 2217 3281 2286 ἀνανθῆ
3306 2256 3319 2279 ,
3361 2218 3417 2269 ὲν
3475 2214 3655 2288 μικρῷ
3695 2213 3787 2268 τόν
3835 2215 4009 2285 μέγαν

2426 2307 2825 2377 ἐπιγινώσκων,
2876 2307 3110 2378 πρόσθες
3148 2309 3233 2361 ἀεὶ
3261 2308 3338 2378 τῷ
3367 2307 3626 2379 θαύματι,
3652 2309 3745 2361 κα).
3772 2306 4009 2379 αὕξησόν

2429 2420 2517 2473 μοι
2548 2402 2648 2473 τὴν
2687 2400 2905 2471 ἀγάπην
2933 2399 3024 2453 τοῦ
3052 2400 3352 2463 κτίσαντος.
3374 2401 3641 2478 Ἐξέταζε,
3670 2401 3786 2464 πῶς
3810 2399 3880 2453 τά
3911 2401 4008 2471 μὲν

2425 2493 2649 2562 ἀειθαλῆ
2682 2492 2925 2561 ἐποίησε,
2953 2490 3020 2543 τὰ
3050 2490 3106 2543 δὲ
3133 2491 3482 2561 γυμνούμενα
3507 2508 3520 2521 ο
3556 2492 3648 2544 καὶ
3683 2491 3792 2543 τῶν
3822 2491 4006 2544 ἀειθα-

2425 2583 2531 2637 λῶν
2557 2583 2625 2635 τὰ
2661 2582 2758 2653 μὲν
2787 2581 3102 2650 φυλλοὸόλα,
3141 2582 3211 2636 τὰ
3259 2582 3315 2635 δὲ
3358 2581 3641 2650 ἀείφυλλα.
3689 2580 4008 2633 Φυλλοϐολεῖ

2427 2679 2536 2751 γάρ
2573 2679 2666 2731 κα).
2696 2677 2850 2730 ἐλαία
2882 2678 2984 2732 καὶ,
3006 2677 3183 2739 πίτυς,
3215 2679 3261 2728 εἰ
3288 2677 3380 2728 καὶ
3411 2675 3710 2743 λεληθότως
3735 2673 4008 2727 omnes.

2431 2788 2510 2824 σει
2542 2769 2610 2823 τὰ
2649 2767 2840 2839 φύλλα,
2875 2767 3014 2820 ὥστε
3047 2767 3313 2836 μηδέποτε
3343 2766 3517 2819 δοκεῖν
3542 2766 3638 2834 τῆς
3670 2764 3848 2835 κόμης
3872 2766 4006 2816 ἀπο-

2427 2861 2781 2935 γυμνοῦσθαι.
2833 2857 3141 2929 Ἀείφυλλον
3167 2857 3222 2910 δὲ
3252 2859 3279 2910 ὁ
3314 2856 3507 2925 φοίνιξ,
3535 2855 3612 2926 τῷ
3646 2856 3795 2927 αύτῴ
3829 2856 4009 2928 φύλλῳ

3259 2950 3339 3013 είς
3359 2949 3510 3012 τέλος
3538 2965 3600 3000 συ
3610 2948 4002 3019 μπαραμένων.

2431 3052 2663 3103 Ἔπειτα
2703 3048 2813 3120 (77)
2849 3047 3068 3100 κάκεῖνο
3105 3043 3314 3107 σκόπει,
3359 3042 3475 3107 πῶς
3513 3045 3545 3114 ὴ
3585 3043 3788 3114 μυρίκη
3817 3041 4006 3112 ὥσπερ

2429 3141 2683 3211 ἀμφίὸιόν
2719 3143 2854 3202 ἐστι,
2893 3141 2986 3194 καὶ
3021 3140 3131 3200 τοῖς
3172 3136 3445 3208 φιλύδροις
3477 3134 4005 3206 συναριθμούμενον,

2433 3233 2525 3285 καὶ
2565 3231 2705 3284 κατά
2745 3231 2843 3292 τὰς
2876 3231 3115 3300 ἐρήμους
3153 3227 3581 3298 πληθυνόμενον-
3605 3228 3694 3280 Διὸ
3728 3228 3821 3280 καὶ
3849 3230 3878 3280 ὁ
3917 3227 4009 3279 Ἰε-

2438 3322 2629 3398 ρεμίας
2679 3320 2900 3381 δικαίως
2945 3320 3014 3371 τά
3051 3319 3390 3389 πονηρότερα
3419 3319 3528 3388 (78)
3562 3319 3653 3373 καὶ
3695 3321 4008 3390 ἐπαμφοτε-

2440 3416 2657 3488 ρίζοντα
2687 3412 2793 3466 τῶν
2820 3410 2968 3481 ἠθῶν
2997 3409 3074 3482 τῷ
3103 3409 3328 3480 τοιούτῳ
3359 3409 3508 3480 φυτῷ
3540 3411 3884 3481 παρεικάζει.

751 3563 914 3619 nibus
946 3564 1200 3617 abundat.
1227 3565 1566 3634 Quapropter
1594 3565 1757 3618 etiam
1789 3563 2052 3620 Jeremias
2094 3563 2304 3633 pejores
2332 3570 2387 3615 et
2423 3555 2703 3623 ambiguos
2735 3565 2912 3604 mores
2943 3549 3068 3604 huic
3100 3548 3292 3618 plantae
3313 3547 3502 3600 merito
3531 3553 3810 3614 comparat
3833 3544 3898 3597 ".

825 3655 914 3712 10.
956 3653 1218 3710 Germinet
1274 3668 1433 3711 terra.
1488 3656 1602 3713 Hoc
1673 3659 1931 3727 perbreve
1996 3667 2321 3727 praeceptum

756 3751 944 3806 statim
985 3765 1176 3818 magna
1208 3761 1395 3804 natura
1430 3761 1484 3805 et
1515 3751 1838 3806 artiﬁciosus
1871 3766 2049 3805 sermo
2077 3760 2212 3814 erat,
2245 3750 2328 3804 in-

759 3856 1012 3896 numeras
1060 3841 1307 3908 stirpium
1358 3843 1713 3912 proprietates
1767 3845 2094 3915 cogitatione
2147 3853 2328 3895 nostra

757 3936 917 3989 citius
944 3933 1247 4002 proferens.
1274 3933 1606 4002 Prmceptum
1640 3935 1791 4000 illud,
1823 3938 1964 4006 quod
1995 3937 2155 3989 etiam
2189 3949 2331 3988 nunc

757 4038 916 4081 terra:
964 4026 1138 4091 inest,
1188 4040 1306 4079 eam
1356 4025 1650 4092 quotannis
1692 4034 1867 4093 urget,
1912 4034 1970 4076 ut
2010 4024 2324 4077 facultatem

757 4133 910 4173 suam
944 4131 1182 4178 omnem,
1211 4133 1316 4186 qua
1347 4118 1412 4172 ad
1457 4117 1676 4180 herbas,
1721 4116 1954 4180 semina,
1993 4114 2325 4182 arboresque

756 4209 1091 4277 generandas
1143 4208 1364 4274 praedita
1413 4215 1528 4267 est,
1575 4215 1816 4260 exserat.
1863 4204 2322 4272 Quemadmodum

2495 3649 2579 3701 l0.
2625 3644 3037 3713 Βλαστησάτω
3071 3646 3109 3713 ιι)
3154 3643 3253 3714 γῆ.
3296 3643 3367 3696 Τὸ
3418 3641 3613 3713 μικρὸν
3657 3640 3814 3694 τοῦτο
3845 3641 4010 3712 πρόσω

2418 3757 2608 3810 ταγμα
2654 3737 2814 3802 εὐθὺς
2859 3738 3018 3807 φύσις
3064 3737 3273 3806 μεγάλη
3323 3735 3415 3789 καὶ
3449 3734 3603 3803 λόγος
3645 3734 3890 3802 ἔντεχνος
3917 3728 4006 3804 ἦν,

2425 3835 2615 3886 θᾶττον
2667 3831 2762 3884 τοῦ
2827 3828 3096 3901 ἡμετέρου
3150 3831 3421 3900 νοήματος
3475 3829 3576 3890 τὰς
3629 3827 3833 3896 μυρίας
3898 3824 4006 3878 τῶν

2427 3926 2710 3996 φυομένων
2767 3924 3034 3991 ἰδιότητας
3081 3922 3337 3977 ἐκτελῶν.
3400 3922 3606 3974 Ἐκεῖνο
3660 3917 3738 3970 ἔτι
3789 3917 3885 3970 καὶ
3915 3918 4006 3971 νῦν

2431 4018 2733 4088 ἐνυπάρχον
2763 4015 2874 4082 (79)
2901 4014 2966 4082 τῇ
2997 4013 3067 4081 γῇ
3099 4012 3159 4063 τὸ
3197 4013 3548 4083 πρόσταγμα,
3596 4012 3805 4080 ἐπείγει
3837 4011 4006 4082 αὑτὴν

2427 4111 2550 4164 καθ’
2599 4109 2835 4174 ἑκάστην
2891 4104 3043 4167 ἔτους
3081 4105 3324 4174 περίοδον
3375 4105 3589 4173 ἐξάγειν
3637 4104 3736 4173 τὴν
3780 4103 4007 4173 δύναμιν

2429 4199 2624 4267 ἑαυτῆς
2656 4198 2785 4266 ὅσην
2816 4194 2926 4265 ἔχει
2975 4194 3110 4266 πρὸς
3155 4211 3214 4245 τε
3260 4193 3495 4262 βοτανῶν
3544 4193 3638 4244 καὶ
3678 4192 4008 4261 σπερμάτων

757 4301 903 4356 enim
940 4299 1183 4353 turbines
1212 4312 1276 4352 ex
1314 4297 1488 4366 primo
1515 4297 1622 4349 ictu
1668 4297 1798 4366 ipsis
1830 4298 2072 4359 incusso,
2113 4309 2204 4348 eos
2236 4293 2325 4363 qui
2358 4283 2403 4339 D
2432 4311 2440 4346 :

2324 4339 2325 4344 η
2358 4283 2403 4339 D
2432 4291 2526 4346 καὶ
2573 4287 2802 4359 δένδρων
2837 4287 3068 4354 γένεσιν.
3113 4286 3199 4349 Ὠς
3248 4283 3358 4355 γὰρ
3396 4285 3445 4336 οἱ
3496 4282 3766 4354 στρόϐιλοι
3802 4285 3866 4335 ὲκ
3910 4283 4007 4352 τῆς

758 4393 1012 4458 deinceps
1049 4399 1349 4460 sequuntur
1382 4403 1544 4460 gyros
1599 4387 1922 4453 coniiciunt,
1969 4403 2092 4444 cum
2141 4387 2194 4440 in
2247 4401 2330 4439 se-

759 4483 915 4554 ipsis,
961 4482 1066 4535 lixo
1101 4492 1306 4544 centro,
1352 4480 1810 4536 circumferuntur
1853 4498 1866 4534 :
1901 4480 1980 4534 sic
2016 4489 2073 4536 et
2123 4489 2329 4533 natura:

757 4574 891 4629 ordo
938 4573 1007 4627 ab
1051 4573 1154 4627 hoc
1204 4573 1377 4640 primo
1431 4583 1700 4642 praecepto
1752 4586 1998 4637 exorsus,
2051 4572 2117 4625 ad
2166 4583 2328 4625 omne

759 4666 1010 4733 deinceps
1048 4675 1258 4732 tempus
1290 4666 1506 4729 transit,
1534 4664 1703 4719 donec
1733 4665 1798 4719 ad
1835 4678 2176 4718 communem
2211 4661 2330 4714 uni-

762 4758 900 4810 versi
934 4755 1454 4811 consummationem
1488 4756 1816 4820 pervenerit.
1847 4754 1926 4808 Ad
1961 4768 2122 4821 quam
2151 4763 2205 4808 et
2235 4766 2332 4806 nos

759 4862 951 4903 omnes
981 4848 1167 4902 referti
1204 4847 1492 4913 fructibus,
1521 4861 1582 4900 ac
1615 4846 1876 4901 bonorum
1911 4860 2133 4915 operum
2183 4842 2324 4914 pleni

759 4937 1097 5003 festinemus,
1141 4949 1198 4992 ut
1235 4938 1455 5007 plantati
1503 4939 1556 4993 in
1598 4939 1755 4992 domo
1799 4936 2031 5000 Domini,
2079 4937 2130 4989 in
2179 4936 2334 4988 atriis

760 5030 856 5086 Dei
902 5029 1073 5084 nostri
1095 5029 1139 5060 ⁷⁷
1165 5028 1585 5093 eﬂlorescamus,
1625 5029 1678 5082 iu
1708 5027 1920 5084 Christo
1959 5027 2083 5084 Jesu
2111 5027 2336 5081 Domino

826 5162 875 5195 "
913 5160 1022 5221 Jer.
1049 5180 1180 5232 xvn,
1206 5163 1256 5218 6.
1330 5164 1375 5196 "’
1416 5162 1558 5217 Psal.
1585 5178 1691 5229 xei,
1728 5159 1810 5214 14.

828 5299 943 5423 (74)
989 5299 1124 5382 [λος.
1161 5301 1365 5370 primus
1389 5297 1501 5372 ὁρῶ
1540 5313 1641 5367 μου
1676 5299 1786 5351 τόν.
1820 5293 1959 5349 Editi
1987 5311 2107 5348 cum
2141 5293 2324 5347 multis

828 5385 888 5423 ss.
951 5389 1026 5423 οω
1063 5387 1153 5423 μοι
1184 5372 1293 5423 τόν.

760 5371 1026 5442 ωδὲόρῶ
1063 5387 1153 5442 μοι
1184 5372 1293 5423 τόν.
1350 5441 1355 5442 ί
1426 5371 1429 5372 ⁷
1637 5436 1671 5442 _
2106 5433 2117 5442 _
2294 5430 2319 5441 η

831 5433 1131 5561 (75)·εοῐι).
1162 5441 1428 5495 secundus
1471 5457 1592 5497 eum
1637 5436 1765 5508 Reg.
1797 5445 1950 5492 sexto
1998 5433 2185 5514 σοφίαν
2227 5433 2322 5513 τοῦ

855 5525 1061 5561 omn-oc.
1105 5510 1210 5561 Sed
1246 5510 1395 5561 illud.
1425 5511 1520 5561 τοῦ
1564 5510 1869 5561 κτίσαντος.
1903 5507 2240 5561 deSIderatur
2270 5519 2322 5556 in

757 5505 1061 5575 κτίσαντος.
1105 5510 1210 5566 Sed
1246 5510 1395 5576 illud,
1425 5511 1520 5565 τοῦ
1564 5505 1869 5573 κτίσαντος,
1903 5505 2240 5562 desideratur
2270 5505 2322 5556 in

755 5581 920 5637 editis
945 5591 997 5635 et
1027 5582 1080 5634 in
1119 5582 1238 5634 aliis
1271 5596 1404 5637 mss.

984 5651 1369 5726 ﬂeg.quintns_
1395 5649 1839 5726 toﬁ‘xaiaovtoga
2141 5718 2152 5726 ι
2264 5714 2290 5726 η

830 5657 920 5708 (76
984 5657 1116 5722 Reg.
1143 5657 1365 5720 quintus
1395 5657 1489 5704 τοῦ
1523 5657 1817 5711 κτίσοντος.

830 5657 942 5792 (77)
985 5722 1113 5792 Reg.
1141 5732 1323 5792 sextus
1349 5723 1376 5775 ό
1417 5722 1591 5789 φοίνιξ
1620 5722 1678 5773 τὸ
1724 5720 1852 5772 αὐτὸ
1896 5715 2091 5792 φύλλον
2137 5718 2200 5792 ὲκ
2229 5714 2328 5784 τῆς

757 5787 983 5864 ⁸πρώτης
1018 5787 1362 5864 βλαστήσεως
1400 5787 1479 5856 εἰς
1521 5792 1674 5854 τέλος
1697 5787 2128 5864 Δσυμτιξαροιμένον
2169 5787 2326 5864 ἔχων.

768 5839 1150 5929 iactarem.
1196 5839 1386 5917 Palm'a
1421 5839 1536 5931 quia
1581 5839 1799 5917 cuidemr
1832 5839 2045 5931 [τόηᾶεε
2087 5875 2117 5910 a
2160 5839 2330 5926 prima

2434 4381 2656 4454 πρώτης
2689 4381 2870 4442 αὐτοῖς
2897 4379 3204 4451 ὲνδοθείσης
3229 4376 3443 4448 πληγῆς
3463 4375 3560 4440 τὰς
3583 4375 3780 4444 ἐφεξῆς
3804 4373 4010 4428 ποιοῦν-

2431 4490 2522 4526 ται
2557 4468 2948 4542 περιστροφάς,
2979 4469 3107 4521 ὅταν
3148 4466 3418 4537 πήξαντες
3445 4466 3504 4518 τὸ
3533 4464 3753 4537 κέντρον
3784 4467 3841 4518 ὲν
3880 4467 4006 4519 ἑαυ-

2431 4567 2541 4626 τοῖς
2585 4561 3013 4632 περιφέρωνται·
3053 4558 3194 4613 οὕτω
3223 4559 3315 4612 καὶ
3358 4560 3390 4628 ἡ
3421 4559 3518 4627 τῆς
3546 4557 3756 4625 φύσεως
3785 4557 4009 4610 ἀκολου.

2435 4656 2544 4718 θία,
2580 4657 2644 4708 ὲκ
2671 4653 2764 4707 τοῦ
2811 4653 3027 4724 πρώτου
3068 4652 3481 4723 προστάγματος
3514 4650 3610 4722 τὴν
3644 4651 3816 4722 ἀρχὴν
3855 4650 4009 4716 δεξα-

2433 4749 2725 4820 μένη(80),
2771 4748 2902 4820 πρὸς
2939 4747 3115 4800 πάντα
3148 4745 3238 4798 τὸν
3280 4743 3478 4813 ἑφεξῆς
3525 4743 3856 4814 διεξέρχεται
3891 4743 4008 4813 χρό-

2429 4859 2537 4905 νον,
2565 4841 2754 4913 μὲχρις
2783 4839 2846 4893 ἂν
2882 4840 3017 4910 πρὸς
3056 4839 3152 4911 τὴν
3180 4838 3364 4906 κοινὴν
3405 4837 3710 4890 συντέλειαν
3746 4836 3842 4888 τοῦ
3875 4852 4006 4887 παν-

2429 4933 2517 4996 τὸς
2544 4933 2874 5002 καταντήσῃ.
2917 4932 3029 5000 Ἐφ’
3066 4931 3131 5000 ἢν
3175 4932 3268 4984 καὶ
3299 4932 3458 5000 ἡμεῖς
3500 4931 3698 4991 πάντες
3738 4928 4004 4998 ἔγκαρποι

2434 5027 2528 5078 καὶ
2549 5026 2774 5095 πλήρεις
2804 5026 2978 5097 ἔργων
3007 5024 3225 5092 ἀγαθῶν
3266 5021 3633 5094 ἐπειγώμεθα,
3679 5022 3783 5086 ἵνα,
3815 5038 4004 5090 φυτευ-

2431 5289 2764 5359 generatigue
2797 5292 2863 5342 ad
2900 5287 3056 5359 ﬁnem
3101 5303 3260 5359 usque
3287 5295 3655 5359 permanentes
3681 5298 3877 5359 seruat.

2503 5362 2614 5427 (78)
2656 5358 2804 5411 Coll).
2836 5356 3197 5428 secunduspjri
3227 5357 3590 5428 πονηρότατα.
3619 5356 3821 5410 Ibidem
3873 5357 3994 5424 Reg.

2430 5425 2700 5486 secundus
2728 5431 2820 5481 καὶ
2854 5425 3305 5498 ἀμφοτερίζοντα.

2506 5501 2617 5569 (79)
2661 5498 2734 5551 lta
2771 5492 2906 5554 Duc:
2946 5492 3172 5566 uterQue
3201 5510 3254 5553 et
3284 5497 3372 5551 alii
3422 5495 3661 5566 quinque
3698 5508 3831 5548 mss.
3865 5492 4001 5548 Editi

2433 5572 2696 5624 ὐπάογον.

2506 5588 2696 5641 ταρχον.

2506 5643 2616 5711 (80)
2658 5638 2789 5708 Reg.
2816 5639 3137 5712 sestnsfr'hv
3176 5637 3433 5712 ἀπαρχὴν
3468 5635 3778 5712 δεξαμένη..
3804 5631 3999 5687 Ibidem

2438 5705 2565 5766 mss.
2603 5705 2835 5780 quatuor
2887 5705 3241 5780 διεξέρχεται.
3296 5705 3434 5764 Editi
3485 5723 3606 5763 cum
3657 5705 3865 5760 duobus
3913 5712 4006 5758 aut

2439 5783 2608 5838 tribus
2641 5793 2769 5835 mss.
2797 5779 3084 5853 διέρχεται.
