4262 6518
267 481 364 531 11τῖ

1393 483 1677 538 HOMILIA
1715 488 1781 542 Vl
1823 485 1889 539 IN
1931 487 2420 548 HEXAEM‘ERO‘N.

3414 493 3517 549 ΗΒ

263 595 452 660 θέντες
482 599 538 650 ὲν
583 597 660 666 τῷ
687 595 821 666 οἴκῳ
849 597 1074 668 Κυρίου,
1107 602 1163 652 ἐν
1199 601 1317 662 ταῖς
1349 602 1536 665 αὐλαῖς
1573 603 1667 656 τοῦ
1706 604 1840 658 Θεοῦ
1874 621 1918 675 Α

1835 605 1840 652 i
1874 621 1918 675 Α
1947 617 2149 670 nostro,
2193 611 2278 662 cui
2324 611 2488 678 gloria
2533 617 2584 664 et
2635 607 2917 678 imperium
2967 605 3019 661 in
3055 605 3246 661 sacula
3289 607 3518 661 saculo-

269 688 425 759 ἡμῶν
472 689 854 761 ὲξανθήσωμεν
908 695 964 746 ὲν
1014 693 1236 764 Χριστῴ
1300 693 1471 764 Ἰησοῦ
1525 695 1604 766 τῷ
1655 698 1844 771 Κυρίῳ

1954 714 2089 751 rum.
2124 702 2312 752 Amen.

262 782 450 854 ἡμῶν,
477 777 522 850 ᾧ
551 784 585 851 ἡ
611 781 739 848 δόξα
769 783 862 836 καὶ
891 785 950 839 τὺ
979 787 1179 856 κράτος
1226 788 1305 849 εἰς
1337 787 1462 851 τοὺς
1506 788 1708 852 αἰῶνας
1735 791 1841 843 τῶν
1881 789 2111 844 αἰώνων.
2151 791 2351 862 Ἀμήν.

278 916 3481 947 mm

866 1004 1106 1059 omum
1159 1005 1249 1070 ς’.

556 1097 699 1168 Περὶ
740 1099 1030 1169 γενέσεως
1071 1097 1397 1166 φωστήρων
1429 1096 1564 1167 (81).

347 1186 402 1242 ί.
434 1186 537 1243 Τὸν
593 1188 840 1260 ἀθλητῶν
890 1186 1088 1258 θεατὴν
1146 1190 1395 1259 μετέχειν
1433 1187 1580 1250 τινὸς
1604 1186 1848 1256 προσῆκε

274 1282 372 1334 καὶ
396 1281 556 1334 αὑτὸν
581 1279 846 1342 εὐτονίας.
884 1278 994 1330 Καὶ
1039 1279 1194 1334 τοῦτο
1223 1283 1285 1334 ἐκ
1318 1279 1428 1332 τῶν
1460 1278 1848 1349 πανηγυρικῶν

273 1372 494 1442 θεσμῶν
525 1372 588 1424 άν
615 1387 697 1433 τις
748 1370 971 1432 κατίδοι,
1003 1370 1052 1424 οἳ
1079 1375 1203 1436 τοὺς
1233 1369 1733 1439 συγκαθεζομένους
1771 1371 1850 1431 εἰς

273 1463 336 1516 τὸ
373 1462 582 1514 στάδιον
611 1461 721 1531 (8⁸2)
772 1465 952 1535 γυμνῇ
1023 1464 1290 1534 καθῆσθαι
1320 1465 1385 1531 τῇ
1416 1461 1623 1532 κεφαλῇ
1667 1461 1848 1528 διαγο-

275 1553 558 1626 ρεύουσιν’
611 1556 732 1626 ἐμοὶ
763 1555 938 1610 δοκεῖν
968 1557 1098 1628 (85),
1158 1556 1243 1606 ἵνα
1309 1553 1383 1624 μὴ
1442 1553 1638 1624 θεατὴς
1687 1553 1846 1623 μόνον

277 1645 620 1712 ἀγωνιστῶν,
647 1647 781 1701 ἀλλά
831 1649 923 1701 καὶ
970 1645 1272 1716 ἀγωνιστὴς
1320 1645 1550 1707 ἕκαστος
1583 1645 1746 1708 αὐτὸς
1790 1647 1846 1697 ἐν

274 1736 354 1805 τῷ
389 1739 540 1809 μέρει
566 1740 824 1810 τυγχάνῃ.
863 1738 1017 1792 Οὕτω
1055 1737 1228 1789 τοίνυν
1256 1737 1348 1790 καὶ
1384 1737 1473 1790 τὸν
1512 1737 1622 1790 τῶν
1677 1739 1847 1809 μεγά-

275 1829 383 1882 λων
417 1832 510 1883 καὶ
537 1829 830 1901 ὑπερφυῶν
862 1828 1146 1898 θεαμάτων
1172 1829 1484 1904 ἐξεταστὴν,
1521 1832 1613 1886 κα)⁸
1638 1832 1728 1885 τὸν
1750 1834 1848 1904 τῆς

273 1921 452 1991 ἄκρας
478 1922 644 1984 ὅντως
686 1921 780 1973 καὶ
810 1922 1119 1993 ἀπορρήτου
1149 1925 1337 1994 σοφίας
1376 1929 1648 1998 ἀκροατὴν
1685 1947 1852 1999 προσ-

273 2011 410 2082 ῆκεν
438 2011 643 2064 οἴκοθεν
691 2011 833 2084 ἔχειν
876 2013 1077 2083 ἥκοντά
1105 2033 1255 2077 τινας
1287 2016 1538 2084 ἀφορμὰς
1571 2017 1704 2085 πρὸς
1753 2018 1850 2085 τὴν

277 2103 510 2173 Θεωρίαν
564 2103 671 2157 τῶν
725 2106 1117 2177 προκειμένων,
1149 2106 1243 2157 καὶ
1291 2109 1568 2157 κοινωνεῖν
1610 2107 1730 2175 ἐμοὶ
1755 2109 1852 2176 τῆς

279 2196 520 2264 ἀγωνίας
557 2199 636 2261 εἰς
658 2197 902 2266 δύναμιν,
937 2197 1057 2266 οὐχ).
1098 2197 1286 2267 κριτὴν
1325 2195 1583 2269 μᾶλλονῆ
1620 2214 1856 2267 συναγω-

277 2287 464 2358 νιστὴν
521 2285 847 2359 παρεστῶτα
871 2304 884 2318 ·
939 2288 1146 2357 μήποτε
1182 2286 1287 2358 ἄρα
1320 2286 1548 2362 διαλάθῃ
1574 2290 1718 2360 ἡμᾶς
1755 2289 1853 2361 τῆς

277 2374 593 2445 ἀληθείαςή
633 2374 871 2444 εὕρεσις,
901 2377 994 2428 καὶ
1025 2377 1084 2429 τὸ
1119 2377 1249 2446 ὲμδν
1287 2378 1510 2446 σφάλμα
1554 2379 1702 2450 κοινὴ
1759 2380 1825 2450 ζη

281 2464 379 2536 μία
405 2464 514 2518 τῶν
543 2465 846 2519 ἀκουόντων
875 2465 1117 2538 γένηται.
1148 2465 1292 2536 Πρὸς
1324 2462 1416 2520 οὖν
1469 2467 1519 2518 τί
1573 2468 1746 2521 ταῦτα
1770 2468 1855 2521 λέ-

276 2575 362 2626 γω
388 2574 404 2622 ;
448 2557 592 2623 Ὅτι,
621 2557 808 2631 ἐπειδὴ
831 2559 1117 2633 πρόκειται
1143 2561 1272 2629 ἡμῖν
1304 2561 1382 2620 εἰς
1404 2557 1503 2628 τὴν
1530 2559 1622 2610 τοῦ
1650 2559 1853 2629 κόσμου

281 2649 540 2704 σύστασιν
595 2649 842 2714 ἐξέτασις
887 2653 981 2703 καὶ
1022 2651 1221 2721 θεωρία
1253 2649 1345 2702 τοῦ
1394 2650 1617 2717 παντὸς,
1650 2652 1748 2704 οὐκ
1793 2653 1855 2704 ὲκ

280 2737 380 2806 τῆς
411 2737 502 2789 τοῦ
525 2740 728 2808 κόσμου
761 2739 950 2806 σοφίας
970 2739 1066 2801 τὰς
1096 2739 1269 2810 ἀρχὰς
1303 2739 1522 2809 ἔχουσα,
1550 2741 1665 2794 ἀλλ’
1701 2743 1760 2807 ἐξ
1782 2736 1856 2796 ὧν

280 2828 373 2879 τὸν
407 2828 601 2882 ἑαυτοῦ
633 2828 935 2900 θεράποντα
963 2831 991 2882 ό
1023 2830 1154 2894 Θεὸς
1188 2831 1587 2898 ἐξεπαίδευσεν,
1639 2835 1695 2889 ὲν
1729 2836 1856 2888 εἴδει

282 2918 525 2993 λαλήσας
553 2923 689 2994 πρὸς
718 2922 899 2984 αὑτὸν,
925 2923 1019 2975 καὶ
1048 2923 1109 2974 οὐ
1153 2923 1220 2975 δι’
1254 2923 1613 2992 αἰνιγμάτων,
1645 2925 1855 2996 ἀνάγκη

283 3031 388 3067 που
440 3015 656 3080 πάντως
714 3016 840 3080 τοὺς
897 3015 1005 3069 τῶν
1050 3016 1300 3091 μεγάλων
1341 3017 1739 3088 φιλοθεάμονας
1785 3019 1857 3089 μὴ

283 3105 628 3175 ἀγύμναστον
676 3107 818 3178 ἔχειν
850 3109 940 3161 τὸν
969 3109 1093 3162 νοῦν
1126 3109 1262 3182 πρὸς
1302 3109 1398 3180 τὴν
1430 3109 1540 3163 τῶν
1567 3110 1862 3182 προκειμέ-

285 3215 392 3250 νων
425 3200 557 3268 ἡμῖν
584 3201 930 3269 κατανόησιν.
953 3201 1021 3253 El
1047 3218 1174 3254 ποτε
1197 3198 1310 3267 οῦν,
1335 3204 1393 3254 ἐν
1434 3203 1621 3273 αἰθρίᾳ.
1674 3218 1862 3254 νυκτε-

290 3290 433 3359 ρινῇ,
457 3288 593 3359 πρὸς
615 3290 684 3342 τὰ
707 3289 919 3361 ἄρρητα
952 3291 1120 3360 κάλλη
1143 3292 1248 3343 τῶν
1274 3293 1487 3364 ἄστρων
1513 3294 1622 3364 (84)
1675 3296 1860 3354 ὲνατε-

285 3380 460 3444 νίσας,
492 3380 696 3434 ἔννοιαν
744 3380 935 3443 ἔλαϐες
971 3381 1064 3434 τοῦ
1111 3382 1354 3452 τεχνίτου
1396 3382 1502 3435 τῶν
1532 3384 1664 3436 ὅλων
1684 3425 1697 3447 ,
1725 3384 1808 3447 τίς
1833 3387 1860 3438 ό

284 3475 397 3535 τοῖς
419 3471 602 3526 ἄνθεσι
625 3474 830 3538 τούτοις
854 3474 1190 3537 διαποικίλας
1210 3475 1298 3527 τὸν
1321 3475 1567 3546 οὐρανὸν,
1599 3477 1691 3529 καὶ
1714 3477 1860 3540 ὅπως

285 3567 345 3619 ὲν
386 3567 497 3628 τοῖς
538 3567 832 3638 ὁρωμένοις
877 3568 1037 3621 πλέον
1081 3566 1174 3620 τοῦ
1205 3568 1436 3640 τερπνοῦ
1477 3569 1537 3622 τὸ
1568 3570 1861 3638 ἀναγκαῖόν

284 3658 438 3713 ἐστι·
504 3659 666 3712 πάλιν
735 3663 792 3714 ἐν
844 3661 1026 3734 ἡμέρᾳ
1089 3664 1137 3714 εἰ
1197 3663 1420 3733 νήφοντι
1483 3661 1561 3734 τῷ
1617 3663 1862 3735 λογισμῷ

285 3751 599 3826 κατέμαθες
654 3753 723 3805 τά
759 3755 855 3823 τῆς
895 3754 1110 3826 ἡμέρας
1152 3753 1424 3826 θαύματα,
1473 3757 1565 3810 καὶ
1605 3757 1693 3810 διὰ
1752 3757 1861 3811 τῶν

284 3845 578 3916 ὁρωμένων
637 3831 930 3914 ἀνελογίσω
978 3847 1065 3900 τὸν
1120 3848 1216 3917 οὐχ
1261 3846 1554 3918 ὁρώμενον,
1589 3850 1863 3920 ett-napi-

290 3957 483 4004 σκευος
514 3939 670 4010 ἥκεις
712 3938 985 4010 ἀκροατὴς
1029 3940 1121 3991 καὶ
1146 3939 1370 4009 πρέπων
1417 3939 1494 4008 τῷ
1542 3940 1864 4012 πληρώματι

291 4031 386 4084 τοῦ
415 4029 613 4102 σεμνοῦ
643 4030 833 4084 τούτου
875 4031 966 4084 καὶ
1000 4030 1269 4100 μακαρίου
1305 4029 1552 4101 θεάτρου.
1591 4031 1758 4102 Δεῦρο
1799 4031 1862 4103 δὴ

289 4118 404 4185 οῦν,
431 4122 620 4194 ῶσπερ
663 4124 710 4175 οἱ
749 4122 876 4184 τοῦς
914 4121 1100 4192 ἀήθεις
1140 4121 1246 4174 τῶν
1275 4121 1482 4174 πόλεων
1530 4122 1629 4191 τῆς
1686 4123 1866 4194 χειρὸς

293 4213 576 4286 λαῦὁμενοι
625 4214 1034 4286 περιηγοῦνται,
1071 4214 1210 4267 οὓτω
1240 4213 1303 4285 δὴ
1329 4216 1423 4267 καὶ
1464 4213 1626 4277 αὐτὸς
1681 4215 1773 4267 ἐπὶ
1797 4213 1868 4265 τά

294 4309 650 4380 κεκρυμμένα
712 4307 963 4379 θαύματα
1015 4308 1157 4377 ὑμᾶς
1211 4307 1308 4376 τῆς
1366 4307 1608 4377 μεγάλης
1666 4306 1867 4375 ταύτης

294 4400 500 4462 πόλεως
533 4399 832 4468 ξεναγήσω.
875 4400 962 4452 Ἐν
979 4401 1045 4470 τῇ
1071 4397 1220 4450 πόλει
1249 4396 1509 4469 ταύτῃ.ὲν
1545 4393 1634 4470 ᾖή
1668 4398 1866 4468 ἀρχαία

295 4492 494 4564 πατρὶς
523 4494 553 4562 ἡ
565 4490 678 4561 μῶν
713 4489 844 4562 (85),
883 4486 950 4567 ἧς
982 4490 1378 4561 μετανέστησεν
1404 4492 1550 4560 ἡμᾶς
1601 4490 1629 4540 ό
1662 4489 1867 4560 ἀνθρω-

2535 1005 2812 1063 llOMlLlA
2855 1010 2938 1065 Vl.

2323 1098 2398 1154 De
2431 1102 2763 1169 generatione
2795 1102 3153 1158 Iuminarium.

2026 1195 2076 1248 1.
2121 1191 2491 1263 Spectatorem
2516 1193 2839 1247 athletarum
2878 1207 3087 1262 Oportet
3110 1207 3163 1251 et
3193 1196 3365 1265 ipsum
3393 1211 3522 1250 con-

1953 1287 2211 1341 tentionis
2239 1289 2559 1358 participem
2591 1302 2730 1340 esse.
2772 1286 2937 1356 quue
2964 1303 3027 1340 ex
3057 1289 3402 1361 panegyricis
3441 1287 3522 1342 le-

1953 1379 2107 1447 gibus
2136 1382 2309 1448 quivis
2361 1379 2702 1446 cognoverit,
2745 1394 2883 1446 quae,
2931 1379 2982 1432 iu
3021 1381 3195 1432 stadio
3228 1382 3524 1435 considen—

1955 1479 2054 1535 tes,
2087 1472 2229 1524 nudo
2256 1469 2428 1535 capite
2446 1470 2634 1522 sedere
2660 1469 2848 1538 juheut
2874 1486 2887 1521 :
2919 1480 2973 1523 ut
2992 1470 3244 1539 quisque,
3273 1487 3386 1523 mea
3405 1472 3530 1540 qui-

1954 1563 2072 1617 dem
2106 1562 2394 1626 sententia,
2427 1578 2530 1615 non
2569 1562 2638 1615 sit
2668 1561 2838 1616 solum
2883 1562 3275 1615 decertantium
3315 1572 3524 1629 specta-

1955 1666 2059 1720 tor,
2087 1656 2178 1709 sed
2211 1656 2373 1709 etiam
2412 1655 2589 1724 aliqua
2620 1670 2684 1708 ex
2721 1665 2870 1724 parte
2906 1654 3109 1708 athleta
3141 1655 3386 1708 exsistat.
3432 1650 3526 1706 Sic

1954 1762 2085 1801 sane
2115 1748 2276 1800 etiam
2325 1761 2638 1814 magnOrttm
2682 1757 2840 1813 atque
2881 1745 3274 1800 admirabilium
3315 1751 3525 1814 specta-

1955 1839 2199 1891 culorum
2255 1838 2646 1904 inquisitorem,
2685 1837 2934 1906 illiusque
3000 1854 3122 1891 vere
3187 1851 3410 1891 summa:
3460 1851 3525 1892 ac

1959 1928 2243 1984 inelTahilis
2289 1929 2566 1998 sapientia:
2618 1930 2942 1992 auditorem,
2992 1930 3117 1983 dum
3157 1930 3388 1996 accedit,
3429 1945 3528 1998 par

1958 2021 2115 2075 fuerit
2145 2023 2384 2091 quaedam
2417 2021 2481 2074 ad
2520 2036 2602 2073 res
2631 2021 2931 2090 propositas
2970 2021 3417 2088 contemplandas
3445 2020 3523 2074 in.

1956 2114 2248 2167 citamenta
2279 2129 2343 2166 ex
2373 2128 2431 2166 se.
2461 2114 2680 2179 habere,
2715 2128 2777 2166 ac
2812 2129 3018 2166 mecum
3053 2129 3149 2181 pro
3175 2113 3378 2167 viribus
3408 2127 3533 2167 esse

1956 2203 2268 2257 certaminis
2311 2215 2638 2266 consortem,
2675 2220 2773 2258 nec
2819 2205 2988 2273 magis
3037 2205 3271 2270 iudicem
3321 2216 3527 2266 astare,

1955 2310 2114 2364 quam
2150 2305 2547 2348 concertantem
2572 2312 2670 2360 ;ne
2692 2296 2828 2366 forte
2851 2305 3130 2362 prmtereat
3160 2311 3256 2350 nos
3288 2297 3532 2350 veritatis

1959 2387 2217 2449 iurentio,
2242 2402 2302 2440 ac
2335 2403 2486 2440 meus
2519 2402 2672 2440 error
2702 2403 2987 2442 commune
3013 2389 3341 2443 audientium
3376 2389 3532 2442 dam-

1957 2495 2082 2531 num
2122 2480 2232 2534 liat.
2275 2481 2542 2545 Quorsum
2579 2481 2686 2553 50
2715 2481 2825 2535 haec
2868 2481 3114 2535 tandem?
3143 2482 3274 2548 Quia
3306 2497 3426 2535 cum
3458 2481 3535 2534 in~

1958 2569 2219 2638 quircnda
2269 2571 2424 2625 nobis
2459 2586 2789 2640 proponatur
2833 2574 3015 2626 mttndi
3048 2574 3382 2634 constitutio,
3415 2571 3533 2626 uni-

1957 2661 2208 2728 versique
2247 2663 2652 2729 contemplatio,
2687 2679 2803 2730 (tua)
2829 2679 2893 2715 ex
2925 2664 3104 2715 mundi
3147 2664 3407 2732 sapientia
3439 2679 3535 2717 ne-

1959 2765 2226 2819 quaquam
2259 2751 2579 2819 principium
2635 2753 2803 2818 ducit,
2845 2755 2939 2806 sed
2976 2769 3042 2806 ex
3091 2754 3172 2807 his
3214 2769 3333 2823 qum
3375 2769 3530 2810 suum

1959 2855 2170 2893 servum
2208 2839 2571 2904 Deusdocuit,
2603 2841 2674 2892 illi
2708 2842 2757 2892 in
2783 2843 2984 2909 specie,
3012 2857 3115 2894 n0n
3147 2856 3242 2909 per
3274 2839 3534 2908 :rnigma-

1961 2941 2011 2985 ta
2034 2933 2246 2988 locutus
2279 2951 2291 2986 :
2322 2948 2538 2988 necesse
2573 2945 2657 2986 est
2701 2935 2940 2997 omnino,
2977 2934 3273 3002 ingentium
3317 2942 3532 3002 specta-

1961 3021 2203 3075 culorum
2230 3036 2498 3076 amatores
2533 3039 2636 3075 non
2665 3023 2904 3075 animum
2951 3023 3151 3074 habere
3187 3023 3251 3074 ad
3285 3033 3533 3089 pi-OpOSI-

1965 3121 2142 3164 tarum
2213 3112 2366 3166 nobis
2421 3127 2601 3165 rerum
2647 3112 3046 3180 perceptiOncm
3101 3111 3531 3165 inexercitatum.

1888 3230 1930 3286 ο
1964 3200 2149 3271 Itaque
2179 3201 2222 3256 si
2262 3217 2494 3270 unquam
2528 3204 2577 3254 iu
2607 3211 2865 3256 nocturna
2908 3202 3226 3266 serenitate,
3259 3201 3538 3254 inenarra-

1963 3291 2123 3345 bilem
2173 3302 2439 3345 astrorum
2484 3291 2936 3360 pulchritudinem
2981 3292 3201 3346 intentis
3243 3292 3415 3346 oculis
3441 3308 3535 3346 su-

1963 3384 2220 3452 spiciens,
2253 3384 2319 3438 de
2367 3385 2742 3437 universorum
2775 3384 2965 3453 Opiﬁce
2994 3383 3259 3453 cogitasti,
3290 3384 3534 3452 quisnam

1965 3477 2011 3530 is
2042 3477 2134 3539 sit,
2164 3478 2252 3545 qui
2288 3477 2372 3530 his
2395 3474 2617 3529 ﬂoribus
2648 3475 2840 3529 cmluu‘.
2875 3477 3140 3539 distinxit,
3177 3484 3232 3529 et
3264 3477 3536 3544 quomodo

1966 3570 2016 3622 in
2064 3569 2224 3623 rebus
2269 3568 2564 3622 visihilibus
2608 3567 2777 3636 major
2815 3569 2884 3621 sit
2920 3569 3147 3632 utilitas,
3195 3583 3358 3637 quam
3389 3567 3539 3620 volu-

1963 3673 2115 3731 ptas;
2147 3675 2332 3715 rursus
2373 3659 2418 3714 si
2455 3660 2684 3714 interdiu
2722 3660 2828 3712 diei
2863 3659 3117 3712 miracula
3151 3659 3405 3722 didicisti,
3443 3674 3539 3728 per

1967 3753 2275 3822 diligentem
2304 3752 2735 3815 meditationem,
2764 3750 3195 3819 invisibilemque
3224 3766 3319 3819 per
3351 3749 3538 3804 visibi-

1965 3843 2032 3896 lia
2061 3842 2362 3908 :estimasti,
2385 3854 2602 3910 paratus
2626 3842 2839 3895 accedis
2873 3842 3106 3905 auditor,
3136 3857 3198 3896 ac
3227 3843 3420 3912 dignus
3445 3842 3535 3910 qui

1966 3935 2328 3987 Venerandum
2380 3933 2508 3987 illud
2550 3949 2611 3986 ac
2668 3935 2880 3986 beatum
2921 3932 3188 3987 theatrum
3237 3932 3536 4002 compleas.

1964 4027 2076 4096 Age
2130 4027 2315 4095 igitur,
2348 4027 2798 4095 quemadmodum
2857 4027 2946 4091 qui
3011 4027 3219 4080 urbium
3274 4027 3537 4090 insuetos,

1968 4135 2126 4171 nranu
2196 4121 2552 4188 apprehensa,
2588 4118 3136 4172 circumducunt:ita
3197 4127 3252 4171 ct
3303 4116 3420 4188 ipse
3473 4118 3539 4170 ad

1966 4211 2173 4263 occulta
2233 4225 2438 4277 magna:
2476 4209 2628 4260 istius
2682 4209 2918 4262 civitatis
2967 4207 3222 4261 miracula
3277 4224 3373 4263 vos
3431 4218 3542 4262 tau-

1967 4317 2126 4372 quam
2163 4300 2473 4370 peregriuos
2515 4303 2832 4355 conducam.
2876 4301 2934 4354 In
2967 4301 3181 4355 civitate
3211 4301 3320 4365 illa,
3351 4301 3402 4355 in
3434 4316 3541 4370 qua

1969 4403 2052 4447 est
2076 4403 2229 4447 vetus
2264 4394 2435 4462 patria
2483 4400 2692 4460 nostra,
2724 4408 2789 4448 ex
2827 4409 2929 4463 qua
2964 4394 3172 4464 expulit
3201 4408 3300 4449 nos
3329 4394 3538 4448 daemon

1971 4485 2236 4540 homicida
2270 4485 2379 4552 ille,
2419 4487 2506 4555 qui
2554 4485 2666 4540 suis
2708 4485 2978 4540 illecebris
3027 4487 3298 4540 hominem
3336 4485 3542 4556 redegit

297 4585 551 4647 ποκτόνος
570 4583 796 4653 δαίμων,
824 4586 935 4646 τοῖς
969 4583 1158 4635 ἑαυτοῦ
1187 4583 1543 4653 δελεάσμασιν
1592 4583 1862 4653 άνδραπο-
1898 4583 1939 4637 D
1971 4577 1980 4629 Ῑ

1860 4615 1862 4621 τ
1898 4583 1939 4637 D
1971 4577 2022 4629 in
2052 4577 2362 4629 servitutem
2407 4578 2729 4630 :intuebere
2771 4578 2860 4630 hic
2907 4578 3136 4646 primam
3175 4577 3406 4630 hominis
3452 4592 3543 4646 ge-

294 4676 447 4740 δίσας
473 4676 563 4730 τὸν
593 4675 904 4747 ἄνθρωπον·
952 4674 1184 4728 ἐνταῦθα
1234 4674 1454 4743 κατόψει
1506 4675 1602 4746 τὴν
1643 4673 1864 4745 πρώτην

293 4768 386 4822 τοῦ
413 4766 697 4841 ἀνθρώπου
725 4767 958 4836 γένεσιν,
1000 4767 1091 4820 καὶ
1122 4766 1211 4818 τὸν
1247 4766 1405 4829 εὐθὺς
1435 4768 1582 4836 ἡμᾶς
1605 4769 1866 4820 ἐπικατα-

294 4858 526 4914 λαὸόντα
565 4859 672 4932 (86)
717 4859 971 4913 θάνατον’
1002 4859 1059 4912 ὃν
1107 4858 1391 4928 ἐγέννησεν
1439 4861 1472 4930 ἠ
1507 4860 1766 4930 ἁμαρτία,
1809 4861 1867 4913 τὸ

293 4951 640 5025 πρωτότοκον
696 4951 915 5019 ἔκγονον
957 4949 1050 5003 τοῦ
1100 4952 1409 5022 ἀρχεκάκου
1457 4949 1725 5018 δαίμονος.
1757 4949 1865 5004 Καὶ

293 5042 581 5114 γνωρίσεις
623 5043 813 5098 σαυτὸν
858 5043 1042 5114 γήινον
1100 5041 1196 5114 μὲν
1231 5044 1299 5114 τῇ
1349 5041 1537 5110 φύσει,
1592 5039 1749 5109 ἔργον
1807 5040 1864 5093 δὲ

295 5134 455 5190 θείων
481 5135 677 5206 χειρῶν
696 5152 710 5166 ο
732 5135 955 5205 δυνάμει
991 5135 1086 5205 μὲν
1111 5135 1200 5195 καὶ
1217 5133 1500 5205 παραπολὺ
1530 5133 1636 5185 τῶν
1658 5133 1864 5201 ἀλόγων

293 5227 649 5291 λειπόμενον,
693 5227 928 5299 ἄρχοντα
979 5228 1036 5280 δὲ
1095 5226 1470 5298 χειροτονητὸν
1505 5225 1613 5279 τῶν
1656 5225 1862 5293 ἀλόγων

296 5321 391 5376 καὶ
441 5319 553 5374 τῶν
605 5317 860 5390 ἀψύχωνο
903 5322 1021 5382 ταῖς
1064 5320 1162 5388 μὲν
1203 5321 1268 5373 ὲκ
1305 5319 1404 5391 τῆς
1439 5317 1651 5388 φύσεως
1683 5335 1862 5389 παρα-

371 5478 483 5548 (81)
521 5477 635 5550 Illa,
671 5479 787 5550 Kal
809 5472 960 5534 εἶπεν
991 5481 1019 5531 ὁ
1052 5480 1216 5542 Θεός⁶
1247 5477 1628 5550 Γενεθήτωσαν
1659 5479 1867 5550 φωστῆ-

301 5546 395 5628 ρες
419 5546 476 5628 εν
497 5546 573 5628 τῷ
600 5547 933 5628 στερεώματι
959 5551 1050 5628 τοῦ
1072 5549 1322 5628 οὐρανοῦ,
1349 5546 1689 5628 reperinutur
1716 5546 1865 5628 initio

301 5619 561 5672 orationis
601 5619 652 5670 in
700 5633 804 5672 uno
845 5631 936 5672 aut
966 5619 1150 5674 ιδΙιοια
1171 5621 1354 5674 codice
1392 5635 1408 5676 :
1446 5619 1537 5672 sed
1573 5619 1760 5671 desunt
1813 5621 1862 5672 in

303 5688 720 5756 antiquioribus,
766 5698 893 5758 puta
942 5690 993 5743 in
1039 5701 1260 5759 utroque
1312 5689 1472 5744 Coisl.
1531 5687 1639 5742 Nos
1677 5688 1863 5744 omisi-

304 5773 447 5815 mus.

375 5827 489 5896 (89)
529 5831 631 5895 Εἰς
667 5827 732 5882 τὸ
759 5828 1027 5892 στάδιον,
1056 5840 1158 5882 etc.
1193 5827 1330 5896 Lege
1368 5829 1637 5883 Dircaeum.

377 5898 488 5972 (83)
530 5899 660 5968 Reg.
688 5908 870 5956 sextus
903 5900 1026 5972 ἐμοὶ
1054 5899 1214 5955 δοκεῖ.
1248 5901 1364 5956 Mox
1407 5915 1546 5955 unus
1589 5915 1690 5956 ms.
1719 5899 1856 5966 ἀγω-

1969 4670 2318 4736 nerationem,
2359 4681 2411 4725 et
2448 4671 2592 4726 illam
2650 4688 2768 4740 quae
2812 4687 2910 4725 nos
2949 4673 3131 4726 statim
3182 4673 3543 4742 apprehendit

1970 4775 2194 4817 mortem
2229 4784 2240 4819 :
2268 4782 2427 4834 quam
2458 4769 2663 4836 peperit
2698 4779 3003 4836 peccatum,
3026 4767 3412 4838 primogenitus
3450 4766 3541 4822 ille

1970 4860 2223 4912 daemonis
2248 4859 2511 4912 malorum
2543 4859 2780 4913 auctoris
2803 4869 3008 4928 partus.
3039 4861 3176 4929 Quin
3204 4873 3259 4914 et
3286 4870 3337 4915 te
3366 4861 3537 4930 ipsum

1972 4966 2159 5006 nosces
2190 4960 2249 5004 ut
2291 4961 2482 5004 natura
2527 4961 2782 5016 terreum,
2817 4952 2886 5007 ita
2933 4969 3188 5007 manuum
3233 4953 3536 5007 divinarum

1970 5060 2103 5114 opus
2133 5062 2147 5097 :
2175 5044 2379 5097 viribus
2415 5044 2628 5112 quidem
2672 5044 2827 5114 longe
2874 5045 3048 5099 brutis
3079 5044 3401 5100 animalibus
3432 5045 3537 5099 im-

1970 5152 2174 5208 parem,
2204 5135 2593 5190 irrationalium
2637 5151 2763 5191 vero
2791 5145 2845 5191 et
2887 5138 3305 5192 inanimatorum
3339 5137 3538 5208 princi-

1969 5243 2088 5297 pem
2115 5226 2464 5280 constitutum
2494 5245 2506 5279 :
2537 5227 2843 5282 inferiorem
2872 5229 3089 5298 quidem
3110 5229 3338 5283 naturali
3366 5245 3536 5300 appa-

1969 5329 2115 5385 ratu,
2155 5333 2277 5373 eum
2316 5333 2464 5382 vero,
2498 5320 2586 5390 qui
2628 5321 2855 5374 rationis
2905 5319 3212 5390 praestantia
3249 5321 3425 5389 possis
3466 5323 3534 5376 ad

1961 5478 2160 5532 νιστῶν
2191 5478 2435 5541 ἕκαστος.

2036 5547 2146 5620 (84)
2189 5548 2434 5620 Nonnulli
2476 5564 2606 5603 mss.
2632 5549 2741 5603 τῶν
2773 5549 3034 5620 ἀστέρων.
3100 5576 3106 5586 ι

2035 5617 2364 5692 (85)_Codex
2387 5618 2553 5692 Bodl.
2648 5621 2850 5692 ἀρχαία
2885 5617 3100 5688 πατρὶς,
3125 5619 3324 5691 πατρὶς
3351 5621 3528 5691 ἡμῶν,

1962 5699 2107 5741 vetus
2135 5689 2226 5740 illa
2259 5690 2454 5754 patria,
2484 5689 2660 5756 patria
2691 5689 2894 5743 nostra.

2035 5757 2146 5831 (86)
2188 5759 2258 5811 Ita
2297 5757 2544 5831 Combef.
2575 5775 2695 5814 cum
2745 5761 2861 5816 aliis
2910 5771 3141 5831 quatuor
3187 5776 3301 5815 mss
3353 5761 3529 5817 Editio

1963 5826 2134 5885 Paris.
2157 5827 2546 5884 καταλαϐόντα.
