4262 6516
756 448 859 507 H9

2096 450 2153 504 S.
2196 443 2441 501 BASlLll
2482 443 2697 499 MACNI

3908 436 4014 491 19.0

755 574 933 644 ipsum
990 570 1185 626 caelum
1243 571 1421 627 chhi.
1480 568 1673 624 lsthaec
1732 569 1776 624 si
1831 568 2093 623 fuerimus
2133 568 2327 628 edocti,
2359 574 2438 627 Αι

2325 611 2327 621 .
2359 574 2406 627 Α
2436 568 2655 629 σκευαῖς
2689 562 3099 634 ἐλαττούμενον,
3134 563 3201 631 τῇ
3244 557 3304 611 δὲ
3350 555 3443 611 τοῦ
3510 555 3667 623 λόγου
3718 556 4008 629 περιουσίᾳ

758 663 1114 731 nosmetipsos
1144 677 1561 733 cognoscemus,
1605 676 1794 715 sumus
1840 661 2010 735 Deum
2033 658 2327 731 cognituri,

756 754 1103 809 adorabimus
1131 752 1479 807 Conditorem
1499 791 1513 815 ,
1553 750 1783 806 Domino
1813 749 2133 819 serviemus,
2167 749 2332 821 glori-

761 845 1040 899 ticabimus
1070 843 1309 906 Patrem.
1350 852 1594 897 nostrum
1644 842 1945 897 amabimus
1984 843 2328 901 nutritorem,

762 936 1131 991 reverebimur
1171 932 1622 1000 benefacientem,
1665 943 1860 989 nostra:
1893 932 2019 988 vitae
2053 932 2333 1004 praesentis

760 1040 814 1083 ct
838 1032 1030 1083 totum
1058 1040 1338 1083 auctorem
1369 1027 1551 1083 colere
1593 1043 1695 1081 non
1728 1027 2038 1081 desinemus
2068 1050 2077 1081 :
2111 1027 2199 1094 qui
2229 1024 2334 1079 sci-

762 1121 887 1175 licet
920 1135 1014 1189 per
1044 1136 1137 1175 eas
1181 1136 1315 1189 quas
1340 1119 1450 1188 jam
1495 1122 1719 1187 largitus
1754 1130 1836 1174 cst
1884 1121 2122 1182 divitias,
2169 1121 2330 1171 ειίιιιιι

762 1213 916 1266 bonis
948 1211 1230 1277 promissis
1263 1211 1421 1267 [idem
1462 1211 1645 1274 faciat,
1679 1227 1741 1266 ac
1764 1227 1825 1265 ea
1866 1227 1982 1281 qua:
2012 1221 2334 1277 exsiiectan-

765 1304 1238 1372 tur.pr;esentiunt
1284 1304 1655 1371 experimento
1702 1304 1855 1357 nobis
1898 1302 2199 1355 conﬁrmet.
2242 1302 2333 1355 Et-

762 1395 907 1449 enim
937 1396 981 1449 si
1014 1396 1334 1467 temporaria
1369 1393 1492 1446 talia
1518 1405 1663 1461 sunt,
1688 1393 1869 1463 qualia
1903 1402 2064 1446 erunt
2096 1392 2334 1446 mtcrna?

763 1478 895 1535 Item
930 1483 974 1538 si
1009 1484 1232 1539 visibilia
1267 1483 1401 1536 adeo
1424 1482 1647 1550 pulchra
1678 1492 1823 1543 sunt,
1851 1482 2029 1551 qualia
2064 1484 2333 1537 censenda

766 1583 893 1629 sunt
921 1574 1252 1629 invisibilia?
1292 1574 1348 1628 Si
1386 1575 1508 1629 coeli
1552 1573 1861 1643 magnitudo
1911 1586 2200 1643 exsuperat
2236 1574 2335 1627 litt-

766 1679 941 1718 mana:
973 1664 1338 1734 intelligentia:
1380 1680 1713 1726 mensuram,
1752 1664 2000 1730 quisnam
2027 1662 2336 1719 intellectus

766 1755 944 1809 valeat
987 1757 1445 1824 sempiternorum
1482 1767 1729 1809 naturam
1766 1755 2141 1824 perscrutari?
2168 1756 2224 1809 Si
2256 1756 2336 1811 sol

766 1846 859 1900 ille
892 1848 1227 1916 corruptioni
1274 1849 1561 1910 obnoxius,
1588 1848 1724 1900 adeo
1754 1847 1975 1915 pulcher
2003 1855 2083 1900 est
2109 1857 2163 1900 et
2202 1847 2336 1901 adeo

2432 656 2570 728 πρὸς
2614 655 2841 728 οὐρανὸν
2877 653 3038 708 αὑτὸν
3085 648 3458 723 ὑπεραρθῆναι
3512 645 3831 715 δυνάμενον.
3889 648 4016 701 Ἐὰν

2429 751 2601 803 ταῦτα
2642 747 2923 821 μάθωμεν,
2958 744 3182 805 ἑαυτοὺς
3216 739 3657 814 ὲπιγνωσόμεθα,
3700 739 3834 792 Θεὸν
3873 759 4016 808 γνω-

2435 843 2677 914 ρίσομεν,
2700 838 2792 893 τὸν
2828 838 3091 891 κτίσαντα
3136 836 3610 905 προσκυνήσομεν,
3635 830 3714 903 τῷ
3764 833 4017 903 Δεσπόέῃ

2430 933 2828 1003 δουλεύσομεν,
2865 928 2957 982 τὸν
3011 927 3225 999 Πατέρα
3287 921 3619 994 δοξάσομεν,
3658 925 3750 978 τὸν
3804 926 4016 992 τροφέα

2434 1026 2591 1096 ἡμῶν
2623 1024 3001 1095 ἀγαπήσομεν,
3053 1021 3143 1073 τὸν
3210 1015 3500 1088 εὐεργέτην
3556 1012 4017 1088 αἱδεσθησόμεθα,

2434 1120 2522 1172 τὸν
2551 1118 2790 1191 ἀρχηγὸν
2825 1116 2925 1185 τῆς
2959 1114 3105 1183 ζωῆς
3333 1112 3432 1183 τῆς
3459 1110 3741 1183 παρούσης
3782 1112 3876 1166 καίὶ
3915 1108 4017 1177 τῆς

2437 1211 2737 1284 μελλούσης
2788 1206 3214 1280 προσκυνοῦντες
3251 1209 3353 1260 οὐκ
3399 1202 3761 1273 ἀπολήξομεν,
3814 1204 3907 1257 τὸν
3944 1199 4015 1254 δι’

2433 1300 2492 1357 οῦ
2528 1304 2831 1380 παρέσχετο
2865 1300 2962 1370 ήδη
3019 1296 3248 1350 πλούτου
3280 1298 3390 1368 (87)
3423 1296 3517 1351 καὶ
3560 1294 3632 1347 τὰ
3676 1297 3734 1349 ὲν
3774 1301 4020 1367 ἐπαγγε-

2435 1395 2576 1457 λίαις
2618 1393 3008 1462 πιστούμενον,
3051 1388 3147 1441 καὶ
3187 1392 3252 1459 τῇ
3315 1390 3479 1461 πείρᾳ.
3544 1386 3653 1439 τῶν
3726 1390 4015 1461 παρόντων

2440 1486 2759 1558 βεϐαιοῦντα
2790 1486 2920 1553 ἡμῖν
2950 1482 3019 1535 τὰ
3049 1481 3487 1553 προσδοκώμενα.
3514 1484 3576 1535 Ei
3603 1479 3711 1551 γὰρ
3749 1482 3819 1534 τὰ
3847 1484 4019 1554 προ-3ο

2436 1595 2605 1649 καιρα
2638 1577 2881 1639 τοιαῦτα,
2913 1578 3130 1629 ποταπά
3164 1573 3234 1628 τὰ
3268 1572 3494 1635 αἰώνια;
3530 1574 3641 1627 Καὶ
3676 1573 3723 1625 εί
3772 1574 3842 1627 τὰ
3876 1575 4019 1644 ὁρώ-

2438 1686 2573 1739 μενα
2628 1667 2770 1721 οὓτω
2834 1664 2994 1729 καλὰ,
3029 1663 3249 1718 ποταπά
3294 1662 3361 1715 τὰ
3403 1662 3645 1732 ἀόρατα;
3674 1661 3737 1713 Εί
3783 1660 4020 1731 ούρανοῦ

2440 1758 2665 1829 μέγεθος
2696 1757 2893 1828 μέτρον
2917 1753 3261 1828 ἀνθρωπίνης
3299 1753 3535 1817 διανοίας
3571 1751 3845 1817 ἐκϐαίνει,
3909 1753 4020 1805 τῶν

2438 1850 2621 1904 ἁῖόίων
2653 1849 2751 1922 τήν
2787 1848 2948 1919 φύσιν
2976 1848 3056 1911 τίς
3083 1847 3192 1918 ἄρα
3214 1847 3339 1912 νοῦς
3374 1846 3673 1918 ὲξιχνιάσαι
3702 1844 4016 1915 δυνήσεται;

766 1956 1014 2013 magnus,
1039 1957 1159 1996 cum
1203 1942 1355 1995 velox
1399 1940 1463 1993 ad
1510 1950 1734 2003 motum,
1774 1948 1883 1993 tum
1917 1940 2196 1994 ordinatos
2234 1942 2339 1996 cir-
2371 1923 2449 1995 Β]

2335 1973 2339 1980 -
2371 1923 2411 1977 Β
2441 1942 2503 1995 Et
2536 1944 2563 1994 ὁ
2590 1943 2657 2012 τῇ
2703 1940 2878 2013 φθορᾷ
2910 1938 3264 2008 ὑποκείμενος
3313 1940 3464 2010 ἥλιος
3497 1939 3606 2011 (88)
3644 1938 3788 1992 οὕτω
3834 1937 4018 1998 καλὸς,

765 2036 944 2087 cuitus
964 2034 1204 2102 explens,
1230 2031 1649 2101 magnitudinem
1675 2032 1890 2100 quidem
1926 2033 1990 2085 ad
2028 2032 2336 2087 universum

767 2125 840 2177 ita
879 2125 1341 2178 accommodatam
1380 2136 1595 2186 nactus,
1621 2134 1677 2177 ut
1705 2138 1845 2189 eam,
1870 2139 2032 2193 quam
2062 2141 2183 2181 cum
2221 2127 2340 2181 uni-

769 2230 925 2269 verso
955 2215 1135 2281 habet,
1186 2216 1586 2287 proportionem
1641 2233 1745 2270 non
1787 2221 2031 2284 excedat,
2072 2233 2169 2271 sua
2214 2233 2340 2270 vero

768 2308 1167 2377 pulchritudine
1209 2319 1463 2379 tanquam
1516 2320 1721 2364 natura
1763 2311 1951 2364 oculus
1983 2311 2197 2380 quidam
2228 2310 2340 2379 pel-

768 2399 979 2455 lucidus
1016 2415 1103 2455 res
1136 2412 1349 2455 creatas
1394 2402 1766 2456 condecorans
1793 2418 1807 2455 :
1837 2403 1991 2467 hujus
2029 2402 2071 2455 si
2121 2401 2341 2453 insatia-

769 2488 893 2543 bilis
918 2500 1001 2543 est
1038 2500 1310 2557 aspectus,
1344 2490 1485 2558 quali
1537 2490 1942 2559 pulchritudine
1989 2490 2069 2543 sol
2119 2489 2342 2558 justitia:

769 2581 1030 2653 praeditus
1063 2581 1179 2636 est?
1220 2579 1276 2635 Si
1315 2582 1458 2635 hunc
1502 2582 1669 2636 solem
1701 2596 1806 2635 non
1838 2582 2173 2652 conspicere,
2202 2597 2343 2637 cmco

771 2673 1157 2728 detrimentum
1201 2684 1328 2729 est:
1366 2674 1522 2744 Quale
1550 2684 1633 2730 est
1683 2674 1954 2745 peccatori
2004 2673 2343 2744 dispendium

771 2765 891 2819 luce
926 2782 1051 2820 vera
1082 2767 1309 2820 carere?

840 2857 893 2909 2.
938 2854 1005 2907 Et
1032 2858 1167 2909 dixit
1202 2856 1382 2910 Deus:
1415 2856 1574 2909 Fiant
1608 2857 1897 2910 lumintria
1928 2858 1981 2908 in
2008 2856 2342 2922 ﬁrmamenta

771 2946 887 3000 ccli
920 2948 988 2999 ad
1020 2946 1458 2999 illuminatiouem
1480 2963 1637 3013 super
1662 2957 1854 2999 terram
1880 2963 1897 3000 :
1926 2955 1981 2998 ut
2006 2945 2107 3015 51
2138 2947 2342 2999 discer-

773 3048 898 3091 uant
942 3039 1077 3092 inter
1127 3039 1261 3092 diem
1302 3050 1347 3092 et
1385 3050 1583 3092 noctem
1602 3038 1667 3092 ⁷⁸.
1699 3039 1905 3093 Caelum
1939 3049 1992 3091 et
2032 3049 2173 3090 terra
2211 3054 2346 3107 prte—

771 3141 1048 3185 cesscrant
1078 3147 1092 3185 τ
1122 3142 1242 3200 past
1274 3131 1389 3185 haec
1426 3128 1601 3183 fuerat
1630 3130 1715 3183 lux
1748 3141 1925 3183 creata
1958 3147 1971 3183 :
2005 3129 2122 3184 dies
2158 3139 2210 3183 et
2240 3146 2344 3184 nox

774 3224 1021 3279 discreta:
1056 3222 1268 3277 fuerant
1300 3240 1312 3276 :
1342 3225 1470 3275 item
1511 3222 1713 3275 factum
1761 3233 1877 3276 erat
1918 3221 2343 3289 (irritamentum,
2376 3262 2417 3319 Ο

774 3323 831 3366 et
864 3313 1013 3366 arida
1049 3313 1222 3365 fuerat
1255 3312 1483 3367 detecta.
1535 3311 1773 3366 Collecta
1821 3326 1937 3366 erat
1975 3330 2112 3375 aqua
2157 3315 2208 3367 in
2240 3324 2350 3367 sta-

776 3404 938 3457 bilem
966 3420 1029 3457 ac
1058 3404 1334 3459 deﬁnitam
1387 3406 1888 3473 cmngregationem.
1921 3405 2086 3462 Terra
2116 3405 2349 3475 propriis

773 3494 1105 3561 germinibus
1125 3505 1241 3545 erat
1261 3494 1455 3547 referta
1488 3513 1501 3549 :
1529 3496 1959 3564 quandoquidem
1987 3507 2038 3549 et
2071 3497 2350 3549 innumera

775 3584 1072 3653 protulerat
1115 3583 1404 3636 herbarum
1446 3600 1669 3653 genera,
1703 3598 1759 3639 et
1789 3588 2117 3639 omnimodis
2144 3586 2351 3653 planta-

778 3690 895 3729 rum
926 3675 1206 3746 speciebus
1237 3677 1585 3731 exuberabat.
1619 3675 1856 3730 Necdum
1885 3689 2062 3731 tamen
2102 3687 2218 3731 erat
2245 3677 2347 3741 sol,

779 3785 955 3838 neque
986 3769 1109 3824 luna
1144 3788 1157 3825 :
1189 3785 1255 3823 ne
1306 3769 1473 3823 solem
1523 3770 1659 3825 lucis
1707 3783 1982 3826 auctorem
2032 3788 2095 3825 ac
2145 3784 2350 3841 patrem

778 3862 1129 3931 appellarent,
1167 3879 1299 3916 neve
1330 3864 1419 3931 qui
1448 3861 1614 3916 Deum
1650 3866 1923 3933 ignorant.
1948 3867 1980 3918 ii
2016 3866 2354 3919 arbitraren-

780 3962 868 4006 tur
897 3954 1068 4023 ipsum
1100 3968 1279 4007 rerum
1312 3969 1339 4006 ο
1372 3964 1514 4009 terra
1547 3958 1882 4010 nascentium
1928 3956 2174 4026 opificem
2213 3972 2351 4011 esse.

778 4044 1118 4115 Quapropter
1140 4056 1330 4115 quarta
1357 4046 1464 4112 jam
1494 4046 1609 4101 dies
1630 4060 1957 4113 accesserat,
1984 4059 2032 4102 et
2067 4058 2190 4102 tunc
2220 4049 2357 4107 Deus

780 4138 918 4190 dixit
951 4156 965 4191 :
992 4135 1153 4191 Fiant
1187 4138 1472 4191 luminaria
1506 4139 1561 4190 in
1590 4137 1920 4205 ﬁrmamento
1948 4140 2087 4193 caeli.
2120 4140 2251 4194 Cum
2282 4140 2357 4194 lo-

781 4238 1035 4297 quentem
1072 4243 1178 4282 non
1214 4228 1447 4296 ignores,
1480 4228 1622 4281 illico
1666 4237 1847 4283 mente
1889 4231 2193 4284 audientem
2238 4246 2358 4283 ροη-

776 4320 963 4389 junge.
1014 4318 1160 4371 Dixit
1230 4321 1393 4380 Deus,
1462 4318 1625 4373 Fiant
1676 4321 2077 4375 luminaria...”
2129 4333 2176 4375 et
2236 4323 2357 4387 fecit

786 4408 923 4463 Deus
968 4412 1072 4462 duo
1110 4410 1477 4462 lmninuria".
1531 4412 1661 4477 Quis
1722 4412 1880 4473 dixit,
1934 4414 2148 4480 etquis
2202 4413 2360 4467 fecit?

786 4502 975 4557 Nonne
1003 4504 1054 4555 in
1089 4502 1173 4556 his
1209 4502 1478 4570 duplicem
1525 4519 1813 4573 personam
1843 4504 2113 4572 percipis?
2152 4504 2361 4573 Ubique

2442 2034 2584 2088 οὕτω
2615 2033 2811 2104 μέγας,
2840 2033 2964 2096 ὀξὺς
3022 2030 3117 2100 μὲν
3152 2029 3461 2101 κινηθῆναι,
3491 2031 3786 2094 εὐτάκτους
3826 2031 3885 2083 δὲ
3924 2030 4023 2093 τὰς

2442 2126 2723 2198 περιόδους
2745 2123 3044 2187 ἀποδιδοὺς,
3078 2121 3387 2193 σύμμετρον
3412 2122 3511 2191 μὲν
3538 2122 3674 2193 ἔχων
3696 2124 3757 2176 τὸ
3790 2123 4023 2192 μέγεθος

2442 2221 2520 2290 τῷ
2550 2220 2730 2282 παντὶ,
2767 2217 2906 2270 ὥστε
2941 2216 3014 2287 μὴ
3045 2215 3316 2269 ἐκϐαίνειν
3353 2214 3450 2286 τὴν
3484 2214 3619 2286 πρὸς
3654 2214 3716 2266 τὸ
3742 2214 3862 2267 ὅλον
3892 2216 4024 2266 ἁνα-

2441 2310 2627 2379 λογίαν
2654 2326 2667 2340 ⁴
2701 2310 2777 2379 τῷ
2804 2310 2859 2362 δὲ
2892 2308 3078 2362 κάλλει
3109 2308 3211 2379 τῆς
3244 2308 3456 2378 φύσεως
3488 2302 3597 2361 οἷόν
3631 2324 3715 2372 τις
3747 2304 4023 2375 ὀφθαλμὸς

2442 2402 2664 2473 διαυγὴς
2695 2400 2994 2473 ἐμπρέπων
3023 2404 3087 2472 τῇ
3122 2400 3325 2455 κτίσειο
3350 2403 3399 2454 εί
3447 2400 3743 2469 ἀκόρεστος
3766 2397 3959 2451 τούτου
3987 2397 4021 2469 ἡ

2445 2493 2565 2561 θέα,
2598 2492 2837 2557 ποταπὸς
2861 2492 2938 2563 τῷ
2965 2493 3149 2547 κάλλει
3181 2495 3208 2545 ὁ
3232 2493 3329 2561 τῆς
3355 2492 3697 2559 δικαιοσύνης
3729 2490 3915 2560 ἦλιος;
3960 2491 4022 2545 Εἰ

2444 2587 2630 2657 τυφλῷ
2661 2587 2830 2657 ζημία
2872 2585 3060 2639 τοῦτον
3092 2586 3167 2654 μὴ
3204 2583 3420 2653 βλέπειν
3443 2622 3458 2646 ,
3489 2583 3705 2652 ποταπὴ
3741 2582 3915 2653 ζημία
3944 2581 4023 2655 τῷ

2444 2678 2754 2751 ἁμαρτωλῷ
2777 2678 2869 2731 τοῦ
2900 2675 3152 2747 ἀληθινοῦ
3189 2675 3365 2745 φωτὸς
3395 2674 3725 2747 στερηθῆναι
3750 2691 3765 2741 ;

2514 2858 2568 2911 2.
2602 2858 2713 2912 Καὶ
2745 2854 2915 2910 εἶπεν
2943 2858 2975 2910 ό
3020 2857 3196 2922 Θεός·
3225 2856 3667 2926 Γενηθήτωσαν
3707 2856 4025 2924 φωστῆρες

2443 2949 2618 3015 ἐντῷ
2669 2948 3027 3019 στερεώματι
3075 2949 3181 3005 τοῦ
3237 2950 3495 3019 οὐρανοῦ
3540 2952 3627 3014 εἰς
3653 2947 3887 3016 ψαῦσιν
3927 2948 4025 2998 ἐπι

2446 3042 2557 3109 τῆς
2581 3042 2722 3111 γῆς’
2750 3039 2907 3095 ὥστε
2960 3040 3326 3111 διαχωρίζειν
3367 3041 3477 3110 (89)
3531 3040 3648 3092 ἀνὰ
3690 3035 3889 3105 μέσον
3915 3036 4022 3102 τῆς

2445 3133 2670 3207 ἡμέρας
2694 3132 2793 3187 καὶ
2820 3133 2933 3188 ἀνὰ
2958 3132 3152 3200 μέσον
3175 3132 3283 3199 τῆς
3310 3131 3545 3195 νυκτός,
3581 3127 3820 3199 Οὐρανὸς
3840 3145 4026 3199 προει-

2450 3227 2610 3299 λήφει
2644 3225 2738 3278 καὶ
2768 3224 2841 3295 γῆ
2863 3242 2876 3254 ·
2917 3224 2978 3277 τὺ
3031 3223 3147 3292 φῶς
3193 3222 3284 3272 ἐπὶ
3323 3218 3531 3282 τούτοις
3564 3217 4020 3289 δεδημιούργητο·

2451 3320 2631 3391 ἡμέρα
2665 3318 2758 3371 καὶ
2821 3316 2913 3381 νὺξ
2960 3314 3293 3383 διεκέκριτοο
3333 3311 3492 3365 πάλιν
3546 3310 3870 3380 στερέωμα,
3931 3311 4027 3364 καὶ

2454 3412 2619 3482 ξηρᾶς
2672 3409 2992 3478 φανέρωσις.
3046 3403 3119 3456 To
3179 3404 3323 3476 ὕδωρ
3374 3403 3725 3475 συνήθροιστο
3777 3405 3857 3466 είς
3897 3419 4027 3456 συν-

2452 3501 2741 3569 εστηκυῖαν
2781 3496 2875 3548 καὶ
2918 3493 3305 3565 ἀφωρισμένην
3348 3495 3689 3564 συναγωγήν.
3732 3493 3795 3546 Ἦ
3829 3494 3901 3565 γῆ
3928 3510 4025 3546 πε-

2455 3590 2706 3659 πλήρωτο
2732 3589 2841 3649 τοῖς
2872 3586 3089 3649 οἰκείοις
3126 3588 3426 3657 γεννήμασι
3458 3628 3474 3651 ,
3504 3588 3571 3640 τά
3601 3603 3657 3639 τε
3703 3588 3873 3658 μυρία
3896 3587 4032 3656 γένη

2451 3683 2559 3735 τῶν
2611 3681 2847 3750 βοτανῶν
2875 3679 3309 3750 ἐκϐλαστήσασα,
3343 3679 3438 3733 καὶ
3469 3679 3824 3743 παντοδαποῖς
3866 3679 4033 3731 εἴδεσι

2455 3775 2635 3846 φυτῶν
2671 3773 3059 3844 εὐθηνουμένη.
3094 3772 3280 3834 Ἤλιος
3308 3771 3363 3825 δὲ
3388 3772 3537 3825 οὕπω
3565 3768 3633 3843 ἦν
3672 3773 3764 3824 καὶ
3807 3769 4027 3840 σελήνη.

2455 3870 2544 3923 ἴνα
2574 3870 2709 3939 μήτε
2734 3866 2907 3935 φωτὸς
2931 3865 3170 3937 ἀρχηγὸν
3192 3866 3285 3919 καὶ
3318 3866 3527 3934 πατέρα
3553 3866 3643 3918 τὸν
3658 3864 3808 3931 ἥλιον
3836 3862 4030 3931 ὀνομά-

2458 3978 2611 4024 σωσι,
2656 3960 2792 4032 μήτε
2818 3957 2926 4010 τῶν
2958 3959 3022 4010 ὲκ
3054 3958 3152 4027 τῆς
3181 3957 3283 4026 γῆς
3318 3956 3596 4026 φυομένων
3624 3953 3956 4022 δημιουργὸν
3983 3955 4030 4006 οἱ

2456 4054 2547 4107 τὸν
2595 4052 2730 4105 Θεὸν
2790 4053 3155 4122 ἀγνοήσαντες
3195 4048 3304 4115 (90)
3365 4049 3692 4117 ἡγήσωνται.
3728 4043 3828 4097 Διὰ
3875 4045 4031 4099 τοῦτο

2459 4148 2690 4216 τετάρτη
2714 4143 2925 4214 ἡμέραο
2962 4143 3053 4195 καὶ
3079 4141 3201 4194 τότε
3236 4136 3387 4193 εἶπεν
3411 4142 3438 4191 ὁ
3480 4137 3611 4200 Θεός
3634 4152 3649 4166 ο
3685 4138 4031 4204 Γενηθήτω-

2461 4250 2582 4288 σαν
2625 4233 2932 4303 φωστῆρες
2972 4234 3041 4285 ὲν
3085 4231 3163 4296 τῷ
3197 4228 3547 4300 στερεώματι
3605 4226 3709 4281 τοῦ
3751 4227 4028 4295 οὐρανοῦ.

2466 4325 2632 4376 Ὅταν
2655 4324 2744 4377 τὸν
2773 4323 2991 4375 εἰπόντα
3017 4319 3465 4392 διδαχθῇς,εὐθὺς
3496 4320 3561 4387 τῇ
3589 4318 3769 4389 ἐννοίᾳ
3796 4317 4030 4371 σύναπτε

2462 4416 2553 4467 τὸν
2578 4413 2903 4465 ἀκούσαντα.
2935 4408 3120 4463 Εἶπεν
3160 4412 3191 4463 ό
3227 4411 3393 4475 Θεός·
3435 4407 3875 4474 Γενηθήτωσαν
3919 4426 4030 4476 φω-

2464 4503 2704 4573 στῆρες,
2734 4504 2827 4556 καὶ
2859 4502 3150 4569 ἐποίησεν
3176 4504 3207 4553 ό
3236 4500 3377 4564 Θεὸς
3394 4499 3535 4565 τοὺς
3562 4500 3669 4553 δύο
3693 4497 4028 4569 ρωστῆρας.

789 4596 1032 4651 historia:
1078 4596 1378 4663 inspersum
1427 4605 1509 4651 est
1561 4597 1790 4666 mystico
1855 4597 2017 4649 modo
2082 4595 2358 4664 theologia:
2392 4595 2472 4649 D'

2349 4613 2358 4648 ξ
2392 4595 2433 4649 D
2461 4597 2555 4660 Τίς
2580 4593 2719 4659 εἷπε,
2754 4600 2847 4649 καὶ
2875 4594 2959 4657 τίς
2990 4593 3270 4663 ὲποίησεν;
3294 4592 3405 4644 Ούκ
3435 4593 3632 4655 ἐννοεῖς
3654 4593 3711 4644 ὲν
3741 4590 3950 4653 τούτοις
3975 4589 4032 4643 τὸ

790 4694 1001 4758 dogma.
1060 4689 1289 4743 Additur
1334 4689 1496 4742 etiam
1553 4687 1983 4757 generandorum
2018 4686 2363 4740 luminariqu

788 4782 1129 4839 necessitas:
1168 4781 1250 4834 Ad
1296 4780 1751 4845 illuminationem,
1813 4779 2007 4847 inquit,
2057 4793 2213 4847 super
2262 4790 2366 4830 ter-

790 4891 902 4928 ram
926 4874 996 4930 ⁸⁸.
1049 4873 1105 4927 Si
1160 4874 1294 4927 lucis
1344 4874 1624 4941 generatio
1665 4885 2035 4941 praecesserat,
2095 4871 2368 4939 quomodo

790 4985 932 5022 nunc
971 4969 1051 5023 sol
1103 4970 1298 5022 iterum
1331 4968 1530 5022 dicitur
1573 4967 1641 5018 ad
1674 4966 2117 5018 illumin‘ationem
2144 4962 2370 5017 editus?

791 5063 1031 5118 Primum
1082 5062 1299 5131 quidem
1357 5060 1648 5128 singularis
1688 5058 1873 5113 istba:c
1926 5057 2175 5125 loquendi
2230 5057 2366 5109 ratio

790 5156 995 5210 nullum
1022 5155 1115 5209 tibi
1147 5154 1314 5208 risum
1350 5162 1563 5207 moveat
1591 5170 1605 5207 :
1629 5152 1895 5221 siquidem
1928 5159 2165 5204 vestrum
2198 5148 2359 5201 istum

792 5248 1084 5302 verborum
1121 5246 1390 5301 delectum
1415 5260 1520 5299 non
1552 5243 1853 5314 sequimur,
1882 5255 2057 5311 neque
2082 5240 2363 5295 concinna

861 5362 910 5395 "
938 5359 1075 5416 Gen.
1105 5373 1145 5424 ι,
1176 5356 1264 5413 14.
1338 5356 1386 5389 ⁷⁸
1414 5355 1545 5411 ibid.
1571 5353 1655 5409 16.
1732 5354 1779 5386 ⁸⁸
1801 5352 1936 5409 ibid.

866 5474 981 5546 (87)
1022 5472 1158 5543 Reg.
1198 5472 1447 5546 _pr_imus_.
1494 5476 1769 5546 sex_tus_et
1812 5477 2035 5546 octayus
2080 5482 2205 5546 cum
2256 5466 2375 5519 aliis

796 5537 967 5600 tribus
998 5537 1132 5598 mss:
1158 5537 1389 5595 πλούτου
1417 5538 1669 5611 ὓπαρξιν.
1700 5540 1895 5593 Vocem
1932 5537 2167 5609 ὕπαρξιν
2203 5552 2377 5608 neque

796 5616 925 5671 editi
964 5623 1283 5681 agnoscunt,
1315 5624 1489 5677 neque
1522 5611 1611 5681 alii
1644 5619 1754 5663 tres
1795 5624 1927 5681 mss.

870 5685 981 5756 (88)
998 5671 1166 5756 ’Βοεᾷ
1188 5671 1370 5756 aestus
1389 5671 1756 5756 iiﬂOXtituVOc
1782 5671 1935 5740 οὗτος
1967 5680 1995 5731 ὁ
2014 5678 2177 5756 filio;

873 5749 1000 5835 (891
1026 5749 1286 5835 Ita—liegii
1319 5752 1526 5835 primus
1551 5763 1880 5835 «octavus,
1912 5749 2377 5835 ellWCOIbAaSCICI‘I'Il:

803 5815 927 5883 συὶ.
966 5815 1124 5880 Deest
1151 5815 1293 5876 ῶᾱτε
1319 5815 1370 5875 in
1400 5820 1561 5876 editis
1590 5830 1644 5873 et
1674 5822 1726 5873 in
1766 5820 2040 5884 aliquibus
2072 5833 2201 5873 mss.
2234 5815 2375 5872 LXX

804 5911 934 5953 vero
962 5905 1015 5952 et
1046 5894 1209 5952 Coisl.
1237 5892 1443 5964 primus
1466 5890 1559 5946 τοῦ
1587 5888 1952 5963 διαχωρίζειν.

2467 4686 2578 4754 (9l)
2614 4685 2831 4739 διπλοῦν
2863 4684 2970 4736 τῶν
3009 4686 3343 4756 προσώπων;
3381 4682 3656 4753 Πανταχοῦ
3698 4684 3762 4752 τῇ
3826 4682 4031 4753 ἱστορία

2466 4777 2527 4829 τὸ
2562 4776 2735 4846 δόγμα
2761 4776 2859 4846 τῆς
2893 4772 3170 4841 θεολογίας
3196 4772 3470 4843 μυστικῶς
3518 4770 4028 4843 συμπαρέσπαρται.

2468 4868 2576 4924 Καὶ
2604 4871 2637 4939 ή
2657 4868 2813 4940 χρεία
2841 4866 3158 4937 πρόσκειται
3184 4867 3282 4934 τῆς
3300 4864 3406 4917 τῶν
3428 4864 3609 4933 φωστή
3620 4879 3724 4933 ρων
3748 4864 4029 4930 γενέσεως·

2469 4964 2574 5025 Είς
2615 4959 2863 5028 φαῦσιν,
2920 4957 3115 5027 φησὶν,
3166 4956 3265 5009 ἐπὶ
3294 4954 3404 5023 τῆς
3445 4954 3573 5025 γῆς.
3612 4954 3672 5006 Εἰ
3720 4956 4032 5027 προειλήφει

2469 5053 2563 5105 τοῦ
2620 5050 2794 5119 φωτὸς
2828 5052 2861 5119 ή
2910 5049 3143 5115 γένεσις,
3175 5046 3292 5109 πῶς
3339 5048 3430 5100 νῦν
3468 5049 3495 5100 ὁ
3546 5046 3695 5115 ἥλιος
3746 5048 3909 5101 πάλιν
3953 5050 4033 5114 εις

2467 5142 2696 5213 ψαῦσιν
2732 5140 2945 5209 λέγεται
2986 5140 3299 5209 γεγονέναι;
3330 5139 3547 5209 Πρῶτον
3582 5140 3679 5209 μὲν
3716 5135 3808 5192 οὖν
3834 5141 3931 5209 τῆς
3962 5140 4035 5192 λέ-

2469 5233 2603 5301 ξεως
2640 5232 2750 5303 (92)
2784 5233 2845 5285 τὸ
2871 5232 3172 5301 ἰδιότροπον
3218 5230 3418 5302 μηδένα
3453 5247 3533 5283 σοι
3560 5231 3777 5284 κινείτω
3807 5232 4029 5300 γέλωτα,

2540 5461 2650 5531 (90)
2690 5460 2765 5514 Ita
2800 5460 3036 5530 quinque
3069 5457 3531 5531 mssaEditivero
3554 5454 3891 5524 ἀγνοοῦντες.

2542 5523 2652 5603 (91)
2676 5523 3022 5603 Βεε.ἐοιιύε
3048 5531 3105 5603 εν
3130 5528 3305 5597 τούτῳ
3326 5526 3406 5580 τό.
3433 5526 3719 5594 Aliquanto
3746 5535 3867 5593 post
3886 5523 4031 5582 Colb.

2471 5599 2741 5681 secundus
2776 5602 2931 5681 χρεία
2965 5599 3267 5679 πρόκειται.

2544 5671 2659 5741 (92)
2702 5663 2850 5741 Regii
2884 5663 3072 5741 tertius
3096 5679 3161 5741 et
3182 5677 3402 5741 octavus
3680 5663 3859 5741 ήμρν.
3891 5665 4033 5741 Desit

2473 5733 2693 5834 «eam:
2721 5733 2957 5834 tunc;
3064 5738 3404 5834 patrm}:
3439 5733 4033 5834 i'."i..“‘?ti.¥°‘.f‘fi‘f

2475 5812 2604 5882 παρ’
2652 5804 2825 5935 ora»
2870 5810 2940 5863 Δι
2979 5824 3109 5862 mss.
3156 5808 3393 5877 quinque
3443 5815 3500 5858 ut
3541 5806 3592 5859 in
3645 5814 3813 5859 textu.
3864 5804 4032 5860 Codex

2475 5882 2678 5940 Combe
2702 5920 2718 5935 .
2748 5894 2867 5937 cum
2898 5880 3070 5935 altero
3097 5894 3199 5935 ms.
3231 5878 3361 5949 παρ’
3385 5877 3529 5946 ἡμῖν,
3563 5890 3667 5932 non
3699 5876 3771 5930 ita
3804 5884 3967 5932 recte.
