  <div class='ocr_page' id='page_1' title='image "/cluster/home/n/w/nwhite01/storage/ocr_20150623/29/uva.x004321530/480.png"; bbox 0 0 4262 6502; ppageno 0'>
   <div class='ocr_carea' id='block_1_1' title="bbox 266 471 366 525">
    <p class='ocr_par' dir='ltr' id='par_1_1' title="bbox 266 471 366 525">
     <span class='ocr_line' id='line_1_1' title="bbox 266 471 366 525; baseline 0.02 -2"><span class='ocrx_word' id='word_1_1' title='bbox 266 471 366 525; x_wconf 62' lang='lat' dir='ltr'><strong>ﬁl</strong></span> 
     </span>
    </p>
   </div>
   <div class='ocr_carea' id='block_1_2' title="bbox 1362 451 2391 516">
    <p class='ocr_par' dir='ltr' id='par_1_2' title="bbox 1362 451 2391 516">
     <span class='ocr_line' id='line_1_2' title="bbox 1362 451 2391 516; baseline -0.007 0"><span class='ocrx_word' id='word_1_2' title='bbox 1362 456 1658 516; x_wconf 77' lang='lat' dir='ltr'><strong>HOMlLlA</strong></span> <span class='ocrx_word' id='word_1_3' title='bbox 1700 456 1767 512; x_wconf 81' lang='lat' dir='ltr'><strong>Vi</strong></span> <span class='ocrx_word' id='word_1_4' title='bbox 1808 456 1875 513; x_wconf 73' lang='lat' dir='ltr'><strong>1N</strong></span> <span class='ocrx_word' id='word_1_5' title='bbox 1915 451 2391 510; x_wconf 76' lang='lat' dir='ltr'><strong>HEXAEMERON</strong></span> 
     </span>
    </p>
   </div>
   <div class='ocr_carea' id='block_1_3' title="bbox 3406 445 3509 501">
    <p class='ocr_par' dir='ltr' id='par_1_3' title="bbox 3406 445 3509 501">
     <span class='ocr_line' id='line_1_3' title="bbox 3406 445 3509 501; baseline -0.01 0"><span class='ocrx_word' id='word_1_6' title='bbox 3406 445 3509 501; x_wconf 68' lang='grc'><strong>129.</strong></span> 
     </span>
    </p>
   </div>
   <div class='ocr_carea' id='block_1_4' title="bbox 263 562 1868 654">
    <p class='ocr_par' dir='ltr' id='par_1_4' title="bbox 263 570 1868 654">
     <span class='ocr_line' id='line_1_4' title="bbox 263 570 1868 654; baseline -0.009 -18"><span class='ocrx_word' id='word_1_7' title='bbox 263 585 423 654; x_wconf 77' lang='grc' dir='ltr'>εἴπερ</span> <span class='ocrx_word' id='word_1_8' title='bbox 458 582 530 652; x_wconf 85' lang='grc' dir='ltr'>μὴ</span> <span class='ocrx_word' id='word_1_9' title='bbox 569 576 814 651; x_wconf 76' lang='grc' dir='ltr'><strong>ἑπόμεθα</strong></span> <span class='ocrx_word' id='word_1_10' title='bbox 853 578 971 641; x_wconf 80' lang='grc' dir='ltr'>ταῖς</span> <span class='ocrx_word' id='word_1_11' title='bbox 1006 576 1134 651; x_wconf 75' lang='grc' dir='ltr'>παρ’</span> <span class='ocrx_word' id='word_1_12' title='bbox 1166 572 1293 645; x_wconf 77' lang='grc' dir='ltr'>ύμῖν</span> <span class='ocrx_word' id='word_1_13' title='bbox 1327 573 1577 641; x_wconf 76' lang='grc' dir='ltr'>ἐκλογαῖς</span> <span class='ocrx_word' id='word_1_14' title='bbox 1608 570 1716 624; x_wconf 82' lang='grc' dir='ltr'><strong>τῶν</strong></span> <span class='ocrx_word' id='word_1_15' title='bbox 1750 572 1839 642; x_wconf 76' lang='grc' dir='ltr'>ρη-</span> <span class='ocrx_word' id='word_1_16' title='bbox 1867 626 1868 632; x_wconf 30' lang='grc' dir='ltr'><strong>η</strong></span> 
     </span>
    </p>
   </div>
   <div class='ocr_carea' id='block_1_5' title="bbox 1867 562 3508 654">
    <p class='ocr_par' dir='ltr' id='par_1_5' title="bbox 1867 562 3508 635">
     <span class='ocr_line' id='line_1_5' title="bbox 1867 562 3508 635; baseline -0.004 -12"><span class='ocrx_word' id='word_1_17' title='bbox 1867 580 1910 633; x_wconf 77' lang='grc' dir='ltr'><strong>Α</strong></span> <span class='ocrx_word' id='word_1_18' title='bbox 1938 584 2124 623; x_wconf 88' lang='lat' dir='ltr'><strong>eorum</strong></span> <span class='ocrx_word' id='word_1_19' title='bbox 2154 568 2539 625; x_wconf 93' lang='lat' dir='ltr'><strong>constructioni</strong></span> <span class='ocrx_word' id='word_1_20' title='bbox 2575 566 2878 621; x_wconf 90' lang='lat' dir='ltr'><strong>studentus.</strong></span> <span class='ocrx_word' id='word_1_21' title='bbox 2914 563 3067 635; x_wconf 82' lang='lat' dir='ltr'><strong>Apud</strong></span> <span class='ocrx_word' id='word_1_22' title='bbox 3101 578 3198 619; x_wconf 88' lang='lat' dir='ltr'><strong>nos</strong></span> <span class='ocrx_word' id='word_1_23' title='bbox 3225 562 3366 618; x_wconf 87' lang='lat' dir='ltr'><strong>enlnt</strong></span> <span class='ocrx_word' id='word_1_24' title='bbox 3402 579 3508 616; x_wconf 87' lang='lat' dir='ltr'><strong>non</strong></span> 
     </span>
    </p>
   </div>
   <div class='ocr_carea' id='block_1_6' title="bbox 266 663 1836 744">
    <p class='ocr_par' dir='ltr' id='par_1_6' title="bbox 266 663 1836 744">
     <span class='ocr_line' id='line_1_6' title="bbox 266 663 1836 744; baseline -0.009 -17"><span class='ocrx_word' id='word_1_25' title='bbox 266 674 474 744; x_wconf 80' lang='grc' dir='ltr'><strong>μάτων,</strong></span> <span class='ocrx_word' id='word_1_26' title='bbox 505 671 641 743; x_wconf 78' lang='grc' dir='ltr'>μηδὲ</span> <span class='ocrx_word' id='word_1_27' title='bbox 659 671 721 723; x_wconf 82' lang='grc' dir='ltr'>τὸ</span> <span class='ocrx_word' id='word_1_28' title='bbox 751 669 853 739; x_wconf 83' lang='grc' dir='ltr'>τῆς</span> <span class='ocrx_word' id='word_1_29' title='bbox 883 668 1085 731; x_wconf 83' lang='grc' dir='ltr'>θέσεως</span> <span class='ocrx_word' id='word_1_30' title='bbox 1126 665 1304 720; x_wconf 79' lang='grc' dir='ltr'>αὐτῶν</span> <span class='ocrx_word' id='word_1_31' title='bbox 1333 663 1604 736; x_wconf 80' lang='grc' dir='ltr'>εῦρυθμον</span> <span class='ocrx_word' id='word_1_32' title='bbox 1642 665 1836 733; x_wconf 64' lang='grc' dir='ltr'>ὲπιτηυ</span> 
     </span>
    </p>
   </div>
   <div class='ocr_carea' id='block_1_7' title="bbox 259 754 1837 834">
    <p class='ocr_par' dir='ltr' id='par_1_7' title="bbox 259 754 1837 834">
     <span class='ocr_line' id='line_1_7' title="bbox 259 754 1837 834; baseline -0.007 -16"><span class='ocrx_word' id='word_1_33' title='bbox 259 764 507 834; x_wconf 79' lang='grc' dir='ltr'>δεύομεν.</span> <span class='ocrx_word' id='word_1_34' title='bbox 536 763 611 816; x_wconf 81' lang='grc' dir='ltr'><strong>Οὐ</strong></span> <span class='ocrx_word' id='word_1_35' title='bbox 638 761 748 833; x_wconf 83' lang='grc' dir='ltr'><strong>γὰρ</strong></span> <span class='ocrx_word' id='word_1_36' title='bbox 768 760 1021 832; x_wconf 78' lang='grc' dir='ltr'>τορευταὶ</span> <span class='ocrx_word' id='word_1_37' title='bbox 1044 758 1241 824; x_wconf 80' lang='grc' dir='ltr'><strong>λέξεων</strong></span> <span class='ocrx_word' id='word_1_38' title='bbox 1271 757 1400 829; x_wconf 80' lang='grc' dir='ltr'>παρ’</span> <span class='ocrx_word' id='word_1_39' title='bbox 1432 758 1563 829; x_wconf 73' lang='grc' dir='ltr'>ἡμῖν</span> <span class='ocrx_word' id='word_1_40' title='bbox 1591 770 1604 784; x_wconf 88' lang='grc'><strong>·</strong></span> <span class='ocrx_word' id='word_1_41' title='bbox 1636 755 1756 808; x_wconf 74' lang='grc' dir='ltr'>οὐδὲ</span> <span class='ocrx_word' id='word_1_42' title='bbox 1777 754 1837 807; x_wconf 84' lang='grc' dir='ltr'>τὸ</span> 
     </span>
    </p>
   </div>
   <div class='ocr_carea' id='block_1_8' title="bbox 259 844 1836 926">
    <p class='ocr_par' dir='ltr' id='par_1_8' title="bbox 259 844 1836 926">
     <span class='ocr_line' id='line_1_8' title="bbox 259 844 1836 926; baseline -0.007 -18"><span class='ocrx_word' id='word_1_43' title='bbox 259 854 457 926; x_wconf 72' lang='grc' dir='ltr'>εὔηχον</span> <span class='ocrx_word' id='word_1_44' title='bbox 502 854 610 906; x_wconf 86' lang='grc' dir='ltr'><strong>τῶν</strong></span> <span class='ocrx_word' id='word_1_45' title='bbox 666 852 881 922; x_wconf 82' lang='grc' dir='ltr'>φωνῶν,</span> <span class='ocrx_word' id='word_1_46' title='bbox 932 850 1068 905; x_wconf 78' lang='grc' dir='ltr'><strong>ἀλλά</strong></span> <span class='ocrx_word' id='word_1_47' title='bbox 1105 848 1167 902; x_wconf 82' lang='grc' dir='ltr'><strong>τὸ</strong></span> <span class='ocrx_word' id='word_1_48' title='bbox 1187 847 1439 919; x_wconf 76' lang='grc' dir='ltr'>εὔσημον</span> <span class='ocrx_word' id='word_1_49' title='bbox 1486 846 1595 900; x_wconf 83' lang='grc' dir='ltr'>τῶν</span> <span class='ocrx_word' id='word_1_50' title='bbox 1635 844 1836 916; x_wconf 83' lang='grc' dir='ltr'>ὀνομά-</span> 
     </span>
    </p>
   </div>
   <div class='ocr_carea' id='block_1_9' title="bbox 258 936 1836 1016">
    <p class='ocr_par' dir='ltr' id='par_1_9' title="bbox 258 936 1836 1016">
     <span class='ocr_line' id='line_1_9' title="bbox 258 936 1836 1016; baseline -0.006 -18"><span class='ocrx_word' id='word_1_51' title='bbox 258 964 368 998; x_wconf 87' lang='grc' dir='ltr'><strong>των</strong></span> <span class='ocrx_word' id='word_1_52' title='bbox 394 945 499 1016; x_wconf 48' lang='grc' dir='ltr'><strong>κ93)</strong></span> <span class='ocrx_word' id='word_1_53' title='bbox 521 943 792 1015; x_wconf 80' lang='grc' dir='ltr'><strong>πανταχοῦ</strong></span> <span class='ocrx_word' id='word_1_54' title='bbox 820 941 1226 1015; x_wconf 78' lang='grc' dir='ltr'><strong>προτιμότερον.</strong></span> <span class='ocrx_word' id='word_1_55' title='bbox 1255 940 1452 993; x_wconf 84' lang='grc' dir='ltr'><strong>Σκόπει</strong></span> <span class='ocrx_word' id='word_1_56' title='bbox 1484 937 1662 992; x_wconf 81' lang='grc' dir='ltr'><strong>τοίνυν</strong></span> <span class='ocrx_word' id='word_1_57' title='bbox 1689 939 1737 990; x_wconf 88' lang='grc' dir='ltr'><strong>εί</strong></span> <span class='ocrx_word' id='word_1_58' title='bbox 1763 936 1836 1008; x_wconf 78' lang='grc' dir='ltr'>μὴ</span> 
     </span>
    </p>
   </div>
   <div class='ocr_carea' id='block_1_10' title="bbox 258 1027 1832 1107">
    <p class='ocr_par' dir='ltr' id='par_1_10' title="bbox 258 1027 1832 1107">
     <span class='ocr_line' id='line_1_10' title="bbox 258 1027 1832 1107; baseline -0.006 -17"><span class='ocrx_word' id='word_1_59' title='bbox 258 1036 351 1089; x_wconf 73' lang='grc' dir='ltr'><strong>διὰ</strong></span> <span class='ocrx_word' id='word_1_60' title='bbox 412 1038 511 1107; x_wconf 85' lang='grc' dir='ltr'>τῆς</span> <span class='ocrx_word' id='word_1_61' title='bbox 540 1038 817 1106; x_wconf 62' lang='grc' dir='ltr'>ψαύσεως</span> <span class='ocrx_word' id='word_1_62' title='bbox 860 1033 1174 1104; x_wconf 82' lang='grc' dir='ltr'>ἀρκούντως</span> <span class='ocrx_word' id='word_1_63' title='bbox 1228 1027 1832 1102; x_wconf 72' lang='grc' dir='ltr'>ὲνέφηνενδέὁούλετοο</span> 
     </span>
    </p>
   </div>
   <div class='ocr_carea' id='block_1_11' title="bbox 258 1118 1837 1201">
    <p class='ocr_par' dir='ltr' id='par_1_11' title="bbox 258 1118 1837 1201">
     <span class='ocr_line' id='line_1_11' title="bbox 258 1118 1837 1201; baseline -0.005 -19"><span class='ocrx_word' id='word_1_64' title='bbox 258 1128 382 1182; x_wconf 68' lang='grc' dir='ltr'><strong>ἀντὶ⁵</strong></span> <span class='ocrx_word' id='word_1_65' title='bbox 409 1134 516 1201; x_wconf 82' lang='grc' dir='ltr'>γάρ</span> <span class='ocrx_word' id='word_1_66' title='bbox 540 1128 633 1181; x_wconf 91' lang='grc' dir='ltr'><strong>τοῦ</strong></span> <span class='ocrx_word' id='word_1_67' title='bbox 662 1125 939 1197; x_wconf 68' lang='grc' dir='ltr'>φωτισμώ</span> <span class='ocrx_word' id='word_1_68' title='bbox 971 1125 1069 1196; x_wconf 82' lang='grc' dir='ltr'>τὴν</span> <span class='ocrx_word' id='word_1_69' title='bbox 1104 1124 1335 1193; x_wconf 71' lang='grc' dir='ltr'>φαῦσιν</span> <span class='ocrx_word' id='word_1_70' title='bbox 1352 1122 1757 1197; x_wconf 83' lang='grc' dir='ltr'>είρηκεν.Ἔστι</span> <span class='ocrx_word' id='word_1_71' title='bbox 1779 1118 1837 1174; x_wconf 73' lang='lat' dir='ltr'><strong>at</strong></span> 
     </span>
    </p>
   </div>
   <div class='ocr_carea' id='block_1_12' title="bbox 257 1213 1836 1292">
    <p class='ocr_par' dir='ltr' id='par_1_12' title="bbox 257 1213 1836 1292">
     <span class='ocr_line' id='line_1_12' title="bbox 257 1213 1836 1292; baseline -0.006 -17"><span class='ocrx_word' id='word_1_72' title='bbox 257 1222 413 1275; x_wconf 78' lang='grc' dir='ltr'>οὐδὲν</span> <span class='ocrx_word' id='word_1_73' title='bbox 450 1221 749 1292; x_wconf 89' lang='grc' dir='ltr'>μαχόμενον</span> <span class='ocrx_word' id='word_1_74' title='bbox 776 1219 935 1273; x_wconf 89' lang='grc' dir='ltr'>τοῦτο</span> <span class='ocrx_word' id='word_1_75' title='bbox 959 1222 1071 1284; x_wconf 81' lang='grc' dir='ltr'>τοῖς</span> <span class='ocrx_word' id='word_1_76' title='bbox 1103 1219 1231 1290; x_wconf 77' lang='grc' dir='ltr'>περὶ</span> <span class='ocrx_word' id='word_1_77' title='bbox 1268 1216 1360 1271; x_wconf 91' lang='grc' dir='ltr'><strong>τοῦ</strong></span> <span class='ocrx_word' id='word_1_78' title='bbox 1398 1216 1572 1286; x_wconf 78' lang='grc' dir='ltr'>φωτὸς</span> <span class='ocrx_word' id='word_1_79' title='bbox 1606 1213 1836 1283; x_wconf 82' lang='grc' dir='ltr'>εἰρημέ-</span> 
     </span>
    </p>
   </div>
   <div class='ocr_carea' id='block_1_13' title="bbox 259 1305 1833 1396">
    <p class='ocr_par' dir='ltr' id='par_1_13' title="bbox 259 1305 1833 1396">
     <span class='ocr_line' id='line_1_13' title="bbox 259 1305 1833 1396; baseline -0.008 -28"><span class='ocrx_word' id='word_1_80' title='bbox 259 1331 390 1377; x_wconf 84' lang='grc' dir='ltr'>νοις.</span> <span class='ocrx_word' id='word_1_81' title='bbox 412 1314 545 1367; x_wconf 84' lang='grc' dir='ltr'><strong>Τότε</strong></span> <span class='ocrx_word' id='word_1_82' title='bbox 572 1315 667 1384; x_wconf 80' lang='grc' dir='ltr'>μὲν</span> <span class='ocrx_word' id='word_1_83' title='bbox 689 1312 797 1383; x_wconf 84' lang='grc' dir='ltr'><strong>γὰρ</strong></span> <span class='ocrx_word' id='word_1_84' title='bbox 820 1311 955 1381; x_wconf 79' lang='grc' dir='ltr'>αὑτὴ</span> <span class='ocrx_word' id='word_1_85' title='bbox 977 1310 1070 1364; x_wconf 90' lang='grc' dir='ltr'><strong>τοῦ</strong></span> <span class='ocrx_word' id='word_1_86' title='bbox 1086 1310 1275 1396; x_wconf 43' lang='grc' dir='ltr'>,φωτὸς</span> <span class='ocrx_word' id='word_1_87' title='bbox 1303 1310 1336 1380; x_wconf 88' lang='grc' dir='ltr'>ή</span> <span class='ocrx_word' id='word_1_88' title='bbox 1364 1309 1525 1396; x_wconf 76' lang='grc' dir='ltr'>φύσις</span> <span class='ocrx_word' id='word_1_89' title='bbox 1556 1305 1833 1396; x_wconf 79' lang='grc' dir='ltr'>παρήχθη’</span> 
     </span>
    </p>
   </div>
   <div class='ocr_carea' id='block_1_14' title="bbox 258 1394 1838 1473">
    <p class='ocr_par' dir='ltr' id='par_1_14' title="bbox 258 1394 1838 1473">
     <span class='ocr_line' id='line_1_14' title="bbox 258 1394 1838 1473; baseline -0.008 -15"><span class='ocrx_word' id='word_1_90' title='bbox 258 1403 355 1458; x_wconf 88' lang='grc' dir='ltr'><strong>νῦν</strong></span> <span class='ocrx_word' id='word_1_91' title='bbox 394 1405 448 1458; x_wconf 81' lang='grc' dir='ltr'>δὲ</span> <span class='ocrx_word' id='word_1_92' title='bbox 482 1405 541 1457; x_wconf 82' lang='grc' dir='ltr'>τὸ</span> <span class='ocrx_word' id='word_1_93' title='bbox 565 1402 785 1473; x_wconf 77' lang='grc' dir='ltr'><strong>ἡλιακὸν</strong></span> <span class='ocrx_word' id='word_1_94' title='bbox 814 1402 974 1455; x_wconf 87' lang='grc' dir='ltr'>τοῦτο</span> <span class='ocrx_word' id='word_1_95' title='bbox 1001 1394 1159 1472; x_wconf 85' lang='grc' dir='ltr'>σῶμα</span> <span class='ocrx_word' id='word_1_96' title='bbox 1190 1401 1373 1471; x_wconf 73' lang='grc' dir='ltr'>ὄχημα</span> <span class='ocrx_word' id='word_1_97' title='bbox 1400 1394 1540 1452; x_wconf 79' lang='grc' dir='ltr'>εἶναι</span> <span class='ocrx_word' id='word_1_98' title='bbox 1576 1394 1655 1466; x_wconf 80' lang='grc' dir='ltr'>τῷ</span> <span class='ocrx_word' id='word_1_99' title='bbox 1688 1411 1838 1465; x_wconf 67' lang='grc' dir='ltr'>πρωσ</span> 
     </span>
    </p>
   </div>
   <div class='ocr_carea' id='block_1_15' title="bbox 257 1487 1838 1567">
    <p class='ocr_par' dir='ltr' id='par_1_15' title="bbox 257 1487 1838 1567">
     <span class='ocr_line' id='line_1_15' title="bbox 257 1487 1838 1567; baseline -0.006 -18"><span class='ocrx_word' id='word_1_100' title='bbox 257 1497 461 1567; x_wconf 85' lang='grc' dir='ltr'>τογόνῳ</span> <span class='ocrx_word' id='word_1_101' title='bbox 511 1493 700 1565; x_wconf 74' lang='grc' dir='ltr'>ἐκείνῳ</span> <span class='ocrx_word' id='word_1_102' title='bbox 732 1495 871 1564; x_wconf 53' lang='grc' dir='ltr'><strong>φωτὶ⁵</strong></span> <span class='ocrx_word' id='word_1_103' title='bbox 904 1492 1367 1565; x_wconf 79' lang='grc' dir='ltr'>παρεσκεύασται.</span> <span class='ocrx_word' id='word_1_104' title='bbox 1414 1491 1501 1553; x_wconf 85' lang='grc' dir='ltr'>Ὠς</span> <span class='ocrx_word' id='word_1_105' title='bbox 1548 1489 1658 1560; x_wconf 84' lang='grc' dir='ltr'>γὰρ</span> <span class='ocrx_word' id='word_1_106' title='bbox 1709 1487 1838 1541; x_wconf 76' lang='grc' dir='ltr'>ἄλλο</span> 
     </span>
    </p>
   </div>
   <div class='ocr_carea' id='block_1_16' title="bbox 258 1580 1836 1658">
    <p class='ocr_par' dir='ltr' id='par_1_16' title="bbox 258 1580 1836 1658">
     <span class='ocr_line' id='line_1_16' title="bbox 258 1580 1836 1658; baseline -0.006 -17"><span class='ocrx_word' id='word_1_107' title='bbox 258 1588 319 1641; x_wconf 78' lang='grc' dir='ltr'><strong>τὸ</strong></span> <span class='ocrx_word' id='word_1_108' title='bbox 359 1587 487 1658; x_wconf 84' lang='grc' dir='ltr'>πῦρ,</span> <span class='ocrx_word' id='word_1_109' title='bbox 521 1587 614 1639; x_wconf 75' lang='grc' dir='ltr'>καὶ</span> <span class='ocrx_word' id='word_1_110' title='bbox 635 1586 763 1641; x_wconf 77' lang='grc' dir='ltr'>ἄλλο</span> <span class='ocrx_word' id='word_1_111' title='bbox 790 1589 819 1640; x_wconf 97' lang='lat'><strong>6</strong></span> <span class='ocrx_word' id='word_1_112' title='bbox 847 1586 1040 1657; x_wconf 81' lang='grc' dir='ltr'><strong>λύχνος</strong></span> <span class='ocrx_word' id='word_1_113' title='bbox 1059 1603 1071 1615; x_wconf 92' lang='grc'><strong>·</strong></span> <span class='ocrx_word' id='word_1_114' title='bbox 1106 1585 1167 1640; x_wconf 83' lang='grc' dir='ltr'><strong>τό</strong></span> <span class='ocrx_word' id='word_1_115' title='bbox 1197 1586 1294 1656; x_wconf 87' lang='grc' dir='ltr'>μὲν</span> <span class='ocrx_word' id='word_1_116' title='bbox 1330 1583 1425 1654; x_wconf 80' lang='grc' dir='ltr'>τὴν</span> <span class='ocrx_word' id='word_1_117' title='bbox 1450 1582 1545 1636; x_wconf 91' lang='grc' dir='ltr'><strong>τοῦ</strong></span> <span class='ocrx_word' id='word_1_118' title='bbox 1580 1580 1836 1649; x_wconf 80' lang='grc' dir='ltr'><strong>φωτίζειν</strong></span> 
     </span>
    </p>
   </div>
   <div class='ocr_carea' id='block_1_17' title="bbox 254 1672 1839 1752">
    <p class='ocr_par' dir='ltr' id='par_1_17' title="bbox 254 1672 1839 1752">
     <span class='ocr_line' id='line_1_17' title="bbox 254 1672 1839 1752; baseline -0.006 -18"><span class='ocrx_word' id='word_1_119' title='bbox 254 1682 485 1752; x_wconf 79' lang='grc' dir='ltr'>δύναμιν</span> <span class='ocrx_word' id='word_1_120' title='bbox 546 1681 686 1751; x_wconf 74' lang='grc' dir='ltr'>ἔχον,</span> <span class='ocrx_word' id='word_1_121' title='bbox 744 1680 808 1734; x_wconf 83' lang='grc' dir='ltr'>τὸ</span> <span class='ocrx_word' id='word_1_122' title='bbox 865 1680 921 1733; x_wconf 80' lang='grc' dir='ltr'>δὲ</span> <span class='ocrx_word' id='word_1_123' title='bbox 984 1678 1342 1749; x_wconf 80' lang='grc' dir='ltr'>παραφαίνειν</span> <span class='ocrx_word' id='word_1_124' title='bbox 1394 1676 1505 1738; x_wconf 85' lang='grc' dir='ltr'>τοῖς</span> <span class='ocrx_word' id='word_1_125' title='bbox 1562 1672 1839 1743; x_wconf 80' lang='grc' dir='ltr'>δεομένοις</span> 
     </span>
    </p>
   </div>
   <div class='ocr_carea' id='block_1_18' title="bbox 257 1765 1839 1842">
    <p class='ocr_par' dir='ltr' id='par_1_18' title="bbox 257 1765 1839 1842">
     <span class='ocr_line' id='line_1_18' title="bbox 257 1765 1839 1842; baseline -0.005 -16"><span class='ocrx_word' id='word_1_126' title='bbox 257 1772 655 1842; x_wconf 73' lang='grc' dir='ltr'>πεποιημένονο</span> <span class='ocrx_word' id='word_1_127' title='bbox 685 1771 828 1827; x_wconf 86' lang='grc' dir='ltr'>οῦτω</span> <span class='ocrx_word' id='word_1_128' title='bbox 860 1772 955 1826; x_wconf 75' lang='grc' dir='ltr'>καὶ</span> <span class='ocrx_word' id='word_1_129' title='bbox 984 1772 1063 1842; x_wconf 78' lang='grc' dir='ltr'>τῷ</span> <span class='ocrx_word' id='word_1_130' title='bbox 1092 1767 1465 1839; x_wconf 79' lang='grc' dir='ltr'><strong>καθαρωτάτῳ</strong></span> <span class='ocrx_word' id='word_1_131' title='bbox 1498 1766 1690 1837; x_wconf 75' lang='grc' dir='ltr'>ἐκείνῳ</span> <span class='ocrx_word' id='word_1_132' title='bbox 1742 1765 1839 1819; x_wconf 73' lang='grc' dir='ltr'>καὶ</span> 
     </span>
    </p>
   </div>
   <div class='ocr_carea' id='block_1_19' title="bbox 256 1859 1834 1937">
    <p class='ocr_par' dir='ltr' id='par_1_19' title="bbox 256 1859 1834 1937">
     <span class='ocr_line' id='line_1_19' title="bbox 256 1859 1834 1937; baseline -0.006 -17"><span class='ocrx_word' id='word_1_133' title='bbox 256 1866 541 1937; x_wconf 75' lang='grc' dir='ltr'>εἰλικρινεῖ</span> <span class='ocrx_word' id='word_1_134' title='bbox 592 1866 685 1919; x_wconf 75' lang='grc' dir='ltr'>καὶ</span> <span class='ocrx_word' id='word_1_135' title='bbox 742 1865 896 1936; x_wconf 79' lang='grc' dir='ltr'><strong>ἀΰλῳ</strong></span> <span class='ocrx_word' id='word_1_136' title='bbox 944 1864 1081 1934; x_wconf 55' lang='grc' dir='ltr'><strong>φωτὶ⁸</strong></span> <span class='ocrx_word' id='word_1_137' title='bbox 1130 1863 1315 1933; x_wconf 79' lang='grc' dir='ltr'>ὄχημα</span> <span class='ocrx_word' id='word_1_138' title='bbox 1342 1861 1434 1914; x_wconf 92' lang='grc' dir='ltr'><strong>νῦν</strong></span> <span class='ocrx_word' id='word_1_139' title='bbox 1461 1863 1509 1915; x_wconf 80' lang='lat' dir='ltr'><strong>oi</strong></span> <span class='ocrx_word' id='word_1_140' title='bbox 1549 1859 1834 1930; x_wconf 80' lang='grc' dir='ltr'><strong>φωστῆρες</strong></span> 
     </span>
    </p>
   </div>
   <div class='ocr_carea' id='block_1_20' title="bbox 256 1948 1835 2029">
    <p class='ocr_par' dir='ltr' id='par_1_20' title="bbox 256 1948 1835 2029">
     <span class='ocr_line' id='line_1_20' title="bbox 256 1948 1835 2029; baseline -0.008 -16"><span class='ocrx_word' id='word_1_141' title='bbox 256 1958 795 2029; x_wconf 75' lang='grc' dir='ltr'><strong>κατεσκευάσθησαν.</strong></span> <span class='ocrx_word' id='word_1_142' title='bbox 835 1958 921 2020; x_wconf 85' lang='grc' dir='ltr'>Ὠς</span> <span class='ocrx_word' id='word_1_143' title='bbox 944 1955 1052 2026; x_wconf 82' lang='grc' dir='ltr'>γὰρ</span> <span class='ocrx_word' id='word_1_144' title='bbox 1085 1957 1114 2008; x_wconf 89' lang='lat'><strong>6</strong></span> <span class='ocrx_word' id='word_1_145' title='bbox 1161 1953 1480 2016; x_wconf 80' lang='grc' dir='ltr'>Ἀπόστολος</span> <span class='ocrx_word' id='word_1_146' title='bbox 1506 1951 1655 2019; x_wconf 78' lang='grc' dir='ltr'>λέγει</span> <span class='ocrx_word' id='word_1_147' title='bbox 1684 1948 1835 2009; x_wconf 80' lang='grc' dir='ltr'>τινὰς</span> 
     </span>
    </p>
   </div>
   <div class='ocr_carea' id='block_1_21' title="bbox 256 2040 1835 2121">
    <p class='ocr_par' dir='ltr' id='par_1_21' title="bbox 256 2040 1835 2121">
     <span class='ocr_line' id='line_1_21' title="bbox 256 2040 1835 2121; baseline -0.008 -18"><span class='ocrx_word' id='word_1_148' title='bbox 256 2051 552 2121; x_wconf 77' lang='grc' dir='ltr'>φωστῆρας</span> <span class='ocrx_word' id='word_1_149' title='bbox 581 2050 637 2100; x_wconf 74' lang='grc' dir='ltr'>ἐν</span> <span class='ocrx_word' id='word_1_150' title='bbox 668 2048 875 2119; x_wconf 81' lang='grc' dir='ltr'>κόσμῳ,</span> <span class='ocrx_word' id='word_1_151' title='bbox 898 2046 1025 2100; x_wconf 76' lang='grc' dir='ltr'>ἄλλο</span> <span class='ocrx_word' id='word_1_152' title='bbox 1052 2045 1107 2098; x_wconf 78' lang='grc' dir='ltr'>δέ</span> <span class='ocrx_word' id='word_1_153' title='bbox 1133 2046 1249 2099; x_wconf 71' lang='grc' dir='ltr'>ἐστι</span> <span class='ocrx_word' id='word_1_154' title='bbox 1274 2062 1389 2115; x_wconf 86' lang='grc' dir='ltr'><strong>φως</strong></span> <span class='ocrx_word' id='word_1_155' title='bbox 1419 2042 1511 2097; x_wconf 92' lang='grc' dir='ltr'><strong>τοῦ</strong></span> <span class='ocrx_word' id='word_1_156' title='bbox 1535 2041 1740 2112; x_wconf 83' lang='grc' dir='ltr'>κόσμου</span> <span class='ocrx_word' id='word_1_157' title='bbox 1773 2040 1835 2092; x_wconf 84' lang='grc' dir='ltr'>τὸ</span> 
     </span>
    </p>
   </div>
   <div class='ocr_carea' id='block_1_22' title="bbox 255 2131 1837 2212">
    <p class='ocr_par' dir='ltr' id='par_1_22' title="bbox 255 2131 1837 2212">
     <span class='ocr_line' id='line_1_22' title="bbox 255 2131 1837 2212; baseline -0.007 -18"><span class='ocrx_word' id='word_1_158' title='bbox 255 2141 531 2212; x_wconf 84' lang='grc' dir='ltr'>ἀληθινὸν,</span> <span class='ocrx_word' id='word_1_159' title='bbox 560 2131 623 2192; x_wconf 77' lang='grc' dir='ltr'><strong>οὗ</strong></span> <span class='ocrx_word' id='word_1_160' title='bbox 685 2137 825 2192; x_wconf 81' lang='grc' dir='ltr'>κατὰ</span> <span class='ocrx_word' id='word_1_161' title='bbox 883 2135 1099 2207; x_wconf 80' lang='grc' dir='ltr'>μέθεξιν</span> <span class='ocrx_word' id='word_1_162' title='bbox 1156 2137 1206 2189; x_wconf 76' lang='lat' dir='ltr'><strong>oi</strong></span> <span class='ocrx_word' id='word_1_163' title='bbox 1239 2136 1383 2205; x_wconf 75' lang='grc' dir='ltr'>ἅγιοι</span> <span class='ocrx_word' id='word_1_164' title='bbox 1416 2135 1700 2204; x_wconf 74' lang='grc' dir='ltr'>φωστῆρες</span> <span class='ocrx_word' id='word_1_165' title='bbox 1723 2131 1837 2199; x_wconf 80' lang='grc' dir='ltr'>ὲγί-</span> 
     </span>
    </p>
   </div>
   <div class='ocr_carea' id='block_1_23' title="bbox 252 2224 1837 2301">
    <p class='ocr_par' dir='ltr' id='par_1_23' title="bbox 252 2224 1837 2301">
     <span class='ocr_line' id='line_1_23' title="bbox 252 2224 1837 2301; baseline -0.008 -12"><span class='ocrx_word' id='word_1_166' title='bbox 252 2250 408 2289; x_wconf 84' lang='grc' dir='ltr'>νοντο</span> <span class='ocrx_word' id='word_1_167' title='bbox 434 2233 542 2286; x_wconf 81' lang='grc' dir='ltr'>τῶν</span> <span class='ocrx_word' id='word_1_168' title='bbox 591 2230 799 2301; x_wconf 81' lang='grc' dir='ltr'>ψυχῶν,</span> <span class='ocrx_word' id='word_1_169' title='bbox 824 2228 890 2292; x_wconf 72' lang='grc' dir='ltr'>ἃς</span> <span class='ocrx_word' id='word_1_170' title='bbox 930 2229 1233 2293; x_wconf 75' lang='grc' dir='ltr'><strong>ἐπαίδευον,</strong></span> <span class='ocrx_word' id='word_1_171' title='bbox 1260 2227 1354 2281; x_wconf 90' lang='grc' dir='ltr'><strong>τοῦ</strong></span> <span class='ocrx_word' id='word_1_172' title='bbox 1397 2227 1621 2290; x_wconf 83' lang='grc' dir='ltr'>σκότους</span> <span class='ocrx_word' id='word_1_173' title='bbox 1664 2224 1837 2289; x_wconf 69' lang='grc' dir='ltr'>αὐτὰς</span> 
     </span>
    </p>
   </div>
   <div class='ocr_carea' id='block_1_24' title="bbox 253 2315 1837 2397">
    <p class='ocr_par' dir='ltr' id='par_1_24' title="bbox 253 2315 1837 2397">
     <span class='ocr_line' id='line_1_24' title="bbox 253 2315 1837 2397; baseline -0.008 -16"><span class='ocrx_word' id='word_1_174' title='bbox 253 2328 355 2397; x_wconf 79' lang='grc' dir='ltr'>τῆς</span> <span class='ocrx_word' id='word_1_175' title='bbox 382 2324 601 2394; x_wconf 82' lang='grc' dir='ltr'>ἀγνοίας</span> <span class='ocrx_word' id='word_1_176' title='bbox 628 2323 911 2393; x_wconf 63' lang='grc' dir='ltr'>ῥυόμενον</span> <span class='ocrx_word' id='word_1_177' title='bbox 952 2321 1093 2376; x_wconf 84' lang='grc' dir='ltr'>οῦτω</span> <span class='ocrx_word' id='word_1_178' title='bbox 1128 2322 1222 2375; x_wconf 79' lang='grc' dir='ltr'>καὶ</span> <span class='ocrx_word' id='word_1_179' title='bbox 1254 2320 1348 2373; x_wconf 91' lang='grc' dir='ltr'><strong>νῦν</strong></span> <span class='ocrx_word' id='word_1_180' title='bbox 1400 2320 1489 2372; x_wconf 86' lang='grc' dir='ltr'>τὸν</span> <span class='ocrx_word' id='word_1_181' title='bbox 1534 2318 1683 2389; x_wconf 85' lang='grc' dir='ltr'>ἦλιον</span> <span class='ocrx_word' id='word_1_182' title='bbox 1713 2315 1837 2370; x_wconf 81' lang='grc' dir='ltr'>τοῦ-</span> 
     </span>
    </p>
   </div>
   <div class='ocr_carea' id='block_1_25' title="bbox 251 2406 1833 2485">
    <p class='ocr_par' dir='ltr' id='par_1_25' title="bbox 251 2406 1833 2485">
     <span class='ocr_line' id='line_1_25' title="bbox 251 2406 1833 2485; baseline -0.008 -14"><span class='ocrx_word' id='word_1_183' title='bbox 251 2434 347 2471; x_wconf 90' lang='grc' dir='ltr'><strong>τον</strong></span> <span class='ocrx_word' id='word_1_184' title='bbox 379 2416 455 2485; x_wconf 81' lang='grc' dir='ltr'>τῷ</span> <span class='ocrx_word' id='word_1_185' title='bbox 482 2414 766 2483; x_wconf 81' lang='grc' dir='ltr'>φανοτατῳ</span> <span class='ocrx_word' id='word_1_186' title='bbox 801 2413 995 2483; x_wconf 77' lang='grc' dir='ltr'>ἐκείνῳ</span> <span class='ocrx_word' id='word_1_187' title='bbox 1038 2412 1407 2473; x_wconf 75' lang='grc' dir='ltr'>ἐπισκευάσας</span> <span class='ocrx_word' id='word_1_188' title='bbox 1461 2409 1601 2479; x_wconf 71' lang='grc' dir='ltr'>φωτὶ</span> <span class='ocrx_word' id='word_1_189' title='bbox 1652 2410 1681 2461; x_wconf 84' lang='grc'>6</span> <span class='ocrx_word' id='word_1_190' title='bbox 1726 2406 1833 2460; x_wconf 83' lang='grc' dir='ltr'><strong>τῶν</strong></span> 
     </span>
    </p>
   </div>
   <div class='ocr_carea' id='block_1_26' title="bbox 254 2502 1519 2579">
    <p class='ocr_par' dir='ltr' id='par_1_26' title="bbox 254 2502 1519 2579">
     <span class='ocr_line' id='line_1_26' title="bbox 254 2502 1519 2579; baseline -0.008 -16"><span class='ocrx_word' id='word_1_191' title='bbox 254 2509 394 2563; x_wconf 77' lang='grc' dir='ltr'>ὅλων</span> <span class='ocrx_word' id='word_1_192' title='bbox 421 2506 750 2579; x_wconf 81' lang='grc' dir='ltr'>δημιουργὸς</span> <span class='ocrx_word' id='word_1_193' title='bbox 774 2508 901 2579; x_wconf 76' lang='grc' dir='ltr'>περὶ</span> <span class='ocrx_word' id='word_1_194' title='bbox 937 2507 1029 2561; x_wconf 83' lang='grc' dir='ltr'>τὸν</span> <span class='ocrx_word' id='word_1_195' title='bbox 1058 2505 1262 2576; x_wconf 85' lang='grc' dir='ltr'>κόσμον</span> <span class='ocrx_word' id='word_1_196' title='bbox 1295 2502 1519 2573; x_wconf 74' lang='grc' dir='ltr'>ἀνῆψεν.</span> 
     </span>
    </p>
   </div>
   <div class='ocr_carea' id='block_1_27' title="bbox 323 2591 1831 2671">
    <p class='ocr_par' dir='ltr' id='par_1_27' title="bbox 323 2591 1831 2671">
     <span class='ocr_line' id='line_1_27' title="bbox 323 2591 1831 2671; baseline -0.008 -16"><span class='ocrx_word' id='word_1_197' title='bbox 323 2600 377 2655; x_wconf 79' lang='lat'><strong>3.</strong></span> <span class='ocrx_word' id='word_1_198' title='bbox 412 2601 522 2653; x_wconf 68' lang='grc' dir='ltr'><strong>Καὶ</strong></span> <span class='ocrx_word' id='word_1_199' title='bbox 546 2600 734 2671; x_wconf 76' lang='grc' dir='ltr'>μηδενὶ</span> <span class='ocrx_word' id='word_1_200' title='bbox 757 2599 981 2653; x_wconf 73' lang='grc' dir='ltr'>ἄπιστον</span> <span class='ocrx_word' id='word_1_201' title='bbox 1009 2595 1144 2651; x_wconf 79' lang='grc' dir='ltr'>εἶναι</span> <span class='ocrx_word' id='word_1_202' title='bbox 1171 2595 1395 2649; x_wconf 77' lang='grc' dir='ltr'>δοκείτω</span> <span class='ocrx_word' id='word_1_203' title='bbox 1416 2594 1477 2647; x_wconf 80' lang='grc' dir='ltr'>τὸ</span> <span class='ocrx_word' id='word_1_204' title='bbox 1522 2591 1831 2665; x_wconf 71' lang='grc' dir='ltr'>εἰρημένον,</span> 
     </span>
    </p>
   </div>
   <div class='ocr_carea' id='block_1_28' title="bbox 248 2682 1834 2760">
    <p class='ocr_par' dir='ltr' id='par_1_28' title="bbox 248 2682 1834 2760">
     <span class='ocr_line' id='line_1_28' title="bbox 248 2682 1834 2760; baseline -0.006 -15"><span class='ocrx_word' id='word_1_205' title='bbox 248 2691 336 2745; x_wconf 74' lang='grc' dir='ltr'>ὅτι</span> <span class='ocrx_word' id='word_1_206' title='bbox 365 2688 492 2744; x_wconf 73' lang='grc' dir='ltr'>ἄλλο</span> <span class='ocrx_word' id='word_1_207' title='bbox 539 2689 639 2760; x_wconf 85' lang='grc' dir='ltr'><strong>μέν</strong></span> <span class='ocrx_word' id='word_1_208' title='bbox 671 2706 724 2742; x_wconf 92' lang='grc' dir='ltr'><strong>τι</strong></span> <span class='ocrx_word' id='word_1_209' title='bbox 757 2687 851 2741; x_wconf 84' lang='grc' dir='ltr'><strong>τοῦ</strong></span> <span class='ocrx_word' id='word_1_210' title='bbox 882 2687 1058 2757; x_wconf 73' lang='grc' dir='ltr'>φωτὸς</span> <span class='ocrx_word' id='word_1_211' title='bbox 1086 2689 1119 2759; x_wconf 79' lang='grc' dir='ltr'>ἡ</span> <span class='ocrx_word' id='word_1_212' title='bbox 1153 2685 1494 2758; x_wconf 84' lang='grc' dir='ltr'>λαμπρότης,</span> <span class='ocrx_word' id='word_1_213' title='bbox 1528 2683 1656 2739; x_wconf 73' lang='grc' dir='ltr'>ἄλλο</span> <span class='ocrx_word' id='word_1_214' title='bbox 1686 2682 1745 2737; x_wconf 74' lang='grc' dir='ltr'>δέ</span> <span class='ocrx_word' id='word_1_215' title='bbox 1780 2699 1834 2735; x_wconf 90' lang='grc' dir='ltr'><strong>τι</strong></span> 
     </span>
    </p>
   </div>
   <div class='ocr_carea' id='block_1_29' title="bbox 249 2771 1835 2853">
    <p class='ocr_par' dir='ltr' id='par_1_29' title="bbox 249 2771 1835 2853">
     <span class='ocr_line' id='line_1_29' title="bbox 249 2771 1835 2853; baseline -0.006 -16"><span class='ocrx_word' id='word_1_216' title='bbox 249 2782 315 2837; x_wconf 80' lang='grc' dir='ltr'>τὸ</span> <span class='ocrx_word' id='word_1_217' title='bbox 347 2782 705 2851; x_wconf 71' lang='grc' dir='ltr'>ὑποκείμενον</span> <span class='ocrx_word' id='word_1_218' title='bbox 737 2780 813 2853; x_wconf 80' lang='grc' dir='ltr'>τῷ</span> <span class='ocrx_word' id='word_1_219' title='bbox 839 2780 977 2851; x_wconf 75' lang='grc' dir='ltr'>φωτὶ</span> <span class='ocrx_word' id='word_1_220' title='bbox 998 2780 1177 2852; x_wconf 82' lang='grc' dir='ltr'>σῶμα.</span> <span class='ocrx_word' id='word_1_221' title='bbox 1211 2778 1434 2850; x_wconf 84' lang='grc' dir='ltr'>Πρῶτον</span> <span class='ocrx_word' id='word_1_222' title='bbox 1470 2776 1570 2848; x_wconf 79' lang='grc' dir='ltr'>μὲν</span> <span class='ocrx_word' id='word_1_223' title='bbox 1597 2771 1691 2830; x_wconf 85' lang='grc' dir='ltr'><strong>οῦν</strong></span> <span class='ocrx_word' id='word_1_224' title='bbox 1723 2774 1835 2846; x_wconf 69' lang='lat'><strong>(96)</strong></span> 
     </span>
    </p>
   </div>
   <div class='ocr_carea' id='block_1_30' title="bbox 252 2869 1833 2943">
    <p class='ocr_par' dir='ltr' id='par_1_30' title="bbox 252 2869 1833 2943">
     <span class='ocr_line' id='line_1_30' title="bbox 252 2869 1833 2943; baseline -0.007 -13"><span class='ocrx_word' id='word_1_225' title='bbox 252 2877 318 2930; x_wconf 74' lang='grc' dir='ltr'>ἐκ</span> <span class='ocrx_word' id='word_1_226' title='bbox 363 2875 454 2929; x_wconf 89' lang='grc' dir='ltr'><strong>τοῦ</strong></span> <span class='ocrx_word' id='word_1_227' title='bbox 501 2874 572 2928; x_wconf 82' lang='grc' dir='ltr'>τὰ</span> <span class='ocrx_word' id='word_1_228' title='bbox 622 2873 852 2928; x_wconf 82' lang='grc' dir='ltr'>σύνθετα</span> <span class='ocrx_word' id='word_1_229' title='bbox 901 2875 1075 2929; x_wconf 82' lang='grc' dir='ltr'>πάντα</span> <span class='ocrx_word' id='word_1_230' title='bbox 1130 2873 1271 2926; x_wconf 75' lang='grc' dir='ltr'>οὕτω</span> <span class='ocrx_word' id='word_1_231' title='bbox 1323 2871 1453 2943; x_wconf 79' lang='grc' dir='ltr'>παρ’</span> <span class='ocrx_word' id='word_1_232' title='bbox 1492 2869 1650 2940; x_wconf 80' lang='grc' dir='ltr'>ἡμῶν</span> <span class='ocrx_word' id='word_1_233' title='bbox 1693 2869 1833 2921; x_wconf 89' lang='grc' dir='ltr'>διαι-</span> 
     </span>
    </p>
   </div>
   <div class='ocr_carea' id='block_1_31' title="bbox 256 2960 1835 3040">
    <p class='ocr_par' dir='ltr' id='par_1_31' title="bbox 256 2960 1835 3040">
     <span class='ocr_line' id='line_1_31' title="bbox 256 2960 1835 3040; baseline -0.005 -19"><span class='ocrx_word' id='word_1_234' title='bbox 256 2967 490 3040; x_wconf 82' lang='grc' dir='ltr'>ρεῖσθαι,</span> <span class='ocrx_word' id='word_1_235' title='bbox 514 2967 594 3031; x_wconf 87' lang='grc' dir='ltr'><strong>είς</strong></span> <span class='ocrx_word' id='word_1_236' title='bbox 609 2984 667 3019; x_wconf 87' lang='grc' dir='ltr'><strong>τε</strong></span> <span class='ocrx_word' id='word_1_237' title='bbox 700 2965 797 3037; x_wconf 78' lang='grc' dir='ltr'>τὴν</span> <span class='ocrx_word' id='word_1_238' title='bbox 820 2966 1074 3035; x_wconf 80' lang='grc' dir='ltr'>δεκτικὴν</span> <span class='ocrx_word' id='word_1_239' title='bbox 1098 2964 1286 3016; x_wconf 79' lang='grc' dir='ltr'>οὐσίαν</span> <span class='ocrx_word' id='word_1_240' title='bbox 1312 2963 1407 3015; x_wconf 77' lang='grc' dir='ltr'>καὶ</span> <span class='ocrx_word' id='word_1_241' title='bbox 1452 2963 1531 3025; x_wconf 86' lang='grc' dir='ltr'><strong>είς</strong></span> <span class='ocrx_word' id='word_1_242' title='bbox 1562 2960 1659 3031; x_wconf 76' lang='grc' dir='ltr'>τὴν</span> <span class='ocrx_word' id='word_1_243' title='bbox 1714 2962 1835 3014; x_wconf 70' lang='grc' dir='ltr'>επι-</span> 
     </span>
    </p>
   </div>
   <div class='ocr_carea' id='block_1_32' title="bbox 256 3049 1831 3130">
    <p class='ocr_par' dir='ltr' id='par_1_32' title="bbox 256 3049 1831 3130">
     <span class='ocr_line' id='line_1_32' title="bbox 256 3049 1831 3130; baseline -0.006 -16"><span class='ocrx_word' id='word_1_244' title='bbox 256 3059 543 3130; x_wconf 80' lang='grc' dir='ltr'>συμϐᾶσαν</span> <span class='ocrx_word' id='word_1_245' title='bbox 570 3059 705 3129; x_wconf 76' lang='grc' dir='ltr'>αὐτῇ</span> <span class='ocrx_word' id='word_1_246' title='bbox 742 3057 1019 3125; x_wconf 87' lang='grc' dir='ltr'>ποιότητα.</span> <span class='ocrx_word' id='word_1_247' title='bbox 1057 3054 1143 3117; x_wconf 85' lang='grc' dir='ltr'>Ὠς</span> <span class='ocrx_word' id='word_1_248' title='bbox 1181 3049 1271 3107; x_wconf 87' lang='grc' dir='ltr'><strong>οῦν</strong></span> <span class='ocrx_word' id='word_1_249' title='bbox 1304 3052 1488 3125; x_wconf 79' lang='grc' dir='ltr'>ῑτερον</span> <span class='ocrx_word' id='word_1_250' title='bbox 1520 3050 1619 3124; x_wconf 69' lang='grc' dir='ltr'>μέν</span> <span class='ocrx_word' id='word_1_251' title='bbox 1668 3069 1720 3105; x_wconf 89' lang='grc' dir='ltr'><strong>τι</strong></span> <span class='ocrx_word' id='word_1_252' title='bbox 1765 3053 1831 3123; x_wconf 76' lang='grc' dir='ltr'>τῇ</span> 
     </span>
    </p>
   </div>
   <div class='ocr_carea' id='block_1_33' title="bbox 253 3142 1833 3220">
    <p class='ocr_par' dir='ltr' id='par_1_33' title="bbox 253 3142 1833 3220">
     <span class='ocr_line' id='line_1_33' title="bbox 253 3142 1833 3220; baseline -0.005 -17"><span class='ocrx_word' id='word_1_253' title='bbox 253 3149 417 3220; x_wconf 80' lang='grc' dir='ltr'>φύσει</span> <span class='ocrx_word' id='word_1_254' title='bbox 457 3151 491 3219; x_wconf 80' lang='grc' dir='ltr'><strong>η</strong></span> <span class='ocrx_word' id='word_1_255' title='bbox 537 3148 817 3217; x_wconf 86' lang='grc' dir='ltr'>λευκότης,</span> <span class='ocrx_word' id='word_1_256' title='bbox 852 3144 1038 3217; x_wconf 75' lang='grc' dir='ltr'>ἕτερον</span> <span class='ocrx_word' id='word_1_257' title='bbox 1098 3143 1155 3198; x_wconf 81' lang='grc' dir='ltr'>δέ</span> <span class='ocrx_word' id='word_1_258' title='bbox 1195 3162 1248 3198; x_wconf 89' lang='grc' dir='ltr'><strong>τι</strong></span> <span class='ocrx_word' id='word_1_259' title='bbox 1300 3144 1362 3198; x_wconf 81' lang='grc' dir='ltr'>τὸ</span> <span class='ocrx_word' id='word_1_260' title='bbox 1403 3142 1833 3213; x_wconf 78' lang='grc' dir='ltr'>λελευκασμένον</span> 
     </span>
    </p>
   </div>
   <div class='ocr_carea' id='block_1_34' title="bbox 257 3235 1905 3338">
    <p class='ocr_par' dir='ltr' id='par_1_34' title="bbox 257 3235 1905 3338">
     <span class='ocr_line' id='line_1_34' title="bbox 257 3235 1905 3338; baseline -0.006 -42"><span class='ocrx_word' id='word_1_261' title='bbox 257 3242 438 3312; x_wconf 85' lang='grc' dir='ltr'>σῶμα,</span> <span class='ocrx_word' id='word_1_262' title='bbox 472 3239 613 3293; x_wconf 89' lang='grc' dir='ltr'>οῦτω</span> <span class='ocrx_word' id='word_1_263' title='bbox 644 3240 738 3293; x_wconf 80' lang='grc' dir='ltr'>καὶ</span> <span class='ocrx_word' id='word_1_264' title='bbox 784 3236 853 3291; x_wconf 84' lang='grc' dir='ltr'>τὰ</span> <span class='ocrx_word' id='word_1_265' title='bbox 873 3236 969 3291; x_wconf 89' lang='grc' dir='ltr'><strong>νῦν</strong></span> <span class='ocrx_word' id='word_1_266' title='bbox 1011 3238 1296 3309; x_wconf 79' lang='grc' dir='ltr'>είρημένα,</span> <span class='ocrx_word' id='word_1_267' title='bbox 1325 3235 1558 3308; x_wconf 75' lang='grc' dir='ltr'>διάφορα</span> <span class='ocrx_word' id='word_1_268' title='bbox 1588 3235 1717 3288; x_wconf 69' lang='grc' dir='ltr'>ὄντα</span> <span class='ocrx_word' id='word_1_269' title='bbox 1860 3276 1905 3338; x_wconf 77' lang='lat' dir='ltr'>c</span> 
     </span>
    </p>
   </div>
   <div class='ocr_carea' id='block_1_35' title="bbox 256 3324 1831 3403">
    <p class='ocr_par' dir='ltr' id='par_1_35' title="bbox 256 3324 1831 3403">
     <span class='ocr_line' id='line_1_35' title="bbox 256 3324 1831 3403; baseline -0.006 -18"><span class='ocrx_word' id='word_1_270' title='bbox 256 3332 417 3403; x_wconf 77' lang='grc' dir='ltr'>φύσει</span> <span class='ocrx_word' id='word_1_271' title='bbox 445 3330 579 3402; x_wconf 83' lang='grc'>(95),</span> <span class='ocrx_word' id='word_1_272' title='bbox 627 3331 831 3401; x_wconf 65' lang='grc' dir='ltr'>ἥνωται</span> <span class='ocrx_word' id='word_1_273' title='bbox 877 3333 943 3403; x_wconf 78' lang='grc' dir='ltr'>τῇ</span> <span class='ocrx_word' id='word_1_274' title='bbox 977 3330 1203 3401; x_wconf 79' lang='grc' dir='ltr'>δυνάμει</span> <span class='ocrx_word' id='word_1_275' title='bbox 1251 3328 1343 3383; x_wconf 90' lang='grc' dir='ltr'><strong>τοῦ</strong></span> <span class='ocrx_word' id='word_1_276' title='bbox 1388 3328 1692 3390; x_wconf 82' lang='grc' dir='ltr'>κτίσαντος.</span> <span class='ocrx_word' id='word_1_277' title='bbox 1721 3324 1831 3379; x_wconf 77' lang='grc' dir='ltr'><strong>Καὶ</strong></span> 
     </span>
    </p>
   </div>
   <div class='ocr_carea' id='block_1_36' title="bbox 258 3418 1834 3497">
    <p class='ocr_par' dir='ltr' id='par_1_36' title="bbox 258 3418 1834 3497">
     <span class='ocr_line' id='line_1_36' title="bbox 258 3418 1834 3497; baseline -0.005 -19"><span class='ocrx_word' id='word_1_278' title='bbox 258 3427 334 3497; x_wconf 75' lang='grc' dir='ltr'>μή</span> <span class='ocrx_word' id='word_1_279' title='bbox 368 3432 464 3496; x_wconf 86' lang='grc' dir='ltr'><strong>μοι</strong></span> <span class='ocrx_word' id='word_1_280' title='bbox 496 3424 620 3493; x_wconf 79' lang='grc' dir='ltr'>λέγε</span> <span class='ocrx_word' id='word_1_281' title='bbox 652 3423 886 3479; x_wconf 81' lang='grc' dir='ltr'>ἀδύνατα</span> <span class='ocrx_word' id='word_1_282' title='bbox 924 3419 1061 3477; x_wconf 72' lang='grc' dir='ltr'>εἶναι</span> <span class='ocrx_word' id='word_1_283' title='bbox 1091 3422 1264 3476; x_wconf 89' lang='grc' dir='ltr'>ταῦτα</span> <span class='ocrx_word' id='word_1_284' title='bbox 1298 3422 1392 3475; x_wconf 82' lang='grc' dir='ltr'><strong>ἀπ’</strong></span> <span class='ocrx_word' id='word_1_285' title='bbox 1417 3419 1659 3491; x_wconf 78' lang='grc' dir='ltr'>ἀλλήλων</span> <span class='ocrx_word' id='word_1_286' title='bbox 1699 3418 1834 3472; x_wconf 86' lang='grc' dir='ltr'>διαι-</span> 
     </span>
    </p>
   </div>
   <div class='ocr_carea' id='block_1_37' title="bbox 255 3508 1836 3590">
    <p class='ocr_par' dir='ltr' id='par_1_37' title="bbox 255 3508 1836 3590">
     <span class='ocr_line' id='line_1_37' title="bbox 255 3508 1836 3590; baseline -0.005 -21"><span class='ocrx_word' id='word_1_287' title='bbox 255 3515 491 3590; x_wconf 66' lang='grc' dir='ltr'>ρεῖσθαι.</span> <span class='ocrx_word' id='word_1_288' title='bbox 521 3514 655 3569; x_wconf 76' lang='grc' dir='ltr'><strong>Οὐδὲ</strong></span> <span class='ocrx_word' id='word_1_289' title='bbox 699 3513 808 3585; x_wconf 83' lang='grc' dir='ltr'><strong>γὰρ</strong></span> <span class='ocrx_word' id='word_1_290' title='bbox 836 3511 946 3581; x_wconf 71' lang='grc' dir='ltr'><strong>ἐγὼ</strong></span> <span class='ocrx_word' id='word_1_291' title='bbox 977 3511 1075 3583; x_wconf 78' lang='grc' dir='ltr'>τὴν</span> <span class='ocrx_word' id='word_1_292' title='bbox 1100 3511 1363 3583; x_wconf 87' lang='grc' dir='ltr'>διαίρεσιν</span> <span class='ocrx_word' id='word_1_293' title='bbox 1388 3510 1483 3565; x_wconf 89' lang='grc' dir='ltr'><strong>τοῦ</strong></span> <span class='ocrx_word' id='word_1_294' title='bbox 1510 3509 1686 3580; x_wconf 77' lang='grc' dir='ltr'>φωτὸς</span> <span class='ocrx_word' id='word_1_295' title='bbox 1726 3508 1836 3563; x_wconf 82' lang='grc' dir='ltr'><strong>ἀπὸ</strong></span> 
     </span>
    </p>
   </div>
   <div class='ocr_carea' id='block_1_38' title="bbox 192 3596 1831 3679">
    <p class='ocr_par' dir='ltr' id='par_1_38' title="bbox 192 3596 1831 3679">
     <span class='ocr_line' id='line_1_38' title="bbox 192 3596 1831 3679; baseline -0.007 -17"><span class='ocrx_word' id='word_1_296' title='bbox 192 3638 193 3641; x_wconf 57' lang='grc' dir='ltr'><strong>η</strong></span> <span class='ocrx_word' id='word_1_297' title='bbox 253 3606 349 3662; x_wconf 89' lang='grc' dir='ltr'><strong>τοῦ</strong></span> <span class='ocrx_word' id='word_1_298' title='bbox 370 3605 594 3679; x_wconf 77' lang='grc' dir='ltr'>ἡλιακοῦ</span> <span class='ocrx_word' id='word_1_299' title='bbox 622 3604 867 3674; x_wconf 85' lang='grc' dir='ltr'>σώματος</span> <span class='ocrx_word' id='word_1_300' title='bbox 898 3602 1022 3672; x_wconf 67' lang='grc' dir='ltr'>ἐμοὶ</span> <span class='ocrx_word' id='word_1_301' title='bbox 1044 3603 1136 3655; x_wconf 81' lang='grc' dir='ltr'>καὶ</span> <span class='ocrx_word' id='word_1_302' title='bbox 1159 3602 1241 3654; x_wconf 76' lang='grc' dir='ltr'>σοὶ</span> <span class='ocrx_word' id='word_1_303' title='bbox 1254 3602 1482 3671; x_wconf 78' lang='grc' dir='ltr'>δυνατην</span> <span class='ocrx_word' id='word_1_304' title='bbox 1508 3596 1645 3653; x_wconf 80' lang='grc' dir='ltr'>εἷναί</span> <span class='ocrx_word' id='word_1_305' title='bbox 1670 3616 1831 3671; x_wconf 88' lang='grc' dir='ltr'>φημι,</span> 
     </span>
    </p>
   </div>
   <div class='ocr_carea' id='block_1_39' title="bbox 252 3691 1837 3766">
    <p class='ocr_par' dir='ltr' id='par_1_39' title="bbox 252 3691 1837 3766">
     <span class='ocr_line' id='line_1_39' title="bbox 252 3691 1837 3766; baseline -0.005 -14"><span class='ocrx_word' id='word_1_306' title='bbox 252 3698 369 3752; x_wconf 79' lang='grc' dir='ltr'>ἀλλ’</span> <span class='ocrx_word' id='word_1_307' title='bbox 398 3699 484 3752; x_wconf 75' lang='grc' dir='ltr'>ὅτι</span> <span class='ocrx_word' id='word_1_308' title='bbox 512 3695 548 3750; x_wconf 73' lang='grc' dir='ltr'>ἃ</span> <span class='ocrx_word' id='word_1_309' title='bbox 577 3697 710 3765; x_wconf 77' lang='grc' dir='ltr'>ἡμῖν</span> <span class='ocrx_word' id='word_1_310' title='bbox 746 3696 814 3766; x_wconf 77' lang='grc' dir='ltr'>τῇ</span> <span class='ocrx_word' id='word_1_311' title='bbox 845 3694 1058 3765; x_wconf 76' lang='grc' dir='ltr'>ἐπινοίᾳ</span> <span class='ocrx_word' id='word_1_312' title='bbox 1086 3694 1201 3746; x_wconf 71' lang='grc' dir='ltr'>εστὶ</span> <span class='ocrx_word' id='word_1_313' title='bbox 1237 3692 1502 3765; x_wconf 81' lang='grc' dir='ltr'>χωριστὰ,</span> <span class='ocrx_word' id='word_1_314' title='bbox 1529 3691 1702 3745; x_wconf 90' lang='grc' dir='ltr'>ταῦτα</span> <span class='ocrx_word' id='word_1_315' title='bbox 1751 3691 1837 3745; x_wconf 77' lang='grc' dir='ltr'>δύο</span> 
     </span>
    </p>
   </div>
   <div class='ocr_carea' id='block_1_40' title="bbox 255 3782 1837 3860">
    <p class='ocr_par' dir='ltr' id='par_1_40' title="bbox 255 3782 1837 3860">
     <span class='ocr_line' id='line_1_40' title="bbox 255 3782 1837 3860; baseline -0.004 -16"><span class='ocrx_word' id='word_1_316' title='bbox 255 3806 415 3845; x_wconf 86' lang='grc' dir='ltr'>ναται</span> <span class='ocrx_word' id='word_1_317' title='bbox 445 3788 539 3843; x_wconf 77' lang='grc' dir='ltr'>καὶ</span> <span class='ocrx_word' id='word_1_318' title='bbox 584 3788 719 3860; x_wconf 77' lang='grc' dir='ltr'>αὐτῇ</span> <span class='ocrx_word' id='word_1_319' title='bbox 747 3790 813 3860; x_wconf 78' lang='grc' dir='ltr'>τῇ</span> <span class='ocrx_word' id='word_1_320' title='bbox 867 3786 1117 3859; x_wconf 67' lang='grc' dir='ltr'>ἐνεργείᾳ</span> <span class='ocrx_word' id='word_1_321' title='bbox 1171 3784 1324 3857; x_wconf 80' lang='grc' dir='ltr'>παρὰ</span> <span class='ocrx_word' id='word_1_322' title='bbox 1346 3782 1443 3838; x_wconf 88' lang='grc' dir='ltr'><strong>τοῦ</strong></span> <span class='ocrx_word' id='word_1_323' title='bbox 1478 3784 1704 3856; x_wconf 88' lang='grc' dir='ltr'>ποιητοῦ</span> <span class='ocrx_word' id='word_1_324' title='bbox 1736 3784 1837 3855; x_wconf 81' lang='grc' dir='ltr'>τῆς</span> 
     </span>
    </p>
   </div>
   <div class='ocr_carea' id='block_1_41' title="bbox 256 3878 1838 3953">
    <p class='ocr_par' dir='ltr' id='par_1_41' title="bbox 256 3878 1838 3953">
     <span class='ocr_line' id='line_1_41' title="bbox 256 3878 1838 3953; baseline -0.004 -17"><span class='ocrx_word' id='word_1_325' title='bbox 256 3882 474 3953; x_wconf 78' lang='grc' dir='ltr'>φύσεως</span> <span class='ocrx_word' id='word_1_326' title='bbox 511 3879 690 3935; x_wconf 74' lang='grc' dir='ltr'>αὐτῶν</span> <span class='ocrx_word' id='word_1_327' title='bbox 714 3879 1011 3951; x_wconf 82' lang='grc' dir='ltr'>διαστῆναι.</span> <span class='ocrx_word' id='word_1_328' title='bbox 1048 3879 1200 3933; x_wconf 74' lang='grc' dir='ltr'>Ἐπεὶ</span> <span class='ocrx_word' id='word_1_329' title='bbox 1246 3878 1340 3931; x_wconf 77' lang='grc' dir='ltr'>καὶ</span> <span class='ocrx_word' id='word_1_330' title='bbox 1370 3878 1451 3931; x_wconf 77' lang='grc' dir='ltr'>σοὶ</span> <span class='ocrx_word' id='word_1_331' title='bbox 1485 3878 1584 3949; x_wconf 83' lang='grc' dir='ltr'>τὴν</span> <span class='ocrx_word' id='word_1_332' title='bbox 1613 3893 1838 3931; x_wconf 88' lang='grc' dir='ltr'>καυστι-</span> 
     </span>
    </p>
   </div>
   <div class='ocr_carea' id='block_1_42' title="bbox 256 3969 1835 4046">
    <p class='ocr_par' dir='ltr' id='par_1_42' title="bbox 256 3969 1835 4046">
     <span class='ocr_line' id='line_1_42' title="bbox 256 3969 1835 4046; baseline 0.001 -24"><span class='ocrx_word' id='word_1_333' title='bbox 256 3978 360 4046; x_wconf 68' lang='grc' dir='ltr'><strong>χὴν</strong></span> <span class='ocrx_word' id='word_1_334' title='bbox 385 3973 615 4043; x_wconf 86' lang='grc' dir='ltr'>δύναμιν</span> <span class='ocrx_word' id='word_1_335' title='bbox 650 3971 746 4025; x_wconf 87' lang='grc' dir='ltr'><strong>τοῦ</strong></span> <span class='ocrx_word' id='word_1_336' title='bbox 787 3971 957 4042; x_wconf 70' lang='grc' dir='ltr'>πυρὸς</span> <span class='ocrx_word' id='word_1_337' title='bbox 983 3969 1090 4023; x_wconf 78' lang='grc' dir='ltr'><strong>ἀπὸ</strong></span> <span class='ocrx_word' id='word_1_338' title='bbox 1143 3970 1245 4040; x_wconf 83' lang='grc' dir='ltr'>τῆς</span> <span class='ocrx_word' id='word_1_339' title='bbox 1288 3970 1669 4040; x_wconf 87' lang='grc' dir='ltr'>λαμπρότητος</span> <span class='ocrx_word' id='word_1_340' title='bbox 1724 3987 1835 4040; x_wconf 81' lang='grc' dir='ltr'>χω·</span> 
     </span>
    </p>
   </div>
   <div class='ocr_carea' id='block_1_43' title="bbox 259 4059 1835 4140">
    <p class='ocr_par' dir='ltr' id='par_1_43' title="bbox 259 4059 1835 4140">
     <span class='ocr_line' id='line_1_43' title="bbox 259 4059 1835 4140; baseline -0.004 -23"><span class='ocrx_word' id='word_1_341' title='bbox 259 4068 407 4140; x_wconf 84' lang='grc' dir='ltr'>ρίσαι</span> <span class='ocrx_word' id='word_1_342' title='bbox 436 4064 748 4135; x_wconf 80' lang='grc' dir='ltr'>ἀμήχανον·</span> <span class='ocrx_word' id='word_1_343' title='bbox 782 4062 811 4113; x_wconf 87' lang='lat'><strong>6</strong></span> <span class='ocrx_word' id='word_1_344' title='bbox 860 4061 917 4115; x_wconf 81' lang='grc' dir='ltr'>δὲ</span> <span class='ocrx_word' id='word_1_345' title='bbox 968 4060 1120 4123; x_wconf 81' lang='grc' dir='ltr'>Θεὸς,</span> <span class='ocrx_word' id='word_1_346' title='bbox 1154 4059 1444 4131; x_wconf 79' lang='grc' dir='ltr'>παραδόξῳ</span> <span class='ocrx_word' id='word_1_347' title='bbox 1490 4060 1723 4131; x_wconf 83' lang='grc' dir='ltr'>θεάματι</span> <span class='ocrx_word' id='word_1_348' title='bbox 1744 4060 1835 4113; x_wconf 81' lang='grc' dir='ltr'>τὸν</span> 
     </span>
    </p>
   </div>
   <div class='ocr_carea' id='block_1_44' title="bbox 254 4151 1838 4227">
    <p class='ocr_par' dir='ltr' id='par_1_44' title="bbox 254 4151 1838 4227">
     <span class='ocr_line' id='line_1_44' title="bbox 254 4151 1838 4227; baseline -0.006 -13"><span class='ocrx_word' id='word_1_349' title='bbox 254 4154 454 4214; x_wconf 64' lang='grc' dir='ltr'>εαυτοῦ</span> <span class='ocrx_word' id='word_1_350' title='bbox 498 4154 806 4227; x_wconf 77' lang='grc' dir='ltr'>θεράποντα</span> <span class='ocrx_word' id='word_1_351' title='bbox 847 4153 1171 4224; x_wconf 72' lang='grc' dir='ltr'>ἐπιπρέψαι</span> <span class='ocrx_word' id='word_1_352' title='bbox 1202 4151 1540 4224; x_wconf 83' lang='grc' dir='ltr'>βουλόμενος,</span> <span class='ocrx_word' id='word_1_353' title='bbox 1589 4151 1701 4225; x_wconf 88' lang='grc' dir='ltr'><strong>πῦρ</strong></span> <span class='ocrx_word' id='word_1_354' title='bbox 1740 4154 1838 4207; x_wconf 72' lang='grc' dir='ltr'>ιπ-</span> 
     </span>
    </p>
   </div>
   <div class='ocr_carea' id='block_1_45' title="bbox 257 4246 1838 4323">
    <p class='ocr_par' dir='ltr' id='par_1_45' title="bbox 257 4246 1838 4323">
     <span class='ocr_line' id='line_1_45' title="bbox 257 4246 1838 4323; baseline -0.003 -17"><span class='ocrx_word' id='word_1_355' title='bbox 257 4251 426 4323; x_wconf 73' lang='grc' dir='ltr'>όθηκε</span> <span class='ocrx_word' id='word_1_356' title='bbox 458 4252 531 4322; x_wconf 79' lang='grc' dir='ltr'>τῇ</span> <span class='ocrx_word' id='word_1_357' title='bbox 577 4247 724 4319; x_wconf 82' lang='grc' dir='ltr'><strong>βάτῳ</strong></span> <span class='ocrx_word' id='word_1_358' title='bbox 774 4246 883 4301; x_wconf 82' lang='grc' dir='ltr'><strong>ἀπὸ</strong></span> <span class='ocrx_word' id='word_1_359' title='bbox 919 4246 1086 4319; x_wconf 87' lang='grc' dir='ltr'>μόνης</span> <span class='ocrx_word' id='word_1_360' title='bbox 1131 4248 1231 4321; x_wconf 81' lang='grc' dir='ltr'>τῆς</span> <span class='ocrx_word' id='word_1_361' title='bbox 1261 4248 1646 4321; x_wconf 86' lang='grc' dir='ltr'>λαμπρότητος</span> <span class='ocrx_word' id='word_1_362' title='bbox 1686 4248 1838 4319; x_wconf 66' lang='grc' dir='ltr'>ἐνερ-</span> 
     </span>
    </p>
   </div>
   <div class='ocr_carea' id='block_1_46' title="bbox 256 4332 1834 4410">
    <p class='ocr_par' dir='ltr' id='par_1_46' title="bbox 256 4332 1834 4410">
     <span class='ocr_line' id='line_1_46' title="bbox 256 4332 1834 4410; baseline -0.005 -17"><span class='ocrx_word' id='word_1_363' title='bbox 256 4339 410 4409; x_wconf 91' lang='grc' dir='ltr'>γοῦν,</span> <span class='ocrx_word' id='word_1_364' title='bbox 444 4340 544 4410; x_wconf 79' lang='grc' dir='ltr'>τὴν</span> <span class='ocrx_word' id='word_1_365' title='bbox 574 4337 630 4392; x_wconf 76' lang='grc' dir='ltr'>δὲ</span> <span class='ocrx_word' id='word_1_366' title='bbox 678 4336 771 4389; x_wconf 86' lang='grc' dir='ltr'><strong>τοῦ</strong></span> <span class='ocrx_word' id='word_1_367' title='bbox 802 4334 977 4389; x_wconf 88' lang='grc' dir='ltr'>καίειν</span> <span class='ocrx_word' id='word_1_368' title='bbox 1008 4335 1235 4407; x_wconf 86' lang='grc' dir='ltr'>δύναμιν</span> <span class='ocrx_word' id='word_1_369' title='bbox 1292 4335 1655 4406; x_wconf 78' lang='grc' dir='ltr'>σχολάζουσαν</span> <span class='ocrx_word' id='word_1_370' title='bbox 1691 4332 1834 4403; x_wconf 80' lang='grc' dir='ltr'>ῑχον.</span> 
     </span>
    </p>
   </div>
   <div class='ocr_carea' id='block_1_47' title="bbox 267 4421 1836 4497">
    <p class='ocr_par' dir='ltr' id='par_1_47' title="bbox 267 4421 1836 4497">
     <span class='ocr_line' id='line_1_47' title="bbox 267 4421 1836 4497; baseline -0.003 -15"><span class='ocrx_word' id='word_1_371' title='bbox 267 4429 359 4492; x_wconf 81' lang='grc' dir='ltr'>Ὦς</span> <span class='ocrx_word' id='word_1_372' title='bbox 407 4421 507 4482; x_wconf 72' lang='grc' dir='ltr'><strong>καῖ</strong></span> <span class='ocrx_word' id='word_1_373' title='bbox 540 4431 568 4483; x_wconf 86' lang='lat'><strong>6</strong></span> <span class='ocrx_word' id='word_1_374' title='bbox 600 4426 907 4497; x_wconf 74' lang='grc' dir='ltr'>Ψαλμῳδὸς</span> <span class='ocrx_word' id='word_1_375' title='bbox 948 4426 1058 4497; x_wconf 82' lang='grc'><strong>(96)</strong></span> <span class='ocrx_word' id='word_1_376' title='bbox 1112 4428 1381 4497; x_wconf 77' lang='grc' dir='ltr'>μαρτυρεῖ</span> <span class='ocrx_word' id='word_1_377' title='bbox 1422 4425 1624 4494; x_wconf 73' lang='grc' dir='ltr'>λέγων’</span> <span class='ocrx_word' id='word_1_378' title='bbox 1662 4422 1836 4491; x_wconf 66' lang='grc' dir='ltr'><strong>Φωνὴ</strong></span> 
     </span>
    </p>
   </div>
   <div class='ocr_carea' id='block_1_48' title="bbox 257 4514 1837 4590">
    <p class='ocr_par' dir='ltr' id='par_1_48' title="bbox 257 4514 1837 4590">
     <span class='ocr_line' id='line_1_48' title="bbox 257 4514 1837 4590; baseline -0.006 -13"><span class='ocrx_word' id='word_1_379' title='bbox 257 4520 483 4590; x_wconf 79' lang='grc' dir='ltr'>Κυρίου</span> <span class='ocrx_word' id='word_1_380' title='bbox 529 4518 961 4583; x_wconf 80' lang='grc' dir='ltr'>διακόπτοντος</span> <span class='ocrx_word' id='word_1_381' title='bbox 1015 4517 1213 4586; x_wconf 72' lang='grc' dir='ltr'>φλόγα</span> <span class='ocrx_word' id='word_1_382' title='bbox 1258 4516 1466 4583; x_wconf 82' lang='grc' dir='ltr'>πυρός.</span> <span class='ocrx_word' id='word_1_383' title='bbox 1520 4514 1683 4569; x_wconf 86' lang='grc' dir='ltr'>Ὅθεν</span> <span class='ocrx_word' id='word_1_384' title='bbox 1740 4514 1837 4567; x_wconf 79' lang='grc' dir='ltr'><strong>καὶ</strong></span> 
     </span>
    </p>
   </div>
   <div class='ocr_carea' id='block_1_49' title="bbox 1937 660 3513 733">
    <p class='ocr_par' dir='ltr' id='par_1_49' title="bbox 1937 660 3513 733">
     <span class='ocr_line' id='line_1_49' title="bbox 1937 660 3513 733; baseline -0.004 -15"><span class='ocrx_word' id='word_1_385' title='bbox 1937 672 2064 718; x_wconf 86' lang='lat' dir='ltr'><strong>sunt</strong></span> <span class='ocrx_word' id='word_1_386' title='bbox 2115 665 2208 733; x_wconf 87' lang='lat' dir='ltr'><strong>qui</strong></span> <span class='ocrx_word' id='word_1_387' title='bbox 2267 663 2432 718; x_wconf 86' lang='lat' dir='ltr'><strong>verba</strong></span> <span class='ocrx_word' id='word_1_388' title='bbox 2476 664 2742 714; x_wconf 87' lang='lat' dir='ltr'><strong>tornando</strong></span> <span class='ocrx_word' id='word_1_389' title='bbox 2780 660 3116 728; x_wconf 84' lang='lat' dir='ltr'><strong>exspoliaut,</strong></span> <span class='ocrx_word' id='word_1_390' title='bbox 3163 670 3341 727; x_wconf 87' lang='lat' dir='ltr'><strong>neque</strong></span> <span class='ocrx_word' id='word_1_391' title='bbox 3366 670 3513 711; x_wconf 66' lang='lat' dir='ltr'><strong>curae</strong></span> 
     </span>
    </p>
   </div>
   <div class='ocr_carea' id='block_1_50' title="bbox 1936 748 3511 821">
    <p class='ocr_par' dir='ltr' id='par_1_50' title="bbox 1936 748 3511 821">
     <span class='ocr_line' id='line_1_50' title="bbox 1936 748 3511 821; baseline -0.004 -14"><span class='ocrx_word' id='word_1_392' title='bbox 1936 763 2065 807; x_wconf 90' lang='lat' dir='ltr'><strong>sunt</strong></span> <span class='ocrx_word' id='word_1_393' title='bbox 2090 768 2301 808; x_wconf 75' lang='lat' dir='ltr'><strong>sonora:</strong></span> <span class='ocrx_word' id='word_1_394' title='bbox 2330 768 2510 817; x_wconf 85' lang='lat' dir='ltr'><strong>voces,</strong></span> <span class='ocrx_word' id='word_1_395' title='bbox 2537 754 2629 808; x_wconf 74' lang='lat' dir='ltr'><strong>sed</strong></span> <span class='ocrx_word' id='word_1_396' title='bbox 2662 751 2862 821; x_wconf 88' lang='lat' dir='ltr'><strong>ubique</strong></span> <span class='ocrx_word' id='word_1_397' title='bbox 2892 750 3172 805; x_wconf 90' lang='lat' dir='ltr'><strong>nominum</strong></span> <span class='ocrx_word' id='word_1_398' title='bbox 3205 748 3511 802; x_wconf 76' lang='lat' dir='ltr'><strong>claritatem</strong></span> 
     </span>
    </p>
   </div>
   <div class='ocr_carea' id='block_1_51' title="bbox 1937 839 3511 913">
    <p class='ocr_par' dir='ltr' id='par_1_51' title="bbox 1937 839 3511 913">
     <span class='ocr_line' id='line_1_51' title="bbox 1937 839 3511 913; baseline -0.004 -16"><span class='ocrx_word' id='word_1_399' title='bbox 1937 846 2332 911; x_wconf 73' lang='lat' dir='ltr'><strong>anteponimus.</strong></span> <span class='ocrx_word' id='word_1_400' title='bbox 2370 846 2503 900; x_wconf 82' lang='lat' dir='ltr'><strong>Vide</strong></span> <span class='ocrx_word' id='word_1_401' title='bbox 2530 846 2714 913; x_wconf 85' lang='lat' dir='ltr'><strong>igitur,</strong></span> <span class='ocrx_word' id='word_1_402' title='bbox 2749 859 2877 897; x_wconf 89' lang='lat' dir='ltr'><strong>num</strong></span> <span class='ocrx_word' id='word_1_403' title='bbox 2931 842 3067 896; x_wconf 87' lang='lat' dir='ltr'><strong>satis</strong></span> <span class='ocrx_word' id='word_1_404' title='bbox 3095 841 3239 909; x_wconf 86' lang='lat' dir='ltr'><strong>quod</strong></span> <span class='ocrx_word' id='word_1_405' title='bbox 3277 839 3511 902; x_wconf 85' lang='lat' dir='ltr'><strong>volebat,</strong></span> 
     </span>
    </p>
   </div>
   <div class='ocr_carea' id='block_1_52' title="bbox 1937 926 3514 1003">
    <p class='ocr_par' dir='ltr' id='par_1_52' title="bbox 1937 926 3514 1003">
     <span class='ocr_line' id='line_1_52' title="bbox 1937 926 3514 1003; baseline -0.003 -14"><span class='ocrx_word' id='word_1_406' title='bbox 1937 950 2035 1003; x_wconf 90' lang='lat' dir='ltr'><strong>per</strong></span> <span class='ocrx_word' id='word_1_407' title='bbox 2059 936 2199 989; x_wconf 82' lang='lat' dir='ltr'><strong>hanc</strong></span> <span class='ocrx_word' id='word_1_408' title='bbox 2228 950 2413 990; x_wconf 83' lang='lat' dir='ltr'><strong>vocem</strong></span> <span class='ocrx_word' id='word_1_409' title='bbox 2446 935 2884 988; x_wconf 79' lang='lat' dir='ltr'><strong>illamiuationem</strong></span> <span class='ocrx_word' id='word_1_410' title='bbox 2910 926 3240 1002; x_wconf 79' lang='lat' dir='ltr'><strong>expresserit</strong></span> <span class='ocrx_word' id='word_1_411' title='bbox 3271 948 3286 986; x_wconf 92' lang='lat'><strong>:</strong></span> <span class='ocrx_word' id='word_1_412' title='bbox 3314 930 3514 1001; x_wconf 80' lang='lat' dir='ltr'><strong>quippe</strong></span> 
     </span>
    </p>
   </div>
   <div class='ocr_carea' id='block_1_53' title="bbox 1946 1024 3511 1097">
    <p class='ocr_par' dir='ltr' id='par_1_53' title="bbox 1946 1024 3511 1097">
     <span class='ocr_line' id='line_1_53' title="bbox 1946 1024 3511 1097; baseline -0.003 -17"><span class='ocrx_word' id='word_1_413' title='bbox 1946 1041 2044 1096; x_wconf 90' lang='lat' dir='ltr'><strong>pro</strong></span> <span class='ocrx_word' id='word_1_414' title='bbox 2073 1026 2356 1097; x_wconf 84' lang='lat' dir='ltr'><strong>splendore</strong></span> <span class='ocrx_word' id='word_1_415' title='bbox 2386 1026 2824 1080; x_wconf 79' lang='lat' dir='ltr'><strong>illuminationem</strong></span> <span class='ocrx_word' id='word_1_416' title='bbox 2858 1025 3011 1078; x_wconf 88' lang='lat' dir='ltr'><strong>dixit.</strong></span> <span class='ocrx_word' id='word_1_417' title='bbox 3043 1024 3153 1077; x_wconf 87' lang='lat' dir='ltr'><strong>iloc</strong></span> <span class='ocrx_word' id='word_1_418' title='bbox 3182 1033 3358 1077; x_wconf 80' lang='lat' dir='ltr'><strong>autem</strong></span> <span class='ocrx_word' id='word_1_419' title='bbox 3388 1037 3511 1076; x_wconf 91' lang='lat' dir='ltr'><strong>cum</strong></span> 
     </span>
    </p>
   </div>
   <div class='ocr_carea' id='block_1_54' title="bbox 1939 1114 3509 1188">
    <p class='ocr_par' dir='ltr' id='par_1_54' title="bbox 1939 1114 3509 1188">
     <span class='ocr_line' id='line_1_54' title="bbox 1939 1114 3509 1188; baseline -0.003 -17"><span class='ocrx_word' id='word_1_420' title='bbox 1939 1118 2004 1173; x_wconf 92' lang='lat' dir='ltr'><strong>iis</strong></span> <span class='ocrx_word' id='word_1_421' title='bbox 2038 1134 2157 1188; x_wconf 77' lang='lat' dir='ltr'><strong>qua:</strong></span> <span class='ocrx_word' id='word_1_422' title='bbox 2188 1118 2253 1173; x_wconf 90' lang='lat' dir='ltr'><strong>de</strong></span> <span class='ocrx_word' id='word_1_423' title='bbox 2278 1118 2395 1173; x_wconf 88' lang='lat' dir='ltr'><strong>luce</strong></span> <span class='ocrx_word' id='word_1_424' title='bbox 2424 1116 2565 1173; x_wconf 83' lang='lat' dir='ltr'><strong>dicta</strong></span> <span class='ocrx_word' id='word_1_425' title='bbox 2592 1128 2737 1181; x_wconf 89' lang='lat' dir='ltr'><strong>sunt,</strong></span> <span class='ocrx_word' id='word_1_426' title='bbox 2772 1116 2903 1172; x_wconf 85' lang='lat' dir='ltr'><strong>nihil</strong></span> <span class='ocrx_word' id='word_1_427' title='bbox 2932 1124 3155 1187; x_wconf 78' lang='lat' dir='ltr'><strong>pugnat.</strong></span> <span class='ocrx_word' id='word_1_428' title='bbox 3191 1115 3339 1171; x_wconf 81' lang='lat' dir='ltr'><strong>Tunc</strong></span> <span class='ocrx_word' id='word_1_429' title='bbox 3364 1114 3509 1168; x_wconf 90' lang='lat' dir='ltr'><strong>enim</strong></span> 
     </span>
    </p>
   </div>
   <div class='ocr_carea' id='block_1_55' title="bbox 1940 1209 3510 1279">
    <p class='ocr_par' dir='ltr' id='par_1_55' title="bbox 1940 1209 3510 1279">
     <span class='ocr_line' id='line_1_55' title="bbox 1940 1209 3510 1279; baseline -0.002 -16"><span class='ocrx_word' id='word_1_430' title='bbox 1940 1211 2198 1279; x_wconf 87' lang='lat' dir='ltr'><strong>producta</strong></span> <span class='ocrx_word' id='word_1_431' title='bbox 2229 1221 2311 1265; x_wconf 86' lang='lat' dir='ltr'><strong>est</strong></span> <span class='ocrx_word' id='word_1_432' title='bbox 2337 1211 2451 1279; x_wconf 90' lang='lat' dir='ltr'><strong>ipsa</strong></span> <span class='ocrx_word' id='word_1_433' title='bbox 2474 1209 2611 1263; x_wconf 91' lang='lat' dir='ltr'><strong>lucis</strong></span> <span class='ocrx_word' id='word_1_434' title='bbox 2649 1219 2837 1262; x_wconf 87' lang='lat' dir='ltr'><strong>natura</strong></span> <span class='ocrx_word' id='word_1_435' title='bbox 2869 1227 2884 1263; x_wconf 88' lang='lat'><strong>:</strong></span> <span class='ocrx_word' id='word_1_436' title='bbox 2920 1222 3062 1261; x_wconf 94' lang='lat' dir='ltr'><strong>nunc</strong></span> <span class='ocrx_word' id='word_1_437' title='bbox 3092 1218 3271 1261; x_wconf 88' lang='lat' dir='ltr'><strong>autem</strong></span> <span class='ocrx_word' id='word_1_438' title='bbox 3304 1217 3387 1259; x_wconf 83' lang='lat' dir='ltr'><strong>est</strong></span> <span class='ocrx_word' id='word_1_439' title='bbox 3417 1220 3510 1260; x_wconf 85' lang='lat' dir='ltr'><strong>so-</strong></span> 
     </span>
    </p>
   </div>
   <div class='ocr_carea' id='block_1_56' title="bbox 1940 1298 3513 1369">
    <p class='ocr_par' dir='ltr' id='par_1_56' title="bbox 1940 1298 3513 1369">
     <span class='ocr_line' id='line_1_56' title="bbox 1940 1298 3513 1369; baseline 0 -17"><span class='ocrx_word' id='word_1_440' title='bbox 1940 1299 2056 1354; x_wconf 86' lang='lat' dir='ltr'><strong>lare</strong></span> <span class='ocrx_word' id='word_1_441' title='bbox 2087 1300 2217 1354; x_wconf 87' lang='lat' dir='ltr'><strong>illud</strong></span> <span class='ocrx_word' id='word_1_442' title='bbox 2256 1314 2455 1369; x_wconf 83' lang='lat' dir='ltr'><strong>corpus</strong></span> <span class='ocrx_word' id='word_1_443' title='bbox 2498 1302 2801 1363; x_wconf 88' lang='lat' dir='ltr'><strong>conditum,</strong></span> <span class='ocrx_word' id='word_1_444' title='bbox 2839 1300 3143 1354; x_wconf 81' lang='lat' dir='ltr'><strong>vehiculum</strong></span> <span class='ocrx_word' id='word_1_445' title='bbox 3182 1310 3239 1352; x_wconf 93' lang='lat' dir='ltr'><strong>ut</strong></span> <span class='ocrx_word' id='word_1_446' title='bbox 3280 1302 3351 1353; x_wconf 85' lang='lat' dir='ltr'><strong>sit</strong></span> <span class='ocrx_word' id='word_1_447' title='bbox 3401 1298 3513 1368; x_wconf 86' lang='lat' dir='ltr'><strong>pri-</strong></span> 
     </span>
    </p>
   </div>
   <div class='ocr_carea' id='block_1_57' title="bbox 1940 1389 3516 1459">
    <p class='ocr_par' dir='ltr' id='par_1_57' title="bbox 1940 1389 3516 1459">
     <span class='ocr_line' id='line_1_57' title="bbox 1940 1389 3516 1459; baseline 0 -15"><span class='ocrx_word' id='word_1_448' title='bbox 1940 1392 2225 1459; x_wconf 73' lang='lat' dir='ltr'><strong>mogenitae</strong></span> <span class='ocrx_word' id='word_1_449' title='bbox 2264 1392 2339 1445; x_wconf 89' lang='lat' dir='ltr'><strong>illi</strong></span> <span class='ocrx_word' id='word_1_450' title='bbox 2386 1392 2513 1447; x_wconf 89' lang='lat' dir='ltr'><strong>luci.</strong></span> <span class='ocrx_word' id='word_1_451' title='bbox 2543 1391 3009 1457; x_wconf 81' lang='lat' dir='ltr'><strong>Quemadmodum</strong></span> <span class='ocrx_word' id='word_1_452' title='bbox 3047 1392 3194 1445; x_wconf 88' lang='lat' dir='ltr'><strong>enim</strong></span> <span class='ocrx_word' id='word_1_453' title='bbox 3236 1389 3381 1444; x_wconf 82' lang='lat' dir='ltr'><strong>aliud</strong></span> <span class='ocrx_word' id='word_1_454' title='bbox 3429 1399 3516 1447; x_wconf 81' lang='lat' dir='ltr'><strong>est</strong></span> 
     </span>
    </p>
   </div>
   <div class='ocr_carea' id='block_1_58' title="bbox 1938 1482 3514 1554">
    <p class='ocr_par' dir='ltr' id='par_1_58' title="bbox 1938 1482 3514 1554">
     <span class='ocr_line' id='line_1_58' title="bbox 1938 1482 3514 1554; baseline -0.003 -17"><span class='ocrx_word' id='word_1_455' title='bbox 1938 1484 2102 1554; x_wconf 84' lang='lat' dir='ltr'><strong>ignis.</strong></span> <span class='ocrx_word' id='word_1_456' title='bbox 2158 1484 2303 1539; x_wconf 83' lang='lat' dir='ltr'><strong>aliud</strong></span> <span class='ocrx_word' id='word_1_457' title='bbox 2345 1484 2564 1539; x_wconf 88' lang='lat' dir='ltr'><strong>lucerna</strong></span> <span class='ocrx_word' id='word_1_458' title='bbox 2595 1484 2708 1539; x_wconf 89' lang='lat' dir='ltr'><strong>:illi</strong></span> <span class='ocrx_word' id='word_1_459' title='bbox 2745 1484 2964 1553; x_wconf 87' lang='lat' dir='ltr'><strong>quidem</strong></span> <span class='ocrx_word' id='word_1_460' title='bbox 2998 1483 3084 1538; x_wconf 82' lang='lat' dir='ltr'><strong>vis</strong></span> <span class='ocrx_word' id='word_1_461' title='bbox 3126 1484 3267 1537; x_wconf 85' lang='lat' dir='ltr'><strong>inest</strong></span> <span class='ocrx_word' id='word_1_462' title='bbox 3314 1482 3514 1536; x_wconf 87' lang='lat' dir='ltr'><strong>illumi-</strong></span> 
     </span>
    </p>
   </div>
   <div class='ocr_carea' id='block_1_59' title="bbox 1941 1577 3509 1648">
    <p class='ocr_par' dir='ltr' id='par_1_59' title="bbox 1941 1577 3509 1648">
     <span class='ocr_line' id='line_1_59' title="bbox 1941 1577 3509 1648; baseline -0.001 -17"><span class='ocrx_word' id='word_1_463' title='bbox 1941 1579 2125 1642; x_wconf 83' lang='lat' dir='ltr'><strong>nandi,</strong></span> <span class='ocrx_word' id='word_1_464' title='bbox 2164 1578 2280 1632; x_wconf 64' lang='lat' dir='ltr'><strong>haec</strong></span> <span class='ocrx_word' id='word_1_465' title='bbox 2337 1593 2467 1631; x_wconf 88' lang='lat' dir='ltr'><strong>vero</strong></span> <span class='ocrx_word' id='word_1_466' title='bbox 2504 1578 2567 1632; x_wconf 86' lang='lat' dir='ltr'><strong>ad</strong></span> <span class='ocrx_word' id='word_1_467' title='bbox 2622 1577 2803 1632; x_wconf 85' lang='lat' dir='ltr'><strong>lumen</strong></span> <span class='ocrx_word' id='word_1_468' title='bbox 2841 1578 3126 1647; x_wconf 87' lang='lat' dir='ltr'><strong>egentibus</strong></span> <span class='ocrx_word' id='word_1_469' title='bbox 3160 1577 3509 1648; x_wconf 66' lang='lat' dir='ltr'><strong>praebendum</strong></span> 
     </span>
    </p>
   </div>
   <div class='ocr_carea' id='block_1_60' title="bbox 1939 1668 3513 1739">
    <p class='ocr_par' dir='ltr' id='par_1_60' title="bbox 1939 1668 3513 1739">
     <span class='ocr_line' id='line_1_60' title="bbox 1939 1668 3513 1739; baseline -0.001 -16"><span class='ocrx_word' id='word_1_470' title='bbox 1939 1668 2200 1724; x_wconf 77' lang='lat' dir='ltr'><strong>fabricata</strong></span> <span class='ocrx_word' id='word_1_471' title='bbox 2232 1679 2355 1725; x_wconf 87' lang='lat' dir='ltr'><strong>est:</strong></span> <span class='ocrx_word' id='word_1_472' title='bbox 2390 1670 2469 1724; x_wconf 88' lang='lat' dir='ltr'><strong>sic</strong></span> <span class='ocrx_word' id='word_1_473' title='bbox 2516 1672 2679 1724; x_wconf 92' lang='lat' dir='ltr'><strong>etiam</strong></span> <span class='ocrx_word' id='word_1_474' title='bbox 2716 1669 2821 1724; x_wconf 89' lang='lat' dir='ltr'><strong>luci</strong></span> <span class='ocrx_word' id='word_1_475' title='bbox 2863 1671 2934 1724; x_wconf 93' lang='lat' dir='ltr'><strong>illi</strong></span> <span class='ocrx_word' id='word_1_476' title='bbox 2978 1671 3283 1739; x_wconf 69' lang='lat' dir='ltr'><strong>purissima!</strong></span> <span class='ocrx_word' id='word_1_477' title='bbox 3340 1668 3513 1722; x_wconf 86' lang='lat' dir='ltr'><strong>since-</strong></span> 
     </span>
    </p>
   </div>
   <div class='ocr_carea' id='block_1_61' title="bbox 1941 1760 3507 1828">
    <p class='ocr_par' dir='ltr' id='par_1_61' title="bbox 1941 1760 3507 1828">
     <span class='ocr_line' id='line_1_61' title="bbox 1941 1760 3507 1828; baseline -0.001 -14"><span class='ocrx_word' id='word_1_478' title='bbox 1941 1774 2122 1828; x_wconf 73' lang='lat' dir='ltr'><strong>razque</strong></span> <span class='ocrx_word' id='word_1_479' title='bbox 2160 1769 2217 1814; x_wconf 92' lang='lat' dir='ltr'><strong>et</strong></span> <span class='ocrx_word' id='word_1_480' title='bbox 2257 1761 2499 1815; x_wconf 71' lang='lat' dir='ltr'><strong>materia:</strong></span> <span class='ocrx_word' id='word_1_481' title='bbox 2536 1762 2743 1827; x_wconf 80' lang='lat' dir='ltr'><strong>experti</strong></span> <span class='ocrx_word' id='word_1_482' title='bbox 2779 1776 2879 1816; x_wconf 90' lang='lat' dir='ltr'><strong>ceu</strong></span> <span class='ocrx_word' id='word_1_483' title='bbox 2904 1760 3209 1814; x_wconf 81' lang='lat' dir='ltr'><strong>vehiculum</strong></span> <span class='ocrx_word' id='word_1_484' title='bbox 3237 1760 3322 1812; x_wconf 91' lang='lat' dir='ltr'><strong>illa</strong></span> <span class='ocrx_word' id='word_1_485' title='bbox 3346 1760 3507 1813; x_wconf 64' lang='lat' dir='ltr'><strong>lumio</strong></span> 
     </span>
    </p>
   </div>
   <div class='ocr_carea' id='block_1_62' title="bbox 1940 1853 3512 1922">
    <p class='ocr_par' dir='ltr' id='par_1_62' title="bbox 1940 1853 3512 1922">
     <span class='ocr_line' id='line_1_62' title="bbox 1940 1853 3512 1922; baseline 0.003 -19"><span class='ocrx_word' id='word_1_486' title='bbox 1940 1853 2089 1905; x_wconf 89' lang='lat' dir='ltr'><strong>naria</strong></span> <span class='ocrx_word' id='word_1_487' title='bbox 2143 1867 2284 1905; x_wconf 88' lang='lat' dir='ltr'><strong>nuttc</strong></span> <span class='ocrx_word' id='word_1_488' title='bbox 2315 1864 2619 1922; x_wconf 67' lang='lat' dir='ltr'><strong>praeparata</strong></span> <span class='ocrx_word' id='word_1_489' title='bbox 2667 1863 2814 1907; x_wconf 89' lang='lat' dir='ltr'><strong>sunt.</strong></span> <span class='ocrx_word' id='word_1_490' title='bbox 2860 1853 3013 1908; x_wconf 84' lang='lat' dir='ltr'><strong>Sicut</strong></span> <span class='ocrx_word' id='word_1_491' title='bbox 3038 1853 3181 1909; x_wconf 91' lang='lat' dir='ltr'><strong>enim</strong></span> <span class='ocrx_word' id='word_1_492' title='bbox 3223 1853 3512 1922; x_wconf 79' lang='lat' dir='ltr'><strong>Apostolus</strong></span> 
     </span>
    </p>
   </div>
   <div class='ocr_carea' id='block_1_63' title="bbox 1867 1931 3510 2013">
    <p class='ocr_par' dir='ltr' id='par_1_63' title="bbox 1867 1931 3510 2013">
     <span class='ocr_line' id='line_1_63' title="bbox 1867 1931 3510 2013; baseline 0.005 -21"><span class='ocrx_word' id='word_1_493' title='bbox 1867 1931 1907 1984; x_wconf 83' lang='grc' dir='ltr'><strong>Β</strong></span> <span class='ocrx_word' id='word_1_494' title='bbox 1936 1944 2198 2012; x_wconf 86' lang='lat' dir='ltr'><strong>quosdam</strong></span> <span class='ocrx_word' id='word_1_495' title='bbox 2248 1944 2327 1997; x_wconf 91' lang='lat' dir='ltr'><strong>ait</strong></span> <span class='ocrx_word' id='word_1_496' title='bbox 2362 1958 2485 1999; x_wconf 88' lang='lat' dir='ltr'><strong>esse</strong></span> <span class='ocrx_word' id='word_1_497' title='bbox 2525 1946 2811 2001; x_wconf 82' lang='lat' dir='ltr'><strong>luminaria</strong></span> <span class='ocrx_word' id='word_1_498' title='bbox 2863 1947 2915 2000; x_wconf 92' lang='lat' dir='ltr'><strong>in</strong></span> <span class='ocrx_word' id='word_1_499' title='bbox 2966 1950 3168 2001; x_wconf 91' lang='lat' dir='ltr'><strong>mundo</strong></span> <span class='ocrx_word' id='word_1_500' title='bbox 3188 1948 3267 2013; x_wconf 87' lang='grc'><strong>⁶¹;</strong></span> <span class='ocrx_word' id='word_1_501' title='bbox 3301 1948 3394 2001; x_wconf 85' lang='lat' dir='ltr'><strong>sed</strong></span> <span class='ocrx_word' id='word_1_502' title='bbox 3423 1954 3510 2002; x_wconf 86' lang='lat' dir='ltr'><strong>est</strong></span> 
     </span>
    </p>
   </div>
   <div class='ocr_carea' id='block_1_64' title="bbox 1939 2034 3505 2107">
    <p class='ocr_par' dir='ltr' id='par_1_64' title="bbox 1939 2034 3505 2107">
     <span class='ocr_line' id='line_1_64' title="bbox 1939 2034 3505 2107; baseline 0.002 -19"><span class='ocrx_word' id='word_1_503' title='bbox 1939 2044 2115 2090; x_wconf 91' lang='lat' dir='ltr'><strong>tamen</strong></span> <span class='ocrx_word' id='word_1_504' title='bbox 2157 2034 2263 2089; x_wconf 84' lang='lat' dir='ltr'><strong>alia</strong></span> <span class='ocrx_word' id='word_1_505' title='bbox 2315 2035 2404 2090; x_wconf 91' lang='lat' dir='ltr'><strong>lux</strong></span> <span class='ocrx_word' id='word_1_506' title='bbox 2462 2036 2646 2090; x_wconf 89' lang='lat' dir='ltr'><strong>mundi</strong></span> <span class='ocrx_word' id='word_1_507' title='bbox 2697 2052 2859 2101; x_wconf 84' lang='lat' dir='ltr'><strong>vera;</strong></span> <span class='ocrx_word' id='word_1_508' title='bbox 2887 2038 3039 2107; x_wconf 88' lang='lat' dir='ltr'><strong>cujus</strong></span> <span class='ocrx_word' id='word_1_509' title='bbox 3066 2039 3505 2107; x_wconf 81' lang='lat' dir='ltr'><strong>participatione,</strong></span> 
     </span>
    </p>
   </div>
   <div class='ocr_carea' id='block_1_65' title="bbox 1937 2127 3510 2199">
    <p class='ocr_par' dir='ltr' id='par_1_65' title="bbox 1937 2127 3510 2199">
     <span class='ocr_line' id='line_1_65' title="bbox 1937 2127 3510 2199; baseline 0.001 -15"><span class='ocrx_word' id='word_1_510' title='bbox 1937 2130 2113 2184; x_wconf 85' lang='lat' dir='ltr'><strong>sancti</strong></span> <span class='ocrx_word' id='word_1_511' title='bbox 2158 2127 2286 2184; x_wconf 78' lang='lat' dir='ltr'><strong>facti</strong></span> <span class='ocrx_word' id='word_1_512' title='bbox 2330 2137 2459 2183; x_wconf 85' lang='lat' dir='ltr'><strong>sunt</strong></span> <span class='ocrx_word' id='word_1_513' title='bbox 2500 2130 2804 2184; x_wconf 87' lang='lat' dir='ltr'><strong>animarum</strong></span> <span class='ocrx_word' id='word_1_514' title='bbox 2838 2145 2974 2199; x_wconf 87' lang='lat' dir='ltr'><strong>quas</strong></span> <span class='ocrx_word' id='word_1_515' title='bbox 3000 2130 3319 2185; x_wconf 82' lang='lat' dir='ltr'><strong>erudiebant</strong></span> <span class='ocrx_word' id='word_1_516' title='bbox 3349 2131 3510 2186; x_wconf 90' lang='lat' dir='ltr'><strong>lumi-</strong></span> 
     </span>
    </p>
   </div>
   <div class='ocr_carea' id='block_1_66' title="bbox 1937 2221 3509 2289">
    <p class='ocr_par' dir='ltr' id='par_1_66' title="bbox 1937 2221 3509 2289">
     <span class='ocr_line' id='line_1_66' title="bbox 1937 2221 3509 2289; baseline 0.001 -14"><span class='ocrx_word' id='word_1_517' title='bbox 1937 2222 2109 2287; x_wconf 81' lang='lat' dir='ltr'><strong>naria,</strong></span> <span class='ocrx_word' id='word_1_518' title='bbox 2138 2222 2263 2275; x_wconf 91' lang='lat' dir='ltr'><strong>dnm</strong></span> <span class='ocrx_word' id='word_1_519' title='bbox 2292 2236 2386 2275; x_wconf 89' lang='lat' dir='ltr'><strong>eas</strong></span> <span class='ocrx_word' id='word_1_520' title='bbox 2416 2221 2734 2289; x_wconf 72' lang='lat' dir='ltr'><strong>ignorantia:</strong></span> <span class='ocrx_word' id='word_1_521' title='bbox 2788 2222 3025 2277; x_wconf 82' lang='lat' dir='ltr'><strong>tenebris</strong></span> <span class='ocrx_word' id='word_1_522' title='bbox 3052 2223 3353 2278; x_wconf 80' lang='lat' dir='ltr'><strong>eximerent</strong></span> <span class='ocrx_word' id='word_1_523' title='bbox 3384 2241 3397 2277; x_wconf 91' lang='lat'>:</span> <span class='ocrx_word' id='word_1_524' title='bbox 3436 2223 3509 2277; x_wconf 88' lang='lat' dir='ltr'><strong>ita</strong></span> 
     </span>
    </p>
   </div>
   <div class='ocr_carea' id='block_1_67' title="bbox 1934 2314 3508 2384">
    <p class='ocr_par' dir='ltr' id='par_1_67' title="bbox 1934 2314 3508 2384">
     <span class='ocr_line' id='line_1_67' title="bbox 1934 2314 3508 2384; baseline 0.001 -16"><span class='ocrx_word' id='word_1_525' title='bbox 1934 2315 2098 2368; x_wconf 90' lang='lat' dir='ltr'><strong>etiam</strong></span> <span class='ocrx_word' id='word_1_526' title='bbox 2132 2330 2274 2369; x_wconf 92' lang='lat' dir='ltr'><strong>nunc</strong></span> <span class='ocrx_word' id='word_1_527' title='bbox 2294 2314 2459 2369; x_wconf 86' lang='lat' dir='ltr'><strong>solem</strong></span> <span class='ocrx_word' id='word_1_528' title='bbox 2498 2315 2662 2377; x_wconf 86' lang='lat' dir='ltr'><strong>hunc,</strong></span> <span class='ocrx_word' id='word_1_529' title='bbox 2691 2324 2813 2384; x_wconf 88' lang='lat' dir='ltr'><strong>post</strong></span> <span class='ocrx_word' id='word_1_530' title='bbox 2845 2314 3337 2383; x_wconf 83' lang='lat' dir='ltr'><strong>splendidissimam</strong></span> <span class='ocrx_word' id='word_1_531' title='bbox 3364 2314 3508 2370; x_wconf 85' lang='lat' dir='ltr'><strong>illam</strong></span> 
     </span>
    </p>
   </div>
   <div class='ocr_carea' id='block_1_68' title="bbox 1934 2403 3512 2469">
    <p class='ocr_par' dir='ltr' id='par_1_68' title="bbox 1934 2403 3512 2469">
     <span class='ocr_line' id='line_1_68' title="bbox 1934 2403 3512 2469; baseline 0.003 -12"><span class='ocrx_word' id='word_1_532' title='bbox 1934 2403 2110 2458; x_wconf 86' lang='lat' dir='ltr'><strong>lucem</strong></span> <span class='ocrx_word' id='word_1_533' title='bbox 2155 2406 2456 2469; x_wconf 90' lang='lat' dir='ltr'><strong>conditum,</strong></span> <span class='ocrx_word' id='word_1_534' title='bbox 2488 2405 2540 2459; x_wconf 90' lang='lat' dir='ltr'><strong>in</strong></span> <span class='ocrx_word' id='word_1_535' title='bbox 2590 2406 2791 2460; x_wconf 83' lang='lat' dir='ltr'><strong>mundo</strong></span> <span class='ocrx_word' id='word_1_536' title='bbox 2846 2406 3204 2461; x_wconf 85' lang='lat' dir='ltr'><strong>exsuscitavit</strong></span> <span class='ocrx_word' id='word_1_537' title='bbox 3260 2407 3512 2462; x_wconf 88' lang='lat' dir='ltr'><strong>conditor</strong></span> 
     </span>
    </p>
   </div>
   <div class='ocr_carea' id='block_1_69' title="bbox 1934 2496 2339 2552">
    <p class='ocr_par' dir='ltr' id='par_1_69' title="bbox 1934 2496 2339 2552">
     <span class='ocr_line' id='line_1_69' title="bbox 1934 2496 2339 2552; baseline 0.002 -2"><span class='ocrx_word' id='word_1_538' title='bbox 1934 2496 2339 2552; x_wconf 78' lang='lat' dir='ltr'><strong>universorum.</strong></span> 
     </span>
    </p>
   </div>
   <div class='ocr_carea' id='block_1_70' title="bbox 2006 2611 3506 2683">
    <p class='ocr_par' dir='ltr' id='par_1_70' title="bbox 2006 2611 3506 2683">
     <span class='ocr_line' id='line_1_70' title="bbox 2006 2611 3506 2683; baseline 0.003 -18"><span class='ocrx_word' id='word_1_539' title='bbox 2006 2612 2062 2671; x_wconf 77' lang='lat'><strong>3.</strong></span> <span class='ocrx_word' id='word_1_540' title='bbox 2104 2611 2213 2667; x_wconf 83' lang='lat' dir='ltr'><strong>Nec</strong></span> <span class='ocrx_word' id='word_1_541' title='bbox 2234 2612 2483 2682; x_wconf 83' lang='lat' dir='ltr'><strong>cuiquam</strong></span> <span class='ocrx_word' id='word_1_542' title='bbox 2506 2612 2824 2669; x_wconf 83' lang='lat' dir='ltr'><strong>incredibile</strong></span> <span class='ocrx_word' id='word_1_543' title='bbox 2850 2613 3096 2668; x_wconf 87' lang='lat' dir='ltr'><strong>videatur</strong></span> <span class='ocrx_word' id='word_1_544' title='bbox 3129 2614 3271 2683; x_wconf 87' lang='lat' dir='ltr'><strong>quod</strong></span> <span class='ocrx_word' id='word_1_545' title='bbox 3296 2614 3506 2671; x_wconf 87' lang='lat' dir='ltr'><strong>dictum</strong></span> 
     </span>
    </p>
   </div>
   <div class='ocr_carea' id='block_1_71' title="bbox 1935 2704 3503 2776">
    <p class='ocr_par' dir='ltr' id='par_1_71' title="bbox 1935 2704 3503 2776">
     <span class='ocr_line' id='line_1_71' title="bbox 1935 2704 3503 2776; baseline -0.001 -15"><span class='ocrx_word' id='word_1_546' title='bbox 1935 2714 2039 2769; x_wconf 86' lang='lat' dir='ltr'><strong>est,</strong></span> <span class='ocrx_word' id='word_1_547' title='bbox 2075 2704 2212 2758; x_wconf 88' lang='lat' dir='ltr'><strong>lucis</strong></span> <span class='ocrx_word' id='word_1_548' title='bbox 2241 2705 2449 2760; x_wconf 89' lang='lat' dir='ltr'><strong>scilicet</strong></span> <span class='ocrx_word' id='word_1_549' title='bbox 2480 2706 2822 2773; x_wconf 88' lang='lat' dir='ltr'><strong>splendorem</strong></span> <span class='ocrx_word' id='word_1_550' title='bbox 2872 2706 3017 2759; x_wconf 91' lang='lat' dir='ltr'><strong>aliud</strong></span> <span class='ocrx_word' id='word_1_551' title='bbox 3048 2708 3305 2776; x_wconf 88' lang='lat' dir='ltr'><strong>quiddam</strong></span> <span class='ocrx_word' id='word_1_552' title='bbox 3337 2720 3503 2763; x_wconf 87' lang='lat' dir='ltr'><strong>esse:</strong></span> 
     </span>
    </p>
   </div>
   <div class='ocr_carea' id='block_1_72' title="bbox 1935 2794 3507 2866">
    <p class='ocr_par' dir='ltr' id='par_1_72' title="bbox 1935 2794 3507 2866">
     <span class='ocr_line' id='line_1_72' title="bbox 1935 2794 3507 2866; baseline 0.004 -18"><span class='ocrx_word' id='word_1_553' title='bbox 1935 2795 2139 2864; x_wconf 85' lang='lat' dir='ltr'><strong>aliquid</strong></span> <span class='ocrx_word' id='word_1_554' title='bbox 2179 2810 2308 2847; x_wconf 86' lang='lat' dir='ltr'><strong>vero</strong></span> <span class='ocrx_word' id='word_1_555' title='bbox 2358 2794 2525 2857; x_wconf 85' lang='lat' dir='ltr'><strong>aliud,</strong></span> <span class='ocrx_word' id='word_1_556' title='bbox 2562 2795 2738 2863; x_wconf 84' lang='lat' dir='ltr'><strong>ipsum</strong></span> <span class='ocrx_word' id='word_1_557' title='bbox 2792 2810 2990 2863; x_wconf 91' lang='lat' dir='ltr'><strong>corpus</strong></span> <span class='ocrx_word' id='word_1_558' title='bbox 3042 2797 3143 2851; x_wconf 92' lang='lat' dir='ltr'><strong>luci</strong></span> <span class='ocrx_word' id='word_1_559' title='bbox 3179 2796 3507 2866; x_wconf 77' lang='lat' dir='ltr'><strong>subjecmm.</strong></span> 
     </span>
    </p>
   </div>
   <div class='ocr_carea' id='block_1_73' title="bbox 1936 2886 3507 2957">
    <p class='ocr_par' dir='ltr' id='par_1_73' title="bbox 1936 2886 3507 2957">
     <span class='ocr_line' id='line_1_73' title="bbox 1936 2886 3507 2957; baseline 0.003 -17"><span class='ocrx_word' id='word_1_560' title='bbox 1936 2886 2175 2941; x_wconf 84' lang='lat' dir='ltr'><strong>Primum</strong></span> <span class='ocrx_word' id='word_1_561' title='bbox 2206 2886 2425 2957; x_wconf 89' lang='lat' dir='ltr'><strong>quidem</strong></span> <span class='ocrx_word' id='word_1_562' title='bbox 2454 2900 2518 2941; x_wconf 82' lang='lat' dir='ltr'><strong>ex</strong></span> <span class='ocrx_word' id='word_1_563' title='bbox 2549 2902 2614 2942; x_wconf 90' lang='lat' dir='ltr'><strong>eo</strong></span> <span class='ocrx_word' id='word_1_564' title='bbox 2644 2887 2785 2957; x_wconf 90' lang='lat' dir='ltr'><strong>quod</strong></span> <span class='ocrx_word' id='word_1_565' title='bbox 2836 2888 3129 2956; x_wconf 83' lang='lat' dir='ltr'><strong>composita</strong></span> <span class='ocrx_word' id='word_1_566' title='bbox 3159 2888 3339 2944; x_wconf 84' lang='lat' dir='ltr'><strong>omnia</strong></span> <span class='ocrx_word' id='word_1_567' title='bbox 3367 2890 3447 2945; x_wconf 92' lang='lat' dir='ltr'><strong>sic</strong></span> <span class='ocrx_word' id='word_1_568' title='bbox 3475 2905 3507 2946; x_wconf 88' lang='lat' dir='ltr'><strong>a</strong></span> 
     </span>
    </p>
   </div>
   <div class='ocr_carea' id='block_1_74' title="bbox 1935 2976 3505 3048">
    <p class='ocr_par' dir='ltr' id='par_1_74' title="bbox 1935 2976 3505 3048">
     <span class='ocr_line' id='line_1_74' title="bbox 1935 2976 3505 3048; baseline 0.002 -16"><span class='ocrx_word' id='word_1_569' title='bbox 1935 2977 2092 3032; x_wconf 88' lang='lat' dir='ltr'><strong>nobis</strong></span> <span class='ocrx_word' id='word_1_570' title='bbox 2138 2976 2473 3041; x_wconf 88' lang='lat' dir='ltr'><strong>dividantur,</strong></span> <span class='ocrx_word' id='word_1_571' title='bbox 2522 2986 2577 3032; x_wconf 90' lang='lat' dir='ltr'><strong>et</strong></span> <span class='ocrx_word' id='word_1_572' title='bbox 2631 2979 2683 3033; x_wconf 93' lang='lat' dir='ltr'><strong>in</strong></span> <span class='ocrx_word' id='word_1_573' title='bbox 2736 2980 3086 3048; x_wconf 70' lang='lat' dir='ltr'><strong>recipientem</strong></span> <span class='ocrx_word' id='word_1_574' title='bbox 3116 2980 3505 3047; x_wconf 87' lang='lat' dir='ltr'><strong>substantiam,</strong></span> 
     </span>
    </p>
   </div>
   <div class='ocr_carea' id='block_1_75' title="bbox 1934 3068 3507 3138">
    <p class='ocr_par' dir='ltr' id='par_1_75' title="bbox 1934 3068 3507 3138">
     <span class='ocr_line' id='line_1_75' title="bbox 1934 3068 3507 3138; baseline 0.004 -17"><span class='ocrx_word' id='word_1_575' title='bbox 1934 3076 1990 3121; x_wconf 86' lang='lat' dir='ltr'><strong>et</strong></span> <span class='ocrx_word' id='word_1_576' title='bbox 2018 3068 2071 3121; x_wconf 91' lang='lat' dir='ltr'><strong>in</strong></span> <span class='ocrx_word' id='word_1_577' title='bbox 2106 3068 2426 3136; x_wconf 83' lang='lat' dir='ltr'><strong>qualitatem</strong></span> <span class='ocrx_word' id='word_1_578' title='bbox 2473 3069 2577 3138; x_wconf 86' lang='lat' dir='ltr'><strong>ipsi</strong></span> <span class='ocrx_word' id='word_1_579' title='bbox 2608 3069 3006 3124; x_wconf 84' lang='lat' dir='ltr'><strong>advenientem.</strong></span> <span class='ocrx_word' id='word_1_580' title='bbox 3039 3070 3507 3137; x_wconf 84' lang='lat' dir='ltr'><strong>Quemadmodum</strong></span> 
     </span>
    </p>
   </div>
   <div class='ocr_carea' id='block_1_76' title="bbox 1939 3160 3512 3233">
    <p class='ocr_par' dir='ltr' id='par_1_76' title="bbox 1939 3160 3512 3233">
     <span class='ocr_line' id='line_1_76' title="bbox 1939 3160 3512 3233; baseline 0.006 -21"><span class='ocrx_word' id='word_1_581' title='bbox 1939 3160 2104 3229; x_wconf 91' lang='lat' dir='ltr'><strong>igitur</strong></span> <span class='ocrx_word' id='word_1_582' title='bbox 2139 3160 2286 3213; x_wconf 86' lang='lat' dir='ltr'><strong>aliud</strong></span> <span class='ocrx_word' id='word_1_583' title='bbox 2329 3170 2523 3215; x_wconf 88' lang='lat' dir='ltr'><strong>natura</strong></span> <span class='ocrx_word' id='word_1_584' title='bbox 2567 3170 2649 3217; x_wconf 89' lang='lat' dir='ltr'><strong>est</strong></span> <span class='ocrx_word' id='word_1_585' title='bbox 2684 3161 2857 3226; x_wconf 86' lang='lat' dir='ltr'><strong>albor,</strong></span> <span class='ocrx_word' id='word_1_586' title='bbox 2884 3162 3028 3217; x_wconf 87' lang='lat' dir='ltr'><strong>aliud</strong></span> <span class='ocrx_word' id='word_1_587' title='bbox 3062 3178 3263 3233; x_wconf 88' lang='lat' dir='ltr'><strong>corpus</strong></span> <span class='ocrx_word' id='word_1_588' title='bbox 3292 3165 3512 3220; x_wconf 85' lang='lat' dir='ltr'><strong>dealba-</strong></span> 
     </span>
    </p>
   </div>
   <div class='ocr_carea' id='block_1_77' title="bbox 1936 3252 3508 3322">
    <p class='ocr_par' dir='ltr' id='par_1_77' title="bbox 1936 3252 3508 3322">
     <span class='ocr_line' id='line_1_77' title="bbox 1936 3252 3508 3322; baseline 0.004 -17"><span class='ocrx_word' id='word_1_589' title='bbox 1936 3261 2051 3305; x_wconf 88' lang='lat' dir='ltr'><strong>tnm</strong></span> <span class='ocrx_word' id='word_1_590' title='bbox 2083 3268 2097 3303; x_wconf 93' lang='lat'>:</span> <span class='ocrx_word' id='word_1_591' title='bbox 2128 3253 2206 3306; x_wconf 90' lang='lat' dir='ltr'><strong>sic</strong></span> <span class='ocrx_word' id='word_1_592' title='bbox 2233 3252 2395 3306; x_wconf 87' lang='lat' dir='ltr'><strong>etiam</strong></span> <span class='ocrx_word' id='word_1_593' title='bbox 2432 3267 2554 3322; x_wconf 61' lang='lat' dir='ltr'><strong>quae</strong></span> <span class='ocrx_word' id='word_1_594' title='bbox 2610 3257 2770 3308; x_wconf 86' lang='lat' dir='ltr'><strong>modo</strong></span> <span class='ocrx_word' id='word_1_595' title='bbox 2815 3255 3123 3318; x_wconf 89' lang='lat' dir='ltr'><strong>retulimus,</strong></span> <span class='ocrx_word' id='word_1_596' title='bbox 3156 3255 3281 3311; x_wconf 91' lang='lat' dir='ltr'><strong>licet</strong></span> <span class='ocrx_word' id='word_1_597' title='bbox 3316 3267 3508 3311; x_wconf 88' lang='lat' dir='ltr'><strong>natura</strong></span> 
     </span>
    </p>
   </div>
   <div class='ocr_carea' id='block_1_78' title="bbox 1934 3342 3507 3416">
    <p class='ocr_par' dir='ltr' id='par_1_78' title="bbox 1934 3342 3507 3416">
     <span class='ocr_line' id='line_1_78' title="bbox 1934 3342 3507 3416; baseline 0.008 -24"><span class='ocrx_word' id='word_1_598' title='bbox 1934 3343 2169 3405; x_wconf 83' lang='lat' dir='ltr'><strong>diversa,</strong></span> <span class='ocrx_word' id='word_1_599' title='bbox 2200 3350 2377 3396; x_wconf 90' lang='lat' dir='ltr'><strong>tamen</strong></span> <span class='ocrx_word' id='word_1_600' title='bbox 2411 3342 2687 3399; x_wconf 85' lang='lat' dir='ltr'><strong>Creatoris</strong></span> <span class='ocrx_word' id='word_1_601' title='bbox 2716 3346 2950 3415; x_wconf 89' lang='lat' dir='ltr'><strong>potentia</strong></span> <span class='ocrx_word' id='word_1_602' title='bbox 3001 3344 3152 3401; x_wconf 79' lang='lat' dir='ltr'><strong>fuere</strong></span> <span class='ocrx_word' id='word_1_603' title='bbox 3197 3345 3507 3416; x_wconf 82' lang='lat' dir='ltr'><strong>conjuncta.</strong></span> 
     </span>
    </p>
   </div>
   <div class='ocr_carea' id='block_1_79' title="bbox 1932 3431 3509 3506">
    <p class='ocr_par' dir='ltr' id='par_1_79' title="bbox 1932 3431 3509 3506">
     <span class='ocr_line' id='line_1_79' title="bbox 1932 3431 3509 3506; baseline 0.003 -17"><span class='ocrx_word' id='word_1_604' title='bbox 1932 3431 2044 3489; x_wconf 80' lang='lat' dir='ltr'><strong>Nec</strong></span> <span class='ocrx_word' id='word_1_605' title='bbox 2075 3435 2205 3487; x_wconf 88' lang='lat' dir='ltr'><strong>mihi</strong></span> <span class='ocrx_word' id='word_1_606' title='bbox 2231 3434 2437 3491; x_wconf 78' lang='lat' dir='ltr'><strong>dixeris</strong></span> <span class='ocrx_word' id='word_1_607' title='bbox 2468 3436 2584 3490; x_wconf 71' lang='lat' dir='ltr'><strong>fieri</strong></span> <span class='ocrx_word' id='word_1_608' title='bbox 2621 3451 2724 3491; x_wconf 92' lang='lat' dir='ltr'><strong>non</strong></span> <span class='ocrx_word' id='word_1_609' title='bbox 2770 3451 2950 3506; x_wconf 89' lang='lat' dir='ltr'><strong>posse,</strong></span> <span class='ocrx_word' id='word_1_610' title='bbox 2984 3447 3041 3490; x_wconf 87' lang='lat' dir='ltr'><strong>ut</strong></span> <span class='ocrx_word' id='word_1_611' title='bbox 3076 3438 3190 3493; x_wconf 66' lang='lat' dir='ltr'><strong>hinc</strong></span> <span class='ocrx_word' id='word_1_612' title='bbox 3214 3451 3244 3492; x_wconf 83' lang='lat' dir='ltr'><strong>a</strong></span> <span class='ocrx_word' id='word_1_613' title='bbox 3273 3454 3334 3494; x_wconf 91' lang='lat' dir='ltr'><strong>se</strong></span> <span class='ocrx_word' id='word_1_614' title='bbox 3366 3441 3509 3494; x_wconf 89' lang='lat' dir='ltr'><strong>invi-</strong></span> 
     </span>
    </p>
   </div>
   <div class='ocr_carea' id='block_1_80' title="bbox 1936 3524 3503 3593">
    <p class='ocr_par' dir='ltr' id='par_1_80' title="bbox 1936 3524 3503 3593">
     <span class='ocr_line' id='line_1_80' title="bbox 1936 3524 3503 3593; baseline 0.006 -16"><span class='ocrx_word' id='word_1_615' title='bbox 1936 3538 2050 3577; x_wconf 83' lang='lat' dir='ltr'><strong>cem</strong></span> <span class='ocrx_word' id='word_1_616' title='bbox 2084 3534 2422 3593; x_wconf 85' lang='lat' dir='ltr'><strong>separentur.</strong></span> <span class='ocrx_word' id='word_1_617' title='bbox 2451 3524 2636 3593; x_wconf 86' lang='lat' dir='ltr'><strong>Neque</strong></span> <span class='ocrx_word' id='word_1_618' title='bbox 2665 3527 2807 3580; x_wconf 90' lang='lat' dir='ltr'><strong>enim</strong></span> <span class='ocrx_word' id='word_1_619' title='bbox 2831 3528 2919 3581; x_wconf 86' lang='lat' dir='ltr'><strong>aio</strong></span> <span class='ocrx_word' id='word_1_620' title='bbox 2954 3528 3089 3582; x_wconf 89' lang='lat' dir='ltr'><strong>lucis</strong></span> <span class='ocrx_word' id='word_1_621' title='bbox 3120 3543 3149 3582; x_wconf 89' lang='lat' dir='ltr'><strong>a</strong></span> <span class='ocrx_word' id='word_1_622' title='bbox 3184 3530 3347 3585; x_wconf 86' lang='lat' dir='ltr'><strong>solari</strong></span> <span class='ocrx_word' id='word_1_623' title='bbox 3377 3547 3503 3586; x_wconf 82' lang='lat' dir='ltr'><strong>cor-</strong></span> 
     </span>
    </p>
   </div>
   <div class='ocr_carea' id='block_1_81' title="bbox 1939 3615 3503 3689">
    <p class='ocr_par' dir='ltr' id='par_1_81' title="bbox 1939 3615 3503 3689">
     <span class='ocr_line' id='line_1_81' title="bbox 1939 3615 3503 3689; baseline 0.009 -25"><span class='ocrx_word' id='word_1_624' title='bbox 1939 3626 2071 3680; x_wconf 85' lang='lat' dir='ltr'><strong>pore</strong></span> <span class='ocrx_word' id='word_1_625' title='bbox 2123 3615 2516 3681; x_wconf 81' lang='lat' dir='ltr'><strong>separationem</strong></span> <span class='ocrx_word' id='word_1_626' title='bbox 2572 3618 2701 3671; x_wconf 87' lang='lat' dir='ltr'><strong>mihi</strong></span> <span class='ocrx_word' id='word_1_627' title='bbox 2739 3628 2795 3673; x_wconf 91' lang='lat' dir='ltr'><strong>et</strong></span> <span class='ocrx_word' id='word_1_628' title='bbox 2842 3619 2935 3673; x_wconf 90' lang='lat' dir='ltr'><strong>tibi</strong></span> <span class='ocrx_word' id='word_1_629' title='bbox 2989 3633 3110 3675; x_wconf 86' lang='lat' dir='ltr'><strong>esse</strong></span> <span class='ocrx_word' id='word_1_630' title='bbox 3146 3622 3503 3689; x_wconf 88' lang='lat' dir='ltr'><strong>possibllem:</strong></span> 
     </span>
    </p>
   </div>
   <div class='ocr_carea' id='block_1_82' title="bbox 1938 3707 3512 3783">
    <p class='ocr_par' dir='ltr' id='par_1_82' title="bbox 1938 3707 3512 3783">
     <span class='ocr_line' id='line_1_82' title="bbox 1938 3707 3512 3783; baseline 0.007 -21"><span class='ocrx_word' id='word_1_631' title='bbox 1938 3707 2035 3762; x_wconf 84' lang='lat' dir='ltr'><strong>sed</strong></span> <span class='ocrx_word' id='word_1_632' title='bbox 2073 3722 2194 3775; x_wconf 66' lang='lat' dir='ltr'><strong>qua:</strong></span> <span class='ocrx_word' id='word_1_633' title='bbox 2232 3720 2417 3763; x_wconf 88' lang='lat' dir='ltr'><strong>nostra</strong></span> <span class='ocrx_word' id='word_1_634' title='bbox 2448 3712 2778 3781; x_wconf 74' lang='lat' dir='ltr'><strong>cogitatione</strong></span> <span class='ocrx_word' id='word_1_635' title='bbox 2806 3713 2971 3767; x_wconf 79' lang='lat' dir='ltr'><strong>dividi</strong></span> <span class='ocrx_word' id='word_1_636' title='bbox 3000 3725 3246 3783; x_wconf 89' lang='lat' dir='ltr'><strong>possunt,</strong></span> <span class='ocrx_word' id='word_1_637' title='bbox 3276 3731 3338 3771; x_wconf 86' lang='lat' dir='ltr'><strong>ea</strong></span> <span class='ocrx_word' id='word_1_638' title='bbox 3389 3718 3512 3773; x_wconf 80' lang='lat' dir='ltr'><strong>dico</strong></span> 
     </span>
    </p>
   </div>
   <div class='ocr_carea' id='block_1_83' title="bbox 1936 3796 3505 3878">
    <p class='ocr_par' dir='ltr' id='par_1_83' title="bbox 1936 3796 3505 3878">
     <span class='ocr_line' id='line_1_83' title="bbox 1936 3796 3505 3878; baseline 0.009 -27"><span class='ocrx_word' id='word_1_639' title='bbox 1936 3814 1966 3851; x_wconf 87' lang='lat' dir='ltr'><strong>a</strong></span> <span class='ocrx_word' id='word_1_640' title='bbox 2002 3796 2107 3870; x_wconf 68' lang='grc'><strong>52</strong></span> <span class='ocrx_word' id='word_1_641' title='bbox 2128 3811 2336 3854; x_wconf 69' lang='lat' dir='ltr'><strong>natura:</strong></span> <span class='ocrx_word' id='word_1_642' title='bbox 2363 3802 2645 3856; x_wconf 90' lang='lat' dir='ltr'><strong>conditore</strong></span> <span class='ocrx_word' id='word_1_643' title='bbox 2675 3803 2838 3856; x_wconf 89' lang='lat' dir='ltr'><strong>etiam</strong></span> <span class='ocrx_word' id='word_1_644' title='bbox 2867 3804 3044 3873; x_wconf 73' lang='lat' dir='ltr'><strong>reipsa</strong></span> <span class='ocrx_word' id='word_1_645' title='bbox 3079 3805 3287 3875; x_wconf 71' lang='lat' dir='ltr'><strong>seiungi</strong></span> <span class='ocrx_word' id='word_1_646' title='bbox 3322 3822 3505 3878; x_wconf 88' lang='lat' dir='ltr'><strong>posse.</strong></span> 
     </span>
    </p>
   </div>
   <div class='ocr_carea' id='block_1_84' title="bbox 1938 3889 3510 3971">
    <p class='ocr_par' dir='ltr' id='par_1_84' title="bbox 1938 3889 3510 3971">
     <span class='ocr_line' id='line_1_84' title="bbox 1938 3889 3510 3971; baseline 0.008 -27"><span class='ocrx_word' id='word_1_647' title='bbox 1938 3889 2073 3945; x_wconf 80' lang='lat' dir='ltr'><strong>Nam</strong></span> <span class='ocrx_word' id='word_1_648' title='bbox 2109 3902 2163 3947; x_wconf 89' lang='lat' dir='ltr'><strong>et</strong></span> <span class='ocrx_word' id='word_1_649' title='bbox 2196 3901 2250 3946; x_wconf 91' lang='lat' dir='ltr'><strong>tu</strong></span> <span class='ocrx_word' id='word_1_650' title='bbox 2278 3893 2384 3946; x_wconf 82' lang='lat' dir='ltr'><strong>vim</strong></span> <span class='ocrx_word' id='word_1_651' title='bbox 2442 3893 2582 3960; x_wconf 88' lang='lat' dir='ltr'><strong>ignis</strong></span> <span class='ocrx_word' id='word_1_652' title='bbox 2620 3895 2939 3950; x_wconf 88' lang='lat' dir='ltr'><strong>adurentem</strong></span> <span class='ocrx_word' id='word_1_653' title='bbox 2964 3914 2993 3950; x_wconf 72' lang='grc' dir='ltr'><strong>ιι</strong></span> <span class='ocrx_word' id='word_1_654' title='bbox 3030 3898 3316 3968; x_wconf 89' lang='lat' dir='ltr'><strong>splendore</strong></span> <span class='ocrx_word' id='word_1_655' title='bbox 3354 3914 3510 3971; x_wconf 77' lang='lat' dir='ltr'><strong>sepa-</strong></span> 
     </span>
    </p>
   </div>
   <div class='ocr_carea' id='block_1_85' title="bbox 1938 3988 3508 4061">
    <p class='ocr_par' dir='ltr' id='par_1_85' title="bbox 1938 3988 3508 4061">
     <span class='ocr_line' id='line_1_85' title="bbox 1938 3988 3508 4061; baseline 0.01 -26"><span class='ocrx_word' id='word_1_656' title='bbox 1938 3996 2060 4037; x_wconf 83' lang='lat' dir='ltr'><strong>rare</strong></span> <span class='ocrx_word' id='word_1_657' title='bbox 2102 3997 2443 4052; x_wconf 82' lang='lat' dir='ltr'><strong>nequaquam</strong></span> <span class='ocrx_word' id='word_1_658' title='bbox 2482 3992 2673 4053; x_wconf 87' lang='lat' dir='ltr'><strong>potes:</strong></span> <span class='ocrx_word' id='word_1_659' title='bbox 2719 3988 2857 4044; x_wconf 75' lang='lat' dir='ltr'><strong>Dens</strong></span> <span class='ocrx_word' id='word_1_660' title='bbox 2908 4004 3059 4053; x_wconf 89' lang='lat' dir='ltr'><strong>vero,</strong></span> <span class='ocrx_word' id='word_1_661' title='bbox 3093 3991 3184 4061; x_wconf 87' lang='lat' dir='ltr'><strong>qui</strong></span> <span class='ocrx_word' id='word_1_662' title='bbox 3245 3991 3508 4051; x_wconf 80' lang='lat' dir='ltr'><strong>famulum</strong></span> 
     </span>
    </p>
   </div>
   <div class='ocr_carea' id='block_1_86' title="bbox 1938 4075 3511 4154">
    <p class='ocr_par' dir='ltr' id='par_1_86' title="bbox 1938 4075 3511 4154">
     <span class='ocr_line' id='line_1_86' title="bbox 1938 4075 3511 4154; baseline 0.011 -29"><span class='ocrx_word' id='word_1_663' title='bbox 1938 4087 2093 4126; x_wconf 89' lang='lat' dir='ltr'><strong>suum</strong></span> <span class='ocrx_word' id='word_1_664' title='bbox 2139 4075 2404 4144; x_wconf 83' lang='lat' dir='ltr'><strong>stupende</strong></span> <span class='ocrx_word' id='word_1_665' title='bbox 2442 4076 2707 4133; x_wconf 86' lang='lat' dir='ltr'><strong>miraculo</strong></span> <span class='ocrx_word' id='word_1_666' title='bbox 2762 4083 3039 4137; x_wconf 81' lang='lat' dir='ltr'><strong>attrahere</strong></span> <span class='ocrx_word' id='word_1_667' title='bbox 3068 4083 3298 4147; x_wconf 83' lang='lat' dir='ltr'><strong>volebat,</strong></span> <span class='ocrx_word' id='word_1_668' title='bbox 3334 4085 3511 4154; x_wconf 82' lang='lat' dir='ltr'><strong>ignem</strong></span> 
     </span>
    </p>
   </div>
   <div class='ocr_carea' id='block_1_87' title="bbox 1940 4164 3512 4244">
    <p class='ocr_par' dir='ltr' id='par_1_87' title="bbox 1940 4164 3512 4244">
     <span class='ocr_line' id='line_1_87' title="bbox 1940 4164 3512 4244; baseline 0.009 -25"><span class='ocrx_word' id='word_1_669' title='bbox 1940 4164 1994 4219; x_wconf 91' lang='lat' dir='ltr'><strong>in</strong></span> <span class='ocrx_word' id='word_1_670' title='bbox 2052 4164 2187 4219; x_wconf 88' lang='lat' dir='ltr'><strong>rubo</strong></span> <span class='ocrx_word' id='word_1_671' title='bbox 2250 4164 2526 4236; x_wconf 90' lang='lat' dir='ltr'><strong>imposuit,</strong></span> <span class='ocrx_word' id='word_1_672' title='bbox 2568 4174 2659 4239; x_wconf 91' lang='lat' dir='ltr'><strong>qui</strong></span> <span class='ocrx_word' id='word_1_673' title='bbox 2722 4168 3016 4226; x_wconf 70' lang='lat' dir='ltr'><strong>elﬁcaciam</strong></span> <span class='ocrx_word' id='word_1_674' title='bbox 3066 4188 3097 4227; x_wconf 88' lang='lat' dir='ltr'><strong>a</strong></span> <span class='ocrx_word' id='word_1_675' title='bbox 3157 4173 3272 4228; x_wconf 86' lang='lat' dir='ltr'><strong>solo</strong></span> <span class='ocrx_word' id='word_1_676' title='bbox 3324 4175 3512 4244; x_wconf 83' lang='lat' dir='ltr'><strong>splen-</strong></span> 
     </span>
    </p>
   </div>
   <div class='ocr_carea' id='block_1_88' title="bbox 1939 4256 3511 4325">
    <p class='ocr_par' dir='ltr' id='par_1_88' title="bbox 1939 4256 3511 4325">
     <span class='ocr_line' id='line_1_88' title="bbox 1939 4256 3511 4325; baseline 0.01 -15"><span class='ocrx_word' id='word_1_677' title='bbox 1939 4256 2070 4311; x_wconf 88' lang='lat' dir='ltr'><strong>dore</strong></span> <span class='ocrx_word' id='word_1_678' title='bbox 2148 4259 2518 4319; x_wconf 83' lang='lat' dir='ltr'><strong>mutuabatur.</strong></span> <span class='ocrx_word' id='word_1_679' title='bbox 2590 4260 2696 4314; x_wconf 91' lang='lat' dir='ltr'><strong>vim</strong></span> <span class='ocrx_word' id='word_1_680' title='bbox 2767 4270 2949 4317; x_wconf 86' lang='lat' dir='ltr'><strong>autem</strong></span> <span class='ocrx_word' id='word_1_681' title='bbox 3020 4265 3212 4320; x_wconf 87' lang='lat' dir='ltr'><strong>urendi</strong></span> <span class='ocrx_word' id='word_1_682' title='bbox 3279 4265 3511 4325; x_wconf 88' lang='lat' dir='ltr'><strong>habebat</strong></span> 
     </span>
    </p>
   </div>
   <div class='ocr_carea' id='block_1_89' title="bbox 1937 4345 3509 4417">
    <p class='ocr_par' dir='ltr' id='par_1_89' title="bbox 1937 4345 3509 4417">
     <span class='ocr_line' id='line_1_89' title="bbox 1937 4345 3509 4417; baseline 0.008 -17"><span class='ocrx_word' id='word_1_683' title='bbox 1937 4346 2189 4400; x_wconf 83' lang='lat' dir='ltr'><strong>otiosam.</strong></span> <span class='ocrx_word' id='word_1_684' title='bbox 2242 4345 2402 4400; x_wconf 84' lang='lat' dir='ltr'><strong>Velut</strong></span> <span class='ocrx_word' id='word_1_685' title='bbox 2461 4348 2625 4402; x_wconf 90' lang='lat' dir='ltr'><strong>etiam</strong></span> <span class='ocrx_word' id='word_1_686' title='bbox 2701 4349 2908 4407; x_wconf 79' lang='lat' dir='ltr'><strong>Psaltes</strong></span> <span class='ocrx_word' id='word_1_687' title='bbox 2982 4362 3227 4417; x_wconf 83' lang='lat' dir='ltr'><strong>testatur,</strong></span> <span class='ocrx_word' id='word_1_688' title='bbox 3275 4357 3509 4412; x_wconf 87' lang='lat' dir='ltr'><strong>dicens:</strong></span> 
     </span>
    </p>
   </div>
   <div class='ocr_carea' id='block_1_90' title="bbox 1953 4433 3515 4514">
    <p class='ocr_par' dir='ltr' id='par_1_90' title="bbox 1953 4433 3515 4514">
     <span class='ocr_line' id='line_1_90' title="bbox 1953 4433 3515 4514; baseline 0.012 -27"><span class='ocrx_word' id='word_1_689' title='bbox 1953 4433 2062 4489; x_wconf 68' lang='lat' dir='ltr'><strong>Vox</strong></span> <span class='ocrx_word' id='word_1_690' title='bbox 2113 4433 2325 4489; x_wconf 82' lang='lat' dir='ltr'><strong>Domini</strong></span> <span class='ocrx_word' id='word_1_691' title='bbox 2362 4436 2719 4495; x_wconf 72' lang='lat' dir='ltr'><strong>intercidenlis</strong></span> <span class='ocrx_word' id='word_1_692' title='bbox 2755 4442 3023 4511; x_wconf 72' lang='lat' dir='ltr'><strong>ﬂammant</strong></span> <span class='ocrx_word' id='word_1_693' title='bbox 3082 4444 3219 4514; x_wconf 82' lang='lat' dir='ltr'><strong>ignis</strong></span> <span class='ocrx_word' id='word_1_694' title='bbox 3238 4444 3307 4500; x_wconf 80' lang='lat'><strong>“.</strong></span> <span class='ocrx_word' id='word_1_695' title='bbox 3360 4445 3515 4505; x_wconf 84' lang='lat' dir='ltr'><strong>Unde</strong></span> 
     </span>
    </p>
   </div>
   <div class='ocr_carea' id='block_1_91' title="bbox 1941 4527 3513 4603">
    <p class='ocr_par' dir='ltr' id='par_1_91' title="bbox 1941 4527 3513 4603">
     <span class='ocr_line' id='line_1_91' title="bbox 1941 4527 3513 4603; baseline 0.01 -23"><span class='ocrx_word' id='word_1_696' title='bbox 1941 4527 2105 4582; x_wconf 81' lang='lat' dir='ltr'><strong>etiam</strong></span> <span class='ocrx_word' id='word_1_697' title='bbox 2136 4542 2257 4581; x_wconf 91' lang='lat' dir='ltr'><strong>cum</strong></span> <span class='ocrx_word' id='word_1_698' title='bbox 2302 4543 2482 4584; x_wconf 89' lang='lat' dir='ltr'><strong>rerum</strong></span> <span class='ocrx_word' id='word_1_699' title='bbox 2523 4531 2574 4585; x_wconf 94' lang='lat' dir='ltr'><strong>in</strong></span> <span class='ocrx_word' id='word_1_700' title='bbox 2627 4533 2735 4584; x_wconf 83' lang='lat' dir='ltr'><strong>vita</strong></span> <span class='ocrx_word' id='word_1_701' title='bbox 2773 4542 3043 4603; x_wconf 86' lang='lat' dir='ltr'><strong>gestarum</strong></span> <span class='ocrx_word' id='word_1_702' title='bbox 3096 4551 3306 4594; x_wconf 88' lang='lat' dir='ltr'><strong>merces</strong></span> <span class='ocrx_word' id='word_1_703' title='bbox 3353 4542 3513 4596; x_wconf 86' lang='lat' dir='ltr'><strong>retri-</strong></span> 
     </span>
    </p>
   </div>
   <div class='ocr_carea' id='block_1_92' title="bbox 261 4602 1868 4689">
    <p class='ocr_par' dir='ltr' id='par_1_92' title="bbox 261 4602 1836 4680">
     <span class='ocr_line' id='line_1_92' title="bbox 261 4602 1836 4680; baseline -0.004 -16"><span class='ocrx_word' id='word_1_704' title='bbox 261 4612 320 4664; x_wconf 76' lang='grc' dir='ltr'>ὲν</span> <span class='ocrx_word' id='word_1_705' title='bbox 368 4610 489 4671; x_wconf 79' lang='grc' dir='ltr'>ταῖς</span> <span class='ocrx_word' id='word_1_706' title='bbox 550 4606 659 4659; x_wconf 83' lang='grc' dir='ltr'><strong>τῶν</strong></span> <span class='ocrx_word' id='word_1_707' title='bbox 710 4606 1057 4680; x_wconf 79' lang='grc' dir='ltr'>βεόιωμένων</span> <span class='ocrx_word' id='word_1_708' title='bbox 1109 4605 1240 4676; x_wconf 79' lang='grc' dir='ltr'>ἡμῖν</span> <span class='ocrx_word' id='word_1_709' title='bbox 1306 4602 1693 4657; x_wconf 83' lang='grc' dir='ltr'>ἁνταποδόσεσι</span> <span class='ocrx_word' id='word_1_710' title='bbox 1748 4602 1836 4657; x_wconf 83' lang='grc' dir='ltr'>λό-</span> 
     </span>
    </p>
   </div>
   <div class='ocr_carea' id='block_1_93' title="bbox 1867 4602 3513 4689">
    <p class='ocr_par' dir='ltr' id='par_1_93' title="bbox 1869 4616 3513 4689">
     <span class='ocr_line' id='line_1_93' title="bbox 1869 4616 3513 4689; baseline 0.01 -21"><span class='ocrx_word' id='word_1_711' title='bbox 1869 4631 1911 4686; x_wconf 78' lang='grc' dir='ltr'>υ</span> <span class='ocrx_word' id='word_1_712' title='bbox 1944 4616 2180 4680; x_wconf 87' lang='lat' dir='ltr'><strong>buetur,</strong></span> <span class='ocrx_word' id='word_1_713' title='bbox 2243 4632 2474 4674; x_wconf 87' lang='lat' dir='ltr'><strong>arcanus</strong></span> <span class='ocrx_word' id='word_1_714' title='bbox 2521 4621 2737 4689; x_wconf 81' lang='lat' dir='ltr'><strong>quidam</strong></span> <span class='ocrx_word' id='word_1_715' title='bbox 2812 4638 2991 4679; x_wconf 88' lang='lat' dir='ltr'><strong>sermo</strong></span> <span class='ocrx_word' id='word_1_716' title='bbox 3048 4640 3144 4680; x_wconf 91' lang='lat' dir='ltr'><strong>nos</strong></span> <span class='ocrx_word' id='word_1_717' title='bbox 3211 4627 3366 4684; x_wconf 89' lang='lat' dir='ltr'><strong>docet</strong></span> <span class='ocrx_word' id='word_1_718' title='bbox 3417 4646 3513 4684; x_wconf 88' lang='lat' dir='ltr'><strong>na-</strong></span> 
     </span>
    </p>
   </div>
   <div class='ocr_carea' id='block_1_94' title="bbox 258 4696 1833 4772">
    <p class='ocr_par' dir='ltr' id='par_1_94' title="bbox 258 4696 1833 4772">
     <span class='ocr_line' id='line_1_94' title="bbox 258 4696 1833 4772; baseline -0.002 -18"><span class='ocrx_word' id='word_1_719' title='bbox 258 4717 356 4770; x_wconf 86' lang='grc' dir='ltr'><strong>γος</strong></span> <span class='ocrx_word' id='word_1_720' title='bbox 374 4717 460 4765; x_wconf 85' lang='grc' dir='ltr'><strong>τις</strong></span> <span class='ocrx_word' id='word_1_721' title='bbox 485 4699 632 4772; x_wconf 73' lang='grc' dir='ltr'>ἡμᾶς</span> <span class='ocrx_word' id='word_1_722' title='bbox 664 4700 722 4751; x_wconf 68' lang='grc' dir='ltr'><strong>εν</strong></span> <span class='ocrx_word' id='word_1_723' title='bbox 748 4699 1044 4772; x_wconf 72' lang='grc' dir='ltr'>ἀπορρήτῳ</span> <span class='ocrx_word' id='word_1_724' title='bbox 1069 4697 1344 4762; x_wconf 84' lang='grc' dir='ltr'>παιδεύει,</span> <span class='ocrx_word' id='word_1_725' title='bbox 1395 4696 1833 4770; x_wconf 85' lang='grc' dir='ltr'>διαιρεθήσεσθαι</span> 
     </span>
    </p>
   </div>
   <div class='ocr_carea' id='block_1_95' title="bbox 258 4790 1836 4864">
    <p class='ocr_par' dir='ltr' id='par_1_95' title="bbox 258 4790 1836 4864">
     <span class='ocr_line' id='line_1_95' title="bbox 258 4790 1836 4864; baseline -0.004 -16"><span class='ocrx_word' id='word_1_726' title='bbox 258 4792 353 4848; x_wconf 87' lang='grc' dir='ltr'><strong>τοῦ</strong></span> <span class='ocrx_word' id='word_1_727' title='bbox 378 4793 549 4864; x_wconf 78' lang='grc' dir='ltr'>πυρὸς</span> <span class='ocrx_word' id='word_1_728' title='bbox 572 4793 671 4864; x_wconf 83' lang='grc' dir='ltr'>τὴν</span> <span class='ocrx_word' id='word_1_729' title='bbox 704 4790 884 4861; x_wconf 79' lang='grc' dir='ltr'>φύσιν,</span> <span class='ocrx_word' id='word_1_730' title='bbox 921 4794 1016 4844; x_wconf 76' lang='grc' dir='ltr'>καὶ</span> <span class='ocrx_word' id='word_1_731' title='bbox 1046 4790 1108 4846; x_wconf 82' lang='grc' dir='ltr'>τὸ</span> <span class='ocrx_word' id='word_1_732' title='bbox 1142 4791 1241 4863; x_wconf 74' lang='grc' dir='ltr'>μὲν</span> <span class='ocrx_word' id='word_1_733' title='bbox 1267 4792 1382 4862; x_wconf 78' lang='grc' dir='ltr'>φῶς</span> <span class='ocrx_word' id='word_1_734' title='bbox 1425 4793 1504 4855; x_wconf 87' lang='grc' dir='ltr'><strong>είς</strong></span> <span class='ocrx_word' id='word_1_735' title='bbox 1538 4791 1836 4845; x_wconf 84' lang='grc' dir='ltr'>ἀπόλαυσιν</span> 
     </span>
    </p>
   </div>
   <div class='ocr_carea' id='block_1_96' title="bbox 259 4882 1835 4957">
    <p class='ocr_par' dir='ltr' id='par_1_96' title="bbox 259 4882 1835 4957">
     <span class='ocr_line' id='line_1_96' title="bbox 259 4882 1835 4957; baseline -0.001 -18"><span class='ocrx_word' id='word_1_736' title='bbox 259 4888 372 4950; x_wconf 75' lang='grc' dir='ltr'>τοῖς</span> <span class='ocrx_word' id='word_1_737' title='bbox 392 4883 642 4949; x_wconf 88' lang='grc' dir='ltr'>δικαίοις,</span> <span class='ocrx_word' id='word_1_738' title='bbox 669 4883 731 4938; x_wconf 77' lang='grc' dir='ltr'><strong>τὸ</strong></span> <span class='ocrx_word' id='word_1_739' title='bbox 758 4883 814 4937; x_wconf 68' lang='grc' dir='ltr'>δὲ</span> <span class='ocrx_word' id='word_1_740' title='bbox 853 4882 951 4954; x_wconf 86' lang='grc' dir='ltr'>τῆς</span> <span class='ocrx_word' id='word_1_741' title='bbox 993 4883 1242 4948; x_wconf 81' lang='grc' dir='ltr'>καύσεως</span> <span class='ocrx_word' id='word_1_742' title='bbox 1288 4884 1545 4957; x_wconf 82' lang='grc' dir='ltr'>ὀδυνηρὸν</span> <span class='ocrx_word' id='word_1_743' title='bbox 1580 4886 1694 4947; x_wconf 73' lang='grc' dir='ltr'>τοῖς</span> <span class='ocrx_word' id='word_1_744' title='bbox 1741 4901 1835 4938; x_wconf 87' lang='grc' dir='ltr'>κο-</span> 
     </span>
    </p>
   </div>
   <div class='ocr_carea' id='block_1_97' title="bbox 260 4973 1837 5049">
    <p class='ocr_par' dir='ltr' id='par_1_97' title="bbox 260 4973 1837 5049">
     <span class='ocr_line' id='line_1_97' title="bbox 260 4973 1837 5049; baseline -0.001 -17"><span class='ocrx_word' id='word_1_745' title='bbox 260 4975 579 5049; x_wconf 71' lang='grc' dir='ltr'>λαζομινοις</span> <span class='ocrx_word' id='word_1_746' title='bbox 611 4973 1107 5047; x_wconf 83' lang='grc' dir='ltr'>ἁποταχθήσεσθαι.</span> <span class='ocrx_word' id='word_1_747' title='bbox 1144 4976 1373 5032; x_wconf 82' lang='grc' dir='ltr'>Ἔπειτα</span> <span class='ocrx_word' id='word_1_748' title='bbox 1406 4977 1587 5048; x_wconf 77' lang='grc' dir='ltr'>μέντοι</span> <span class='ocrx_word' id='word_1_749' title='bbox 1629 4978 1723 5030; x_wconf 77' lang='grc' dir='ltr'>καὶ</span> <span class='ocrx_word' id='word_1_750' title='bbox 1772 4979 1837 5031; x_wconf 70' lang='grc' dir='ltr'><strong>εκ</strong></span> 
     </span>
    </p>
   </div>
   <div class='ocr_carea' id='block_1_98' title="bbox 259 5066 1835 5142">
    <p class='ocr_par' dir='ltr' id='par_1_98' title="bbox 259 5066 1835 5142">
     <span class='ocr_line' id='line_1_98' title="bbox 259 5066 1835 5142; baseline 0.001 -19"><span class='ocrx_word' id='word_1_751' title='bbox 259 5071 370 5125; x_wconf 83' lang='grc' dir='ltr'>τῶν</span> <span class='ocrx_word' id='word_1_752' title='bbox 405 5069 533 5142; x_wconf 76' lang='grc' dir='ltr'>περὶ</span> <span class='ocrx_word' id='word_1_753' title='bbox 566 5070 796 5142; x_wconf 85' lang='grc' dir='ltr'>σελήνην</span> <span class='ocrx_word' id='word_1_754' title='bbox 843 5066 1031 5124; x_wconf 83' lang='grc' dir='ltr'>παθῶν</span> <span class='ocrx_word' id='word_1_755' title='bbox 1062 5066 1285 5121; x_wconf 83' lang='grc' dir='ltr'>δυνατὸν</span> <span class='ocrx_word' id='word_1_756' title='bbox 1342 5071 1491 5142; x_wconf 74' lang='grc' dir='ltr'>ἡμᾶς</span> <span class='ocrx_word' id='word_1_757' title='bbox 1522 5068 1621 5141; x_wconf 82' lang='grc' dir='ltr'><strong>τὴν</strong></span> <span class='ocrx_word' id='word_1_758' title='bbox 1653 5069 1835 5124; x_wconf 90' lang='grc' dir='ltr'>πίστιν</span> 
     </span>
    </p>
   </div>
   <div class='ocr_carea' id='block_1_99' title="bbox 260 5159 1834 5234">
    <p class='ocr_par' dir='ltr' id='par_1_99' title="bbox 260 5159 1834 5234">
     <span class='ocr_line' id='line_1_99' title="bbox 260 5159 1834 5234; baseline -0.001 -18"><span class='ocrx_word' id='word_1_759' title='bbox 260 5162 367 5216; x_wconf 83' lang='grc' dir='ltr'><strong>τῶν</strong></span> <span class='ocrx_word' id='word_1_760' title='bbox 394 5159 739 5233; x_wconf 72' lang='grc' dir='ltr'>ζητουμένων</span> <span class='ocrx_word' id='word_1_761' title='bbox 769 5160 1050 5233; x_wconf 77' lang='grc' dir='ltr'>εὕρασθαι.</span> <span class='ocrx_word' id='word_1_762' title='bbox 1086 5160 1339 5232; x_wconf 70' lang='grc' dir='ltr'>Δήγουσα</span> <span class='ocrx_word' id='word_1_763' title='bbox 1365 5163 1473 5234; x_wconf 75' lang='grc' dir='ltr'>γὰρ</span> <span class='ocrx_word' id='word_1_764' title='bbox 1492 5201 1505 5223; x_wconf 90' lang='grc'><strong>,</strong></span> <span class='ocrx_word' id='word_1_765' title='bbox 1530 5162 1624 5215; x_wconf 78' lang='grc' dir='ltr'>καὶ</span> <span class='ocrx_word' id='word_1_766' title='bbox 1654 5179 1834 5229; x_wconf 80' lang='grc' dir='ltr'>μειου-</span> 
     </span>
    </p>
   </div>
   <div class='ocr_carea' id='block_1_100' title="bbox 264 5249 1833 5324">
    <p class='ocr_par' dir='ltr' id='par_1_100' title="bbox 264 5249 1833 5324">
     <span class='ocr_line' id='line_1_100' title="bbox 264 5249 1833 5324; baseline 0 -18"><span class='ocrx_word' id='word_1_767' title='bbox 264 5253 424 5324; x_wconf 81' lang='grc' dir='ltr'>μένη,</span> <span class='ocrx_word' id='word_1_768' title='bbox 454 5252 577 5323; x_wconf 72' lang='grc' dir='ltr'>οὐχὶ</span> <span class='ocrx_word' id='word_1_769' title='bbox 614 5250 693 5321; x_wconf 85' lang='grc' dir='ltr'>τῷ</span> <span class='ocrx_word' id='word_1_770' title='bbox 751 5253 913 5308; x_wconf 77' lang='grc' dir='ltr'>παντὶ</span> <span class='ocrx_word' id='word_1_771' title='bbox 963 5253 1161 5324; x_wconf 80' lang='grc' dir='ltr'>ἑαυτῆς</span> <span class='ocrx_word' id='word_1_772' title='bbox 1212 5249 1424 5321; x_wconf 84' lang='grc' dir='ltr'>σώματι</span> <span class='ocrx_word' id='word_1_773' title='bbox 1478 5252 1780 5307; x_wconf 77' lang='grc' dir='ltr'>δαπανᾶται</span> <span class='ocrx_word' id='word_1_774' title='bbox 1818 5292 1833 5318; x_wconf 95' lang='grc'><strong>,</strong></span> 
     </span>
    </p>
   </div>
   <div class='ocr_carea' id='block_1_101' title="bbox 322 5475 1426 5546">
    <p class='ocr_par' dir='ltr' id='par_1_101' title="bbox 322 5475 1426 5546">
     <span class='ocr_line' id='line_1_101' title="bbox 322 5475 1426 5546; baseline 0.024 -37"><span class='ocrx_word' id='word_1_775' title='bbox 322 5477 379 5510; x_wconf 81' lang='grc' dir='ltr'>,ει</span> <span class='ocrx_word' id='word_1_776' title='bbox 404 5475 637 5546; x_wconf 67' lang='grc' dir='ltr'>ρδίιίρρ,</span> <span class='ocrx_word' id='word_1_777' title='bbox 673 5492 734 5542; x_wconf 75' lang='grc' dir='ltr'><strong>ιι,</strong></span> <span class='ocrx_word' id='word_1_778' title='bbox 766 5475 853 5531; x_wconf 70' lang='grc'><strong>15.</strong></span> <span class='ocrx_word' id='word_1_779' title='bbox 928 5478 974 5510; x_wconf 81' lang='grc'><strong><em>⁸⁸</em></strong></span> <span class='ocrx_word' id='word_1_780' title='bbox 999 5477 1143 5537; x_wconf 83' lang='lat' dir='ltr'><strong>Psai.</strong></span> <span class='ocrx_word' id='word_1_781' title='bbox 1176 5494 1367 5541; x_wconf 79' lang='lat' dir='ltr'><strong>xxvm,</strong></span> <span class='ocrx_word' id='word_1_782' title='bbox 1397 5478 1426 5529; x_wconf 89' lang='lat'><strong>7</strong></span> 
     </span>
    </p>
   </div>
   <div class='ocr_carea' id='block_1_102' title="bbox 339 5681 1685 5757">
    <p class='ocr_par' dir='ltr' id='par_1_102' title="bbox 339 5681 1685 5757">
     <span class='ocr_line' id='line_1_102' title="bbox 339 5681 1685 5757; baseline 0.003 -20"><span class='ocrx_word' id='word_1_783' title='bbox 495 5681 625 5757; x_wconf 56' lang='grc' dir='ltr'>ᾖτε.</span> <span class='ocrx_word' id='word_1_784' title='bbox 651 5684 869 5757; x_wconf 80' lang='lat' dir='ltr'><strong>quintus</strong></span> <span class='ocrx_word' id='word_1_785' title='bbox 896 5683 956 5736; x_wconf 83' lang='grc' dir='ltr'><strong>τδ</strong></span> <span class='ocrx_word' id='word_1_786' title='bbox 979 5683 1219 5757; x_wconf 78' lang='grc' dir='ltr'>εὔσημον</span> <span class='ocrx_word' id='word_1_787' title='bbox 1246 5685 1355 5757; x_wconf 65' lang='grc' dir='ltr'>τῶν</span> <span class='ocrx_word' id='word_1_788' title='bbox 1381 5687 1685 5756; x_wconf 80' lang='grc' dir='ltr'>νοημάτων.</span> 
     </span>
    </p>
   </div>
   <div class='ocr_carea' id='block_1_103' title="bbox 341 5752 1827 5822">
    <p class='ocr_par' dir='ltr' id='par_1_103' title="bbox 341 5752 1827 5822">
     <span class='ocr_line' id='line_1_103' title="bbox 341 5752 1827 5822; baseline 0.004 -17"><span class='ocrx_word' id='word_1_789' title='bbox 341 5752 453 5822; x_wconf 70' lang='grc'><strong>(94)</strong></span> <span class='ocrx_word' id='word_1_790' title='bbox 495 5752 587 5809; x_wconf 88' lang='lat' dir='ltr'><strong>Sic</strong></span> <span class='ocrx_word' id='word_1_791' title='bbox 618 5754 855 5822; x_wconf 86' lang='lat' dir='ltr'><strong>quinque</strong></span> <span class='ocrx_word' id='word_1_792' title='bbox 885 5770 1016 5809; x_wconf 77' lang='lat' dir='ltr'><strong>mss.</strong></span> <span class='ocrx_word' id='word_1_793' title='bbox 1044 5752 1199 5811; x_wconf 80' lang='lat' dir='ltr'><strong>Deest</strong></span> <span class='ocrx_word' id='word_1_794' title='bbox 1224 5752 1316 5811; x_wconf 78' lang='grc' dir='ltr'>οὖν</span> <span class='ocrx_word' id='word_1_795' title='bbox 1344 5758 1397 5811; x_wconf 94' lang='lat' dir='ltr'><strong>in</strong></span> <span class='ocrx_word' id='word_1_796' title='bbox 1423 5752 1600 5811; x_wconf 78' lang='lat' dir='ltr'><strong>editis.</strong></span> <span class='ocrx_word' id='word_1_797' title='bbox 1631 5759 1827 5813; x_wconf 78' lang='lat' dir='ltr'><strong>Statim</strong></span> 
     </span>
    </p>
   </div>
   <div class='ocr_carea' id='block_1_104' title="bbox 265 5823 1042 5896">
    <p class='ocr_par' dir='ltr' id='par_1_104' title="bbox 265 5823 1042 5896">
     <span class='ocr_line' id='line_1_104' title="bbox 265 5823 1042 5896; baseline -0.003 -17"><span class='ocrx_word' id='word_1_798' title='bbox 265 5823 715 5896; x_wconf 27' lang='lat' dir='ltr'><strong>Colb.‘_secnntius</strong></span> <span class='ocrx_word' id='word_1_799' title='bbox 742 5827 869 5895; x_wconf 81' lang='grc' dir='ltr'>παρ’</span> <span class='ocrx_word' id='word_1_800' title='bbox 894 5826 1042 5896; x_wconf 76' lang='grc' dir='ltr'>ἡμῖν.</span> 
     </span>
    </p>
   </div>
   <div class='ocr_carea' id='block_1_105' title="bbox 340 5892 1819 5963">
    <p class='ocr_par' dir='ltr' id='par_1_105' title="bbox 340 5892 1819 5963">
     <span class='ocr_line' id='line_1_105' title="bbox 340 5892 1819 5963; baseline 0.005 -19"><span class='ocrx_word' id='word_1_801' title='bbox 340 5892 454 5963; x_wconf 81' lang='lat'><strong>(95)</strong></span> <span class='ocrx_word' id='word_1_802' title='bbox 497 5896 572 5949; x_wconf 88' lang='lat' dir='ltr'><strong>ita</strong></span> <span class='ocrx_word' id='word_1_803' title='bbox 604 5894 775 5951; x_wconf 82' lang='lat' dir='ltr'><strong>codex</strong></span> <span class='ocrx_word' id='word_1_804' title='bbox 806 5892 1048 5953; x_wconf 49' lang='lat' dir='ltr'><strong>Com‘bei.</strong></span> <span class='ocrx_word' id='word_1_805' title='bbox 1084 5911 1208 5953; x_wconf 87' lang='lat' dir='ltr'><strong>cum</strong></span> <span class='ocrx_word' id='word_1_806' title='bbox 1234 5912 1328 5954; x_wconf 83' lang='lat' dir='ltr'><strong>sex</strong></span> <span class='ocrx_word' id='word_1_807' title='bbox 1363 5897 1483 5953; x_wconf 88' lang='lat' dir='ltr'><strong>aliis</strong></span> <span class='ocrx_word' id='word_1_808' title='bbox 1511 5911 1640 5953; x_wconf 88' lang='lat' dir='ltr'><strong>mss.</strong></span> <span class='ocrx_word' id='word_1_809' title='bbox 1668 5896 1819 5962; x_wconf 89' lang='lat' dir='ltr'><strong>illud,</strong></span> 
     </span>
    </p>
   </div>
   <div class='ocr_carea' id='block_1_106' title="bbox 1944 4710 3511 4789">
    <p class='ocr_par' dir='ltr' id='par_1_106' title="bbox 1944 4710 3511 4789">
     <span class='ocr_line' id='line_1_106' title="bbox 1944 4710 3511 4789; baseline 0.011 -28"><span class='ocrx_word' id='word_1_810' title='bbox 1944 4718 2119 4762; x_wconf 87' lang='lat' dir='ltr'><strong>turam</strong></span> <span class='ocrx_word' id='word_1_811' title='bbox 2182 4710 2322 4779; x_wconf 89' lang='lat' dir='ltr'><strong>ignis</strong></span> <span class='ocrx_word' id='word_1_812' title='bbox 2391 4711 2621 4766; x_wconf 81' lang='lat' dir='ltr'><strong>divisum</strong></span> <span class='ocrx_word' id='word_1_813' title='bbox 2674 4713 2789 4781; x_wconf 88' lang='lat' dir='ltr'><strong>iri,</strong></span> <span class='ocrx_word' id='word_1_814' title='bbox 2840 4725 2894 4772; x_wconf 89' lang='lat' dir='ltr'><strong>et</strong></span> <span class='ocrx_word' id='word_1_815' title='bbox 2956 4716 3128 4772; x_wconf 91' lang='lat' dir='ltr'><strong>lucem</strong></span> <span class='ocrx_word' id='word_1_816' title='bbox 3181 4720 3395 4789; x_wconf 84' lang='lat' dir='ltr'><strong>quidem</strong></span> <span class='ocrx_word' id='word_1_817' title='bbox 3456 4722 3511 4778; x_wconf 87' lang='lat' dir='ltr'><strong>in</strong></span> 
     </span>
    </p>
   </div>
   <div class='ocr_carea' id='block_1_107' title="bbox 1942 4798 3513 4883">
    <p class='ocr_par' dir='ltr' id='par_1_107' title="bbox 1942 4798 3513 4883">
     <span class='ocr_line' id='line_1_107' title="bbox 1942 4798 3513 4883; baseline 0.012 -31"><span class='ocrx_word' id='word_1_818' title='bbox 1942 4798 2255 4856; x_wconf 87' lang='lat' dir='ltr'><strong>l&#39;ruitionem</strong></span> <span class='ocrx_word' id='word_1_819' title='bbox 2281 4800 2461 4871; x_wconf 76' lang='lat' dir='ltr'><strong>iustis,</strong></span> <span class='ocrx_word' id='word_1_820' title='bbox 2486 4804 2786 4860; x_wconf 88' lang='lat' dir='ltr'><strong>adustionis</strong></span> <span class='ocrx_word' id='word_1_821' title='bbox 2835 4821 2963 4861; x_wconf 88' lang='lat' dir='ltr'><strong>vero</strong></span> <span class='ocrx_word' id='word_1_822' title='bbox 3006 4810 3358 4866; x_wconf 82' lang='lat' dir='ltr'><strong>acerbitatem</strong></span> <span class='ocrx_word' id='word_1_823' title='bbox 3410 4830 3513 4883; x_wconf 83' lang='lat' dir='ltr'><strong>pu-</strong></span> 
     </span>
    </p>
   </div>
   <div class='ocr_carea' id='block_1_108' title="bbox 1945 4891 3513 4964">
    <p class='ocr_par' dir='ltr' id='par_1_108' title="bbox 1945 4891 3513 4964">
     <span class='ocr_line' id='line_1_108' title="bbox 1945 4891 3513 4964; baseline 0.013 -19"><span class='ocrx_word' id='word_1_824' title='bbox 1945 4891 2157 4946; x_wconf 86' lang='lat' dir='ltr'><strong>niendis</strong></span> <span class='ocrx_word' id='word_1_825' title='bbox 2216 4892 2587 4948; x_wconf 89' lang='lat' dir='ltr'><strong>destinandam</strong></span> <span class='ocrx_word' id='word_1_826' title='bbox 2634 4911 2774 4950; x_wconf 89' lang='lat' dir='ltr'><strong>esse.</strong></span> <span class='ocrx_word' id='word_1_827' title='bbox 2824 4896 3024 4957; x_wconf 89' lang='lat' dir='ltr'><strong>Deinde</strong></span> <span class='ocrx_word' id='word_1_828' title='bbox 3064 4916 3191 4957; x_wconf 86' lang='lat' dir='ltr'><strong>vero</strong></span> <span class='ocrx_word' id='word_1_829' title='bbox 3242 4906 3403 4960; x_wconf 87' lang='lat' dir='ltr'><strong>etiam</strong></span> <span class='ocrx_word' id='word_1_830' title='bbox 3445 4923 3513 4964; x_wconf 78' lang='lat' dir='ltr'><strong>ex</strong></span> 
     </span>
    </p>
   </div>
   <div class='ocr_carea' id='block_1_109' title="bbox 1945 4981 3519 5070">
    <p class='ocr_par' dir='ltr' id='par_1_109' title="bbox 1945 4981 3519 5070">
     <span class='ocr_line' id='line_1_109' title="bbox 1945 4981 3519 5070; baseline 0.011 -33"><span class='ocrx_word' id='word_1_831' title='bbox 1945 4982 2087 5037; x_wconf 67' lang='lat' dir='ltr'><strong>lunae</strong></span> <span class='ocrx_word' id='word_1_832' title='bbox 2138 4981 2609 5041; x_wconf 79' lang='lat' dir='ltr'><strong>vicissitudinibus</strong></span> <span class='ocrx_word' id='word_1_833' title='bbox 2672 4987 2833 5044; x_wconf 81' lang='lat' dir='ltr'><strong>iidem</strong></span> <span class='ocrx_word' id='word_1_834' title='bbox 2882 4993 3123 5062; x_wconf 69' lang='lat' dir='ltr'><strong>qumsitis</strong></span> <span class='ocrx_word' id='word_1_835' title='bbox 3155 4995 3350 5053; x_wconf 77' lang='lat' dir='ltr'><strong>aii‘erre</strong></span> <span class='ocrx_word' id='word_1_836' title='bbox 3392 5015 3519 5070; x_wconf 88' lang='lat' dir='ltr'><strong>pos-</strong></span> 
     </span>
    </p>
   </div>
   <div class='ocr_carea' id='block_1_110' title="bbox 1946 5073 3514 5156">
    <p class='ocr_par' dir='ltr' id='par_1_110' title="bbox 1946 5073 3514 5156">
     <span class='ocr_line' id='line_1_110' title="bbox 1946 5073 3514 5156; baseline 0.014 -29"><span class='ocrx_word' id='word_1_837' title='bbox 1946 5089 2153 5128; x_wconf 89' lang='lat' dir='ltr'><strong>sumus.</strong></span> <span class='ocrx_word' id='word_1_838' title='bbox 2194 5073 2487 5133; x_wconf 83' lang='lat' dir='ltr'><strong>Enimvero</strong></span> <span class='ocrx_word' id='word_1_839' title='bbox 2525 5078 2650 5134; x_wconf 88' lang='lat' dir='ltr'><strong>dum</strong></span> <span class='ocrx_word' id='word_1_840' title='bbox 2706 5082 2939 5147; x_wconf 89' lang='lat' dir='ltr'><strong>desinit,</strong></span> <span class='ocrx_word' id='word_1_841' title='bbox 2974 5094 3031 5140; x_wconf 83' lang='lat' dir='ltr'><strong>et</strong></span> <span class='ocrx_word' id='word_1_842' title='bbox 3072 5089 3357 5156; x_wconf 89' lang='lat' dir='ltr'><strong>decrescit,</strong></span> <span class='ocrx_word' id='word_1_843' title='bbox 3405 5106 3514 5149; x_wconf 91' lang='lat' dir='ltr'><strong>nou</strong></span> 
     </span>
    </p>
   </div>
   <div class='ocr_carea' id='block_1_111' title="bbox 1948 5168 3512 5242">
    <p class='ocr_par' dir='ltr' id='par_1_111' title="bbox 1948 5168 3512 5242">
     <span class='ocr_line' id='line_1_111' title="bbox 1948 5168 3512 5242; baseline 0.013 -23"><span class='ocrx_word' id='word_1_844' title='bbox 1948 5177 2062 5221; x_wconf 87' lang='lat' dir='ltr'><strong>teto</strong></span> <span class='ocrx_word' id='word_1_845' title='bbox 2117 5168 2199 5222; x_wconf 88' lang='lat' dir='ltr'><strong>sui</strong></span> <span class='ocrx_word' id='word_1_846' title='bbox 2234 5168 2402 5238; x_wconf 88' lang='lat' dir='ltr'><strong>ipsius</strong></span> <span class='ocrx_word' id='word_1_847' title='bbox 2435 5185 2662 5242; x_wconf 91' lang='lat' dir='ltr'><strong>corpore</strong></span> <span class='ocrx_word' id='word_1_848' title='bbox 2713 5178 3075 5242; x_wconf 89' lang='lat' dir='ltr'><strong>consumitur,</strong></span> <span class='ocrx_word' id='word_1_849' title='bbox 3132 5183 3226 5237; x_wconf 87' lang='lat' dir='ltr'><strong>sed</strong></span> <span class='ocrx_word' id='word_1_850' title='bbox 3274 5184 3512 5239; x_wconf 81' lang='lat' dir='ltr'><strong>circum-</strong></span> 
     </span>
    </p>
   </div>
   <div class='ocr_carea' id='block_1_112' title="bbox 1946 5258 3512 5341">
    <p class='ocr_par' dir='ltr' id='par_1_112' title="bbox 1946 5258 3512 5341">
     <span class='ocr_line' id='line_1_112' title="bbox 1946 5258 3512 5341; baseline 0.015 -29"><span class='ocrx_word' id='word_1_851' title='bbox 1946 5258 2177 5328; x_wconf 86' lang='lat' dir='ltr'><strong>positam</strong></span> <span class='ocrx_word' id='word_1_852' title='bbox 2220 5260 2393 5317; x_wconf 89' lang='lat' dir='ltr'><strong>lucem</strong></span> <span class='ocrx_word' id='word_1_853' title='bbox 2434 5265 2726 5333; x_wconf 85' lang='lat' dir='ltr'><strong>deponens,</strong></span> <span class='ocrx_word' id='word_1_854' title='bbox 2764 5279 2819 5324; x_wconf 90' lang='lat' dir='ltr'><strong>et</strong></span> <span class='ocrx_word' id='word_1_855' title='bbox 2850 5269 3043 5327; x_wconf 90' lang='lat' dir='ltr'><strong>iterum</strong></span> <span class='ocrx_word' id='word_1_856' title='bbox 3070 5289 3375 5341; x_wconf 87' lang='lat' dir='ltr'><strong>assumens,</strong></span> <span class='ocrx_word' id='word_1_857' title='bbox 3415 5280 3512 5335; x_wconf 82' lang='lat' dir='ltr'><strong>de-</strong></span> 
     </span>
    </p>
   </div>
   <div class='ocr_carea' id='block_1_113' title="bbox 1936 5690 3515 5760">
    <p class='ocr_par' dir='ltr' id='par_1_113' title="bbox 1936 5690 3515 5760">
     <span class='ocr_line' id='line_1_113' title="bbox 1936 5690 3515 5760; baseline 0.01 -19"><span class='ocrx_word' id='word_1_858' title='bbox 1936 5691 2002 5760; x_wconf 76' lang='grc' dir='ltr'>τῇ</span> <span class='ocrx_word' id='word_1_859' title='bbox 2037 5690 2216 5759; x_wconf 81' lang='grc' dir='ltr'>φύσει,</span> <span class='ocrx_word' id='word_1_860' title='bbox 2261 5690 2600 5748; x_wconf 81' lang='lat' dir='ltr'><strong>desideratur</strong></span> <span class='ocrx_word' id='word_1_861' title='bbox 2634 5695 2686 5748; x_wconf 90' lang='lat' dir='ltr'><strong>in</strong></span> <span class='ocrx_word' id='word_1_862' title='bbox 2723 5696 2902 5751; x_wconf 83' lang='lat' dir='ltr'><strong>editis.</strong></span> <span class='ocrx_word' id='word_1_863' title='bbox 2938 5695 3135 5753; x_wconf 88' lang='lat' dir='ltr'><strong>Ibidem</strong></span> <span class='ocrx_word' id='word_1_864' title='bbox 3169 5700 3308 5755; x_wconf 90' lang='lat' dir='ltr'><strong>idem</strong></span> <span class='ocrx_word' id='word_1_865' title='bbox 3340 5702 3515 5757; x_wconf 84' lang='lat' dir='ltr'><strong>codex</strong></span> 
     </span>
    </p>
   </div>
   <div class='ocr_carea' id='block_1_114' title="bbox 1936 5760 2802 5835">
    <p class='ocr_par' dir='ltr' id='par_1_114' title="bbox 1936 5760 2802 5835">
     <span class='ocr_line' id='line_1_114' title="bbox 1936 5760 2802 5835; baseline 0.008 -22"><span class='ocrx_word' id='word_1_866' title='bbox 1936 5760 2262 5835; x_wconf 59' lang='lat' dir='ltr'><strong>CotnbeI&#39;._et</strong></span> <span class='ocrx_word' id='word_1_867' title='bbox 2292 5763 2383 5835; x_wconf 87' lang='lat' dir='ltr'><strong>alii</strong></span> <span class='ocrx_word' id='word_1_868' title='bbox 2413 5765 2520 5818; x_wconf 90' lang='lat' dir='ltr'><strong>duo</strong></span> <span class='ocrx_word' id='word_1_869' title='bbox 2543 5766 2802 5835; x_wconf 75' lang='grc' dir='ltr'>ἢνωνται.</span> 
     </span>
    </p>
   </div>
   <div class='ocr_carea' id='block_1_115' title="bbox 2009 5830 3520 5907">
    <p class='ocr_par' dir='ltr' id='par_1_115' title="bbox 2009 5830 3520 5907">
     <span class='ocr_line' id='line_1_115' title="bbox 2009 5830 3520 5907; baseline 0.011 -26"><span class='ocrx_word' id='word_1_870' title='bbox 2009 5830 2120 5907; x_wconf 71' lang='grc' dir='ltr'><strong>(οδ)</strong></span> <span class='ocrx_word' id='word_1_871' title='bbox 2161 5830 2409 5889; x_wconf 84' lang='lat' dir='ltr'><strong>Nonnulli</strong></span> <span class='ocrx_word' id='word_1_872' title='bbox 2450 5830 2582 5894; x_wconf 70' lang='lat' dir='ltr'><strong>mss.</strong></span> <span class='ocrx_word' id='word_1_873' title='bbox 2605 5838 2635 5889; x_wconf 84' lang='lat'><strong>6</strong></span> <span class='ocrx_word' id='word_1_874' title='bbox 2666 5836 2899 5907; x_wconf 80' lang='grc' dir='ltr'>ψαλμός.</span> <span class='ocrx_word' id='word_1_875' title='bbox 2944 5836 3062 5894; x_wconf 78' lang='lat' dir='ltr'><strong>Mox</strong></span> <span class='ocrx_word' id='word_1_876' title='bbox 3099 5856 3237 5896; x_wconf 90' lang='lat' dir='ltr'><strong>unus</strong></span> <span class='ocrx_word' id='word_1_877' title='bbox 3274 5856 3377 5897; x_wconf 89' lang='lat' dir='ltr'><strong>ms.</strong></span> <span class='ocrx_word' id='word_1_878' title='bbox 3408 5842 3520 5897; x_wconf 69' lang='lat' dir='ltr'><strong>8w-</strong></span> 
     </span>
    </p>
   </div>
   <div class='ocr_carea' id='block_1_116' title="bbox 1930 5900 2213 5964">
    <p class='ocr_par' dir='ltr' id='par_1_116' title="bbox 1930 5900 2213 5964">
     <span class='ocr_line' id='line_1_116' title="bbox 1930 5900 2213 5964; baseline 0.014 -13"><span class='ocrx_word' id='word_1_879' title='bbox 1930 5900 2213 5964; x_wconf 70' lang='grc' dir='ltr'>κοπόντος.</span> 
     </span>
    </p>
   </div>
  </div>
