4262 6504
739 423 845 477 1525

2076 426 2135 483 S.
2178 427 2256 479 ΒΑ
2268 426 2421 481 SlLll
2461 422 2673 481 MAGNI

3893 430 3995 485 iis

740 532 1003 587 crementi
1028 533 1264 602 speciem
1289 543 1342 588 et
1368 535 1688 589 incrementi
1718 536 1872 590 nobis
1894 537 2130 592 exhibet.
2160 538 2309 604 Quod
2342 547 2382 601 Α
2413 559 2423 592 ‹

2342 547 2382 601 Α
2413 538 2549 592 ἀλλά
2572 540 2631 593 τὸ
2650 542 3028 611 περικείμενον
3060 545 3174 614 φῶς
3195 545 3559 616 ἀποτιθεμένη
3596 546 3690 598 καὶ
3721 544 3999 616 προσλαμ-

739 636 918 680 autem
950 625 1087 679 luntc
1108 642 1326 693 corpus,
1356 627 1471 696 ipsa
1500 628 1714 695 silente,
1746 646 1852 682 nou
1883 631 2217 695 absuntatur,
2246 647 2309 685 ea

739 733 859 789 quae
880 718 1179 781 cernimus,
1202 720 1485 774 evidenter
1514 720 1763 790 probant.
1794 721 1925 774 Nam
1951 722 2002 774 in
2027 738 2149 776 aere
2176 738 2311 793 puro

736 810 992 878 omnique
1037 811 1228 865 nebula
1282 822 1537 882 purgato,
1596 830 1717 869 cum
1773 817 2011 871 maxime
2061 814 2309 872 falcatam

732 900 963 970 ‘t‘iguram
994 903 1152 958 habet
1181 904 1332 967 luna,
1362 904 1495 960 licet
1520 908 1618 961 tibi
1655 910 1951 962 observare
1980 925 2044 963 ac
2090 910 2305 975 videre,

737 1005 946 1062 partem
986 993 1151 1063 ipsius
1180 997 1465 1049 obscuram
1500 1013 1563 1051 ac
1589 1000 1706 1052 luce
1730 999 2071 1061 destitutam,
2104 1016 2130 1052 a
2165 1010 2309 1054 tanta

738 1096 1032 1139 curvatura
1057 1087 1460 1153 circumscribi,
1491 1100 1693 1158 quanta
1726 1091 1778 1144 in
1810 1090 2121 1159 pleuiluuiis
2144 1102 2309 1145 totam

738 1173 911 1244 ipsam
939 1177 1140 1245 explet.
1176 1177 1540 1243 Quamobrem
1579 1180 1815 1235 circulus
1844 1181 2125 1235 absolutus
2166 1182 2313 1236 clare

738 1268 1091 1339 conspicitur,
1134 1270 1182 1324 si
1225 1272 1384 1326 modo
1417 1275 1564 1327 visus
1597 1290 1824 1341 opacum
1861 1286 1916 1327 et
1959 1275 2311 1343 caliginosum

738 1360 917 1414 sinum
960 1362 1025 1415 ad
1068 1372 1277 1431 partem
1320 1364 1678 1418 illuminatam
1718 1364 1937 1419 referat.
1976 1366 2086 1420 Nec
2127 1368 2311 1431 dicas,

737 1466 939 1523 quaso,
973 1454 1147 1509 lucem
1186 1454 1325 1509 lunae
1365 1456 1724 1509 adventitiam
1753 1471 1897 1522 esse,
1929 1473 1993 1509 eo
2036 1458 2178 1525 quod
2216 1459 2316 1511 im-

739 1546 1021 1611 minuitur,
1053 1547 1176 1600 dum
1222 1547 1287 1600 ad
1328 1548 1496 1601 solem
1530 1542 1765 1613 accedit,
1811 1547 2004 1600 iterum
2038 1564 2168 1601 vero
2216 1559 2314 1600 au-

738 1648 920 1709 getur,
962 1639 1086 1692 dum
1136 1639 1386 1695 discedit.
1436 1636 1620 1705 Neque
1677 1638 1821 1691 enim
1873 1639 2002 1691 illud
2060 1640 2216 1692 nobis
2261 1642 2311 1692 iu

736 1731 988 1798 prmseuti
1020 1730 1456 1796 investigandum
1492 1730 1833 1798 proponitur,
1875 1732 1967 1783 sed
1997 1732 2137 1798 quod
2167 1730 2311 1783 aliud

734 1831 820 1873 est
860 1834 1059 1890 corpus
1107 1819 1299 1888 ipsius,
1349 1820 1494 1874 aliud
1531 1822 1610 1873 vis
1648 1820 1982 1875 illumiuaus.
2018 1822 2160 1875 Sane
2209 1822 2316 1875 tale

2420 631 2655 684 ϐάνουσα
2686 633 2868 696 πάλιν,
2905 636 3255 701 ἐλαττώσεως
3281 640 3411 707 ἡμῖν
3462 640 3554 691 καί
3580 638 3860 710 αὐξήσεως
3904 639 4001 700 τὰς

2421 727 2718 794 φαντασίας
2740 730 3054 799 παρέχεται.
3080 731 3184 783 Τοῦ
3213 731 3267 783 δέ
3297 734 3369 802 μὴ
3401 731 3530 784 αὐτὸ
3552 733 3611 783 τὸ
3643 731 3800 802 σῶμα
3834 731 4002 799 αὐτῆς

2412 806 2690 886 »ληγούσης
2715 819 3179 873 ἀπαναλίσκεσθαι
3200 821 3426 890 ἐναργὲς
3461 818 3841 890 μαρτύριοντά
3872 806 3998 888 6ρὼ-

2424 928 2580 979 μενα.
2628 910 2844 973 Ἔξεστι
2874 914 2980 981 γάρ
3019 930 3098 965 σοι
3145 913 3237 965 καὶ
3283 914 3341 965 ἐν
3372 912 3596 983 καθαρῷ
3624 902 3701 981 τῷ
3727 912 3849 981 ἀέρι
3910 912 4001 963 καὶ

2423 1005 2601 1072 πάσης
2630 1004 2823 1073 ἀχλύος
2842 1004 3264 1075 ἀπηλλαγμένῳ,
3293 1008 3419 1059 ὃταν
3454 1005 3685 1075 μάλιστα
3719 1002 4002 1074 μηνοειδὴς

2419 1096 2666 1167 τυγχάνῃ
2698 1097 2834 1150 κατὰ
2864 1098 2923 1150 τδ
2958 1099 3144 1168 σκῆμα
3175 1100 3566 1169 ἐπιτηρήσαντι
3601 1097 3737 1165 (97),
3768 1096 4002 1148 κατιδεῖν

2418 1189 2479 1241 τὸ
2513 1190 2764 1260 ἀλαμπὲς
2812 1191 2983 1259 αὐτῆς
3032 1200 3125 1244 καὶ
3179 1190 3480 1259 ἀφώτιστον
3529 1191 3632 1242 ὑπὸ
3672 1188 4003 1258 τηλικαύτης

2420 1280 2607 1349 ἁψῖδος
2646 1282 3137 1351 περιγραφόμενον,
3193 1284 3349 1355 ἡλίκη
3398 1283 3505 1351 (98)
3557 1284 3613 1334 ἐν
3645 1284 3763 1343 ταῖς
3799 1297 4002 1334 πανσε-

2422 1373 2601 1443 λήνοις
2649 1372 2747 1444 τὴν
2796 1376 2973 1427 πᾶσαν
3002 1375 3169 1446 αὐτὴν
3204 1375 3490 1445 ἐκπληροῖ.
3519 1374 3679 1428 Ὥστε
3715 1372 4003 1443 τηλαυγῶς

2422 1464 2825 1536 ἀπηρτισμένον
2851 1464 3181 1535 καθορᾶσθαι
3206 1467 3295 1519 τὸν
3326 1466 3523 1519 κύκλον
3554 1465 3631 1535 τῷ
3661 1464 4004 1536 περιλαμπο-

2425 1555 2570 1624 μένῳ
2609 1556 2764 1625 μέρει
2795 1555 2887 1607 τὸν
2924 1556 3139 1621 σκιερὸν
3173 1557 3268 1610 καὶ
3303 1556 3513 1628 ἀερώδη
3549 1556 3747 1608 κόλπον
3775 1572 4003 1607 συνανα-

2425 1648 2695 1719 φερούσης
2742 1648 2843 1717 τῆς
2874 1647 3068 1716 ὂψεως.
3122 1648 3229 1701 Καὶ
3279 1651 3351 1719 μή
3387 1667 3474 1719 μοι
3519 1647 3639 1716 λέγε
3680 1648 4001 1701 ἐπείσακτον

2424 1736 2560 1792 εἶναι
2608 1743 2705 1810 τῆς
2754 1742 2983 1813 σελήνης
3014 1742 3073 1793 τὸ
3105 1740 3240 1809 φῶς,
3272 1733 3405 1793 man
3436 1740 3680 1815 μειούται
3716 1743 3813 1811 μὲν
3869 1740 4001 1812 πρὸς

2422 1830 2569 1901 ἥλιον
2595 1832 2871 1901 φερομένη
2924 1830 3143 1895 αὔξεται
3175 1832 3229 1883 δὲ
3265 1833 3423 1885 πάλιν
3459 1831 3825 1902 ἀφισταμένη.
3869 1831 4001 1883 υύδὲ

739 1912 1013 1982 quidpiam
1045 1913 1172 1965 mihi
1209 1914 1381 1981 cogita
1411 1924 1465 1967 et
1490 1912 1553 1967 de
1582 1914 1735 1968 sole:
1776 1926 2131 1983 praeterquam
2167 1917 2307 1984 quod
2349 1911 2393 1967 B

2349 1911 2393 1967 Β
2424 1919 2529 1991 γὰρ
2562 1922 2736 1972 ἐκεῖνο
2765 1923 2894 1990 ἡμῖν
2922 1920 3196 1985 ἐξεταζειν
3240 1923 3296 1972 ἐν
3318 1921 3394 1990 τῷ
3438 1922 3667 1991 παρόντι
3693 1922 3998 1993 πρόκειται,

728 2000 830 2061 hic
854 2006 1028 2060 lucem
1053 2046 1067 2069 ,
1114 2023 1271 2075 quant
1308 2007 1472 2062 semel
1513 2010 1723 2077 accepit
1758 2024 1818 2062 ac
1849 2008 1951 2062 sibi
1983 2019 2311 2076 attempera-

736 2107 848 2154 tam
885 2098 1091 2163 habuit,
1132 2099 1352 2154 minime
1396 2100 1655 2168 deponit:
1697 2098 1785 2150 illa
1820 2114 1971 2161 vero,
2006 2099 2132 2151 dum
2174 2098 2315 2152 ossi-

738 2192 843 2246 due
872 2189 1019 2246 velut
1045 2192 1195 2244 exuit
1220 2200 1273 2245 et
1298 2205 1485 2244 rursus
1511 2191 1684 2243 induit
1713 2188 1911 2254 lucem,
1956 2204 2052 2259 per
2080 2191 2313 2257 seipsam

742 2298 806 2338 ea
853 2285 1041 2351 etiam,
1071 2299 1192 2354 quae
1239 2282 1302 2338 de
1331 2283 1446 2337 sole
1479 2283 1619 2339 dicta
1670 2292 1817 2347 sunt,
1852 2284 2157 2337 conﬁrmat.
2193 2277 2315 2337 Hurc

736 2375 1022 2430 luminaria
1047 2376 1197 2443 jussa
1236 2388 1363 2431 sunt
1395 2392 1609 2446 quoque
1640 2376 1781 2429 diem
1820 2391 1884 2430 ac
1915 2386 2129 2429 noctem
2168 2376 2313 2428 inter

736 2475 798 2516 se
828 2477 1103 2531 separare.
1140 2462 1355 2517 Etenim
1393 2466 1645 2535 superius
1687 2481 1715 2519 a
1758 2466 1997 2519 tenebris
2028 2465 2198 2519 lucem
2228 2466 2309 2518 dic

737 2556 864 2611 visit
891 2558 1058 2622 Deus;
1086 2568 1324 2624 tuncque
1354 2568 1604 2609 naturam
1635 2559 1872 2625 ipsorum
1898 2558 1949 2611 in
1979 2557 2312 2610 contrarium

738 2650 972 2717 partitus
993 2658 1110 2703 est:
1140 2661 1198 2703 ut
1224 2650 1365 2703 inter
1394 2650 1508 2718 ipsa
1535 2650 1840 2701 intercedat
1870 2648 2124 2701 admistio
2148 2646 2312 2710 nulla,

737 2750 793 2793 et
836 2739 939 2794 luci
972 2755 1092 2793 cum
1139 2742 1377 2794 tenebris
1409 2742 1549 2793 nulla
1586 2747 1658 2795 sit
1696 2742 1949 2795 societas.
1984 2741 2135 2807 Quod
2170 2740 2311 2794 enim

737 2840 824 2885 est
865 2833 915 2884 in
960 2832 1047 2887 die
1082 2833 1294 2897 umbra,
1336 2834 1569 2903 idipsum
1602 2850 1721 2889 esse
1757 2844 1916 2889 noctu
1964 2835 2312 2888 tenebrarum

740 2934 988 2977 naturam
1013 2927 1310 2994 putandum
1339 2935 1444 2979 est.
1470 2922 1603 2980 Nam
1632 2927 1675 2980 si
1703 2927 1878 2979 omnis
1902 2927 2111 2988 umbra,
2142 2928 2314 2993 splen-

740 3015 872 3069 dore
911 3014 1091 3083 aliquo
1124 3016 1493 3079 illucescente,
1537 3017 1590 3069 in
1638 3028 1849 3085 partem
1884 3018 1986 3070 luci
2031 3018 2311 3071 adversam

742 3117 773 3156 ι
805 3105 1124 3173 corporibus
1153 3104 1377 3168 excidit,
1409 3114 1463 3158 et
1508 3120 1665 3159 mane
1697 3107 1911 3175 quidem
1949 3108 2016 3159 ad
2056 3122 2311 3160 occasum

742 3195 1104 3264 protenditur,
1136 3210 1360 3265 vespere
1390 3210 1518 3252 vero
1546 3199 1610 3251 ad
1653 3200 1919 3252 orientem
1965 3213 2151 3253 versus
2196 3214 2313 3252 ver-

738 3289 835 3357 git,
879 3286 1046 3357 ﬁtque
1090 3290 1141 3341 in
1199 3290 1427 3344 meridie
1468 3291 1906 3360 septentrionalis
1946 3306 1960 3344 :
1997 3292 2158 3344 etiam
2209 3307 2312 3344 nox

735 3379 794 3433 in
833 3388 1016 3446 partes
1049 3379 1217 3432 radiis
1246 3382 1523 3448 oppositas
1569 3384 1795 3442 secedit,
1850 3399 1972 3435 cum
2012 3384 2309 3436 secundum

738 3480 989 3526 naturam
1024 3471 1156 3525 nihil
1194 3471 1340 3525 aliud
1371 3473 1439 3525 sit
1471 3486 1633 3541 quam
1664 3480 1822 3525 terra:
1857 3472 2067 3527 umbra.
2110 3473 2312 3539 Quent-

737 3565 1024 3620 admodum
1071 3566 1213 3620 eniut
1252 3568 1439 3620 umbra
1490 3566 1611 3620 ideo
1653 3566 1703 3619 iu
1752 3565 1836 3619 die
1868 3566 2136 3630 subsistit,
2173 3568 2314 3635 quod

738 3654 945 3725 aliquid
991 3656 1166 3710 lucem
1216 3657 1485 3711 obstruit:
1524 3658 1597 3709 ita
1638 3657 1963 3711 naturaliter
1995 3667 2096 3709 uox
2138 3657 2315 3710 nasci—

738 3753 848 3808 tur,
881 3760 1003 3798 cum
1028 3760 1123 3798 aer
1151 3754 1310 3798 terra:
1337 3745 1697 3799 circumfusus
1726 3745 2100 3798 obumbratur.
2128 3743 2312 3811 Itaque

737 3836 967 3904 idipsum
1003 3848 1086 3892 est
1116 3837 1259 3907 quod
1306 3838 1507 3890 dictuut
1543 3835 1642 3890 fuit
1681 3855 1693 3890 :
1749 3837 1886 3890 Deus
1933 3838 2109 3891 divisit
2144 3836 2312 3890 lucem

736 3946 772 3982 α
803 3931 1025 3982 tenebris
1056 3930 1099 3959 "
1133 3948 1145 3960 -
1182 3930 1618 3999 quamloqnidem
1654 3928 1791 3984 lucis
1822 3945 2100 3985 accessum
2150 3928 2314 3983 decli-

737 4032 871 4079 nant
892 4025 1147 4088 tenebrte,
1180 4040 1300 4077 cum
1329 4024 1587 4078 alienatio
1616 4024 1877 4078 naturalis
1902 4024 1953 4076 in
1988 4025 2158 4093 prima
2190 4038 2314 4091 pro-

735 4116 1013 4171 creatione
1068 4115 1210 4170 inter
1249 4129 1306 4169 se
1353 4114 1601 4168 instituta
1645 4115 1737 4169 sit.
1781 4116 1935 4170 Nunc
1980 4124 2159 4170 autem
2203 4114 2309 4170 diei

735 4210 1008 4263 metiendo
1043 4208 1209 4262 solem
1236 4206 1476 4277 pra-fecit
1514 4228 1526 4261 :
1556 4206 1737 4259 lunam
1765 4222 1918 4269 vero,
1948 4222 2069 4261 cum
2107 4208 2158 4259 in
2189 4225 2313 4276 pro-

735 4300 855 4371 prio
906 4300 1110 4353 circulo
1138 4300 1389 4354 omnibus
1436 4302 1548 4354 suis
1591 4300 1831 4353 numeris
1886 4299 2129 4353 absoluta
2190 4310 2309 4365 est,

736 4392 913 4445 noctis
959 4392 1371 4445 moderatricem
1405 4390 1511 4462 53
1561 4393 1773 4445 statuit.
1817 4388 1969 4445 Tunc
2002 4392 2146 4444 enim
2198 4392 2310 4447 fere

735 4494 804 4533 ex
840 4480 1107 4534 diametro
1142 4483 1279 4536 inter
1308 4497 1367 4536 se
1396 4483 1641 4552 opposita
1669 4492 1795 4536 sunt
1823 4480 2133 4535 ltnninaria.
2172 4480 2305 4536 Nam

2416 2010 2529 2063 ἀλλ’
2557 2011 2636 2064 ὃτι
2662 2011 2846 2082 ἕτερον
2874 2012 2972 2081 μὲν
2996 2011 3170 2081 αὐτῆς
3198 2012 3258 2063 τὸ
3282 2010 3459 2081 σῶμα,
3493 2010 3678 2081 ἕτερον
3704 2012 3761 2064 δὲ
3793 2011 3855 2065 τὸ
3888 2029 3999 2081 φω-

2416 2102 2583 2164 τίζον.
2634 2101 2888 2156 Τοιοῦτον
2936 2102 2999 2173 δή
3058 2097 3110 2156 τί
3150 2121 3236 2173 μοι
3267 2103 3374 2155 νόει
3415 2105 3508 2155 καὶ
3565 2103 3655 2155 ἐπὶ
3693 2103 3786 2155 τοῦ
3827 2104 3998 2174 ἡλίου·

2418 2190 2556 2261 πλὴν
2581 2192 2661 2243 ὅτι
2701 2194 2729 2243 ὁ
2760 2190 2879 2261 μὲν,
2922 2188 3101 2245 λαϐὼν
3129 2192 3274 2256 ἅπαξ
3307 2193 3401 2244 καὶ
3430 2193 3839 2263 ἐγκεκραμένον
3875 2194 4001 2246 ἑαυ-

2417 2279 2493 2352 τῷ
2525 2280 2636 2351 (99)
2681 2280 2741 2333 τὸ
2766 2281 2881 2350 φῶς
2914 2281 3073 2351 ἔχων,
3095 2275 3193 2334 οὐκ
3226 2281 3562 2334 ἀποτίθεται’
3596 2284 3626 2351 ἡ
3654 2281 3728 2344 δὲ,
3768 2282 4002 2351 συνεχῶς

2415 2370 2525 2426 οἷον
2571 2373 2915 2444 ἀποδυομένη
2947 2375 3039 2427 καὶ
3073 2374 3232 2426 πάλιν
3264 2372 3720 2446 ἐπαμφιαζομένη
3760 2374 3817 2427 τὸ
3863 2375 3999 2443 φῶς,

2413 2465 2477 2517 δι’
2515 2465 2713 2531 ἐαυτῆς
2744 2465 2834 2517 καὶ
2857 2464 2922 2517 τὰ
2952 2464 3192 2536 περὶτοῦ
3229 2464 3380 2527 ἡλίου
3403 2464 3667 2535 εἰρημένα
3690 2462 3998 2517 πιστοῦται.

2415 2551 2574 2608 Οὗτοι
2606 2557 2699 2607 καὶ
2723 2554 3066 2626 διαχωρίξειν
3088 2555 3392 2626 ἐτάχθησαν
3422 2555 3524 2608 ἀνά
3556 2555 3719 2626 μέσον
3740 2556 3839 2625 τῆς
3862 2552 4000 2626 ἡμέε-

2420 2664 2518 2718 ρας
2542 2648 2635 2699 καὶ
2662 2648 2764 2697 ἀνὰ
2798 2648 2963 2715 μέσον
2992 2648 3090 2716 τῆς
3124 2649 3336 2709 νυκτός.
3373 2649 3518 2701 Ἀνω
3548 2648 3644 2718 μὲν
3673 2648 3782 2718 γὰρ
3809 2647 4002 2719 διεχώ-

2420 2757 2565 2811 ρισεν
2602 2744 2629 2793 ὁ
2650 2740 2781 2802 Θεὸς
2804 2739 2903 2791 ἀνὰ
2931 2740 3089 2808 μέσον
3112 2740 3203 2791 τοῦ
3238 2742 3413 2807 φωτὸς
3441 2742 3534 2792 καί
3575 2741 3681 2794 ἀνὰ
3713 2741 3878 2808 μέσον
3906 2730 4001 2793 τοῦ

2419 2831 2667 2900 σκύτους·
2699 2832 2821 2883 τότε
2846 2829 2901 2883 δὲ
2936 2829 3033 2899 τὴν
3071 2829 3145 2900 (1)
3180 2830 3340 2898 φύσιν
3371 2830 3548 2882 αὐτῶν
3582 2826 3716 2899 πρὸς
3757 2830 3817 2882 τὸ
3844 2832 4001 2883 ἐνανο

2412 2922 2525 2974 τίον
2561 2899 2890 2991 ἀπέστησεν
2946 2919 3085 2973 ὥστε
3121 2920 3367 2989 ἀμίκτως
3396 2916 3540 2989 ἔχειν
3584 2918 3719 2990 πρὸς
3774 2918 3999 2991 ἄλληλα,

2415 3013 2511 3066 καὶ
2536 3016 2675 3080 φωτὶ
2724 3014 2860 3084 πρὸς
2896 3009 3084 3075 σκότος
3120 3010 3387 3083 μηδεμίαν
3416 3007 3555 3064 εἶναι
3588 3010 3893 3080 κοινότητα.
3936 3012 4002 3063 ‘0

2416 3106 2610 3175 γὰρέν
2641 3106 2822 3175 ἡμέρᾳ
2862 3107 3008 3159 ἐστὶν
3062 3107 3096 3175 ἡ
3144 3105 3293 3169 σκιά,
3337 3103 3491 3157 τοῦτο
3521 3101 3728 3157 οἴεσθαι
3784 3103 3891 3176 χρὴ
3945 3106 4002 3155 ἐν

2416 3197 2569 3249 νυκτὶ
2617 3193 2709 3248 τοῦ
2754 3196 2975 3258 σκότους
3030 3194 3164 3250 εἶναι
3209 3198 3307 3269 τὴν
3352 3197 3530 3267 φύσιν.
3587 3198 3649 3250 Εἰ
3684 3196 3793 3265 γὰρ
3853 3198 4002 3250 πᾶσα

2418 3290 2547 3345 σκιά
2577 3290 2674 3360 (ﬁl,
2708 3288 2879 3358 αύγῆς
2902 3304 3046 3349 τινος
3070 3287 3475 3360 διαφαινούσης,
3505 3289 3899 3360 ἀντικειμένως
3920 3287 3999 3359 τῷ

2415 3382 2552 3451 φωτὶ
2583 3381 2689 3433 ἀπὸ
2743 3379 2851 3432 τῶν
2906 3379 3171 3448 σωμάτων
3216 3380 3499 3431 ἐκπίπτει·
3558 3382 3652 3433 καὶ
3691 3381 3859 3433 ’ἐωθεν
3906 3380 4004 3449 μὲν

2415 3473 2552 3543 πρὸς
2600 3470 2813 3540 δυσμὰς
2865 3470 3107 3531 τέταται,
3154 3469 3390 3541 ἑσπέρας
3439 3470 3495 3523 δὲ
3546 3472 3683 3541 πρὸς
3734 3471 4003 3541 ἀνατολὴν

2414 3564 2715 3625 ἀποκλίνει,
2754 3565 2810 3615 ἐν
2832 3558 2887 3616 δὲ
2914 3565 2978 3633 τῇ
3006 3562 3321 3635 μεσημϐρίᾳ
3348 3561 3571 3634 ἀρκτῲα
3598 3560 3830 3630 γίνεται·
3856 3565 3950 3617 καὶ
3970 3564 4005 3633 ἠ

2415 3656 2512 3721 νὺξ
2561 3654 2651 3708 ἐπὶ
2694 3655 2754 3709 τὸ
2805 3656 3044 3709 ἐναντίον
3090 3655 3207 3721 ταῖς
3240 3656 3451 3709 ἀκτῖσιν
3495 3651 3790 3726 ὑποχωρεῖ,
3847 3654 4003 3708 οὐδὲν

2412 3748 2598 3821 ἕτερον
2636 3744 2772 3801 οὖσα
2798 3749 2938 3803 κατά
2970 3750 3067 3819 τὴν
3104 3748 3264 3817 φύσιν
3292 3747 3325 3820 ἢ
3351 3748 3595 3817 σκίασμα
3616 3746 3741 3817 γῆς.
3777 3747 3865 3812 Ὡς
3894 3745 4006 3819 γὰρ

2412 3844 2470 3894 ἐν
2502 3842 2688 3912 ἡμέρᾳ
2721 3842 2753 3911 ἡ
2792 3840 2919 3893 σκιά
2958 3840 3034 3910 τῷ
3065 3840 3482 3910 ἀντιφράσσοντι
3514 3840 3613 3910 τὴν
3653 3839 3830 3911 αὐγὴν
3870 3855 4008 3910 παρ-

2412 3934 2725 4002 υφίσταται,
2769 3929 2940 3996 οὓτως
2976 3936 3009 4003 ἡ
3047 3928 3141 3999 νὺξ
3181 3932 3538 4002 σκιαζομένου
3581 3930 3675 3985 τοῦ
3729 3932 3859 4003 ’περὶ⁸
3900 3932 4005 4002 γῆν

2417 4024 2578 4097 ἀέρος
2609 4023 2960 4079 συνίστασθαι
3002 4024 3232 4094 πέφυκε.
3271 4022 3441 4077 Τοῦτο
3472 4023 3651 4077 τοίνυν
3677 4025 3795 4077 ἐστὶ
3839 4024 3902 4077 τὸ
3927 4025 4005 4075 si-

2415 4116 2668 4186 ρημένον,
2720 4114 2801 4167 ὃτι
2859 4113 3213 4181 Διεχὼρισεν
3253 4115 3285 4165 ό
3329 4113 3471 4176 Θειῖνς
3501 4112 3617 4165 ἀνὰ
3640 4110 3837 4178 μέσον
3894 4112 4003 4166 τοῦ

2412 4206 2605 4275 φωτὸς
2636 4208 2732 4259 καὶ
2764 4206 2881 4259 ἀνὰ
2897 4205 3093 4273 μέσον
3118 4203 3221 4256 τοῦ
3246 4204 3527 4268 σκότους·
3560 4202 3747 4273 ἐπειδὴ
3787 4202 3850 4256 τὸ
3879 4203 4005 4257 σκό-

2410 4311 2503 4361 τος
2526 4296 2823 4366 ὑποφεύγει
2862 4294 2955 4348 τοῦ
2987 4296 3163 4364 φωτὸς
3196 4293 3293 4357 τὰς
3320 4294 3639 4367 ἐπιδρομὰς,
3666 4297 3722 4347 ἐν
3753 4297 3819 4366 τῇ
3859 4295 4006 4367 πρώ-

2409 4406 2479 4464 τῃ
2510 4387 2839 4461 δημιουργίᾳ
2874 4387 3106 4457 φυσικῆς
3139 4387 3322 4451 αὐτοῖς
3352 4388 3449 4459 τῆς
3476 4384 3880 4457 ἀλλοτριώσεως
3904 4404 4003 4444 κα-

2409 4481 2878 4550 τασκευασθείσης
2907 4480 2984 4549 (5)
3020 4477 3153 4551 πρὸς
3187 4480 3410 4551 ἄλληλα.
3448 4479 3561 4532 Νῦν
3615 4478 3669 4532 δὲ
3708 4479 3862 4548 ἥλιον
3906 4484 4003 4535 ἐπ-

738 4567 863 4625 luna
894 4570 944 4624 in
974 4569 1305 4641 pleniluniis,
1332 4574 1613 4627 exoriente
1638 4576 1772 4636 sole,
1804 4588 1834 4627 e
1861 4584 2151 4640 conspectu
2177 4588 2303 4626 eva-
2336 4592 2380 4647 ο
2410 4588 2421 4631 ε

2336 4592 2380 4647 ο
2410 4576 2566 4642 έταξε
2596 4579 2708 4639 τοῖς
2746 4574 2965 4645 μέτροις
2996 4574 3094 4645 τῆς
3151 4574 3379 4644 ἡμέρας·
3440 4571 3536 4626 καὶ
3574 4573 3825 4646 σελήνην,
3872 4576 3999 4629 ὅταν

732 4664 909 4721 nescit
940 4683 955 4719 :
988 4673 1202 4726 contra,
1248 4666 1525 4719 occidente
1571 4666 1709 4728 sole,
1746 4665 1859 4719 lure
1912 4664 2024 4733 ipsa
2059 4680 2306 4734 saepenu-

734 4774 886 4815 mero
914 4760 982 4814 ab
1009 4760 1216 4814 oriente
1245 4758 1490 4828 emergit.
1522 4757 1673 4823 Quod
1703 4759 1747 4812 si
1774 4759 1983 4812 ca‘teris
2027 4757 2080 4811 in
2116 4757 2305 4814 formis

733 4850 924 4907 lunare
950 4851 1125 4905 lumen
1170 4865 1273 4903 una
1312 4863 1434 4903 cum
1474 4857 1632 4901 nocte
1668 4864 1774 4901 non
1807 4864 1871 4903 ex
1904 4865 2063 4920 aequo
2094 4850 2303 4915 perﬁci-

734 4952 844 5008 tur,
887 4942 1021 4997 nihil
1061 4942 1125 4996 ad
1161 4943 1466 4997 institutum
1503 4956 1810 4997 sermonem
1846 4943 2038 5000 refert.
2073 4941 2300 4996 νει-οων

734 5045 910 5089 tamen
939 5051 1059 5090 cum
1090 5050 1247 5090 suum
1271 5046 1473 5089 statum
1504 5034 1962 5106 perlectiSsimum
1991 5038 2206 5105 attigit,
2239 5046 2299 5091 ut

734 5127 906 5181 noctis
921 5127 1125 5181 obtinet
1148 5130 1528 5199 principatum,
1557 5131 1779 5199 proprio
1803 5128 2006 5185 lumine
2030 5147 2093 5183 ac
2117 5128 2295 5198 splen-

793 5312 841 5345 ⁸⁸
877 5312 1012 5369 Gen.
1037 5328 1077 5379 ι,
1111 5311 1165 5367 ι.

798 5453 909 5522 (97)
936 5452 1009 5506 Ita
1041 5450 1203 5508 editio
1229 5452 1390 5509 Basil.
1418 5470 1539 5509 cum
1566 5450 1809 5507 COInher.
1838 5460 1891 5504 et
1916 5467 2034 5505 cum
2061 5452 2178 5505 aliis
2200 5468 2293 5509 sex

726 5522 1152 5595 mss.A_At_editio
1183 5524 1351 5578 Paris.
1383 5524 1523 5579 κατὰ
1552 5525 1612 5577 τὸ
1651 5526 1835 5594 σχῆμα
1868 5523 1901 5593 ἡ
1936 5524 2155 5595 σελήνη.

800 5540 858 5577 ιε.
891 5540 958 5574 ιιι
984 5540 1152 5604 οιιιιιο
1183 5540 1351 5578 rarts.
1383 5540 1523 5579 κατα
1552 5540 1612 5577 το
1651 5540 1845 5604 σχημα⁸
1868 5540 1901 5593 η
1936 5540 2155 5643 σεληνη.

800 5592 910 5675 (9.8)
945 5592 1138 5675 “Edttio
1164 5595 1349 5675 ⁸βςιείι.
1375 5611 1503 5675 cum
1549 5606 1880 5675 sexnnostrts
1924 5611 2051 5675 mss.
2082 5596 2115 5663 ἡ
2156 5593 2290 5675 ἔξεον.

723 5662 899 5751 Euit‘io
927 5662 1115 5751 ,Paris.
1154 5666 1336 5751 ηλίκη.
1374 5666 1571 5721 ibidem
1621 5665 1772 5719 Colb.
1815 5666 2084 5717 secundus
2107 5662 2293 5719 πᾶσαν

722 5735 896 5803 αὐτὴν
923 5733 1203 5806 ἐκπληροῖ.

795 5802 1388 5877 (θυλαοΙυῖεοιιιιηιΙης
1422 5804 1830 5877 ἐγκεκραμένον
1864 5805 1921 5857 ἐν
1954 5802 2150 5873 ἐαυτῷ.

792 5874 873 5945 (Ι)
904 5874 1154 5945 Quinque
1183 5892 1311 5931 mss.
1349 5876 1467 5929 τότε
1513 5874 1609 5944 μὲν
1650 5874 1771 5944 τήν.
1813 5877 1950 5928 Editi
1995 5892 2115 5927 cum
2162 5875 2290 5945 Reg.

2412 4671 2541 4724 ποτὲ
2602 4670 2737 4741 πρὸς
2789 4668 2877 4721 τὸν
2935 4668 3063 4721 ἴδιον
3117 4668 3313 4721 κύκλον
3359 4667 3693 4738 ἀπαρτισθῇ,
3753 4670 4000 4742 ἀρχηγὸν

2411 4765 2636 4835 ἐποίησε
2663 4764 2762 4833 τῆς
2787 4764 3000 4826 νυκτός.
3031 4763 3223 4833 Σχεδὸν
3246 4762 3356 4834 γὰρ
3382 4760 3502 4814 τότε
3525 4764 3667 4816 κατά
3704 4764 3999 4836 διάμετροι

2410 4859 2459 4912 oi
2491 4856 2778 4926 φωστῆρες
2812 4856 3062 4926 ἀλλήλοις
3109 4855 3605 4910 ἀντικαθίστανται.
3654 4857 3997 4911 ’Λνατέλλονο

2409 4965 2502 5010 τος
2536 4948 2633 5018 μὲν
2663 4949 2771 5020 γὰρ
2796 4948 2889 5002 τοῦ
2918 4947 3091 5018 ἡλίου,
3127 4949 3183 5001 ἐν
3215 4950 3335 5010 ταῖς
3364 4948 3720 5016 πανσελήνοις
3757 4948 3998 5017 καταφέ-

2411 5057 2563 5108 ρεται
2594 5041 2730 5112 πρὸς
2780 5040 2845 5094 τὸ
2878 5042 3085 5110 ἀφανὲς
3134 5044 3167 5112 ὴ
3214 5040 3430 5111 σελήνη·
3465 5041 3725 5112 δυομένου
3754 5041 3813 5093 δὲ
3842 5041 4002 5094 πάλιν

2402 5126 2497 5184 τοῦ
2529 5132 2700 5202 ἡλίου,
2738 5133 2875 5203 αῦτη
2900 5134 3159 5197 πολλάκις
3185 5132 3244 5195 ἐξ
3264 5132 3537 5187 ἀνατολῶν
3567 5132 3880 5202 ἀντανίσχει
3902 5135 3996 5205 (4).

2395 5463 2588 5528 octavo
2617 5454 2841 5528 τότε-δέ
2893 5455 3012 5522 τήν.
3067 5456 3359 5520 Aliquanto
3411 5464 3532 5528 post
3583 5454 3719 5527 Reg.
3776 5459 3996 5527 quintus

2395 5521 2531 5579 εἶναι
2558 5525 2866 5579 κοινωνίαν.

2465 5596 2541 5666 (2)
2596 5596 2670 5668 lia
2709 5608 2941 5668 quatuor
2994 5612 3121 5651 mss.
3183 5598 3361 5653 Editio
3408 5597 3581 5652 Paris.
3622 5601 3655 5668 ἡ
3706 5597 3818 5668 γὰρ
3866 5601 3991 5653 σκιὰ

2393 5666 2561 5719 πᾶσα.
2600 5665 2761 5719 Deest
2787 5666 2916 5719 σκιά
2954 5668 3005 5719 1η
3037 5670 3275 5723 editione
3304 5669 3469 5721 Basil.

2396 5737 2543 5860 σθιῗ)
2602 5736 2754 5791 Coll).
2823 5740 3093 5794 secundus
3161 5737 3573 5809 ἀλλοτριώσεως
3635 5754 3976 5809 παρασκευαί·

2464 5823 2637 5860 εσης.

2464 5823 2637 5868 εισης.

2467 5825 2715 5947 ignita.
2755 5878 2960 5945 primus
3000 5878 3233 5947 ἀνίσχει.
