  <div class='ocr_page' id='page_1' title='image "/cluster/home/n/w/nwhite01/storage/ocr_20150623/29/uva.x004321530/482.png"; bbox 0 0 4262 6512; ppageno 0'>
   <div class='ocr_carea' id='block_1_1' title="bbox 287 445 396 500">
    <p class='ocr_par' dir='ltr' id='par_1_1' title="bbox 287 445 396 500">
     <span class='ocr_line' id='line_1_1' title="bbox 287 445 396 500; baseline -0.009 0"><span class='ocrx_word' id='word_1_1' title='bbox 287 445 396 500; x_wconf 67' lang='grc'><strong>125</strong></span> 
     </span>
    </p>
   </div>
   <div class='ocr_carea' id='block_1_2' title="bbox 1392 431 2431 495">
    <p class='ocr_par' dir='ltr' id='par_1_2' title="bbox 1392 431 2431 495">
     <span class='ocr_line' id='line_1_2' title="bbox 1392 431 2431 495; baseline -0.003 -3"><span class='ocrx_word' id='word_1_2' title='bbox 1392 436 1674 495; x_wconf 69' lang='grc' dir='ltr'><strong>ΗΟΜΗᾸΑ</strong></span> <span class='ocrx_word' id='word_1_3' title='bbox 1711 436 1782 495; x_wconf 70' lang='grc' dir='ltr'><strong>γι</strong></span> <span class='ocrx_word' id='word_1_4' title='bbox 1823 437 1889 493; x_wconf 80' lang='lat' dir='ltr'><strong>IN</strong></span> <span class='ocrx_word' id='word_1_5' title='bbox 1930 431 2431 492; x_wconf 73' lang='lat' dir='ltr'><strong>HEXAEMERON.</strong></span> 
     </span>
    </p>
   </div>
   <div class='ocr_carea' id='block_1_3' title="bbox 3448 434 3559 490">
    <p class='ocr_par' dir='ltr' id='par_1_3' title="bbox 3448 434 3559 490">
     <span class='ocr_line' id='line_1_3' title="bbox 3448 434 3559 490; baseline 0.018 -2"><span class='ocrx_word' id='word_1_6' title='bbox 3448 434 3559 490; x_wconf 64' lang='grc' dir='ltr'><strong>ΗΟ</strong></span> 
     </span>
    </p>
   </div>
   <div class='ocr_carea' id='block_1_4' title="bbox 288 546 1971 630">
    <p class='ocr_par' dir='ltr' id='par_1_4' title="bbox 288 554 1950 630">
     <span class='ocr_line' id='line_1_4' title="bbox 288 554 1950 630; baseline -0.002 -19"><span class='ocrx_word' id='word_1_7' title='bbox 288 560 352 613; x_wconf 79' lang='lat' dir='ltr'><strong>Et</strong></span> <span class='ocrx_word' id='word_1_8' title='bbox 374 561 430 614; x_wconf 75' lang='grc' dir='ltr'><strong>δὲ</strong></span> <span class='ocrx_word' id='word_1_9' title='bbox 468 560 608 614; x_wconf 82' lang='grc' dir='ltr'><strong>κατά</strong></span> <span class='ocrx_word' id='word_1_10' title='bbox 639 554 705 614; x_wconf 75' lang='grc' dir='ltr'><strong>τά</strong></span> <span class='ocrx_word' id='word_1_11' title='bbox 733 554 868 614; x_wconf 77' lang='grc' dir='ltr'><strong>ἀλλα</strong></span> <span class='ocrx_word' id='word_1_12' title='bbox 909 560 1164 630; x_wconf 79' lang='grc' dir='ltr'><strong>σχήματα</strong></span> <span class='ocrx_word' id='word_1_13' title='bbox 1201 557 1263 610; x_wconf 81' lang='grc' dir='ltr'><strong>οὐ</strong></span> <span class='ocrx_word' id='word_1_14' title='bbox 1300 557 1758 628; x_wconf 78' lang='grc' dir='ltr'><strong>συναπαρτίζεται</strong></span> <span class='ocrx_word' id='word_1_15' title='bbox 1809 559 1873 626; x_wconf 78' lang='grc' dir='ltr'><strong>τῇ</strong></span> <span class='ocrx_word' id='word_1_16' title='bbox 1905 567 1950 620; x_wconf 75' lang='grc' dir='ltr'>Α</span> 
     </span>
    </p>
   </div>
   <div class='ocr_carea' id='block_1_5' title="bbox 1870 546 3553 630">
    <p class='ocr_par' dir='ltr' id='par_1_5' title="bbox 1870 546 3553 625">
     <span class='ocr_line' id='line_1_5' title="bbox 1870 546 3553 625; baseline -0.004 -16"><span class='ocrx_word' id='word_1_17' title='bbox 1870 567 1950 625; x_wconf 55' lang='grc' dir='ltr'><strong>ιΑ</strong></span> <span class='ocrx_word' id='word_1_18' title='bbox 1979 555 2112 608; x_wconf 92' lang='lat' dir='ltr'><strong>dore</strong></span> <span class='ocrx_word' id='word_1_19' title='bbox 2159 562 2304 606; x_wconf 83' lang='lat' dir='ltr'><strong>astra</strong></span> <span class='ocrx_word' id='word_1_20' title='bbox 2349 565 2635 619; x_wconf 84' lang='lat' dir='ltr'><strong>superans,</strong></span> <span class='ocrx_word' id='word_1_21' title='bbox 2683 559 2739 604; x_wconf 90' lang='lat' dir='ltr'><strong>et</strong></span> <span class='ocrx_word' id='word_1_22' title='bbox 2786 548 3030 603; x_wconf 88' lang='lat' dir='ltr'><strong>tellurem</strong></span> <span class='ocrx_word' id='word_1_23' title='bbox 3088 546 3365 604; x_wconf 82' lang='lat' dir='ltr'><strong>illustrans</strong></span> <span class='ocrx_word' id='word_1_24' title='bbox 3408 565 3424 604; x_wconf 86' lang='lat'><strong>:</strong></span> <span class='ocrx_word' id='word_1_25' title='bbox 3478 549 3553 602; x_wconf 83' lang='lat' dir='ltr'><strong>ita</strong></span> 
     </span>
    </p>
   </div>
   <div class='ocr_carea' id='block_1_6' title="bbox 285 649 1879 723">
    <p class='ocr_par' dir='ltr' id='par_1_6' title="bbox 285 649 1879 723">
     <span class='ocr_line' id='line_1_6' title="bbox 285 649 1879 723; baseline -0.001 -21"><span class='ocrx_word' id='word_1_26' title='bbox 285 653 445 706; x_wconf 75' lang='grc' dir='ltr'><strong>νυκτὶ</strong></span> <span class='ocrx_word' id='word_1_27' title='bbox 473 655 534 706; x_wconf 81' lang='grc' dir='ltr'><strong>τὸ</strong></span> <span class='ocrx_word' id='word_1_28' title='bbox 563 654 840 723; x_wconf 78' lang='grc' dir='ltr'>σεληναῖον</span> <span class='ocrx_word' id='word_1_29' title='bbox 870 652 1004 722; x_wconf 85' lang='grc' dir='ltr'><strong>φῶς,</strong></span> <span class='ocrx_word' id='word_1_30' title='bbox 1042 651 1194 704; x_wconf 85' lang='grc' dir='ltr'><strong>οὐδὲν</strong></span> <span class='ocrx_word' id='word_1_31' title='bbox 1241 650 1377 721; x_wconf 80' lang='grc' dir='ltr'><strong>πρὸς</strong></span> <span class='ocrx_word' id='word_1_32' title='bbox 1404 649 1494 702; x_wconf 80' lang='grc' dir='ltr'><strong>τὸν</strong></span> <span class='ocrx_word' id='word_1_33' title='bbox 1526 649 1879 720; x_wconf 87' lang='grc' dir='ltr'><strong>προκείμενον</strong></span> 
     </span>
    </p>
   </div>
   <div class='ocr_carea' id='block_1_7' title="bbox 1988 642 3309 713">
    <p class='ocr_par' dir='ltr' id='par_1_7' title="bbox 1988 642 3309 713">
     <span class='ocr_line' id='line_1_7' title="bbox 1988 642 3309 713; baseline -0.003 -15"><span class='ocrx_word' id='word_1_34' title='bbox 1988 645 2245 713; x_wconf 86' lang='lat' dir='ltr'><strong>temporis</strong></span> <span class='ocrx_word' id='word_1_35' title='bbox 2274 643 2445 712; x_wconf 85' lang='lat' dir='ltr'><strong>spatia</strong></span> <span class='ocrx_word' id='word_1_36' title='bbox 2478 658 2598 696; x_wconf 91' lang='lat' dir='ltr'><strong>cum</strong></span> <span class='ocrx_word' id='word_1_37' title='bbox 2631 643 2745 696; x_wconf 89' lang='lat' dir='ltr'><strong>sole</strong></span> <span class='ocrx_word' id='word_1_38' title='bbox 2783 657 2848 695; x_wconf 81' lang='lat' dir='ltr'><strong>ex</strong></span> <span class='ocrx_word' id='word_1_39' title='bbox 2877 657 3030 709; x_wconf 64' lang='lat' dir='ltr'><strong>aequo</strong></span> <span class='ocrx_word' id='word_1_40' title='bbox 3056 642 3309 708; x_wconf 92' lang='lat' dir='ltr'><strong>partitur.</strong></span> 
     </span>
    </p>
   </div>
   <div class='ocr_carea' id='block_1_8' title="bbox 281 732 3554 814">
    <p class='ocr_par' dir='ltr' id='par_1_8' title="bbox 281 732 3554 814">
     <span class='ocr_line' id='line_1_8' title="bbox 281 732 3554 814; baseline -0.003 -20"><span class='ocrx_word' id='word_1_41' title='bbox 281 743 463 813; x_wconf 86' lang='grc' dir='ltr'><strong>λόγον.</strong></span> <span class='ocrx_word' id='word_1_42' title='bbox 501 745 645 814; x_wconf 78' lang='grc' dir='ltr'><strong>Πλὴν</strong></span> <span class='ocrx_word' id='word_1_43' title='bbox 686 747 789 808; x_wconf 85' lang='grc' dir='ltr'><strong>ὃτι,</strong></span> <span class='ocrx_word' id='word_1_44' title='bbox 841 745 969 798; x_wconf 86' lang='grc' dir='ltr'><strong>ὅταν</strong></span> <span class='ocrx_word' id='word_1_45' title='bbox 1023 742 1220 812; x_wconf 76' lang='grc' dir='ltr'><strong>εαυτῆς</strong></span> <span class='ocrx_word' id='word_1_46' title='bbox 1252 739 1564 810; x_wconf 81' lang='grc' dir='ltr'><strong>τελειοτάτη</strong></span> <span class='ocrx_word' id='word_1_47' title='bbox 1599 755 1861 811; x_wconf 78' lang='grc' dir='ltr'><strong>τυγχανῃ,</strong></span> <span class='ocrx_word' id='word_1_48' title='bbox 1900 738 2161 808; x_wconf 79' lang='grc' dir='ltr'><strong>κατάρχει</strong></span> <span class='ocrx_word' id='word_1_49' title='bbox 2232 735 2330 804; x_wconf 82' lang='grc' dir='ltr'><strong>μὲν</strong></span> <span class='ocrx_word' id='word_1_50' title='bbox 2383 736 2479 805; x_wconf 79' lang='grc' dir='ltr'><strong>τῆς</strong></span> <span class='ocrx_word' id='word_1_51' title='bbox 2534 734 2728 796; x_wconf 84' lang='grc' dir='ltr'><strong>νυκτὸς</strong></span> <span class='ocrx_word' id='word_1_52' title='bbox 2772 733 2852 803; x_wconf 83' lang='grc' dir='ltr'><strong>τῷ</strong></span> <span class='ocrx_word' id='word_1_53' title='bbox 2905 732 3020 802; x_wconf 80' lang='grc' dir='ltr'><strong>ἰδίῳ</strong></span> <span class='ocrx_word' id='word_1_54' title='bbox 3055 733 3195 800; x_wconf 79' lang='grc' dir='ltr'><strong>φωτὶ</strong></span> <span class='ocrx_word' id='word_1_55' title='bbox 3237 732 3308 786; x_wconf 76' lang='grc' dir='ltr'><strong>τὰ</strong></span> <span class='ocrx_word' id='word_1_56' title='bbox 3375 733 3554 802; x_wconf 77' lang='grc' dir='ltr'><strong>ἄστρα</strong></span> 
     </span>
    </p>
   </div>
   <div class='ocr_carea' id='block_1_9' title="bbox 287 823 3550 906">
    <p class='ocr_par' dir='ltr' id='par_1_9' title="bbox 287 823 3550 906">
     <span class='ocr_line' id='line_1_9' title="bbox 287 823 3550 906; baseline -0.004 -19"><span class='ocrx_word' id='word_1_57' title='bbox 287 835 749 906; x_wconf 74' lang='grc' dir='ltr'><strong>ὑπεραυγάζουσα</strong></span> <span class='ocrx_word' id='word_1_58' title='bbox 802 835 895 888; x_wconf 74' lang='grc' dir='ltr'><strong>καὶ</strong></span> <span class='ocrx_word' id='word_1_59' title='bbox 925 836 1024 905; x_wconf 83' lang='grc' dir='ltr'><strong>τὴν</strong></span> <span class='ocrx_word' id='word_1_60' title='bbox 1058 834 1159 903; x_wconf 79' lang='grc' dir='ltr'><strong>γῆν</strong></span> <span class='ocrx_word' id='word_1_61' title='bbox 1198 832 1618 902; x_wconf 82' lang='grc' dir='ltr'><strong>περιλάμπουσα</strong></span> <span class='ocrx_word' id='word_1_62' title='bbox 1649 832 1746 902; x_wconf 85' lang='grc'>(5),</span> <span class='ocrx_word' id='word_1_63' title='bbox 1780 831 1954 894; x_wconf 79' lang='grc' dir='ltr'><strong>ὲξίσου</strong></span> <span class='ocrx_word' id='word_1_64' title='bbox 1981 829 2036 882; x_wconf 82' lang='grc' dir='ltr'><strong>δὲ</strong></span> <span class='ocrx_word' id='word_1_65' title='bbox 2071 828 2206 899; x_wconf 83' lang='grc' dir='ltr'><strong>πρὸς</strong></span> <span class='ocrx_word' id='word_1_66' title='bbox 2250 828 2339 879; x_wconf 79' lang='grc' dir='ltr'><strong>τὸν</strong></span> <span class='ocrx_word' id='word_1_67' title='bbox 2369 827 2519 896; x_wconf 73' lang='grc' dir='ltr'><strong>ἣλιον</strong></span> <span class='ocrx_word' id='word_1_68' title='bbox 2549 826 2643 879; x_wconf 82' lang='grc' dir='ltr'><strong>τοῦ</strong></span> <span class='ocrx_word' id='word_1_69' title='bbox 2691 826 2884 896; x_wconf 86' lang='grc' dir='ltr'><strong>χρόνου</strong></span> <span class='ocrx_word' id='word_1_70' title='bbox 2910 825 3195 894; x_wconf 81' lang='grc' dir='ltr'><strong>διαιρεῖται</strong></span> <span class='ocrx_word' id='word_1_71' title='bbox 3240 825 3310 876; x_wconf 75' lang='grc' dir='ltr'><strong>τὰ</strong></span> <span class='ocrx_word' id='word_1_72' title='bbox 3352 823 3550 894; x_wconf 86' lang='grc' dir='ltr'><strong>μέτρα.</strong></span> 
     </span>
    </p>
   </div>
   <div class='ocr_carea' id='block_1_10' title="bbox 361 943 1868 1012">
    <p class='ocr_par' dir='ltr' id='par_1_10' title="bbox 361 943 1868 1012">
     <span class='ocr_line' id='line_1_10' title="bbox 361 943 1868 1012; baseline -0.002 -13"><span class='ocrx_word' id='word_1_73' title='bbox 361 945 414 999; x_wconf 72' lang='grc'><strong>4.</strong></span> <span class='ocrx_word' id='word_1_74' title='bbox 438 947 545 999; x_wconf 79' lang='grc' dir='ltr'><strong>Καὶ</strong></span> <span class='ocrx_word' id='word_1_75' title='bbox 569 947 847 999; x_wconf 78' lang='grc' dir='ltr'><strong>ἔστωσαν</strong></span> <span class='ocrx_word' id='word_1_76' title='bbox 883 949 968 1011; x_wconf 84' lang='grc' dir='ltr'><strong>είς</strong></span> <span class='ocrx_word' id='word_1_77' title='bbox 990 943 1223 1012; x_wconf 83' lang='grc' dir='ltr'><strong>σημεῖα,</strong></span> <span class='ocrx_word' id='word_1_78' title='bbox 1259 944 1353 996; x_wconf 74' lang='grc' dir='ltr'><strong>καὶ</strong></span> <span class='ocrx_word' id='word_1_79' title='bbox 1371 946 1459 1010; x_wconf 81' lang='grc' dir='ltr'><strong>εἰς</strong></span> <span class='ocrx_word' id='word_1_80' title='bbox 1484 943 1744 1012; x_wconf 82' lang='grc' dir='ltr'><strong>καιροὺς,</strong></span> <span class='ocrx_word' id='word_1_81' title='bbox 1771 943 1868 996; x_wconf 74' lang='grc' dir='ltr'><strong>καὶ</strong></span> 
     </span>
    </p>
   </div>
   <div class='ocr_carea' id='block_1_11' title="bbox 285 1033 1868 1106">
    <p class='ocr_par' dir='ltr' id='par_1_11' title="bbox 285 1033 1868 1106">
     <span class='ocr_line' id='line_1_11' title="bbox 285 1033 1868 1106; baseline -0.003 -17"><span class='ocrx_word' id='word_1_82' title='bbox 285 1038 377 1101; x_wconf 77' lang='grc' dir='ltr'><strong>εἰς</strong></span> <span class='ocrx_word' id='word_1_83' title='bbox 406 1035 647 1104; x_wconf 72' lang='grc' dir='ltr'><strong>ἡμέρας,</strong></span> <span class='ocrx_word' id='word_1_84' title='bbox 673 1036 770 1088; x_wconf 77' lang='grc' dir='ltr'><strong>καὶ</strong></span> <span class='ocrx_word' id='word_1_85' title='bbox 794 1038 878 1101; x_wconf 83' lang='grc' dir='ltr'><strong>είς</strong></span> <span class='ocrx_word' id='word_1_86' title='bbox 901 1034 1230 1099; x_wconf 74' lang='grc' dir='ltr'><strong>ἐνιαυτούς.</strong></span> <span class='ocrx_word' id='word_1_87' title='bbox 1281 1035 1595 1102; x_wconf 82' lang='grc' dir='ltr'><strong>Ἀναγκαῖαι</strong></span> <span class='ocrx_word' id='word_1_88' title='bbox 1628 1034 1762 1106; x_wconf 85' lang='grc' dir='ltr'><strong>πρὸς</strong></span> <span class='ocrx_word' id='word_1_89' title='bbox 1778 1033 1868 1085; x_wconf 85' lang='grc' dir='ltr'><strong>τὸν</strong></span> 
     </span>
    </p>
   </div>
   <div class='ocr_carea' id='block_1_12' title="bbox 287 1124 1864 1197">
    <p class='ocr_par' dir='ltr' id='par_1_12' title="bbox 287 1124 1864 1197">
     <span class='ocr_line' id='line_1_12' title="bbox 287 1124 1864 1197; baseline 0.002 -18"><span class='ocrx_word' id='word_1_90' title='bbox 287 1126 623 1197; x_wconf 77' lang='grc' dir='ltr'><strong>ἀνθρώπινον</strong></span> <span class='ocrx_word' id='word_1_91' title='bbox 671 1127 784 1196; x_wconf 82' lang='grc' dir='ltr'><strong>βίον</strong></span> <span class='ocrx_word' id='word_1_92' title='bbox 813 1129 866 1179; x_wconf 85' lang='grc' dir='ltr'><strong>αἱ</strong></span> <span class='ocrx_word' id='word_1_93' title='bbox 910 1125 1016 1178; x_wconf 73' lang='grc' dir='ltr'><strong>ἀπὸ</strong></span> <span class='ocrx_word' id='word_1_94' title='bbox 1045 1124 1153 1176; x_wconf 87' lang='grc' dir='ltr'><strong>τῶν</strong></span> <span class='ocrx_word' id='word_1_95' title='bbox 1184 1126 1482 1196; x_wconf 79' lang='grc' dir='ltr'><strong>φωστήρων</strong></span> <span class='ocrx_word' id='word_1_96' title='bbox 1509 1125 1864 1195; x_wconf 88' lang='grc' dir='ltr'><strong>σημειώσεις.</strong></span> 
     </span>
    </p>
   </div>
   <div class='ocr_carea' id='block_1_13' title="bbox 301 1214 1868 1290">
    <p class='ocr_par' dir='ltr' id='par_1_13' title="bbox 301 1214 1868 1290">
     <span class='ocr_line' id='line_1_13' title="bbox 301 1214 1868 1290; baseline 0 -18"><span class='ocrx_word' id='word_1_97' title='bbox 301 1217 428 1272; x_wconf 79' lang='grc' dir='ltr'><strong>Ἐὰν</strong></span> <span class='ocrx_word' id='word_1_98' title='bbox 455 1219 563 1290; x_wconf 79' lang='grc' dir='ltr'><strong>γάρ</strong></span> <span class='ocrx_word' id='word_1_99' title='bbox 607 1221 679 1289; x_wconf 89' lang='grc' dir='ltr'><strong>μή</strong></span> <span class='ocrx_word' id='word_1_100' title='bbox 735 1218 809 1288; x_wconf 85' lang='grc'>(6)</span> <span class='ocrx_word' id='word_1_101' title='bbox 846 1235 928 1280; x_wconf 81' lang='grc' dir='ltr'><strong>τις</strong></span> <span class='ocrx_word' id='word_1_102' title='bbox 974 1218 1118 1288; x_wconf 88' lang='grc' dir='ltr'><strong>πέρα</strong></span> <span class='ocrx_word' id='word_1_103' title='bbox 1147 1214 1241 1270; x_wconf 81' lang='grc' dir='ltr'><strong>τοῦ</strong></span> <span class='ocrx_word' id='word_1_104' title='bbox 1280 1219 1476 1288; x_wconf 91' lang='grc' dir='ltr'><strong>μέτρου</strong></span> <span class='ocrx_word' id='word_1_105' title='bbox 1512 1218 1578 1269; x_wconf 89' lang='grc' dir='ltr'><strong>τά</strong></span> <span class='ocrx_word' id='word_1_106' title='bbox 1621 1219 1713 1272; x_wconf 83' lang='grc' dir='ltr'><strong>ἀπ’</strong></span> <span class='ocrx_word' id='word_1_107' title='bbox 1769 1220 1868 1272; x_wconf 84' lang='grc' dir='ltr'><strong>αὺ-</strong></span> 
     </span>
    </p>
   </div>
   <div class='ocr_carea' id='block_1_14' title="bbox 285 1304 1866 1378">
    <p class='ocr_par' dir='ltr' id='par_1_14' title="bbox 285 1304 1866 1378">
     <span class='ocr_line' id='line_1_14' title="bbox 285 1304 1866 1378; baseline -0.001 -18"><span class='ocrx_word' id='word_1_108' title='bbox 285 1307 398 1360; x_wconf 87' lang='grc' dir='ltr'><strong>τῶν</strong></span> <span class='ocrx_word' id='word_1_109' title='bbox 431 1307 504 1377; x_wconf 88' lang='lat'><strong>(7)</strong></span> <span class='ocrx_word' id='word_1_110' title='bbox 539 1311 736 1378; x_wconf 87' lang='grc' dir='ltr'><strong>σημεῖα</strong></span> <span class='ocrx_word' id='word_1_111' title='bbox 760 1305 1206 1377; x_wconf 76' lang='grc' dir='ltr'><strong>περιεργάζηται,</strong></span> <span class='ocrx_word' id='word_1_112' title='bbox 1233 1307 1530 1377; x_wconf 77' lang='grc' dir='ltr'><strong>χρησίμους</strong></span> <span class='ocrx_word' id='word_1_113' title='bbox 1557 1304 1734 1358; x_wconf 83' lang='grc' dir='ltr'><strong>αὐτῶν</strong></span> <span class='ocrx_word' id='word_1_114' title='bbox 1769 1306 1866 1367; x_wconf 76' lang='grc' dir='ltr'><strong>τὰς</strong></span> 
     </span>
    </p>
   </div>
   <div class='ocr_carea' id='block_1_15' title="bbox 287 1398 1862 1469">
    <p class='ocr_par' dir='ltr' id='par_1_15' title="bbox 287 1398 1862 1469">
     <span class='ocr_line' id='line_1_15' title="bbox 287 1398 1862 1469; baseline -0.003 -17"><span class='ocrx_word' id='word_1_115' title='bbox 287 1403 357 1453; x_wconf 74' lang='grc' dir='ltr'><strong>εκ</strong></span> <span class='ocrx_word' id='word_1_116' title='bbox 398 1400 496 1468; x_wconf 78' lang='grc' dir='ltr'><strong>τῆς</strong></span> <span class='ocrx_word' id='word_1_117' title='bbox 551 1399 764 1469; x_wconf 82' lang='grc' dir='ltr'><strong>μακρᾶς</strong></span> <span class='ocrx_word' id='word_1_118' title='bbox 821 1399 1113 1469; x_wconf 79' lang='grc' dir='ltr'><strong>ἐμπειρίας</strong></span> <span class='ocrx_word' id='word_1_119' title='bbox 1160 1402 1568 1468; x_wconf 75' lang='grc' dir='ltr'><strong>παρατηρήσεις</strong></span> <span class='ocrx_word' id='word_1_120' title='bbox 1620 1398 1862 1467; x_wconf 79' lang='grc' dir='ltr'><strong>εὑρήσει.</strong></span> 
     </span>
    </p>
   </div>
   <div class='ocr_carea' id='block_1_16' title="bbox 289 1489 1868 1564">
    <p class='ocr_par' dir='ltr' id='par_1_16' title="bbox 289 1489 1868 1564">
     <span class='ocr_line' id='line_1_16' title="bbox 289 1489 1868 1564; baseline -0.002 -19"><span class='ocrx_word' id='word_1_121' title='bbox 289 1492 470 1546; x_wconf 85' lang='grc' dir='ltr'><strong>Πολλά</strong></span> <span class='ocrx_word' id='word_1_122' title='bbox 521 1493 615 1564; x_wconf 87' lang='grc' dir='ltr'><strong>μὲν</strong></span> <span class='ocrx_word' id='word_1_123' title='bbox 649 1491 755 1561; x_wconf 74' lang='grc' dir='ltr'><strong>γὰρ</strong></span> <span class='ocrx_word' id='word_1_124' title='bbox 787 1493 916 1562; x_wconf 80' lang='grc' dir='ltr'><strong>περὶ</strong></span> <span class='ocrx_word' id='word_1_125' title='bbox 941 1491 1248 1562; x_wconf 74' lang='grc' dir='ltr'><strong>ἐπομϐρίας</strong></span> <span class='ocrx_word' id='word_1_126' title='bbox 1289 1490 1406 1542; x_wconf 81' lang='grc' dir='ltr'><strong>ἔστι</strong></span> <span class='ocrx_word' id='word_1_127' title='bbox 1445 1490 1658 1560; x_wconf 83' lang='grc' dir='ltr'><strong>μαθεῖν,</strong></span> <span class='ocrx_word' id='word_1_128' title='bbox 1699 1489 1868 1544; x_wconf 89' lang='grc' dir='ltr'><strong>πολλά</strong></span> 
     </span>
    </p>
   </div>
   <div class='ocr_carea' id='block_1_17' title="bbox 287 1582 1868 1654">
    <p class='ocr_par' dir='ltr' id='par_1_17' title="bbox 287 1582 1868 1654">
     <span class='ocr_line' id='line_1_17' title="bbox 287 1582 1868 1654; baseline 0 -18"><span class='ocrx_word' id='word_1_129' title='bbox 287 1583 348 1637; x_wconf 76' lang='grc' dir='ltr'><strong>δὲ</strong></span> <span class='ocrx_word' id='word_1_130' title='bbox 375 1586 500 1654; x_wconf 73' lang='grc' dir='ltr'><strong>περὶ</strong></span> <span class='ocrx_word' id='word_1_131' title='bbox 522 1582 745 1653; x_wconf 76' lang='grc' dir='ltr'><strong>αὐχμῶν</strong></span> <span class='ocrx_word' id='word_1_132' title='bbox 774 1585 867 1636; x_wconf 70' lang='grc' dir='ltr'><strong>καὶ</strong></span> <span class='ocrx_word' id='word_1_133' title='bbox 897 1585 1218 1653; x_wconf 71' lang='grc' dir='ltr'><strong>πνευμάτων</strong></span> <span class='ocrx_word' id='word_1_134' title='bbox 1249 1587 1532 1654; x_wconf 80' lang='grc' dir='ltr'><strong>κινήσεως,</strong></span> <span class='ocrx_word' id='word_1_135' title='bbox 1563 1584 1594 1654; x_wconf 84' lang='grc' dir='ltr'>ἢ</span> <span class='ocrx_word' id='word_1_136' title='bbox 1629 1583 1868 1654; x_wconf 83' lang='grc' dir='ltr'><strong>μερικῶν</strong></span> 
     </span>
    </p>
   </div>
   <div class='ocr_carea' id='block_1_18' title="bbox 289 1675 1867 1748">
    <p class='ocr_par' dir='ltr' id='par_1_18' title="bbox 289 1675 1867 1748">
     <span class='ocr_line' id='line_1_18' title="bbox 289 1675 1867 1748; baseline -0.001 -19"><span class='ocrx_word' id='word_1_137' title='bbox 289 1677 325 1748; x_wconf 72' lang='grc' dir='ltr'>ἢ</span> <span class='ocrx_word' id='word_1_138' title='bbox 371 1676 618 1739; x_wconf 81' lang='grc' dir='ltr'><strong>καθόλου,</strong></span> <span class='ocrx_word' id='word_1_139' title='bbox 657 1675 845 1746; x_wconf 79' lang='grc' dir='ltr'><strong>βιαίων</strong></span> <span class='ocrx_word' id='word_1_140' title='bbox 875 1677 906 1746; x_wconf 87' lang='grc' dir='ltr'>ἢ</span> <span class='ocrx_word' id='word_1_141' title='bbox 937 1676 1254 1746; x_wconf 87' lang='grc' dir='ltr'><strong>ἀνειμένων.</strong></span> <span class='ocrx_word' id='word_1_142' title='bbox 1289 1677 1383 1729; x_wconf 83' lang='grc' dir='ltr'><strong>’Ἐν</strong></span> <span class='ocrx_word' id='word_1_143' title='bbox 1412 1677 1520 1748; x_wconf 87' lang='grc' dir='ltr'><strong>γάρ</strong></span> <span class='ocrx_word' id='word_1_144' title='bbox 1546 1695 1598 1728; x_wconf 90' lang='grc' dir='ltr'><strong>τι</strong></span> <span class='ocrx_word' id='word_1_145' title='bbox 1630 1676 1736 1728; x_wconf 88' lang='grc' dir='ltr'><strong>τῶν</strong></span> <span class='ocrx_word' id='word_1_146' title='bbox 1759 1677 1867 1729; x_wconf 80' lang='grc' dir='ltr'><strong>ἀπὸ</strong></span> 
     </span>
    </p>
   </div>
   <div class='ocr_carea' id='block_1_19' title="bbox 288 1764 1865 1837">
    <p class='ocr_par' dir='ltr' id='par_1_19' title="bbox 288 1764 1865 1837">
     <span class='ocr_line' id='line_1_19' title="bbox 288 1764 1865 1837; baseline -0.002 -18"><span class='ocrx_word' id='word_1_147' title='bbox 288 1765 385 1819; x_wconf 81' lang='grc' dir='ltr'><strong>τοῦ</strong></span> <span class='ocrx_word' id='word_1_148' title='bbox 410 1766 558 1834; x_wconf 78' lang='grc' dir='ltr'><strong>ἡλίου</strong></span> <span class='ocrx_word' id='word_1_149' title='bbox 600 1764 1109 1836; x_wconf 87' lang='grc' dir='ltr'><strong>παραδεικνυμένων</strong></span> <span class='ocrx_word' id='word_1_150' title='bbox 1160 1765 1255 1818; x_wconf 72' lang='grc' dir='ltr'><strong>καὶ</strong></span> <span class='ocrx_word' id='word_1_151' title='bbox 1303 1765 1332 1817; x_wconf 87' lang='grc' dir='ltr'><strong>ό</strong></span> <span class='ocrx_word' id='word_1_152' title='bbox 1367 1765 1566 1837; x_wconf 85' lang='grc' dir='ltr'><strong>Κύριος</strong></span> <span class='ocrx_word' id='word_1_153' title='bbox 1601 1767 1729 1836; x_wconf 82' lang='grc' dir='ltr'><strong>ἡμῖν</strong></span> <span class='ocrx_word' id='word_1_154' title='bbox 1759 1782 1865 1817; x_wconf 85' lang='grc' dir='ltr'><strong>πα-</strong></span> 
     </span>
    </p>
   </div>
   <div class='ocr_carea' id='block_1_20' title="bbox 2046 937 3547 1005">
    <p class='ocr_par' dir='ltr' id='par_1_20' title="bbox 2046 937 3547 1005">
     <span class='ocr_line' id='line_1_20' title="bbox 2046 937 3547 1005; baseline -0.004 -11"><span class='ocrx_word' id='word_1_155' title='bbox 2046 941 2100 997; x_wconf 72' lang='grc'><strong>4.</strong></span> <span class='ocrx_word' id='word_1_156' title='bbox 2135 940 2197 994; x_wconf 85' lang='lat' dir='ltr'><strong>Et</strong></span> <span class='ocrx_word' id='word_1_157' title='bbox 2229 941 2329 993; x_wconf 73' lang='lat' dir='ltr'><strong>sint</strong></span> <span class='ocrx_word' id='word_1_158' title='bbox 2352 942 2406 993; x_wconf 77' lang='lat' dir='ltr'><strong>in</strong></span> <span class='ocrx_word' id='word_1_159' title='bbox 2437 940 2609 1005; x_wconf 76' lang='lat' dir='ltr'><strong>signa,</strong></span> <span class='ocrx_word' id='word_1_160' title='bbox 2641 949 2689 993; x_wconf 81' lang='lat' dir='ltr'><strong>et</strong></span> <span class='ocrx_word' id='word_1_161' title='bbox 2714 942 2768 992; x_wconf 78' lang='lat' dir='ltr'><strong>in</strong></span> <span class='ocrx_word' id='word_1_162' title='bbox 2797 949 3054 1005; x_wconf 71' lang='lat' dir='ltr'><strong>tempore,</strong></span> <span class='ocrx_word' id='word_1_163' title='bbox 3084 948 3132 991; x_wconf 83' lang='lat' dir='ltr'><strong>et</strong></span> <span class='ocrx_word' id='word_1_164' title='bbox 3165 939 3378 1000; x_wconf 79' lang='lat' dir='ltr'><strong>indies,</strong></span> <span class='ocrx_word' id='word_1_165' title='bbox 3407 948 3453 991; x_wconf 81' lang='lat' dir='ltr'><strong>et</strong></span> <span class='ocrx_word' id='word_1_166' title='bbox 3493 937 3547 989; x_wconf 85' lang='lat' dir='ltr'><strong>in</strong></span> 
     </span>
    </p>
   </div>
   <div class='ocr_carea' id='block_1_21' title="bbox 1971 1030 3548 1086">
    <p class='ocr_par' dir='ltr' id='par_1_21' title="bbox 1971 1030 3548 1086">
     <span class='ocr_line' id='line_1_21' title="bbox 1971 1030 3548 1086; baseline -0.001 -2"><span class='ocrx_word' id='word_1_167' title='bbox 1971 1049 2158 1086; x_wconf 76' lang='lat' dir='ltr'><strong>annos.</strong></span> <span class='ocrx_word' id='word_1_168' title='bbox 2215 1030 2546 1086; x_wconf 69' lang='lat' dir='ltr'><strong>Necessaria:</strong></span> <span class='ocrx_word' id='word_1_169' title='bbox 2598 1041 2721 1086; x_wconf 85' lang='lat' dir='ltr'><strong>sunt</strong></span> <span class='ocrx_word' id='word_1_170' title='bbox 2771 1033 2835 1084; x_wconf 89' lang='lat' dir='ltr'><strong>ad</strong></span> <span class='ocrx_word' id='word_1_171' title='bbox 2876 1032 3162 1084; x_wconf 85' lang='lat' dir='ltr'><strong>humanam</strong></span> <span class='ocrx_word' id='word_1_172' title='bbox 3199 1031 3360 1084; x_wconf 91' lang='lat' dir='ltr'><strong>vitam</strong></span> <span class='ocrx_word' id='word_1_173' title='bbox 3409 1039 3548 1082; x_wconf 70' lang='lat' dir='ltr'><strong>notre</strong></span> 
     </span>
    </p>
   </div>
   <div class='ocr_carea' id='block_1_22' title="bbox 1969 1121 3549 1192">
    <p class='ocr_par' dir='ltr' id='par_1_22' title="bbox 1969 1121 3549 1192">
     <span class='ocr_line' id='line_1_22' title="bbox 1969 1121 3549 1192; baseline -0.002 -16"><span class='ocrx_word' id='word_1_174' title='bbox 1969 1122 2318 1176; x_wconf 84' lang='lat' dir='ltr'><strong>luminarium</strong></span> <span class='ocrx_word' id='word_1_175' title='bbox 2363 1132 2522 1192; x_wconf 83' lang='lat' dir='ltr'><strong>alque</strong></span> <span class='ocrx_word' id='word_1_176' title='bbox 2574 1123 3018 1192; x_wconf 70' lang='lat' dir='ltr'><strong>significationes.</strong></span> <span class='ocrx_word' id='word_1_177' title='bbox 3073 1121 3285 1174; x_wconf 88' lang='lat' dir='ltr'><strong>Etenim</strong></span> <span class='ocrx_word' id='word_1_178' title='bbox 3337 1121 3381 1176; x_wconf 90' lang='lat' dir='ltr'><strong>si</strong></span> <span class='ocrx_word' id='word_1_179' title='bbox 3424 1121 3549 1189; x_wconf 84' lang='lat' dir='ltr'><strong>quis</strong></span> 
     </span>
    </p>
   </div>
   <div class='ocr_carea' id='block_1_23' title="bbox 1969 1213 3542 1286">
    <p class='ocr_par' dir='ltr' id='par_1_23' title="bbox 1969 1213 3542 1286">
     <span class='ocr_line' id='line_1_23' title="bbox 1969 1213 3542 1286; baseline -0.006 -15"><span class='ocrx_word' id='word_1_180' title='bbox 1969 1218 2119 1286; x_wconf 86' lang='lat' dir='ltr'><strong>signa</strong></span> <span class='ocrx_word' id='word_1_181' title='bbox 2143 1231 2330 1270; x_wconf 84' lang='lat' dir='ltr'><strong>eorum</strong></span> <span class='ocrx_word' id='word_1_182' title='bbox 2360 1232 2464 1268; x_wconf 90' lang='lat' dir='ltr'><strong>non</strong></span> <span class='ocrx_word' id='word_1_183' title='bbox 2498 1215 2634 1268; x_wconf 90' lang='lat' dir='ltr'><strong>ultra</strong></span> <span class='ocrx_word' id='word_1_184' title='bbox 2672 1218 2889 1266; x_wconf 81' lang='lat' dir='ltr'><strong>modum</strong></span> <span class='ocrx_word' id='word_1_185' title='bbox 2919 1214 3185 1281; x_wconf 79' lang='lat' dir='ltr'><strong>explorat,</strong></span> <span class='ocrx_word' id='word_1_186' title='bbox 3212 1213 3369 1266; x_wconf 86' lang='lat' dir='ltr'><strong>utiles</strong></span> <span class='ocrx_word' id='word_1_187' title='bbox 3397 1213 3542 1278; x_wconf 72' lang='lat' dir='ltr'><strong>ipso-</strong></span> 
     </span>
    </p>
   </div>
   <div class='ocr_carea' id='block_1_24' title="bbox 1971 1306 3538 1376">
    <p class='ocr_par' dir='ltr' id='par_1_24' title="bbox 1971 1306 3538 1376">
     <span class='ocr_line' id='line_1_24' title="bbox 1971 1306 3538 1376; baseline -0.003 -14"><span class='ocrx_word' id='word_1_188' title='bbox 1971 1325 2086 1362; x_wconf 94' lang='lat' dir='ltr'><strong>rum</strong></span> <span class='ocrx_word' id='word_1_189' title='bbox 2122 1308 2527 1362; x_wconf 76' lang='lat' dir='ltr'><strong>observationes</strong></span> <span class='ocrx_word' id='word_1_190' title='bbox 2558 1323 2622 1360; x_wconf 84' lang='lat' dir='ltr'><strong>ex</strong></span> <span class='ocrx_word' id='word_1_191' title='bbox 2654 1306 2808 1376; x_wconf 87' lang='lat' dir='ltr'><strong>longa</strong></span> <span class='ocrx_word' id='word_1_192' title='bbox 2857 1306 3190 1376; x_wconf 72' lang='lat' dir='ltr'><strong>experientia</strong></span> <span class='ocrx_word' id='word_1_193' title='bbox 3221 1306 3538 1374; x_wconf 88' lang='lat' dir='ltr'><strong>comperiet.</strong></span> 
     </span>
    </p>
   </div>
   <div class='ocr_carea' id='block_1_25' title="bbox 1969 1396 3542 1466">
    <p class='ocr_par' dir='ltr' id='par_1_25' title="bbox 1969 1396 3542 1466">
     <span class='ocr_line' id='line_1_25' title="bbox 1969 1396 3542 1466; baseline 0.001 -15"><span class='ocrx_word' id='word_1_194' title='bbox 1969 1397 2128 1451; x_wconf 83' lang='lat' dir='ltr'><strong>Multa</strong></span> <span class='ocrx_word' id='word_1_195' title='bbox 2163 1412 2396 1466; x_wconf 87' lang='lat' dir='ltr'><strong>namque</strong></span> <span class='ocrx_word' id='word_1_196' title='bbox 2425 1398 2489 1451; x_wconf 88' lang='lat' dir='ltr'><strong>de</strong></span> <span class='ocrx_word' id='word_1_197' title='bbox 2519 1396 2736 1466; x_wconf 87' lang='lat' dir='ltr'><strong>pluviis,</strong></span> <span class='ocrx_word' id='word_1_198' title='bbox 2779 1397 2944 1450; x_wconf 86' lang='lat' dir='ltr'><strong>multa</strong></span> <span class='ocrx_word' id='word_1_199' title='bbox 2974 1397 3039 1450; x_wconf 89' lang='lat' dir='ltr'><strong>de</strong></span> <span class='ocrx_word' id='word_1_200' title='bbox 3063 1397 3332 1462; x_wconf 80' lang='lat' dir='ltr'><strong>siccitate,</strong></span> <span class='ocrx_word' id='word_1_201' title='bbox 3367 1397 3542 1465; x_wconf 77' lang='lat' dir='ltr'><strong>deque</strong></span> 
     </span>
    </p>
   </div>
   <div class='ocr_carea' id='block_1_26' title="bbox 1970 1491 3537 1558">
    <p class='ocr_par' dir='ltr' id='par_1_26' title="bbox 1970 1491 3537 1558">
     <span class='ocr_line' id='line_1_26' title="bbox 1970 1491 3537 1558; baseline 0.001 -16"><span class='ocrx_word' id='word_1_202' title='bbox 1970 1502 2250 1546; x_wconf 77' lang='lat' dir='ltr'><strong>ventorum</strong></span> <span class='ocrx_word' id='word_1_203' title='bbox 2289 1501 2454 1552; x_wconf 91' lang='lat' dir='ltr'><strong>motu,</strong></span> <span class='ocrx_word' id='word_1_204' title='bbox 2490 1500 2599 1542; x_wconf 91' lang='lat' dir='ltr'><strong>tum</strong></span> <span class='ocrx_word' id='word_1_205' title='bbox 2642 1491 3072 1558; x_wconf 88' lang='lat' dir='ltr'><strong>particularinm,</strong></span> <span class='ocrx_word' id='word_1_206' title='bbox 3103 1503 3212 1544; x_wconf 91' lang='lat' dir='ltr'><strong>tum</strong></span> <span class='ocrx_word' id='word_1_207' title='bbox 3251 1491 3537 1546; x_wconf 83' lang='lat' dir='ltr'><strong>universa-</strong></span> 
     </span>
    </p>
   </div>
   <div class='ocr_carea' id='block_1_27' title="bbox 1970 1584 3534 1649">
    <p class='ocr_par' dir='ltr' id='par_1_27' title="bbox 1970 1584 3534 1649">
     <span class='ocr_line' id='line_1_27' title="bbox 1970 1584 3534 1649; baseline 0.002 -12"><span class='ocrx_word' id='word_1_208' title='bbox 1970 1584 2136 1649; x_wconf 69' lang='lat' dir='ltr'><strong>llum,</strong></span> <span class='ocrx_word' id='word_1_209' title='bbox 2173 1586 2532 1638; x_wconf 89' lang='lat' dir='ltr'><strong>violentorum</strong></span> <span class='ocrx_word' id='word_1_210' title='bbox 2583 1594 2676 1636; x_wconf 92' lang='lat' dir='ltr'><strong>aut</strong></span> <span class='ocrx_word' id='word_1_211' title='bbox 2733 1585 3082 1638; x_wconf 90' lang='lat' dir='ltr'><strong>remissornm</strong></span> <span class='ocrx_word' id='word_1_212' title='bbox 3133 1586 3339 1638; x_wconf 77' lang='lat' dir='ltr'><strong>discere</strong></span> <span class='ocrx_word' id='word_1_213' title='bbox 3385 1585 3534 1640; x_wconf 85' lang='lat' dir='ltr'><strong>licet.</strong></span> 
     </span>
    </p>
   </div>
   <div class='ocr_carea' id='block_1_28' title="bbox 1969 1674 3545 1744">
    <p class='ocr_par' dir='ltr' id='par_1_28' title="bbox 1969 1674 3545 1744">
     <span class='ocr_line' id='line_1_28' title="bbox 1969 1674 3545 1744; baseline 0.002 -15"><span class='ocrx_word' id='word_1_214' title='bbox 1969 1675 2220 1731; x_wconf 78' lang='lat' dir='ltr'><strong>Profecto</strong></span> <span class='ocrx_word' id='word_1_215' title='bbox 2249 1692 2412 1728; x_wconf 90' lang='lat' dir='ltr'><strong>unum</strong></span> <span class='ocrx_word' id='word_1_216' title='bbox 2442 1674 2660 1744; x_wconf 85' lang='lat' dir='ltr'><strong>aliquod</strong></span> <span class='ocrx_word' id='word_1_217' title='bbox 2691 1674 2816 1728; x_wconf 87' lang='lat' dir='ltr'><strong>solis</strong></span> <span class='ocrx_word' id='word_1_218' title='bbox 2859 1676 3069 1743; x_wconf 85' lang='lat' dir='ltr'><strong>signum</strong></span> <span class='ocrx_word' id='word_1_219' title='bbox 3103 1677 3265 1730; x_wconf 86' lang='lat' dir='ltr'><strong>etiam</strong></span> <span class='ocrx_word' id='word_1_220' title='bbox 3287 1675 3545 1732; x_wconf 84' lang='lat' dir='ltr'><strong>Dominus</strong></span> 
     </span>
    </p>
   </div>
   <div class='ocr_carea' id='block_1_29' title="bbox 1973 1765 3541 1837">
    <p class='ocr_par' dir='ltr' id='par_1_29' title="bbox 1973 1765 3541 1837">
     <span class='ocr_line' id='line_1_29' title="bbox 1973 1765 3541 1837; baseline 0.001 -16"><span class='ocrx_word' id='word_1_221' title='bbox 1973 1769 2125 1822; x_wconf 89' lang='lat' dir='ltr'><strong>nobis</strong></span> <span class='ocrx_word' id='word_1_222' title='bbox 2155 1769 2424 1837; x_wconf 83' lang='lat' dir='ltr'><strong>exposuit,</strong></span> <span class='ocrx_word' id='word_1_223' title='bbox 2457 1783 2578 1820; x_wconf 91' lang='lat' dir='ltr'><strong>cum</strong></span> <span class='ocrx_word' id='word_1_224' title='bbox 2623 1769 2699 1820; x_wconf 85' lang='lat' dir='ltr'><strong>ait</strong></span> <span class='ocrx_word' id='word_1_225' title='bbox 2732 1785 2743 1820; x_wconf 91' lang='lat'>:</span> <span class='ocrx_word' id='word_1_226' title='bbox 2778 1765 3078 1835; x_wconf 74' lang='lat' dir='ltr'><strong>Tempestas</strong></span> <span class='ocrx_word' id='word_1_227' title='bbox 3108 1769 3246 1823; x_wconf 81' lang='lat' dir='ltr'><strong>erit:</strong></span> <span class='ocrx_word' id='word_1_228' title='bbox 3292 1769 3438 1822; x_wconf 75' lang='lat' dir='ltr'><strong>triste</strong></span> <span class='ocrx_word' id='word_1_229' title='bbox 3468 1779 3541 1822; x_wconf 75' lang='lat' dir='ltr'><strong>est</strong></span> 
     </span>
    </p>
   </div>
   <div class='ocr_carea' id='block_1_30' title="bbox 291 1854 1974 1930">
    <p class='ocr_par' dir='ltr' id='par_1_30' title="bbox 291 1854 1974 1928">
     <span class='ocr_line' id='line_1_30' title="bbox 291 1854 1974 1928; baseline -0.001 -18"><span class='ocrx_word' id='word_1_230' title='bbox 291 1857 593 1928; x_wconf 85' lang='grc' dir='ltr'><strong>ραδέδωκεν</strong></span> <span class='ocrx_word' id='word_1_231' title='bbox 619 1855 693 1927; x_wconf 88' lang='grc'><strong>(8)</strong></span> <span class='ocrx_word' id='word_1_232' title='bbox 731 1856 922 1920; x_wconf 86' lang='grc' dir='ltr'><strong>εἰπὼν,</strong></span> <span class='ocrx_word' id='word_1_233' title='bbox 968 1859 1048 1910; x_wconf 86' lang='grc' dir='ltr'><strong>ὃτι</strong></span> <span class='ocrx_word' id='word_1_234' title='bbox 1075 1857 1302 1927; x_wconf 76' lang='grc' dir='ltr'><strong>Χειμὼν</strong></span> <span class='ocrx_word' id='word_1_235' title='bbox 1339 1858 1528 1911; x_wconf 79' lang='grc' dir='ltr'><strong>ἔσται·</strong></span> <span class='ocrx_word' id='word_1_236' title='bbox 1555 1857 1866 1926; x_wconf 62' lang='lat' dir='ltr'><strong>ntermist</strong></span> <span class='ocrx_word' id='word_1_237' title='bbox 1900 1854 1939 1907; x_wconf 86' lang='grc' dir='ltr'><strong>Β</strong></span> <span class='ocrx_word' id='word_1_238' title='bbox 1967 1887 1974 1914; x_wconf 72' lang='grc'><strong><em>4</em></strong></span> 
     </span>
    </p>
   </div>
   <div class='ocr_carea' id='block_1_31' title="bbox 1864 1854 3547 1930">
    <p class='ocr_par' dir='ltr' id='par_1_31' title="bbox 1864 1854 3547 1930">
     <span class='ocr_line' id='line_1_31' title="bbox 1864 1854 3547 1930; baseline 0.001 -16"><span class='ocrx_word' id='word_1_239' title='bbox 1864 1899 1866 1905; x_wconf 52' lang='grc' dir='ltr'>ν</span> <span class='ocrx_word' id='word_1_240' title='bbox 1900 1854 1939 1907; x_wconf 84' lang='grc' dir='ltr'><strong>Β</strong></span> <span class='ocrx_word' id='word_1_241' title='bbox 1967 1863 2105 1915; x_wconf 83' lang='lat' dir='ltr'><strong>enim</strong></span> <span class='ocrx_word' id='word_1_242' title='bbox 2147 1863 2332 1915; x_wconf 74' lang='lat' dir='ltr'><strong>rubens</strong></span> <span class='ocrx_word' id='word_1_243' title='bbox 2374 1861 2560 1915; x_wconf 74' lang='lat' dir='ltr'><strong>emtum</strong></span> <span class='ocrx_word' id='word_1_244' title='bbox 2594 1861 2658 1914; x_wconf 75' lang='lat'><strong>“.</strong></span> <span class='ocrx_word' id='word_1_245' title='bbox 2697 1861 2828 1914; x_wconf 88' lang='lat' dir='ltr'><strong>Cum</strong></span> <span class='ocrx_word' id='word_1_246' title='bbox 2859 1861 3002 1914; x_wconf 90' lang='lat' dir='ltr'><strong>enim</strong></span> <span class='ocrx_word' id='word_1_247' title='bbox 3049 1875 3149 1930; x_wconf 86' lang='lat' dir='ltr'><strong>per</strong></span> <span class='ocrx_word' id='word_1_248' title='bbox 3185 1860 3432 1915; x_wconf 87' lang='lat' dir='ltr'><strong>nebulam</strong></span> <span class='ocrx_word' id='word_1_249' title='bbox 3487 1861 3547 1916; x_wconf 79' lang='lat' dir='ltr'><strong>lit</strong></span> 
     </span>
    </p>
   </div>
   <div class='ocr_carea' id='block_1_32' title="bbox 286 1948 1867 2019">
    <p class='ocr_par' dir='ltr' id='par_1_32' title="bbox 286 1948 1867 2019">
     <span class='ocr_line' id='line_1_32' title="bbox 286 1948 1867 2019; baseline -0.003 -15"><span class='ocrx_word' id='word_1_250' title='bbox 286 1949 400 2016; x_wconf 62' lang='grc' dir='ltr'><strong>γὰρ</strong></span> <span class='ocrx_word' id='word_1_251' title='bbox 437 1949 743 2016; x_wconf 78' lang='grc' dir='ltr'><strong>πυρῤἀζων</strong></span> <span class='ocrx_word' id='word_1_252' title='bbox 770 1952 802 2003; x_wconf 84' lang='grc' dir='ltr'><strong>ό</strong></span> <span class='ocrx_word' id='word_1_253' title='bbox 846 1950 1119 2017; x_wconf 75' lang='grc' dir='ltr'><strong>οὐρανός.</strong></span> <span class='ocrx_word' id='word_1_254' title='bbox 1163 1950 1411 2002; x_wconf 75' lang='grc' dir='ltr'><strong>Ἐπειδὰν</strong></span> <span class='ocrx_word' id='word_1_255' title='bbox 1441 1950 1548 2019; x_wconf 74' lang='grc' dir='ltr'><strong>γάρ</strong></span> <span class='ocrx_word' id='word_1_256' title='bbox 1569 1949 1634 2002; x_wconf 86' lang='grc' dir='ltr'><strong>δι’</strong></span> <span class='ocrx_word' id='word_1_257' title='bbox 1669 1948 1867 2019; x_wconf 78' lang='grc' dir='ltr'><strong>ἀχλύος</strong></span> 
     </span>
    </p>
   </div>
   <div class='ocr_carea' id='block_1_33' title="bbox 288 2041 1866 2112">
    <p class='ocr_par' dir='ltr' id='par_1_33' title="bbox 288 2041 1866 2112">
     <span class='ocr_line' id='line_1_33' title="bbox 288 2041 1866 2112; baseline 0.001 -21"><span class='ocrx_word' id='word_1_258' title='bbox 288 2041 325 2109; x_wconf 76' lang='grc' dir='ltr'><strong>ἡ</strong></span> <span class='ocrx_word' id='word_1_259' title='bbox 353 2041 602 2110; x_wconf 75' lang='grc' dir='ltr'><strong>ἀναφορὰ</strong></span> <span class='ocrx_word' id='word_1_260' title='bbox 650 2041 871 2112; x_wconf 65' lang='grc' dir='ltr'><strong>γένηται</strong></span> <span class='ocrx_word' id='word_1_261' title='bbox 920 2041 1012 2094; x_wconf 80' lang='grc' dir='ltr'><strong>τοῦ</strong></span> <span class='ocrx_word' id='word_1_262' title='bbox 1044 2043 1217 2111; x_wconf 79' lang='grc' dir='ltr'><strong>ἡλίου,</strong></span> <span class='ocrx_word' id='word_1_263' title='bbox 1249 2041 1618 2112; x_wconf 77' lang='grc' dir='ltr'><strong>ἁμαυροῦνται</strong></span> <span class='ocrx_word' id='word_1_264' title='bbox 1654 2043 1750 2111; x_wconf 87' lang='grc' dir='ltr'><strong>μὲν</strong></span> <span class='ocrx_word' id='word_1_265' title='bbox 1809 2043 1866 2094; x_wconf 90' lang='grc' dir='ltr'><strong>αί</strong></span> 
     </span>
    </p>
   </div>
   <div class='ocr_carea' id='block_1_34' title="bbox 288 2131 1868 2204">
    <p class='ocr_par' dir='ltr' id='par_1_34' title="bbox 288 2131 1868 2204">
     <span class='ocr_line' id='line_1_34' title="bbox 288 2131 1868 2204; baseline 0.001 -19"><span class='ocrx_word' id='word_1_266' title='bbox 288 2133 523 2194; x_wconf 76' lang='grc' dir='ltr'><strong>ἀκτῖνες,</strong></span> <span class='ocrx_word' id='word_1_267' title='bbox 563 2131 914 2203; x_wconf 81' lang='grc' dir='ltr'><strong>ἀνθρακώδης</strong></span> <span class='ocrx_word' id='word_1_268' title='bbox 940 2132 995 2184; x_wconf 84' lang='grc' dir='ltr'><strong>δὲ</strong></span> <span class='ocrx_word' id='word_1_269' title='bbox 1025 2135 1119 2186; x_wconf 71' lang='grc' dir='ltr'><strong>καὶ</strong></span> <span class='ocrx_word' id='word_1_270' title='bbox 1141 2131 1380 2202; x_wconf 76' lang='grc' dir='ltr'><strong>ὕφαιμος</strong></span> <span class='ocrx_word' id='word_1_271' title='bbox 1413 2133 1510 2203; x_wconf 77' lang='grc' dir='ltr'><strong>τὴν</strong></span> <span class='ocrx_word' id='word_1_272' title='bbox 1533 2133 1704 2204; x_wconf 84' lang='grc' dir='ltr'><strong>χρόαν</strong></span> <span class='ocrx_word' id='word_1_273' title='bbox 1736 2134 1868 2204; x_wconf 79' lang='grc' dir='ltr'><strong>ὁρᾶ-</strong></span> 
     </span>
    </p>
   </div>
   <div class='ocr_carea' id='block_1_35' title="bbox 287 2223 1868 2296">
    <p class='ocr_par' dir='ltr' id='par_1_35' title="bbox 287 2223 1868 2296">
     <span class='ocr_line' id='line_1_35' title="bbox 287 2223 1868 2296; baseline -0.001 -19"><span class='ocrx_word' id='word_1_274' title='bbox 287 2241 400 2281; x_wconf 84' lang='grc' dir='ltr'><strong>ται.</strong></span> <span class='ocrx_word' id='word_1_275' title='bbox 430 2225 527 2295; x_wconf 85' lang='grc' dir='ltr'><strong>τῆς</strong></span> <span class='ocrx_word' id='word_1_276' title='bbox 551 2224 855 2294; x_wconf 75' lang='grc' dir='ltr'><strong>παχύτητος</strong></span> <span class='ocrx_word' id='word_1_277' title='bbox 888 2223 978 2276; x_wconf 81' lang='grc' dir='ltr'><strong>τοῦ</strong></span> <span class='ocrx_word' id='word_1_278' title='bbox 1003 2224 1162 2294; x_wconf 88' lang='grc' dir='ltr'><strong>ἀέρος</strong></span> <span class='ocrx_word' id='word_1_279' title='bbox 1195 2224 1396 2294; x_wconf 80' lang='grc' dir='ltr'><strong>ταύτην</strong></span> <span class='ocrx_word' id='word_1_280' title='bbox 1421 2224 1754 2296; x_wconf 75' lang='grc' dir='ltr'><strong>ἐμποιούσης</strong></span> <span class='ocrx_word' id='word_1_281' title='bbox 1771 2225 1868 2295; x_wconf 80' lang='grc' dir='ltr'><strong>τὴν</strong></span> 
     </span>
    </p>
   </div>
   <div class='ocr_carea' id='block_1_36' title="bbox 290 2315 1868 2390">
    <p class='ocr_par' dir='ltr' id='par_1_36' title="bbox 290 2315 1868 2390">
     <span class='ocr_line' id='line_1_36' title="bbox 290 2315 1868 2390; baseline -0.001 -22"><span class='ocrx_word' id='word_1_282' title='bbox 290 2317 591 2384; x_wconf 74' lang='grc' dir='ltr'><strong>φαντασίαν</strong></span> <span class='ocrx_word' id='word_1_283' title='bbox 639 2318 758 2380; x_wconf 82' lang='grc' dir='ltr'><strong>ταῖς</strong></span> <span class='ocrx_word' id='word_1_284' title='bbox 807 2315 982 2386; x_wconf 55' lang='grc' dir='ltr'><strong>ὂψεσι.</strong></span> <span class='ocrx_word' id='word_1_285' title='bbox 1040 2319 1130 2390; x_wconf 81' lang='grc' dir='ltr'><strong>Μὴ</strong></span> <span class='ocrx_word' id='word_1_286' title='bbox 1181 2317 1456 2386; x_wconf 71' lang='grc' dir='ltr'><strong>διαχυθεὶς</strong></span> <span class='ocrx_word' id='word_1_287' title='bbox 1508 2318 1564 2370; x_wconf 78' lang='grc' dir='ltr'><strong>δὲ</strong></span> <span class='ocrx_word' id='word_1_288' title='bbox 1622 2317 1726 2368; x_wconf 84' lang='grc' dir='ltr'><strong>ὑπὸ</strong></span> <span class='ocrx_word' id='word_1_289' title='bbox 1769 2316 1868 2384; x_wconf 81' lang='grc' dir='ltr'><strong>τῆς</strong></span> 
     </span>
    </p>
   </div>
   <div class='ocr_carea' id='block_1_37' title="bbox 287 2403 1867 2475">
    <p class='ocr_par' dir='ltr' id='par_1_37' title="bbox 287 2403 1867 2475">
     <span class='ocr_line' id='line_1_37' title="bbox 287 2403 1867 2475; baseline -0.003 -16"><span class='ocrx_word' id='word_1_290' title='bbox 287 2406 507 2468; x_wconf 79' lang='grc' dir='ltr'><strong>ἀκτῖνος</strong></span> <span class='ocrx_word' id='word_1_291' title='bbox 525 2408 552 2458; x_wconf 87' lang='grc' dir='ltr'><strong>ό</strong></span> <span class='ocrx_word' id='word_1_292' title='bbox 575 2406 997 2475; x_wconf 80' lang='grc' dir='ltr'><strong>πεπυκνωμένος</strong></span> <span class='ocrx_word' id='word_1_293' title='bbox 1018 2408 1154 2470; x_wconf 81' lang='grc' dir='ltr'><strong>τέως</strong></span> <span class='ocrx_word' id='word_1_294' title='bbox 1172 2409 1265 2458; x_wconf 75' lang='grc' dir='ltr'><strong>κα).</strong></span> <span class='ocrx_word' id='word_1_295' title='bbox 1287 2405 1556 2467; x_wconf 85' lang='grc' dir='ltr'><strong>συνεστὼς</strong></span> <span class='ocrx_word' id='word_1_296' title='bbox 1582 2405 1650 2474; x_wconf 78' lang='grc' dir='ltr'><strong>ἀὴ</strong></span> <span class='ocrx_word' id='word_1_297' title='bbox 1659 2421 1688 2475; x_wconf 93' lang='grc' dir='ltr'><strong>ρ</strong></span> <span class='ocrx_word' id='word_1_298' title='bbox 1710 2403 1867 2470; x_wconf 70' lang='grc' dir='ltr'><strong>δῆλός</strong></span> 
     </span>
    </p>
   </div>
   <div class='ocr_carea' id='block_1_38' title="bbox 285 2496 1865 2571">
    <p class='ocr_par' dir='ltr' id='par_1_38' title="bbox 285 2496 1865 2571">
     <span class='ocr_line' id='line_1_38' title="bbox 285 2496 1865 2571; baseline -0.003 -19"><span class='ocrx_word' id='word_1_299' title='bbox 285 2502 405 2553; x_wconf 73' lang='grc' dir='ltr'><strong>ἐστι</strong></span> <span class='ocrx_word' id='word_1_300' title='bbox 429 2501 516 2553; x_wconf 77' lang='grc' dir='ltr'><strong>διὰ</strong></span> <span class='ocrx_word' id='word_1_301' title='bbox 544 2500 641 2571; x_wconf 79' lang='grc' dir='ltr'><strong>τὴν</strong></span> <span class='ocrx_word' id='word_1_302' title='bbox 672 2500 956 2571; x_wconf 79' lang='grc' dir='ltr'><strong>ὲπίῤῥοιαν</strong></span> <span class='ocrx_word' id='word_1_303' title='bbox 990 2500 1096 2552; x_wconf 87' lang='grc' dir='ltr'><strong>τῶν</strong></span> <span class='ocrx_word' id='word_1_304' title='bbox 1142 2501 1205 2551; x_wconf 75' lang='grc' dir='ltr'><strong>ἐκ</strong></span> <span class='ocrx_word' id='word_1_305' title='bbox 1244 2499 1340 2568; x_wconf 87' lang='grc' dir='ltr'><strong>τῆς</strong></span> <span class='ocrx_word' id='word_1_306' title='bbox 1381 2501 1480 2567; x_wconf 80' lang='grc' dir='ltr'><strong>γῆς</strong></span> <span class='ocrx_word' id='word_1_307' title='bbox 1510 2496 1698 2566; x_wconf 83' lang='grc' dir='ltr'><strong>ἀτμῶν</strong></span> <span class='ocrx_word' id='word_1_308' title='bbox 1728 2515 1865 2566; x_wconf 90' lang='grc' dir='ltr'><strong>κρα-</strong></span> 
     </span>
    </p>
   </div>
   <div class='ocr_carea' id='block_1_39' title="bbox 285 2585 1865 2658">
    <p class='ocr_par' dir='ltr' id='par_1_39' title="bbox 285 2585 1865 2658">
     <span class='ocr_line' id='line_1_39' title="bbox 285 2585 1865 2658; baseline -0.002 -17"><span class='ocrx_word' id='word_1_309' title='bbox 285 2588 520 2658; x_wconf 82' lang='grc' dir='ltr'><strong>τηθῆναι</strong></span> <span class='ocrx_word' id='word_1_310' title='bbox 555 2591 628 2658; x_wconf 83' lang='grc' dir='ltr'><strong>μὴ</strong></span> <span class='ocrx_word' id='word_1_311' title='bbox 651 2588 917 2657; x_wconf 80' lang='grc' dir='ltr'><strong>δυνηθεὶς,</strong></span> <span class='ocrx_word' id='word_1_312' title='bbox 953 2587 1089 2640; x_wconf 85' lang='grc' dir='ltr'><strong>ἀλλά</strong></span> <span class='ocrx_word' id='word_1_313' title='bbox 1114 2587 1190 2658; x_wconf 82' lang='grc' dir='ltr'><strong>τῷ</strong></span> <span class='ocrx_word' id='word_1_314' title='bbox 1223 2585 1544 2656; x_wconf 82' lang='grc' dir='ltr'><strong>πλεονασμῷ</strong></span> <span class='ocrx_word' id='word_1_315' title='bbox 1569 2585 1662 2638; x_wconf 79' lang='grc' dir='ltr'><strong>τοῦ</strong></span> <span class='ocrx_word' id='word_1_316' title='bbox 1697 2585 1865 2656; x_wconf 83' lang='grc' dir='ltr'><strong>ὑγροῦ</strong></span> 
     </span>
    </p>
   </div>
   <div class='ocr_carea' id='block_1_40' title="bbox 279 2678 1864 2750">
    <p class='ocr_par' dir='ltr' id='par_1_40' title="bbox 279 2678 1864 2750">
     <span class='ocr_line' id='line_1_40' title="bbox 279 2678 1864 2750; baseline 0 -18"><span class='ocrx_word' id='word_1_317' title='bbox 279 2679 533 2750; x_wconf 75' lang='grc' dir='ltr'><strong>χειμῶνα</strong></span> <span class='ocrx_word' id='word_1_318' title='bbox 563 2678 779 2742; x_wconf 76' lang='grc' dir='ltr'><strong>ἐπάξων</strong></span> <span class='ocrx_word' id='word_1_319' title='bbox 812 2683 922 2742; x_wconf 88' lang='grc' dir='ltr'><strong>τοῖς</strong></span> <span class='ocrx_word' id='word_1_320' title='bbox 951 2679 1170 2749; x_wconf 83' lang='grc' dir='ltr'><strong>χωρίοις</strong></span> <span class='ocrx_word' id='word_1_321' title='bbox 1214 2680 1339 2749; x_wconf 74' lang='grc' dir='ltr'><strong>περὶ</strong></span> <span class='ocrx_word' id='word_1_322' title='bbox 1367 2678 1402 2731; x_wconf 79' lang='grc' dir='ltr'>ἃ</span> <span class='ocrx_word' id='word_1_323' title='bbox 1433 2678 1864 2750; x_wconf 76' lang='grc' dir='ltr'><strong>συναθροίζεται.</strong></span> 
     </span>
    </p>
   </div>
   <div class='ocr_carea' id='block_1_41' title="bbox 300 2767 1867 2840">
    <p class='ocr_par' dir='ltr' id='par_1_41' title="bbox 300 2767 1867 2840">
     <span class='ocr_line' id='line_1_41' title="bbox 300 2767 1867 2840; baseline -0.001 -18"><span class='ocrx_word' id='word_1_324' title='bbox 300 2767 531 2838; x_wconf 80' lang='grc' dir='ltr'><strong>Ὁμοίως</strong></span> <span class='ocrx_word' id='word_1_325' title='bbox 557 2768 614 2820; x_wconf 86' lang='grc' dir='ltr'><strong>δὲ</strong></span> <span class='ocrx_word' id='word_1_326' title='bbox 641 2769 735 2820; x_wconf 72' lang='grc' dir='ltr'><strong>κα).</strong></span> <span class='ocrx_word' id='word_1_327' title='bbox 757 2768 1027 2839; x_wconf 73' lang='grc' dir='ltr'><strong>ὲπειδάνή</strong></span> <span class='ocrx_word' id='word_1_328' title='bbox 1052 2767 1248 2839; x_wconf 79' lang='grc' dir='ltr'><strong>σελήνη</strong></span> <span class='ocrx_word' id='word_1_329' title='bbox 1276 2768 1752 2840; x_wconf 75' lang='grc' dir='ltr'><strong>περςλιμνάζηται⁸</strong></span> <span class='ocrx_word' id='word_1_330' title='bbox 1773 2770 1867 2820; x_wconf 75' lang='grc' dir='ltr'><strong>καὶ</strong></span> 
     </span>
    </p>
   </div>
   <div class='ocr_carea' id='block_1_42' title="bbox 287 2859 1868 2932">
    <p class='ocr_par' dir='ltr' id='par_1_42' title="bbox 287 2859 1868 2932">
     <span class='ocr_line' id='line_1_42' title="bbox 287 2859 1868 2932; baseline 0.001 -22"><span class='ocrx_word' id='word_1_331' title='bbox 287 2859 366 2930; x_wconf 79' lang='grc' dir='ltr'><strong>τῷ</strong></span> <span class='ocrx_word' id='word_1_332' title='bbox 387 2859 521 2932; x_wconf 73' lang='grc' dir='ltr'><strong>ἡλίῳ</strong></span> <span class='ocrx_word' id='word_1_333' title='bbox 548 2859 603 2913; x_wconf 76' lang='grc' dir='ltr'><strong>δὲ</strong></span> <span class='ocrx_word' id='word_1_334' title='bbox 631 2862 757 2914; x_wconf 82' lang='grc' dir='ltr'><strong>ὅταν</strong></span> <span class='ocrx_word' id='word_1_335' title='bbox 789 2863 843 2913; x_wconf 84' lang='grc' dir='ltr'><strong>αί</strong></span> <span class='ocrx_word' id='word_1_336' title='bbox 878 2861 1167 2930; x_wconf 74' lang='grc' dir='ltr'><strong>λεγόμεναι</strong></span> <span class='ocrx_word' id='word_1_337' title='bbox 1201 2861 1370 2923; x_wconf 78' lang='grc' dir='ltr'><strong>ἀλωες</strong></span> <span class='ocrx_word' id='word_1_338' title='bbox 1411 2861 1483 2930; x_wconf 91' lang='lat'><strong>(9)</strong></span> <span class='ocrx_word' id='word_1_339' title='bbox 1518 2860 1868 2932; x_wconf 79' lang='grc' dir='ltr'><strong>περιγραφῶ-</strong></span> 
     </span>
    </p>
   </div>
   <div class='ocr_carea' id='block_1_43' title="bbox 289 2951 1864 3024">
    <p class='ocr_par' dir='ltr' id='par_1_43' title="bbox 289 2951 1864 3024">
     <span class='ocr_line' id='line_1_43' title="bbox 289 2951 1864 3024; baseline -0.001 -20"><span class='ocrx_word' id='word_1_340' title='bbox 289 2969 396 3016; x_wconf 77' lang='grc' dir='ltr'><strong>σιν,</strong></span> <span class='ocrx_word' id='word_1_341' title='bbox 425 2951 666 3021; x_wconf 76' lang='grc' dir='ltr'><strong>ἣῦδατος</strong></span> <span class='ocrx_word' id='word_1_342' title='bbox 688 2954 746 3005; x_wconf 84' lang='grc' dir='ltr'><strong>ἀε</strong></span> <span class='ocrx_word' id='word_1_343' title='bbox 758 2952 869 3024; x_wconf 89' lang='grc' dir='ltr'><strong>ρίου</strong></span> <span class='ocrx_word' id='word_1_344' title='bbox 904 2953 1124 3022; x_wconf 81' lang='grc' dir='ltr'><strong>πλῆθος,</strong></span> <span class='ocrx_word' id='word_1_345' title='bbox 1144 2953 1175 3022; x_wconf 80' lang='grc' dir='ltr'>ἦ</span> <span class='ocrx_word' id='word_1_346' title='bbox 1199 2953 1520 3021; x_wconf 82' lang='grc' dir='ltr'><strong>πνευμάτων</strong></span> <span class='ocrx_word' id='word_1_347' title='bbox 1553 2952 1864 3021; x_wconf 67' lang='grc' dir='ltr'><strong>βιαίωνῌΟ)</strong></span> 
     </span>
    </p>
   </div>
   <div class='ocr_carea' id='block_1_44' title="bbox 288 3040 1867 3114">
    <p class='ocr_par' dir='ltr' id='par_1_44' title="bbox 288 3040 1867 3114">
     <span class='ocr_line' id='line_1_44' title="bbox 288 3040 1867 3114; baseline -0.002 -17"><span class='ocrx_word' id='word_1_348' title='bbox 288 3045 504 3114; x_wconf 83' lang='grc' dir='ltr'><strong>κίνησιν</strong></span> <span class='ocrx_word' id='word_1_349' title='bbox 540 3046 953 3114; x_wconf 69' lang='grc' dir='ltr'><strong>ὑποφαίνουσιν·</strong></span> <span class='ocrx_word' id='word_1_350' title='bbox 989 3044 1020 3113; x_wconf 74' lang='grc' dir='ltr'>ἢ</span> <span class='ocrx_word' id='word_1_351' title='bbox 1059 3044 1172 3104; x_wconf 73' lang='grc' dir='ltr'><strong>καὶ,</strong></span> <span class='ocrx_word' id='word_1_352' title='bbox 1207 3042 1302 3104; x_wconf 84' lang='grc' dir='ltr'><strong>οὓς</strong></span> <span class='ocrx_word' id='word_1_353' title='bbox 1345 3041 1704 3112; x_wconf 74' lang='grc' dir='ltr'><strong>ὀνομάζουσιν</strong></span> <span class='ocrx_word' id='word_1_354' title='bbox 1745 3040 1867 3094; x_wconf 84' lang='grc' dir='ltr'><strong>ἀνθ-</strong></span> 
     </span>
    </p>
   </div>
   <div class='ocr_carea' id='block_1_45' title="bbox 288 3135 1867 3209">
    <p class='ocr_par' dir='ltr' id='par_1_45' title="bbox 288 3135 1867 3209">
     <span class='ocr_line' id='line_1_45' title="bbox 288 3135 1867 3209; baseline -0.002 -20"><span class='ocrx_word' id='word_1_355' title='bbox 288 3138 495 3209; x_wconf 88' lang='grc' dir='ltr'><strong>ηλίους,</strong></span> <span class='ocrx_word' id='word_1_356' title='bbox 514 3139 640 3191; x_wconf 85' lang='grc' dir='ltr'><strong>ὃταν</strong></span> <span class='ocrx_word' id='word_1_357' title='bbox 671 3137 1145 3208; x_wconf 81' lang='grc' dir='ltr'><strong>συμπεριτρέχωσι</strong></span> <span class='ocrx_word' id='word_1_358' title='bbox 1166 3138 1230 3206; x_wconf 75' lang='grc' dir='ltr'><strong>τῇ</strong></span> <span class='ocrx_word' id='word_1_359' title='bbox 1261 3135 1354 3188; x_wconf 78' lang='grc' dir='ltr'><strong>τοῦ</strong></span> <span class='ocrx_word' id='word_1_360' title='bbox 1382 3136 1531 3206; x_wconf 75' lang='grc' dir='ltr'><strong>ἡλίου</strong></span> <span class='ocrx_word' id='word_1_361' title='bbox 1555 3137 1714 3207; x_wconf 75' lang='grc' dir='ltr'><strong>φορᾷ,</strong></span> <span class='ocrx_word' id='word_1_362' title='bbox 1735 3151 1867 3204; x_wconf 89' lang='grc' dir='ltr'><strong>συμ-</strong></span> 
     </span>
    </p>
   </div>
   <div class='ocr_carea' id='block_1_46' title="bbox 291 3223 1865 3301">
    <p class='ocr_par' dir='ltr' id='par_1_46' title="bbox 291 3223 1865 3301">
     <span class='ocr_line' id='line_1_46' title="bbox 291 3223 1865 3301; baseline -0.002 -18"><span class='ocrx_word' id='word_1_363' title='bbox 291 3231 597 3300; x_wconf 59' lang='grc' dir='ltr'><strong>⁴ιτιτωμάτων</strong></span> <span class='ocrx_word' id='word_1_364' title='bbox 631 3229 790 3281; x_wconf 90' lang='grc' dir='ltr'><strong>τινῶν</strong></span> <span class='ocrx_word' id='word_1_365' title='bbox 826 3228 1023 3299; x_wconf 81' lang='grc' dir='ltr'><strong>ἀερίων</strong></span> <span class='ocrx_word' id='word_1_366' title='bbox 1049 3233 1249 3301; x_wconf 87' lang='grc' dir='ltr'><strong>σημεῖα</strong></span> <span class='ocrx_word' id='word_1_367' title='bbox 1273 3230 1500 3298; x_wconf 88' lang='grc' dir='ltr'><strong>γίνεται.</strong></span> <span class='ocrx_word' id='word_1_368' title='bbox 1532 3230 1743 3300; x_wconf 80' lang='grc' dir='ltr'><strong>Ὥσπερ</strong></span> <span class='ocrx_word' id='word_1_369' title='bbox 1772 3223 1865 3281; x_wconf 75' lang='grc' dir='ltr'><strong>οὖν</strong></span> 
     </span>
    </p>
   </div>
   <div class='ocr_carea' id='block_1_47' title="bbox 1968 1955 3541 2024">
    <p class='ocr_par' dir='ltr' id='par_1_47' title="bbox 1968 1955 3541 2024">
     <span class='ocr_line' id='line_1_47' title="bbox 1968 1955 3541 2024; baseline 0.001 -15"><span class='ocrx_word' id='word_1_370' title='bbox 1968 1955 2097 2010; x_wconf 88' lang='lat' dir='ltr'><strong>solis</strong></span> <span class='ocrx_word' id='word_1_371' title='bbox 2126 1970 2382 2009; x_wconf 83' lang='lat' dir='ltr'><strong>ascensus</strong></span> <span class='ocrx_word' id='word_1_372' title='bbox 2404 1996 2417 2018; x_wconf 92' lang='lat'><strong>,</strong></span> <span class='ocrx_word' id='word_1_373' title='bbox 2448 1958 2819 2008; x_wconf 80' lang='lat' dir='ltr'><strong>obscurantur</strong></span> <span class='ocrx_word' id='word_1_374' title='bbox 2846 1956 3061 2024; x_wconf 81' lang='lat' dir='ltr'><strong>quidem</strong></span> <span class='ocrx_word' id='word_1_375' title='bbox 3094 1956 3226 2007; x_wconf 90' lang='lat' dir='ltr'><strong>radii</strong></span> <span class='ocrx_word' id='word_1_376' title='bbox 3261 1974 3274 2019; x_wconf 89' lang='lat'>;</span> <span class='ocrx_word' id='word_1_377' title='bbox 3315 1955 3410 2010; x_wconf 88' lang='lat' dir='ltr'><strong>sed</strong></span> <span class='ocrx_word' id='word_1_378' title='bbox 3463 1956 3541 2010; x_wconf 90' lang='lat' dir='ltr'><strong>sol</strong></span> 
     </span>
    </p>
   </div>
   <div class='ocr_carea' id='block_1_48' title="bbox 1969 2043 3542 2099">
    <p class='ocr_par' dir='ltr' id='par_1_48' title="bbox 1969 2043 3542 2099">
     <span class='ocr_line' id='line_1_48' title="bbox 1969 2043 3542 2099; baseline 0.001 -2"><span class='ocrx_word' id='word_1_379' title='bbox 1969 2044 2261 2097; x_wconf 87' lang='lat' dir='ltr'><strong>carbonum</strong></span> <span class='ocrx_word' id='word_1_380' title='bbox 2300 2043 2351 2096; x_wconf 92' lang='lat' dir='ltr'><strong>in</strong></span> <span class='ocrx_word' id='word_1_381' title='bbox 2383 2057 2586 2097; x_wconf 81' lang='lat' dir='ltr'><strong>morem</strong></span> <span class='ocrx_word' id='word_1_382' title='bbox 2623 2044 2851 2096; x_wconf 91' lang='lat' dir='ltr'><strong>rutilans</strong></span> <span class='ocrx_word' id='word_1_383' title='bbox 2879 2055 2930 2097; x_wconf 85' lang='lat' dir='ltr'><strong>et</strong></span> <span class='ocrx_word' id='word_1_384' title='bbox 2962 2043 3146 2097; x_wconf 87' lang='lat' dir='ltr'><strong>colore</strong></span> <span class='ocrx_word' id='word_1_385' title='bbox 3176 2047 3542 2099; x_wconf 81' lang='lat' dir='ltr'><strong>subcruentus</strong></span> 
     </span>
    </p>
   </div>
   <div class='ocr_carea' id='block_1_49' title="bbox 1969 2135 3542 2205">
    <p class='ocr_par' dir='ltr' id='par_1_49' title="bbox 1969 2135 3542 2205">
     <span class='ocr_line' id='line_1_49' title="bbox 1969 2135 3542 2205; baseline 0.003 -19"><span class='ocrx_word' id='word_1_386' title='bbox 1969 2135 2333 2202; x_wconf 89' lang='lat' dir='ltr'><strong>conspicitur,</strong></span> <span class='ocrx_word' id='word_1_387' title='bbox 2386 2135 2524 2188; x_wconf 80' lang='lat' dir='ltr'><strong>Itane</strong></span> <span class='ocrx_word' id='word_1_388' title='bbox 2571 2135 2745 2188; x_wconf 81' lang='lat' dir='ltr'><strong>oculis</strong></span> <span class='ocrx_word' id='word_1_389' title='bbox 2799 2135 3031 2204; x_wconf 79' lang='lat' dir='ltr'><strong>speciem</strong></span> <span class='ocrx_word' id='word_1_390' title='bbox 3078 2136 3371 2205; x_wconf 66' lang='lat' dir='ltr'><strong>obiiciente</strong></span> <span class='ocrx_word' id='word_1_391' title='bbox 3399 2137 3542 2190; x_wconf 78' lang='lat' dir='ltr'><strong>aeris</strong></span> 
     </span>
    </p>
   </div>
   <div class='ocr_carea' id='block_1_50' title="bbox 1970 2228 3541 2282">
    <p class='ocr_par' dir='ltr' id='par_1_50' title="bbox 1970 2228 3541 2282">
     <span class='ocr_line' id='line_1_50' title="bbox 1970 2228 3541 2282; baseline -0.001 0"><span class='ocrx_word' id='word_1_392' title='bbox 1970 2229 2350 2282; x_wconf 88' lang='lat' dir='ltr'><strong>crassitudine.</strong></span> <span class='ocrx_word' id='word_1_393' title='bbox 2384 2228 2608 2282; x_wconf 81' lang='lat' dir='ltr'><strong>Constat</strong></span> <span class='ocrx_word' id='word_1_394' title='bbox 2637 2238 2812 2282; x_wconf 91' lang='lat' dir='ltr'><strong>autem</strong></span> <span class='ocrx_word' id='word_1_395' title='bbox 2859 2243 3038 2282; x_wconf 86' lang='lat' dir='ltr'><strong>aerem</strong></span> <span class='ocrx_word' id='word_1_396' title='bbox 3070 2228 3214 2281; x_wconf 87' lang='lat' dir='ltr'><strong>illutn</strong></span> <span class='ocrx_word' id='word_1_397' title='bbox 3242 2229 3541 2282; x_wconf 81' lang='lat' dir='ltr'><strong>condensa-</strong></span> 
     </span>
    </p>
   </div>
   <div class='ocr_carea' id='block_1_51' title="bbox 1973 2320 3543 2387">
    <p class='ocr_par' dir='ltr' id='par_1_51' title="bbox 1973 2320 3543 2387">
     <span class='ocr_line' id='line_1_51' title="bbox 1973 2320 3543 2387; baseline 0.004 -17"><span class='ocrx_word' id='word_1_398' title='bbox 1973 2329 2081 2371; x_wconf 91' lang='lat' dir='ltr'><strong>tum</strong></span> <span class='ocrx_word' id='word_1_399' title='bbox 2113 2335 2176 2372; x_wconf 87' lang='lat' dir='ltr'><strong>ac</strong></span> <span class='ocrx_word' id='word_1_400' title='bbox 2200 2330 2562 2387; x_wconf 86' lang='lat' dir='ltr'><strong>compactum,</strong></span> <span class='ocrx_word' id='word_1_401' title='bbox 2593 2335 2710 2372; x_wconf 92' lang='lat' dir='ltr'><strong>cum</strong></span> <span class='ocrx_word' id='word_1_402' title='bbox 2734 2335 2760 2371; x_wconf 93' lang='lat' dir='ltr'><strong>a</strong></span> <span class='ocrx_word' id='word_1_403' title='bbox 2796 2321 2947 2373; x_wconf 76' lang='lat' dir='ltr'><strong>radio</strong></span> <span class='ocrx_word' id='word_1_404' title='bbox 2972 2336 3073 2374; x_wconf 91' lang='lat' dir='ltr'><strong>non</strong></span> <span class='ocrx_word' id='word_1_405' title='bbox 3106 2320 3443 2386; x_wconf 70' lang='lat' dir='ltr'><strong>dilfunditur,</strong></span> <span class='ocrx_word' id='word_1_406' title='bbox 3472 2321 3543 2376; x_wconf 89' lang='lat' dir='ltr'><strong>ob</strong></span> 
     </span>
    </p>
   </div>
   <div class='ocr_carea' id='block_1_52' title="bbox 1970 2412 3538 2484">
    <p class='ocr_par' dir='ltr' id='par_1_52' title="bbox 1970 2412 3538 2484">
     <span class='ocr_line' id='line_1_52' title="bbox 1970 2412 3538 2484; baseline 0.004 -22"><span class='ocrx_word' id='word_1_407' title='bbox 1970 2425 2227 2478; x_wconf 76' lang='lat' dir='ltr'><strong>vaporum</strong></span> <span class='ocrx_word' id='word_1_408' title='bbox 2259 2427 2289 2467; x_wconf 90' lang='lat' dir='ltr'><strong>e</strong></span> <span class='ocrx_word' id='word_1_409' title='bbox 2325 2423 2469 2466; x_wconf 88' lang='lat' dir='ltr'><strong>terra</strong></span> <span class='ocrx_word' id='word_1_410' title='bbox 2509 2415 2918 2484; x_wconf 79' lang='lat' dir='ltr'><strong>exsurgentium</strong></span> <span class='ocrx_word' id='word_1_411' title='bbox 2953 2412 3241 2468; x_wconf 79' lang='lat' dir='ltr'><strong>ﬂuxionem</strong></span> <span class='ocrx_word' id='word_1_412' title='bbox 3269 2414 3538 2468; x_wconf 88' lang='lat' dir='ltr'><strong>contineri</strong></span> 
     </span>
    </p>
   </div>
   <div class='ocr_carea' id='block_1_53' title="bbox 1969 2505 3536 2574">
    <p class='ocr_par' dir='ltr' id='par_1_53' title="bbox 1969 2505 3536 2574">
     <span class='ocr_line' id='line_1_53' title="bbox 1969 2505 3536 2574; baseline 0 -19"><span class='ocrx_word' id='word_1_413' title='bbox 1969 2518 2075 2556; x_wconf 91' lang='lat' dir='ltr'><strong>non</strong></span> <span class='ocrx_word' id='word_1_414' title='bbox 2099 2517 2289 2570; x_wconf 90' lang='lat' dir='ltr'><strong>posse:</strong></span> <span class='ocrx_word' id='word_1_415' title='bbox 2312 2506 2403 2557; x_wconf 86' lang='lat' dir='ltr'><strong>sed</strong></span> <span class='ocrx_word' id='word_1_416' title='bbox 2439 2505 2489 2556; x_wconf 94' lang='lat' dir='ltr'><strong>in</strong></span> <span class='ocrx_word' id='word_1_417' title='bbox 2517 2505 2602 2558; x_wconf 81' lang='lat' dir='ltr'><strong>liis</strong></span> <span class='ocrx_word' id='word_1_418' title='bbox 2636 2506 2946 2574; x_wconf 84' lang='lat' dir='ltr'><strong>regionibus</strong></span> <span class='ocrx_word' id='word_1_419' title='bbox 2969 2505 3112 2560; x_wconf 91' lang='lat' dir='ltr'><strong>circa</strong></span> <span class='ocrx_word' id='word_1_420' title='bbox 3145 2520 3278 2572; x_wconf 89' lang='lat' dir='ltr'><strong>quas</strong></span> <span class='ocrx_word' id='word_1_421' title='bbox 3305 2505 3536 2574; x_wconf 90' lang='lat' dir='ltr'><strong>cogitur,</strong></span> 
     </span>
    </p>
   </div>
   <div class='ocr_carea' id='block_1_54' title="bbox 1969 2596 3538 2664">
    <p class='ocr_par' dir='ltr' id='par_1_54' title="bbox 1969 2596 3538 2664">
     <span class='ocr_line' id='line_1_54' title="bbox 1969 2596 3538 2664; baseline 0.003 -18"><span class='ocrx_word' id='word_1_422' title='bbox 1969 2602 2355 2662; x_wconf 86' lang='lat' dir='ltr'><strong>tempestatem</strong></span> <span class='ocrx_word' id='word_1_423' title='bbox 2394 2597 2462 2649; x_wconf 93' lang='lat' dir='ltr'><strong>ob</strong></span> <span class='ocrx_word' id='word_1_424' title='bbox 2497 2596 2739 2650; x_wconf 80' lang='lat' dir='ltr'><strong>lnnnoris</strong></span> <span class='ocrx_word' id='word_1_425' title='bbox 2782 2598 2990 2664; x_wconf 89' lang='lat' dir='ltr'><strong>copiam</strong></span> <span class='ocrx_word' id='word_1_426' title='bbox 3020 2597 3403 2650; x_wconf 73' lang='lat' dir='ltr'><strong>excitaturum.</strong></span> <span class='ocrx_word' id='word_1_427' title='bbox 3445 2596 3538 2650; x_wconf 68' lang='lat' dir='ltr'><strong>Si-</strong></span> 
     </span>
    </p>
   </div>
   <div class='ocr_carea' id='block_1_55' title="bbox 1970 2684 3538 2754">
    <p class='ocr_par' dir='ltr' id='par_1_55' title="bbox 1970 2684 3538 2754">
     <span class='ocr_line' id='line_1_55' title="bbox 1970 2684 3538 2754; baseline 0.003 -19"><span class='ocrx_word' id='word_1_428' title='bbox 1970 2685 2167 2736; x_wconf 91' lang='lat' dir='ltr'><strong>militer</strong></span> <span class='ocrx_word' id='word_1_429' title='bbox 2188 2685 2351 2738; x_wconf 88' lang='lat' dir='ltr'><strong>etiam</strong></span> <span class='ocrx_word' id='word_1_430' title='bbox 2377 2699 2498 2736; x_wconf 93' lang='lat' dir='ltr'><strong>cum</strong></span> <span class='ocrx_word' id='word_1_431' title='bbox 2528 2684 2803 2737; x_wconf 87' lang='lat' dir='ltr'><strong>undelibet</strong></span> <span class='ocrx_word' id='word_1_432' title='bbox 2829 2695 3104 2754; x_wconf 82' lang='lat' dir='ltr'><strong>restagnat</strong></span> <span class='ocrx_word' id='word_1_433' title='bbox 3127 2685 3272 2742; x_wconf 82' lang='lat' dir='ltr'><strong>luna.</strong></span> <span class='ocrx_word' id='word_1_434' title='bbox 3303 2695 3356 2739; x_wconf 93' lang='lat' dir='ltr'><strong>et</strong></span> <span class='ocrx_word' id='word_1_435' title='bbox 3378 2701 3538 2750; x_wconf 74' lang='lat' dir='ltr'><strong>arcte,</strong></span> 
     </span>
    </p>
   </div>
   <div class='ocr_carea' id='block_1_56' title="bbox 1968 2776 3542 2848">
    <p class='ocr_par' dir='ltr' id='par_1_56' title="bbox 1968 2776 3542 2848">
     <span class='ocr_line' id='line_1_56' title="bbox 1968 2776 3542 2848; baseline 0.004 -21"><span class='ocrx_word' id='word_1_436' title='bbox 1968 2791 2103 2845; x_wconf 89' lang='lat' dir='ltr'><strong>quas</strong></span> <span class='ocrx_word' id='word_1_437' title='bbox 2127 2785 2341 2839; x_wconf 86' lang='lat' dir='ltr'><strong>vocant,</strong></span> <span class='ocrx_word' id='word_1_438' title='bbox 2378 2776 2541 2830; x_wconf 88' lang='lat' dir='ltr'><strong>solem</strong></span> <span class='ocrx_word' id='word_1_439' title='bbox 2571 2776 3045 2840; x_wconf 89' lang='lat' dir='ltr'><strong>circumscribunt,</strong></span> <span class='ocrx_word' id='word_1_440' title='bbox 3085 2787 3210 2832; x_wconf 93' lang='lat' dir='ltr'><strong>tunc</strong></span> <span class='ocrx_word' id='word_1_441' title='bbox 3243 2785 3336 2830; x_wconf 91' lang='lat' dir='ltr'><strong>aut</strong></span> <span class='ocrx_word' id='word_1_442' title='bbox 3387 2792 3542 2848; x_wconf 71' lang='lat' dir='ltr'><strong>aqum</strong></span> 
     </span>
    </p>
   </div>
   <div class='ocr_carea' id='block_1_57' title="bbox 1971 2869 3538 2928">
    <p class='ocr_par' dir='ltr' id='par_1_57' title="bbox 1971 2869 3538 2928">
     <span class='ocr_line' id='line_1_57' title="bbox 1971 2869 3538 2928; baseline 0.004 -10"><span class='ocrx_word' id='word_1_443' title='bbox 1971 2882 2142 2922; x_wconf 72' lang='lat' dir='ltr'><strong>aerea:</strong></span> <span class='ocrx_word' id='word_1_444' title='bbox 2185 2869 2609 2928; x_wconf 85' lang='lat' dir='ltr'><strong>abundantiam,</strong></span> <span class='ocrx_word' id='word_1_445' title='bbox 2650 2878 2742 2920; x_wconf 90' lang='lat' dir='ltr'><strong>aut</strong></span> <span class='ocrx_word' id='word_1_446' title='bbox 2795 2869 3196 2922; x_wconf 84' lang='lat' dir='ltr'><strong>vehementium</strong></span> <span class='ocrx_word' id='word_1_447' title='bbox 3253 2881 3538 2925; x_wconf 87' lang='lat' dir='ltr'><strong>ventorum</strong></span> 
     </span>
    </p>
   </div>
   <div class='ocr_carea' id='block_1_58' title="bbox 1969 2961 3540 3033">
    <p class='ocr_par' dir='ltr' id='par_1_58' title="bbox 1969 2961 3540 3033">
     <span class='ocr_line' id='line_1_58' title="bbox 1969 2961 3540 3033; baseline 0.003 -22"><span class='ocrx_word' id='word_1_448' title='bbox 1969 2970 2174 3012; x_wconf 88' lang='lat' dir='ltr'><strong>motum</strong></span> <span class='ocrx_word' id='word_1_449' title='bbox 2209 2961 2519 3026; x_wconf 77' lang='lat' dir='ltr'><strong>significant</strong></span> <span class='ocrx_word' id='word_1_450' title='bbox 2550 2978 2564 3013; x_wconf 91' lang='lat'><strong>:</strong></span> <span class='ocrx_word' id='word_1_451' title='bbox 2596 2961 2889 3028; x_wconf 88' lang='lat' dir='ltr'><strong>quinetiam</strong></span> <span class='ocrx_word' id='word_1_452' title='bbox 2921 2963 2953 3013; x_wconf 94' lang='lat' dir='ltr'><strong>ii</strong></span> <span class='ocrx_word' id='word_1_453' title='bbox 2983 2976 3120 3033; x_wconf 88' lang='lat' dir='ltr'><strong>quos</strong></span> <span class='ocrx_word' id='word_1_454' title='bbox 3151 2962 3406 3015; x_wconf 83' lang='lat' dir='ltr'><strong>adversos</strong></span> <span class='ocrx_word' id='word_1_455' title='bbox 3456 2977 3540 3015; x_wconf 84' lang='lat' dir='ltr'><strong>so-</strong></span> 
     </span>
    </p>
   </div>
   <div class='ocr_carea' id='block_1_59' title="bbox 1969 3050 3533 3120">
    <p class='ocr_par' dir='ltr' id='par_1_59' title="bbox 1969 3050 3533 3120">
     <span class='ocr_line' id='line_1_59' title="bbox 1969 3050 3533 3120; baseline 0.002 -17"><span class='ocrx_word' id='word_1_456' title='bbox 1969 3050 2045 3105; x_wconf 89' lang='lat' dir='ltr'><strong>les</strong></span> <span class='ocrx_word' id='word_1_457' title='bbox 2067 3050 2360 3120; x_wconf 87' lang='lat' dir='ltr'><strong>appellant,</strong></span> <span class='ocrx_word' id='word_1_458' title='bbox 2387 3051 2600 3120; x_wconf 89' lang='lat' dir='ltr'><strong>quando</strong></span> <span class='ocrx_word' id='word_1_459' title='bbox 2625 3066 2730 3104; x_wconf 86' lang='lat' dir='ltr'><strong>una</strong></span> <span class='ocrx_word' id='word_1_460' title='bbox 2756 3067 2875 3105; x_wconf 90' lang='lat' dir='ltr'><strong>cum</strong></span> <span class='ocrx_word' id='word_1_461' title='bbox 2901 3052 3031 3107; x_wconf 89' lang='lat' dir='ltr'><strong>solis</strong></span> <span class='ocrx_word' id='word_1_462' title='bbox 3055 3055 3407 3108; x_wconf 89' lang='lat' dir='ltr'><strong>conversione</strong></span> <span class='ocrx_word' id='word_1_463' title='bbox 3429 3055 3533 3108; x_wconf 82' lang='lat' dir='ltr'><strong>cir-</strong></span> 
     </span>
    </p>
   </div>
   <div class='ocr_carea' id='block_1_60' title="bbox 1969 3142 3539 3208">
    <p class='ocr_par' dir='ltr' id='par_1_60' title="bbox 1969 3142 3539 3208">
     <span class='ocr_line' id='line_1_60' title="bbox 1969 3142 3539 3208; baseline 0.001 -12"><span class='ocrx_word' id='word_1_464' title='bbox 1969 3153 2343 3204; x_wconf 90' lang='lat' dir='ltr'><strong>cumcursant,</strong></span> <span class='ocrx_word' id='word_1_465' title='bbox 2389 3142 2657 3196; x_wconf 89' lang='lat' dir='ltr'><strong>aeriorum</strong></span> <span class='ocrx_word' id='word_1_466' title='bbox 2712 3143 3066 3208; x_wconf 88' lang='lat' dir='ltr'><strong>quorumdam</strong></span> <span class='ocrx_word' id='word_1_467' title='bbox 3125 3158 3347 3196; x_wconf 90' lang='lat' dir='ltr'><strong>casuum</strong></span> <span class='ocrx_word' id='word_1_468' title='bbox 3405 3147 3539 3198; x_wconf 86' lang='lat' dir='ltr'><strong>liunt</strong></span> 
     </span>
    </p>
   </div>
   <div class='ocr_carea' id='block_1_61' title="bbox 1973 3230 3539 3302">
    <p class='ocr_par' dir='ltr' id='par_1_61' title="bbox 1973 3230 3539 3302">
     <span class='ocr_line' id='line_1_61' title="bbox 1973 3230 3539 3302; baseline 0.003 -18"><span class='ocrx_word' id='word_1_469' title='bbox 1973 3233 2250 3302; x_wconf 65' lang='lat' dir='ltr'><strong>praesagia.</strong></span> <span class='ocrx_word' id='word_1_470' title='bbox 2290 3231 2365 3284; x_wconf 88' lang='lat' dir='ltr'><strong>Ita</strong></span> <span class='ocrx_word' id='word_1_471' title='bbox 2397 3240 2451 3285; x_wconf 91' lang='lat' dir='ltr'><strong>et</strong></span> <span class='ocrx_word' id='word_1_472' title='bbox 2477 3230 2639 3300; x_wconf 73' lang='lat' dir='ltr'><strong>virga:</strong></span> <span class='ocrx_word' id='word_1_473' title='bbox 2674 3230 2776 3282; x_wconf 71' lang='lat' dir='ltr'><strong>illa:</strong></span> <span class='ocrx_word' id='word_1_474' title='bbox 2803 3246 2922 3299; x_wconf 69' lang='grc' dir='ltr'><strong>ηοω</strong></span> <span class='ocrx_word' id='word_1_475' title='bbox 2953 3232 3105 3287; x_wconf 87' lang='lat' dir='ltr'><strong>iridis</strong></span> <span class='ocrx_word' id='word_1_476' title='bbox 3137 3235 3420 3288; x_wconf 87' lang='lat' dir='ltr'><strong>imitantur</strong></span> <span class='ocrx_word' id='word_1_477' title='bbox 3444 3250 3539 3290; x_wconf 88' lang='lat' dir='ltr'><strong>co-</strong></span> 
     </span>
    </p>
   </div>
   <div class='ocr_carea' id='block_1_62' title="bbox 291 3320 1974 3395">
    <p class='ocr_par' dir='ltr' id='par_1_62' title="bbox 291 3320 1974 3393">
     <span class='ocr_line' id='line_1_62' title="bbox 291 3320 1974 3393; baseline -0.001 -20"><span class='ocrx_word' id='word_1_478' title='bbox 291 3323 386 3374; x_wconf 79' lang='grc' dir='ltr'><strong>καὶ</strong></span> <span class='ocrx_word' id='word_1_479' title='bbox 407 3323 462 3372; x_wconf 86' lang='grc' dir='ltr'><strong>αί</strong></span> <span class='ocrx_word' id='word_1_480' title='bbox 492 3320 692 3389; x_wconf 75' lang='grc' dir='ltr'><strong>ῥάϐδοι,</strong></span> <span class='ocrx_word' id='word_1_481' title='bbox 720 3321 774 3372; x_wconf 87' lang='grc' dir='ltr'><strong>αί</strong></span> <span class='ocrx_word' id='word_1_482' title='bbox 799 3321 940 3373; x_wconf 86' lang='grc' dir='ltr'><strong>κατὰ</strong></span> <span class='ocrx_word' id='word_1_483' title='bbox 969 3320 1066 3391; x_wconf 78' lang='grc' dir='ltr'><strong>τὴν</strong></span> <span class='ocrx_word' id='word_1_484' title='bbox 1099 3323 1262 3393; x_wconf 83' lang='grc' dir='ltr'><strong>χρόαν</strong></span> <span class='ocrx_word' id='word_1_485' title='bbox 1285 3321 1382 3390; x_wconf 78' lang='grc' dir='ltr'><strong>τῆς</strong></span> <span class='ocrx_word' id='word_1_486' title='bbox 1416 3321 1581 3391; x_wconf 82' lang='grc' dir='ltr'><strong>ίριδος</strong></span> <span class='ocrx_word' id='word_1_487' title='bbox 1609 3322 1686 3382; x_wconf 88' lang='grc' dir='ltr'><strong>είς</strong></span> <span class='ocrx_word' id='word_1_488' title='bbox 1709 3320 1866 3390; x_wconf 74' lang='grc' dir='ltr'><strong>ὀρθὸν</strong></span> <span class='ocrx_word' id='word_1_489' title='bbox 1893 3329 1934 3386; x_wconf 80' lang='lat' dir='ltr'><strong><em>C</em></strong></span> <span class='ocrx_word' id='word_1_490' title='bbox 1971 3324 1974 3377; x_wconf 82' lang='lat' dir='ltr'><strong>l</strong></span> 
     </span>
    </p>
   </div>
   <div class='ocr_carea' id='block_1_63' title="bbox 1855 3320 3538 3395">
    <p class='ocr_par' dir='ltr' id='par_1_63' title="bbox 1855 3324 3538 3395">
     <span class='ocr_line' id='line_1_63' title="bbox 1855 3324 3538 3395; baseline 0.008 -25"><span class='ocrx_word' id='word_1_491' title='bbox 1855 3329 1934 3386; x_wconf 67' lang='lat' dir='ltr'><strong>lC</strong></span> <span class='ocrx_word' id='word_1_492' title='bbox 1971 3324 2160 3386; x_wconf 86' lang='lat' dir='ltr'><strong>Iurem,</strong></span> <span class='ocrx_word' id='word_1_493' title='bbox 2200 3338 2261 3376; x_wconf 92' lang='lat' dir='ltr'><strong>ac</strong></span> <span class='ocrx_word' id='word_1_494' title='bbox 2305 3332 2462 3376; x_wconf 69' lang='lat' dir='ltr'><strong>recta:</strong></span> <span class='ocrx_word' id='word_1_495' title='bbox 2498 3324 2549 3375; x_wconf 95' lang='lat' dir='ltr'><strong>in</strong></span> <span class='ocrx_word' id='word_1_496' title='bbox 2597 3324 2828 3377; x_wconf 91' lang='lat' dir='ltr'><strong>nubibus</strong></span> <span class='ocrx_word' id='word_1_497' title='bbox 2872 3334 3170 3392; x_wconf 83' lang='lat' dir='ltr'><strong>apparent,</strong></span> <span class='ocrx_word' id='word_1_498' title='bbox 3203 3326 3412 3395; x_wconf 87' lang='lat' dir='ltr'><strong>pluvias</strong></span> <span class='ocrx_word' id='word_1_499' title='bbox 3444 3338 3538 3383; x_wconf 85' lang='lat' dir='ltr'><strong>aut</strong></span> 
     </span>
    </p>
   </div>
   <div class='ocr_carea' id='block_1_64' title="bbox 289 3409 1867 3481">
    <p class='ocr_par' dir='ltr' id='par_1_64' title="bbox 289 3409 1867 3481">
     <span class='ocr_line' id='line_1_64' title="bbox 289 3409 1867 3481; baseline -0.001 -19"><span class='ocrx_word' id='word_1_500' title='bbox 289 3414 404 3474; x_wconf 86' lang='grc' dir='ltr'><strong>τοῖς</strong></span> <span class='ocrx_word' id='word_1_501' title='bbox 435 3411 648 3477; x_wconf 79' lang='grc' dir='ltr'><strong>νέφεσιν</strong></span> <span class='ocrx_word' id='word_1_502' title='bbox 689 3411 1103 3481; x_wconf 64' lang='grc' dir='ltr'><strong>ὲμιραινόμεναι,</strong></span> <span class='ocrx_word' id='word_1_503' title='bbox 1144 3410 1437 3480; x_wconf 80' lang='grc' dir='ltr'><strong>δμϐρουςῆ</strong></span> <span class='ocrx_word' id='word_1_504' title='bbox 1479 3409 1752 3480; x_wconf 87' lang='grc' dir='ltr'><strong>χειμῶνας</strong></span> <span class='ocrx_word' id='word_1_505' title='bbox 1780 3411 1867 3474; x_wconf 65' lang='lat' dir='ltr'><strong>s5-</strong></span> 
     </span>
    </p>
   </div>
   <div class='ocr_carea' id='block_1_65' title="bbox 291 3501 1867 3575">
    <p class='ocr_par' dir='ltr' id='par_1_65' title="bbox 291 3501 1867 3575">
     <span class='ocr_line' id='line_1_65' title="bbox 291 3501 1867 3575; baseline -0.001 -19"><span class='ocrx_word' id='word_1_506' title='bbox 291 3503 522 3566; x_wconf 88' lang='grc' dir='ltr'><strong>αισίους,</strong></span> <span class='ocrx_word' id='word_1_507' title='bbox 546 3503 578 3573; x_wconf 83' lang='grc' dir='ltr'>ἢ</span> <span class='ocrx_word' id='word_1_508' title='bbox 601 3502 735 3566; x_wconf 83' lang='grc' dir='ltr'><strong>ὅλως</strong></span> <span class='ocrx_word' id='word_1_509' title='bbox 763 3505 860 3575; x_wconf 86' lang='grc' dir='ltr'><strong>τὴν</strong></span> <span class='ocrx_word' id='word_1_510' title='bbox 885 3504 976 3555; x_wconf 75' lang='grc' dir='ltr'><strong>ὲπ).</strong></span> <span class='ocrx_word' id='word_1_511' title='bbox 1010 3504 1254 3556; x_wconf 88' lang='grc' dir='ltr'><strong>πλεῖστον</strong></span> <span class='ocrx_word' id='word_1_512' title='bbox 1275 3502 1575 3574; x_wconf 75' lang='grc' dir='ltr'><strong>μεταϐολὴν</strong></span> <span class='ocrx_word' id='word_1_513' title='bbox 1599 3501 1690 3553; x_wconf 85' lang='grc' dir='ltr'><strong>τοῦ</strong></span> <span class='ocrx_word' id='word_1_514' title='bbox 1709 3502 1867 3571; x_wconf 87' lang='grc' dir='ltr'><strong>ἀέρος</strong></span> 
     </span>
    </p>
   </div>
   <div class='ocr_carea' id='block_1_66' title="bbox 295 3593 1866 3666">
    <p class='ocr_par' dir='ltr' id='par_1_66' title="bbox 295 3593 1866 3666">
     <span class='ocr_line' id='line_1_66' title="bbox 295 3593 1866 3666; baseline -0.002 -18"><span class='ocrx_word' id='word_1_515' title='bbox 295 3595 676 3649; x_wconf 76' lang='grc' dir='ltr'><strong>ἐνδείκνυνται.</strong></span> <span class='ocrx_word' id='word_1_516' title='bbox 740 3595 916 3648; x_wconf 84' lang='grc' dir='ltr'><strong>[Ιολλά</strong></span> <span class='ocrx_word' id='word_1_517' title='bbox 970 3595 1026 3646; x_wconf 78' lang='grc' dir='ltr'><strong>δὲ</strong></span> <span class='ocrx_word' id='word_1_518' title='bbox 1061 3597 1155 3648; x_wconf 71' lang='grc' dir='ltr'><strong>καὶ</strong></span> <span class='ocrx_word' id='word_1_519' title='bbox 1198 3594 1325 3666; x_wconf 74' lang='grc' dir='ltr'><strong>περ).</strong></span> <span class='ocrx_word' id='word_1_520' title='bbox 1369 3593 1600 3664; x_wconf 75' lang='grc' dir='ltr'><strong>σελήνην</strong></span> <span class='ocrx_word' id='word_1_521' title='bbox 1631 3593 1866 3662; x_wconf 76' lang='grc' dir='ltr'><strong>αὐξομέο</strong></span> 
     </span>
    </p>
   </div>
   <div class='ocr_carea' id='block_1_67' title="bbox 293 3686 1869 3758">
    <p class='ocr_par' dir='ltr' id='par_1_67' title="bbox 293 3686 1869 3758">
     <span class='ocr_line' id='line_1_67' title="bbox 293 3686 1869 3758; baseline -0.003 -18"><span class='ocrx_word' id='word_1_522' title='bbox 293 3705 390 3757; x_wconf 87' lang='grc' dir='ltr'><strong>νην</strong></span> <span class='ocrx_word' id='word_1_523' title='bbox 428 3687 593 3758; x_wconf 79' lang='grc' dir='ltr'><strong>(Η)ἢ</strong></span> <span class='ocrx_word' id='word_1_524' title='bbox 634 3687 903 3757; x_wconf 82' lang='grc' dir='ltr'><strong>λήγουσαν</strong></span> <span class='ocrx_word' id='word_1_525' title='bbox 939 3688 987 3740; x_wconf 90' lang='grc' dir='ltr'><strong>οἱ</strong></span> <span class='ocrx_word' id='word_1_526' title='bbox 1021 3687 1231 3750; x_wconf 83' lang='grc' dir='ltr'><strong>τούτοις</strong></span> <span class='ocrx_word' id='word_1_527' title='bbox 1261 3686 1613 3756; x_wconf 84' lang='grc' dir='ltr'><strong>ὲσχολακότες</strong></span> <span class='ocrx_word' id='word_1_528' title='bbox 1640 3686 1869 3755; x_wconf 78' lang='grc' dir='ltr'><strong>τετηρή-</strong></span> 
     </span>
    </p>
   </div>
   <div class='ocr_carea' id='block_1_68' title="bbox 294 3778 1868 3852">
    <p class='ocr_par' dir='ltr' id='par_1_68' title="bbox 294 3778 1868 3852">
     <span class='ocr_line' id='line_1_68' title="bbox 294 3778 1868 3852; baseline -0.003 -17"><span class='ocrx_word' id='word_1_529' title='bbox 294 3798 423 3835; x_wconf 87' lang='grc' dir='ltr'><strong>κασι</strong></span> <span class='ocrx_word' id='word_1_530' title='bbox 459 3781 755 3852; x_wconf 84' lang='grc' dir='ltr'><strong>σημειώδη,</strong></span> <span class='ocrx_word' id='word_1_531' title='bbox 809 3782 883 3844; x_wconf 82' lang='grc' dir='ltr'><strong>ὡς</strong></span> <span class='ocrx_word' id='word_1_532' title='bbox 910 3778 1003 3831; x_wconf 83' lang='grc' dir='ltr'><strong>τοῦ</strong></span> <span class='ocrx_word' id='word_1_533' title='bbox 1053 3783 1182 3851; x_wconf 77' lang='grc' dir='ltr'><strong>περ).</strong></span> <span class='ocrx_word' id='word_1_534' title='bbox 1235 3781 1335 3850; x_wconf 78' lang='grc' dir='ltr'><strong>γῆν</strong></span> <span class='ocrx_word' id='word_1_535' title='bbox 1371 3781 1530 3850; x_wconf 84' lang='grc' dir='ltr'><strong>ἀέρος</strong></span> <span class='ocrx_word' id='word_1_536' title='bbox 1558 3780 1868 3847; x_wconf 83' lang='grc' dir='ltr'><strong>ἀναγκαίως</strong></span> 
     </span>
    </p>
   </div>
   <div class='ocr_carea' id='block_1_69' title="bbox 292 3871 1868 3944">
    <p class='ocr_par' dir='ltr' id='par_1_69' title="bbox 292 3871 1868 3944">
     <span class='ocr_line' id='line_1_69' title="bbox 292 3871 1868 3944; baseline -0.001 -19"><span class='ocrx_word' id='word_1_537' title='bbox 292 3877 406 3936; x_wconf 85' lang='grc' dir='ltr'><strong>τοῖς</strong></span> <span class='ocrx_word' id='word_1_538' title='bbox 438 3875 706 3944; x_wconf 81' lang='grc' dir='ltr'><strong>σχήμασιν</strong></span> <span class='ocrx_word' id='word_1_539' title='bbox 733 3873 900 3941; x_wconf 76' lang='grc' dir='ltr'><strong>αὐτῆς</strong></span> <span class='ocrx_word' id='word_1_540' title='bbox 923 3871 1520 3942; x_wconf 86' lang='grc' dir='ltr'><strong>συμμεταϐαλλομένου.</strong></span> <span class='ocrx_word' id='word_1_541' title='bbox 1557 3872 1739 3941; x_wconf 77' lang='grc' dir='ltr'><strong>Λεπτὴ</strong></span> <span class='ocrx_word' id='word_1_542' title='bbox 1772 3872 1868 3941; x_wconf 85' lang='grc' dir='ltr'><strong>μὲν</strong></span> 
     </span>
    </p>
   </div>
   <div class='ocr_carea' id='block_1_70' title="bbox 294 3959 1868 4032">
    <p class='ocr_par' dir='ltr' id='par_1_70' title="bbox 294 3959 1868 4032">
     <span class='ocr_line' id='line_1_70' title="bbox 294 3959 1868 4032; baseline 0 -18"><span class='ocrx_word' id='word_1_543' title='bbox 294 3961 405 4032; x_wconf 83' lang='grc' dir='ltr'><strong>γάρ</strong></span> <span class='ocrx_word' id='word_1_544' title='bbox 439 3959 571 4014; x_wconf 74' lang='grc' dir='ltr'><strong>οὖσα</strong></span> <span class='ocrx_word' id='word_1_545' title='bbox 606 3961 730 4030; x_wconf 70' lang='grc' dir='ltr'><strong>περὶ</strong></span> <span class='ocrx_word' id='word_1_546' title='bbox 756 3961 944 4031; x_wconf 86' lang='grc' dir='ltr'><strong>τρίτην</strong></span> <span class='ocrx_word' id='word_1_547' title='bbox 967 3959 1179 4032; x_wconf 81' lang='grc' dir='ltr'><strong>ἡμέραν</strong></span> <span class='ocrx_word' id='word_1_548' title='bbox 1203 3962 1296 4012; x_wconf 73' lang='grc' dir='ltr'><strong>καὶ</strong></span> <span class='ocrx_word' id='word_1_549' title='bbox 1325 3959 1562 4030; x_wconf 77' lang='grc' dir='ltr'><strong>καθαρά,</strong></span> <span class='ocrx_word' id='word_1_550' title='bbox 1603 3961 1868 4032; x_wconf 75' lang='grc' dir='ltr'><strong>σταθερὰν</strong></span> 
     </span>
    </p>
   </div>
   <div class='ocr_carea' id='block_1_71' title="bbox 296 4052 1869 4123">
    <p class='ocr_par' dir='ltr' id='par_1_71' title="bbox 296 4052 1869 4123">
     <span class='ocr_line' id='line_1_71' title="bbox 296 4052 1869 4123; baseline 0.001 -18"><span class='ocrx_word' id='word_1_551' title='bbox 296 4055 482 4106; x_wconf 74' lang='grc' dir='ltr'><strong>εὐδίαν</strong></span> <span class='ocrx_word' id='word_1_552' title='bbox 513 4052 1028 4120; x_wconf 75' lang='grc' dir='ltr'><strong>κατεπαγγέλλεται·</strong></span> <span class='ocrx_word' id='word_1_553' title='bbox 1066 4055 1262 4123; x_wconf 83' lang='grc' dir='ltr'><strong>παχεῖα</strong></span> <span class='ocrx_word' id='word_1_554' title='bbox 1291 4052 1346 4104; x_wconf 85' lang='grc' dir='ltr'><strong>δὲ</strong></span> <span class='ocrx_word' id='word_1_555' title='bbox 1373 4055 1489 4114; x_wconf 88' lang='grc' dir='ltr'><strong>ταῖς</strong></span> <span class='ocrx_word' id='word_1_556' title='bbox 1504 4052 1750 4123; x_wconf 88' lang='grc' dir='ltr'><strong>κεραίαις</strong></span> <span class='ocrx_word' id='word_1_557' title='bbox 1776 4055 1869 4106; x_wconf 70' lang='grc' dir='ltr'><strong>καὶ</strong></span> 
     </span>
    </p>
   </div>
   <div class='ocr_carea' id='block_1_72' title="bbox 297 4140 1866 4214">
    <p class='ocr_par' dir='ltr' id='par_1_72' title="bbox 297 4140 1866 4214">
     <span class='ocr_line' id='line_1_72' title="bbox 297 4140 1866 4214; baseline -0.002 -17"><span class='ocrx_word' id='word_1_558' title='bbox 297 4140 602 4213; x_wconf 76' lang='grc' dir='ltr'><strong>ὑπέρυθρος</strong></span> <span class='ocrx_word' id='word_1_559' title='bbox 621 4143 936 4214; x_wconf 77' lang='grc' dir='ltr'><strong>φαινομένη,</strong></span> <span class='ocrx_word' id='word_1_560' title='bbox 959 4143 990 4213; x_wconf 79' lang='grc' dir='ltr'>ἦ</span> <span class='ocrx_word' id='word_1_561' title='bbox 1021 4144 1129 4210; x_wconf 66' lang='grc' dir='ltr'><strong>(ιε)</strong></span> <span class='ocrx_word' id='word_1_562' title='bbox 1152 4143 1293 4212; x_wconf 74' lang='grc' dir='ltr'><strong>ὕδωρ</strong></span> <span class='ocrx_word' id='word_1_563' title='bbox 1319 4140 1515 4211; x_wconf 91' lang='grc' dir='ltr'><strong>λάϐρον</strong></span> <span class='ocrx_word' id='word_1_564' title='bbox 1541 4142 1646 4194; x_wconf 72' lang='grc' dir='ltr'><strong>ἀπὸ</strong></span> <span class='ocrx_word' id='word_1_565' title='bbox 1671 4142 1866 4208; x_wconf 81' lang='grc' dir='ltr'><strong>νεφῶν,</strong></span> 
     </span>
    </p>
   </div>
   <div class='ocr_carea' id='block_1_73' title="bbox 283 4230 1867 4306">
    <p class='ocr_par' dir='ltr' id='par_1_73' title="bbox 283 4230 1867 4306">
     <span class='ocr_line' id='line_1_73' title="bbox 283 4230 1867 4306; baseline -0.002 -19"><span class='ocrx_word' id='word_1_566' title='bbox 379 4234 531 4287; x_wconf 84' lang='grc' dir='ltr'><strong>νότου</strong></span> <span class='ocrx_word' id='word_1_567' title='bbox 582 4231 761 4302; x_wconf 84' lang='grc' dir='ltr'><strong>βιαίαν</strong></span> <span class='ocrx_word' id='word_1_568' title='bbox 790 4234 1001 4304; x_wconf 80' lang='grc' dir='ltr'><strong>κίνησιν</strong></span> <span class='ocrx_word' id='word_1_569' title='bbox 1057 4233 1284 4286; x_wconf 85' lang='grc' dir='ltr'><strong>ἀπειλεῖ.</strong></span> <span class='ocrx_word' id='word_1_570' title='bbox 1317 4231 1427 4302; x_wconf 84' lang='grc' dir='ltr'><strong>Τὴν</strong></span> <span class='ocrx_word' id='word_1_571' title='bbox 1465 4230 1519 4283; x_wconf 81' lang='grc' dir='ltr'><strong>δὲ</strong></span> <span class='ocrx_word' id='word_1_572' title='bbox 1550 4230 1614 4282; x_wconf 84' lang='grc' dir='ltr'><strong>ἐκ</strong></span> <span class='ocrx_word' id='word_1_573' title='bbox 1665 4231 1867 4284; x_wconf 78' lang='grc' dir='ltr'><strong>τούτων</strong></span> 
     </span>
    </p>
   </div>
   <div class='ocr_carea' id='block_1_74' title="bbox 300 4321 1868 4398">
    <p class='ocr_par' dir='ltr' id='par_1_74' title="bbox 300 4321 1868 4398">
     <span class='ocr_line' id='line_1_74' title="bbox 300 4321 1868 4398; baseline -0.003 -19"><span class='ocrx_word' id='word_1_574' title='bbox 300 4326 600 4398; x_wconf 84' lang='grc' dir='ltr'><strong>σημείωσιν</strong></span> <span class='ocrx_word' id='word_1_575' title='bbox 640 4326 761 4378; x_wconf 82' lang='grc' dir='ltr'><strong>ὅσον</strong></span> <span class='ocrx_word' id='word_1_576' title='bbox 799 4325 875 4395; x_wconf 78' lang='grc' dir='ltr'><strong>τῷ</strong></span> <span class='ocrx_word' id='word_1_577' title='bbox 908 4325 1005 4396; x_wconf 82' lang='grc' dir='ltr'><strong>βίῳ</strong></span> <span class='ocrx_word' id='word_1_578' title='bbox 1037 4325 1331 4395; x_wconf 88' lang='grc' dir='ltr'><strong>παρέχεται</strong></span> <span class='ocrx_word' id='word_1_579' title='bbox 1362 4325 1424 4377; x_wconf 87' lang='grc' dir='ltr'><strong>τὸ</strong></span> <span class='ocrx_word' id='word_1_580' title='bbox 1452 4323 1744 4394; x_wconf 74' lang='grc' dir='ltr'><strong>ὠφέλιμον,</strong></span> <span class='ocrx_word' id='word_1_581' title='bbox 1785 4321 1868 4387; x_wconf 88' lang='grc' dir='ltr'><strong>τίς</strong></span> 
     </span>
    </p>
   </div>
   <div class='ocr_carea' id='block_1_75' title="bbox 297 4411 1866 4484">
    <p class='ocr_par' dir='ltr' id='par_1_75' title="bbox 297 4411 1866 4484">
     <span class='ocr_line' id='line_1_75' title="bbox 297 4411 1866 4484; baseline -0.004 -13"><span class='ocrx_word' id='word_1_582' title='bbox 297 4419 516 4484; x_wconf 85' lang='grc' dir='ltr'><strong>ἀγνοεῖ;</strong></span> <span class='ocrx_word' id='word_1_583' title='bbox 543 4416 758 4480; x_wconf 82' lang='grc' dir='ltr'><strong>Ἔξεστι</strong></span> <span class='ocrx_word' id='word_1_584' title='bbox 805 4415 903 4484; x_wconf 83' lang='grc' dir='ltr'><strong>μὲν</strong></span> <span class='ocrx_word' id='word_1_585' title='bbox 929 4415 1034 4484; x_wconf 80' lang='grc' dir='ltr'><strong>γὰρ</strong></span> <span class='ocrx_word' id='word_1_586' title='bbox 1068 4414 1144 4482; x_wconf 82' lang='grc' dir='ltr'><strong>τῷ</strong></span> <span class='ocrx_word' id='word_1_587' title='bbox 1198 4413 1438 4483; x_wconf 80' lang='grc' dir='ltr'><strong>πλωτῆρι</strong></span> <span class='ocrx_word' id='word_1_588' title='bbox 1469 4412 1597 4464; x_wconf 78' lang='grc' dir='ltr'><strong>εἴσω</strong></span> <span class='ocrx_word' id='word_1_589' title='bbox 1633 4411 1866 4482; x_wconf 86' lang='grc' dir='ltr'><strong>λιμένων</strong></span> 
     </span>
    </p>
   </div>
   <div class='ocr_carea' id='block_1_76' title="bbox 1969 3417 3540 3484">
    <p class='ocr_par' dir='ltr' id='par_1_76' title="bbox 1969 3417 3540 3484">
     <span class='ocr_line' id='line_1_76' title="bbox 1969 3417 3540 3484; baseline 0.004 -15"><span class='ocrx_word' id='word_1_590' title='bbox 1969 3417 2212 3484; x_wconf 87' lang='lat' dir='ltr'><strong>ingentes</strong></span> <span class='ocrx_word' id='word_1_591' title='bbox 2271 3417 2554 3483; x_wconf 87' lang='lat' dir='ltr'><strong>procellas,</strong></span> <span class='ocrx_word' id='word_1_592' title='bbox 2607 3427 2698 3470; x_wconf 90' lang='lat' dir='ltr'><strong>aut</strong></span> <span class='ocrx_word' id='word_1_593' title='bbox 2763 3418 2994 3484; x_wconf 82' lang='lat' dir='ltr'><strong>denique</strong></span> <span class='ocrx_word' id='word_1_594' title='bbox 3061 3419 3351 3472; x_wconf 75' lang='lat' dir='ltr'><strong>maximam</strong></span> <span class='ocrx_word' id='word_1_595' title='bbox 3396 3420 3540 3476; x_wconf 82' lang='lat' dir='ltr'><strong>aeris</strong></span> 
     </span>
    </p>
   </div>
   <div class='ocr_carea' id='block_1_77' title="bbox 1969 3505 3536 3577">
    <p class='ocr_par' dir='ltr' id='par_1_77' title="bbox 1969 3505 3536 3577">
     <span class='ocr_line' id='line_1_77' title="bbox 1969 3505 3536 3577; baseline 0.005 -19"><span class='ocrx_word' id='word_1_596' title='bbox 1969 3505 2398 3559; x_wconf 87' lang='lat' dir='ltr'><strong>immutationem</strong></span> <span class='ocrx_word' id='word_1_597' title='bbox 2447 3509 2801 3574; x_wconf 78' lang='lat' dir='ltr'><strong>portendunt.</strong></span> <span class='ocrx_word' id='word_1_598' title='bbox 2852 3508 3013 3560; x_wconf 83' lang='lat' dir='ltr'><strong>Multa</strong></span> <span class='ocrx_word' id='word_1_599' title='bbox 3067 3525 3284 3577; x_wconf 88' lang='lat' dir='ltr'><strong>quoque</strong></span> <span class='ocrx_word' id='word_1_600' title='bbox 3334 3511 3536 3566; x_wconf 77' lang='lat' dir='ltr'><strong>iudicia</strong></span> 
     </span>
    </p>
   </div>
   <div class='ocr_carea' id='block_1_78' title="bbox 1967 3595 3535 3651">
    <p class='ocr_par' dir='ltr' id='par_1_78' title="bbox 1967 3595 3535 3651">
     <span class='ocr_line' id='line_1_78' title="bbox 1967 3595 3535 3651; baseline 0.001 -3"><span class='ocrx_word' id='word_1_601' title='bbox 1967 3595 2109 3648; x_wconf 85' lang='lat' dir='ltr'><strong>circa</strong></span> <span class='ocrx_word' id='word_1_602' title='bbox 2139 3604 2473 3648; x_wconf 80' lang='lat' dir='ltr'><strong>crescentem</strong></span> <span class='ocrx_word' id='word_1_603' title='bbox 2509 3595 2588 3648; x_wconf 86' lang='lat' dir='ltr'><strong>vel</strong></span> <span class='ocrx_word' id='word_1_604' title='bbox 2620 3596 2931 3648; x_wconf 83' lang='lat' dir='ltr'><strong>decrescent</strong></span> <span class='ocrx_word' id='word_1_605' title='bbox 2952 3611 3034 3647; x_wconf 89' lang='lat' dir='ltr'><strong>em</strong></span> <span class='ocrx_word' id='word_1_606' title='bbox 3068 3597 3246 3649; x_wconf 85' lang='lat' dir='ltr'><strong>lunam</strong></span> <span class='ocrx_word' id='word_1_607' title='bbox 3278 3597 3535 3651; x_wconf 82' lang='lat' dir='ltr'><strong>observa-</strong></span> 
     </span>
    </p>
   </div>
   <div class='ocr_carea' id='block_1_79' title="bbox 1972 3685 3537 3759">
    <p class='ocr_par' dir='ltr' id='par_1_79' title="bbox 1972 3685 3537 3759">
     <span class='ocr_line' id='line_1_79' title="bbox 1972 3685 3537 3759; baseline 0.004 -21"><span class='ocrx_word' id='word_1_608' title='bbox 1972 3696 2187 3751; x_wconf 81' lang='lat' dir='ltr'><strong>verunt,</strong></span> <span class='ocrx_word' id='word_1_609' title='bbox 2220 3685 2310 3754; x_wconf 90' lang='lat' dir='ltr'><strong>qui</strong></span> <span class='ocrx_word' id='word_1_610' title='bbox 2355 3687 2516 3740; x_wconf 91' lang='lat' dir='ltr'><strong>rebus</strong></span> <span class='ocrx_word' id='word_1_611' title='bbox 2567 3686 2684 3739; x_wconf 90' lang='lat' dir='ltr'><strong>istis</strong></span> <span class='ocrx_word' id='word_1_612' title='bbox 2719 3701 2940 3756; x_wconf 89' lang='lat' dir='ltr'><strong>operam</strong></span> <span class='ocrx_word' id='word_1_613' title='bbox 2991 3688 3332 3756; x_wconf 82' lang='lat' dir='ltr'><strong>impendere:</strong></span> <span class='ocrx_word' id='word_1_614' title='bbox 3380 3692 3537 3759; x_wconf 80' lang='lat' dir='ltr'><strong>quasi</strong></span> 
     </span>
    </p>
   </div>
   <div class='ocr_carea' id='block_1_80' title="bbox 1971 3776 3536 3850">
    <p class='ocr_par' dir='ltr' id='par_1_80' title="bbox 1971 3776 3536 3850">
     <span class='ocr_line' id='line_1_80' title="bbox 1971 3776 3536 3850; baseline 0.003 -20"><span class='ocrx_word' id='word_1_615' title='bbox 1971 3793 2064 3832; x_wconf 86' lang='lat' dir='ltr'><strong>aer</strong></span> <span class='ocrx_word' id='word_1_616' title='bbox 2087 3788 2246 3831; x_wconf 69' lang='lat' dir='ltr'><strong>terra:</strong></span> <span class='ocrx_word' id='word_1_617' title='bbox 2267 3776 2651 3841; x_wconf 76' lang='lat' dir='ltr'><strong>circumfusus,</strong></span> <span class='ocrx_word' id='word_1_618' title='bbox 2681 3779 2844 3832; x_wconf 88' lang='lat' dir='ltr'><strong>simul</strong></span> <span class='ocrx_word' id='word_1_619' title='bbox 2877 3793 2996 3830; x_wconf 90' lang='lat' dir='ltr'><strong>cum</strong></span> <span class='ocrx_word' id='word_1_620' title='bbox 3036 3780 3201 3848; x_wconf 82' lang='lat' dir='ltr'><strong>ipsius</strong></span> <span class='ocrx_word' id='word_1_621' title='bbox 3227 3781 3412 3850; x_wconf 82' lang='lat' dir='ltr'><strong>liguris</strong></span> <span class='ocrx_word' id='word_1_622' title='bbox 3439 3795 3536 3836; x_wconf 84' lang='lat' dir='ltr'><strong>ue-</strong></span> 
     </span>
    </p>
   </div>
   <div class='ocr_carea' id='block_1_81' title="bbox 1968 3867 3531 3935">
    <p class='ocr_par' dir='ltr' id='par_1_81' title="bbox 1968 3867 3531 3935">
     <span class='ocr_line' id='line_1_81' title="bbox 1968 3867 3531 3935; baseline 0.004 -17"><span class='ocrx_word' id='word_1_623' title='bbox 1968 3867 2204 3919; x_wconf 80' lang='lat' dir='ltr'><strong>cessario</strong></span> <span class='ocrx_word' id='word_1_624' title='bbox 2239 3877 2593 3935; x_wconf 75' lang='lat' dir='ltr'><strong>pet-mutetur.</strong></span> <span class='ocrx_word' id='word_1_625' title='bbox 2636 3867 2768 3920; x_wconf 89' lang='lat' dir='ltr'><strong>Cum</strong></span> <span class='ocrx_word' id='word_1_626' title='bbox 2793 3868 2936 3920; x_wconf 91' lang='lat' dir='ltr'><strong>enim</strong></span> <span class='ocrx_word' id='word_1_627' title='bbox 2971 3869 3114 3922; x_wconf 90' lang='lat' dir='ltr'><strong>circa</strong></span> <span class='ocrx_word' id='word_1_628' title='bbox 3146 3871 3362 3923; x_wconf 91' lang='lat' dir='ltr'><strong>tertium</strong></span> <span class='ocrx_word' id='word_1_629' title='bbox 3391 3871 3531 3924; x_wconf 75' lang='lat' dir='ltr'><strong>diem</strong></span> 
     </span>
    </p>
   </div>
   <div class='ocr_carea' id='block_1_82' title="bbox 1970 3957 3536 4027">
    <p class='ocr_par' dir='ltr' id='par_1_82' title="bbox 1970 3957 3536 4027">
     <span class='ocr_line' id='line_1_82' title="bbox 1970 3957 3536 4027; baseline 0.005 -18"><span class='ocrx_word' id='word_1_630' title='bbox 1970 3957 2150 4009; x_wconf 90' lang='lat' dir='ltr'><strong>tenuis</strong></span> <span class='ocrx_word' id='word_1_631' title='bbox 2179 3965 2261 4010; x_wconf 87' lang='lat' dir='ltr'><strong>est</strong></span> <span class='ocrx_word' id='word_1_632' title='bbox 2292 3965 2345 4010; x_wconf 87' lang='lat' dir='ltr'><strong>et</strong></span> <span class='ocrx_word' id='word_1_633' title='bbox 2380 3972 2533 4026; x_wconf 86' lang='lat' dir='ltr'><strong>pura,</strong></span> <span class='ocrx_word' id='word_1_634' title='bbox 2577 3957 2784 4010; x_wconf 73' lang='lat' dir='ltr'><strong>firmam</strong></span> <span class='ocrx_word' id='word_1_635' title='bbox 2836 3969 3285 4027; x_wconf 88' lang='lat' dir='ltr'><strong>conslantemqne</strong></span> <span class='ocrx_word' id='word_1_636' title='bbox 3327 3963 3536 4016; x_wconf 83' lang='lat' dir='ltr'><strong>sereni-</strong></span> 
     </span>
    </p>
   </div>
   <div class='ocr_carea' id='block_1_83' title="bbox 1972 4049 3538 4118">
    <p class='ocr_par' dir='ltr' id='par_1_83' title="bbox 1972 4049 3538 4118">
     <span class='ocr_line' id='line_1_83' title="bbox 1972 4049 3538 4118; baseline 0.006 -18"><span class='ocrx_word' id='word_1_637' title='bbox 1972 4056 2135 4100; x_wconf 89' lang='lat' dir='ltr'><strong>tatem</strong></span> <span class='ocrx_word' id='word_1_638' title='bbox 2176 4049 2544 4115; x_wconf 69' lang='lat' dir='ltr'><strong>prmnuntiat:</strong></span> <span class='ocrx_word' id='word_1_639' title='bbox 2589 4050 2672 4102; x_wconf 89' lang='lat' dir='ltr'><strong>sin</strong></span> <span class='ocrx_word' id='word_1_640' title='bbox 2717 4060 2899 4103; x_wconf 88' lang='lat' dir='ltr'><strong>autem</strong></span> <span class='ocrx_word' id='word_1_641' title='bbox 2937 4053 3195 4106; x_wconf 88' lang='lat' dir='ltr'><strong>cornibus</strong></span> <span class='ocrx_word' id='word_1_642' title='bbox 3229 4067 3412 4109; x_wconf 86' lang='lat' dir='ltr'><strong>crassa</strong></span> <span class='ocrx_word' id='word_1_643' title='bbox 3441 4099 3453 4118; x_wconf 83' lang='grc'><strong>,</strong></span> <span class='ocrx_word' id='word_1_644' title='bbox 3480 4065 3538 4110; x_wconf 85' lang='lat' dir='ltr'><strong>et</strong></span> 
     </span>
    </p>
   </div>
   <div class='ocr_carea' id='block_1_84' title="bbox 1968 4136 3535 4211">
    <p class='ocr_par' dir='ltr' id='par_1_84' title="bbox 1968 4136 3535 4211">
     <span class='ocr_line' id='line_1_84' title="bbox 1968 4136 3535 4211; baseline 0.006 -21"><span class='ocrx_word' id='word_1_645' title='bbox 1968 4136 2373 4192; x_wconf 86' lang='lat' dir='ltr'><strong>subrubicunda</strong></span> <span class='ocrx_word' id='word_1_646' title='bbox 2417 4138 2680 4204; x_wconf 91' lang='lat' dir='ltr'><strong>cernitur,</strong></span> <span class='ocrx_word' id='word_1_647' title='bbox 2710 4151 2806 4194; x_wconf 85' lang='lat' dir='ltr'><strong>aut</strong></span> <span class='ocrx_word' id='word_1_648' title='bbox 2833 4143 3104 4211; x_wconf 88' lang='lat' dir='ltr'><strong>copiosam</strong></span> <span class='ocrx_word' id='word_1_649' title='bbox 3136 4157 3331 4209; x_wconf 81' lang='lat' dir='ltr'><strong>aquam</strong></span> <span class='ocrx_word' id='word_1_650' title='bbox 3359 4159 3390 4196; x_wconf 90' lang='lat' dir='ltr'><strong>e</strong></span> <span class='ocrx_word' id='word_1_651' title='bbox 3429 4159 3535 4199; x_wconf 86' lang='lat' dir='ltr'><strong>utt-</strong></span> 
     </span>
    </p>
   </div>
   <div class='ocr_carea' id='block_1_85' title="bbox 1968 4227 3535 4298">
    <p class='ocr_par' dir='ltr' id='par_1_85' title="bbox 1968 4227 3535 4298">
     <span class='ocr_line' id='line_1_85' title="bbox 1968 4227 3535 4298; baseline 0.004 -16"><span class='ocrx_word' id='word_1_652' title='bbox 1968 4228 2125 4282; x_wconf 88' lang='lat' dir='ltr'><strong>bibus</strong></span> <span class='ocrx_word' id='word_1_653' title='bbox 2153 4227 2452 4298; x_wconf 87' lang='lat' dir='ltr'><strong>lapsuram,</strong></span> <span class='ocrx_word' id='word_1_654' title='bbox 2483 4242 2576 4286; x_wconf 89' lang='lat' dir='ltr'><strong>aut</strong></span> <span class='ocrx_word' id='word_1_655' title='bbox 2607 4233 2895 4286; x_wconf 78' lang='lat' dir='ltr'><strong>violentam</strong></span> <span class='ocrx_word' id='word_1_656' title='bbox 2923 4234 3092 4287; x_wconf 88' lang='lat' dir='ltr'><strong>austri</strong></span> <span class='ocrx_word' id='word_1_657' title='bbox 3131 4237 3420 4288; x_wconf 73' lang='lat' dir='ltr'><strong>motionem</strong></span> <span class='ocrx_word' id='word_1_658' title='bbox 3450 4235 3535 4288; x_wconf 80' lang='lat' dir='ltr'><strong>fu-</strong></span> 
     </span>
    </p>
   </div>
   <div class='ocr_carea' id='block_1_86' title="bbox 1966 4321 3525 4391">
    <p class='ocr_par' dir='ltr' id='par_1_86' title="bbox 1966 4321 3525 4391">
     <span class='ocr_line' id='line_1_86' title="bbox 1966 4321 3525 4391; baseline 0.002 -17"><span class='ocrx_word' id='word_1_659' title='bbox 1966 4328 2146 4376; x_wconf 87' lang='lat' dir='ltr'><strong>turam</strong></span> <span class='ocrx_word' id='word_1_660' title='bbox 2178 4323 2430 4376; x_wconf 89' lang='lat' dir='ltr'><strong>minatur.</strong></span> <span class='ocrx_word' id='word_1_661' title='bbox 2461 4322 2577 4376; x_wconf 79' lang='lat' dir='ltr'><strong>Jam</strong></span> <span class='ocrx_word' id='word_1_662' title='bbox 2610 4337 2738 4376; x_wconf 87' lang='lat' dir='ltr'><strong>vero</strong></span> <span class='ocrx_word' id='word_1_663' title='bbox 2770 4333 3030 4391; x_wconf 88' lang='lat' dir='ltr'><strong>quantum</strong></span> <span class='ocrx_word' id='word_1_664' title='bbox 3060 4321 3289 4376; x_wconf 73' lang='lat' dir='ltr'><strong>aﬂerant</strong></span> <span class='ocrx_word' id='word_1_665' title='bbox 3320 4324 3525 4377; x_wconf 86' lang='lat' dir='ltr'><strong>utilita-</strong></span> 
     </span>
    </p>
   </div>
   <div class='ocr_carea' id='block_1_87' title="bbox 1967 4413 3532 4482">
    <p class='ocr_par' dir='ltr' id='par_1_87' title="bbox 1967 4413 3532 4482">
     <span class='ocr_line' id='line_1_87' title="bbox 1967 4413 3532 4482; baseline 0.001 -14"><span class='ocrx_word' id='word_1_666' title='bbox 1967 4414 2039 4468; x_wconf 85' lang='lat' dir='ltr'><strong>tis</strong></span> <span class='ocrx_word' id='word_1_667' title='bbox 2076 4413 2257 4482; x_wconf 85' lang='lat' dir='ltr'><strong>generi</strong></span> <span class='ocrx_word' id='word_1_668' title='bbox 2301 4417 2536 4467; x_wconf 84' lang='lat' dir='ltr'><strong>humano</strong></span> <span class='ocrx_word' id='word_1_669' title='bbox 2574 4414 2833 4468; x_wconf 89' lang='lat' dir='ltr'><strong>harumce</strong></span> <span class='ocrx_word' id='word_1_670' title='bbox 2868 4430 3048 4467; x_wconf 87' lang='lat' dir='ltr'><strong>rerum</strong></span> <span class='ocrx_word' id='word_1_671' title='bbox 3097 4415 3532 4481; x_wconf 75' lang='lat' dir='ltr'><strong>observationes,</strong></span> 
     </span>
    </p>
   </div>
   <div class='ocr_carea' id='block_1_88' title="bbox 299 4503 1982 4600">
    <p class='ocr_par' dir='ltr' id='par_1_88' title="bbox 299 4503 1982 4600">
     <span class='ocr_line' id='line_1_88' title="bbox 299 4503 1982 4600; baseline -0.004 -37"><span class='ocrx_word' id='word_1_672' title='bbox 299 4509 550 4577; x_wconf 86' lang='grc' dir='ltr'><strong>κατέχειν</strong></span> <span class='ocrx_word' id='word_1_673' title='bbox 587 4507 647 4560; x_wconf 83' lang='grc' dir='ltr'><strong>τὸ</strong></span> <span class='ocrx_word' id='word_1_674' title='bbox 677 4507 900 4574; x_wconf 75' lang='grc' dir='ltr'><strong>σκάφος,</strong></span> <span class='ocrx_word' id='word_1_675' title='bbox 933 4507 1058 4568; x_wconf 82' lang='grc' dir='ltr'><strong>τοὺς</strong></span> <span class='ocrx_word' id='word_1_676' title='bbox 1093 4507 1155 4555; x_wconf 79' lang='grc' dir='ltr'><strong>ὲκ</strong></span> <span class='ocrx_word' id='word_1_677' title='bbox 1185 4503 1292 4555; x_wconf 87' lang='grc' dir='ltr'><strong>τῶν</strong></span> <span class='ocrx_word' id='word_1_678' title='bbox 1319 4505 1641 4573; x_wconf 80' lang='grc' dir='ltr'><strong>πνευμάτων</strong></span> <span class='ocrx_word' id='word_1_679' title='bbox 1685 4503 1864 4556; x_wconf 82' lang='grc' dir='ltr'><strong>κινδύ-</strong></span> <span class='ocrx_word' id='word_1_680' title='bbox 1897 4546 1940 4600; x_wconf 78' lang='lat' dir='ltr'><strong>D</strong></span> <span class='ocrx_word' id='word_1_681' title='bbox 1967 4523 1982 4557; x_wconf 84' lang='grc'><strong><em>‹</em></strong></span> 
     </span>
    </p>
   </div>
   <div class='ocr_carea' id='block_1_89' title="bbox 1850 4503 3533 4600">
    <p class='ocr_par' dir='ltr' id='par_1_89' title="bbox 1850 4503 3533 4600">
     <span class='ocr_line' id='line_1_89' title="bbox 1850 4503 3533 4600; baseline 0.004 -44"><span class='ocrx_word' id='word_1_682' title='bbox 1850 4534 1864 4544; x_wconf 87' lang='lat'><strong>-</strong></span> <span class='ocrx_word' id='word_1_683' title='bbox 1897 4546 1940 4600; x_wconf 66' lang='grc' dir='ltr'><strong>Β</strong></span> <span class='ocrx_word' id='word_1_684' title='bbox 1967 4507 2087 4576; x_wconf 91' lang='lat' dir='ltr'><strong>quis</strong></span> <span class='ocrx_word' id='word_1_685' title='bbox 2119 4505 2367 4574; x_wconf 81' lang='lat' dir='ltr'><strong>ignorat?</strong></span> <span class='ocrx_word' id='word_1_686' title='bbox 2397 4503 2530 4559; x_wconf 85' lang='lat' dir='ltr'><strong>Nam</strong></span> <span class='ocrx_word' id='word_1_687' title='bbox 2569 4515 2744 4558; x_wconf 71' lang='lat' dir='ltr'><strong>nauta:</strong></span> <span class='ocrx_word' id='word_1_688' title='bbox 2778 4519 2968 4558; x_wconf 86' lang='lat' dir='ltr'><strong>navem</strong></span> <span class='ocrx_word' id='word_1_689' title='bbox 3006 4506 3143 4560; x_wconf 87' lang='lat' dir='ltr'><strong>intra</strong></span> <span class='ocrx_word' id='word_1_690' title='bbox 3175 4518 3364 4576; x_wconf 81' lang='lat' dir='ltr'><strong>portus</strong></span> <span class='ocrx_word' id='word_1_691' title='bbox 3400 4523 3533 4563; x_wconf 29' lang='lat' dir='ltr'><strong>cont</strong></span> 
     </span>
    </p>
   </div>
   <div class='ocr_carea' id='block_1_90' title="bbox 298 4592 1864 4668">
    <p class='ocr_par' dir='ltr' id='par_1_90' title="bbox 298 4592 1864 4668">
     <span class='ocr_line' id='line_1_90' title="bbox 298 4592 1864 4668; baseline -0.003 -16"><span class='ocrx_word' id='word_1_692' title='bbox 298 4617 421 4659; x_wconf 88' lang='grc' dir='ltr'><strong>νους</strong></span> <span class='ocrx_word' id='word_1_693' title='bbox 451 4599 837 4668; x_wconf 69' lang='grc' dir='ltr'><strong>προορωμένῳ⁸</strong></span> <span class='ocrx_word' id='word_1_694' title='bbox 881 4596 1054 4662; x_wconf 76' lang='grc' dir='ltr'><strong>ἔξεστι</strong></span> <span class='ocrx_word' id='word_1_695' title='bbox 1086 4596 1142 4648; x_wconf 79' lang='grc' dir='ltr'><strong>δὲ</strong></span> <span class='ocrx_word' id='word_1_696' title='bbox 1169 4593 1246 4664; x_wconf 81' lang='grc' dir='ltr'><strong>τῷ</strong></span> <span class='ocrx_word' id='word_1_697' title='bbox 1286 4592 1550 4664; x_wconf 81' lang='grc' dir='ltr'><strong>ὁδοιπόρῳ</strong></span> <span class='ocrx_word' id='word_1_698' title='bbox 1586 4594 1864 4665; x_wconf 77' lang='grc' dir='ltr'><strong>πόρρωθεν</strong></span> 
     </span>
    </p>
   </div>
   <div class='ocr_carea' id='block_1_91' title="bbox 301 4685 1865 4758">
    <p class='ocr_par' dir='ltr' id='par_1_91' title="bbox 301 4685 1865 4758">
     <span class='ocr_line' id='line_1_91' title="bbox 301 4685 1865 4758; baseline -0.003 -15"><span class='ocrx_word' id='word_1_699' title='bbox 301 4688 565 4743; x_wconf 79' lang='grc' dir='ltr'><strong>ἐκκλίνειν</strong></span> <span class='ocrx_word' id='word_1_700' title='bbox 607 4689 704 4750; x_wconf 74' lang='grc' dir='ltr'><strong>τὰς</strong></span> <span class='ocrx_word' id='word_1_701' title='bbox 732 4689 952 4758; x_wconf 80' lang='grc' dir='ltr'><strong>βλάϐας,</strong></span> <span class='ocrx_word' id='word_1_702' title='bbox 979 4689 1042 4740; x_wconf 74' lang='grc' dir='ltr'><strong>ὲκ</strong></span> <span class='ocrx_word' id='word_1_703' title='bbox 1064 4687 1158 4757; x_wconf 76' lang='grc' dir='ltr'><strong>τῆς</strong></span> <span class='ocrx_word' id='word_1_704' title='bbox 1189 4685 1543 4756; x_wconf 87' lang='grc' dir='ltr'><strong>στυγνότητος</strong></span> <span class='ocrx_word' id='word_1_705' title='bbox 1584 4685 1677 4738; x_wconf 81' lang='grc' dir='ltr'><strong>τοῦ</strong></span> <span class='ocrx_word' id='word_1_706' title='bbox 1707 4685 1865 4756; x_wconf 81' lang='grc' dir='ltr'><strong>ἀέρος</strong></span> 
     </span>
    </p>
   </div>
   <div class='ocr_carea' id='block_1_92' title="bbox 297 4776 1865 4852">
    <p class='ocr_par' dir='ltr' id='par_1_92' title="bbox 297 4776 1865 4852">
     <span class='ocr_line' id='line_1_92' title="bbox 297 4776 1865 4852; baseline -0.003 -17"><span class='ocrx_word' id='word_1_707' title='bbox 297 4783 396 4852; x_wconf 79' lang='grc' dir='ltr'><strong>τὴν</strong></span> <span class='ocrx_word' id='word_1_708' title='bbox 432 4778 728 4850; x_wconf 75' lang='grc' dir='ltr'><strong>μεταϐολὴν</strong></span> <span class='ocrx_word' id='word_1_709' title='bbox 780 4779 1116 4848; x_wconf 86' lang='grc' dir='ltr'><strong>ἀναμένοντι.</strong></span> <span class='ocrx_word' id='word_1_710' title='bbox 1167 4778 1405 4849; x_wconf 73' lang='grc' dir='ltr'><strong>Γεωργο).</strong></span> <span class='ocrx_word' id='word_1_711' title='bbox 1428 4777 1505 4838; x_wconf 86' lang='grc' dir='ltr'><strong>δὲ,</strong></span> <span class='ocrx_word' id='word_1_712' title='bbox 1541 4778 1589 4828; x_wconf 89' lang='grc' dir='ltr'><strong>οἱ</strong></span> <span class='ocrx_word' id='word_1_713' title='bbox 1625 4776 1750 4846; x_wconf 71' lang='grc' dir='ltr'><strong>περὶ</strong></span> <span class='ocrx_word' id='word_1_714' title='bbox 1797 4777 1865 4830; x_wconf 81' lang='grc' dir='ltr'><strong>τὰ</strong></span> 
     </span>
    </p>
   </div>
   <div class='ocr_carea' id='block_1_93' title="bbox 301 4868 1862 4945">
    <p class='ocr_par' dir='ltr' id='par_1_93' title="bbox 301 4868 1862 4945">
     <span class='ocr_line' id='line_1_93' title="bbox 301 4868 1862 4945; baseline -0.005 -17"><span class='ocrx_word' id='word_1_715' title='bbox 301 4875 592 4945; x_wconf 85' lang='grc' dir='ltr'><strong>σπέρματα</strong></span> <span class='ocrx_word' id='word_1_716' title='bbox 623 4873 716 4926; x_wconf 74' lang='grc' dir='ltr'><strong>καὶ</strong></span> <span class='ocrx_word' id='word_1_717' title='bbox 746 4870 843 4933; x_wconf 71' lang='grc' dir='ltr'><strong>τὰς</strong></span> <span class='ocrx_word' id='word_1_718' title='bbox 867 4870 971 4923; x_wconf 91' lang='grc' dir='ltr'><strong>τῶν</strong></span> <span class='ocrx_word' id='word_1_719' title='bbox 989 4870 1168 4939; x_wconf 80' lang='grc' dir='ltr'><strong>φυτῶν</strong></span> <span class='ocrx_word' id='word_1_720' title='bbox 1199 4869 1491 4942; x_wconf 82' lang='grc' dir='ltr'><strong>θεραπείας</strong></span> <span class='ocrx_word' id='word_1_721' title='bbox 1530 4868 1862 4938; x_wconf 78' lang='grc' dir='ltr'><strong>πονούμενοι,</strong></span> 
     </span>
    </p>
   </div>
   <div class='ocr_carea' id='block_1_94' title="bbox 301 4961 1862 5036">
    <p class='ocr_par' dir='ltr' id='par_1_94' title="bbox 301 4961 1862 5036">
     <span class='ocr_line' id='line_1_94' title="bbox 301 4961 1862 5036; baseline -0.005 -16"><span class='ocrx_word' id='word_1_722' title='bbox 301 4971 481 5031; x_wconf 81' lang='grc' dir='ltr'><strong>πάσας</strong></span> <span class='ocrx_word' id='word_1_723' title='bbox 531 4966 776 5020; x_wconf 76' lang='grc' dir='ltr'><strong>ἐντεῦθεν</strong></span> <span class='ocrx_word' id='word_1_724' title='bbox 811 4965 1120 5036; x_wconf 85' lang='grc' dir='ltr'><strong>εὑρίσκουσι</strong></span> <span class='ocrx_word' id='word_1_725' title='bbox 1154 4963 1253 5027; x_wconf 76' lang='grc' dir='ltr'><strong>τὰς</strong></span> <span class='ocrx_word' id='word_1_726' title='bbox 1299 4963 1582 5035; x_wconf 75' lang='grc' dir='ltr'><strong>εὐκαιρίας</strong></span> <span class='ocrx_word' id='word_1_727' title='bbox 1612 4961 1720 5014; x_wconf 87' lang='grc' dir='ltr'><strong>τῶν</strong></span> <span class='ocrx_word' id='word_1_728' title='bbox 1773 4961 1862 5032; x_wconf 79' lang='grc' dir='ltr'><strong>ἔρ-</strong></span> 
     </span>
    </p>
   </div>
   <div class='ocr_carea' id='block_1_95' title="bbox 301 5049 1863 5127">
    <p class='ocr_par' dir='ltr' id='par_1_95' title="bbox 301 5049 1863 5127">
     <span class='ocr_line' id='line_1_95' title="bbox 301 5049 1863 5127; baseline -0.004 -16"><span class='ocrx_word' id='word_1_729' title='bbox 301 5076 432 5127; x_wconf 89' lang='grc' dir='ltr'><strong>γων.</strong></span> <span class='ocrx_word' id='word_1_730' title='bbox 467 5056 605 5125; x_wconf 85' lang='grc' dir='ltr'><strong>Ἤδη</strong></span> <span class='ocrx_word' id='word_1_731' title='bbox 631 5057 685 5109; x_wconf 77' lang='grc' dir='ltr'><strong>δὲ</strong></span> <span class='ocrx_word' id='word_1_732' title='bbox 717 5055 809 5107; x_wconf 77' lang='grc' dir='ltr'><strong>καὶ</strong></span> <span class='ocrx_word' id='word_1_733' title='bbox 841 5055 938 5125; x_wconf 80' lang='grc' dir='ltr'><strong>τῆς</strong></span> <span class='ocrx_word' id='word_1_734' title='bbox 964 5053 1054 5108; x_wconf 81' lang='grc' dir='ltr'><strong>τοῦ</strong></span> <span class='ocrx_word' id='word_1_735' title='bbox 1088 5055 1284 5116; x_wconf 78' lang='grc' dir='ltr'><strong>παντὸς</strong></span> <span class='ocrx_word' id='word_1_736' title='bbox 1328 5052 1618 5116; x_wconf 82' lang='grc' dir='ltr'><strong>διαλύσεως</strong></span> <span class='ocrx_word' id='word_1_737' title='bbox 1646 5053 1701 5104; x_wconf 85' lang='grc' dir='ltr'><strong>ὲν</strong></span> <span class='ocrx_word' id='word_1_738' title='bbox 1729 5049 1863 5121; x_wconf 76' lang='grc' dir='ltr'><strong>ἡλίῳ</strong></span> 
     </span>
    </p>
   </div>
   <div class='ocr_carea' id='block_1_96' title="bbox 291 5142 1862 5221">
    <p class='ocr_par' dir='ltr' id='par_1_96' title="bbox 291 5142 1862 5221">
     <span class='ocr_line' id='line_1_96' title="bbox 291 5142 1862 5221; baseline -0.005 -19"><span class='ocrx_word' id='word_1_739' title='bbox 291 5151 395 5203; x_wconf 74' lang='grc' dir='ltr'><strong>-καὶ</strong></span> <span class='ocrx_word' id='word_1_740' title='bbox 433 5147 627 5221; x_wconf 74' lang='grc' dir='ltr'><strong>σελήνῃ</strong></span> <span class='ocrx_word' id='word_1_741' title='bbox 660 5148 751 5200; x_wconf 71' lang='grc' dir='ltr'><strong>καὶ</strong></span> <span class='ocrx_word' id='word_1_742' title='bbox 775 5148 990 5221; x_wconf 77' lang='grc' dir='ltr'><strong>ἄστροις</strong></span> <span class='ocrx_word' id='word_1_743' title='bbox 1018 5147 1216 5217; x_wconf 78' lang='grc' dir='ltr'><strong>σημεῖα</strong></span> <span class='ocrx_word' id='word_1_744' title='bbox 1243 5143 1572 5217; x_wconf 75' lang='grc' dir='ltr'><strong>φανήσεσθαι</strong></span> <span class='ocrx_word' id='word_1_745' title='bbox 1605 5146 1632 5196; x_wconf 85' lang='grc' dir='ltr'>ὁ</span> <span class='ocrx_word' id='word_1_746' title='bbox 1662 5142 1862 5215; x_wconf 80' lang='grc' dir='ltr'><strong>Κύριος</strong></span> 
     </span>
    </p>
   </div>
   <div class='ocr_carea' id='block_1_97' title="bbox 372 5303 869 5370">
    <p class='ocr_par' dir='ltr' id='par_1_97' title="bbox 372 5303 869 5370">
     <span class='ocr_line' id='line_1_97' title="bbox 372 5303 869 5370; baseline -0.01 -9"><span class='ocrx_word' id='word_1_747' title='bbox 372 5306 418 5336; x_wconf 64' lang='grc'><strong>⁸⁸</strong></span> <span class='ocrx_word' id='word_1_748' title='bbox 456 5305 642 5362; x_wconf 73' lang='lat' dir='ltr'><strong>Matth.</strong></span> <span class='ocrx_word' id='word_1_749' title='bbox 672 5321 781 5370; x_wconf 75' lang='lat' dir='ltr'><strong>xvi,</strong></span> <span class='ocrx_word' id='word_1_750' title='bbox 815 5303 869 5356; x_wconf 80' lang='lat'><strong>3.</strong></span> 
     </span>
    </p>
   </div>
   <div class='ocr_carea' id='block_1_98' title="bbox 374 5413 1853 5495">
    <p class='ocr_par' dir='ltr' id='par_1_98' title="bbox 374 5413 1853 5495">
     <span class='ocr_line' id='line_1_98' title="bbox 374 5413 1853 5495; baseline -0.008 -17"><span class='ocrx_word' id='word_1_751' title='bbox 374 5423 452 5495; x_wconf 77' lang='lat'><strong>(5)</strong></span> <span class='ocrx_word' id='word_1_752' title='bbox 496 5423 690 5495; x_wconf 77' lang='lat' dir='ltr'><strong>Regius</strong></span> <span class='ocrx_word' id='word_1_753' title='bbox 719 5423 922 5491; x_wconf 86' lang='lat' dir='ltr'><strong>primus</strong></span> <span class='ocrx_word' id='word_1_754' title='bbox 944 5430 997 5475; x_wconf 92' lang='lat' dir='ltr'><strong>et</strong></span> <span class='ocrx_word' id='word_1_755' title='bbox 1020 5419 1169 5475; x_wconf 90' lang='lat' dir='ltr'><strong>Colb.</strong></span> <span class='ocrx_word' id='word_1_756' title='bbox 1195 5420 1460 5474; x_wconf 85' lang='lat' dir='ltr'><strong>secundus</strong></span> <span class='ocrx_word' id='word_1_757' title='bbox 1491 5416 1579 5469; x_wconf 72' lang='grc' dir='ltr'><strong>καὶ</strong></span> <span class='ocrx_word' id='word_1_758' title='bbox 1613 5415 1707 5487; x_wconf 81' lang='grc' dir='ltr'><strong>τὴν</strong></span> <span class='ocrx_word' id='word_1_759' title='bbox 1741 5413 1853 5468; x_wconf 80' lang='grc' dir='ltr'><strong>κτί·</strong></span> 
     </span>
    </p>
   </div>
   <div class='ocr_carea' id='block_1_99' title="bbox 300 5493 858 5564">
    <p class='ocr_par' dir='ltr' id='par_1_99' title="bbox 300 5493 858 5564">
     <span class='ocr_line' id='line_1_99' title="bbox 300 5493 858 5564; baseline -0.007 -16"><span class='ocrx_word' id='word_1_760' title='bbox 300 5493 388 5548; x_wconf 88' lang='grc' dir='ltr'><strong>σιν</strong></span> <span class='ocrx_word' id='word_1_761' title='bbox 420 5493 487 5545; x_wconf 86' lang='grc' dir='ltr'><strong>πε</strong></span> <span class='ocrx_word' id='word_1_762' title='bbox 497 5493 858 5564; x_wconf 85' lang='grc' dir='ltr'><strong>ριλάμπουσα.</strong></span> 
     </span>
    </p>
   </div>
   <div class='ocr_carea' id='block_1_100' title="bbox 373 5557 1863 5635">
    <p class='ocr_par' dir='ltr' id='par_1_100' title="bbox 373 5557 1863 5635">
     <span class='ocr_line' id='line_1_100' title="bbox 373 5557 1863 5635; baseline -0.007 -16"><span class='ocrx_word' id='word_1_763' title='bbox 373 5564 448 5635; x_wconf 82' lang='grc'><strong>(6)</strong></span> <span class='ocrx_word' id='word_1_764' title='bbox 485 5557 632 5617; x_wconf 79' lang='lat' dir='ltr'><strong>Editi</strong></span> <span class='ocrx_word' id='word_1_765' title='bbox 652 5563 746 5615; x_wconf 76' lang='grc' dir='ltr'><strong>ἐὰν</strong></span> <span class='ocrx_word' id='word_1_766' title='bbox 779 5563 886 5633; x_wconf 76' lang='grc' dir='ltr'><strong>γάρ</strong></span> <span class='ocrx_word' id='word_1_767' title='bbox 913 5561 1006 5628; x_wconf 82' lang='grc' dir='ltr'><strong>μή.</strong></span> <span class='ocrx_word' id='word_1_768' title='bbox 1043 5559 1196 5613; x_wconf 87' lang='lat' dir='ltr'><strong>Deest</strong></span> <span class='ocrx_word' id='word_1_769' title='bbox 1217 5561 1324 5632; x_wconf 88' lang='grc' dir='ltr'><strong>γάρ</strong></span> <span class='ocrx_word' id='word_1_770' title='bbox 1353 5560 1403 5612; x_wconf 90' lang='lat' dir='ltr'><strong>in</strong></span> <span class='ocrx_word' id='word_1_771' title='bbox 1433 5557 1630 5612; x_wconf 79' lang='lat' dir='ltr'><strong>nostris</strong></span> <span class='ocrx_word' id='word_1_772' title='bbox 1659 5566 1863 5627; x_wconf 89' lang='lat' dir='ltr'><strong>septem</strong></span> 
     </span>
    </p>
   </div>
   <div class='ocr_carea' id='block_1_101' title="bbox 301 5651 435 5689">
    <p class='ocr_par' dir='ltr' id='par_1_101' title="bbox 301 5651 435 5689">
     <span class='ocr_line' id='line_1_101' title="bbox 301 5651 435 5689; baseline -0.007 0"><span class='ocrx_word' id='word_1_773' title='bbox 301 5651 435 5689; x_wconf 84' lang='lat' dir='ltr'><strong>mss.</strong></span> 
     </span>
    </p>
   </div>
   <div class='ocr_carea' id='block_1_102' title="bbox 377 5699 1864 5775">
    <p class='ocr_par' dir='ltr' id='par_1_102' title="bbox 377 5699 1864 5775">
     <span class='ocr_line' id='line_1_102' title="bbox 377 5699 1864 5775; baseline -0.005 -17"><span class='ocrx_word' id='word_1_774' title='bbox 377 5706 454 5775; x_wconf 84' lang='grc'>(7)</span> <span class='ocrx_word' id='word_1_775' title='bbox 497 5702 716 5775; x_wconf 66' lang='lat' dir='ltr'><strong>(lodices</strong></span> <span class='ocrx_word' id='word_1_776' title='bbox 740 5701 842 5753; x_wconf 88' lang='lat' dir='ltr'><strong>duo</strong></span> <span class='ocrx_word' id='word_1_777' title='bbox 868 5702 952 5775; x_wconf 79' lang='grc' dir='ltr'><strong>ἐπ’</strong></span> <span class='ocrx_word' id='word_1_778' title='bbox 971 5700 1181 5775; x_wconf 67' lang='grc' dir='ltr'><strong>αὐτῶν.</strong></span> <span class='ocrx_word' id='word_1_779' title='bbox 1212 5701 1582 5775; x_wconf 34' lang='grc' dir='ltr'><strong>Αιῇῖητιιιτιιηοιι</strong></span> <span class='ocrx_word' id='word_1_780' title='bbox 1615 5713 1742 5751; x_wconf 85' lang='lat' dir='ltr'><strong>mss.</strong></span> 
     </span>
    </p>
   </div>
   <div class='ocr_carea' id='block_1_103' title="bbox 304 5769 1864 5838">
    <p class='ocr_par' dir='ltr' id='par_1_103' title="bbox 304 5769 1864 5838">
     <span class='ocr_line' id='line_1_103' title="bbox 304 5769 1864 5838; baseline -0.003 -11"><span class='ocrx_word' id='word_1_781' title='bbox 304 5769 502 5830; x_wconf 77' lang='grc' dir='ltr'><strong>αὐτῶν,</strong></span> <span class='ocrx_word' id='word_1_782' title='bbox 542 5772 675 5826; x_wconf 77' lang='lat' dir='ltr'><strong>Editi</strong></span> <span class='ocrx_word' id='word_1_783' title='bbox 722 5787 850 5825; x_wconf 83' lang='lat' dir='ltr'><strong>vero</strong></span> <span class='ocrx_word' id='word_1_784' title='bbox 891 5771 982 5824; x_wconf 77' lang='grc' dir='ltr'><strong>ὑπ’</strong></span> <span class='ocrx_word' id='word_1_785' title='bbox 1019 5771 1216 5826; x_wconf 75' lang='grc' dir='ltr'><strong>αὐτῶν.</strong></span> <span class='ocrx_word' id='word_1_786' title='bbox 1262 5771 1550 5838; x_wconf 83' lang='lat' dir='ltr'><strong>Aliquanto</strong></span> <span class='ocrx_word' id='word_1_787' title='bbox 1581 5779 1698 5838; x_wconf 88' lang='lat' dir='ltr'><strong>post</strong></span> <span class='ocrx_word' id='word_1_788' title='bbox 1738 5769 1864 5823; x_wconf 87' lang='lat' dir='ltr'><strong>editi</strong></span> 
     </span>
    </p>
   </div>
   <div class='ocr_carea' id='block_1_104' title="bbox 298 5841 1510 5907">
    <p class='ocr_par' dir='ltr' id='par_1_104' title="bbox 298 5841 1510 5907">
     <span class='ocr_line' id='line_1_104' title="bbox 298 5841 1510 5907; baseline -0.002 -12"><span class='ocrx_word' id='word_1_789' title='bbox 298 5845 476 5898; x_wconf 76' lang='grc' dir='ltr'><strong>πολλά</strong></span> <span class='ocrx_word' id='word_1_790' title='bbox 507 5844 564 5897; x_wconf 85' lang='grc' dir='ltr'><strong>δὲ</strong></span> <span class='ocrx_word' id='word_1_791' title='bbox 593 5841 704 5895; x_wconf 88' lang='grc' dir='ltr'><strong>καί.</strong></span> <span class='ocrx_word' id='word_1_792' title='bbox 746 5842 896 5894; x_wconf 78' lang='lat' dir='ltr'><strong>Deest</strong></span> <span class='ocrx_word' id='word_1_793' title='bbox 926 5842 1014 5894; x_wconf 84' lang='grc' dir='ltr'><strong>καί</strong></span> <span class='ocrx_word' id='word_1_794' title='bbox 1042 5843 1089 5892; x_wconf 92' lang='lat' dir='ltr'><strong>in</strong></span> <span class='ocrx_word' id='word_1_795' title='bbox 1122 5844 1352 5907; x_wconf 87' lang='lat' dir='ltr'><strong>quinque</strong></span> <span class='ocrx_word' id='word_1_796' title='bbox 1385 5855 1510 5892; x_wconf 82' lang='lat' dir='ltr'><strong>mss.</strong></span> 
     </span>
    </p>
   </div>
   <div class='ocr_carea' id='block_1_105' title="bbox 376 5905 1863 5984">
    <p class='ocr_par' dir='ltr' id='par_1_105' title="bbox 376 5905 1863 5984">
     <span class='ocr_line' id='line_1_105' title="bbox 376 5905 1863 5984; baseline -0.001 -20"><span class='ocrx_word' id='word_1_797' title='bbox 376 5915 450 5984; x_wconf 78' lang='grc'><strong>(8)</strong></span> <span class='ocrx_word' id='word_1_798' title='bbox 480 5916 554 5969; x_wconf 87' lang='lat' dir='ltr'><strong>ita</strong></span> <span class='ocrx_word' id='word_1_799' title='bbox 599 5923 800 5981; x_wconf 72' lang='lat' dir='ltr'><strong>septem</strong></span> <span class='ocrx_word' id='word_1_800' title='bbox 840 5925 963 5966; x_wconf 85' lang='lat' dir='ltr'><strong>mss.</strong></span> <span class='ocrx_word' id='word_1_801' title='bbox 1013 5905 1148 5965; x_wconf 84' lang='lat' dir='ltr'><strong>Editi</strong></span> <span class='ocrx_word' id='word_1_802' title='bbox 1186 5905 1512 5979; x_wconf 77' lang='grc' dir='ltr'><strong>παρέδωκεν.</strong></span> <span class='ocrx_word' id='word_1_803' title='bbox 1557 5905 1717 5964; x_wconf 88' lang='lat' dir='ltr'><strong>Coisl.</strong></span> <span class='ocrx_word' id='word_1_804' title='bbox 1756 5908 1863 5976; x_wconf 86' lang='lat' dir='ltr'><strong>pri-</strong></span> 
     </span>
    </p>
   </div>
   <div class='ocr_carea' id='block_1_106' title="bbox 1971 4595 3530 4668">
    <p class='ocr_par' dir='ltr' id='par_1_106' title="bbox 1971 4595 3530 4668">
     <span class='ocr_line' id='line_1_106' title="bbox 1971 4595 3530 4668; baseline 0.002 -17"><span class='ocrx_word' id='word_1_805' title='bbox 1971 4601 2139 4652; x_wconf 86' lang='lat' dir='ltr'><strong>tinere</strong></span> <span class='ocrx_word' id='word_1_806' title='bbox 2171 4596 2315 4658; x_wconf 89' lang='lat' dir='ltr'><strong>licet,</strong></span> <span class='ocrx_word' id='word_1_807' title='bbox 2353 4596 2590 4666; x_wconf 88' lang='lat' dir='ltr'><strong>pericula</strong></span> <span class='ocrx_word' id='word_1_808' title='bbox 2630 4611 2661 4650; x_wconf 90' lang='lat' dir='ltr'><strong>e</strong></span> <span class='ocrx_word' id='word_1_809' title='bbox 2705 4595 2878 4649; x_wconf 90' lang='lat' dir='ltr'><strong>ventis</strong></span> <span class='ocrx_word' id='word_1_810' title='bbox 2924 4595 3289 4665; x_wconf 82' lang='lat' dir='ltr'><strong>impendentia</strong></span> <span class='ocrx_word' id='word_1_811' title='bbox 3334 4600 3530 4668; x_wconf 76' lang='lat' dir='ltr'><strong>praevi-</strong></span> 
     </span>
    </p>
   </div>
   <div class='ocr_carea' id='block_1_107' title="bbox 1970 4687 3531 4760">
    <p class='ocr_par' dir='ltr' id='par_1_107' title="bbox 1970 4687 3531 4760">
     <span class='ocr_line' id='line_1_107' title="bbox 1970 4687 3531 4760; baseline 0.003 -19"><span class='ocrx_word' id='word_1_812' title='bbox 1970 4687 2135 4742; x_wconf 88' lang='lat' dir='ltr'><strong>deuti.</strong></span> <span class='ocrx_word' id='word_1_813' title='bbox 2163 4687 2266 4742; x_wconf 81' lang='lat' dir='ltr'><strong>Fas</strong></span> <span class='ocrx_word' id='word_1_814' title='bbox 2294 4697 2377 4742; x_wconf 89' lang='lat' dir='ltr'><strong>est</strong></span> <span class='ocrx_word' id='word_1_815' title='bbox 2405 4687 2595 4741; x_wconf 90' lang='lat' dir='ltr'><strong>viatori</strong></span> <span class='ocrx_word' id='word_1_816' title='bbox 2629 4688 2841 4742; x_wconf 84' lang='lat' dir='ltr'><strong>eminus</strong></span> <span class='ocrx_word' id='word_1_817' title='bbox 2867 4689 3206 4744; x_wconf 89' lang='lat' dir='ltr'><strong>incommoda</strong></span> <span class='ocrx_word' id='word_1_818' title='bbox 3233 4689 3531 4760; x_wconf 84' lang='lat' dir='ltr'><strong>declinare,</strong></span> 
     </span>
    </p>
   </div>
   <div class='ocr_carea' id='block_1_108' title="bbox 1971 4779 3534 4852">
    <p class='ocr_par' dir='ltr' id='par_1_108' title="bbox 1971 4779 3534 4852">
     <span class='ocr_line' id='line_1_108' title="bbox 1971 4779 3534 4852; baseline 0.002 -18"><span class='ocrx_word' id='word_1_819' title='bbox 1971 4795 2032 4834; x_wconf 77' lang='lat' dir='ltr'><strong>ex</strong></span> <span class='ocrx_word' id='word_1_820' title='bbox 2059 4779 2178 4835; x_wconf 68' lang='lat' dir='ltr'><strong>caali</strong></span> <span class='ocrx_word' id='word_1_821' title='bbox 2207 4779 2422 4834; x_wconf 89' lang='lat' dir='ltr'><strong>tristitia</strong></span> <span class='ocrx_word' id='word_1_822' title='bbox 2452 4779 2594 4834; x_wconf 89' lang='lat' dir='ltr'><strong>aeris</strong></span> <span class='ocrx_word' id='word_1_823' title='bbox 2624 4781 2975 4836; x_wconf 87' lang='lat' dir='ltr'><strong>mutationem</strong></span> <span class='ocrx_word' id='word_1_824' title='bbox 2995 4784 3346 4850; x_wconf 77' lang='lat' dir='ltr'><strong>exspectanti.</strong></span> <span class='ocrx_word' id='word_1_825' title='bbox 3373 4783 3534 4852; x_wconf 79' lang='lat' dir='ltr'><strong>Agri-</strong></span> 
     </span>
    </p>
   </div>
   <div class='ocr_carea' id='block_1_109' title="bbox 1971 4868 3529 4941">
    <p class='ocr_par' dir='ltr' id='par_1_109' title="bbox 1971 4868 3529 4941">
     <span class='ocr_line' id='line_1_109' title="bbox 1971 4868 3529 4941; baseline 0.004 -20"><span class='ocrx_word' id='word_1_826' title='bbox 1971 4869 2101 4923; x_wconf 75' lang='lat' dir='ltr'><strong>colre</strong></span> <span class='ocrx_word' id='word_1_827' title='bbox 2127 4883 2362 4940; x_wconf 88' lang='lat' dir='ltr'><strong>quoque,</strong></span> <span class='ocrx_word' id='word_1_828' title='bbox 2387 4868 2474 4937; x_wconf 91' lang='lat' dir='ltr'><strong>qui</strong></span> <span class='ocrx_word' id='word_1_829' title='bbox 2501 4869 2647 4922; x_wconf 90' lang='lat' dir='ltr'><strong>circa</strong></span> <span class='ocrx_word' id='word_1_830' title='bbox 2675 4871 2882 4924; x_wconf 86' lang='lat' dir='ltr'><strong>semina</strong></span> <span class='ocrx_word' id='word_1_831' title='bbox 2915 4886 2978 4924; x_wconf 90' lang='lat' dir='ltr'><strong>ac</strong></span> <span class='ocrx_word' id='word_1_832' title='bbox 3001 4872 3304 4941; x_wconf 87' lang='lat' dir='ltr'><strong>plantarum</strong></span> <span class='ocrx_word' id='word_1_833' title='bbox 3327 4873 3529 4928; x_wconf 86' lang='lat' dir='ltr'><strong>eultnm</strong></span> 
     </span>
    </p>
   </div>
   <div class='ocr_carea' id='block_1_110' title="bbox 1969 4959 3531 5028">
    <p class='ocr_par' dir='ltr' id='par_1_110' title="bbox 1969 4959 3531 5028">
     <span class='ocr_line' id='line_1_110' title="bbox 1969 4959 3531 5028; baseline 0.004 -14"><span class='ocrx_word' id='word_1_834' title='bbox 1969 4968 2322 5026; x_wconf 74' lang='lat' dir='ltr'><strong>Occupantur,</strong></span> <span class='ocrx_word' id='word_1_835' title='bbox 2376 4959 2504 5014; x_wconf 89' lang='lat' dir='ltr'><strong>inde</strong></span> <span class='ocrx_word' id='word_1_836' title='bbox 2546 4960 2852 5028; x_wconf 87' lang='lat' dir='ltr'><strong>conjectaut</strong></span> <span class='ocrx_word' id='word_1_837' title='bbox 2891 4977 3105 5016; x_wconf 90' lang='lat' dir='ltr'><strong>omnem</strong></span> <span class='ocrx_word' id='word_1_838' title='bbox 3161 4963 3531 5020; x_wconf 78' lang='lat' dir='ltr'><strong>faciendorum</strong></span> 
     </span>
    </p>
   </div>
   <div class='ocr_carea' id='block_1_111' title="bbox 1969 5052 3528 5124">
    <p class='ocr_par' dir='ltr' id='par_1_111' title="bbox 1969 5052 3528 5124">
     <span class='ocr_line' id='line_1_111' title="bbox 1969 5052 3528 5124; baseline 0.004 -19"><span class='ocrx_word' id='word_1_839' title='bbox 1969 5067 2188 5120; x_wconf 83' lang='lat' dir='ltr'><strong>nperum</strong></span> <span class='ocrx_word' id='word_1_840' title='bbox 2233 5053 2710 5122; x_wconf 81' lang='lat' dir='ltr'><strong>Opportunitatem.</strong></span> <span class='ocrx_word' id='word_1_841' title='bbox 2757 5053 2864 5124; x_wconf 66' lang='lat'><strong>54</strong></span> <span class='ocrx_word' id='word_1_842' title='bbox 2897 5052 3012 5108; x_wconf 82' lang='lat' dir='ltr'><strong>Jam</strong></span> <span class='ocrx_word' id='word_1_843' title='bbox 3051 5070 3180 5109; x_wconf 92' lang='lat' dir='ltr'><strong>vero</strong></span> <span class='ocrx_word' id='word_1_844' title='bbox 3210 5063 3265 5110; x_wconf 90' lang='lat' dir='ltr'><strong>et</strong></span> <span class='ocrx_word' id='word_1_845' title='bbox 3296 5057 3528 5112; x_wconf 87' lang='lat' dir='ltr'><strong>dissolu-</strong></span> 
     </span>
    </p>
   </div>
   <div class='ocr_carea' id='block_1_112' title="bbox 1971 5143 3523 5220">
    <p class='ocr_par' dir='ltr' id='par_1_112' title="bbox 1971 5143 3523 5220">
     <span class='ocr_line' id='line_1_112' title="bbox 1971 5143 3523 5220; baseline 0.006 -25"><span class='ocrx_word' id='word_1_846' title='bbox 1971 5144 2130 5197; x_wconf 89' lang='lat' dir='ltr'><strong>tionis</strong></span> <span class='ocrx_word' id='word_1_847' title='bbox 2157 5143 2391 5199; x_wconf 88' lang='lat' dir='ltr'><strong>universi</strong></span> <span class='ocrx_word' id='word_1_848' title='bbox 2423 5145 2576 5214; x_wconf 83' lang='lat' dir='ltr'><strong>signa</strong></span> <span class='ocrx_word' id='word_1_849' title='bbox 2617 5145 2670 5198; x_wconf 91' lang='lat' dir='ltr'><strong>in</strong></span> <span class='ocrx_word' id='word_1_850' title='bbox 2700 5146 2814 5200; x_wconf 88' lang='lat' dir='ltr'><strong>sole</strong></span> <span class='ocrx_word' id='word_1_851' title='bbox 2843 5147 3077 5217; x_wconf 88' lang='lat' dir='ltr'><strong>lunaque</strong></span> <span class='ocrx_word' id='word_1_852' title='bbox 3109 5156 3165 5201; x_wconf 86' lang='lat' dir='ltr'><strong>et</strong></span> <span class='ocrx_word' id='word_1_853' title='bbox 3193 5150 3356 5204; x_wconf 85' lang='lat' dir='ltr'><strong>astris</strong></span> <span class='ocrx_word' id='word_1_854' title='bbox 3383 5165 3523 5220; x_wconf 70' lang='lat' dir='ltr'><strong>prte-</strong></span> 
     </span>
    </p>
   </div>
   <div class='ocr_carea' id='block_1_113' title="bbox 1961 5417 2620 5488">
    <p class='ocr_par' dir='ltr' id='par_1_113' title="bbox 1961 5417 2620 5488">
     <span class='ocr_line' id='line_1_113' title="bbox 1961 5417 2620 5488; baseline 0 -19"><span class='ocrx_word' id='word_1_855' title='bbox 1961 5431 2080 5469; x_wconf 86' lang='lat' dir='ltr'><strong>mus</strong></span> <span class='ocrx_word' id='word_1_856' title='bbox 2092 5487 2096 5488; x_wconf 13' lang='grc' dir='ltr'><strong>γ</strong></span> <span class='ocrx_word' id='word_1_857' title='bbox 2108 5433 2180 5488; x_wconf 70' lang='grc' dir='ltr'><strong>πα</strong></span> <span class='ocrx_word' id='word_1_858' title='bbox 2192 5417 2420 5486; x_wconf 87' lang='grc' dir='ltr'><strong>ρέδωκεν</strong></span> <span class='ocrx_word' id='word_1_859' title='bbox 2448 5418 2479 5488; x_wconf 83' lang='grc' dir='ltr'>ἠ</span> <span class='ocrx_word' id='word_1_860' title='bbox 2488 5417 2620 5488; x_wconf 69' lang='grc' dir='ltr'><strong>μῖν.1</strong></span> 
     </span>
    </p>
   </div>
   <div class='ocr_carea' id='block_1_114' title="bbox 2034 5486 3524 5558">
    <p class='ocr_par' dir='ltr' id='par_1_114' title="bbox 2034 5486 3524 5558">
     <span class='ocr_line' id='line_1_114' title="bbox 2034 5486 3524 5558; baseline 0.004 -18"><span class='ocrx_word' id='word_1_861' title='bbox 2034 5487 2107 5558; x_wconf 86' lang='lat'><strong>(9)</strong></span> <span class='ocrx_word' id='word_1_862' title='bbox 2137 5486 2362 5542; x_wconf 87' lang='lat' dir='ltr'><strong>Codices</strong></span> <span class='ocrx_word' id='word_1_863' title='bbox 2420 5486 2524 5541; x_wconf 79' lang='lat' dir='ltr'><strong>duo</strong></span> <span class='ocrx_word' id='word_1_864' title='bbox 2571 5489 2792 5553; x_wconf 78' lang='grc' dir='ltr'><strong>ἆλλωες.</strong></span> <span class='ocrx_word' id='word_1_865' title='bbox 2835 5488 2988 5558; x_wconf 81' lang='lat' dir='ltr'><strong>Regii</strong></span> <span class='ocrx_word' id='word_1_866' title='bbox 3036 5489 3216 5543; x_wconf 84' lang='lat' dir='ltr'><strong>itidem</strong></span> <span class='ocrx_word' id='word_1_867' title='bbox 3262 5487 3368 5544; x_wconf 88' lang='lat' dir='ltr'><strong>duo</strong></span> <span class='ocrx_word' id='word_1_868' title='bbox 3401 5504 3524 5546; x_wconf 85' lang='lat' dir='ltr'><strong>cum</strong></span> 
     </span>
    </p>
   </div>
   <div class='ocr_carea' id='block_1_115' title="bbox 1961 5556 2983 5622">
    <p class='ocr_par' dir='ltr' id='par_1_115' title="bbox 1961 5556 2983 5622">
     <span class='ocr_line' id='line_1_115' title="bbox 1961 5556 2983 5622; baseline 0 -10"><span class='ocrx_word' id='word_1_869' title='bbox 1961 5556 2127 5612; x_wconf 87' lang='lat' dir='ltr'><strong>Coisl.</strong></span> <span class='ocrx_word' id='word_1_870' title='bbox 2157 5559 2394 5611; x_wconf 79' lang='lat' dir='ltr'><strong>Secundo</strong></span> <span class='ocrx_word' id='word_1_871' title='bbox 2423 5559 2612 5622; x_wconf 77' lang='grc' dir='ltr'><strong>ἂλωες.</strong></span> <span class='ocrx_word' id='word_1_872' title='bbox 2645 5561 2782 5614; x_wconf 87' lang='lat' dir='ltr'><strong>Editi</strong></span> <span class='ocrx_word' id='word_1_873' title='bbox 2822 5556 2983 5622; x_wconf 70' lang='grc' dir='ltr'><strong>ἅλως.</strong></span> 
     </span>
    </p>
   </div>
   <div class='ocr_carea' id='block_1_116' title="bbox 2033 5627 3560 5699">
    <p class='ocr_par' dir='ltr' id='par_1_116' title="bbox 2033 5627 3560 5699">
     <span class='ocr_line' id='line_1_116' title="bbox 2033 5627 3560 5699; baseline 0.005 -19"><span class='ocrx_word' id='word_1_874' title='bbox 2033 5627 2145 5699; x_wconf 65' lang='lat'><strong>([0)</strong></span> <span class='ocrx_word' id='word_1_875' title='bbox 2186 5627 2359 5680; x_wconf 83' lang='lat' dir='ltr'><strong>Editio</strong></span> <span class='ocrx_word' id='word_1_876' title='bbox 2394 5629 2554 5681; x_wconf 84' lang='lat' dir='ltr'><strong>Basil.</strong></span> <span class='ocrx_word' id='word_1_877' title='bbox 2580 5646 2700 5684; x_wconf 88' lang='lat' dir='ltr'><strong>cum</strong></span> <span class='ocrx_word' id='word_1_878' title='bbox 2736 5632 2968 5699; x_wconf 84' lang='lat' dir='ltr'><strong>quinque</strong></span> <span class='ocrx_word' id='word_1_879' title='bbox 3003 5643 3132 5682; x_wconf 86' lang='lat' dir='ltr'><strong>mss.</strong></span> <span class='ocrx_word' id='word_1_880' title='bbox 3161 5627 3360 5699; x_wconf 84' lang='grc' dir='ltr'><strong>βιαίαν.</strong></span> <span class='ocrx_word' id='word_1_881' title='bbox 3396 5627 3525 5687; x_wconf 76' lang='lat' dir='ltr'><strong>Edl-</strong></span> <span class='ocrx_word' id='word_1_882' title='bbox 3554 5657 3560 5666; x_wconf 94' lang='grc'><strong>·</strong></span> 
     </span>
    </p>
   </div>
   <div class='ocr_carea' id='block_1_117' title="bbox 1961 5695 3178 5769">
    <p class='ocr_par' dir='ltr' id='par_1_117' title="bbox 1961 5695 3178 5769">
     <span class='ocr_line' id='line_1_117' title="bbox 1961 5695 3178 5769; baseline 0.004 -21"><span class='ocrx_word' id='word_1_883' title='bbox 1961 5695 2035 5750; x_wconf 91' lang='lat' dir='ltr'><strong>tio</strong></span> <span class='ocrx_word' id='word_1_884' title='bbox 2074 5698 2243 5769; x_wconf 83' lang='lat' dir='ltr'><strong>Paris.</strong></span> <span class='ocrx_word' id='word_1_885' title='bbox 2269 5713 2396 5769; x_wconf 79' lang='lat' dir='ltr'><strong>cum</strong></span> <span class='ocrx_word' id='word_1_886' title='bbox 2423 5699 2629 5752; x_wconf 66' lang='lat' dir='ltr'><strong>duobus</strong></span> <span class='ocrx_word' id='word_1_887' title='bbox 2660 5695 2778 5755; x_wconf 79' lang='lat' dir='ltr'><strong>aliis</strong></span> <span class='ocrx_word' id='word_1_888' title='bbox 2808 5695 2930 5753; x_wconf 71' lang='lat' dir='ltr'><strong>mss.</strong></span> <span class='ocrx_word' id='word_1_889' title='bbox 2971 5695 3178 5769; x_wconf 68' lang='grc' dir='ltr'><strong>βιαίων.</strong></span> 
     </span>
    </p>
   </div>
   <div class='ocr_carea' id='block_1_118' title="bbox 2030 5767 3205 5842">
    <p class='ocr_par' dir='ltr' id='par_1_118' title="bbox 2030 5767 3205 5842">
     <span class='ocr_line' id='line_1_118' title="bbox 2030 5767 3205 5842; baseline 0 -22"><span class='ocrx_word' id='word_1_890' title='bbox 2169 5767 2522 5842; x_wconf 52' lang='lat' dir='ltr'><strong>Codicesdup</strong></span> <span class='ocrx_word' id='word_1_891' title='bbox 2557 5771 2782 5842; x_wconf 79' lang='grc' dir='ltr'><strong>σελήνην</strong></span> <span class='ocrx_word' id='word_1_892' title='bbox 2818 5767 3205 5840; x_wconf 79' lang='grc' dir='ltr'><strong>αὐξανομένην.</strong></span> 
     </span>
    </p>
   </div>
   <div class='ocr_carea' id='block_1_119' title="bbox 2031 5837 3524 5907">
    <p class='ocr_par' dir='ltr' id='par_1_119' title="bbox 2031 5837 3524 5907">
     <span class='ocr_line' id='line_1_119' title="bbox 2031 5837 3524 5907; baseline 0.003 -17"><span class='ocrx_word' id='word_1_893' title='bbox 2031 5839 2141 5907; x_wconf 77' lang='lat' dir='ltr'><strong>(l2)</strong></span> <span class='ocrx_word' id='word_1_894' title='bbox 2178 5837 2251 5889; x_wconf 89' lang='lat' dir='ltr'><strong>lta</strong></span> <span class='ocrx_word' id='word_1_895' title='bbox 2281 5837 2447 5907; x_wconf 73' lang='lat' dir='ltr'><strong>editio</strong></span> <span class='ocrx_word' id='word_1_896' title='bbox 2478 5838 2638 5894; x_wconf 85' lang='lat' dir='ltr'><strong>Basit.</strong></span> <span class='ocrx_word' id='word_1_897' title='bbox 2670 5837 2789 5894; x_wconf 77' lang='lat' dir='ltr'><strong>cum</strong></span> <span class='ocrx_word' id='word_1_898' title='bbox 2827 5837 3168 5893; x_wconf 45' lang='lat' dir='ltr'><strong>ntultis&#39;rttss.</strong></span> <span class='ocrx_word' id='word_1_899' title='bbox 3206 5837 3379 5891; x_wconf 84' lang='lat' dir='ltr'><strong>Editio</strong></span> <span class='ocrx_word' id='word_1_900' title='bbox 3420 5837 3524 5894; x_wconf 75' lang='lat' dir='ltr'><strong>Pa-</strong></span> 
     </span>
    </p>
   </div>
   <div class='ocr_carea' id='block_1_120' title="bbox 1959 5904 3313 5974">
    <p class='ocr_par' dir='ltr' id='par_1_120' title="bbox 1959 5904 3313 5974">
     <span class='ocr_line' id='line_1_120' title="bbox 1959 5904 3313 5974; baseline -0.002 -13"><span class='ocrx_word' id='word_1_901' title='bbox 1959 5904 2051 5962; x_wconf 76' lang='lat' dir='ltr'><strong>ris.</strong></span> <span class='ocrx_word' id='word_1_902' title='bbox 2079 5908 2110 5958; x_wconf 72' lang='grc' dir='ltr'><strong>ἦ</strong></span> <span class='ocrx_word' id='word_1_903' title='bbox 2137 5907 2250 5961; x_wconf 87' lang='grc' dir='ltr'><strong>καί.</strong></span> <span class='ocrx_word' id='word_1_904' title='bbox 2281 5904 2478 5961; x_wconf 83' lang='lat' dir='ltr'><strong>Ibidem</strong></span> <span class='ocrx_word' id='word_1_905' title='bbox 2506 5909 2656 5963; x_wconf 85' lang='lat' dir='ltr'><strong>Colb.</strong></span> <span class='ocrx_word' id='word_1_906' title='bbox 2695 5911 2957 5964; x_wconf 81' lang='lat' dir='ltr'><strong>secundus</strong></span> <span class='ocrx_word' id='word_1_907' title='bbox 2985 5907 3089 5960; x_wconf 75' lang='grc' dir='ltr'><strong>ὑπὸ</strong></span> <span class='ocrx_word' id='word_1_908' title='bbox 3118 5907 3313 5974; x_wconf 64' lang='grc' dir='ltr'><strong>νεφῶν.</strong></span> 
     </span>
    </p>
   </div>
  </div>
