4262 6508
324 452 430 507 121)
1416 454 1700 511 ιιοΜιιιΑ
1745 454 1812 509 Vl
1855 453 1921 509 IN
1964 455 2005 509 11

1895 455 1921 508 ι
1964 452 2461 511 ΙΙΕΧΑΕΜΕΒΟΝ.
3488 457 3578 507 150

316 570 369 621 εί
394 566 492 639 τὴν
524 569 805 639 ἀκρίϐειαν
858 569 1060 638 ταύτην
1088 567 1181 638 τῆς
1226 567 1315 620 τοῦ
1352 570 1542 640 χρόνου
1584 567 1899 639 διαιρέσεως
1930 580 1974 635 Α

1892 586 1899 627 .'
1930 580 1974 635 Α
2004 582 2132 623 vare
2156 568 2385 637 possint.
2416 567 2549 621 Nam
2579 563 2907 634 simulatque
2957 575 3116 621 natus
3145 572 3228 621 cst
3255 580 3408 635 puer,
3438 572 3575 635 quod

318 659 600 715 ἀποσῶσαι
638 662 978 732 δυνήσονται.
1025 658 1189 729 Ὁμοῦ
1229 677 1285 713 τε
1330 660 1436 731 γὰρ
1467 659 1661 730 ἐτέχθη
1688 661 1748 712 τὸ
1780 677 1904 713 παι-

1897 690 1904 698 -
2010 660 2257 730 genitum
2280 668 2382 721 est,
2404 661 2524 715 idne
2552 673 2668 713 mas
2692 658 2767 711 sit
2792 672 2861 711 an
2891 657 3088 711 femina
3118 659 3383 715 obstetrix
3404 658 3580 728 explo-

314 752 447 813 δίον,
490 753 583 806 καὶ
618 755 650 823 ἡ
689 755 823 823 μαῖα
858 754 1196 805 κατασκοπεῖ
1236 753 1297 805 τὸ
1348 749 1606 820 γεννηθὲν
1651 750 1818 822 ἄρρεν
1870 750 1900 819 ἢ

1895 773 1900 819 ι
2007 760 2090 805 rat
2136 769 2149 805 :
2202 748 2431 805 subinde
2471 760 2754 821 exspectat
2795 749 3072 819 vagitum,
3110 751 3248 820 quod
3300 752 3423 805 vita:
3462 750 3578 820 ejm

315 842 471 915 θῆλυ·
500 840 617 897 εἶτα
647 842 907 912 ἀναμένει
932 842 1023 895 τὸν
1044 843 1341 909 κλαυθμὸν,
1372 844 1510 914 ὅπερ
1544 843 1769 914 σημεῖόν
1788 845 1902 896 ἐστι

1892 863 1902 895 ι
2004 846 2095 912 qul
2122 853 2285 897 natus
2311 842 2429 907 fuit,
2463 845 2674 913 signum
2708 854 2811 899 est.
2840 843 2981 911 Quot
3012 843 3093 895 vis
3120 858 3212 910 per
3239 842 3340 897 hoc
3364 854 3575 909 tempus

314 937 413 1006 τῆς
467 935 612 1005 ζωῆς
644 935 737 988 τοῦ
768 937 1066 1006 τεχθέντος.
1104 939 1250 991 Πόσα
1295 935 1471 1006 βούλει
1521 938 1579 988 ὲν
1621 936 1793 1005 τούτῳ
1824 938 1902 1006 τῷ

1886 938 1902 990 i
2005 935 2338 1004 praeteriisse
2376 937 2745 1007 sexagesimas
2786 930 3008 1009 partes?
3046 933 3294 990 Chaldaeo
3317 934 3569 996 declarat.

315 1029 491 1099 χρόνῳ
516 1028 891 1099 παραδραμεῖν
921 1030 1217 1101 ἑξηκοοτά;
1246 1024 1379 1082 Εἷπε
1415 1029 1525 1099 (20)
1547 1028 1623 1100 τῷ
1650 1030 1898 1100 Χαλδαίῳ

1885 1049 1898 1079 ›
2002 1026 2144 1094 quod
2182 1034 2367 1080 uatum
2397 1039 2500 1082 est.
2530 1029 2674 1096 Quot
2717 1028 3114 1083 minutissimas
3139 1034 3343 1096 partes,
3368 1025 3568 1079 interea

312 1118 376 1170 τὸ
407 1117 683 1188 γεννηθέν.
716 1118 813 1173 Διά
844 1122 1046 1183 πόσων,
1066 1121 1265 1190 βούλει,
1295 1118 1477 1189 Θῶμεν
1494 1119 1604 1171 τῶν
1634 1119 1896 1174 λεπτοτά-

313 1226 421 1261 των
462 1208 563 1279 τῆς
606 1210 771 1280 μαίας
799 1213 897 1283 τὴν
932 1213 1117 1283 φωνὴν
1159 1212 1472 1283 παρελθεῖν·
1508 1211 1681 1276 ἄλλως
1714 1230 1773 1265 τε
1803 1214 1902 1265 καὶ

314 1301 537 1373 εἰτύχοι
584 1304 692 1373 (2|)
735 1303 839 1368 ἔξω
888 1304 986 1375 τῆς
1036 1303 1478 1373 γυναικωνίτιδος
1524 1301 1691 1366 ἑστὼς
1727 1306 1754 1357 6
1797 1304 1895 1373 τὴν

313 1393 464 1463 ῶραν
492 1396 912 1467 ἀποτιθέμενος;
943 1398 1033 1450 Δεῖ
1068 1396 1178 1465 γὰρ
1210 1394 1299 1447 τὸν
1333 1393 1401 1447 τὰ
1428 1395 1769 1465 ὡροσκοπεῖα
1792 1411 1892 1447 κα-

310 1487 577 1558 ταμαθεῖν
614 1487 871 1558 μέλλοντα
897 1488 1031 1559 πρὸς
1066 1487 1346 1557 ἀκρίϐειαν
1374 1487 1471 1559 τὴν
1491 1486 1637 1559 ὥραν
1658 1486 1896 1557 ἀπογρά-

310 1576 529 1645 φεσθαι,
566 1580 673 1632 εἴτε
709 1578 948 1650 ἡμερινά
977 1577 1170 1641 ταῦτα,
1211 1578 1318 1630 εἴτε
1359 1578 1648 1650 νυκτερινά
1692 1577 1894 1646 τυγχά-

312 1686 412 1723 νοι.
443 1670 629 1723 Πόσων
662 1669 971 1742 ὲξηκοοτῶν
1001 1670 1202 1739 σμῆνος
1236 1671 1291 1721 ὲν
1317 1670 1490 1741 τούτῳ
1531 1670 1690 1723 πάλιν
1721 1686 1893 1739 παρα-

310 1761 490 1834 τρέχει
518 1762 595 1833 τῷ
616 1761 826 1833 χρόνῳ;
858 1761 1096 1831 ’Δνάγκη
1126 1760 1233 1833 γὰρ
1250 1761 1536 1832 εὑρεθῆναι
1554 1761 1645 1814 τὸν
1659 1761 1893 1831 ὡροσκο-

310 1850 515 1905 ποῦντα
535 1850 739 1921 ἀστέρα
764 1851 823 1903 οὐ
852 1849 1010 1920 μόνον
1041 1852 1181 1904 κατά
1216 1853 1415 1905 πόστου
1442 1852 1553 1921 (22)
1586 1850 1891 1920 δωδεκατη-

312 1945 499 2018 μορίου
526 1946 695 2008 ὲστὶν,
725 1943 863 1999 ἀλλά
893 1945 986 1998 καὶ
1015 1945 1157 1998 κατά
1184 1944 1339 2009 ποίας
1380 1946 1573 2017 μοίρας
1607 1942 1700 1996 τοῦ
1733 1942 1889 1996 δωδε-

308 2038 667 2110 κατημορίου,
699 2039 794 2091 καὶ
823 2038 880 2091 ὲν
928 2038 1109 2109 πόστῳ
1158 2037 1457 2109 ἑξηκοστῷ,
1498 2038 1577 2099 εἰς
1608 2036 1643 2090 ἃ
1685 2035 1889 2106 ἔφαμεν

306 2129 631 2201 διαιρεῖσθαι
655 2129 751 2201 τὴν
783 2131 974 2201 μοῖραν
994 2130 1106 2200 (9.5)
1154 2130 1209 2200 ἢ,
1229 2130 1315 2183 ἵνα
1333 2128 1393 2181 τὸ
1415 2128 1641 2199 ἀκριϐὲς
1670 2128 1884 2199 εὑρεθῇ,

306 2223 365 2275 ὲν
418 2221 600 2293 πόστῳ
630 2221 906 2293 ἑξηκοστῷ
961 2222 1068 2276 τῶν
1110 2221 1559 2293 ὑποδιῃρημένων
1614 2221 1722 2274 ἀπὸ
1778 2220 1885 2273 τῶν

304 2314 537 2386 πρώτων
577 2314 904 2384 ἑξηκοστῶν.
962 2316 1072 2369 Καὶ
1120 2314 1320 2386 ταύτην
1372 2316 1468 2386 τὴν
1498 2315 1639 2368 οὕτω
1687 2316 1885 2385 λεπτὴν

305 2404 402 2458 καὶ
462 2404 842 2474 ἀκατάληπτον
891 2404 1108 2475 εὕρεσιν
1137 2404 1227 2457 τοῦ
1282 2404 1472 2476 χρόνου
1510 2407 1594 2475 ἐφ’
1657 2406 1883 2459 ἑκάστου

304 2494 415 2547 τῶν
458 2492 742 2564 πλανητῶν
782 2496 1076 2563 ἀναγκαῖον
1108 2490 1245 2548 εἶναι
1296 2496 1564 2549 ποιεῖσθαι
1616 2496 1883 2563 λέγουσιν,

302 2586 447 2640 ὥστε
506 2586 794 2659 εὑρεθῆναι
848 2586 1095 2657 ποταπὴν
1152 2583 1295 2657 εἶχον
1348 2589 1530 2659 σχέσιν
1581 2589 1715 2660 πρὸς
1762 2590 1886 2651 τοὺς

304 2677 584 2742 ἀπλανεῖς,
615 2679 710 2733 καὶ
738 2677 982 2731 ποταπὸν
1014 2672 1083 2749 ἦν
1104 2677 1164 2731 τὸ
1198 2679 1382 2749 σχῆμα
1433 2679 1609 2733 αὐτῶν
1634 2680 1767 2751 πρὸς
1793 2682 1884 2733 ἀλ-

302 2769 497 2841 λήλους
529 2772 587 2824 ὲν
627 2773 693 2841 τῇ
722 2770 842 2823 τότε
881 2770 1092 2838 γενέσει
1133 2769 1226 2823 τοῦ
1263 2772 1598 2842 τικτομένου.
1644 2774 1799 2825 Ὥστε
1835 2774 1883 2825 εί

302 2860 401 2930 τῆς
423 2858 572 2930 ὥρας
602 2862 875 2931 ἐπιτυχεῖν
899 2861 1143 2932 ἀκριϐῶς
1168 2862 1445 2925 ἀδύνατον,
1481 2865 1513 2931 ἡ
1539 2863 1594 2917 δὲ
1625 2864 1716 2917 τοῦ
1754 2864 1883 2935 βρα-

301 2951 533 3021 χυτάτου
590 2951 915 3022 παραλλαγὴ
951 2952 1044 3004 τοῦ
1100 2953 1297 3016 παντὸς
1348 2953 1665 3025 διαμαρτεῖν
1720 2960 1878 3019 ποιεῖ,

302 3043 694 3111 καταγέλαστοι
729 3045 822 3097 καὶ
866 3046 917 3097 oi
979 3046 1105 3115 περὶ
1155 3045 1254 3116 τὴν
1294 3045 1639 3115 ἀνύπαρκτον
1682 3046 1882 3119 ταύτην

300 3134 499 3206 τέχνην
528 3136 901 3207 ισχολακότες,
936 3138 1030 3190 καὶ
1068 3139 1117 3190 οί
1164 3139 1297 3210 πρὸς
1337 3139 1532 3202 αὐτοὺς
1569 3141 1877 3211 κεχηνότες,

297 3229 377 3293 ὡς
395 3230 722 3300 δυναμένους
754 3230 951 3284 ειδέναι
974 3229 1042 3283 τὰ
1065 3232 1185 3283 κατ’
1214 3232 1428 3295 αὐτούς.

370 3499 425 3555 6.
466 3493 565 3553 οἷα
600 3500 657 3553 δὲ
692 3501 785 3554 καὶ
818 3500 887 3554 τά
926 3501 1408 3573 ἀποτελεσματικά
1441 3503 1589 3573 (24);
1633 3504 1691 3556 ’0
1730 3504 1877 3558 δεῖνα

297 3586 473 3655 οὖλος,
494 3592 649 3663 φησὶ,
681 3592 779 3663 τὴν
811 3593 971 3662 τρίχα
997 3594 1132 3664 (25),
1157 3594 1250 3648 καὶ
1284 3595 1520 3667 χαροπός
1573 3594 1745 3666 Κριοῦ
1771 3596 1877 3667 γὰρ

298 3682 413 3752 ἔχει
456 3684 556 3753 τὴν
599 3685 777 3755 ὥραν·
824 3685 1066 3739 τοιοῦτον
1098 3687 1156 3739 δέ
1199 3705 1316 3751 πως
1351 3688 1583 3758 ὀφθῆναι
1613 3689 1672 3741 τὸ
1714 3686 1871 3752 ζῶον.

310 3774 471 3827 Ἀλλά
496 3775 589 3828 καὶ
625 3776 1009 3848 μεγαλόφρωνο
1045 3778 1230 3850 ἐπειδὴ
1263 3781 1589 3850 ἡγεμονικὸν
1620 3783 1648 3833 ὁ
1676 3782 1870 3850 Κριός·

295 3867 395 3920 καὶ
427 3867 713 3937 προετικὸς
742 3868 878 3939 (26),
910 3872 1005 3924 καὶ
1028 3870 1188 3926 πάλιν
1216 3872 1533 3943 ποριστικός
1552 3889 1567 3904 ι
1597 3874 1783 3945 ἐπειδὴ
1813 3876 1873 3927 τὸ

296 3958 435 4024 ζῶον
466 3958 623 4013 τοῦτο
661 3961 756 4014 καὶ
806 3962 1126 4017 ἀποτίθεται
1172 3963 1395 4027 ἀλύπως
1440 3963 1508 4018 τὸ
1560 3964 1727 4036 ἔριον,
1779 3968 1871 4020 καὶ

296 4048 460 4103 πάλιν
506 4049 659 4120 παρά
711 4050 812 4122 τῆς
878 4050 1093 4119 φύσεως
1145 4053 1344 4123 ῥᾳδίως
1411 4054 1865 4123 ὲπαμφιέννυται.

309 4139 467 4195 Ἀλλά
497 4141 591 4194 καὶ
618 4142 647 4194 6
675 4143 974 4213 Ταυριανὸς
995 4143 1273 4215 τληπαοὴς
1297 4144 1429 4215 (27),
1464 4145 1616 4215 φησὶ,
1645 4148 1738 4199 καὶ
1753 4148 1871 4200 δου-

295 4232 473 4297 λωιόςο
525 4235 710 4305 ἐπειδὴ
751 4235 855 4289 ὑπὸ
906 4235 1066 4304 ζυγὸν
1114 4238 1144 4288 6
1185 4235 1402 4308 ταῦρος.
1456 4243 1567 4295 Καὶ
1623 4242 1651 4293 6
1696 4242 1865 4311 Σκορ-

295 4328 486 4392 πιανδς
532 4328 778 4401 πλήκτης
820 4327 907 4381 διὰ
954 4328 1050 4399 τὴν
1087 4328 1222 4399 πρὸς
1255 4329 1315 4381 τὸ
1350 4329 1539 4401 θηρίον
1586 4330 1863 4401 ὁμοίωσιν.

303 4418 361 4472 '0
389 4418 445 4472 δὲ
472 4419 731 4487 Ζυγιανὸς
755 4417 982 4480 δίκαιος,
1004 4416 1092 4470 διά
1118 4418 1219 4487 τὴν
1244 4417 1370 4489 παρ’
1397 4419 1525 4489 ἡμῖν
1553 4419 1659 4472 τῶν
1688 4418 1867 4487 ζυγῶν

295 4510 533 4580 ἰσότητα.
577 4510 793 4563 Τούτων
844 4508 895 4561 τί
936 4507 1001 4561 ἀν
1042 4507 1251 4576 γένοιτο
1294 4510 1863 4581 καταγελαστότερον;

1999 1118 2127 1173 dum
2156 1119 2418 1173 obstetrix
2450 1124 2785 1190 loqueretur,
2829 1120 2909 1173 vis
2941 1133 3201 1189 ponamus
3225 1116 3331 1188 55
3353 1107 3568 1186 pratter-

2000 1208 2151 1275 iisse,
2210 1214 2505 1279 praesertim
2547 1215 2592 1267 si
2627 1211 2945 1281 contingat,
2983 1220 3039 1264 ut
3067 1219 3221 1265 extra
3262 1225 3571 1279 gynzecenm

2002 1300 2217 1354 steterit
2245 1302 2335 1368 qui
2356 1302 2543 1357 horam
2562 1302 2773 1371 colligit
2803 1314 2865 1354 ac
2892 1300 3148 1368 exponit?
3171 1299 3395 1367 Oportet
3428 1298 3569 1352 enim

1996 1404 2119 1444 eum
2152 1390 2242 1459 qui
2282 1391 2534 1445 horarum
2563 1392 2825 1447 natalium
2863 1390 3147 1444 scientiam
3194 1392 3401 1445 discere
3428 1392 3567 1453 vult,

1996 1490 2208 1549 tempus
2234 1491 2288 1537 et
2313 1483 2501 1538 horam
2530 1491 2785 1538 accurate
2811 1482 3142 1544 describere,
3170 1482 3282 1536 sive
3326 1482 3534 1535 diui-na:
3553 1522 3566 1541 .

1994 1571 2107 1626 sive
2143 1581 2419 1627 nocturna
2462 1573 2593 1628 sint.
2633 1574 2844 1641 Quanta
2875 1574 3065 1627 iterum
3103 1574 3559 1642 sexagesimarum

1994 1663 2277 1719 multitudo
2314 1681 2410 1734 per
2438 1666 2539 1720 hoc
2573 1676 2788 1734 tempus
2824 1664 3178 1735 prasterﬂuit?
3218 1665 3450 1721 Necesse
3481 1676 3563 1720 est

1992 1759 2134 1813 enim
2163 1759 2391 1816 inveniri
2435 1761 2584 1817 sidus
2646 1759 2968 1829 natalitium,
3018 1777 3121 1817 non
3153 1760 3308 1831 juxta
3347 1770 3564 1831 quotam

1992 1852 2149 1908 modo
2176 1854 2543 1908 duodecimam
2578 1862 2786 1922 partem
2812 1855 2901 1914 sit.
2930 1855 3022 1908 sed
3042 1854 3195 1924 juxta
3242 1870 3377 1923 quas
3400 1854 3563 1907 etiam

1924 1922 1963 1975 Β
1993 1946 2320 2001 duodecima:
2354 1947 2522 2015 partis
2551 1954 2732 2017 partes
2755 1955 3029 2010 occurrat,
3046 1922 3115 2000 ﬁet
3139 1948 3192 2001 in
3218 1922 3377 2017 quota
3407 1961 3563 2002 sexa-

1991 2037 2215 2108 gesima,
2251 2038 2304 2091 in
2337 2051 2473 2106 quas
2513 2046 2696 2105 partes
2746 2046 2953 2106 partem
2997 2053 3433 2109 unamquamque
3480 2042 3563 2093 di-

1994 2122 2096 2177 vidi
2131 2122 2367 2176 diximus
2402 2140 2414 2175 :
2454 2133 2565 2186 aut,
2599 2131 2656 2177 ut
2694 2131 2843 2177 certa
2885 2122 2961 2176 rei
2991 2123 3190 2178 veritas
3218 2124 3559 2183 inveniatur,

1989 2216 2041 2268 in
2066 2224 2228 2283 quota
2253 2228 2590 2284 sexagesima
2635 2229 2700 2268 ex
2743 2214 2809 2270 iis
2846 2229 2967 2285 qua:
3003 2231 3033 2269 a
3064 2217 3258 2287 primis
3288 2221 3561 2288 sexagesi-

1986 2307 2091 2361 mis
2137 2308 2431 2361 subdivisre
2462 2318 2606 2361 sunt.
2642 2306 2709 2361 Et
2755 2307 2895 2361 lianc
2946 2308 3084 2363 adeo
3122 2315 3339 2365 tenuem
3384 2321 3439 2364 et
3483 2312 3561 2365 in-

1986 2398 2534 2468 compreliensibilem
2564 2400 2825 2468 temporis
2858 2400 3329 2469 investigationem
3361 2404 3412 2458 in
3437 2406 3557 2474 qni-

1988 2491 2196 2558 busque
2238 2490 2467 2559 planetis
2512 2492 2629 2547 fieri
2656 2508 2875 2550 necesse
2921 2510 3045 2552 esse
3083 2496 3265 2559 aiunt,
3312 2506 3370 2551 ut
3406 2514 3556 2552 com-

1988 2590 2199 2651 pertutn
2253 2580 2325 2635 sit
2374 2592 2428 2635 ct
2477 2584 2840 2652 exploratum,
2887 2588 3103 2657 qualem
3153 2588 3387 2642 habeant
3438 2605 3556 2643 cum

1986 2671 2348 2726 inerrantibus
2384 2673 2554 2727 stellis
2598 2675 2863 2739 habitum,
2900 2687 2957 2731 et
2986 2678 3163 2746 qualis
3202 2693 3386 2732 eorum
3421 2679 3559 2732 inter

1984 2778 2042 2819 se
2065 2774 2213 2819 esset
2240 2763 2406 2835 ﬁgura
2434 2765 2487 2818 in
2514 2766 2631 2834 ejus
2658 2769 2747 2837 qui
2776 2777 2903 2823 tunc
2924 2780 3081 2825 natus
3102 2781 3187 2825 est
3210 2780 3353 2825 ortu.
3381 2774 3559 2838 Qttnre

1983 2856 2028 2910 si
2060 2857 2176 2911 ﬂeri
2209 2873 2313 2911 non
2350 2859 2544 2929 possit,
2576 2869 2634 2913 ut
2660 2861 2850 2915 horam
2893 2873 3147 2919 accurate
3176 2876 3551 2934 assequuntur,

1983 2957 2037 3002 et
2072 2956 2250 3003 tamen
2282 2948 2588 3005 brevissimi
2627 2954 2886 3022 temporis
2932 2954 3239 3010 immutatio
3289 2957 3341 3010 in
3387 2973 3551 3013 enisa

1983 3039 2055 3093 sit
2090 3054 2187 3094 cur
2228 3056 2258 3094 a
2309 3050 2421 3096 toto
2453 3042 2756 3108 aberrctur,
2802 3046 3081 3102 deridendi
3131 3060 3255 3102 sunt
3303 3060 3357 3105 et
3389 3052 3421 3104 ii
3463 3054 3551 3119 qni

1985 3130 2037 3184 in
2078 3131 2179 3187 hac
2213 3140 2331 3186 arte
2372 3133 2689 3203 imaginaria
2716 3139 3011 3193 excolenda
3039 3141 3280 3194 studium
3320 3156 3551 3211 ponunt,

1981 3230 2038 3275 et
2076 3221 2112 3275 ii
2150 3221 2241 3292 qui
2281 3223 2332 3277 in
2374 3222 2518 3293 ipsos
2554 3237 2740 3295 aperto
2772 3244 2866 3283 ore
2909 3230 3103 3285 intenti
3138 3242 3284 3296 sunt,
3330 3236 3553 3303 perinde

1979 3314 2132 3382 quasi
2163 3328 2226 3368 ea
2269 3329 2390 3384 quas
2432 3316 2561 3386 ipsis
2593 3328 2719 3372 sunt
2746 3332 3008 3375 eventura
3037 3364 3051 3389 ,
3083 3338 3404 3394 cognoscere
3433 3342 3553 3395 pos-

1981 3404 2112 3459 sint.

2048 3496 2102 3550 6.
2144 3494 2339 3563 Quales
2402 3507 2578 3553 autem
2635 3502 3005 3568 producuntur
3067 3504 3328 3561 ell‘ectus?
3387 3508 3551 3577 Hujus

1979 3588 2183 3659 capilli,
2220 3592 2489 3660 inquiunt,
2521 3591 2684 3645 futuri
2713 3604 2839 3649 sunt
2869 3597 3055 3666 crispi,
3088 3599 3295 3655 oculive
3327 3602 3503 3655 decori
3535 3622 3547 3653 :

1978 3680 2181 3737 Arietis
2210 3682 2416 3738 scilicet
2454 3684 2619 3738 habet
2648 3685 2838 3739 horam
2874 3700 2887 3738 :
2923 3703 3153 3757 namque
3186 3693 3383 3745 animal
3423 3696 3549 3748 illud

1978 3776 2379 3844 quodammodo
2403 3788 2487 3832 est
2514 3778 2620 3832 tale
2648 3791 2891 3847 aspectu.
2914 3779 3051 3847 Quin
3071 3784 3233 3838 etiam
3263 3787 3365 3839 erit
3389 3804 3547 3854 gran-

1977 3865 2027 3919 di
2061 3866 2244 3920 animo
2279 3876 2333 3921 ct
2363 3869 2540 3935 elato;
2578 3872 2775 3941 quippe
2806 3886 2972 3941 penes
3004 3874 3239 3929 Arictem
3282 3887 3361 3931 est
3395 3881 3543 3947 prin—

1974 3960 2184 4031 cipatus
2236 3977 2252 4017 :
2304 3965 2408 4020 erit
2466 3975 2519 4020 et
2570 3967 2781 4037 largus,
2824 3979 2875 4023 et
2930 3986 3116 4025 rursus
3172 3984 3541 4041 quaestuosus;

1972 4055 2410 4124 quandoquidem
2459 4058 2561 4113 hoc
2601 4059 2799 4114 animal
2842 4070 2897 4114 et
2943 4063 3077 4116 citra
3118 4064 3416 4119 molestiam
3454 4066 3545 4119 de-

1970 4144 2122 4211 ponit
2153 4144 2356 4210 lanam,
2386 4157 2441 4202 et
2478 4164 2663 4203 rursus
2694 4149 2849 4204 facile
2876 4168 2903 4205 a
2934 4162 3127 4206 natura
3160 4155 3404 4209 vestitur.
3438 4154 3542 4210 Sed

1972 4232 2023 4287 in
2052 4232 2233 4289 Tauro
2272 4246 2480 4302 natum,
2519 4238 2835 4294 tolerantem
2886 4254 3007 4296 esse
3050 4242 3296 4301 laborum
3334 4247 3539 4311 dicunt,

1971 4335 2132 4394 atque
2156 4328 2405 4384 servilem
2433 4347 2445 4383 :
2472 4331 2723 4397 quoniam
2741 4331 2873 4402 jugo
2897 4342 3081 4389 taurus
3106 4337 3410 4407 subjicitur.
3440 4341 3540 4406 Qui

1969 4431 2097 4472 vero
2131 4418 2307 4473 editus
2348 4429 2431 4473 est
2486 4421 2588 4475 sub
2625 4422 2942 4491 Scorpione,
2978 4428 3082 4479 erit
3131 4440 3443 4493 percussor,
3475 4437 3543 4485 οι»

1967 4524 2085 4564 eam
2119 4526 2279 4579 qnam
2320 4528 2440 4566 cum
2478 4514 2579 4567 isto
2630 4514 2853 4569 animali
2909 4516 3072 4571 habet
3112 4518 3537 4576 similitudinem.

301 4598 361 4652 ὐ
395 4598 582 4669 Κριὸς,
621 4600 713 4669 ἀφ’
742 4592 802 4652 οῦ
843 4599 940 4668 τὴν
971 4597 1180 4665 γένεσιν
1210 4596 1303 4649 τοῦ
1334 4597 1863 4683 ἀνθρώπουλαμόἀ-
1896 4628 1939 4683 D
1967 4601 1984 4662 ί

1854 4629 1863 4638 -
1896 4628 1939 4683 D
1967 4600 2068 4668 Qui
2116 4612 2293 4657 autem
2338 4604 2388 4657 in
2423 4603 2583 4658 Libra
2632 4615 2789 4660 natus
2838 4614 2939 4671 est,
2978 4606 3194 4663 futurus
3229 4621 3314 4665 est
3343 4613 3537 4681 justus.

290 4704 421 4751 νεις,
456 4687 687 4757 ούρανοῦ
725 4688 888 4758 μέρος
932 4687 1047 4738 ἐστὶ
1076 4686 1135 4737 τὸ
1176 4686 1498 4753 δωδέκατον,
1528 4690 1584 4741 ὲν
1616 4681 1660 4756 ᾧ
1708 4690 1857 4757 γενό-
1897 4681 1922 4683 ”
1968 4709 1973 4761 j

1897 4681 1922 4683 ﬁ
1968 4705 2189 4763 propter
2236 4694 2493 4750 librarum
2535 4698 2673 4767 apud
2716 4713 2814 4751 nos
2849 4700 3233 4767 aequalitatem.
3280 4702 3416 4769 Quid
3460 4706 3539 4758 liis

291 4798 451 4851 μενος
491 4782 519 4834 6
561 4780 711 4851 ἥλιος
750 4780 859 4833 τῶν
912 4779 1140 4850 ἐαρινῶν
1173 4779 1412 4849 σημείων
1459 4779 1688 4835 ἅπτεται
1723 4781 1856 4851 (28).

288 4875 398 4928 Kal.
436 4871 625 4954 Ζυγδς,
656 4873 749 4925 καὶ
790 4871 1000 4944 Ταῦρος
1039 4873 1331 4936 ὡσαύτως,
1380 4873 1611 4928 ’ἑκαστον
1656 4875 1860 4929 τούτων

284 4963 751 5036 δωδεκατημόριόν
803 4965 918 5017 ἐστι
952 4963 1044 5016 τοῦ
1095 4964 1358 5024 ζωδιακοῦ
1419 4964 1711 5033 λεγομένου
1766 4966 1861 5020 κύ-

358 5124 472 5193 (20)
512 5124 603 5179 Sic
650 5121 812 5193 editio
848 5119 1026 5193 _Basil.
1077 5130 1131 5173 et
1180 5121 1347 5175 nostri
1389 5131 1589 5190 septem
1619 5138 1744 5177 mss.
1785 5125 1853 5177 At

279 5187 463 5249 edi'tio'
481 5193 650 5248 Paris.
680 5188 795 5244 εἶτα
822 5187 963 5245 εἶπε.

351 5263 468 5333 (2|)
495 5263 627 5333 Reg.
666 5263 922 5333 sextus}!
944 5261 1100 5332 τύχη.

354 5331 469 5400 (22)
508 5331 599 5403 lta‘
636 5333 815 5403 editio
850 5331 1009 5403 Basil.
1055 5331 1118 5403 "et
1154 5337 1390 5403 quinque
1423 5347 1552 5388 mss.
1595 5346 1625 5386 e
1652 5334 1851 5388 nostris

282 5413 479 5474 prater
500 5402 753 5474 gombcf.
773 5401 956 5474 Editio
975 5401 1144 5474 Paris.
1172 5401 1319 5459 κατά
1347 5406 1535 5458 πόσου.

351 5472 469 5543 (ιβ)
500 5469 692 5543 Nostra
722 5471 915 5543 editio_
929 5472 1103 5543 Basil:
1120 5488 1239 5528 cum
1292 5488 1521 5543 septem,
1554 5487 1683 5526 mss.
1712 5473 1846 5526 διαι-

281 5542 493 5614 ρεῖσθαι
513 5540 614 5615 τῂν
643 5542 858 5615 μοῖραν.
876 5541 1052 5599 Editio
1076 5540 1246 5600 Paris.
1269 5540 1590 5615 διαιρεῖσθαι
1614 5544 1847 5612 ἑκάστην

278 5610 605 5685 immorari
622 5610 844 5685 ,μοτραντ

351 5628 605 5681 ιακοοτην
632 5628 844 5733 μοιιραν.

349 5683 463 5767 (id)
495 5681 725 5767 Equiti-om
753 5682 871 5767 agil.
908 5690 974 5767 ἐι
1006 5680 1155 5764 Bodl.
1187 5700 1307 5767 cum
1354 5684 1535 5767 Begiis
1574 5684 1763 5767 primo.
1797 5694 1848 5763 et

316 5748 468 5808 nimo
513 5760 567 5805 et
610 5764 733 5803 cum
777 5748 944 5806 Coisl.
990 5754 1163 5819 primo
1204 5748 1612 5808 ἀωτελεᾶτικά.
1671 5755 1845 5807 Etlitio

316 5770 468 5808 utnto
513 5770 567 5805 et
610 5770 733 5803 cum
777 5770 944 5806 uouet.
990 5770 1163 5819 primo
1204 5770 1565 5808 ἀποτελεστικε

275 5770 448 5894 atris.
478 5835 599 5894 eum
620 5820 887 5894 nonnullis
920 5837 1045 5876 mss.
1074 5824 1565 5894 ἀποτελεσματικὰ.

350 5892 462 5963 (25)
493 5890 633 5948 Editi
664 5888 814 5958 φασί,
864 5906 990 5944 mss.
1036 5894 1186 5963 φησι.
1244 5888 1359 5949 Μηνὶ
1407 5896 1568 5951 ctlitio
1602 5895 1760 5951 Basil.
1793 5906 1839 5948 «ξι

558 5987 827 6051 Panem.
864 5987 979 6050 Gtt.
1017 5990 1255 6053 XXIX.

1969 4784 2141 4855 magis
2175 4786 2460 4841 ridiculum
2502 4803 2623 4843 esse
2652 4789 2864 4856 possit?
2900 4792 3055 4847 Aries
3098 4793 3207 4855 ille,
3242 4810 3271 4847 a
3300 4810 3407 4863 quo
3446 4799 3537 4851 lio-

1970 4873 2130 4930 minis
2180 4877 2409 4930 natalem
2456 4877 2717 4943 desnmis,
2749 4879 2869 4933 coeli
2902 4895 3027 4949 pars
3074 4878 3157 4936 est
3200 4884 3531 4949 duodecima

1969 4970 2021 5022 in
2048 4983 2151 5037 qua
2178 4985 2298 5023 cuni
2330 4970 2491 5025 fuerit
2515 4972 2615 5038 sol,
2648 4987 2811 5027 verna
2839 4974 2987 5043 signa
3021 4976 3255 5047 attingit.
3292 4978 3354 5033 Et
3378 4978 3533 5035 Libra

1958 5126 2366 5210 nostrinseptem
2410 5128 2726 5210 918$..Xplt?)
2766 5130 2894 5201 γάρ.
2944 5132 3120 5188 Editio
3165 5134 3337 5190 Paris.
3381 5138 3531 5210 κριοῦ

1956 5195 2271 5270 γάρκΒρεη.
2290 5199 2473 5270 κριῶν
2507 5195 2632 5270 γάρζ

2026 5263 2138 5334 (26)
2174 5263 2633 5342 Variaiit_e:liii_et
2663 5283 2792 5342 mss.
2831 5272 3006 5325 Editio
3038 5272 3207 5329 Paris.
3246 5294 3364 5329 cum
3397 5278 3523 5342 ηομ.

1954 5348 2147 5415 octavo
2172 5337 2475 5415 προετικός.
2534 5337 2711 5415 Eilitio
2753 5338 2914 5415 Qiisil.
2947 5356 3066 5415 cunt
3124 5346 3252 5415 lleg.
3288 5349 3443 5399 tertio
3476 5337 3531 5397 ζει.

1954 5421 2074 5485 cum
2107 5403 2256 5485 Bodl.
2286 5409 2717 5485 ,προαιρετικός
2748 5408 2912 5464 Coisl.
2960 5414 3165 5485 primus
3203 5403 3531 5485 ἱροεκτικὸς

1953 5475 2009 5527 δὲ
2042 5476 2156 5556 καί.
2188 5475 2372 5556 “Coiﬁ.
2415 5475 2682 5556 secundus
2713 5475 3099 5556 προηγῃτικός.
3148 5475 3277 5556 Βεέ.
3314 5475 3531 5555 quintus

1953 5559 2075 5626 cum
2311 5550 2547 5626 secundo
2580 5547 2956 5626 προσεκτικός.
2997 5547 3350 5626 δοιοιηδᾳυεὶ
3386 5560 3526 5611 hum-

1955 5613 2130 5688 locum
2171 5617 2400 5688 illustrat
2438 5613 2683 5679 Dueaeus,
2723 5624 2869 5688 legas
2898 5613 3119 5678 suadeo.

2024 5685 2139 5751 (27)
2189 5686 2319 5763 Reg.
2376 5698 2563 5742 sextus
2600 5685 2879 5763 τληπαθὴς
2923 5692 3080 5761 φύσει
3129 5698 3222 5749 καὶ
3265 5696 3525 5762 δουλικός,

1950 5754 2192 5807 laborum
2228 5757 2454 5811 tolerans
2480 5769 2554 5811 est
2583 5754 2795 5819 natura.
2826 5754 2872 5814 éi
2906 5754 3105 5815 servilis

1968 5896 1975 5906 ,
2023 5827 2133 5889 (⁵⁸28)
2161 5826 2231 5877 Ιιει
2257 5827 2468 5883 t‘odit'cs
2496 5841 2720 5900 septeni.
2764 5832 2899 5888 Etlili
2930 5846 2977 5887 (τι
3005 5834 3169 5889 Cois].
3198 5842 3396 5907 primus
3440 5844 3527 5907 ἐς

1951 5912 2200 5951 απτεται.

3137 6002 3174 6063 5
