4262 6490
782 413 838 467 '31
2089 413 2144 464 S-
2192 411 2430 468 BASILI-l
2477 417 2688 472 MAGNI

3902 424 4004 477 132

743 543 796 588 et
841 532 1046 585 Taurus
1097 529 1369 590 similiter,
1425 530 1838 598 unumquodque
1888 545 1952 582 ex
2012 530 2094 584 his
2145 531 2314 600 signis
2345 540 2426 592 A2

2345 540 2386 592 Α
2417 532 2564 584 κλου.
2586 532 2710 595 Πῶς
2733 527 2823 584 οὖν
2855 531 3062 584 ἐκεῖθεν
3079 531 3177 595 τὰς
3197 536 3612 605 προηγουμένας
3633 539 3812 600 αἰτίας
3829 541 4005 609 λέγων

743 625 853 692 ejus
887 625 1070 678 circuli
1107 624 1195 691 qui
1235 623 1488 676 zodiacus
1533 628 1784 685 vocatur,
1829 639 1952 690 pars
1983 633 2065 677 est
2110 624 2312 677 duode-

737 720 897 772 cima.
937 717 1215 782 Quomodo
1261 716 1426 784 igitur
1459 715 1606 769 illinc
1639 716 1940 785 prmcipuas
1970 717 2092 768 vitae
2122 717 2314 768 Imma-

736 829 820 866 ηερ
862 827 1054 862 causas
1103 809 1367 878 prolicisci
1420 810 1603 871 doces,
1639 818 1690 862 et
1723 823 1788 861 ex
1828 808 2059 861 terrenis
2098 810 2313 876 pecudi-

738 907 838 959 bus
895 904 1228 957 nascentium
1279 901 1560 955 hominum
1616 916 1796 956 mores
1846 900 2106 968 exprimis
2159 910 2317 968 atque

737 998 982 1067 elliugis?
1023 996 1154 1050 Nam
1188 997 1275 1065 qui
1310 997 1362 1049 in
1399 997 1582 1051 Ariete
1631 996 1895 1059 exoritur,
1930 994 2168 1049 liberalis
2209 1004 2314 1056 est,

736 1108 844 1145 non
888 1091 1029 1160 quod
1081 1090 1164 1143 illa
1204 1105 1328 1156 pars
1380 1090 1504 1144 θαέιὶ
1559 1104 1738 1144 mores
1795 1088 1927 1143 tales
1979 1086 2191 1147 efﬁciat,
2223 1087 2314 1140 sed

732 1185 878 1254 quod
908 1183 1032 1238 huic
1065 1182 1244 1251 pecori
1279 1180 1400 1234 talis
1431 1190 1619 1234 natura
1655 1181 1804 1234 insit.
1837 1180 1975 1247 Quid
2004 1193 2130 1248 ergo
2159 1178 2314 1231 fidem

743 1292 799 1330 ex
839 1277 1003 1332 astris
1034 1275 1127 1328 tibi
1167 1273 1372 1328 faciens
1401 1272 1776 1344 perterrefacis
1808 1289 1925 1336 nos,
1960 1271 2182 1340 haecque
2222 1285 2316 1340 per

734 1370 944 1424 balatus
976 1367 1192 1423 conaris
1217 1367 1580 1436 persuadere?
1609 1365 1742 1419 Nam
1773 1367 1815 1420 si
1849 1365 2046 1420 caelum
2087 1365 2155 1418 ab
2192 1366 2313 1417 ani-

733 1463 968 1516 malibus
1022 1459 1154 1513 tales
1205 1459 1403 1528 accipit
1457 1474 1666 1512 morum
1724 1459 2103 1527 proprietates,
2139 1457 2312 1525 ipsum

732 1554 894 1608 etiam
937 1551 1128 1606 alienis
1161 1549 1442 1621 principiis
1470 1561 1553 1603 est
1585 1547 1903 1614 subjectum,
1933 1547 2129 1616 quippe
2170 1547 2312 1615 quod

733 1662 926 1700 causas
970 1661 1034 1698 ex
1069 1644 1150 1698 bis
1184 1642 1468 1712 pecoribus
1509 1639 1873 1709 dependentes
1902 1639 2120 1692 habeat.
2157 1637 2309 1703 Quod

733 1741 776 1793 si
815 1740 866 1794 id
901 1750 1148 1791 asserere
1187 1734 1470 1788 ridiculum
1512 1733 1602 1797 sit,
1635 1732 1793 1802 longe
1825 1731 1995 1800 magis
2031 1729 2309 1782 ridirulum

732 1843 836 1896 est,
870 1848 933 1884 ex
973 1831 1039 1884 iis
1086 1829 1226 1882 inter
1273 1843 1392 1897 qua:
1435 1826 1579 1879 nulla
1612 1824 1721 1896 56
1750 1824 2098 1880 necessitudo
2147 1824 2308 1877 inter-

732 1927 895 1986 cedit,
933 1921 1118 1975 eonari
1170 1919 1478 1990 opinionem
1518 1917 1661 1971 illam
1697 1916 2011 1972 credibilem
2059 1914 2311 1984 probabi-

732 2019 942 2085 lemque
974 2015 1218 2069 reddere.
1255 2011 1414 2081 Atqui
1452 2011 1535 2065 bas
1571 2012 1797 2063 istorum
1828 2008 2052 2078 argutia:
2080 2019 2310 2060 aranea-

733 2126 850 2164 rum
887 2108 1006 2162 telis
1041 2117 1164 2159 sunt
1214 2103 1546 2164 consimiles,
1577 2103 1630 2155 in
1666 2115 1804 2170 quas
1845 2115 1966 2153 cum
2008 2098 2185 2159 culex,
2221 2107 2311 2149 aut

733 2217 943 2264 musca,
979 2208 1074 2252 aut
1126 2197 1353 2266 quodvis
1399 2194 1597 2249 animal
1655 2195 1805 2248 hisce
1851 2190 2212 2247 imbecillibus
2237 2192 2311 2244 si-

733 2296 859 2351 mile
909 2291 1177 2351 inciderit,
1215 2289 1419 2342 irretita
1469 2287 1819 2342 detinentur:
1856 2294 1910 2339 at
1945 2300 2068 2340 cum
2117 2284 2311 2338 fortius

728 2387 948 2452 aliquod
983 2381 1180 2436 animal
1215 2380 1526 2443 accesserit,
1559 2380 1687 2433 illud
1719 2389 1773 2433 et
1805 2377 1964 2432 facile
1993 2379 2305 2447 pertransit,

735 2491 783 2534 et
821 2490 1031 2531 tenuem
1069 2481 1208 2530 hanc
1242 2485 1508 2526 texturam
1545 2471 1845 2542 perrumpit
1878 2485 1940 2526 ac
1973 2470 2220 2540 dissipat.

803 2574 852 2624 τ.
901 2573 1094 2623 \‘erum
1130 2584 1234 2620 nun
1274 2567 1356 2619 bis
1398 2565 1526 2620 solis
1559 2564 1799 2618 contenti
1837 2572 1982 2618 sunt.
2025 2563 2116 2616 sed
2147 2563 2310 2616 etiam

728 2680 956 2738 quarunt
1000 2677 1177 2716 rerum
1213 2659 1428 2714 domina
1473 2668 1556 2714 est
1603 2656 2029 2726 uniuscujusque
2067 2664 2307 2709 nostrum

733 2763 981 2812 voluntas
1020 2758 1143 2825 (hoc
1176 2762 1276 2819 est,
1311 2753 1610 2807 studiorum
1645 2752 1860 2806 virtutis
1888 2759 1980 2803 aut
2007 2748 2169 2814 vitii),
2200 2748 2308 2801 illa-

730 2869 847 2905 rum
906 2851 1068 2901 etiam
1121 2861 1314 2900 causas
1366 2845 1677 2897 cceleslibus
1729 2843 2052 2896 attribuunt.
2105 2842 2307 2906 Quibus

731 2942 1102 3000 contradicere
1137 2939 1337 3008 alioqui
1374 2936 1661 2990 ridiculum
1699 2946 1780 2989 est
1810 2952 1824 2988 :
1855 2935 1946 2988 sed
1979 2935 2102 3001 quia
2129 2935 2306 3002 plures

728 3053 792 3092 eo
837 3050 1021 3089 errore
1066 3039 1532 3102 prmoccupanlur,
1573 3029 1685 3083 base
1721 3027 1859 3082 forte
1889 3042 2111 3081 necesse
2147 3025 2307 3079 fuerit

730 3130 945 3184 silentio
988 3143 1091 3179 non
1129 3125 1426 3194 praeterire.
1478 3121 1718 3176 Primum
1753 3123 1968 3191 quidem
2003 3122 2126 3175 illttd
2159 3123 2305 3190 ipsos

733 3217 1207 3286 interregabimus,
1233 3229 1430 3267 numne
1459 3214 1736 3268 stellarum
1766 3214 1948 3285 figura:
1975 3214 2162 3268 diebus
2191 3214 2302 3268 sin-
2332 3251 2373 3308 Ο

728 3311 869 3384 gulis
919 3309 1219 3363 sexcenties
1274 3307 1583 3360 mutentur?
1636 3305 1768 3359 Nam
1824 3323 1945 3361 cum
1993 3307 2160 3359 stella:
2204 3307 2305 3360 illae

729 3419 848 3475 qua
887 3411 1267 3471 nuncupantur
1314 3405 1580 3463 errantes,
1619 3411 1833 3465 semper
1881 3407 2219 3461 moveantur,
2256 3407 2308 3450 et

730 3500 846 3553 alia:
877 3497 1093 3566 quidem
1131 3495 1290 3549 citius
1321 3493 1422 3547 sibi
1457 3502 1642 3546 mutuo
1679 3500 1990 3552 occurrant,
2025 3490 2143 3543 alia:
2181 3505 2306 3543 vero

731 3593 995 3648 circuitus
1026 3589 1288 3641 tardiores
1320 3587 1630 3653 conlicianl,
1670 3586 1722 3638 in
1759 3585 1945 3639 eadem
1981 3585 2109 3640 liora
2141 3600 2306 3654 szepe-

731 3699 955 3742 numero
1008 3692 1061 3738 et
1109 3696 1166 3736 se
1217 3681 1445 3733 invicem
1497 3679 1811 3746 respiciunt,
1839 3689 1893 3733 et
1939 3679 2302 3734 occultantur.

729 3777 796 3832 Et
820 3792 939 3830 cum
973 3776 1024 3829 in
1059 3786 1176 3828 ortu
1217 3771 1269 3826 id
1306 3769 1523 3822 maximi
1556 3771 1625 3821 sit
1657 3771 1931 3830 momenti.
1959 3779 2052 3824 aut
2087 3786 2116 3824 a
2145 3771 2304 3825 bene-

732 3873 832 3925 fica
867 3869 1043 3935 stella,
1077 3879 1135 3919 ιιι
1168 3866 1266 3935 ipsi
1317 3864 1632 3928 loquuntur,
1668 3871 1760 3913 aut
1809 3876 1837 3913 a
1888 3863 2127 3916 malefica
2174 3877 2303 3915 con-

730 3963 902 4030 spici;
935 3971 989 4014 et
1041 3975 1160 4013 eum
1204 3971 1344 4025 smpc
1395 3956 1446 4010 id
1499 3966 1710 4023 tempus
1740 3967 1848 4022 quo
1880 3952 2117 4006 benefica
2154 3953 2302 4006 stella

733 4052 1096 4108 testimonium
1148 4049 1441 4118 praebebat,
1477 4063 1580 4101 non
1633 4056 2012 4116 assequantur,
2048 4044 2116 4097 ob
2148 4044 2304 4096 unius

733 4143 1081 4202 minutissimi
1136 4143 1297 4210 spatii
1349 4141 1731 4208 ignorantiam,
1761 4139 1900 4192 hanc
1949 4137 2117 4205 ipsam
2165 4135 2306 4189 velut

728 4241 784 4297 in
835 4239 973 4292 mala
1023 4237 1235 4291 fortuna
1287 4234 1445 4288 sitam
1505 4241 1913 4287 recensuerunt.
1950 4228 2126 4299 Cogor
2160 4227 2299 4280 enim

729 4332 858 4399 ipsis
887 4347 1073 4386 eorum
1105 4330 1327 4384 vocibus
1366 4327 1462 4380 uti.
1498 4326 1640 4379 Sane
1676 4325 1900 4378 multum
1933 4331 2017 4376 est
2055 4321 2302 4374 amentia:

729 4425 782 4481 in
815 4427 898 4478 bis
935 4426 1129 4487 verbis,
1165 4425 1256 4478 sed
1309 4421 1462 4491 longe
1508 4417 1626 4488 plus
1671 4427 1754 4471 est
1801 4416 2116 4486 impietatis.
2170 4414 2300 4467 Nam

729 4517 985 4571 maleﬁca:
1030 4515 1196 4569 stellae
1244 4512 1594 4582 malignitatis
1629 4525 1740 4564 sua:
1773 4523 1989 4563 causam
2046 4509 2097 4561 in
2145 4523 2300 4559 suum

2421 625 2685 696 ὑπάρχειν
2733 627 2845 686 τοῖς
2889 624 2996 675 τῶν
3035 623 3337 693 ἀνθρώπων
3387 626 3549 695 βίοις,
3594 631 3657 681 ἐκ
3706 633 3814 684 τῶν
3870 639 4005 704 παρ’

2420 720 2551 788 ἡμῖν
2606 718 2966 788 βοσκημάτων
3013 720 3119 770 τῶν
3164 722 3518 788 γεννωμένων
3577 723 3882 794 ἀνθρώπων
3931 729 4002 782 τὰ

2419 812 2522 880 ἢθη
2574 811 3036 880 χαρακτηρίζεις;
3095 812 3470 882 Εύμετάδοτος
3522 815 3629 885 γάρ
3661 819 3687 868 ό
3725 819 4000 889 Κριανὸς,

2417 904 2515 954 οὑκ
2538 902 2723 971 ἐπειδὴ
2752 903 2992 955 τοιούτου
3020 903 3182 972 ἤθους
3221 905 3500 974 ποιητικὸν
3536 908 3711 960 ἐκεῖνο
3743 911 3802 962 τὸ
3837 913 4002 981 μέρος

2409 994 2508 1072 τοῦ
2549 995 2801 1066 ούρανοῦ,
2847 995 2958 1047 ἀλλ’
3002 996 3188 1066 ἐπειδὴ
3234 999 3492 1068 τοιαύτης
3536 998 3749 1066 φύσεώς
3782 1005 3897 1054 ἐστι
3942 1004 4001 1056 τὸ

2418 1087 2707 1159 πρόϐατον.
2740 1088 2804 1140 Τί
2838 1083 2929 1140 οὖν
2958 1087 3226 1151 δυσωπεῖς
3271 1091 3368 1159 μέν
3398 1093 3429 1159 ἡ
3441 1092 3547 1160 μᾶς
3583 1091 3690 1142 ἀπὸ
3719 1093 3816 1162 τῆς
3856 1095 4002 1158 ἀξιο-

2419 1181 2636 1243 πιστίας
2678 1180 2786 1233 τῶν
2827 1179 3062 1251 ἄστρων,
3101 1181 3308 1235 πείθειν
3341 1182 3396 1235 δὲ
3443 1184 3739 1254 ἐπιχειρεῖς
3773 1186 3860 1237 διὰ
3892 1187 3999 1239 τῶν

2421 1273 2811 1346 βληχημάτωνς
2851 1275 2914 1326 El
2953 1275 3049 1344 μὲν
3101 1274 3207 1345 γὰρ
3241 1275 3392 1348 παρά
3428 1276 3535 1330 τῶν
3572 1276 3726 1339 ζώων
3761 1276 3939 1328 λαϐὼν
3973 1280 3999 1330 ὁ

2417 1367 2640 1435 οὐρανὸς
2675 1367 2784 1437 ἔχει
2830 1366 2898 1419 τὰ
2936 1365 3159 1419 τοιαῦτα
3202 1368 3307 1420 τῶν
3353 1369 3499 1438 ἠθῶν
3559 1368 3855 1439 ἰδιώματα,
3903 1372 3998 1424 καὶ

2419 1459 2580 1523 αύτὸς
2613 1461 2897 1514 ὑπόκειται
2943 1461 3250 1532 ἀλλοτρίαις
3287 1463 3504 1531 ἀρχαῖς,
3537 1465 3600 1516 ἐκ
3644 1463 3752 1514 τῶν
3794 1463 3996 1535 βοσκη-

2420 1553 2602 1622 μάτων
2643 1553 2778 1623 ἔχων
2819 1553 2916 1616 τὰς
2951 1553 3129 1615 αἰτίας
3174 1554 3600 1623 ἀπηρτημένας·
3651 1557 3699 1606 εἰ
3733 1555 3789 1607 δέ
3826 1573 3994 1607 κατα-

2416 1645 2674 1713 γέλαστον
2699 1644 2854 1697 τοῦτο
2891 1649 3082 1708 εἰπεῖν,
3129 1644 3658 1716 καταγελαστότερον
3703 1647 3885 1717 πολλῴ
3935 1649 3997 1698 ἐκ

2411 1739 2520 1790 τῶν
2579 1738 2746 1809 μηδὲν
2806 1738 3203 1791 κοινωνούντων
3268 1738 3492 1804 ἐπάγειν
3563 1741 3862 1810 ἐπιχειρεῖν
3921 1741 3996 1810 τῷ

2413 1829 2555 1901 λόγῳ
2586 1831 2686 1893 τάς
2725 1830 3103 1900 πιθανότητας.
3158 1829 3319 1882 Ἀλλά
3359 1829 3531 1882 ταῦτα
3569 1832 3668 1898 μὲν
3709 1833 3888 1885 αὑτῶν
3931 1834 3999 1885 τὰ

2417 1925 2554 1993 σοφά
2602 1928 2714 1988 τοῖς
2762 1923 3072 1994 ἀραχνείοις
3124 1925 3244 1996 (29)
3302 1924 3617 1993 ὑφάσμασιν
3672 1923 3868 1987 ἔοικεν,
3917 1923 3998 1989 οῖς

2414 2015 2540 2068 ὅταν
2577 2018 2672 2088 μὲν
2708 2017 2926 2087 κώνωψ,
2976 2017 3008 2088 ἢ
3056 2020 3206 2088 μυῖα,
3257 2018 3290 2087 ἦ
3338 2035 3388 2069 τι
3441 2015 3548 2069 τῶν
3600 2017 3998 2087 παραπλησίως

2413 2105 2622 2169 τούτοις
2663 2107 2906 2161 ἀσθενῶν
2972 2109 3230 2180 ἐνσχεθῇ,
3281 2108 3647 2162 καταδεθέντα
3682 2113 3991 2176 κρατεῖται’

2413 2198 2629 2251 ἐπειδὰν
2672 2199 2726 2250 δὲ
2760 2201 2866 2252 τῶν
2917 2202 3279 2272 ἰσχυροτέρων
3312 2219 3364 2254 τι
3411 2200 3564 2265 ζώων
3604 2202 3819 2274 ἐγγίσῃ,
3868 2203 3998 2254 αὑτό

2411 2311 2467 2345 τε
2503 2293 2700 2365 ῥαδίως
2736 2295 3040 2348 διεκπίπτει
3076 2299 3208 2367 (30),
3240 2298 3334 2350 καὶ
3362 2297 3429 2350 τά
3464 2297 3669 2368 ἀδρανῆ
3697 2298 3995 2367 ὑφάσματα

2408 2389 2656 2460 διέρρηξε
2691 2389 2784 2441 καὶ
2815 2388 3067 2458 ἡσάνισε.

2481 2569 2533 2619 7.
2578 2569 2685 2620 Καὶ
2714 2571 2813 2621 οὑκ
2844 2571 2936 2623 ἐπὶ
2964 2570 3168 2623 τούτων
3207 2570 3450 2624 ἵστανται
3486 2570 3646 2641 μόνον
3693 2571 3829 2641 (51),
3858 2572 3993 2624 ἀλλά

2412 2659 2506 2711 καὶ
2533 2652 2604 2711 ὧν
2642 2661 2672 2727 ἠ
2704 2662 3018 2732 προαίρεσις
3049 2664 3279 2716 ἑκάστου
3307 2663 3462 2735 ἡμῶν
3489 2664 3653 2734 κυρία
3688 2664 3799 2734 (ὄῖ)
3833 2664 3996 2733 (λέγω

2408 2752 2491 2824 δὴ,
2524 2751 2633 2804 τῶν
2677 2753 3120 2822 ἐπιτηδευμάτων
3150 2757 3350 2826 ἀρετῆς
3387 2758 3420 2826 ἢ
3463 2757 3705 2824 κακίας),
3740 2759 3837 2808 καὶ
3877 2759 3997 2808 τού-

2409 2861 2514 2896 των
2553 2843 2651 2906 τάς
2684 2842 2876 2904 ἀἰτίας
2919 2845 3030 2905 τοῖς
3066 2844 3338 2912 ούρανίοις
3389 2845 3769 2897 συνάπτουσιν.
3809 2841 3905 2906 Οἷς
3939 2846 3998 2896 τὸ

2408 2937 2708 3005 ἀντιλέγειν
2741 2935 2916 2996 ἄλλως
2952 2935 3047 3006 μὲν
3091 2934 3518 3001 καταγέλαστον,
3553 2935 3638 2988 διὰ
3673 2936 3728 2987 δέ
3771 2937 3833 2988 τὸ
3866 2952 4000 2998 προ.

2409 3029 2734 3098 κατέχεσθαι
2801 3029 2927 3092 τοὺς
2987 3028 3213 3091 πολλοὺς
3281 3030 3346 3099 τῇ
3419 3027 3637 3099 ἀπάτῃ,
3693 3029 3995 3095 ἀναγκαῖον

2409 3123 2537 3185 ἴσως
2570 3123 2642 3193 μὴ
2698 3125 2874 3192 σιωπῇ
2919 3121 3228 3193 παρελθεῖν.
3276 3121 3500 3192 Πρῶτον
3537 3123 3637 3192 μὲν
3687 3118 3781 3174 οὖν
3821 3121 3996 3175 ἐκεῖνο

2408 3215 2606 3278 αύτούς
2659 3215 3055 3285 ἐρωτήσωμεν,
3111 3217 3158 3268 εἰ
3224 3215 3296 3286 μὴ
3353 3215 3438 3284 ἐφ’
3486 3214 3723 3285 ἑκάστης
3777 3214 3994 3284 ἡμέρας

2413 3309 2673 3380 μυριάκις
2703 3308 2992 3377 ἀμείϐεται
3018 3309 3125 3360 τῶν
3154 3309 3400 3379 ἀστέρων
3435 3307 3501 3360 τὰ
3535 3311 3825 3378 σχήματα;
3860 3309 3996 3360 Ἀειο

2409 3401 2616 3470 κίνητοι
2647 3401 2754 3471 γὰρ
2781 3401 2931 3464 ὄντες
2965 3402 3012 3454 οἱ
3051 3401 3319 3471 πλανῆται
3351 3400 3651 3470 λεγόμενοι,
3690 3402 3784 3452 καὶ
3815 3402 3864 3452 οἱ
3899 3402 3995 3470 μὲν

2408 3490 2599 3544 θᾶττον
2643 3494 3250 3563 ἐπικαταλαμϐάνοντες
3297 3493 3574 3562 ἀλλήλους.
3625 3493 3673 3545 oi
3710 3493 3766 3545 δὲ
3799 3493 3995 3562 βραδυ-

2407 3581 2571 3652 τέρας
2599 3581 2696 3644 τὰς
2728 3582 3002 3651 περιόδους
3031 3585 3360 3652 ποιούμενοι,
3391 3584 3482 3634 ἐπὶ
3507 3583 3604 3651 τῆς
3636 3584 3806 3652 αὐτῆς
3841 3582 3993 3653 ὧρας

2406 3673 2667 3736 πολλάκις
2703 3673 2797 3724 καὶ
2832 3673 3028 3742 ὁρῶσιν
3069 3673 3332 3736 ἀλλήλους
3382 3673 3475 3724 καὶ
3514 3673 3989 3741 ἀποκρύπτονται,

2409 3767 2673 3838 μεγίστην
2705 3784 2762 3818 τε
2797 3767 2908 3835 ἔχει
2954 3765 3182 3836 δύναμιν
3223 3766 3279 3817 ἐν
3316 3767 3434 3827 ταῖς
3469 3763 3579 3834 (55)
3633 3765 3883 3831 γενέσεσι
3933 3767 3994 3817 τὸ

2405 3862 2436 3930 ἣ
2485 3862 2633 3932 παρά
2685 3858 3013 3929 ἀγαθοποιοῦ
3066 3859 3396 3931 ἐφορᾶσθαι,
3450 3857 3482 3930 ἢ
3539 3856 3872 3916 κακοποιοῦ,
3921 3867 3996 3920 ως

2405 3955 2557 4006 αύτοὶ
2591 3953 2827 4021 λέγουσι.
2868 3955 2977 4006 Καὶ
3016 3953 3279 4016 πολλάκις
3318 3952 3524 4006 καθ’ὦν
3550 3951 3926 4023 ἐπεμαρτύρει
3969 3955 3997 4004 ὁ

2405 4044 2735 4110 ἀγαθοποιός
2772 4045 2946 4114 ἀστὴρ
2990 4044 3079 4095 τὸν
3120 4043 3311 4113 καιρὸν
3339 4044 3438 4096 οὑκ
3473 4043 3805 4112 ἐξευρόντες,
3841 4044 3997 4112 παρά

2407 4138 2502 4206 τὴν
2550 4138 2665 4198 gub;
2710 4137 2816 4189 τῶν
2855 4134 3198 4186 λεπτοτάτων
3258 4134 3501 4200 ἄγνοιαν,
3550 4132 3630 4195 ὡς
3674 4135 3733 4185 ὲν
3773 4133 3850 4203 τῷ
3892 4151 3994 4186 κδ’

2407 4231 2835 4300 κοδαιμονεξματι
2888 4225 3050 4278 αὑτὸν
3093 4226 3344 4295 κείμενον
3403 4224 3815 4296 ἀπεγράψαντο.
3869 4226 3997 4290 Τοῖς

2407 4324 2510 4394 γὰρ
2529 4320 2704 4375 αὑτῶν
2735 4319 2958 4373 ἐκείνων
2986 4317 3096 4386 (5i)
3125 4316 3531 4389 συγχρήσασθαι
3555 4318 3793 4388 ῥήμασιν
3823 4319 3997 4386 ἀναγ-

2407 4415 2665 4486 κάζομαι.
2726 4415 2814 4466 Ἐν
2870 4413 2932 4484 δὴ
2982 4416 3089 4474 τοῖς
3135 4411 3397 4475 τοιούτοις
3455 4410 3632 4478 λόγοις
3683 4410 3820 4464 πολὺ
3892 4413 3994 4482 μὲν

2403 4509 2461 4561 τὸ
2488 4509 2733 4580 ἀνόητον,
2766 4507 3160 4560 πολλαπλάσιον
3190 4505 3245 4557 δὲ
3292 4505 3352 4557 τὸ
3385 4504 3598 4568 ἀσεϐές.
3633 4505 3697 4556 Οἱ
3736 4504 3848 4575 γάρ
3890 4524 3994 4558 κα-

729 4608 968 4676 ipsarum
1016 4605 1349 4659 conditorem
1393 4599 1744 4654 transferunt.
1776 4598 1988 4652 Etenim
2040 4599 2082 4652 si
2116 4597 2246 4666 ipsis
2270 4612 2297 4650 a
2334 4605 2374 4659 υ
2405 4621 2412 4655 ς

2334 4605 2374 4659 D
2405 4605 2613 4656 κοποιοὶ
2645 4603 2754 4654 τῶν
2796 4601 3042 4672 ἀστέρων
3085 4601 3181 4668 τῆς
3213 4597 3419 4650 ἑαυτῶν
3459 4598 3726 4668 πονηρίας
3763 4599 3859 4652 ἐπὶ
3902 4599 3994 4651 τόν

731 4713 920 4755 natura
972 4701 1111 4752 inest
1164 4699 1384 4762 malum,
1416 4693 1666 4750 conditor
1697 4693 1810 4761 ipse
1851 4691 1954 4745 erit
2002 4690 2127 4745 mali
2175 4690 2302 4744 clle-

728 4805 844 4846 etor
877 4836 888 4847 .
925 4791 969 4845 si
1017 4806 1144 4844 vero
1195 4803 1288 4842 sua
1335 4796 1527 4856 sponte
1577 4793 1633 4838 et
1681 4785 1955 4839 voluntate
1988 4784 2146 4840 make
2180 4800 2304 4838 eva-

726 4887 882 4949 dunt,
920 4887 1151 4955 primum
1197 4883 1412 4953 quidem
1463 4877 1713 4932 animalia
1759 4887 1917 4932 erunt
1954 4877 2181 4949 eligendi
2223 4879 2302 4933 fa-

727 4981 927 5035 cultate
977 4979 1223 5047 prmdita,
1257 4977 1434 5030 soluto
1486 4989 1549 5028 ac
1603 4970 1771 5025 libero
1815 4971 2016 5042 impetu
2063 4973 2300 5037 utentia;

728 5073 776 5126 id
807 5075 945 5140 quod
972 5074 1038 5128 de
1067 5070 1378 5127 iuanimatis
1403 5066 1650 5120 ementiri
1679 5079 1743 5119 ac
1769 5063 1987 5134 ﬁngere,
2016 5066 2304 5120 dementia:

727 5179 947 5216 summa:
990 5173 1092 5216 est.
1147 5159 1345 5215 Deinde
1375 5164 1636 5227 quantum
1681 5170 1710 5208 a
1762 5154 1970 5208 ratione
2017 5155 2296 5220 abhorret,

729 5256 924 5307 malum
979 5265 1070 5307 aut
1119 5256 1314 5306 bonum
1353 5264 1457 5304 non
1495 5259 1593 5315 pro
1630 5246 1821 5298 merito
1870 5243 2066 5312 cuique
2114 5245 2296 5298 distri-

799 5413 909 5479 (29)
938 5412 1164 5467 Codices
1198 5421 1430 5479 quatuor
1452 5413 1563 5475 τοῖς
1590 5409 1885 5481 ἀραχνίοις.
1917 5409 2049 5476 Reg.
2075 5420 2298 5481 octavus

725 5487 837 5546 τοῖς
884 5482 1209 5553 άραχνείοις.
1268 5482 1575 5553 Ειίίιίώςυιι)
1635 5479 1765 5553 Reg.
1825 5481 1982 5534 tertio
2031 5479 2297 5553 192C161”)

725 5549 1360 5624 ἀραχνίωνύφάσμασιν.
1408 5551 1571 5606 Coisl.
1615 5549 1820 5624 primus
1867 5549 2135 5624 tote-fului
2165 5552 2298 5621 ἀρα-

725 5620 866 5696 χνῶν
900 5625 992 5693 ὑφ.
1022 5620 1189 5677 (Ζυὶδιξ
1215 5625 1480 5677 secundus
1510 5625 1621 5684 τοῖς
1652 5620 1757 5672 τῶν
1781 5621 2082 5692 ἀραχνείων
2116 5622 2207 5689 ὑφ.

801 5699 907 5758 (50)
933 5700 1172 5760 QuatuOr
1197 5710 1324 5749 mss.
1360 5694 1636 5746 ἐκπίπτει.

800 5766 907 5829 (31)
952 5767 1174 5817 Codices
1203 5764 1647 5832 (ιιιοιιιοιχμόνον.
1680 5762 1854 5832 Edilio
1884 5763 2044 5816 Basil.
2099 5763 2294 5830 μόνων.

804 5828 912 5896 (3').)
951 5835 1102 5887 Colb.
1137 5828 1401 5884 secundus
1429 5828 1670 5901 ᾗκυρία.
1705 5830 1820 5884 Mox
1852 5834 1977 5884 editi
2011 5828 2129 5882 cum
2165 5833 2296 5892 lieg.

739 5903 964 5955 secundo
999 5903 1083 5968 δὴ.
1123 5902 1223 5953 Alii
1250 5912 1477 5968 quatuor
1515 5918 1640 5954 mss.
1692 5901 1767 5950 δέ.
1822 5901 2010 5952 Statim
2055 5903 2293 5953 Contbef.

2409 4699 2711 4767 ποιήσαντα
2743 4695 2939 4759 αὐτοὺς
2975 4695 3072 4764 τὴν
3120 4694 3299 4746 αἰτίαν
3350 4691 3751 4765 μετατιθέασιν.
3795 4693 3858 4744 Εἰ
3895 4694 3994 4762 μὲν

2409 4787 2516 4858 γὰρ
2541 4789 2605 4838 ἐκ
2647 4785 2860 4854 φύσεως
2893 4784 3072 4839 αὑτῶν
3098 4783 3157 4835 τὸ
3185 4784 3370 4849 κακὸν,
3399 4785 3426 4834 ό
3462 4782 3796 4852 δημιουργὸς
3839 4783 3994 4836 ἔσται

2408 4873 2501 4925 τού
2538 4872 2711 4926 κακοῦ
2769 4875 3028 4944 ποιητηςο
3065 4873 3112 4924 εί
3150 4871 3208 4924 δὲ
3257 4871 3575 4944 προαιρέσει
3626 4873 3992 4935 κακύνονται,

2412 4967 2627 5038 πρῶτον
2670 4966 2770 5038 μὲν
2797 4967 2951 5020 ἔσται
2987 4965 3100 5030 ζῶα
3131 4964 3508 5037 προαιρετικά,
3546 4965 3872 5036 λελυμέναις
3901 4967 3995 5018 καὶ

2409 5061 2896 5132 αὑτοκρατορικαῖς
2944 5061 3063 5121 ταῖς
3105 5061 3300 5129 ὁρμαῖς
3344 5059 3687 5127 κεχρημένα·
3724 5058 3752 5110 ὃ
3797 5060 3994 5129 μανίας

2411 5155 2558 5208 ἐστὶν
2588 5153 2847 5207 ἐπέκεινα
2879 5151 3308 5221 καταψεύδεσθαι
3341 5151 3450 5203 τῶν
3483 5151 3727 5220 ἀψύχων.
3761 5153 3998 5205 Ἔπειτα

2411 5247 2576 5298 πόσον
2611 5246 2671 5297 τὸ
2716 5247 2931 5315 ἄλογον,
2977 5246 3036 5298 τὸ
3070 5245 3236 5298 κακὸν
3271 5245 3362 5308 καὶ
3399 5245 3458 5296 τὸ
3499 5243 3703 5311 ἀγαθὸν
3743 5245 3820 5317 μὴ
3855 5248 3997 5300 κατά

2410 5424 2532 5464 eum
2587 5408 2706 5464 aliis
2751 5411 2991 5478 quinque
3033 5424 3162 5464 mss.
3215 5409 3640 5478 προσάπτουσιν.
3681 5409 3826 5465 Editi
3873 5425 3995 5464 cum

2407 5480 2562 5536 Colb.
2594 5485 2829 5535 secundo
2854 5482 3238 5534 συνάπτουσιν.

2480 5551 2592 5620 (55)
2645 5551 2733 5605 Sic
2767 5552 3004 5620 quinque
3035 5566 3165 5602 mss.
3212 5548 3352 5601 Editi
3396 5563 3525 5620 vero
3556 5550 3648 5604 ἐπὶ
3685 5555 3828 5615 ταῖς.
3869 5551 3991 5604 Sta-

2410 5617 2500 5708 uin
2533 5617 2769 5691 quinque
2786 5617 2931 5675 tussi
2955 5620 3076 5674 καθ’
3113 5620 3172 5672 ὃν
3204 5617 3596 5689 ἐπεμαρτύρει.
3642 5623 3783 5678 Editi
3816 5625 3993 5693 ἐμαρ-

2407 5708 2581 5762 τυρει.

2483 5760 2772 5833 (54)(2011).
2818 5763 3086 5817 secundus
3128 5760 3307 5815 αὐτῶν
3342 5763 3588 5827 ἐκείνοις.
3623 5763 3762 5832 Lege
3792 5761 3987 5817 Morel-

2413 5834 2520 5886 luut
2557 5835 2608 5885 in
2635 5834 2775 5885 hunc
2812 5833 3004 5886 locum.
