4262 6554
762 465 858 519 133

2100 465 2155 517 S.
2199 465 2438 519 BASILII
2479 466 2688 518 MAGNI
3909 473 3995 522 liti

753 582 943 627 strent.
988 570 1073 626 Fit
1117 570 1260 626 enim
1308 570 1501 635 hiems,
1533 586 1653 626 cum
1688 575 1766 628 sol
1800 574 1849 625 itt
1883 574 2144 628 austrinis
2175 589 2322 626 com-
2357 581 2396 635 Α
2431 592 2436 599 ·

2311 605 2322 614 -
2357 581 2396 635 Α
2431 576 2759 643 περιοδεύειν
2800 576 2944 642 ἡμᾶς’
2983 576 3042 626 τὸ
3088 578 3415 644 τεταγμένον
3449 580 3544 650 τῆς
3590 581 3850 648 κινήσεως
3898 580 3994 630 τῶν

753 677 992 720 moratur
1060 663 1323 734 partibus,
1391 680 1450 718 ac
1501 664 1728 720 multum
1777 676 2052 720 nocturmc
2119 667 2324 720 umbrze

751 761 799 811 iu
839 757 920 811 bis
962 757 1161 811 nostris
1197 758 1504 828 regionibus
1541 757 1725 813 eilicit.
1766 754 2124 821 Quamobrem
2168 755 2323 810 refri-

747 859 965 918 geratur
999 862 1093 901 aer
1134 857 1290 902 terra:
1334 847 1724 912 circumfusus,
1769 862 1832 900 ac
1862 862 2051 903 omnes
2090 846 2323 901 humida:

745 941 1121 997 extialationes
1162 942 1308 997 circa
1357 956 1454 995 nos
1489 951 1709 1006 coactat,
1744 940 1995 996 imbrium
2031 939 2320 1008 frigorum-

745 1051 850 1100 que
877 1044 932 1088 et
962 1036 1166 1088 nivium
1195 1035 1692 1102 copiosissimarum
1727 1047 1893 1087 causa
1918 1041 2120 1086 suntet
2145 1032 2317 1101 origo.

743 1130 812 1180 At
843 1142 962 1180 cum
998 1127 1194 1180 iterum
1229 1128 1296 1180 ab
1332 1127 1660 1182 australibus
1700 1126 2016 1197 regionibus
2049 1138 2318 1190 reversus,

747 1219 798 1272 in
832 1220 1007 1272 medio
1052 1218 1288 1283 steterit,
1322 1221 1456 1275 adeo
1504 1230 1560 1272 ut
1609 1232 1673 1272 ex
1721 1233 1874 1289 aequo
1913 1219 2178 1286 partiatur
2216 1218 2318 1274 diei

748 1309 1028 1378 noctisque
1081 1319 1290 1378 tempus
1325 1329 1337 1364 :
1370 1319 1570 1377 quanto
1618 1309 1738 1377 plus
1783 1322 1944 1377 supra
1997 1316 2155 1361 terra:
2202 1307 2316 1361 loca

745 1416 1137 1466 commoratur,
1172 1412 1320 1456 tanto
1357 1399 1632 1454 meliorem
1685 1399 1998 1468 temperiem
2040 1413 2134 1468 per
2175 1400 2320 1456 vices

745 1498 978 1553 reducit.
1029 1500 1202 1564 Atque
1239 1508 1330 1547 ver
1372 1495 1596 1556 accedit,
1631 1491 1881 1546 omnibus
1915 1492 2128 1560 quidem
2164 1491 2316 1559 plau-

748 1591 814 1644 tis
869 1586 1203 1655 germiuaudi
1263 1598 1478 1649 aucmr,
1529 1585 1816 1640 arboribus
1877 1600 2004 1639 vero
2071 1584 2317 1654 plurimis

745 1681 1100 1734 revivisceudi
1140 1695 1325 1732 ansam
1375 1679 1642 1746 prtebens,
1675 1678 2031 1745 omnibusque
2063 1675 2314 1730 animali-

740 1774 844 1827 bus
899 1782 1008 1826 tum
1062 1771 1415 1827 terrestribus
1469 1780 1579 1825 tum
1626 1768 1952 1838 aquatilibus
2004 1782 2099 1837 per
2149 1769 2315 1837 prolis

741 1864 1143 1919 successionem
1174 1879 1346 1932 geuus
1385 1877 1694 1918 asservaus.
1730 1861 1868 1917 llinc
1897 1872 2075 1916 autem
2103 1861 2214 1932 jam
2247 1863 2312 1916 ad

2427 668 2727 737 φωστήρων
2777 667 3022 736 παρέχει.
3074 668 3293 739 Χειμὼν
3341 673 3438 738 μὲν
3471 672 3577 744 γὰρ
3622 671 3855 738 γίνεται,
3892 673 3995 731 τοῖς

2425 755 2617 820 νοτίοις
2649 757 2836 828 μέρεσι
2869 758 2961 811 τοῦ
2992 758 3140 829 ἡλίου
3173 761 3700 834 προσδιατρίϐοντος,
3739 765 3834 815 καὶ
3871 763 3994 816 πολὺ

2422 849 2483 900 τὸ
2526 851 2837 922 νυκτερινὸν
2890 851 3132 922 σκίασμα
3182 855 3308 926 περὶ
3356 853 3447 906 τὸν
3495 858 3614 910 καθ’
3657 858 3805 930 ἡμᾶς
3843 857 3996 908 τόπον

2423 940 2814 1003 ἁποτελοῦντος
2833 958 2845 970 ·
2876 941 3017 994 ὥστε
3051 943 3459 1016 καταψύχεσθαι
3497 947 3594 1014 μὲν
3620 950 3711 1003 τὸν
3746 949 3875 1018 περὶ
3902 940 3998 1017 γῆν

2422 1033 2593 1103 ἀέρα,
2640 1036 2819 1099 πάσας
2861 1035 2917 1089 δὲ
2956 1036 3053 1099 τὰς
3086 1037 3259 1108 ὑγρὰς
3309 1037 3700 1108 ἀναθυμιάσεις
3755 1057 3997 1097 συνιστα-

2426 1126 2592 1196 μένας
2644 1129 2773 1200 περὶ
2821 1129 2999 1198 ἡμᾶς,
3049 1129 3270 1201 ὄμϐρων
3309 1151 3370 1186 τε
3407 1132 3586 1186 αἰτίαν
3627 1136 3722 1188 καὶ
3777 1132 3996 1207 κρυμῶν

2423 1221 2516 1274 καὶ
2571 1223 2791 1292 νιφάδος
2847 1223 3128 1292 ἀμυθήτου
3183 1228 3463 1298 παρέχειν.
3501 1225 3752 1280 Ἐπειδὰν
3803 1228 3860 1281 δὲ
3908 1230 3997 1280 £7:-

2421 1310 2583 1364 ανιὼν
2621 1313 2781 1366 πάλιν
2809 1311 2917 1366 ἀπὸ
2946 1311 3054 1364 τῶν
3089 1314 3479 1386 μεσημϐρινῶν
3514 1313 3728 1383 χωρίων
3774 1317 3870 1370 ἐπὶ
3910 1314 3994 1368 τοῦ

2425 1404 2587 1474 μέσου
2636 1405 2887 1476 γένηται,
2938 1403 3077 1456 ὥστε
3130 1404 3306 1469 ἐξίσου
3366 1406 3609 1478 μερίζειν
3659 1411 3815 1462 νυκτὶ
3868 1408 3996 1480 πρὸς

2419 1494 2632 1564 ἡμέραν
2660 1496 2751 1548 τὸν
2790 1496 2998 1567 χρόνον,
3030 1496 3138 1566 ὅσῳ
3180 1497 3361 1553 πλεῖον
3398 1500 3510 1560 τοῖς
3556 1496 3697 1569 ὑπὲρ
3751 1502 3854 1572 γῆς
3891 1501 3994 1570 (45)

2419 1587 2826 1659 προσδιατρίϐει
2862 1589 3064 1651 τόποις,
3094 1589 3333 1661 τοσούτῳ
3366 1591 3502 1645 κατά
3533 1589 3697 1660 μέρος
3736 1594 3998 1661 ἐπανάγει

2417 1678 2516 1748 τὴν
2560 1680 2878 1752 εὐκρασίαν.
2917 1681 3026 1733 Καὶ
3073 1681 3280 1749 γίνεται
3331 1684 3452 1753 ἔαρ,
3498 1683 3631 1734 πᾶσι
3682 1684 3778 1752 μὲν
3813 1688 3996 1751 φυτοῖς

2417 1771 2515 1840 τῆς
2557 1771 2902 1842 βλαστήσεως
2932 1773 3194 1842 ἀρχηγὸν,
3231 1773 3466 1847 δένδρων
3501 1774 3556 1827 δὲ
3590 1776 3702 1836 τοῖς
3727 1773 3997 1838 πλείστοις

2419 1865 2656 1935 παρέχον
2716 1865 2814 1935 τὴν
2871 1864 3188 1944 ἀναϐίωσιν,
3247 1866 3409 1931 ζώοις
3461 1868 3516 1922 δὲ
3563 1865 3844 1936 χερσαίοις
3905 1866 3996 1918 καὶ

742 1963 1029 2017 solsutium
1057 1961 1303 2015 aestivum
1333 1972 1520 2013 versus
1542 1957 1714 2028 ipsum
1739 1958 2161 2028 septentrionem
2193 1972 2311 2026 per-
2343 1920 2392 1982 Β
2416 1955 2425 2007 i

2343 1920 2392 1982 Β
2416 1920 2656 2029 ὲνύιδριοις
2697 1920 2865 2010 ἅπασι
2894 1936 2953 2008 τδ
2999 1956 3153 2024 γένος
3185 1959 3458 2028 φυλάσσον
3502 1920 3695 2030 ὲκῦτῆς
3733 1959 3840 2013 τῶν
3875 1959 3994 2011 ὲπι-

741 2070 872 2124 gens
915 2053 1016 2114 sol,
1055 2051 1169 2104 dies
1201 2049 1354 2106 nobis
1395 2051 1657 2105 maximos
1687 2050 1925 2106 adducit.
1965 2050 2029 2105 Et
2057 2050 2310 2121 quoniam

740 2147 1044 2201 diutissime
1088 2145 1139 2198 in
1185 2157 1309 2199 aere
1338 2145 1677 2209 immoratur,
1713 2141 1989 2199 torrefacit
2017 2144 2187 2212 ipsum
2223 2157 2313 2197 ae-

740 2258 853 2296 rem
899 2242 1062 2312 capiti
1109 2251 1292 2296 nostro
1325 2240 1716 2303 imminentem,
1749 2248 1803 2294 et
1853 2249 2050 2294 terrain
2093 2253 2309 2292 omnem

740 2336 996 2398 exsiccat,
1027 2339 1128 2389 hoc
1152 2342 1307 2402 pacto
1333 2333 1673 2388 et-seminum
1702 2334 2065 2388 maturitatem
2085 2331 2308 2401 juvans,

739 2441 794 2484 et
845 2432 1096 2484 arborum
1149 2429 1358 2484 fructus
1402 2430 1467 2485 ad
1512 2430 1916 2486 concoctionem
1969 2442 2189 2496 urgens.
2241 2428 2310 2481 At

740 2539 866 2578 vero
913 2523 1127 2591 quando
1183 2522 1634 2590 flagrantissimus
1691 2530 1773 2576 est
1822 2519 1946 2583 sol,
2003 2519 2194 2573 breves
2255 2520 2308 2574 in

744 2615 964 2670 meridie
1006 2615 1225 2668 umbras
1259 2611 1438 2674 allicit,
1489 2621 1771 2681 propterea
1813 2610 1956 2679 quod
1986 2625 2049 2664 ex
2079 2609 2188 2662 alto
2219 2623 2310 2664 re-

741 2707 926 2776 gioues
956 2714 1166 2760 nostras
1191 2703 1446 2757 illustrat.
1474 2699 1607 2756 Nam
1639 2701 1855 2756 maximi
1879 2701 1994 2756 dies
2019 2700 2053 2754 ii
2082 2709 2229 2764 sunt,
2255 2701 2307 2756 in

741 2800 934 2867 quibus
967 2801 1172 2855 umbra
1205 2809 1330 2855 sunt
1363 2797 1692 2861 brevissima:
1721 2817 1735 2854 :
1769 2807 1826 2853 et
1869 2808 2076 2866 contra,
2109 2797 2310 2853 brevis-

739 2893 861 2947 simi
901 2891 1020 2946 dies
1055 2889 1089 2945 ii
1133 2901 1279 2955 sunt,
1319 2891 1409 2958 qui
1449 2891 1669 2945 umbras
1703 2891 1900 2946 habent
1945 2889 2306 2959 longissimas.

738 2986 903 3053 quue
930 2984 1068 3053 apud
1102 2997 1200 3038 nos
1231 2983 1511 3050 contingit,
1540 2985 1628 3053 qui
1657 2985 1988 3054 appellamur
2012 2983 2306 3047 Ιιιιενοεεὶἕ,

738 3081 938 3151 quique
997 3075 1342 3144 aquilonares
1397 3083 1554 3129 terra:
1604 3084 1784 3144 partes
1832 3074 2157 3129 habitamus.
2205 3076 2306 3128 Ve-

741 3187 857 3226 rum
907 3168 1048 3224 enim
1082 3181 1210 3223 vero
1239 3175 1365 3222 sunt
1397 3166 1656 3231 nonnulli,
1686 3167 1776 3237 qui
1810 3180 1905 3236 per
1950 3167 2083 3221 duos
2115 3166 2302 3220 unius-

2416 2049 2715 2118 γινομένων
2753 2047 3023 2118 διαδοχῆς.
3069 2049 3306 2102 Ἐκεῖθεν
3345 2052 3403 2105 δὲ
3447 2053 3547 2124 ἤδη
3599 2053 3734 2123 πρὸς
3781 2051 3996 2123 θερινὰς

2412 2139 2620 2211 τροπὰς
2668 2139 2755 2190 ἐπ’
2797 2140 2965 2211 αὐτὴν
3015 2141 3114 2211 τὴν
3157 2141 3354 2213 ἄρκτον
3393 2144 3710 2198 ἀπελαύνων
3742 2147 3772 2197 ὁ
3812 2146 3995 2216 ἥλιος,

2411 2233 2506 2297 τὰς
2555 2231 2814 2302 μεγίστας
2872 2237 3006 2305 ἡμῖν
3056 2235 3163 2289 τῶν
3208 2237 3435 2308 ἡμερῶν
3484 2237 3782 2307 παρίστησι
3834 2237 3993 2305 (44).

2411 2327 2520 2379 Καὶ
2574 2325 2663 2378 διὰ
2722 2328 2784 2380 τὸ
2835 2328 2927 2379 ἐπὶ
2984 2328 3234 2384 πλεῖστον
3293 2328 3643 2398 προσομιλεῖν
3701 2328 3782 2398 τῷ
3837 2329 3996 2400 ἀέρι,

2411 2418 2571 2472 αὐτόν
2611 2436 2669 2471 τε
2730 2419 3101 2489 καταφρύσσει
3155 2419 3245 2472 τὸν
3313 2419 3456 2489 ὑπὲρ
3529 2418 3771 2493 κεφαλῆς
3838 2421 3998 2492 ἡμῶν

2411 2509 2568 2578 ἀέρα,
2604 2509 2699 2562 καὶ
2721 2510 2820 2580 τὴν
2850 2510 2952 2581 γῆν
2974 2509 3153 2561 πᾶσαν
3177 2508 3584 2580 καταξηραίνει,
3611 2513 3724 2575 τοῖς
3743 2528 3804 2564 τε
3830 2511 3996 2581 σπέρ-

2413 2618 2574 2671 μασιν
2613 2601 2676 2654 ὲκ
2715 2600 2907 2654 τούτου
2953 2600 3232 2674 συνεργῶν
3290 2603 3428 2674 πρὸς
3459 2604 3557 2676 τὴν
3597 2603 3828 2674 ἆδρησιν
3857 2603 3992 2671 (45),

2410 2692 2505 2746 καὶ
2560 2692 2684 2756 τοὺς
2742 2691 2854 2747 τῶν
2920 2693 3155 2764 δένδρων
3213 2695 3463 2765 καρποὺς
3518 2693 3859 2759 κατεπείγων
3904 2693 3995 2744 ἐπὶ

2409 2786 2507 2858 τὴν
2542 2786 2731 2856 πέψιν·
2778 2788 2865 2840 ὅτε
2909 2787 3003 2840 καὶ
3050 2785 3486 2855 φλογωδέστατός
3537 2786 3686 2837 ἐστιν
3736 2784 3932 2838 ἑαυτοῦ
3965 2788 3995 2839 ὀ

2408 2878 2587 2949 ἥλιος,
2635 2878 2890 2950 βραχείας
2925 2879 3094 2931 ποιῶν
3145 2879 3244 2939 τὰς
3289 2876 3448 2940 σκιὰς
3497 2877 3591 2930 ἐπὶ
3633 2877 3733 2950 τῆς
3788 2895 3997 2951 μεσημ-

2409 2970 2590 3041 ϐρίας,
2634 2970 2720 3022 διά
2749 2970 2810 3022 τὸ
2851 2970 2942 3037 ἀφ’
2989 2967 3192 3039 ὑψηλοῦ
3225 2968 3312 3022 τὸν
3343 2970 3472 3040 περὶ
3507 2972 3654 3041 ἡμᾶς
3704 2971 3992 3042 καταλάμ-

2410 3079 2532 3116 πειν
2579 3061 2758 3115 τόπον.
2830 3062 3101 3131 Μέγισται
3150 3061 3259 3134 γάρ
3305 3063 3442 3117 εἰσιν
3501 3065 3747 3136 ἡμερῶν,
3796 3067 3856 3117 ὲν
3904 3059 3994 3128 αἷς

2411 3153 2745 3225 βραχύταται
2797 3153 2934 3209 εἰσιν
2970 3155 3026 3207 αἱ
3073 3154 3257 3217 σκιαὶ,
3306 3155 3398 3207 καὶ
3449 3154 3784 3226 βραχύταται
3830 3153 3992 3207 πάλιν

738 3262 998 3331 cujusque
1038 3258 1162 3315 anni
1205 3258 1319 3314 dies
1356 3255 1576 3312 omnino
1619 3259 1808 3314 umbra
1845 3264 2051 3323 carent,
2085 3255 2138 3311 in
2188 3271 2302 3312 me-
2331 3249 2421 3330 Ci

2331 3248 2638 3330 ρὴμέραι,
2687 3247 2743 3300 αἱ
2800 3246 2899 3310 τὰς
2962 3246 3119 3308 σκιὰς
3191 3246 3408 3316 ἔχουσαι
3467 3245 3836 3318 μακροτάτας.
3882 3247 3991 3299 Καὶ

740 3356 874 3409 ridie
905 3351 1181 3408 constituti
1214 3370 1226 3406 :
1258 3365 1392 3420 quos
1421 3365 1450 3406 a
1481 3350 1682 3406 vertice
1713 3349 1991 3406 illustrans
2021 3350 2124 3414 sol,
2161 3351 2304 3420 ipsos

735 3461 833 3502 suo
869 3445 1072 3499 lumine
1099 3444 1172 3497 ita
1202 3459 1265 3497 ex
1308 3458 1461 3513 asque
1489 3444 1762 3498 undelibet
1793 3443 2217 3508 circumfundit,
2246 3456 2305 3497 ut

735 3539 896 3601 etiam
929 3546 1211 3607 puteorum
1240 3534 1627 3605 profundorum
1659 3549 1796 3602 aqua
1835 3548 1930 3602 per
1958 3543 2181 3601 angusta
2207 3550 2304 3588 ora

736 3627 1066 3682 illuminetur
1097 3643 1110 3680 :
1149 3625 1289 3679 unde
1325 3623 1544 3692 quidam
1578 3622 1699 3678 illos
1734 3631 1927 3677 vocant
1961 3622 2072 3692 58
2105 3624 2300 3677 ascios.

735 3721 936 3777 Verum
985 3718 1075 3789 qui
1109 3720 1252 3773 ultra
1294 3726 1494 3772 terram
1547 3715 1872 3772 odoriferam
1925 3715 2190 3783 habitant,
2249 3716 2301 3769 in

735 3821 1018 3880 utramque
1050 3823 1256 3879 partem
1298 3810 1569 3864 alternant
1603 3809 1843 3862 umbras.
1895 3807 2002 3862 Soli
2043 3807 2184 3862 enim
2234 3822 2300 3861 ex

733 3904 818 3959 liis
842 3901 932 3972 qui
968 3902 1109 3957 ltunc
1141 3909 1383 3956 nostrum
1418 3901 1602 3955 orbem
1641 3899 1990 3954 habitabilem
2023 3897 2298 3965 incolunt,

734 3993 949 4048 umbras
982 3993 1033 4046 in
1079 3991 1302 4046 meridie
1337 3991 1402 4045 ad
1451 3990 1717 4046 australes
1759 3998 1942 4059 partes
1990 3989 2298 4045 demittunt.

738 4083 888 4139 Unde
917 4097 1010 4138 eos
1043 4082 1258 4152 quidam
1290 4081 1608 4150 ampltiscios
1655 4089 1940 4136 vocarunt.
1977 4078 2076 4134 Ubi
2119 4089 2300 4136 autem

732 4176 808 4229 sol
845 4176 958 4244 jam
990 4175 1056 4229 ad
1100 4174 1463 4244 aquilonarem
1513 4182 1720 4241 partem
1756 4173 2011 4238 transiit,
2046 4182 2157 4227 tum
2189 4173 2303 4228 hare

731 4266 907 4319 omnia
941 4264 1092 4319 fiunt.
1145 4266 1286 4320 Sane
1324 4274 1556 4335 quantus
1586 4266 1657 4321 sit
1699 4266 1860 4320 ardor
1903 4265 1996 4336 qui
2025 4281 2090 4320 ex
2134 4266 2300 4320 radiis

731 4358 994 4414 solaribus
1022 4358 1134 4412 aeri
1169 4359 1409 4422 accedit,
1443 4360 1700 4429 qualesve
1734 4375 1892 4414 casus
1925 4360 2205 4427 producat,
2236 4375 2300 4414 ex

731 4449 814 4503 bis
837 4447 1140 4518 conjectare
1167 4447 1311 4502 licet.
1348 4447 1482 4501 llinc
1516 4451 1759 4503 autumni
1795 4457 2006 4517 tempus
2033 4463 2127 4502 nos
2154 4450 2302 4502 exci-

728 4543 907 4610 piens,
953 4540 1198 4610 iufringit
1245 4540 1462 4610 quidem
1507 4541 1733 4595 nimium
1779 4553 1992 4604 aestum,
2041 4540 2295 4608 paulatim

2404 3340 2562 3395 τοῦτο
2611 3340 2740 3411 παρ’
2768 3343 2898 3410 ἡμῖν
2943 3338 3066 3402 τοῖς
3121 3339 3484 3407 ἐτεροσκίοις
3522 3339 3837 3408 λεγομένοις
3875 3339 3991 3394 ὅσοι

2415 3433 2472 3486 ”ὰ
2517 3430 2739 3504 ἀρκτῷα
2780 3430 2878 3498 τῆς
2929 3429 3030 3498 γῆς
3073 3428 3433 3499 ὲποικοῦμεν·
3464 3430 3586 3482 ἐπεί
3624 3430 3732 3484 είσί
3776 3448 3841 3500 γε
3886 3431 3988 3504 ἤδη

2403 3525 2544 3586 τινὲς
2597 3525 2646 3575 οἱ
2703 3521 2842 3574 κατά
2902 3519 2994 3572 δύο
3048 3519 3269 3593 ἡμέρας
3322 3520 3416 3574 τοῦ
3477 3523 3677 3587 παντὸς
3737 3522 3989 3577 ἐνιαυτοῦ

2404 3618 2497 3670 καὶ
2520 3616 2699 3669 ἄσκιοι
2728 3613 3004 3677 παντελῶς
3057 3613 3198 3667 κατὰ
3238 3614 3336 3687 τὴν
3383 3616 3734 3688 μεσημϐρίαν
3763 3618 3990 3688 γινόμε-

2404 3725 2506 3772 νοι,
2541 3707 2636 3772 οὓς
2690 3707 2832 3762 κατά
2881 3707 3126 3778 κορυφῆς
3174 3708 3501 3779 ὲπιλάμπων
3534 3712 3562 3764 ὁ
3596 3711 3769 3781 ἥλιος,
3807 3709 3989 3774 ὲξίσου

2404 3800 2737 3870 πανταχόθεν
2795 3799 3172 3870 περιφωτίζει,
3207 3799 3347 3854 ὥστε
3398 3803 3492 3855 καὶ
3554 3804 3663 3856 τῶν
3725 3805 3784 3856 ὲν
3830 3802 3988 3873 βάθει

2405 3893 2654 3965 φρεάτων
2685 3892 2743 3945 τὸ
2783 3890 2926 3963 ὕδωρ
2960 3892 3048 3945 διὰ
3101 3894 3338 3967 στομίων
3379 3894 3578 3949 στενῶν
3625 3894 3987 3965 καταλάμπε-

2404 3985 2546 4038 aliut“
2569 3984 2690 4039 ὅθεν
2724 3985 2919 4050 αὐτούς
2949 4005 3094 4053 τινες
3123 3989 3216 4041 καὶ
3237 3989 3491 4052 ἀσκίους
3529 3985 3810 4041 καλοῦσιν.
3834 3987 3903 4044 0!
3928 3989 3988 4043 δὲ

2402 4080 2658 4134 ἐπέκεινα
2681 4080 2780 4152 τῆς
2811 4082 3240 4154 ἀρωματοφόρου
3278 4081 3388 4150 (46)
3428 4081 3530 4150 γῆς
3556 4080 3643 4132 ἐπ’
3695 4082 3987 4154 ἀμφότερα

2403 4174 2500 4239 τάς
2553 4176 2709 4237 σκιάς
2761 4174 3250 4246 παραλλάσσουσιν.
3302 4171 3468 4224 Μόνοι
3511 4169 3620 4242 γὰρ
3662 4173 3721 4225 ὲν
3748 4176 3816 4244 τῇ
3855 4173 3985 4228 καθ’

2405 4269 2550 4338 ἡμᾶς
2576 4267 2868 4338 οἰκουμένῃ
2899 4267 2990 4319 ἐπὶ
3015 4265 3082 4318 τὰ
3105 4263 3252 4316 νότια
3304 4262 3444 4316 κατὰ
3485 4264 3584 4334 τὴν
3631 4264 3986 4337 μεσημϐρίαν

2403 4359 2502 4423 τὰς
2552 4359 2709 4421 σκιὰς
2773 4359 3213 4426 ἀποπέμπουσιν·
3255 4355 3378 4409 ὅθεν
3430 4355 3626 4420 αὐτούς
3680 4372 3823 4419 τινες
3888 4357 3986 4408 καὶ

2403 4453 2762 4521 ἀμφισκίους
2786 4450 3086 4519 ὠνόμασαν.
3120 4448 3305 4503 Ταῦτα
3340 4449 3396 4503 δὲ
3442 4449 3615 4502 πάντα
3643 4448 3776 4521 πρὸς
3810 4446 3872 4498 τὸ
3894 4444 3986 4515 βόα

2406 4560 2550 4614 ρειον
2574 4545 2737 4615 μέρος
2771 4542 3197 4614 ⁴ιταροδεύσαντος
3222 4543 3323 4615 ήδη
3348 4544 3556 4612 γίνεται
3572 4542 3664 4595 τοῦ
3690 4540 3866 4611 ἡλίου.
3883 4541 3985 4595 Ἐκ

728 4647 853 4687 vero
898 4634 966 4688 de
997 4634 1178 4689 calore
1217 4635 1518 4697 remittens,
1560 4648 1629 4689 ex
1679 4648 1738 4689 se
1771 4648 1868 4703 per
1920 4642 2298 4702 temperatura:
2332 4622 2411 4684 Di

2332 4622 2376 4678 Ι)
2403 4634 2458 4687 δὲ
2492 4633 2696 4688 τούτων
2735 4635 2972 4700 εἰκάζειν
3011 4633 3128 4689 ἔστι
3155 4635 3254 4707 τὴν
3284 4637 3349 4690 ὲκ
3372 4635 3473 4707 τῆς
3501 4633 3731 4708 ἡλιακῆς
3759 4632 3983 4698 ἀκτῖνος

722 4879 1096 5002 λαριῇέξοιυ.
1125 4883 1391 4938 secundus
1415 4881 1554 4952 ὑπὲρ
1579 4880 1700 4952 γῆν.
1730 4879 1931 4935 ibidem
1954 4879 2088 4950 Reg.
2112 4889 2298 4936 sextus

729 4979 1004 5005 'J'.:li_'l'oU'c.'-c

732 5001 743 5100 Τ
940 5001 1166 5076 abdices
1211 5033 1334 5076 00ιο
1359 5024 1582 5095 ἡμερῶν
1620 5023 1948 5096 περιίστησι.
1983 5021 2120 5076 Editi
2153 5039 2297 5093 παρ-

725 5109 919 5146 ι’ςτησι.

944 5161 1162 5236 Ediliet
1199 5163 1346 5236 Regii
1374 5167 1604 5236 primus,
1639 5165 1827 5220 tertius
1854 5175 1907 5219 et
1929 5165 2145 5234 quintus
2170 5179 2290 5217 cum

721 5233 870 5309 (Zoili.
902 5234 1300 5309 sec_utulo__r:pb;_
1333 5233 1430 5309 τὴν
1481 5237 1733 5309 ἆδρησιν.
1764 5236 1859 5309 _Ad
1886 5233 2290 5309 _qua‘m_vocem

721 5305 1092 5375 explicandam
1118 5304 1368 5375 librarius
1388 5303 1456 5359 ’in
1492 5303 1735 5375 margine
1764 5304 1918 5373 Regii
1943 5303 2097 5375 primi
2128 5318 2290 5375 appo-

720 5371 823 5426 still.
851 5372 960 5446 illa,
991 5373 1126 5444 πρὸς
1171 5374 1231 5446 τὸ
1281 5375 1440 5446 ἁδρὸν
1482 5377 1576 5430 καὶ
1614 5371 1882 5446 Ῑπέπειρον
1917 5371 2185 5446 γενέσθαι,
2217 5371 2290 5426 Ut

720 5459 885 5496 semen
923 5443 1435 5512 benegnutrilum'ait
1480 5459 1525 5500 et
1569 5443 1853 5499 maturum.
1886 5445 2049 5500 Coisl.
2091 5446 2291 5512 primus

720 5515 852 5584 πρὸς
871 5512 968 5586 τῂν
1002 5510 1230 5584 αὔξησιν
1262 5514 1520 5586 ἆδρησινς
1546 5516 1640 5571 Ubi
1692 5531 1848 5569 nemo
1897 5531 2000 5568 non
2031 5510 2174 5586 videt
2202 5529 2290 5566 vo-

718 5582 834 5638 cem
865 5582 1092 5653 αὔξησιν
1115 5582 1144 5639 e
1171 5582 1410 5653 margine
1443 5587 1492 5638 in
1528 5595 1726 5640 textum
1759 5587 1998 5639 fluxisse.
2028 5583 2286 5647 Primum,

721 5665 776 5706 ut
822 5656 1052 5717 videtur,
1095 5668 1196 5709 vox
1247 5654 1471 5724 αὔξησιν
1523 5658 1692 5725 posita
1748 5658 1924 5709 fuerat
1959 5657 2008 5708 in
2051 5655 2288 5721 margine

722 5736 976 5794 tanquam
1031 5725 1404 5793 interpretatio
1446 5728 1589 5783 vocis
1631 5726 1857 5798 ἆδρησιν
1890 5742 1902 5779 :
1941 5727 2033 5798 sed
2081 5731 2282 5792 po'stea,

718 5801 860 5862 quod
915 5812 1021 5850 non
1079 5811 1203 5849 raro
1249 5799 1493 5867 contigit,
1534 5801 1793 5852 translata
1848 5797 2020 5867 estin
2061 5805 2280 5867 textum.

718 5867 899 5938 Itaque
934 5870 1223 5922 secundum
1251 5863 1917 5938 hancinterpretationem
1945 5865 2092 5928 illud,
2122 5863 2284 5938 ἄδρη-

717 5935 827 6003 διςζ
848 5938 1113 6008 significat
1144 5941 1240 5994 liot'
1265 5937 1379 5994 loco
1407 5935 1759 6009 augmentum.
1786 5938 1914 6007 Reg.
1943 5946 2124 5994 sextus
2149 5935 2282 6003 πρὸς

2403 4879 2803 4955 τὴνᾼάδρυνσιν.
2835 4882 2998 4938 Coisl.
3035 4884 3304 4939 secundus
3326 4884 3567 4955 ἀδρυσιν.

2479 4950 2846 5026 (4_6)’Editi_et
2867 4955 3081 5010 codices
3107 4950 3598 5026 multisimpliciter
3615 4950 3717 5021 τῆς
3749 4953 3984 5026 ἀρωμα-

2405 5021 2655 5097 τοφόρου.
2688 5021 2838 5097 Colb.
2868 5027 3135 5097 secundus
3166 5035 3218 5078 et
3239 5021 3402 5097 Reg.
3427 5021 3801 5097 octavus_'ﬁjc'
3825 5021 3979 5097 ἀρω-

2411 5093 2718 5163 ματοφόρου
2745 5092 2864 5162 γῆς.
2898 5093 3007 5149 Nec
3037 5094 3279 5150 fortassis
3303 5090 3459 5147 aliter
3479 5090 3607 5163 legit
3633 5090 3978 5154 Eustathius.

2408 5161 2498 5232 qui
2546 5161 2633 5232 sic
2675 5161 3061 5232 interpretatur
3093 5182 3106 5218 :
3141 5163 3234 5218 Illi
3277 5173 3451 5217 autem
3486 5161 3576 5232 qui
3619 5173 3772 5218 cura
3805 5175 3978 5218 terra:

2399 5230 2694 5293 odoriferos
2723 5230 2981 5288 habitant.
3025 5234 3317 5290 Carnarius
3355 5230 3601 5289 vero—sic
3634 5235 3834 5288 vertit:
3871 5235 3978 5300 Qui

2398 5314 2516 5373 vero
2548 5301 2688 5354 ultra
2717 5305 3110 5373 aromatiferam
3142 5303 3390 5358 Arabiam
3418 5302 3678 5373 habitant.
3707 5305 3788 5356 Ad
3825 5318 3975 5373 utar-

2396 5371 2575 5444 giuem
2603 5381 2778 5444 autem
2811 5371 2963 5444 Regii
2999 5375 3154 5444 primi
3196 5374 3442 5444 leguntur
3477 5371 3586 5435 illa,
3622 5374 3721 5444 τῆς
3752 5371 3970 5436 Ἰνδίας,

2394 5439 2574 5518 silis»;
2721 5443 2879 5518 νοτίῳ
2896 5439 3079 5518 ίμὲρει
3126 5439 3474 5518 διακειμένης
3503 5439 3975 5518 :_q_uiljus__verbis

2395 5510 2599 5587 iudicat
2628 5510 2878 5587 librarius
2915 5510 3331 5587 liic'serntonem
3357 5510 3542 5587 haberi
3572 5511 3640 5587 de
3669 5510 3820 5566 India
3849 5528 3974 5587 qua:

2397 5581 2450 5629 in
2485 5583 2706 5653 australi
2741 5593 2892 5652 parte
2917 5585 3016 5637 sita
3045 5595 3146 5640 est.
3193 5584 3234 5637 Ε
3274 5583 3493 5653 regione
3519 5581 3814 5653 verborum
3849 5584 3972 5636 illo-

2395 5662 2536 5724 rutn,
2563 5652 2646 5724 ἐπ’
2677 5649 2960 5724 ἀμφότερα
2990 5653 3090 5718 τὰς
3125 5654 3301 5716 σκιάς,
3334 5649 3474 5707 idem
3517 5649 3772 5724 librarius
3803 5668 3972 5724 appo-

2394 5719 2581 5774 suitet
2608 5719 3015 5795 ἰίΙο,’ποτὲ’μὲν
3040 5725 3131 5795 ἐπὶ
3181 5724 3455 5795 τὸννότιον
3498 5720 3970 5795 μέροςμάποπέμ-

2394 5804 2555 5864 πουσι
2586 5793 2684 5864 τὰς
2713 5793 2888 5856 σκιὰς.
2921 5793 3056 5849 ποτὲ
3081 5794 3139 5848 δὲ
3180 5794 3272 5846 ἐπὶ
3299 5794 3360 5862 τὸ
3399 5793 3626 5864 βόρειον,
3655 5793 3815 5847 Nunc
3853 5798 3970 5860 qui-

2395 5859 2510 5911 dem
2539 5863 2606 5913 ad
2632 5870 2936 5927 australem,
2972 5882 3109 5918 nunc
3134 5882 3254 5918 vero
3287 5859 3356 5917 ad
3382 5859 3742 5934 aquilonarem
3767 5859 3968 5934 partem

2394 5934 2601 5986 umbras
2630 5934 2923 5989 demittunt.
2953 5935 3091 6007 Lege
3126 5936 3375 5993 Duratium
