4262 6506
315 433 426 493 137

1411 436 1695 492 HOMILIA
1737 436 1802 492 Vl
1844 436 1910 492 IN
1949 437 2443 496 HEXAEMERON.

3465 443 3562 498 I38

316 561 676 631 ἐγγινομένην
714 558 956 630 πύρωσιν
992 557 1069 630 τῷ
1098 558 1238 630 ἀέρι,
1265 557 1362 628 ὅση
1391 556 1474 621 τίς
1501 572 1638 624 εστι,
1677 559 1769 612 καὶ
1801 576 1894 610 πο·
1923 579 1966 632 Α
1996 577 1999 610 ι

1876 588 1894 598 -
1923 579 1966 632 Α
1996 561 2420 616 mediocritatem
2455 561 2521 615 ad
2547 561 2780 616 hiemem
2812 577 2908 617 nos
2931 563 3065 618 citra
3099 579 3290 619 noxam
3323 567 3559 633 deducit,

316 651 506 705 ταπῶν
531 651 917 721 άποτελεστικὴ
955 648 1068 719 (47)
1116 647 1553 720 συμπτωμάτων.
1616 647 1890 700 Ἐντεῦθεν

316 744 672 817 διαδεξαμένη
699 747 848 817 ἡμᾶς
865 744 960 798 τοῦ
1003 741 1313 815 μετοπώρου
1348 743 1381 811 ἡ
1427 740 1565 812 ὥρα,
1596 738 1888 811 ύποθραύει

321 839 421 910 μὶν
453 838 546 892 τοῦ
561 839 785 907 πνίγους
812 837 924 910 (48)
945 837 1006 891 τὸ
1027 833 1380 905 ὑπερϐάλλον,
1416 831 1556 886 κατὰ
1594 831 1787 903 μικρὸν
1834 829 1892 882 δὲ

319 932 539 1000 ύφιεῖσα
563 929 661 1001 τῆς
694 931 923 1002 Θέρμης,
967 928 1054 982 διὰ
1078 928 1176 998 τῆς
1207 926 1349 981 κατὰ
1375 925 1472 996 τὴν
1499 927 1693 995 κρᾶσιν
1735 922 1892 994 μεσό-

317 1041 480 1094 τητος
495 1023 746 1088 ἀϐλαϐῶς
772 1025 922 1095 ἡμᾶς
942 1021 1007 1074 δι’
1035 1020 1232 1090 ἑαυτῆς
1253 1019 1332 1090 τῷ
1352 1018 1579 1090 χειμῶνι
1605 1016 1888 1088 προσάγει·

317 1116 560 1190 δηλονότι
587 1115 681 1170 τοῦ
709 1116 860 1187 ἡλίου
895 1113 1056 1168 πάλιν
1092 1113 1201 1166 άπὸ
1223 1113 1332 1165 τῶν
1358 1108 1742 1181 προσαρκτίων
1799 1105 1892 1158 ἐπὶ

315 1209 388 1262 τά
411 1208 562 1263 νότια
592 1198 1221 1280 ὑποστρέφοντος.Δῦται
1240 1202 1348 1256 τῶν
1376 1201 1532 1272 ὡρῶν
1563 1200 1620 1253 αί
1649 1214 1894 1268 περιτρο-

319 1304 441 1366 παὶ,
491 1304 612 1367 ταῖς
657 1301 933 1370 κινήσεσιν
975 1298 1240 1367 ἑπόμεναι
1298 1294 1390 1347 τοῦ
1433 1293 1606 1364 ἡλίου,
1649 1292 1738 1344 τὸν
1781 1292 1892 1360 βίον

319 1395 452 1464 ἡμῖν
499 1389 892 1461 οίκονομοῦσιν.
953 1390 1272 1442 Ἔστωσαν
1315 1383 1394 1447 δὲ,
1443 1382 1608 1452 φησὶ,
1665 1381 1763 1434 καὶ
1807 1382 1891 1444 είς

316 1483 560 1554 ἡμέρας·
592 1482 688 1551 οὐχ
713 1480 853 1533 ὥστε
899 1479 1110 1551 ἡμέρας
1151 1478 1344 1540 ποιεῖν,
1387 1474 1501 1528 ἀλλ’
1529 1473 1667 1526 ὥστε
1691 1472 1894 1541 κατάρ-

317 1592 434 1647 χειν
465 1574 573 1628 τῶν
601 1572 842 1644 ἡμερῶν.
881 1573 1091 1642 Ἡμέρα
1142 1569 1250 1640 γὰρ
1283 1567 1376 1621 καὶ
1414 1565 1508 1632 νὺξ
1549 1563 1892 1637 πρεσϐύτερα

317 1669 417 1739 τῆς
447 1667 554 1720 τῶν
581 1667 881 1737 φωστήρων
914 1663 1198 1731 γενέσεως.
1236 1661 1406 1714 Τοῦτο
1438 1659 1544 1728 γὰρ
1566 1656 1892 1710 ἐνδείκνυται

317 1763 451 1832 ἡμῖν
484 1761 576 1813 καὶ
612 1763 640 1814 6
675 1759 884 1830 ψαλμὺς
935 1757 1127 1825 λέγων·
1166 1757 1374 1808 ’Ἐθετο
1405 1752 1582 1819 ἣλιον
1613 1751 1699 1814 εις
1729 1748 1894 1812 ἐξου-

315 1855 461 1907 o'lar
503 1852 612 1922 τῆς
647 1852 894 1922 ἡμέρας,
941 1848 1218 1916 σελήνην
1253 1845 1352 1899 καὶ
1384 1844 1644 1911 ἀστέρας
1687 1844 1772 1906 εὶς
1793 1841 1891 1905 ἐξ·

316 1945 542 1999 ουσίαν
561 1943 672 2011 τῆς
694 1942 933 2007 νυκτός.
989 1939 1110 2002 Πῶς
1139 1935 1232 1990 οὖν
1260 1935 1372 2004 ἔχει
1399 1934 1498 2004 τὴν
1520 1933 1768 1997 ἐξουσίαν
1796 1933 1895 2001 τῆς

2000 654 2114 708 sole
2158 653 2410 710 videlicet
2457 668 2644 709 rursus
2688 654 2756 709 ab
2804 657 3092 724 aquiloniis
3138 660 3443 727 regionibus
3497 661 3563 714 ad

1995 747 2271 802 austrinas
2300 755 2592 801 remeante.
2631 745 2724 801 flre
2761 747 2913 817 ipsae,
2940 764 3059 818 qua:
3091 751 3218 805 solis
3251 761 3453 807 motum
3479 769 3562 807 se-

1997 846 2261 907 quuntur,
2310 845 2613 905 temporum
2657 836 3080 906 vicissitudines,
3112 841 3273 894 vitam
3321 848 3562 896 nostram

1997 928 2368 983 moderantur.
2401 927 2541 994 Sint,
2567 929 2762 998 inquit,
2788 940 2835 984 et
2859 932 3071 996 indies,
3096 949 3198 987 non
3227 942 3283 987 ut
3305 935 3420 990 dies
3444 949 3564 990 con-

1998 1021 2202 1084 ficiant,
2236 1022 2331 1076 sed
2363 1029 2423 1074 ut
2446 1020 2636 1076 diebus
2663 1023 2904 1092 praesint.
2939 1024 3063 1078 Dies
3092 1027 3234 1080 enim
3274 1036 3328 1080 et
3354 1042 3452 1082 nox
3483 1029 3564 1081 lu-

1997 1113 2292 1168 miliarium
2313 1122 2490 1168 ortum
2521 1123 2948 1169 antecesserunt.
2978 1116 3210 1186 ldipsum
3242 1120 3384 1174 enim
3411 1121 3564 1174 nobis

1995 1205 2235 1274 psalmus
2270 1205 2541 1269 declarat,
2589 1206 2641 1260 in
2677 1222 2786 1276 quo
2813 1209 3047 1262 dicitur:
3095 1209 3276 1263 Posuit
3317 1213 3476 1264 solem
3510 1213 3564 1265 in

1993 1306 2300 1364 potestatem
2341 1297 2466 1362 diei,
2518 1297 2698 1352 lituum
2738 1309 2783 1352 et
2829 1299 3006 1352 stellas
3042 1301 3096 1353 in
3129 1312 3428 1370 poteslalem
3471 1321 3566 1356 no-

1995 1391 2090 1443 ctis
2112 1390 2199 1444 δυ.
2235 1391 2515 1458 Quomodo
2537 1393 2701 1464 igitur
2729 1394 2808 1448 sol
2839 1396 2944 1448 diei
2978 1397 3181 1450 obtinet
3208 1401 3565 1467 potestatem?

1995 1483 2127 1547 Quia
2160 1482 2332 1537 lucem
2365 1485 2416 1536 in
2444 1485 2624 1553 seipse
2652 1486 3041 1541 circumferens
3062 1530 3075 1551 ,
3105 1491 3192 1544 ubi
3226 1492 3436 1543 tandem
3470 1493 3561 1544 ho-

1997 1576 2254 1629 rizontem
2301 1583 2546 1630 nostrum
2591 1576 2754 1631 fuerit
2791 1589 3241 1648 praetergressus,
3285 1583 3562 1636 dissolutis

1998 1666 2304 1736 fugatisque
2340 1669 2581 1724 tenebris
2625 1670 2763 1724 diem
2815 1669 2991 1725 allert.
3041 1675 3401 1738 Quamobrem
3459 1692 3560 1728 non

1995 1761 2280 1820 erraverit.
2313 1762 2404 1828 qui
2435 1761 2575 1815 diem
2611 1763 2679 1815 ita
2714 1763 2950 1830 definiet,
2988 1774 3043 1817 ut
3076 1779 3252 1818 aerem
3282 1779 3399 1819 esse
3423 1766 3564 1818 dicat

1996 1863 2022 1899 a
2054 1848 2164 1903 sole
2209 1849 2569 1903 illuminatum
2594 1891 2607 1912 ,
2639 1861 2731 1904 aut
2767 1854 3026 1920 temporis
3069 1868 3405 1918 mensuram,
3458 1870 3564 1923 quo

1998 1939 2077 1992 sol
2108 1955 2270 2009 super
2306 1951 2505 1994 terram
2541 1943 2590 1995 in
2623 1952 2812 1996 nostro
2851 1943 3232 2010 hemisphaerio
3259 1961 3562 2001 commora—

316 2037 529 2109 ἡμέρας
554 2038 582 2089 6
605 2037 788 2107 ἥλιοςς
824 2036 944 2088 Ὅτι
975 2033 1034 2085 τὺ
1072 2030 1186 2100 φῶς
1229 2031 1285 2082 ὲν
1329 2027 1506 2098 ἑαυτῷ
1557 2026 1890 2098 περιφέρων,
1927 2025 1963 2077 ι]
1995 2045 1999 2081 1

1880 2067 1890 2084 .
1927 2025 1963 2077 ll
1995 2042 2102 2086 tur.
2140 2032 2244 2086 Sed
2270 2042 2324 2086 et
2355 2035 2405 2086 in
2435 2048 2608 2088 annos
2639 2035 2718 2089 sol
2744 2044 2797 2087 et
2823 2034 2943 2089 luna
2971 2037 3203 2091 ordinati
3232 2048 3379 2091 sunt.
3415 2037 3563 2093 Luna

314 2130 537 2185 ἐπειδάν
568 2147 697 2184 ποτε
727 2130 817 2182 τὸν
847 2127 966 2180 καθ’
994 2127 1140 2196 ἡμᾶς
1173 2122 1425 2194 ὁρίζοντα
1449 2123 1719 2194 ὑπεράρῃ,
1759 2120 1894 2192 ἠμέ-

317 2241 418 2295 ραν
452 2225 678 2294 παρέχει
726 2220 982 2282 διαλύσας
1023 2219 1084 2271 τὸ
1121 2217 1330 2279 σκότος.
1377 2215 1539 2267 Ὥστε
1568 2213 1670 2268 οῦκ
1704 2213 1769 2267 ἄν
1811 2230 1894 2274 τις

311 2313 572 2384 ἁμάρτοι,
603 2312 813 2384 ἡμέραν
840 2311 1166 2383 ὁρισάμενος
1198 2306 1338 2364 εἶναι
1359 2309 1448 2361 τὸν
1480 2306 1585 2357 ὑπὸ
1608 2304 1701 2356 τοῦ
1742 2303 1892 2372 ἡλίου

313 2406 724 2477 πεφωτισμένον
755 2405 911 2478 ἀέραο
961 2404 1016 2476 ἦ,
1050 2402 1258 2474 ἡμέραν
1285 2398 1422 2454 εἶναι
1471 2400 1661 2470 χρόνου
1700 2396 1894 2465 μέτρον

315 2497 372 2548 ἐν
396 2488 441 2564 ᾧ
473 2497 530 2550 ὲν
579 2498 655 2568 τῷ
690 2498 830 2569 ὑπὲρ
855 2497 960 2567 γῆν
983 2493 1325 2566 ἡμισφαιρίῳ
1367 2490 1562 2560 όῆλιος
1601 2488 1888 2558 διατρίϐει.

326 2587 486 2642 Ἀλλὰ
518 2591 611 2643 καὶ
641 2592 719 2652 είς
753 2589 1030 2650 ἐνιαυτοὺς
1075 2584 1378 2655 ἐτάχθησαν
1427 2583 1578 2652 ἥλιος
1607 2582 1697 2634 καὶ
1734 2580 1890 2650 σελή-

312 2697 399 2750 νη.
435 2681 635 2751 Σελήνη
683 2681 801 2750 μὲν,
858 2677 1074 2730 ἐπειδὰν
1109 2675 1406 2737 δωδεκάκις
1441 2673 1532 2725 τὸν
1568 2672 1764 2740 ἑαυτῆς
1801 2673 1890 2722 ὲκ-

1993 2124 2211 2192 quidem
2245 2135 2526 2194 postquam
2557 2125 2848 2183 duodecies
2880 2136 3033 2180 Suum
3066 2127 3289 2196 perfecit
3321 2143 3565 2192 cursum,

1997 2231 2195 2272 aunum
2244 2220 2454 2288 peragit
2484 2237 2496 2272 :
2540 2220 2643 2274 nisi
2680 2222 2822 2289 quod
2859 2235 3042 2274 mense
3079 2221 3385 2275 iutercalari
3424 2236 3568 2289 saepe

1997 2322 2133 2377 Opus
2172 2319 2255 2364 est
2301 2311 2368 2364 ad
2421 2321 2733 2365 accuratum
2782 2323 3158 2380 tempestatum
3213 2329 3570 2378 concursum,

2000 2399 2143 2452 velut
2176 2401 2474 2469 antiquitus
2509 2403 2741 2466 chrmi,
2780 2416 2833 2457 et
2870 2404 3180 2460 Cnet-orum
3216 2407 3566 2460 vetustissimi

1999 2504 2198 2545 annum
2246 2491 2628 2548 metiebantur.
2669 2495 2857 2549 Annus
2894 2505 3071 2549 autem
3109 2495 3323 2560 solaris,
3364 2496 3567 2548 reditus

1998 2593 2077 2638 est
2110 2584 2242 2640 solis
2271 2600 2336 2639 ex
2379 2587 2568 2641 eodem
2610 2587 2765 2658 signo
2809 2589 2859 2641 in
2903 2590 3041 2642 idem
3081 2592 3291 2658 signum
3323 2604 3417 2658 per
3445 2603 3570 2656 pro-

1999 2674 2173 2740 prium
2203 2683 2432 2729 motum.

310 2772 506 2844 τελέσῃ
560 2772 776 2842 δρόμον,
839 2767 1086 2823 ἐνιαυτοῦ
1131 2769 1246 2820 ἐστι
1291 2768 1567 2835 ποιητική”
1623 2764 1760 2833 πλὴν
1810 2764 1889 2816 ὅτι
1933 2763 2096 2833 μηνὸς
2147 2765 2442 2836 ἐμϐολίμου
2475 2768 2643 2822 δεῖται
2707 2771 2963 2834 πολλάκις
3010 2774 3139 2841 πρὸς
3202 2773 3299 2843 τὴν
3368 2772 3571 2844 ἀκριϐῆ

310 2865 425 2918 τῶν
456 2863 613 2936 ὡρῶν
658 2862 979 2934 συνδρομὴν,
1013 2861 1086 2924 ὼς
1127 2860 1363 2930 Ἑϐραῖοι
1397 2858 1457 2910 τὸ
1504 2856 1730 2908 παλαιὸν
1775 2855 1884 2924 (49)
1926 2856 2015 2907 τὸν
2057 2857 2302 2911 ἐνιαυτὸν
2335 2855 2468 2931 ἦγον
2497 2863 2726 2916 καὶτῶν
2770 2864 3032 2936 Ἑλλήνιον
3099 2869 3145 2918 οἱ
3204 2868 3569 2937 ἀρχαιότατοι.

323 2957 576 3020 Ἡλιακὸς
604 2956 661 3009 δέ
683 2957 827 3009 ὲστιν
867 2953 1108 3016 ἐνιαυτὸς
1148 2954 1179 3021 ἡ
1214 2951 1321 3004 άπὸ
1348 2949 1440 3001 τοῦ
1466 2947 1628 3000 αὑτοῦ
1659 2948 1882 3016 σημείου
1923 2948 2014 2998 ἐπὶ
2035 2949 2095 3000 τὸ
2117 2951 2248 3003 αὐτὸ
2269 2955 2492 3022 σημεῖον
2514 2956 2654 3007 κατὰ
2678 2958 2775 3026 τὴν
2798 2959 2999 3010 οἰκείαν
3037 2959 3245 3027 κίνησιν
3292 2961 3381 3011 τοῦ
3422 2961 3571 3030 ἡλίου

310 3052 774 3113 ἀποκατάστασις.

384 3145 438 3198 9.
466 3143 571 3196 Καὶ
602 3144 936 3208 ἐποίησενό
955 3141 1098 3206 Θεὸς
1128 3137 1268 3203 τοὺς
1289 3137 1396 3192 δύο
1418 3134 1737 3206 φωστῆρας
1758 3132 1897 3197 τοὺς
1925 3135 1964 3192 C

2071 3133 2124 3188 9.
2155 3132 2224 3188 Et
2252 3135 2372 3204 fecit
2399 3137 2535 3192 Deus
2561 3143 2665 3193 duo
2690 3141 2973 3195 luminaria
3000 3161 3184 3212 magna
3203 3145 3267 3199 ⁸⁷.
3293 3148 3424 3200 Cum
3458 3164 3570 3203 nta-

309 3234 634 3306 μεγὰλους.
671 3232 890 3303 Ἐπειδὴ
931 3233 993 3286 τὸ
1053 3233 1196 3304 μέγα
1242 3230 1304 3284 τὸ
1351 3231 1448 3301 μὲν
1480 3227 1742 3282 ἀπόλυτον
1785 3225 1896 3296 ἔχει

1884 3244 1896 3278 ι
1999 3244 2166 3298 gnum
2199 3232 2359 3285 modo
2387 3233 2689 3286 absolutam
2717 3235 2915 3288 habeat
2942 3237 3372 3306 intelligentiam,
3404 3242 3567 3296 veluti

313 3332 415 3401 τὴν
437 3329 665 3382 ἔννοιανο
704 3329 780 3392 ὼς
815 3329 988 3398 μέγας
1021 3329 1050 3380 6
1085 3323 1334 3396 οὐρανὸς,
1376 3325 1470 3376 καὶ
1512 3322 1720 3393 μεγάλη
1741 3322 1774 3390 ἡ
1801 3321 1894 3391 γῆ,

313 3422 410 3475 καὶ
461 3421 668 3491 μεγάλη
728 3420 837 3490 (50)
881 3422 913 3489 ἡ
972 3419 1233 3471 θάλασσα’
1269 3417 1338 3468 τά
1389 3416 1449 3468 δὲ
1502 3415 1578 3478 ὡς
1619 3413 1689 3466 τά
1727 3413 1895 3466 πολλὰ

313 3514 527 3581 πέφυκε
568 3513 702 3582 πρὸς
730 3512 913 3583 ἕτερον
939 3509 1325 3582 ἀναφέρεσθαι,
1351 3508 1424 3570 ὡς
1462 3507 1634 3578 μέγας
1655 3508 1683 3558 6
1707 3506 1890 3571 ἵππος,

313 3606 410 3658 καὶ
438 3607 466 3657 6
495 3603 620 3674 βοῦς
644 3605 672 3656 ό
706 3604 878 3674 μέγας
928 3603 1007 3674 (ού
1042 3603 1150 3674 γάρ
1179 3603 1236 3654 ἐν
1263 3604 1329 3670 τῇ
1360 3599 1629 3670 ὑπερϐολῇ
1665 3596 1770 3651 τῶν
1797 3595 1891 3650 τοῦ

315 3696 568 3766 σώματος
592 3695 792 3764 ὄγκων,
816 3695 928 3748 ἀλλ’
960 3697 1016 3750 ὲν
1041 3697 1106 3766 τῇ
1132 3693 1265 3765 πρὸς
1303 3692 1370 3746 τὰ
1399 3693 1558 3761 ὅμοια
1596 3689 1891 3762 παραθέσει

311 3787 411 3859 τὴν
448 3789 751 3861 μαρτυρίαν
781 3789 871 3841 τοῦ
917 3789 1178 3860 μεγέθους
1223 3789 1289 3841 τὰ
1322 3786 1545 3840 τοιαῦτα
1579 3785 1887 3856 λαμϐάνει)·

311 3880 432 3943 πῶς
460 3881 633 3933 τοίνυν
670 3879 778 3948 (31)
811 3879 904 3932 τοῦ
929 3880 1162 3949 μεγάλου
1185 3878 1280 3948 τὴν
1311 3877 1517 3929 ἔννοιαν
1532 3874 1886 3943 ὲκδεξύμεοας

314 3972 547 4042 Πότερον
573 3971 647 4032 ὡς
672 3971 761 4022 τὸν
784 3970 1068 4041 μύρμηκα,
1090 3969 1264 4039 sane
1285 3986 1336 4021 τι
1356 3967 1464 4020 τῶν
1481 3966 1637 4037 φύσει
1659 3967 1886 4037 μικρῶν,

317 4062 459 4132 μέγα
494 4061 970 4133 προσαγορεύομεν
994 4061 1082 4114 διὰ
1114 4061 1214 4132 τὴν
1249 4061 1383 4132 πρὸς
1409 4060 1475 4112 τὰ
1495 4062 1728 4129 ὁμογενῆ
1763 4057 1889 4124 σύγ..

312 4171 494 4224 κρισιν
521 4153 618 4225 τὴν
650 4152 919 4226 ὑπεροχὴν
963 4154 1393 4225 μαρτυροῦντεςς
1437 4154 1468 4223 ἢ
1509 4151 1569 4205 τὺ
1613 4153 1751 4221 μέγα
1795 4151 1887 4203 νῦν

311 4246 506 4312 οὕτως,
533 4247 608 4311 ὡς
659 4247 716 4301 ὲν
762 4251 828 4320 τῇ
877 4248 1053 4319 οἰκεία
1082 4247 1186 4299 τῶν
1237 4249 1537 4316 φωστήρων
1575 4247 1884 4313 κατασκευῇ

311 4339 407 4399 τοῦ
441 4341 700 4411 μεγέθους
733 4341 1168 4412 ὲμφαινομένους
1216 4339 1356 4407 Ἐγὼ
1389 4339 1486 4410 μὲν
1515 4332 1664 4407 οἶμαι
1708 4335 1881 4388 τοῦτο.

311 4437 389 4487 Οὐ
415 4435 523 4504 γὰρ
552 4434 734 4504 ἐπειδὴ
767 4433 981 4502 μείζους
1012 4433 1120 4485 τῶν
1147 4432 1481 4502 μικροτέρων
1507 4430 1768 4500 ἀστέρων,
1801 4429 1886 4480 διὰ

311 4527 467 4578 τοῦτο
501 4526 738 4594 μεγάλοι·
776 4524 889 4578 ἀλλ’
917 4523 1101 4593 ἐπειδὴ
1126 4522 1369 4574 τοσοῦτοι
1403 4523 1501 4593 τὴν
1518 4520 1882 4593 περιγραφὴν,

311 4620 450 4672 ὥστε
495 4618 742 4688 ἐξαρκεῖν
791 4618 888 4690 τὴν
943 4618 1036 4672 ἀπ’
1069 4615 1247 4670 αὐτῶν
1289 4617 1655 4687 ἀναχεομένην
1711 4615 1883 4686 αὐγὴν

312 4713 404 4765 καὶ
431 4710 658 4781 οὒρανὸν
684 4711 1044 4780 περιλάμπειν
1077 4710 1171 4764 καὶ
1195 4708 1284 4761 τὸν
1314 4707 1472 4779 άέρα,
1500 4711 1593 4762 καὶ
1618 4707 1752 4778 ὁμοῦ
1781 4707 1883 4760 πά-

303 4821 381 4877 ,σῃ
419 4807 483 4875 τῇ
520 4807 588 4876 γῇ
621 4803 714 4856 καὶ
749 4806 813 4873 τῇ
845 4803 1089 4874 θαλάσσῃ
1123 4801 1708 4873 συμπαρεκτείνεσθαι.
1736 4802 1803 4854 Οἵ
1820 4817 1882 4868 γε

311 4899 451 4953 κατὰ
478 4901 581 4950 πᾶν
615 4898 777 4967 μέρος
816 4895 910 4947 τοῦ
949 4896 1179 4966 ούρανοῦ
1210 4896 1502 4965 γινόμενοι,
1542 4896 1633 4946 καὶ
1658 4895 1881 4948 ανατέλ-

309 4991 492 5052 λοντες
549 4991 641 5042 καὶ
674 4990 919 5060 διδόμενοι
968 4989 1059 5041 καὶ
1096 4986 1156 5038 τὸ
1212 4989 1373 5057 μέσον
1419 4986 1722 5055 ἐπέχοντες,
1780 4987 1882 5038 ἶσοι

310 5078 645 5150 πανταχόθεν
675 5084 785 5144 τοῖς
825 5080 1130 5150 ἀνθρώποις
1170 5081 1576 5149 προφαίνονται,
1600 5077 1733 5149 ὅπερ
1757 5078 1885 5130 ἀπό-

376 5267 444 5297 ⁸⁸·
483 5264 626 5322 Psal.
653 5281 847 5332 cxxxv,
874 5266 924 5329 8,
956 5265 1007 5320 9.
1085 5267 1126 5298 ³⁷
1167 5266 1298 5322 Gen.
1344 5281 1379 5328 ι,
1414 5268 1496 5320 16.

376 5405 492 5476 (47)
532 5405 664 5468 Reg.
706 5414 889 5459 sextus
915 5405 1173 5457 ποταπῶν
1208 5403 1702 5474 άποτελεσματικὴ.

381 5477 494 5544 (48)
535 5476 646 5530 Τοῦ
661 5476 934 5546 πνίγους.
971 5476 1034 5529 Ει
1068 5478 1152 5528 Itic
1179 5479 1229 5528 iu
1270 5477 1512 5546 margine
1545 5477 1692 5543 licgii
1723 5477 1878 5541 primi

310 5545 656 5615 inveniuntur
687 5544 796 5608 illa,
825 5544 919 5598 τοῦ
947 5546 1172 5615 πνίγους
1197 5545 1290 5598 τοῦ
1323 5545 1618 5613 καύματος.
1653 5547 1881 5614 Πνιγεὺς

309 5616 417 5685 γὰρ
441 5617 470 5667 6
495 5614 764 5686 κλίϐανος.
812 5614 1087 5670 Ἐντεῦθεν
1127 5616 1222 5669 καὶ
1266 5615 1608 5684 πεπνιγμένη
1645 5617 1813 5686 ὅρνις,
1845 5619 1874 5684 ἡ

309 5689 364 5741 ὲν
396 5685 631 5757 κλιϐάνῳ
662 5687 989 5758 ὀπτηθεῖσα.
1013 5688 1262 5755 Πνίγους,
1318 5690 1365 5739 id
1397 5698 1496 5742 est.
1529 5685 1705 5758 wslns.
1743 5687 1876 5737 Num

310 5759 547 5812 clibanus
570 5769 644 5810 est
672 5757 905 5825 pnigeus.
941 5757 1078 5811 Hinc
1105 5761 1259 5812 etiam
1283 5761 1412 5820 «vis,
1439 5773 1552 5827 qum
1581 5757 1631 5806 in
1669 5757 1872 5807 clibano

309 5839 444 5883 tosta
467 5838 564 5885 est.
597 5840 843 5880 mtnaue
867 5829 1080 5881 dicitur.

378 5900 489 5969 (ιο)
523 5899 618 5966 Ὠς
643 5898 886 5966 Ἐϐραῖοί
909 5901 964 5948 r"~
991 5909 1070 5952 rm
1093 5905 1262 5955 lar'r.
1284 5901 1421 5971 Lege
1440 5909 1590 5954 notas
1624 5896 1797 5950 Durati
1825 5909 1873 5949 Ct

2000 3337 2251 3391 magnum
2279 3334 2357 3379 est
2390 3325 2608 3391 etelum,
2648 3341 2839 3396 magna
2880 3339 2962 3381 est
2991 3340 3155 3392 terra,
3197 3346 3447 3399 magnum
3483 3345 3568 3387 est

1999 3431 2151 3471 mare
2189 3435 2202 3472 :
2239 3419 2398 3473 modo
2433 3433 2583 3483 vero,
2616 3421 2757 3488 quod
2798 3422 2956 3489 vulgo
2993 3423 3070 3483 lit,
3104 3426 3168 3475 ad
3217 3425 3442 3478 alterum
3487 3442 3570 3480 re-

1999 3509 2126 3563 ferri
2175 3511 2385 3566 soleat:
2423 3513 2654 3582 exempli
2706 3527 2890 3577 causa,
2943 3529 3170 3584 magnus
3219 3531 3424 3585 equus,
3477 3530 3570 3571 aut

1996 3616 2222 3670 magnus
2252 3602 2387 3657 bos:
2423 3619 2527 3657 non
2558 3605 2702 3659 enim
2730 3605 2798 3658 ob
2831 3605 3063 3674 amplam
3091 3622 3368 3675 corporea:
3410 3611 3569 3663 molis

1994 3696 2372 3766 quantitatem,
2414 3697 2508 3752 sed
2536 3697 2606 3752 ob
2637 3699 2940 3752 institutam
2972 3713 3093 3752 cum
3127 3700 3391 3754 similibus
3422 3716 3568 3754 com-

1995 3793 2349 3858 parationem,
2397 3789 2766 3844 testimonium
2809 3791 3196 3858 magnitudinis
3223 3807 3567 3859 consequun-

1998 3892 2118 3935 tur:
2154 3882 2422 3949 quomodo
2447 3881 2607 3948 igitur
2640 3882 2818 3950 magni
2849 3883 3299 3951 signiﬁcationem
3335 3885 3565 3950 accipie~

1995 3971 2151 4024 mus?
2201 3968 2388 4024 Utrum
2442 3971 2898 4037 queniadmodum
2952 3967 3234 4028 formicam
3282 3986 3373 4028 aut
3423 3977 3564 4029 aliud

1993 4061 2220 4130 quodvis
2245 4061 2445 4118 animal
2470 4070 2662 4131 suapte
2693 4072 2883 4116 natura
2911 4078 3160 4131 parvum,
3193 4081 3441 4133 maguum
3473 4085 3562 4132 ap-

1993 4153 2278 4222 pellamus,
2305 4154 2373 4208 ob
2399 4153 2598 4209 factam
2624 4168 2745 4206 eum
2781 4154 2902 4206 aliis
2924 4154 3160 4222 ejusdem
3190 4157 3402 4224 generis
3426 4173 3566 4210 rom-

1993 4248 2366 4316 parationem,
2415 4244 2608 4297 molem
2657 4243 2817 4298 solito
2867 4245 3123 4314 majorem
3175 4250 3565 4303 lCSliﬁCﬂtlle?

1993 4352 2060 4390 an
2089 4351 2232 4388 nunc
2261 4349 2512 4403 magnum
2545 4333 2918 4403 accipiendum
2949 4349 3050 4390 est.
3081 4337 3151 4390 ita
3178 4349 3232 4389 ut
3259 4339 3310 4390 in
3346 4341 3562 4406 pmpria

1993 4427 2340 4482 luminarium
2361 4428 2749 4482 constitutione
2775 4443 2838 4482 ac
2852 4438 3041 4482 natura
3061 4430 3367 4497 magnitudo
3389 4447 3519 4500 appa
3535 4461 3560 4471 ο

1995 4521 2116 4574 ret?
2135 4520 2245 4590 Ego
2265 4519 2513 4590 equidem
2539 4521 2617 4574 sic
2647 4522 2839 4576 sentio.
2868 4518 2983 4574 Non
3015 4520 3124 4591 59
3143 4524 3284 4576 enim
3306 4525 3425 4591 quia
3449 4526 3566 4579 lnrc

1992 4613 2280 4668 luminaria
2316 4614 2518 4681 majora
2549 4620 2674 4665 sunt
2703 4613 3005 4667 minoribus
3035 4614 3225 4678 stellis,
3255 4617 3322 4670 ob
3357 4617 3406 4670 id
3445 4634 3564 4669 ma-

1992 4720 2095 4774 gna
2122 4717 2284 4760 sunt:
2316 4704 2410 4757 sed
2435 4704 2562 4772 quia
2595 4713 2802 4759 tantum
2830 4705 3026 4758 habent
3054 4708 3336 4770 ambitum,
3373 4719 3430 4761 ut
3458 4710 3562 4763 dif-

1995 4798 2143 4850 fusus
2167 4795 2235 4848 ab
2265 4795 2393 4865 ipsis
2423 4796 2676 4865 splendor
2707 4796 2842 4850 emlo
2866 4805 2921 4849 et
2951 4797 3063 4850 aeri
3092 4797 3405 4852 illustraudo
3431 4801 3565 4854 satis

1991 4887 2082 4953 sit,
2126 4902 2292 4957 seque
2332 4888 2493 4943 simul
2522 4888 2588 4940 ad
2628 4902 2842 4941 omnem
2877 4897 3074 4943 terram
3115 4902 3168 4943 et
3201 4906 3346 4944 auare
3379 4903 3562 4946 cxten-

1990 4983 2101 5034 dat.
2129 4981 2258 5048 Qua:
2286 4996 2415 5035 sane
2441 4981 2492 5034 in
2516 4996 2840 5050 quacunque
2862 4982 2980 5034 C(Uii
3007 4992 3159 5048 parte
3192 4984 3410 5048 fuerint,
3439 4987 3562 5038 dum

1995 5087 2048 5132 et
2078 5077 2352 5139 oriuntur,
2389 5084 2444 5128 et
2476 5074 2751 5139 occidunt,
2796 5083 2847 5126 et
2888 5075 3121 5127 medium
3149 5085 3434 5144 occupant,
3467 5093 3565 5130 un-

1986 5401 2212 5456 Morelli.

2055 5471 2168 5540 (50)
2205 5471 2276 5523 lla
2309 5468 2454 5537 Regii
2487 5469 2706 5537 quintus
2737 5479 2790 5523 et
2816 5480 3017 5522 sextus.
3052 5469 3218 5540 Abest
3256 5467 3463 5537 μεγάλη
3498 5468 3564 5518 ab

1983 5539 2146 5596 editis
2177 5551 2227 5593 et
2251 5556 2279 5592 a
2312 5539 2492 5593 uiultis
2523 5555 2654 5594 mss.
2689 5540 2888 5592 Ibidem
2921 5539 3088 5590 editio
3117 5539 3281 5592 Basil.
3308 5554 3429 5592 eum
3467 5552 3559 5590 sex

1985 5629 2112 5668 mss.
2144 5610 2210 5663 τὰ
2241 5610 2319 5664 δέ,
2357 5609 2532 5664 Editio
2563 5610 2731 5663 Paris.
2759 5611 2818 5662 τὸ
2836 5611 2910 5661 δέ.
2940 5607 3134 5661 Statim
3164 5624 3293 5662 mss.
3322 5610 3562 5677 plerique

1983 5697 2170 5735 omnes
2203 5683 2230 5732 6
2259 5680 2385 5750 βοῦς
2417 5679 2608 5750 μέγας.
2647 5680 2783 5734 Editi
2816 5679 2939 5750 βοῦς
2966 5682 2993 5731 6
3031 5681 3222 5750 μέγας.

2055 5752 2164 5823 (Si)
2205 5748 2664 5823 Cotlieesialiquot
2713 5748 2830 5803 eum
2870 5748 3038 5823 ediluis'
3069 5748 3560 5823 nt?)g_rr)ivuv._i)uo

1985 5819 2114 5877 mss.
2147 5819 2262 5884 πῶς
2286 5822 2396 5875 νῦν.
2430 5819 2566 5891 [ξος.
2586 5823 2775 5876 tertius
2801 5823 2911 5886 πῶς
2934 5820 3023 5875 οὖν
3048 5822 3160 5873 νῦν.
3196 5821 3390 5874 Ibidem
3425 5819 3554 5883 lli-ix.

1985 5904 2167 5950 sextus
2194 5893 2400 5949 ἔννοιαν
2429 5893 2795 5963 ἐκληψόμεθα.
