4262 6510
723 397 828 455 159

2059 404 2116 462 S.
2161 407 2244 461 ΒΑ
2256 408 2406 462 SlLll
2448 409 2658 463 MAGM

3858 415 3964 470 HO

721 521 882 588 .tique
919 519 985 572 ab
1018 519 1324 574 hominibus
1355 520 1582 589 aequalia
1617 525 2042 595 conspiciuntur,
2069 528 2120 581 id
2148 528 2286 596 quod
2318 560 2358 615 Α
2392 530 2404 579 ί

2280 529 2358 615 ΙΑ
2392 530 2556 592 δειζιν
2585 528 2694 597 ἔχει
2733 528 2875 597 σαφῆ
2917 529 3014 597 τῆς
3059 526 3153 581 τοῦ
3196 529 3453 598 μεγέθους
3491 531 3826 600 περιουσίας,
3881 531 3963 600 τῷ

723 615 1040 666 immensam
1089 626 1277 667 eorum
1328 613 1748 683 magnitudinem
1801 627 1984 687 aperte
2025 619 2283 684 ostendit,

720 705 1158 774 quandoquidem
1189 715 1345 758 terra:
1367 705 1592 760 latitudo
1624 708 1755 762 nihil
1777 709 2004 775 confert,
2042 725 2150 778 quo
2175 710 2285 777 ipsa

721 807 812 848 aut
839 798 1041 865 majora
1072 809 1167 852 aut
1191 798 1400 853 minora
1423 799 1726 854 videantur.
1753 799 1885 853 Nam
1911 815 1973 856 ea
1993 816 2111 870 quae
2133 801 2288 872 longe

719 889 943 956 distant,
981 891 1194 944 minora
1219 891 1617 959 quodammodo
1647 893 1921 947 cernimus
1951 910 1966 946 :
1995 895 2059 948 ad
2089 909 2209 961 qua:
2241 896 2285 947 si

721 983 940 1049 propius
969 982 1300 1045 accedimus,
1332 983 1528 1038 melius
1559 997 1748 1037 eorum
1779 985 2141 1053 comperimus
2169 1001 2282 1039 ma-

721 1073 1084 1142 gnitudinem.
1120 1076 1188 1128 At
1237 1074 1336 1128 soli
1374 1075 1725 1145 propinquior
1771 1084 1857 1129 est
1895 1088 2074 1140 nemo,
2116 1075 2184 1129 ab
2222 1093 2287 1132 eo

719 1178 881 1220 nemo
912 1167 1171 1220 remotior
1196 1177 1213 1220 :
1237 1165 1334 1221 sed
1363 1180 1429 1220 ex
1459 1166 1653 1234 aequali
1686 1165 1971 1222 intervallo
2005 1167 2288 1236 quibusvis

716 1269 1090 1326 quamcunque
1156 1257 1392 1311 volueris
1455 1266 1614 1312 terra:
1665 1268 1871 1326 partem
1921 1258 2288 1312 habitantibus

715 1349 932 1404 obvium
981 1365 1040 1405 se
1077 1349 1261 1406 oll‘ert.
1301 1353 1635 1420 Argumenta
1668 1351 1721 1405 id
1757 1351 1944 1417 fuerit,
1978 1352 2124 1421 quod
2174 1351 2286 1406 lndi

711 1443 860 1512 juxta
890 1457 953 1498 ac
978 1443 1225 1498 Britanni
1249 1445 1423 1513 ipsum
1446 1444 1706 1512 aequalem
1724 1454 2068 1499 contuentur.
2100 1445 2288 1514 Neque

715 1533 860 1586 enim
888 1533 989 1598 sol,
1014 1535 1140 1587 dum
1165 1533 1387 1596 occidit,
1418 1533 1842 1602 magnitudinem
1860 1549 2012 1588 suam
2042 1549 2171 1604 erga
2195 1551 2287 1590 eos

718 1626 808 1694 qui
844 1627 1140 1680 orientales
1178 1625 1427 1695 regiones
1465 1624 1727 1694 incolunt,
1761 1626 2029 1681 imminuit
2064 1646 2078 1681 :
2113 1643 2287 1698 neque

718 1714 898 1768 oriens
950 1714 1248 1768 occidentis
1297 1716 1691 1771 habitatoribus
1739 1717 1914 1772 minor
1947 1729 2227 1787 comparet
2268 1736 2282 1772 :

717 1823 891 1878 neque
922 1823 1046 1862 vero
1073 1823 1193 1862 eum
1231 1809 1463 1863 medium
1499 1809 1699 1864 cmlum
1727 1812 1949 1881 attingit
1971 1853 1985 1875 ,
2023 1813 2074 1865 in
2122 1813 2286 1866 alter-

2395 617 2560 688 μηδὲν
2609 618 2788 679 αὐτοῖς
2814 618 3194 687 ἑπισημαίνειν
3227 617 3287 670 τὸ
3325 618 3521 682 πλάτος
3547 619 3646 688 τῆς
3690 622 3793 689 γῆς
3825 621 3960 690 πρὸς

2388 710 2449 761 τὸ
2483 710 2733 779 μείζονας
2778 709 2949 762 δοκεῖν
2993 709 3025 780 ἢ
3080 709 3367 773 ἐλάττονας
3399 706 3552 763 εἶναι.
3596 711 3676 763 Τὰ
3717 712 3815 781 μὲν
3851 712 3962 781 γὰρ

2392 799 2670 870 πόρρωθεν
2686 801 2971 869 ἀφεστῶτα
3002 801 3296 872 μικρότερα
3317 819 3432 861 πως
3451 802 3681 872 ὁρῶμεν·
3710 798 3789 866 οἷς
3819 802 3861 854 δ’
3896 802 3963 855 ἂν

2395 892 2590 962 μᾶλλον
2630 892 2956 961 ὲγγίσωμεν,
2998 892 3196 962 μᾶλλον
3236 893 3414 946 αὐτῶν
3452 893 3512 946 τὸ
3553 893 3776 963 μέγεθος
3805 895 3958 960 ἐξευ-

2394 985 2668 1054 ρίσκομεν.
2705 982 2794 1052 Τῷ
2823 983 2879 1035 δὲ
2904 983 3037 1053 ἡλίῳ
3059 984 3231 1047 οὐδείς
3259 987 3406 1038 ἐστιν
3439 986 3715 1056 ἐγγυτέρω
3735 987 3830 1038 καὶ
3863 985 3959 1038 οὐ·

2388 1073 2497 1136 δεῖς
2525 1075 2874 1147 πορρωτέρω,
2905 1075 3038 1129 ἀλλὰ
3064 1078 3154 1129 ἀπ’
3196 1076 3309 1129 [σου
3336 1076 3428 1129 τοῦ
3455 1076 3815 1146 διαστήματος
3844 1078 3963 1140 τοῖς

2390 1166 2531 1219 κατὰ
2556 1169 2664 1220 πᾶν
2701 1168 2867 1238 μέρος
2901 1169 2996 1238 τῆς
3025 1169 3128 1238 γῆς
3153 1168 3582 1238 κατῳκισμένοις
3610 1166 3958 1237 προσϐάλλει.

2392 1258 2625 1327 Σημεῖον
2650 1257 2728 1322 δὲ,
2762 1260 2842 1311 ὃτι
2869 1259 2964 1311 καὶ
2990 1258 3139 1312 Ἰνδοὶ
3172 1260 3265 1312 καὶ
3292 1259 3580 1330 Βρεττανοὶ
3606 1258 3696 1310 τὸν
3712 1257 3825 1311 ἴσον
3843 1258 3960 1328 (52)

2393 1349 2695 1418 βλέπουσιν.
2726 1351 2861 1405 Οὔτε
2905 1351 3012 1424 γὰρ
3036 1355 3148 1415 τοῖς
3176 1353 3273 1421 τὴν
3298 1351 3436 1420 ἑῴαν
3462 1353 3667 1405 οἰκοῦσι
3695 1353 3960 1404 καταδυό-

2393 1458 2549 1511 μενος
2577 1443 2668 1494 τοῦ
2701 1443 2961 1511 μεγέθους
3007 1444 3248 1513 ὑφίησιν,
3283 1442 3406 1497 οὔτε
3433 1448 3544 1506 τοῖς
3575 1444 3709 1514 πρὸς
3729 1442 3961 1513 δεσμαῖς

2389 1534 2817 1603 κατῳκισμένοις
2870 1534 3172 1588 ἀνατέλλων
3222 1535 3456 1589 ἐλάττων
3515 1535 3780 1604 φαίνεται’
3835 1531 3964 1587 οὔτε

2393 1627 2497 1696 μὴν
2529 1629 2584 1678 ὲν
2615 1626 2693 1696 τῷ
2726 1628 3166 1697 μεσουρανήματι
3191 1629 3492 1698 γινόμενος,
3525 1629 3623 1698 τῆς
3652 1630 3735 1695 ἐφ’
3764 1625 3964 1680 ἑκάτεο

2390 1735 2458 1787 ρα
2495 1717 2603 1786 (55)
2635 1717 2808 1786 ὅψεως
2841 1716 3225 1788 παραλλάττει.
3278 1720 3366 1788 Μὴ
3421 1719 3744 1785 ἐξαπατάτω
3800 1735 3859 1770 σε
3903 1716 3967 1769 τὸ

2388 1809 2726 1879 φαινόμενον·
2774 1808 2893 1879 μηδ’
2918 1809 3000 1860 ὅτι
3031 1811 3294 1879 πηχυαῖος
3329 1812 3437 1871 τοῖς
3468 1809 3632 1878 ὁρῶσι
3678 1809 3845 1872 δοκεῖ,
3873 1826 3966 1861 το-

715 1910 887 1954 ntram
915 1909 1124 1970 partem
1157 1903 1411 1956 immutat
1449 1913 1745 1970 aspectum.
1783 1903 1925 1958 Cave
1956 1913 2008 1959 te
2056 1905 2285 1973 decipiat
2317 1902 2358 1955 Β
2389 1921 2398 1951 ‹

2282 1949 2285 1957 ,
2317 1902 2358 1955 Β
2389 1902 2577 1955 σοῦτον
2618 1903 2780 1957 αὑτὸν
2809 1915 2948 1956 ειναι
2977 1901 3186 1972 λογίση.
3226 1901 3598 1971 Συναιρεῖσθαι
3643 1902 3752 1973 γὰρ
3790 1903 3965 1970 πέφυ-

713 1993 925 2060 species
957 1993 1124 2056 solis;
1155 2007 1329 2060 neque
1358 1993 1483 2062 quia
1515 1994 1766 2050 cubitalis
1789 1997 2141 2050 cernentibus
2167 2010 2286 2051 esse

716 2082 944 2147 videtur,
978 2081 1117 2135 hanc
1146 2081 1243 2151 ipsi
1280 2081 1460 2137 inesse
1485 2085 1912 2154 magnitudinem
1941 2096 2116 2154 putes.
2151 2086 2286 2141 Con-

715 2174 853 2226 trahi
903 2187 1136 2241 namque
1190 2173 1243 2226 iu
1291 2174 1542 2228 maximis
1578 2176 1857 2230 distantiis
1912 2175 2050 2231 solet
2097 2191 2283 2231 eorum

714 2245 832 2332 qua:
861 2272 1157 2316 cernuntur
1186 2265 1519 2333 magnitudo,
1549 2268 1768 2334 quando
1809 2268 2028 2337 quidem
2062 2269 2141 2322 vis
2171 2269 2284 2336 ipsa

712 2354 970 2407 cernendi
1001 2369 1107 2407 non
1140 2366 1312 2421 potest
1337 2353 1451 2408 loca
1484 2355 1799 2424 interposita
1827 2369 2110 2425 penetrare
2141 2378 2156 2415 :
2190 2361 2283 2414 sed

713 2444 861 2498 velut
883 2445 936 2498 in
959 2446 1132 2498 medio
1158 2447 1332 2512 spatio
1351 2447 1675 2510 absumitur,
1702 2457 1792 2498 aut
1818 2463 1979 2513 parva
2006 2449 2088 2500 sui
2119 2449 2286 2516 ipsius

713 2543 890 2604 parte,
937 2549 997 2587 ea
1031 2549 1151 2603 qua:
1198 2536 1607 2605 conspiciuntur
1651 2537 1892 2606 attingit.
1939 2537 2072 2590 Cum
2124 2539 2287 2607 igitur

715 2628 862 2681 visus
889 2635 1073 2680 noster
1096 2642 1293 2698 parvus
1321 2628 1399 2689 tit,
1426 2639 1536 2681 tum
1571 2630 1622 2682 in
1660 2645 1817 2684 causa
1845 2639 1929 2684 est
1950 2645 2047 2685 cur
2071 2645 2134 2684 ea
2160 2646 2279 2698 qua:

713 2720 1070 2789 aspiciuntur,
1101 2732 1420 2790 reputentur
1450 2738 1636 2792 parva.
1670 2739 1767 2777 sua
1800 2724 1968 2792 ipsius
1999 2724 2288 2778 affectione

715 2815 768 2866 in
803 2828 888 2868 res
919 2823 1238 2884 conspectas
1271 2815 1551 2870 translata.
1583 2816 1782 2883 Quare,
1818 2818 1862 2871 si
1888 2816 2096 2871 fallitur
2114 2818 2283 2880 visus,

717 2906 850 2960 lides
881 2906 1254 2975 nullajudicio
1299 2907 1438 2962 illius
1476 2919 1560 2962 est
1605 2909 1931 2964 adhibenda.
1977 2909 2285 2965 Memineris

716 3017 879 3068 porro
911 3012 1123 3054 tuorum
1165 3002 1330 3068 ipsius
1367 3001 1680 3064 aﬂ'eetuum,
1712 3012 1764 3057 et
1800 3021 1827 3054 a
1876 3015 1926 3056 te
1961 3003 2076 3070 ipso
2099 3017 2283 3056 eorum

715 3108 834 3156 qua:
866 3092 1127 3146 dicuntur
1170 3090 1394 3146 habebis
1419 3104 1795 3161 argumentum
1819 3103 1982 3162 atque
2010 3093 2284 3162 probatio-

718 3199 859 3236 nem.
903 3184 959 3236 δί
1004 3199 1237 3253 unquam
1280 3199 1349 3239 ex
1397 3186 1573 3255 magni
1608 3187 1805 3240 montis
1831 3185 2113 3239 cacumine
2141 3200 2286 3240 cam-

721 3289 843 3339 pum
873 3273 1141 3341 ingentem
1166 3274 1326 3328 simul
1352 3285 1406 3328 et
1430 3277 1677 3342 supinum
1703 3277 2053 3345 conspexisti,
2084 3288 2283 3345 quanta

722 3363 814 3416 tibi
871 3363 983 3415 visa
1039 3372 1164 3417 sunt
1218 3364 1378 3418 boum
1435 3361 1606 3432 juga?
1670 3367 1853 3433 quanti
1914 3375 1968 3419 et
2019 3367 2117 3435 ipsi
2167 3383 2288 3419 ara-

721 3457 907 3510 tores?
932 3459 1124 3510 Annon
1155 3456 1443 3525 quamdam
1477 3454 1830 3511 formicarum
1864 3456 2151 3526 imaginem
2197 3457 2288 3510 tibi

718 3558 1175 3618 repraesentarunt
1194 3549 1216 3603 ?
1236 3549 1292 3604 Si
1317 3564 1447 3604 vero
1472 3559 1526 3604 et
1556 3566 1583 3602 a
1609 3549 1826 3618 specula
1861 3550 1926 3602 ad
1959 3559 2168 3603 vastum
2195 3564 2288 3618 pe-

718 3641 873 3710 lagus
918 3654 1181 3693 conversa
1222 3640 1411 3694 oculos
1445 3641 1499 3694 in
1547 3657 1695 3695 mare
1740 3641 2041 3709 conjecisti,
2076 3652 2289 3712 quanta:

722 3730 818 3785 tibi
867 3730 998 3784 visre
1036 3738 1163 3784 sunt
1201 3727 1387 3782 insula:
1419 3731 1706 3784 maximae?
1737 3743 1935 3798 quanta
1969 3747 2153 3786 rursus
2195 3733 2286 3785 tibi

721 3822 978 3893 apparuit
1010 3836 1113 3875 una
1162 3821 1316 3875 navis
1357 3821 1609 3874 oneraria
1655 3829 1706 3872 et
1756 3821 2110 3890 prmgrandis,
2160 3821 2291 3874 albis

719 3917 854 3971 velis
891 3931 1054 3985 super
1081 3915 1366 3970 caeruleum
1401 3929 1552 3968 mare
1589 3913 1844 3967 invecta?
1877 3913 2064 3967 Nonne
2093 3914 2284 3981 imagi-

721 4024 844 4063 nem
881 4009 974 4061 tihi
1005 4009 1250 4062 exhibuit
1273 4010 1465 4078 quavis
1498 4008 1749 4063 columba
1779 4007 2083 4063 minorem?
2120 4007 2254 4074 Quia
2275 4050 2288 4073 ,

724 4115 782 4156 nt
809 4102 917 4155 dixi
943 4143 957 4166 ,
989 4101 1134 4157 visus
1163 4103 1214 4158 in
1245 4119 1370 4158 aere
1411 4114 1794 4171 consumptus,
1838 4102 1994 4158 exilis
2019 4104 2254 4159 evadens
2276 4145 2288 4167 ,

724 4213 811 4252 res
842 4198 1014 4252 oculis
1045 4195 1312 4263 subjecms
1354 4205 1608 4253 accurate
1639 4195 2045 4263 apprehendere
2085 4198 2288 4263 nequit.

721 4289 860 4353 Quin
892 4297 945 4342 et
979 4297 1231 4357 aspectus
1273 4286 1540 4341 maximos
1574 4296 1782 4341 montes
1835 4287 2116 4355 profundis
2145 4288 2294 4340 valli-

723 4383 823 4436 bus
857 4382 1116 4449 abruptos
1136 4425 1150 4448 ,
1185 4381 1446 4436 rotundos
1476 4389 1530 4433 et
1575 4379 1720 4433 leves
1753 4393 1873 4433 esse
1904 4377 2106 4446 iudicat
2129 4420 2142 4443 ,
2171 4395 2291 4434 cum

724 4474 794 4524 sit
822 4473 888 4524 ad
920 4473 1065 4524 solas
1089 4472 1415 4525 eminentius
1443 4471 1705 4532 intentus,
1738 4484 1836 4524 nec
1861 4484 2097 4523 concava
2132 4471 2294 4524 inter-

724 4565 896 4618 media
948 4575 1166 4639 propter
1215 4563 1643 4618 imbecillitatem
1696 4563 1904 4630 ingredi
1960 4572 2142 4631 queat.
2201 4562 2290 4617 Sic

2389 2011 2480 2046 κεν
2520 1998 2577 2048 ἐν
2606 1999 2715 2058 τοῖς
2762 1995 3036 2066 μεγίστοις
3086 1995 3416 2066 διαστήμασι
3466 1993 3534 2046 τά
3594 1995 3795 2065 μεγέθη
3857 1996 3965 2048 τῶν

2387 2086 2695 2155 ὁρωμένων,
2727 2087 2825 2158 τῆς
2855 2086 3119 2157 ὁρατικῆς
3170 2086 3450 2156 δυνάμεως
3503 2085 3603 2137 οὐκ
3649 2085 3966 2155 ἐξικνουμέ-

2389 2191 2484 2243 νης
2513 2175 2622 2245 (54)
2652 2177 2740 2228 τὸν
2775 2178 2973 2246 μεταξὺ
3003 2178 3162 2231 τόπον
3207 2178 3488 2249 διαπερᾷν,
3523 2177 3634 2232 ἀλλ’
3679 2178 3844 2230 οἱονεὶ
3878 2180 3962 2231 ὲν-

2386 2269 2782 2340 δαπανωμένης
2811 2271 2888 2340 τῷ
2921 2272 3086 2340 μέσῳ,
3116 2272 3210 2323 καὶ
3241 2272 3359 2324 κατ’
3385 2270 3562 2339 ὀλίγον
3597 2270 3767 2340 αὐτῆς
3796 2269 3961 2340 μέρος

2389 2361 2826 2434 προσϐαλλούσης
2857 2365 2967 2424 τοῖς
2995 2361 3227 2431 ὁρατοῖς.
3260 2361 3446 2432 Μικρὰ
3473 2357 3564 2415 οὖν
3591 2363 3622 2432 ἡ
3647 2361 3767 2430 ὄψις
3801 2359 3963 2429 ἡμῶν

2387 2455 2670 2524 γινομένη,
2706 2454 2876 2526 μικρά
2907 2453 3125 2524 ἐποίησε
3150 2452 3466 2523 νομίζεσθαι
3495 2454 3560 2506 τά
3597 2453 3872 2524 ὁρώμενα,
3902 2451 3966 2505 τδ

2389 2547 2585 2596 οἰκεῖον
2619 2545 2790 2608 πάθος
2826 2548 2936 2607 τοῖς
2952 2546 3164 2616 ὁρατοῖς
3189 2547 3539 2618 ἐπιφέρουσα.
3575 2547 3734 2599 ’Ὥστε
3761 2549 3809 2600 εἰ
3831 2545 3964 2615 ψεὺο

2389 2633 2537 2685 δεται
2573 2632 2683 2699 (55)
2720 2636 2753 2702 ἡ
2788 2634 2926 2702 δσζι-ις,
2972 2633 3196 2688 ἄπιστον
3231 2636 3291 2689 τὸ
3330 2639 3628 2710 κριτήριον.
3694 2638 3964 2708 Ὑπομνή-

2390 2723 2546 2793 σθητι
2565 2723 2620 2776 δὲ
2640 2722 2747 2774 τῶν
2771 2723 2983 2776 οἰκείων
3015 2725 3220 2789 παθῶν,
3258 2728 3348 2780 καὶ
3382 2729 3529 2798 παρὰ
3564 2729 3788 2781 σεαυτοῦ
3820 2726 3961 2792 seu;

2386 2813 2495 2867 τῶν
2526 2813 2832 2883 λεγομένων
2865 2813 2965 2880 τὴν
3009 2814 3210 2866 πίστιν.
3244 2816 3308 2867 Εἴ
3336 2835 3462 2868 ποτε
3500 2819 3605 2870 ἀπὸ
3651 2819 3961 2889 ἀκρωρείας

2391 2905 2630 2976 μεγάλης
2663 2904 2841 2957 πεδίον
2875 2903 3012 2968 εἶδες
3038 2903 3170 2957 πολύ
3219 2923 3277 2957 τε
3307 2907 3398 2958 καὶ
3431 2906 3639 2968 ὕπτιον,
3667 2908 3828 2975 ἡλίκα
3863 2910 3960 2978 μέν

2389 3013 2470 3050 σοι
2490 2997 2596 3050 τῶν
2633 2996 2767 3068 βοῶν
2802 2995 2913 3065 (56)
2945 2996 3219 3067 κατεφάνη
3259 2997 3327 3050 τὰ
3353 2995 3551 3065 ζεύγη;
3596 2996 3812 3066 πηλίκοι
3837 2998 3892 3048 δὲ
3913 3000 3961 3049 οἱ

2389 3092 2653 3162 ἀροτῆρες
2682 3090 2861 3154 ctu-cei;
2887 3090 2950 3142 Ei
2984 3089 3057 3160 μὴ
3087 3091 3389 3160 μυρμήκων
3419 3089 3538 3141 τινά
3569 3106 3649 3140 σοι
3689 3089 3962 3158 παρέσχον

2390 3185 2717 3254 φαντασίαν;
2747 3185 2807 3237 El
2842 3184 2896 3236 δὲ
2938 3185 3027 3235 καὶ
3054 3184 3161 3235 ἀπὸ
3189 3184 3415 3246 σκοπιᾶς
3440 3183 3531 3234 ἐπὶ
3553 3182 3695 3252 μέγα
3728 3181 3964 3248 πέλαγος

2388 3279 2770 3350 τετραμμένης
2806 3279 2872 3347 τῇ
2905 3275 3145 3347 Θαλάσσῃ
3171 3276 3268 3339 τὰς
3286 3276 3433 3345 ὄψεις
3462 3274 3746 3339 ὲπέϐαλες,
3777 3275 3962 3346 ἡλίκαι

2394 3375 2488 3441 μέν
2523 3390 2600 3426 σοι
2617 3371 2800 3435 ἔδοξαν
2823 3367 2959 3425 εἶναι
2991 3370 3096 3423 τῶν
3127 3372 3300 3442 νήσων
3323 3373 3375 3424 αί
3411 3372 3662 3443 μέγισται
3689 3371 3833 3438 (57);
3862 3386 3962 3440 πη-

2391 3464 2512 3533 λίκη
2546 3465 2602 3516 δέ
2636 3481 2718 3516 σοι
2753 3465 3026 3536 κατεφάνη
3075 3465 3172 3534 μία
3197 3463 3302 3517 τῶν
3341 3464 3683 3536 μυριονειὸρων
3723 3464 3964 3518 ὁλκάδων

2391 3554 2599 3618 λευκοῖς
2643 3555 2827 3616 ἱστίοις
2856 3555 2993 3624 ὑπὲρ
3038 3555 3239 3625 κυανῆς
3289 3554 3619 3626 κομιζομένη
3655 3555 3962 3624 θαλάσσης;

2393 3650 2453 3701 El
2478 3649 2550 3718 μὴ
2569 3648 2744 3717 πάσης
2759 3649 3081 3716 περιστερᾶς
3097 3649 3421 3718 μικροτέραν
3437 3666 3515 3700 σοι
3532 3649 3834 3718 παρέσχετο
3853 3648 3965 3718 (58)

2392 3739 2486 3810 τὴν
2508 3738 2834 3807 φαντασίανς
2865 3737 3026 3799 Διότι,
3067 3735 3313 3807 καθάπερ
3351 3737 3505 3807 ἔφην,
3535 3739 3965 3810 ἐνὸαπανηθεῖσα

2393 3832 2469 3902 τῷ
2502 3833 2621 3904 ἀέρι
2653 3833 2685 3901 ἡ
2712 3830 2853 3900 ὃψις,
2889 3827 3129 3898 ἐξίτηλος
3153 3829 3431 3898 γινομένη,
3464 3830 3596 3900 πρὸς
3625 3831 3722 3899 τὴν
3757 3832 3964 3903 ἀκριϐῆ

2397 3925 2693 3994 κατάληψιν
2722 3924 2828 3976 τῶν
2875 3924 3166 3994 ὁρωμένων
3194 3923 3292 3975 οὐκ
3320 3923 3560 3993 ἐξαρκεῖ.
3593 3923 3728 3991 Ἤδη
3761 3923 3817 3975 δέ
3864 3942 3966 3976 mu

2397 4017 2488 4067 καὶ
2527 4014 2633 4067 τῶν
2687 4013 2826 4085 ὀρῶν
2869 4013 2938 4065 τὰ
2993 4013 3242 4083 μέγιστα,
3297 4013 3540 4083 βαθείαις
3571 4013 3843 4084 φάραγξιν
3873 4015 3966 4068 ὲκ-

2393 4105 2708 4175 τετμημένα
2733 4103 2866 4174 (59),
2895 4105 3164 4174 περιφερῆ
3187 4105 3280 4158 καὶ
3308 4105 3424 4158 λεῖα
3459 4107 3491 4176 ἡ
3517 4104 3635 4173 ὄψις
3652 4101 3790 4160 εἷναί
3813 4123 3966 4174 φησι,

2395 4199 2509 4258 ταῖς
2549 4195 2759 4265 ἐξοχαῖς
2807 4194 3216 4264 προσϐάλλουσα
3250 4195 3456 4263 μόναις,
3497 4199 3612 4257 ταῖς
3647 4196 3702 4247 δὲ
3762 4197 3967 4264 μεταξὺ

2396 4286 2696 4355 κυιλότησιν
2725 4285 2956 4353 έμὸἧναι
2985 4283 3051 4334 δι’
3086 4285 3301 4336 ἀτονίαν
3337 4285 3410 4355 μὴ
3448 4284 3741 4354 δυναμένη.
3782 4285 3968 4346 Οὖτως

2395 4379 2514 4430 οὐδὲ
2563 4377 2629 4428 τὰ
2685 4377 2935 4446 σχήματα
2965 4374 3072 4428 τῶν
3113 4377 3377 4446 σωμάτων
3419 4375 3576 4428 ὁποῖά
3614 4376 3728 4428 ἐστι
3770 4372 3966 4427 διασὼ-

2397 4471 2477 4534 ζει
2510 4469 2642 4536 ((30)‘
2676 4466 2809 4519 ἀλλὰ
2840 4469 3153 4539 περιφερεῖς
3177 4465 3348 4519 οἴεται
3374 4461 3512 4520 εἶναι
3539 4467 3663 4530 τοὺς
3688 4465 3966 4537 τετραγώ-

2397 4580 2517 4624 νους
2552 4560 2655 4611 τῶν
2688 4557 2930 4629 πύργων.
2974 4559 3136 4611 Ὥστε
3183 4558 3514 4629 πανταχόθεν
3562 4558 3738 4629 δῆλον,
3781 4558 3864 4610 ὃτι
3911 4557 3968 4609 ὲν

723 4672 894 4726 neque
945 4671 1233 4724 corporum
1281 4654 1483 4726 ﬁguras
1523 4655 1711 4723 quales
1756 4664 1884 4708 sunt
1927 4665 2145 4709 servat:
2198 4655 2288 4708 sed
2326 4669 2406 4721 οι

2283 4656 2288 4707 |
2326 4669 2364 4721 ί)
2396 4658 2511 4717 ταῖς
2545 4651 2830 4723 μεγίσταις
2863 4652 3228 4705 ἀποστάσεσιν
3257 4650 3354 4703 οὐκ
3375 4649 3653 4721 ἔναρθρον.
3679 4649 3813 4701 ἀλλὰ
3838 4665 3966 4716 συγ-

720 4751 1118 4817 qnadrangnlas
1145 4760 1318 4803 turres
1349 4758 1544 4804 teretes
1573 4762 1693 4802 esse
1719 4756 1889 4815 putat.
1920 4748 2095 4812 Quare
2117 4746 2278 4801 unde-

789 4929 900 4998 (52)
937 4928 1075 4984 Ειίὶιί
1126 4945 1246 4984 cum
1295 4929 1475 4997 Regiis
1514 4930 1684 4999 tertio
1711 4939 1764 4982 e'.
1811 4932 2002 4999 quinto
2029 4931 2121 4982 τὸν
2154 4928 2285 4982 ἴσον.

720 4997 1168 5053 (lolb.secuudns
1196 5001 1287 5054 τὸν
1318 4999 1453 5069 ἡλίῳ
1497 5000 1628 5051 ἴσον.
1664 4997 1812 5066 Regii
1833 4997 2031 5055 'settus
2057 5011 2111 5053 et
2145 5011 2290 5052 oeta-

722 5087 818 5120 tus
858 5071 918 5121 τὸ
942 5071 1077 5132 ἴσον,
1118 5072 1405 5133 wqualiter,
1441 5074 1578 5125 bona
1614 5069 1786 5123 lectio.

790 5139 903 5208 (55)
957 5139 1072 5208 Τῆς
1091 5140 1181 5209 ἐφ’
1213 5139 1483 5208 ἑκάτερα.
1540 5140 1743 5193 llursus
1785 5141 2030 5194 librarius
2063 5141 2202 5192 idem
2226 5143 2290 5192 ad

720 5212 1018 5281 marginem
1047 5213 1286 5281 ejusdem
1324 5210 1472 5281 Regii
1509 5211 1662 5278 primi
1691 5213 1890 5264 codicis
1913 5210 2048 5280 πρός
2079 5227 2137 5262 τε
2168 5210 2296 5262 ἁνα-

729 5279 887 5352 τολῆν
920 5282 1014 5334 καὶ
1055 5283 1190 5353 πρὸς
1225 5279 1375 5335 δύσιν
1393 5279 1427 5344 ,”
1461 5293 1567 5334 tum
1607 5282 1673 5331 ad
1712 5279 1980 5353 orientem,
2026 5296 2193 5353 quant
2222 5285 2294 5353 tul

721 5350 1054 5421 occidentem.
1102 5350 1308 5407 'lb'tdem
1375 5366 1470 5407 sex
1527 5368 1654 5403 mss.
1712 5350 2094 5421 παραλλάττει.
2156 5350 2294 5406 ΙῦιΙίιί

730 5420 1042 5475 διαλλάττει.

794 5491 910 5561 (54)
941 5495 1012 5546 Ita
1043 5493 1206 5547 editio
1233 5493 1396 5547 Basil.
1427 5508 1548 5546 eum
1585 5505 1675 5543 sex
1731 5507 1859 5545 mss.
1893 5501 1945 5544 et
1975 5509 2094 5545 cum
2143 5490 2289 5543 Bodl.

729 5561 900 5616 Etlilin
931 5562 1099 5618 Paris.
1132 5565 1233 5616 οὐκ
1276 5562 1704 5634 ἐξαρκουμένης.
1756 5561 1923 5617 Coisl.
1968 5566 2172 5631 prunus
2212 5582 2291 5616 se-

731 5635 913 5706 :undis
951 5637 1097 5706 euris
1123 5636 1184 5688 οὐ
1217 5638 1642 5706 κατερχομένης.

790 5704 902 5773 (55)
945 5704 1120 5758 Codex
1147 5701 1549 5760 Combel‘fc'utn
1581 5701 1698 5756 aliis
1728 5703 1963 5772 quinque
1994 5719 2123 5756 mss.
2153 5701 2290 5755 ὥστε

733 5772 991 5842 ιεύδεται.
1019 5775 1156 5827 Editi
1182 5791 1305 5829 cum
1342 5776 1491 5829 Coll).
1519 5774 1756 5829 secundo
1778 5773 1916 5825 ὥστε
1946 5776 1992 5825 εί
2015 5774 2288 5842 ψεύδεται.

793 5845 900 5915 (56)
935 5847 1008 5900 lta
1047 5861 1136 5901 sex
1172 5863 1297 5902 mss.
1339 5845 1487 5910 lllutl,
1521 5846 1627 5898 τῶν
1661 5843 1818 5913 βοῶν,
1866 5845 2007 5902 deest
2059 5849 2106 5899 in
2147 5857 2263 5900 utra

2385 4746 2688 4817 κεχυμένη-θ
2709 4745 2815 4798 τῶν
2835 4744 3098 4815 σωμάτων
3122 4743 3385 4814 λαμϐάνει
3414 4742 3510 4813 τὴν
3552 4743 3662 4811 (6i)
3693 4742 3945 4796 εἰκασίαν

2399 4947 2502 4998 que
2524 4929 2757 4982 editione
2781 4927 2944 4979 Basil.
2968 4934 3022 4979 et
3047 4925 3220 4981 Paris.
3251 4925 3539 4992 Aliquanto
3567 4933 3683 4992 post
3707 4923 3811 4975 duo
3836 4940 3966 4977 mss.

2402 5001 2481 5051 se".
2512 4999 2860 5068 παρέσχοντο.

2472 5064 2777 5138 (ΐι7)ὐυι1ιέχ
2804 5068 3043 5121 (λοιιιὺρί.
3064 5084 3184 5121 cum
3208 5067 3326 5138 aliis
3349 5065 3516 5138 tribus
3534 5080 3662 5117 mss.
3688 5064 3965 5138 μέγισται.

2405 5141 2538 5192 ιτίιιίιί
2565 5135 2686 5191 cum
2714 5137 2866 5192 Coll).
2890 5140 3128 5192 secundo
3155 5137 3401 5205 μέγιστα.
3452 5136 3647 5187 lhidem
3679 5137 3842 5186 editio
3869 5135 3964 5186 l'a-

2405 5213 2494 5262 ris.
2523 5209 2717 5279 τηλίκη
2755 5207 2830 5261 δέ.
2863 5209 3040 5263 Editio
3071 5204 3247 5279 nostra
3276 5205 3438 5279 Basil.
3477 5205 3701 5274 πηλίκη,
3738 5204 3872 5279 hem:

2472 5276 2588 5350 (58)
2619 5279 2748 5346 Reg.
2791 5281 2992 5350 primus
3036 5277 3326 5350 παρέσχεν.
3378 5276 3485 5350 l‘iee
3529 5282 3597 5327 ita
3648 5277 3814 5350 multo
3849 5286 3966 5344 post

2401 5345 3053 5420 ιιιιίιιιιιιυῌιιιᾎδίἐξίτηλος
3081 5345 3355 5418 γινομένη.
3388 5346 3528 5420 Ειιιιῖ
3551 5345 3834 5413 γενομένη.

2474 5422 2586 5488 (59)
2623 5417 2710 5472 Sic
2740 5420 2887 5488 liegii
2932 5417 3156 5486 primus,
3204 5421 3410 5480 tertius,
3443 5419 3662 5488 quimus
3695 5427 3745 5466 ει
3781 5427 3962 5488 Sciit"S

2402 5486 2522 5541 t‘ttlitt
2555 5493 2759 5545 duobus
2781 5486 3126 5544 Cblbet'tinis.
3164 5490 3294 5557 Reg.
3322 5497 3544 5541 octavus
3568 5486 3959 5557 ἐντετμημένη.

2403 5562 2539 5613 Ικιιίῑί
2577 5563 2723 5626 gravi
2776 5563 2966 5615 mendo
3019 5556 3412 5628 ὲκτετηγμένα.
3467 5556 3628 5609 l’attlu
3681 5569 3798 5626 post
3831 5559 3960 5624 Iieg.

2397 5634 2613 5698 quintus
2635 5631 2841 5700 ἐξοχαῖς
2884 5629 3276 5698 προϐάλλουσα.

2469 5702 2576 5769 (liti)
2605 5695 2756 5754 Curlh.
2784 5695 3050 5756 secundus
3074 5705 3139 5772 τῇ
3175 5698 3420 5770 αέσθήσει
3451 5695 3723 5763 διασώζει,
3753 5713 3839 5768 per
3861 5711 3965 5751 sen-

2397 5791 2507 5823 sum
2536 5775 2784 5825 observat.

2474 5843 2581 5911 (till
2615 5844 2742 5895 tioll-
2803 5843 3002 5911 primus
3040 5843 3298 5911 minoia-2;:
3329 5841 3437 5907 ἔχει
3469 5841 3584 5908 τήν.
