4262 6510
331 455 422 510 ιιι

1423 445 1708 502 HOMILIA
1747 446 1814 500 Vl
1855 445 1919 502 IN
1962 446 2452 504 IIEXAEMI‘IRUN.

3479 446 3577 500 HE!

322 571 512 641 Μέγας
538 564 630 622 οὖν
668 569 696 619 ὁ
727 569 971 640 φωστὴρ,
1003 566 1146 620 κατὰ
1174 566 1270 635 τὴν
1302 566 1399 636 τῆς
1448 565 1668 636 Γραφῆς
1706 583 1899 636 μαρτυ.
1931 573 1976 628 Α

1894 598 1899 606 -
1931 573 1976 628 Α
2009 567 2139 620 libet
2169 575 2403 627 constat,
2436 566 2487 618 in
2519 565 2770 619 maximis
2800 563 3097 617 intervallis
3126 579 3230 616 non
3261 562 3577 632 periecnun,

321 665 468 740 ρίαν,
503 662 596 714 καὶ
627 661 1069 733 ἀπειροπλασίων
1100 658 1192 712 τοῦ
1217 659 1560 730 φαινομένου.

397 939 481 994 10.
513 940 746 993 Κάκεῖνο
801 939 858 991 δέ
906 954 987 989 σοι
1040 937 1264 1007 ἐναργὲς
1310 938 1448 989 ἔστω
1489 934 1583 986 τοῦ
1637 933 1897 1003 μεγέθους

324 1035 566 1101 σημεῖον.
617 1033 768 1086 Ἀεπεί
777 1047 882 1102 ρων
906 1030 1072 1081 ὄντων
1096 1029 1172 1100 τῷ
1195 1031 1383 1101 πλήθει
1406 1027 1511 1078 τῶν
1529 1027 1647 1080 κατ’
1673 1027 1896 1097 οὐρανὸν

320 1127 585 1197 ἀστέρων,
622 1128 681 1179 τὸ
716 1125 844 1194 παρ’
901 1123 1076 1176 αὐτῶν
1121 1122 1597 1196 συνερανιζόμενον
1641 1121 1755 1191 φῶς
1797 1123 1896 1174 οὐκ

320 1218 539 1288 ἐξαρκεῖ
569 1221 665 1288 τῆς
698 1215 889 1279 νυκτὸς
921 1215 1018 1287 τὴν
1061 1220 1364 1288 κατήφειαν
1411 1214 1676 1270 διαλῦσαι.
1721 1216 1895 1274 Μάνης

319 1309 374 1361 δὲ
405 1305 582 1374 οὗτος,
617 1309 949 1378 ὑπερφανεὶς
982 1310 1073 1362 τοῦ
1127 1310 1420 1378 ὁρίζοντος,
1469 1307 1668 1376 μᾶλλον
1704 1307 1758 1359 δὲ
1818 1307 1892 1354 ἔτι

319 1407 412 1458 καὶ
465 1403 924 1475 προσδοκώμενος,
972 1406 1100 1474 πρὶν
1149 1403 1241 1454 καὶ
1290 1401 1577 1470 ὑπερσχεῖν
1612 1398 1721 1468 (02)
1757 1395 1893 1454 ὅλως

318 1497 416 1565 τῆς
448 1495 569 1563 γῆς,
602 1495 827 1563 ἠφάνισε
868 1497 964 1565 μὲν
989 1497 1048 1546 τὺ
1080 1494 1288 1557 σκότος,
1322 1494 1668 1565 ὑπερηύγασε
1691 1490 1748 1542 δὲ
1767 1491 1892 1551 τούς

317 1585 573 1654 ἀστέρας,
610 1587 702 1638 καὶ
756 1587 1042 1656 πεπηγότα
1093 1585 1227 1645 τέως
1273 1583 1365 1636 καὶ
1411 1580 1892 1654 συμπεπιλημένον

318 1677 408 1728 τόν
442 1678 563 1748 περὶ
591 1680 694 1750 γῆν
736 1680 872 1750 ἀέρα
919 1675 1179 1746 κατέτηξε
1213 1677 1304 1729 καὶ
1331 1677 1558 1747 διέχεεν.
1599 1674 1760 1725 Ὅθεν
1800 1677 1892 1728 καὶ

317 1769 510 1840 ἄνεμοι
562 1773 773 1824 ὲωθινοὶ
815 1772 906 1824 καὶ
933 1770 1107 1839 δρόσοι
1151 1771 1205 1820 ἐν
1239 1769 1422 1838 αἰθρία
1445 1769 1542 1836 τὴν
1573 1769 1674 1834 γῆν
1698 1771 1892 1837 περιρ-

319 1863 522 1932 ιῖέουσι.
560 1864 838 1933 Τοσαύτην
870 1864 924 1915 δὲ
963 1860 1126 1918 οὖσαν
1151 1865 1248 1935 τὴν
1277 1865 1380 1931 γῆν
1407 1860 1520 1923 πῶς
1556 1859 1619 1912 ἂν
1650 1860 1888 1930 ἠδυνήθη

318 1954 375 2004 ὲν
400 1955 497 2022 μιᾷ
524 1951 715 2023 καιροῦ
753 1955 890 2023 ῥοπῇ
927 1955 1024 2023 τὴν
1057 1956 1235 2006 πᾶσαν
1269 1951 1692 2020 καταφωτίξειν,
1732 1954 1778 2004 εί
1822 1951 1894 2022 μὴ

315 2044 422 2096 dna
478 2043 711 2113 μεγάλου
759 2044 854 2097 τοῦ
895 2045 1092 2098 κύκλου
1148 2045 1256 2113 (6'5)
1297 2043 1393 2114 τὴν
1441 2044 1894 2115 αὑγὴνὲπηφίει;

329 2137 594 2190 Ἐνταῦθα
627 2155 716 2208 μοι
748 2139 842 2208 τὴν
873 2139 1060 2206 σοφίαν
1082 2137 1176 2189 τού
1194 2139 1434 2206 τεχνίτου
1461 2137 1896 2207 καταμαθε,πῶς

313 2227 392 2296 τῷ
423 2227 749 2298 διαστήματι
799 2228 973 2298 τούτῳ
1015 2227 1326 2298 σύμμετρον
1374 2227 1572 2280 ἔδωκεν
1602 2227 1751 2296 αὑτῷ
1802 2228 1897 2298 τὴν

314 2317 644 2390 θερμότητα.
679 2319 942 2372 Τοσοῦτον
977 2320 1086 2392 γάρ
1125 2321 1270 2372 ἐστιν
1309 2319 1475 2373 αὐτοῦ
1516 2321 1577 2373 τὸ
1631 2320 1894 2391 πυρῶδες.

313 2409 388 2469 ὡς
411 2412 546 2480 μήτε
573 2410 638 2463 δι’
673 2411 975 2483 ὑπερϐολὴν
1006 2410 1337 2480 καταφλέξαι
1360 2411 1457 2481 τὴν
1485 2411 1609 2481 γῆν,
1644 2413 1779 2482 μήτε
1811 2411 1898 2464 διὰ

313 2499 412 2566 τὴν
443 2498 674 2565 ἔλλειψιν
717 2501 1135 2569 κατεψυγμένην
1167 2503 1334 2572 αὐτὴν
1366 2505 1456 2554 καὶ
1485 2504 1675 2570 ἄγονον
1706 2503 1895 2556 ἀπολι-

317 2592 457 2641 πεῖν.
498 2591 725 2659 Ἀδελφὰ
754 2592 809 2643 δὲ
830 2595 940 2654 τοῖς
978 2594 1287 2663 εἰρημένοις
1305 2596 1397 2646 καὶ
1426 2595 1492 2646 τὰ
1524 2597 1650 2666 περὶ
1683 2597 1780 2665 τῆς
1817 2613 1897 2648 σεο

315 2682 483 2751 λήνης
523 2683 763 2736 νοείσθω.
797 2685 952 2752 Μέγα
985 2685 1093 2756 γὰρ
1130 2687 1220 2738 καὶ
1266 2686 1326 2738 τὸ
1351 2686 1554 2756 ταύτης
1578 2687 1758 2758 σῶμα,
1805 2691 1897 2742 καὶ

315 2777 617 2840 φανότατύν
647 2795 710 2845 γε
744 2778 882 2847 μετὰ
910 2779 1000 2831 τὸν
1033 2780 1203 2848 ἥλιον.
1235 2781 1346 2832 Οὐκ
1381 2781 1468 2832 ἀεὶ
1503 2781 1682 2850 μέντοι
1704 2783 1896 2853 ὁρατὸν

315 2872 487 2941 αὐτῆς
512 2871 754 2942 διαμένει
786 2873 846 2925 τὸ
879 2871 1125 2942 μέγεθος
1147 2873 1280 2926 ἀλλὰ
1313 2873 1406 2925 νῦν
1432 2875 1527 2943 μὲν
1559 2875 1898 2945 ἀπηρτισμέ-

315 2981 381 3033 νη
410 2964 487 3034 τῷ
521 2966 724 3035 κύκλῳ,
767 2966 860 3019 νῦν
892 2965 949 3019 δὲ
983 2966 1303 3020 ἐλλείπουσα
1337 2967 1446 3037 (64)
1479 2969 1570 3019 καὶ
1604 2969 1894 3038 μειουμένη

320 3055 588 3121 φαίνεται,
615 3056 734 3109 καθ’
777 3057 963 3127 ἓτερον
1000 3057 1196 3126 ἑαυτῆς
1245 3057 1410 3128 μέρος
1453 3057 1810 3127 πρώεικνῦσα
1836 3059 1897 3110 τὸ

317 3143 524 3199 λεῖπον.
580 3145 754 3215 ’Λλλῳ
792 3147 891 3215 μὲν
922 3148 1028 3219 γὰρ
1063 3149 1216 3219 μέρει
1274 3150 1552 3212 σκιάζεται
1600 3149 1892 3220 αὐξομένη,

2008 658 2102 711 sed
2147 657 2428 712 coniﬁsam
2472 672 2758 726 corporum
2798 655 3027 724 eﬁigiem
3069 655 3419 722 apprehendi.
3471 654 3578 707 Ma-

2009 769 2174 820 gnum
2217 752 2379 822 igitur
2401 759 2484 803 est
2515 749 2794 813 luminare,
2825 749 2979 819 juxta
3020 745 3314 814 Scriptum
3339 747 3580 801 testimo-

2008 841 2184 903 nium,
2221 858 2286 896 ae
2328 839 2538 894 inﬁnito
2573 837 2746 903 majus
2790 855 2950 907 quam
2981 845 3223 906 apparet.

2075 934 2185 1004 60
2212 934 2294 987 lO.
2341 932 2446 986 Sed
2471 940 2526 984 et
2559 930 2690 984 illud
2725 930 2816 984 tibi
2845 933 3063 985 evidens
3087 929 3157 985 sit
3195 927 3579 995 magnitudinis

2001 1028 2235 1095 signum.
2269 1024 2531 1091 Quamvis
2582 1024 2866 1077 innmueta
2899 1023 2968 1073 sit
3010 1023 3060 1075 in
3105 1023 3243 1076 curio
3295 1019 3574 1073 slellarmu

2003 1120 2315 1182 uiultitudo;
2349 1115 2630 1170 collectum
2682 1117 2917 1181 ipsarum
2948 1113 3121 1164 lumen
3153 1115 3215 1167 ad
3259 1113 3433 1167 noctis
3478 1111 3573 1162 tri-

1999 1211 2202 1264 stitiam
2239 1209 2631 1264 dissolvendam
2661 1222 2764 1261 non
2793 1204 3007 1260 sulIicit.
3036 1206 3102 1258 At
3135 1206 3302 1258 solum
3335 1207 3458 1259 illud
3497 1207 3577 1258 lu-

2000 1303 2226 1366 minare,
2267 1302 2428 1357 simul
2474 1314 2530 1355 ut
2579 1315 2743 1370 super
2788 1300 3128 1352 horizontem
3177 1307 3422 1362 apparet,
3468 1299 3574 1349 imo

1997 1398 2124 1450 dum
2167 1397 2343 1449 adhuc
2385 1404 2754 1463 exspectatur,
2800 1393 3120 1462 priusquam
3157 1390 3316 1443 etiam
3355 1389 3575 1442 omnino

1995 1503 2156 1555 supra
2193 1497 2392 1538 terram
2418 1485 2676 1547 emineat,
2710 1491 2761 1533 et
2801 1481 3052 1534 tenebras
3084 1478 3332 1544 dissipat,
3362 1486 3412 1528 et
3446 1473 3572 1527 stel-

1997 1581 2073 1634 las
2114 1580 2398 1650 Splendore
2461 1587 2702 1647 superat,
2769 1585 2821 1628 et
2867 1575 3348 1642 circumjacentem
3397 1567 3576 1621 telluri

1993 1690 2173 1728 aerem
2206 1682 2362 1726 antea
2400 1682 2713 1723 concretum
2756 1677 2810 1720 et
2855 1667 3141 1720 densatum
3178 1663 3462 1733 liquefaeit
3504 1677 3566 1712 ac

1993 1766 2238 1819 eﬁundit.
2289 1762 2441 1818 Unde
2486 1775 2539 1816 et
2592 1760 2734 1814 venti
2789 1759 3038 1812 matutini
3089 1767 3143 1810 et
3193 1773 3280 1809 res
3331 1759 3381 1808 in
3437 1755 3575 1808 sudo

2000 1872 2197 1912 terram
2248 1857 2652 1913 circumﬂuunt.
2699 1853 2977 1920 Quomodo
3019 1862 3199 1904 autem
3253 1862 3452 1902 terram
3489 1859 3574 1900 t0—

2004 1964 2131 2010 tam,
2169 1968 2289 2002 cun:
2327 1961 2469 2004 tanta
2507 1951 2612 2012 sit,
2664 1965 2769 2001 uno
2822 1945 3079 2014 temporis
3135 1952 3406 1996 momento
3453 1943 3570 1993 illu-

2002 2061 2181 2099 διε-λιιι
2216 2055 2421 2114 posset,
2456 2046 2556 2098 nisi
2590 2060 2617 2096 a
2651 2058 2847 2109 magno
2883 2043 3016 2095 orhc
3055 2039 3233 2091 lumen
3267 2036 3575 2090 emitteret?

2003 2139 2097 2190 llic
2157 2139 2324 2199 disce,
2366 2151 2574 2204 qumso,
2620 2135 2829 2201 opiﬁcis
2888 2133 3244 2200 sapientiam,
3300 2129 3574 2197 quomodo

2000 2231 2234 2282 ealorem
2287 2229 2382 2294 ipsi
2430 2227 2658 2280 contulit
2701 2236 2845 2279 tanto
2895 2227 2978 2278 hic
3034 2225 3315 2278 intervallo
3372 2235 3571 2274 (γουνο-

2003 2323 2252 2376 uientem.
2314 2319 2360 2376 Is
2399 2331 2481 2376 est
2526 2321 2668 2374 enim
2714 2320 2882 2389 ipsius
2929 2319 3099 2383 calor,
3144 2327 3199 2368 ut
3245 2330 3416 2382 neque
3446 2329 3572 2382 pro—

2001 2426 2119 2481 pter
2163 2415 2492 2467 nimietatem
2551 2413 2742 2464 adurat
2783 2410 3052 2472 tellurem,
3111 2422 3282 2475 neque
3328 2421 3425 2475 per
3482 2403 3574 2456 de-

2000 2509 2195 2561 lectum
2240 2505 2650 2575 perfrigeratam
2708 2503 2856 2556 illam
2905 2502 3358 2567 inl'ecundamque
3409 2499 3570 2551 relin-

1998 2609 2144 2666 quat.
2197 2597 2313 2650 Jam
2361 2611 2676 2666 germanum
2720 2595 2973 2664 quiddam
3020 2611 3084 2646 ac
3121 2592 3294 2645 simile
3338 2593 3420 2644 his
3456 2606 3573 2659 quae

1998 2693 2136 2743 dicta
2176 2701 2320 2750 sunt.
2350 2690 2416 2744 de
2458 2689 2579 2741 luna
2627 2689 2788 2742 etiam
2831 2688 3183 2756 intelligatur.
3215 2686 3308 2738 Est
3335 2685 3477 2738 enim
3517 2693 3568 2736 et

1998 2799 2192 2851 Corpus
2221 2785 2384 2851 ipsius
2413 2799 2691 2854 maguum,
2722 2793 2774 2835 et
2814 2792 2933 2850 post
2972 2781 3141 2834 Solem
3174 2793 3303 2832 sane
3335 2777 3520 2844 Splend
3545 2803 3573 2814 -

1998 2877 2299 2928 dissiinum.
2354 2877 2466 2930 Non
2525 2887 2701 2928 tamen
2755 2890 2968 2942 semper
3013 2871 3243 2926 visibilis
3294 2877 3572 2937 permanet

1999 2968 2166 3034 ipsius
2193 2968 2505 3036 magnitudo
2545 2982 2560 3018 :
2601 2968 2692 3018 sed
2744 2980 2885 3019 nunc
2924 2965 3135 3032 quidem
3166 2966 3216 3016 in
3245 2977 3345 3016 suo
3369 2960 3572 3014 circulo

2000 3061 2243 3115 absoluta
2317 3076 2458 3113 nunc
2489 3075 2615 3114 vero
2647 3057 2904 3111 deﬁciens
2939 3065 3098 3123 atque
3133 3055 3410 3108 imminuta
3440 3066 3565 3106 cou-

1997 3157 2244 3224 spicitur,
2287 3165 2340 3208 et
2377 3153 2545 3207 altera
2588 3152 2667 3206 sui
2701 3161 2855 3218 parte
2882 3149 3148 3204 defectum
3181 3147 3436 3200 ostendit.
3479 3144 3566 3196 Et-

318 3235 446 3290 ἄλλο
482 3237 536 3288 δὲ
590 3237 750 3307 μέρος
781 3238 948 3307 αὐτῆς
980 3240 1037 3290 ὲν
1069 3239 1144 3308 τῷ
1190 3240 1364 3310 καιρῷ
1393 3241 1490 3310 τῆς
1526 3242 1729 3309 λήξεως
1760 3243 1896 3295 ἀπο·
1925 3263 1966 3320 C
1999 3279 2001 3291 η

1884 3273 1896 3280 -
1925 3263 1966 3320 C
1999 3249 2140 3303 enim
2175 3251 2302 3301 dum
2335 3248 2552 3307 crescit,
2576 3247 2742 3298 altera
2777 3255 2928 3311 parte
2965 3241 3317 3296 obumbratur
3352 3257 3364 3291 :
3403 3238 3567 3292 altera

320 3331 643 3398 κρύπτεται.
676 3330 847 3397 Λόγος
870 3329 925 3381 δέ
956 3347 1037 3392 τις
1064 3330 1298 3400 ἄρρητος
1321 3331 1410 3382 τοῦ
1447 3332 1608 3399 σοφοῦ
1632 3333 1896 3402 ⁸δημιουρ-

317 3423 417 3491 γοῦ
449 3424 548 3492 τῆς
577 3426 826 3495 ποικίλης
860 3426 1063 3494 ταύτης
1112 3424 1412 3493 ὲναλλαγῆς
1438 3423 1545 3476 τῶν
1578 3425 1892 3494 σχημάτων.

320 3517 392 3568 Ἦ
426 3516 533 3586 γὰρ
567 3516 705 3568 ὥστε
738 3519 869 3587 ἡμῖν
903 3518 1206 3588 ὑπόδειγμα
1244 3518 1475 3588 ἐναργὲς
1507 3518 1766 3589 παρέχειν
1786 3519 1894 3588 (65)

318 3608 418 3676 τῆς
451 3607 722 3678 ἡμετέρας
752 3608 983 3676 φύσεως·
1012 3609 1092 3660 ὅτι
1117 3609 1266 3660 οὐδὲν
1298 3609 1522 3676 μόνιμον
1548 3609 1653 3662 τῶν
1685 3609 1896 3681 ἀνθρω-

321 3700 512 3762 πίνων,
542 3699 674 3752 ἀλλὰ
703 3699 770 3752 τὰ
797 3701 893 3769 μὲν
933 3702 996 3752 ὲκ
1028 3700 1121 3752 τοῦ
1157 3701 1228 3770 μὴ
1258 3701 1408 3764 ὄντος
1454 3705 1696 3774 πρόεισιν
1738 3707 1816 3766 είς
1838 3706 1896 3757 τὸ

319 3795 544 3855 τέλειον,
581 3792 649 3846 τὰ
672 3793 728 3846 δὲ
765 3793 900 3862 πρὸς
928 3793 1025 3864 τὴν
1058 3793 1262 3845 οἰκείαν
1297 3795 1478 3864 ἀκμὴν
1505 3796 1782 3862 φθάσαντα
1805 3802 1898 3850 καὶ

321 3887 384 3936 τό
409 3886 703 3956 ἀκρότατον
736 3887 930 3956 μέτρον
961 3885 1166 3938 ἑαυτῶν
1206 3886 1528 3954 αὐξηθέντα,
1561 3888 1718 3941 πάλιν
1782 3893 1898 3948 ταῖς

324 3978 465 4028 κατα
499 3980 690 4048 μικρὸν
731 3978 1240 4050 ὑφαιρέσεσιφθίνει
1270 3996 1328 4030 τε
1364 3980 1454 4031 καὶ
1494 3980 1779 4044 διόλλυται,
1807 3985 1898 4035 καὶ

327 4069 624 4136 μειούμενα
645 4071 1005 4140 καθαιρεῐται.
1045 4071 1204 4122 Ὥστε
1237 4072 1298 4122 ἐκ
1323 4070 1415 4122 τοῦ
1449 4072 1589 4124 κατα
1615 4073 1711 4142 τὴν
1749 4073 1899 4142 σελή-

322 4179 422 4230 νην
451 4161 718 4230 θεάματος
751 4163 1096 4216 παιδεύεσθαι
1138 4165 1282 4233 ἡμᾶς
1304 4163 1370 4215 τὰ
1398 4165 1661 4234 ἡμέτερα,
1687 4167 1779 4218 καὶ
1804 4167 1898 4236 τῆς

322 4253 546 4322 ταχείας
603 4252 710 4305 τῶν
748 4254 1100 4322 ἀνθρωπίνων
1153 4256 1490 4326 περιτροπῆς
1527 4256 1898 4326 λαμϐάνοντας

325 4346 566 4408 ἔννοιαν,
624 4345 697 4416 μὴ
761 4345 901 4415 μέγα
964 4350 1177 4415 φρονεῖν
1241 4351 1360 4410 ταῖς
1425 4349 1746 4420 εὐημερίαις
1805 4350 1898 4403 τοῦ

327 4439 481 4510 βίου,
556 4440 628 4509 μὴ
706 4439 1102 4506 ἐπαγάλλεσθαι
1170 4439 1537 4504 δυναστείαις,
1609 4441 1682 4512 μὴ
1741 4442 1899 4494 ἐπαί-

329 4533 517 4602 ρεσθαι
565 4531 791 4583 πλούτου
847 4531 1152 4602 ἀδηλότητι,
1196 4539 1538 4604 περιφρονεῖν
1565 4536 1664 4605 τῆς
1701 4537 1899 4606 σαρκὸς

556 4440 628 4509 μὴ
706 4439 1102 4506 ἐπαγάλλεσθαι
1170 4439 1537 4504 δυναστείαις,

329 4623 456 4692 περὶ
489 4624 554 4694 ἢν
601 4623 632 4693 ἡ
686 4621 1000 4687 ἀλλοίωσις,
1050 4623 1426 4693 ἐπιμελεῖσθαι
1474 4625 1528 4676 δὲ
1574 4626 1672 4694 τῆς
1720 4625 1900 4696 ψυχῆς
1934 4607 1974 4660 D

325 4710 392 4784 ἧς
435 4716 493 4767 τὸ
548 4715 750 4783 ἀγαθόν
789 4717 936 4766 ἐστιν
995 4715 1268 4785 ἀκίνητον.
1331 4716 1393 4767 Ei
1423 4715 1478 4767 δὲ
1531 4716 1689 4769 λυπεῖ
1748 4736 1804 4770 σε
1863 4721 1894 4786 ἡ

329 4807 523 4876 σελήνη
581 4811 699 4871 ταῖς
761 4807 900 4860 κατὰ
955 4808 1146 4878 μικρὸν
1197 4809 1515 4878 ὑφαιρέσεσι
1575 4809 1634 4861 τὸ
1687 4811 1893 4878 φέγγος

327 4899 752 4963 ἐξαναλίσκουσα
786 4917 798 4928 ·
869 4901 1108 4954 λυπείτω
1164 4918 1220 4953 σε
1274 4901 1435 4955 πλέον
1497 4902 1639 4972 ψυχὴ
1699 4905 1896 4977 ἀρετὴν

327 4992 644 5062 κτησαμένη
683 4993 813 5062 (Εϐ),
847 4996 939 5046 καὶ
966 4993 1051 5047 διὰ
1075 4995 1401 5063 ἀπροσεξίας
1433 4995 1492 5048 τὸ
1527 4996 1687 5048 καλὸν
1704 4998 1891 5065 ἀφανί-

328 5083 532 5147 ζουσα,
569 5085 658 5136 καὶ
699 5086 964 5155 μηδέποτε
999 5087 1090 5138 ἐπὶ
1131 5087 1230 5156 τῆς
1263 5089 1431 5157 αὐτῆς
1471 5089 1763 5154 διαθέσεως
1800 5093 1892 5159 μέ-

325 5195 522 5239 νουσα,
565 5176 698 5230 and:
745 5178 922 5231 πυκνὰ
957 5179 1266 5250 τρεπομένη
1315 5181 1407 5231 καὶ
1454 5182 1891 5254 μεταϐαλλομένη

399 5379 512 5446 (6‘2)
551 5378 682 5452 Reg.
722 5379 942 5446 quintus
972 5381 1100 5452 jx:in
1136 5380 1227 5434 κοιλ⁹
1271 5382 1572 5452 ὐπεροχεῖν.
1609 5383 1759 5436 Colb.
1793 5386 1896 5451 pri-

328 5468 447 5504 mus
497 5450 591 5501 καὶ
637 5450 914 5521 ὑποσχεῖν.
969 5450 1103 5502 Ειιίιί
1155 5469 1272 5503 cum
1323 5450 1588 5521 aliquibus
1634 5471 1762 5506 mss.
1797 5450 1899 5506 καὶ

327 5522 641 5644 ὑὲτερσχεῐν.
678 5519 742 5574 Ει
783 5521 940 5588 paulo
974 5529 1092 5590 post
1119 5522 1264 5574 Colb.
1312 5519 1580 5577 secundus
1608 5541 1898 5594 συμπεπη-

327 5609 362 5644 γ
393 5609 484 5644 τα.

327 5609 484 5662 γοτα.

403 5663 512 5732 (6⁸5)
546 5661 773 5716 Codices
822 5677 924 5713 non
965 5661 1126 5732 pauci
1162 5662 1253 5713 τού
1293 5665 1507 5716 κύκλου.
1552 5664 1896 5716 Desmeratur

332 5733 590 5804 articulus
619 5735 669 5785 in
695 5731 1102 5804 excusis.rlnfra
1127 5748 1251 5784 mss.
1285 5735 1431 5788 multi
1459 5735 1556 5804 τὴν
1581 5738 1703 5804 γῆν.
1732 5737 1895 5790 Abest

333 5802 590 5856 articulus
617 5804 682 5855 ab
713 5803 889 5856 editis.
917 5803 1154 5855 Subinde
1188 5804 1398 5856 codices
1423 5802 1525 5857 duo
1552 5802 1870 5858 καταλιπεῖν

336 5875 526 5953 Statim
558 5873 806 5953 permulti
842 5888 968 5928 mss.
1011 5873 1106 5942 τῆς
1154 5873 1395 5944 σελήνης.
1434 5875 1586 5930 Deest
1632 5879 1893 5932 articulus

337 5962 389 5999 ιιι
423 5958 654 5999 CXCUSIS.

1998 3355 2130 3393 vero
2189 3339 2332 3392 illius
2392 3354 2516 3406 pars
2580 3347 2823 3405 tempore
2871 3333 3198 3388 deerementi
3243 3331 3568 3386 occultatur.

2000 3430 2170 3484 Porro
2196 3430 2424 3498 sapienti
2451 3426 2629 3498 opiﬁci
2657 3430 2706 3480 in
2738 3429 2838 3480 hac
2865 3426 3012 3479 varia
3038 3426 3330 3494 ﬁgurarum
3364 3437 3570 3489 permn-

2003 3524 2206 3576 tatione
2238 3539 2342 3576 non
2381 3523 2548 3575 defuit
2583 3537 2780 3574 arcana
2820 3521 3063 3588 qmedam
3097 3515 3256 3570 ratio.
3286 3516 3392 3568 Aut
3425 3517 3566 3566 enim

2001 3617 2050 3671 id
2079 3619 2155 3682 ﬁt,
2182 3627 2238 3670 ut
2259 3615 2412 3669 nobis
2440 3626 2636 3668 nostrte
2659 3625 2864 3667 natura:
2887 3614 3231 3682 perspicuum
3257 3611 3560 3675 exemplum

2001 3713 2256 3779 prwbeat,
2289 3709 2493 3764 scilicet
2517 3707 2646 3760 nihil
2683 3706 2900 3760 himmni
2927 3693 3121 3757 stabile
3147 3719 3264 3755 esse
3295 3727 3306 3755 -.
3337 3703 3430 3753 sed
3462 3701 3566 3753 alia

2000 3804 2216 3870 quidem
2241 3817 2362 3871 quae
2397 3816 2499 3852 non
2534 3800 2889 3860 exsistehant,
2919 3800 2983 3850 ad
3024 3795 3412 3865 perft't‘litmt'ttt
3441 3810 3565 3860 per-

2001 3894 2162 3945 duci:
2197 3895 2302 3945 alia
2347 3907 2476 3945 vero
2525 3891 2591 3943 ad
2635 3890 2914 3958 proprium
2957 3889 3193 3956 vigorem
3243 3899 3568 3953 progressa,

2001 3997 2382 4050 summumque
2401 3995 2665 4034 mensura:
2685 3981 2919 4047 ipsorum
2944 3979 3332 4031 incrementum
3357 3978 3566 4043 adepta,

2003 4078 2194 4128 iterum
2222 4075 2474 4142 paulatim
2500 4073 2860 4127 decrescendo
2884 4071 3181 4136 corrumpi,
3213 4069 3564 4135 dissolvique,

2001 4181 2050 4222 cl
2089 4169 2372 4223 imminuta
2415 4167 2636 4223 destrui.
2668 4167 2846 4232 Quare
2891 4181 2953 4219 ex
3011 4165 3148 4216 luna":
3201 4174 3420 4230 aspectu
3475 4178 3571 4214 nos

2002 4269 2183 4310 nostra
2229 4259 2544 4318 erudimur,
2595 4267 2652 4308 ut
2693 4256 2924 4310 celerem
2968 4271 3148 4307 rerum
3213 4253 3571 4305 lmmanarum

2005 4350 2352 4403 mutationem
2433 4350 2836 4418 pereipientes,
2904 4349 2972 4400 ob
3055 4348 3176 4399 vita:
3255 4346 3570 4398 felicitatem

2004 4461 2108 4496 non
2149 4443 2374 4496 nimium
2425 4443 2579 4496 nobis
2624 4456 2962 4510 arrogemus,
3015 4454 3187 4506 neque
3233 4440 3283 4492 in
3333 4437 3569 4504 potentia

2010 4539 2325 4604 gloriemur,
2374 4551 2547 4604 neque
2602 4535 2914 4588 divitiarum
2964 4535 3168 4586 incerto
3216 4532 3570 4594 attollamur,

2006 4631 2096 4683 scd
2134 4645 2353 4684 carnem
2401 4647 2519 4697 qua:
2570 4639 2828 4691 mutatur,
2879 4643 3236 4696 aspernemur
3267 4667 3280 4689 ,
3333 4628 3570 4676 animam

2008 4738 2132 4774 \ero
2184 4720 2338 4790 cujus
2379 4722 2657 4774 immotum
2705 4729 2788 4773 est
2835 4721 3056 4780 bonum,
3101 4732 3371 4771 curemus.
3421 4715 3573 4781 Quod

2001 4815 2042 4866 si
2102 4813 2223 4866 luna
2281 4815 2403 4866 dum
2470 4813 2815 4882 splendorem
2883 4811 3139 4880 paulatim
3209 4808 3574 4862 decrescendo

1999 4905 2256 4969 absumit,
2304 4904 2394 4957 tibi
2431 4905 2708 4956 tristitiam
2739 4914 2887 4956 creat
2923 4919 2936 4955 :
2970 4903 3152 4956 dolore
3180 4913 3229 4954 te
3261 4901 3464 4970 majore
3493 4904 3572 4952 al-

2003 4999 2144 5049 liciat
2179 4996 2379 5057 anima,
2414 5010 2554 5063 quae,
2587 5005 2870 5062 postquam
2901 4994 3150 5046 virtutem
3180 5003 3426 5046 assecuta
3466 5001 3572 5057 est,

2003 5090 2200 5139 bonum
2232 5087 2432 5140 amittit
2459 5087 2527 5140 ob
2569 5087 2969 5156 negligentiam,
2999 5098 3054 5140 et
3089 5101 3362 5153 nunquam
3400 5085 3452 5138 in
3486 5101 3576 5138 eam

2004 5184 2121 5234 dem
2159 5182 2398 5250 persistit
2441 5180 2743 5246 aﬁ'ectione,
2787 5182 2880 5236 sed
2934 5180 3250 5251 frequenter
3297 5180 3365 5233 ob
3411 5180 3573 5233 animi

2079 5387 2189 5452 (iii)
2223 5387 2370 5440 Colh.
2421 5388 2626 5454 primus
2677 5385 2986 5439 ἐλλιποῦσα.
3042 5384 3237 5439 Statim
3287 5386 3394 5438 duo
3446 5401 3572 5440 mss.

2007 5458 2176 5527 αὐτῆς
2211 5459 2390 5526 μέρος.
2432 5458 2627 5510 Ibidem
2659 5457 2790 5518 licet.
2828 5459 3048 5521 quintus
3069 5473 3189 5508 cum
3222 5455 3340 5508 aliis
3369 5457 3579 5510 duobus

2011 5526 2140 5580 mss.
2179 5528 2620 5598 προδεικνύουσα.
2664 5529 2804 5580 Ειιίιί
2837 5543 2955 5578 cum
2991 5527 3117 5594 Reg.
3165 5537 3324 5576 te.an
3362 5526 3578 5596 προδει-

2010 5600 2196 5652 κνῦσα.
2226 5596 2350 5650 Mox
2384 5601 2514 5668 llcg.
2554 5609 2738 5651 sextus
2770 5597 3050 5658 σκιάζεται
3074 5596 3434 5668 αὐξανομένη.

2079 5671 2189 5732 (05)
2230 5671 2376 5720 (Jnlb.
2410 5667 2616 5732 primus
2655 5671 2974 5738 παρασχεῖν.
3025 5668 3164 5719 lnl'ta
3200 5667 3330 5735 l‘wg.
3375 5668 3580 5732 ptimus

2003 5742 2313 5810 ἀφαιρέεεσι
2347 5741 2538 5808 φθίνει.

2077 5817 2184 5879 uiti)
2210 5813 2356 5864 Coll).
2398 5812 2665 5862 secundus
2691 5810 2763 5878 μὴ
2793 5809 3127 5878 κτησαμένη.
3164 5810 3266 5861 Aut
3299 5809 3426 5861 nihil
3487 5812 3578 5861 aui.

2005 5901 2189 5951 [larum
2222 5883 2404 5944 refert,
2441 5881 2604 5934 addas
2637 5897 2701 5933 an
2735 5887 2983 5935 delrahas
3009 5891 3365 5948 ucgeltottcm.
