4262 6492
738 428 831 477 1.ίῖ

2066 419 2099 467 5
2167 412 2410 465 BASH.”
2455 410 2665 463 MAGNI

3870 401 3972 452 ΗΑ

727 529 1139 582 inconstantiam
1196 530 1417 579 \czlllttt'
1477 544 1535 577 ac
1578 539 1833 581 mutatur.
1869 526 2004 580 Vere
2029 530 2191 587 enim,
2231 538 2287 577 ut
2324 526 2410 583 Αε

2324 537 2360 583 Α
2390 524 2476 573 διὰ
2521 524 2579 573 τὸ
2627 524 2721 588 τῆς
2765 517 2985 585 γνώμης
3028 517 3326 584 ἀνίδρυτον,
3368 515 3454 585 Τῷ
3493 517 3603 565 ὄντι
3655 515 3795 583 γὰρ,
3832 517 3970 568 κατὰ

716 621 915 671 dictum
945 627 1047 679 est,
1076 616 1278 669 Stultus
1297 619 1426 667 sicut
1454 617 1580 671 Imm
1606 626 1835 670 mutatur
1862 615 1925 669 ⁸⁸.
1956 618 2093 682 Quin
2122 617 2284 670 etiam

715 711 778 759 :ul
813 708 1067 760 animalia
1101 708 1505 771 constituenda,
1554 723 1609 763 et
1638 710 1701 763 ad
1754 723 1839 762 res
1896 723 2121 765 caeteras
2165 724 2287 777 qua:

711 814 775 850 ex
815 808 956 852 terra
996 810 1294 855 nascuntur
1323 801 1707 867 perticicndas,
1752 800 1893 856 lume
1926 803 2282 857 mutationem

716 906 818 944 non
865 907 1054 960 parum
1084 893 1388 947 conducere
1420 894 1681 948 arbitror.
1711 892 1886 947 Aliter
1934 896 2075 947 cnim
2105 908 2164 945 ea
2195 894 2287 947 de-

714 995 1015 1039 crescente.
1044 983 1199 1034 aliter
1222 983 1410 1035 eadem
1447 986 1789 1038 increscente
1823 984 2128 1038 aliiciuntur
2159 1000 2282 1037 cor—

715 1089 863 1138 pora.
899 1072 1053 1125 Nunc
1082 1073 1325 1142 quidem,
1359 1090 1419 1128 ea
1446 1076 1747 1138 desinente,
1796 1090 1915 1127 rara
1951 1078 2083 1129 liunt
2107 1085 2159 1129 et
2192 1090 2282 1127 va-

715 1181 810 1217 vim
847 1186 859 1217 :
894 1180 1036 1216 nunc
1070 1180 1220 1231 vero,
1253 1176 1576 1235 augescente
1603 1175 1656 1219 et
1682 1168 1748 1220 ad
1782 1166 2166 1235 plenitudinem
2214 1165 2285 1220 le-

713 1257 963 1318 alittnltle,
985 1256 1148 1309 etiam
1171 1257 1282 1325 ipsa
1300 1274 1488 1311 rursus
1511 1256 1786 1325 replentur
1808 1276 1820 1322 ;
1844 1269 2123 1325 propterea
2140 1261 2281 1325 quod

715 1343 992 1395 humorem
1032 1347 1322 1412 quemdam
1357 1346 1523 1399 calori
1545 1345 1863 1408 immislum,
1895 1348 1985 1414 qui
2013 1349 2079 1402 ad
2100 1356 2281 1415 partes

713 1447 883 1500 usque
936 1434 1227 1488 interiores
1288 1437 1555 1502 pervenit,
1608 1436 1840 1491 latenter
1871 1438 1975 1508 61
2014 1439 2277 1493 immittit.

710 1526 763 1574 Μ
791 1525 1071 1578 declarant
1100 1537 1212 1580 tum
1240 1527 1300 1591 ii,
1338 1528 1427 1595 qui
1457 1529 1558 1581 sub
1585 1530 1709 1584 luna
1741 1530 2035 1595 dormiunt,
2062 1532 2279 1600 copioso

709 1618 934 1670 hutnore
976 1621 1175 1688 capitis
1208 1635 1398 1673 eorum
1441 1625 1773 1692 capacitates
1824 1624 2124 1691 implente:
2165 1635 2276 1678 tum

706 1726 898 1763 carnes
926 1726 1115 1766 recens
1149 1722 1374 1775 necata;
1399 1715 1524 1767 dum
1557 1716 1665 1767 cito
1712 1725 2095 1781 permutantur
2134 1716 2277 1771 luna:

706 1803 935 1857 delluvio
963 1822 975 1857 :
1023 1813 1131 1858 ttnu
1165 1806 1479 1860 animalium
1518 1807 1825 1871 cerebrum,
1861 1817 1916 1863 et
1946 1812 2275 1864 marinorum

2392 613 2449 663 τὸ
2496 611 2781 680 εἰρημένον
2808 648 2821 672 ,
2867 610 2929 657 '0
2973 610 3175 675 ἀείρων
3215 608 3293 670 ὡς
3336 604 3565 671 σελήνη
3597 607 3968 660 ἀλλοιοῦται.

2392 695 2557 769 Οἶμαι
2609 700 2665 752 δὲ
2706 701 2798 753 καὶ
2853 700 2917 767 τῇ
2962 699 3071 749 τῶν
3122 694 3275 761 ζώων
3325 699 3670 768 κατασκευῇ,
3722 700 3815 750 καὶ
3856 702 3972 763 τοῖς

2389 797 2591 857 λοιποῖς
2636 799 2747 859 τοῖς
2783 795 2888 848 ἀπὸ
2930 793 3032 862 γῆς
3081 792 3387 863 φυομένοις,
3441 797 3515 867 μὴ
3560 792 3760 866 μικρὰν
3790 795 3972 866 ὑπάρ-

2394 905 2512 957 χειν
2551 889 2614 939 ὲκ
2643 889 2741 957 τῆς
2769 887 2908 940 κατά
2931 886 3028 957 τὴν
3053 887 3281 957 σελήνην
3315 888 3618 957 μεταϐολῆς
3647 887 3748 958 τὴν
3774 887 3968 937 συντέ-

2386 981 2552 1032 λειαν.
2592 980 2803 1043 Ἀλλως
2832 979 2942 1049 γὰρ
2974 977 3266 1030 διατίθεται
3309 978 3632 1049 μειουμένης
3653 978 3845 1049 αὑτῆς,
3869 975 3968 1027 καὶ

2385 1072 2559 1135 ἄλλως
2606 1071 2912 1143 αὐξομένης
2959 1074 3026 1124 τὰ
3068 1068 3333 1139 σώματα⁹
3390 1067 3483 1120 νῦν
3534 1072 3633 1139 μὲν
3691 1070 3966 1144 ληγούσης

2384 1165 2551 1239 ἀραιά
2591 1165 2887 1234 γιγνόμενα
2934 1166 3027 1218 καὶ
3071 1163 3230 1225 κενὰ,
3273 1161 3366 1214 νῦν
3419 1160 3476 1214 δὲ
3526 1162 3832 1237 αὐξομένης
3870 1163 3966 1216 καὶ

2386 1259 2518 1329 πρὸς
2566 1257 2624 1310 τὸ
2669 1256 2873 1327 πλῆρες
2927 1256 3287 1328 ἐπειγομένης
3335 1253 3431 1305 καὶ
3471 1252 3610 1306 αὑτά
3654 1257 3812 1310 πάλιν

2384 1348 2878 1419 ἀναπληρούμενα’
2912 1347 3047 1400 διότι
3080 1344 3355 1419 ὑγρότητα
3382 1360 3502 1397 τινα
3546 1342 3840 1419 θερμότητι
3872 1364 3965 1400 κε-

2383 1444 2661 1513 κραμένην
2690 1441 2781 1491 επὶ
2812 1440 2873 1491 τὸ
2898 1436 3061 1506 βάθος
3090 1438 3397 1507 φθάνουσαν
3428 1433 3728 1505 λεληθότως
3760 1438 3958 1506 ὲνίησι.

2381 1534 2607 1606 Δηλοῦσι
2644 1532 2700 1584 δὲ
2738 1532 2787 1583 oi.
2831 1528 3183 1593 καθεύδοντες
3224 1530 3329 1582 ὑπὸ
3372 1528 3623 1600 σελήνην,
3663 1527 3965 1601 ὑγρότητος

2382 1626 2643 1697 περισσῆς
2672 1623 2770 1685 τὰς
2796 1626 2890 1694 τῆς
2915 1621 3156 1691 κεφαλῆς
3187 1624 3527 1695 εὐρυχωρίας
3561 1618 3928 1691 πληρούμενοι
3946 1641 3959 1652 ·

2380 1719 2473 1771 καὶ
2518 1717 2585 1769 τὰ
2639 1714 2914 1786 νεοσφαγῆ
2968 1713 3075 1766 τῶν
3133 1715 3311 1785 κρεῶν
3356 1717 3493 1785 ταχὺ
3534 1712 3845 1786 τρεπόμενα
3890 1716 3961 1783 τῇ

2380 1806 2649 1879 προσϐολῇ
2680 1808 2777 1877 τῆς
2801 1807 3027 1877 σελήνης
3043 1823 3054 1834 ·
3095 1806 3187 1858 καὶ
3213 1806 3368 1869 ζώων
3390 1806 3705 1877 ἐγκέφαλοι,
3730 1804 3825 1857 καὶ
3851 1802 3961 1855 τῶν

708 1897 1020 1949 animalium
1066 1898 1460 1963 liuutidissima,
1488 1908 1544 1952 et
1570 1899 1824 1953 arborum
1858 1900 2119 1955 medullae.
2149 1902 2277 1968 Qua:
2312 1883 2352 1935 Β
2380 1902 2391 1953 l

2312 1883 2352 1935 Β
2380 1899 2678 1953 θαλαττίων
2715 1900 2785 1952 τά
2813 1899 3106 1969 ὑγρότατα,
3135 1897 3227 1950 καί
3256 1899 3442 1951 αἰτῶν
3460 1898 3691 1970 δένδρων
3707 1896 3962 1968 ἐντεριῶ-

705 2001 834 2040 aaue
865 1989 1043 2040 munia
1077 1990 1373 2043 mutatione
1416 2006 1512 2044 sua
1552 2002 1885 2045 commutare
1929 2006 2035 2045 non
2069 2007 2272 2061 posset,

706 2082 829 2143 nisi,
860 2084 1010 2147 juxta
1038 2082 1334 2151 Scriptura:
1367 2087 1753 2151 testimonium,
1781 2088 1830 2140 ei
1880 2088 2083 2145 inesset
2118 2093 2274 2160 quid-

706 2172 847 2231 piam
874 2172 1087 2240 ingens,
1123 2187 1183 2227 ac
1221 2174 1424 2229 viribus
1451 2175 1793 2244 prmpolletts.

780 2264 864 2315 Η.
926 2265 1028 2317 Sed
1068 2276 1119 2319 et
1148 2282 1268 2334 quae
1298 2268 1410 2321 aeri
1463 2269 1717 2327 accidunt
1764 2272 2122 2338 allectiones,
2152 2291 2270 2329 cum

701 2332 840 2407 lunae
884 2358 1274 2413 mutationibus
1303 2363 1672 2431 consentiunt,
1704 2367 1848 2420 velut
1882 2376 2145 2421 testantur
2177 2384 2273 2420 no-

706 2447 785 2499 bis
820 2456 872 2500 et
900 2450 1195 2515 repentinae
1230 2454 1692 2521 perturbationes,
1718 2472 1838 2525 quae
1871 2457 1997 2509 dum
2030 2458 2273 2523 nascitur

702 2542 847 2599 :nna,
883 2542 1112 2596 nubibus
1144 2546 1437 2613 exagitatis
1476 2562 1538 2601 ac
1572 2549 1675 2602 sibi
1701 2547 1933 2602 invicem
1972 2563 2271 2603 occurren-

704 2631 863 2696 tibus,
900 2646 1039 2700 stepe
1067 2644 1187 2700 post
1212 2638 1659 2704 tranquillitatem
1694 2650 2088 2709 ventoruque
2114 2640 2271 2695 silen-

704 2727 833 2777 littllt
878 2726 1249 2780 exoriuntur:
1293 2728 1443 2794 item,
1504 2731 1823 2799 curiporum
1862 2732 2147 2799 reﬂuxus;
2209 2751 2272 2789 ac

704 2820 888 2884 maris,
913 2822 1054 2886 quod
1075 2830 1297 2877 vocatur
1334 2821 1605 2888 Oceanus,
1644 2835 1811 2881 aestus
1834 2828 2115 2896 reciproci,
2138 2844 2273 2897 quos

702 2924 1018 2976 repererunt
1066 2915 1263 2969 accola:
1315 2917 1767 2972 conversionibus
1832 2919 1971 2972 luna:
2021 2922 2272 2973 ordinate

702 3004 1043 3062 respondere.
1074 3005 1209 3059 Nam
1239 3009 1413 3074 euripi
1440 3010 1585 3061 inter
1615 3008 1855 3075 reliquas
1894 3010 2033 3063 luna:
2064 3013 2268 3079 liguras

700 3094 919 3149 ellluunt
948 3098 1001 3151 in
1029 3108 1315 3167 utramque
1340 3109 1548 3169 partem
1575 3118 1589 3153 :
1626 3103 1719 3155 sed
1748 3112 1902 3156 ortus
1937 3103 2107 3171 ipsius
2133 3113 2258 3155 tem.

700 3202 849 3254 pore,
878 3203 943 3243 ne
973 3191 1294 3246 brevissimo
1326 3192 1545 3261 quidem
1593 3203 1865 3248 momento
1926 3195 2221 3264 quiescunt
2250 3234 2264 3257 ,

700 3283 793 3337 sed
821 3284 873 3337 in
905 3285 1222 3355 agitatione,
1253 3296 1416 3356 atque
1447 3286 1500 3339 in
1527 3287 1786 3341 continua
1824 3286 2113 3341 libratione
2148 3302 2269 3357 per-

701 3392 971 3445 severant,
990 3382 1160 3436 donec
1196 3396 1384 3436 rursus
1408 3396 1677 3451 apparens
1714 3382 1837 3437 huic
1857 3383 2271 3453 reciprocatieui

700 3474 950 3528 ordinem
997 3474 1230 3543 aliquem
1276 3475 1487 3530 dederit
1562 3466 1863 3529 Occidumn
1911 3486 2089 3530 autem
2125 3491 2274 3530 mare

700 3566 923 3620 aestibus
956 3568 1251 3636 reciprocis
1276 3568 1567 3622 obnoxium
1609 3579 1710 3634 est,
1742 3584 1885 3623 nunc
1933 3569 2150 3637 quidem
2188 3583 2272 3625 re-

706 3665 945 3721 νει-18ης,
977 3674 1121 3713 nunc
1169 3674 1297 3714 νει-ο
1351 3672 1717 3729 1⁵88138030εέ
1774 3662 1929 3728 (ινξιδί
1976 3671 2270 3716 τριτοτευιη

700 3748 1116 3802 subtralteretur
1140 3749 1279 3803 luna:
1304 3751 1774 3819 rCSpirationibus,
1803 3767 1864 3803 ac
1886 3752 2079 3803 iterum
2107 3754 2271 3819 ipsius

698 3841 1157 3910 exspirationibus
1186 3843 1253 3896 ad
1294 3842 1569 3912 propriam
1622 3858 1931 3900 menSuram
1968 3843 2270 3912 impellere-

704 3948 807 3987 tur.
848 3933 975 3989 Ha'c
1004 3951 1033 3989 a
1074 3951 1159 3989 me
1193 3935 1334 3990 dicta
1368 3945 1510 3996 sunt,
1554 3945 1612 3987 ut
1646 3934 1998 3989 luminarium
2046 3938 2270 3991 demon-

707 4037 976 4082 straretur
1010 4030 1354 4098 magnitudo,
1390 4040 1555 4098 utque
1581 4040 1859 4084 constaret
1897 4031 1949 4083 in
1986 4032 2163 4086 verbis
2185 4032 2266 4085 di-

698 4120 900 4173 vinitus
945 4120 1226 4188 inspiratis
1264 4137 1331 4174 ne
1368 4121 1532 4174 ullam
1572 4122 1791 4191 quidem
1835 4122 2098 4192 syllabam
2150 4138 2271 4179 esse

693 4212 923 4265 otiosam
957 4230 969 4265 :
1001 4228 1309 4281 quanquam
1346 4213 1459 4269 fere
1488 4215 1829 4268 nihileorum
1874 4231 1992 4283 qua:
2017 4220 2269 4271 momenti

694 4304 923 4374 alicujus
950 4314 1076 4358 sunt
1115 4320 1179 4358 ac
1228 4306 1612 4375 principaliora
1640 4347 1655 4371 ,
1705 4308 1883 4361 oratio
1918 4320 2102 4361 nostra
2144 4310 2269 4362 atti-

694 4399 770 4464 git
806 4416 817 4451 :
856 4398 1006 4465 plura
1033 4413 1265 4467 namque
1293 4399 1359 4452 de
1382 4398 1777 4467 magnitudine,
1795 4400 1968 4467 deque
1998 4400 2267 4453 distantiis

697 4488 829 4542 solis
860 4504 923 4542 ac
954 4488 1095 4543 luna:
1123 4488 1498 4542 ratiocinando
1534 4488 1847 4555 excogitare
1888 4487 2110 4554 poterit,
2171 4489 2263 4555 qui

2379 2012 2484 2047 ναι.
2528 1994 2595 2045 "A
2632 1991 2810 2044 πάντα
2839 1991 2940 2043 οὑκ
2963 1988 3027 2042 ἂν
3053 1987 3320 2060 ἐξήρκεσε
3348 1991 3413 2058 τῇ
3447 1989 3649 2059 ἑαυτῆς
3676 1986 3962 2041 ἀλλοιώσει

2379 2084 2776 2156 συμμεθιστῂ,
2828 2086 2876 2137 εἰ
2930 2083 3005 2154 μὴ
3040 2081 3317 2154 ὑπερφυές
3360 2097 3413 2134 τι
3451 2076 3519 2153 ἦν
3554 2082 3647 2135 καὶ
3692 2081 3962 2153 ὑπερέχον

2374 2179 2601 2249 δυνάμει
2632 2179 2770 2233 κατὰ
2799 2178 2898 2249 τὴν
2927 2177 3024 2248 τῆς
3061 2176 3284 2249 Γραφῆς
3315 2176 3639 2246 μαρτυρίαν.

2448 2273 2532 2328 ll.
2570 2274 2678 2325 Καὶ
2699 2270 2766 2323 τὰ
2794 2270 2920 2339 περὶ
2951 2268 3043 2321 τὸν
3069 2269 3205 2339 ἀέρα
3230 2269 3286 2321 δὲ
3310 2266 3457 2335 πάθη
3480 2269 3602 2328 ταῖς
3633 2265 3958 2336 μεταϐολαῖς

2374 2366 2576 2435 ταύτης
2621 2361 3051 2425 συνδιατίθεται,
3099 2360 3173 2421 ὡς
3211 2356 3580 2429 μαρτυροῦσιν
3614 2360 3745 2428 ήμῖν
3788 2358 3850 2409 αἶ
3892 2375 3954 2410 τε

2376 2457 2513 2510 κατά
2538 2456 2636 2524 τὴν
2669 2453 2967 2523 νουμηνίαν
3004 2450 3262 2514 πολλάκις
3312 2450 3419 2503 ἀπὸ
3453 2449 3694 2521 γαλήνης
3725 2450 3818 2502 καὶ
3854 2467 3952 2521 νη-

2372 2552 2565 2621 νεμίας
2609 2548 2865 2617 αίφνίδιοι
2905 2549 3166 2621 ταραχαὶ,
3213 2544 3392 2615 νεφῶν
3438 2544 3812 2615 κλονουμένων
3859 2549 3959 2597 καὶ

2375 2643 2796 2714 συμπιπτόντων
2825 2640 3099 2712 ἀλλήλοις,
3141 2638 3235 2692 καὶ
3275 2638 3333 2690 αἰ
3367 2638 3494 2709 περὶ
3524 2636 3652 2700 τοὺς
3694 2635 3955 2709 εὑρίπους

2374 2737 2711 2809 παλίρῤοιαι,
2756 2737 2849 2789 καὶ
2889 2736 2921 2805 ή
2965 2733 3093 2805 περὶ
3119 2732 3211 2786 τὸν
3245 2730 3357 2804 (68)
3390 2730 3681 2803 λεγόμενον
3709 2730 3956 2783 ὠκεανὸν

2373 2833 2647 2901 ἄμπωτις,
2697 2830 2763 2899 ἢν
2804 2831 2927 2889 ταῖς
2964 2825 3232 2897 περιόδοις
3266 2825 3366 2896 τῆς
3410 2824 3638 2895 σελήνης
3683 2821 3957 2891 τεταγμέ-

2372 2941 2475 2986 νως
2504 2922 2774 2994 ἑπομένην
2806 2919 3027 2986 ἐξεῦρον
3062 2922 3110 2972 οἱ
3153 2915 3592 2985 προσοικοῦντες.
3617 2916 3680 2969 Oi
3715 2916 3812 2985 μὲν
3844 2914 3956 2982 γὰρ

2372 3015 2585 3085 εὔριποι
2640 3011 3029 3083 μεταρῤέουσιν
3078 3013 3161 3079 ἐφ’
3209 3012 3443 3080 ἑκάτερα
3494 3007 3634 3060 κατὰ
3677 3006 3745 3059 τὰ
3790 3005 3956 3059 λοιπά

2371 3114 2624 3179 σχήματα
2672 3108 2772 3177 τῆς
2816 3108 3073 3178 σελήνης·
3122 3109 3178 3159 ὲν
3224 3107 3280 3159 δὲ
3328 3104 3406 3175 τῷ
3451 3102 3629 3173 καιρῷ
3664 3104 3764 3173 τῆς
3796 3103 3956 3170 γενέ-ο

2324 3240 2338 3273 .
2376 3220 2511 3265 σεως
2551 3202 2660 3273 (69)
2702 3200 2823 3254 οὑδὲ
2869 3201 2930 3253 τὸ
2972 3200 3309 3271 βραχύτατον
3337 3196 3688 3269 ἀτρεμοῦσιν,
3738 3196 3854 3250 ἀλλ’
3894 3198 3956 3250 ὲν

2378 3296 2523 3365 σάλῳ
2562 3295 2656 3349 καὶ
2707 3292 3044 3346 ταλαντώσει
3092 3291 3330 3362 διηνεκεῖ
3379 3288 3802 3360 καθεστήκασιν,
3849 3288 3955 3349 ἕως

2375 3388 2461 3452 ἂν,
2498 3389 2791 3457 ἐκφανεῖσα
2831 3384 3023 3449 πάλιν,
3057 3382 3376 3439 ἀκολουθίαν
3406 3381 3526 3437 τινὰ
3558 3384 3622 3452 τῇ
3661 3380 3955 3451 παλιρροία

2378 3480 2746 3552 παράσχηται.
2796 3478 2861 3531 Ἦ
2898 3478 2955 3532 δὲ
2998 3478 3238 3547 ἑσπερίαξ
3260 3476 3504 3531 θάλασσα
3535 3474 3634 3537 τὰς
3668 3472 3954 3543 ἀμπώτεις

2378 3575 2688 3645 ὑφίσταται,
2722 3570 2816 3625 νῦν
2856 3572 2953 3642 μὲν
2983 3569 3352 3624 ὑπονοστοῦσα
3387 3567 3522 3639 (70),
3559 3566 3718 3620 πάλιν
3745 3564 3801 3616 δὲ
3832 3565 3953 3615 ἐπι-

2376 3666 2663 3731 κλύζουσα,
2688 3664 2876 3735 ὥσπερ
2904 3664 3196 3725 ἀναπνοαῖς
3223 3662 3325 3731 τῆς
3349 3661 3575 3730 σελήνης
3607 3654 3949 3725 ὑφελκομένη

2377 3760 2510 3828 πρὸς
2542 3759 2603 3809 τὸ
2624 3757 2818 3819 όπίσω,
2858 3756 2951 3807 καὶ
2979 3752 3137 3805 πάλιν
3167 3753 3286 3813 ταῖς
3318 3751 3411 3802 ἀπ’
3446 3748 3613 3817 αὑτῆς
3647 3745 3951 3807 ἓκπνοίαις,

2373 3848 2451 3906 είς
2472 3846 2530 3896 τὸ
2556 3845 2754 3896 οἰκεῖον
2789 3842 2987 3912 μέτρον
3019 3838 3431 3912 προωθουμένη.
3461 3838 3642 3891 Ταῦτά
3668 3854 3757 3907 μοι
3799 3837 3951 3906 εἴρη-

2372 3954 2457 3991 ται
2488 3935 2624 4008 πρὸς
2655 3933 2931 3999 ἀπόδειξιν
2970 3933 3063 3987 τοῦ
3108 3932 3251 3987 κατά
3282 3932 3408 3995 τοὺς
3444 3930 3735 4001 φωστῆρας
3784 3930 3948 4001 μεγέ-

2374 4030 2519 4094 θους,
2560 4029 2656 4081 καὶ
2691 4028 2949 4082 σύστασιν
2975 4026 3069 4080 τοῦ
3112 4026 3247 4097 μηδὲ
3280 4026 3442 4097 μέχρι
3477 4023 3744 4093 συλλαϐῆς
3777 4022 3949 4093 ἀργόν

2376 4142 2424 4176 τι
2454 4120 2591 4177 εἶναι
2616 4123 2723 4177 τῶν
2758 4121 3129 4176 θεοπνεύστων
3166 4120 3429 4191 ῥημάτων
3448 4135 3459 4147 ο
3504 4118 3681 4171 καίτοι
3706 4133 3769 4186 γε
3798 4116 3948 4169 οὐδε-

2378 4221 2461 4284 νὸς
2500 4219 2675 4291 ἥψατο
2712 4219 2893 4288 σχεδὸν
2930 4217 3038 4270 τῶν
3070 4218 3298 4287 καιρίων
3337 4218 3364 4268 ό
3393 4216 3579 4283 λόγος·
3624 4214 3796 4267 πολλά
3838 4214 3948 4284 γὰρ

2374 4314 2500 4385 περὶ
2538 4311 2781 4383 μεγεθῶν
2819 4312 2910 4364 καὶ
2948 4310 3350 4379 ἀποστημάτων
3392 4309 3543 4379 ήλίου
3588 4308 3681 4361 καὶ
3720 4306 3947 4376 σελήνης

2372 4407 2517 4457 ἔστιν
2558 4404 2796 4472 ἐξευρεῖν
2835 4405 2943 4464 τοῖς
2989 4400 3268 4470 λογισμοῖς
3294 4400 3384 4452 τὸν
3415 4399 3489 4470 μὴ
3521 4399 3815 4468 παρέργως
3848 4396 3950 4457 τὰς

2370 4495 2647 4569 ἐνεργείας
2693 4493 2870 4548 αὐτῶν
2926 4494 3017 4546 καὶ
3067 4493 3165 4556 τὰς
3217 4492 3471 4564 δυνάμεις
3513 4488 3942 4558 ἐπεσκεμμένον.

699 4582 804 4634 vim
828 4591 884 4635 et
909 4582 1163 4636 virtutem
1195 4594 1384 4635 eorum
1411 4580 1552 4633 baud
1574 4579 1949 4649 perfunctorie
1993 4581 2266 4647 expende-
2299 4610 2342 4664 ι)
2375 4592 2382 4643 ]

2299 4610 2342 4664 ι)
2375 4589 2742 4659 Εὑγνωμόνως
2767 4583 2859 4641 οὖν
2903 4588 2985 4640 δεῖ
3015 4589 3343 4657 κατηγορεῖν
3384 4587 3527 4655 ἡμᾶς
3562 4583 3674 4650 (71)
3703 4583 3804 4653 τῆς
3828 4582 3948 4635 tau-

702 4676 787 4728 rit.
818 4675 998 4744 Itaque
1051 4676 1282 4741 ingenue
1319 4673 1628 4728 accusanda
1672 4681 1756 4726 est
1799 4682 1985 4728 nostra
2021 4673 2260 4742 ipsorum

698 4767 1060 4832 imbecillitas,
1093 4784 1159 4823 ne
1212 4767 1338 4837 quis
1376 4766 1592 4835 opiﬁcia
1634 4765 1870 4818 maxima
1914 4766 2111 4820 nostris
2146 4780 2263 4818 ver-

761 4902 805 4932 ”
843 4901 1003 4955 Eccli.
1031 4916 1195 4965 xxvn,
1241 4904 1327 4954 12.

766 4991 875 5062 (67)
906 4991 1018 5044 Duo
1047 5006 1177 5045 mss.
1210 4994 1299 5043 καὶ
1327 4992 1499 5046 ταῦτα
1559 4994 1737 5047 πάλιν.
1779 4991 1923 5045 Infra
1954 4991 2086 5061 Reg.
2115 4996 2272 5060 quiu-

692 5076 779 5135 tus
798 5062 1137 5135 εὑρυχωρίας
1164 5064 1267 5132 πλη
1278 5064 1585 5135 ρουμένης.“

763 5134 874 5201 (68)
900 5135 1011 5196 Illa,
1038 5136 1134 5185 καὶ
1163 5135 1195 5202 ή
1222 5134 1348 5204 περὶ
1373 5134 1484 5198 τόν,
1500 5133 1639 5197 εις..
1658 5133 1737 5187 sic
1754 5133 1990 5202 explicat
2012 5133 2150 5188 idem
2184 5134 2270 5188 illc

692 5204 844 5270 cujus
872 5204 981 5268 jam
1014 5205 1341 5274 mentionem
1368 5204 1591 5257 fecimus
1613 5204 1868 5274 librarius
1898 5221 1911 5256 :
1942 5205 2269 5274 τικτομένης

692 5274 924 5345 -ίὰρᾲτῆς
971 5272 1220 5345 σελήνης,
1252 5275 1314 5345 ,ὲν
1369 5274 1571 5345 ἐκείνῳ
1590 5272 1668 5345 τῷ
1710 5274 1857 5345 τόπῳ
1899 5275 1992 5327 τοῦ
2030 5272 2268 5327 ὠκεανοῦ

690 5343 1067 5426 ξὲιποδιίστςιιτα]ἐ
1097 5343 1164 5396 τδ
1207 5343 1587 5426 κῦμαηκαὶή
1612 5344 1685 5426 γῆ
1727 5344 1945 5426 φαίνετε
1995 5348 2114 5426 (sic,
2159 5362 2268 5426 ‘pro

692 5414 985 5481 φαίνεται),
1026 5407 1158 5469 Cum
1208 5407 1345 5468 enim
1370 5407 1516 5467 luna
1546 5407 1705 5481 perii,
1730 5407 1783 5467 in
1809 5415 1901 5467 illo
1927 5407 2110 5469 oceani
2151 5407 2262 5469 loco

693 5496 894 5551 separat
915 5488 1131 5547 undam,
1158 5498 1203 5537 et
1221 5496 1360 5538 terra
1389 5496 1621 5551 apparet.

764 5554 872 5626 (69)
924 5555 1103 5611 Editio
1146 5556 1317 5626 Paris.
1379 5555 1645 5622 γενέσεως
1700 5555 1891 5624 αὑτῆς.
1952 5556 2109 5610 Deest
2162 5557 2259 5609 αύ-

692 5628 787 5695 τῆς
845 5629 896 5679 in
941 5627 1177 5697 editione
1220 5625 1382 5680 Basil.
1412 5638 1465 5682 et
1498 5628 1550 5680 in
1595 5626 1779 5697 nmltis
1809 5641 1939 5680 mss.
1975 5626 2089 5697 illo:
2130 5627 2255 5697 Reg.

692 5709 876 5751 sextus
901 5696 1044 5765 σάλῳ
1073 5697 1165 5749 καὶ
1190 5700 1397 5766 ταραχῇ
1435 5698 1692 5767 διηνεκεῖ.
1725 5696 1880 5760 lllud,
1912 5696 2258 5757 ταλαντώσει,

693 5778 1073 5833 interpretatur
1121 5769 1367 5823 laudatus
1406 5772 1512 5836 iam
1548 5770 1798 5824 librarius
1840 5784 1931 5837 per
1967 5784 2139 5825 ιοξεεη
2180 5788 2259 5823 για

689 5840 861 5907 vim.

2371 4681 2477 4734 τῶν
2494 4678 2794 4739 ἀσθενείας,
2828 4676 2915 4731 ἵνα
2932 4676 3004 4747 μὴ
3025 4674 3102 4745 τῷ
3120 4677 3372 4746 ἡμετέρῳ
3387 4674 3528 4742 λόγῳ
3551 4672 3812 4743 μετρῆται
3830 4669 3946 4742 (72)

2373 4772 2479 4825 τῶν
2530 4768 3023 4840 δημιουργημάτων
3061 4767 3129 4819 τὰ
3184 4766 3433 4837 μέγιστα,
3482 4763 3617 4817 ἀλλὰ
3652 4763 3709 4830 ἐξ
3747 4763 3947 4831 ὀλίγων

2442 4992 2552 5062 (70)
2578 4991 2688 5043 Duo
2721 5008 2851 5062 mss.
2877 4989 3269 5062 ἀπονοστοῦσα,
3285 4987 3478 5043 Statim
3503 4989 3716 5044 codices
3740 4989 3946 5062 aliquot

2369 5060 2557 5133 ὥσπερ
2611 5060 2950 5127 ἀναπνοίαις.
2990 5064 3092 5115 Alii
3146 5060 3391 5133 quid_anr
3422 5074 3551 5133 mss.
3615 5074 3736 5133 cum
3783 5060 3944 5113 editis

2370 5129 2686 5195 ἀναπνοαῖς.
2753 5134 2991 5187 Subinde
3026 5132 3191 5185 editio
3255 5131 3443 5193 Basil.,
3502 5129 3664 5185 Coisl.
3716 5139 3944 5193 uterque

2368 5219 2420 5258 et
2477 5206 2565 5256 alii
2607 5204 2847 5272 quinque
2899 5218 3024 5256 mss.
3058 5201 3365 5272 ὲμπνοίαις.
3419 5200 3598 5272 Editio
3634 5200 3817 5272 Paris.
3851 5202 3933 5272 ὲκτ

2370 5270 2793 5336 πνοίαιςᾙΗειξο
2838 5275 2973 5326 lunae
3040 5270 3324 5339 respiratio
3380 5270 3711 5340 philosophis
3772 5270 3937 5324 nostri

2370 5344 2625 5411 temporis
2661 5361 2763 5396 non
2794 5347 2984 5411 placet.
3016 5342 3214 5396 Putant
3248 5342 3461 5410 quidem
3505 5351 3668 5395 :estus
3700 5340 3942 5411 recipros

2364 5409 2683 5469 callettema
2720 5409 2839 5466 Iona
2868 5424 3122 5479 tanquam
3154 5428 3181 5464 a
3211 5428 3371 5465 causa
3403 5411 3667 5478 pendere:
3702 5409 3797 5462 sed
3832 5424 3942 5462 rem

2367 5489 2523 5553 longe
2563 5486 2719 5537 aliter
2750 5484 3041 5551 expliCant.
3070 5483 3302 5536 Possunt
3335 5496 3521 5535 eorum
3552 5480 3672 5533 libri
3714 5496 3743 5532 a
3773 5481 3945 5533 curio-

2364 5561 2435 5613 sis
2460 5556 2577 5613 legi.

2438 5597 2748 5694 (ἓῖῖΕιιίιιο
2791 5624 2954 5677 Basil.
2999 5638 3143 5694 cum,
3174 5621 3322 5694 Βοιῃ.
3358 5629 3413 5694 et
3440 5633 3558 5673 cum
3587 5618 3771 5694 multis
3819 5619 3940 5694 aliis

2370 5690 2497 5751 mss.
2530 5690 2848 5764 κατηγορεῖν
2880 5695 3043 5761 ἡμᾶς.
3074 5693 3246 5747 Editio
3272 5690 3441 5746 Paris.
3476 5705 3570 5758 per
3597 5691 3938 5745 oscitantiatu

2373 5770 2824 5830 ttnograpliot'utn
2862 5766 3020 5832 ὑμᾶς.

2454 5838 2555 5889 liii
2589 5829 2659 5890 lI'J
2714 5852 2835 5889 mss.
2872 5829 2918 5888 et
2946 5845 3167 5900 ultaque
3209 5842 3385 5889 nostra
3418 5831 3597 5887 editio.
3627 5829 3804 5896 Quare
3838 5845 3936 5886 non
