4262 6508
260 448 368 501 145
1354 449 1640 504 llOMlLlA
1690 451 1753 504 Vl
1795 450 1859 503 IN
1903 449 1943 502 Il

1825 450 1859 502 N
1903 449 2397 507 ΙΙΕΧΑΕΜΕΒΟΝ.
3415 458 3508 513 ιιι

255 560 369 613 τῶν
422 561 727 633 εἰρημένων
769 566 898 633 παρ’
937 563 1149 625 ἑαυτοῖς
1200 564 1639 633 ἀναλογίζεσθαι,
1704 567 1845 619 πόσα
1877 570 1922 627 Α

1833 584 1845 616 ι
1877 570 1922 627 Α
1954 566 2036 619 bis
2077 567 2369 621 metiatur:
2408 568 2499 624 sed
2530 584 2591 624 ex
2635 570 2823 640 paucis
2873 583 2993 641 qua:
3036 567 3351 634 retulimus,
3389 580 3516 640 quot

254 654 381 707 τινά
406 656 519 707 ἐστι
553 659 645 709 καὶ
671 656 878 725 πηλίκα
915 656 981 707 τά
1017 656 1343 728 παρεθέντα,
1376 656 1466 727 Μὴ
1496 656 1676 709 τοίνυν
1703 658 1837 730 μηδὲ

1948 668 2001 712 et
2028 668 2229 728 quanta
2268 660 2377 712 sint
2402 673 2467 713 ea
2508 676 2627 730 qum
2671 662 2874 717 omissa
2922 662 3101 728 luere,
3133 664 3273 731 apud
3304 678 3402 717 vos
3433 681 3519 717 re-

256 745 487 820 σελήνην
503 748 766 818 ὀφθαλμῷ
801 749 1098 820 μετρήσῃς,
1128 749 1263 803 ἀλλά
1292 748 1559 819 λογισμῷ,
1578 748 1635 811 ὃς
1663 748 1839 821 πολλῷ

1831 769 1839 799 ι
1947 760 2140 818 putare
2166 750 2398 805 debetis.
2424 747 2503 804 Ne
2534 752 2697 821 igitur
2724 750 2883 807 oculo
2909 754 3090 807 lunam
3129 753 3377 817 metiare,
3421 753 3514 807 sed

254 837 365 892 τῶν
396 840 687 911 ὀφθαλμῶν
717 838 1103 912 ἀκριϐέστερος
1136 844 1251 894 ἐστι
1279 838 1414 909 πρὸς
1461 838 1715 909 ἀληθείας
1750 840 1839 893 sii-

1833 870 1839 878 -
1949 844 2182 908 ratione,
2213 856 2335 912 quas
2355 844 2423 897 ad
2446 844 2821 902 inveniendam
2841 845 3125 900 veritatem
3158 846 3330 902 oculis
3359 845 3516 913 longe

255 948 427 1003 ρεσιν.
458 930 633 983 Μῦθοί
662 948 807 996 τινες
845 934 1240 1002 καταγέλαστοι
1288 931 1392 983 ὑπὸ
1429 930 1689 1002 γραῖδίων
1737 950 1837 986 κω-

1831 963 1837 972 -
1942 933 2253 988 accuratior
2284 942 2366 987 est
2402 948 2466 989 ac
2492 934 2715 988 certior.
2746 934 3006 991 Ridiculae
3044 936 3289 1003 quadam
3318 936 3514 990 fabula:

254 1022 631 1091 θωνιζομένων
671 1024 1153 1097 παραληρούμένοι
1180 1022 1455 1094 πανταχοῦ
1498 1024 1832 1098 διεδόθησαν,

1827 1066 1832 1087 ,
1944 1026 2011 1079 ab
2050 1024 2282 1079 aniculis
2320 1023 2627 1080 temulentis
2659 1024 2979 1093 insipienter
3006 1022 3271 1088 conﬁt-tm,
3313 1026 3510 1091 ubique

250 1119 334 1169 ὅτι
368 1118 727 1185 μαγγανείαις
752 1120 863 1170 τισὶ
888 1118 987 1187 τῆς
1025 1118 1233 1180 οἰκείας
1259 1118 1421 1190 ἕδρας
1443 1120 1836 1190 άποκινηθεῖσα

1824 1136 1836 1171 ι
1940 1115 2274 1183 pervulgata:
2305 1127 2454 1182 sunt,
2483 1115 2627 1186 quod
2652 1114 2776 1169 luna
2802 1115 3258 1171 incantationibus
3280 1114 3507 1183 quibus-

254 1205 451 1278 σελήνη
490 1208 625 1278 πρὸς
654 1209 757 1276 γῆν
787 1207 1179 1278 καταφέρεται.
1216 1209 1339 1274 Πῶς
1373 1212 1473 1281 μὲν
1499 1208 1591 1265 οῦν
1622 1212 1833 1281 κινήσει

1822 1228 1833 1262 ι
1942 1207 2062 1260 dam
2098 1221 2161 1259 ex
2199 1210 2416 1277 propria
2464 1208 2593 1262 sede
2637 1216 2839 1271 emota,
2874 1207 2940 1259 ad
2985 1215 3180 1261 terram
3210 1206 3505 1262 deferatur.

254 1291 467 1369 γοήτων
502 1298 727 1369 ὲπαοιδὴ
748 1340 760 1362 ,
798 1298 863 1369 ἢν
899 1300 1062 1364 αὐτὸς
1088 1299 1449 1373 ὲθεμελίωσεν
1483 1306 1511 1355 ὁ
1535 1302 1829 1371 ”Υψιστος;

1824 1321 1829 1365 ;
1939 1300 2220 1366 Quomodo
2251 1315 2380 1370 ergo
2413 1299 2868 1371 praestigiatorum
2897 1301 3355 1355 incantamentum
3383 1315 3507 1357 eam

253 1388 414 1453 ιιοῖος
450 1388 494 1441 δ’
523 1387 589 1441 ἂν
628 1390 721 1441 καὶ
764 1390 925 1455 τόπος
978 1394 1455 1448 κατασπασθεῖσαν
1500 1392 1667 1464 αὐτὴν
1727 1393 1831 1445 ὑπ-
1935 1421 1936 1430 ι

1821 1424 1831 1433 -
1935 1394 2227 1458 emovebit,
2259 1408 2419 1462 quam
2447 1394 2560 1465 ipse
2583 1393 2892 1450 Altissimus
2931 1391 3221 1447 fundavit?
3247 1394 3504 1459 Quisnam

246 1482 516 1547 εδέξατολ
543 1481 729 1537 Βούλει
775 1486 882 1539 ἀπὸ
908 1488 1120 1559 μικρῶν
1153 1486 1466 1558 τεκμηρίων
1501 1486 1685 1540 λαϐεῖν
1735 1486 1829 1539 τοῦ

1825 1489 1829 1535 ι
1935 1501 2063 1541 vero
2117 1486 2269 1540 locus
2327 1486 2624 1541 detracmm
2678 1488 2850 1556 ipsam
2883 1486 3157 1555 suscipere
3195 1487 3508 1556 potuisset?

248 1573 514 1642 μεγέθους
548 1577 720 1647 αὐτῆς
754 1580 853 1651 τὴν
898 1580 1205 1642 ἀπόδειξινς
1246 1580 1310 1631 Δί
1344 1581 1483 1632 κατά
1509 1582 1607 1652 τὴν
1648 1583 1828 1635 οίκου-

1822 1613 1828 1622 -
1935 1577 2029 1632 Vis
2062 1595 2128 1631 ex
2163 1578 2373 1648 exiguis
2429 1578 2643 1633 indiciis
2703 1579 3129 1647 magnitudinem
3181 1579 3325 1634 illius
3362 1594 3505 1634 com-

248 1665 416 1737 μένην
451 1670 631 1733 πόλεις
681 1672 930 1724 πλεῖστον
971 1670 1217 1741 ἀλλήλων
1264 1672 1651 1746 ἀπῳκισμέναι
1707 1678 1828 1739 ταῖς

1821 1694 1828 1733 :
1932 1680 2139 1741 pertam
2154 1668 2389 1727 habere?
2414 1669 2585 1727 Urbes
2605 1669 2753 1726 orbis
2776 1680 3063 1735 terrarum,
3092 1686 3254 1741 quam
3300 1671 3504 1741 longis-

244 1759 387 1811 κατά
417 1762 515 1830 τὴν
543 1760 809 1829 ἀνατολὴν
831 1760 1233 1830 τετραμμέναις
1269 1764 1627 1835 ρυμοτομίαις
1647 1765 1826 1832 ἐξίσου

1817 1783 1826 1814 ι
1930 1766 2069 1819 simo
2131 1763 2258 1819 licet
2317 1765 2461 1819 inter
2502 1779 2561 1819 se
2612 1764 2817 1821 dissita
2873 1765 3185 1831 intervallo,
3231 1779 3500 1835 exaequo

244 1852 418 1903 πᾶσαι
457 1854 516 1903 τὸ
541 1853 823 1923 σεληναῖον
854 1853 968 1923 φῶς
1004 1856 1369 1928 ὑποδέχονται.
1398 1853 1496 1919 Δίς
1526 1860 1574 1909 εἰ
1613 1859 1687 1928 μὴ
1718 1858 1823 1911 πά-

246 1963 368 2008 σαις
417 1946 831 2016 ἀντιπρόσωπος
878 1942 966 2019 ἦν,
1010 1950 1135 2013 τοὺς
1194 1949 1291 2020 μὲν
1348 1950 1435 2001 ἐπ’
1470 1948 1686 2010 εὐθείας
1718 1949 1823 2003 τῶν

244 2038 535 2091 στενωπῶν
562 2039 777 2105 πάντως
803 2040 868 2095 ἂν
901 2043 1261 2110 κατεφώτισε,
1291 2042 1419 2102 τοὺς
1448 2039 1503 2092 δὲ
1538 2040 1601 2092 τὸ
1623 2039 1823 2102 πλάτος

240 2127 410 2198 αὐτῆς
444 2130 885 2203 ὑπερπίπτοντας
912 2132 1328 2202 ἐγκεκλιμέναις
1368 2132 1433 2185 ἂν
1472 2135 1593 2195 ταῖς
1630 2134 1823 2201 αὐγαῖς

242 2222 337 2274 ἐπὶ
372 2223 439 2276 τὰ
498 2225 704 2293 πλάγια
743 2225 1227 2295 παραφερομέναις
1280 2224 1646 2296 προσέϐαλλεν
1683 2227 1818 2297 (73).

242 2314 421 2385 Ὅπερ
462 2317 555 2369 καὶ
610 2318 702 2369 ἐπὶ
743 2316 851 2369 τῶν
890 2316 1095 2386 λύχνων
1142 2316 1288 2369 ἔστιν
1340 2316 1465 2368 ἰδεῖν
1510 2318 1648 2371 κατά
1697 2320 1822 2382 τοὺς

239 2407 422 2473 οἴκους
453 2412 753 2483 γινόμενον.
802 2410 1056 2464 Ἐπειδὰν
1092 2410 1309 2473 πλείους
1358 2411 1683 2482 περισπῶσιν
1725 2413 1821 2464 αὐ-

238 2507 349 2571 τὸν,
396 2510 427 2577 ἡ
474 2510 573 2579 μὲν
615 2510 709 2563 τοῦ
748 2512 866 2564 κατ’
903 2509 1118 2563 εὐθεῖαν
1162 2510 1397 2572 ἑστῶτος
1427 2511 1555 2564 σκιά
1584 2512 1721 2582 πρὸς
1761 2510 1821 2563 τὸ

237 2602 419 2672 ὄρθιον
441 2604 803 2667 ἀποτείνεται,
833 2607 888 2658 αἱ
920 2605 975 2656 δὲ
997 2606 1181 2657 λοιπαὶ
1220 2606 1339 2658 καθ’
1365 2605 1624 2673 ἑκάτερον
1659 2601 1822 2672 μέρος

237 2694 575 2747 ἐκκλίνουσιν
612 2696 747 2763 (Ἠ),
791 2696 977 2761 Ὥστε,
1013 2700 1062 2749 εί
1115 2697 1188 2767 μὴ
1242 2696 1472 2749 ἄπλετόν
1516 2713 1569 2747 τι
1613 2692 1682 2765 ἦν
1728 2696 1821 2747 καὶ

240 2786 504 2855 ὑπερέχον
534 2785 753 2857 μεγέθει
776 2786 837 2839 τὸ
868 2786 1187 2859 σεληνιακὸν
1206 2786 1384 2857 σῶμα,
1413 2789 1512 2840 οὑκ
1534 2787 1600 2841 ἂν
1620 2788 1819 2857 ὁμοίως

237 2879 714 2951 ἀντιπαρετείνετο
746 2881 931 2934 πᾶσιν.
980 2881 1214 2951 Ὁμοίως
1243 2880 1351 2950 γὰρ
1380 2879 1551 2949 αὐτῆς
1582 2880 1689 2933 ἀπὸ
1711 2880 1818 2932 τῶν

240 2972 570 3042 ίσημερινῶν
599 2974 781 3025 τόπων
811 2972 1210 3043 ἀνατελλούσης
1234 2973 1289 3025 οἵ
1314 2990 1372 3025 τε
1406 2969 1819 3044 προσοικοῦντες

236 3065 303 3131 τῇ
337 3062 719 3132 κατεψυγμένη
757 3064 850 3114 καὶ
893 3063 996 3115 ὑπὸ
1039 3063 1151 3132 (75)
1184 3064 1281 3125 τάς
1320 3063 1688 3136 περιστροφάς
1723 3063 1819 3134 τῆς

236 3156 441 3224 ἄρκτου
495 3154 736 3225 κείμενοι
781 3154 1288 3225 μεταλαμϐάνουσι,
1325 3156 1417 3208 καὶ
1463 3158 1513 3208 ot’.
1566 3156 1703 3208 κατὰ
1751 3155 1819 3209 τὰ

1929 1871 2119 1913 omnes
2141 1858 2193 1911 in
2224 1858 2289 1911 iis
2327 1858 2417 1927 qui
2446 1857 2639 1911 orienti
2683 1858 2896 1912 obversi
2926 1867 3053 1912 sunt
3082 1858 3219 1913 vicis
3241 1899 3256 1923 ,
3308 1858 3501 1913 lunare

1932 1954 2110 2008 lumen
2134 1952 2435 2024 excipiunt.
2459 1951 2667 2019 Quibus
2692 1952 2946 2007 omnibus
2964 1952 3067 2006 nisi
3086 1954 3391 2022 oppositam
3422 1952 3503 2007 la-

1930 2046 2068 2099 ciem
2094 2046 2343 2111 haberet,
2368 2049 2688 2115 angiportus
2714 2043 2932 2113 quidem
2966 2053 3113 2099 recta
3133 2044 3234 2113 ipsi
3261 2058 3498 2115 respon-

1927 2140 2119 2193 dentes
2135 2141 2359 2194 omnino
2390 2138 2721 2206 illustraret;
2754 2140 2807 2193 in
2835 2154 2931 2196 eos
2961 2153 3089 2195 vero
3116 2139 3225 2211 62
3253 2139 3345 2210 qui
3376 2139 3500 2194 lati-

1928 2232 2165 2287 tudinem
2194 2232 2364 2301 ipsius
2394 2232 2686 2294 excedunt,
2719 2232 3013 2286 inclinatos
3050 2232 3228 2285 radios
3261 2231 3313 2286 in
3358 2232 3496 2285 obli-

1924 2341 2029 2395 qua
2063 2325 2317 2397 delapsos
2344 2326 2681 2379 immitteret.
2707 2323 2761 2379 ld
2790 2325 2935 2394 quod
2962 2324 3127 2379 etiam
3162 2340 3224 2380 ex
3251 2325 3497 2387 accensis

1924 2423 1975 2473 in
2010 2420 2260 2475 domibus
2288 2418 2524 2475 lucernis
2548 2420 2841 2475 observare
2862 2418 3010 2475 licet.
3046 2418 3175 2473 Nam
3213 2434 3338 2474 cum
3372 2419 3495 2489 plu-

1922 2528 2012 2568 res
2064 2514 2526 2569 circumsteterint
2580 2516 2749 2581 ipsam
2791 2514 3101 2577 lucernam,
3143 2514 3331 2566 umbra
3378 2515 3494 2580 ejus

1923 2606 2013 2675 qui
2039 2605 2249 2661 directo
2283 2614 2413 2668 stat,
2448 2606 2500 2659 in
2548 2604 2818 2659 directum
2864 2604 3164 2674 porrigitur
3194 2646 3210 2671 ,
3271 2604 3493 2674 reliqua:

1921 2711 2050 2752 vero
2095 2696 2150 2752 in
2188 2706 2475 2767 utramque
2527 2696 2805 2752 declinant
2858 2708 3091 2768 partem.
3153 2698 3357 2766 Quare,
3387 2698 3490 2755 nisi

1920 2805 2113 2859 corpus
2168 2790 2359 2844 lunare
2398 2799 2546 2844 esset
2590 2788 2910 2845 immensum
2969 2790 3226 2860 quiddam
3265 2799 3322 2846 et
3353 2806 3491 2860 pra:-

1919 2883 2140 2951 grande,
2175 2897 2280 2936 non
2323 2882 2512 2949 utique
2558 2883 2625 2935 ad
2672 2896 2863 2937 omnes
2911 2882 3163 2936 similiter
3198 2883 3492 2937 extendere

1921 2988 1981 3027 se
2004 2981 2209 3043 posset.
2246 2972 2405 3025 Enim
2434 2985 2565 3027 vero
2590 2972 2698 3041 qui
2748 2980 2803 3025 et
2830 2986 3022 3026 zonam
3048 2973 3309 3042 rigentem
3340 2987 3493 3028 acco-

1923 3065 2058 3130 lunt,
2095 3074 2151 3119 et
2184 3064 2283 3119 sub
2309 3078 2449 3119 ursae
2489 3063 2578 3117 siti
2602 3071 2731 3119 sunt
2753 3064 3225 3131 conversionibus,
3252 3075 3307 3119 et
3335 3064 3490 3132 juxta

1923 3158 2171 3212 meridiei
2197 3171 2329 3212 cava
2361 3155 2525 3211 vicini
2561 3166 2689 3211 sunt
2719 3170 2870 3211 zona?
2895 3158 3134 3219 torridas,
3169 3157 3223 3210 lii
3265 3157 3389 3210 luna
3421 3156 3491 3211 ab

237 3246 393 3299 κοῖλα
421 3248 518 3317 τῆς
549 3248 895 3321 μεσημϐρίας
920 3248 1019 3321 τῆς
1051 3247 1491 3319 διακεκαυμένης
1537 3248 1775 3316 γείτονες
1798 3263 1810 3275 ·
1843 3270 1885 3326 C
1919 3293 1920 3298 η

1806 3265 1810 3275 ³
1843 3270 1885 3326 C
1919 3248 2388 3319 tequinoctialibus
2434 3246 2565 3302 locis
2594 3248 2805 3303 oriente
2846 3248 3049 3316 pariter
3076 3246 3365 3301 fruuntur:
3422 3248 3489 3302 ad

234 3333 317 3402 οἷς
352 3342 483 3393 πᾶσι
520 3341 663 3393 κατά
688 3341 748 3393 τὸ
791 3341 992 3404 πλάτος
1038 3338 1507 3412 ἀντιπαρήκουσα,
1545 3340 1815 3410 σαφεστά-

233 3449 341 3502 την
381 3434 682 3504 μαρτυρίαν
730 3433 822 3487 τοῦ
884 3433 1149 3503 μεγέθους
1206 3434 1525 3504 παρέχεται.
1577 3435 1675 3497 Τίς
1722 3431 1816 3488 οὖν

232 3527 452 3596 ἀντερεῖ
481 3526 555 3595 μὴ
582 3527 702 3596 οὐχ).
732 3526 1087 3596 παμμέγεθες
1119 3526 1290 3595 αὐτῆς
1317 3521 1455 3577 εἶναι
1508 3526 1571 3577 τὸ
1620 3526 1779 3596 σῶμα
1798 3568 1811 3590 ,

230 3619 296 3672 τὸ
318 3618 658 3689 τηλικούτοις
689 3618 823 3688 ὁμοῦ
871 3620 965 3670 καὶ
1005 3618 1281 3681 τοσούτοις
1322 3618 1683 3689 διαστήμασιν
1732 3619 1817 3683 ἐξ-

236 3711 351 3765 ισού
360 3728 518 3783 μενον
542 3728 557 3777 ;
586 3712 694 3765 Καὶ
715 3711 781 3763 τά
814 3711 911 3781 μὲν
942 3712 1068 3781 περ).
1098 3710 1345 3781 μεγεθῶν
1374 3710 1525 3781 ἡλίου
1547 3712 1639 3763 καὶ
1664 3711 1817 3783 σελή-

233 3823 332 3873 νης
349 3807 441 3858 ἐπὶ
471 3804 741 3858 τοσοῦτον.
785 3805 946 3875 Ἡμῖν
971 3804 1027 3857 δὲ
1048 3805 1077 3856 ὁ
1100 3806 1468 3876 χαρισάμενος
1486 3805 1727 3859 διάνοιαν
1752 3808 1813 3859 ὲκ

231 3896 341 3948 τῶν
376 3900 714 3968 μικροτάτων
737 3898 835 3967 τῆς
870 3897 1099 3961 κτίσεως
1127 3898 1226 3968 τὴν
1260 3898 1502 3968 μεγάλην
1516 3897 1610 3951 τοῦ
1641 3900 1815 3969 τεχνί-

230 4003 325 4038 του
344 3987 535 4055 σοφίαν
552 3987 663 4057 (76)
695 3988 1158 4057 καταμανθάνειν,
1188 3989 1461 4059 παράσχοι
1493 3991 1586 4042 καὶ
1612 3992 1676 4042 ὲκ
1700 3990 1812 4042 τῶν

234 4080 490 4149 μεγάλων
522 4081 773 4150 μείζονας
796 4080 1093 4150 λαμϐάνειν
1120 4080 1217 4144 τάς
1243 4083 1453 4144 ἐννοίας
1470 4082 1564 4135 τοῦ
1600 4084 1811 4135 κτίσαν-

231 4190 341 4237 τος.
372 4173 631 4241 Καίτοιγε
662 4174 946 4245 συγκρίσει
963 4173 1055 4226 τοῦ
1082 4175 1307 4245 ποιητοῦ
1332 4174 1481 4244 ἥλιος
1503 4175 1596 4228 καὶ
1615 4174 1808 4246 σελήνη

232 4265 458 4335 ἐμπίδος
492 4265 585 4318 καὶ
627 4266 916 4337 μύρμηκος
957 4267 1213 4336 ἐπέχουσι
1243 4267 1397 4335 λόγον
1437 4268 1451 4334 (
1462 4267 1571 4335 77).
1603 4268 1675 4321 Οὐ
1703 4266 1811 4338 γάρ

231 4358 379 4411 ἔστιν
405 4358 561 4421 ἀξίαν
592 4359 685 4411 τοῦ
718 4358 983 4428 μεγέθους
1009 4361 1103 4413 τοῦ
1131 4360 1266 4413 Θεοῦ
1294 4359 1402 4412 τῶν
1440 4361 1574 4413 ὅλων
1602 4362 1666 4413 ἐκ
1698 4358 1811 4412 τού-

231 4467 339 4503 των
365 4449 551 4502 λαϐεῖν
574 4450 673 4520 τὴν
707 4448 959 4519 θεωρίαν,
985 4449 1119 4503 ἀλλά
1150 4454 1372 4522 μικραῖς
1396 4469 1506 4503 τισι
1534 4450 1629 4504 καὶ
1669 4452 1809 4521 ἀμυο

228 4544 383 4613 δραῖς
408 4541 678 4611 ἐμφάσεσι
698 4541 959 4595 διἀὑτῶν
996 4542 1428 4613 προδιδασθῆναι
1461 4543 1596 4613 (78),
1621 4542 1807 4613 ὥσπερ

1919 3355 2056 3411 quos
2098 3354 2287 3395 omnes
2336 3338 2633 3393 secundum
2678 3337 3015 3391 latitudinem
3047 3352 3110 3391 ex
3134 3338 3362 3392 adverso
3396 3353 3489 3393 ac-

1916 3435 2137 3499 cedens,
2177 3430 2565 3502 magnitudinis
2595 3445 2706 3485 suae
2756 3430 3123 3485 testimonium
3159 3429 3487 3487 manifestis-

1918 3528 2115 3581 simum
2146 3526 2371 3593 praabet.
2413 3522 2547 3589 Quis
2578 3523 2742 3591 igitur
2789 3521 2999 3577 inficias
3030 3523 3157 3577 ierit
3190 3524 3486 3577 maximum

1917 3630 2038 3669 esse
2063 3615 2233 3683 ipsius
2266 3627 2482 3683 corpus,
2514 3627 2639 3667 cum
2667 3620 2746 3664 tot
2780 3624 2843 3665 ac
2872 3611 3035 3665 tantis
3082 3611 3245 3665 simul
3284 3611 3487 3665 distan-

1924 3709 2014 3763 tiis
2045 3706 2404 3777 adaequetur?
2433 3707 2498 3760 Et
2523 3706 2739 3775 quidem
2765 3706 2833 3759 de
2857 3704 2988 3759 solis
3018 3718 3081 3759 ac
3113 3704 3251 3759 luna
3282 3704 3486 3774 magni-

1920 3801 2105 3857 tudine
2128 3801 2411 3855 hactenus.
2440 3797 2708 3852 Caeterum
2756 3797 2847 3865 qui
2896 3811 3018 3850 eam
3073 3795 3485 3863 intelligentiam

1918 3897 2129 3958 tribuit,
2164 3903 2225 3949 ut
2252 3908 2318 3948 ex
2349 3892 2590 3947 minimis
2628 3892 2789 3945 rebus
2824 3890 3023 3943 creatis
3056 3902 3303 3955 magnam
3326 3887 3485 3956 opili—

1914 3988 2031 4043 licis
2058 3986 2375 4055 sapientiam
2403 3983 2864 4043 condisceremus,
2889 3980 3093 4033 tribuat
3127 3980 3290 4035 etiam
3320 3988 3379 4032 ut
3417 3992 3483 4034 ex

1915 4076 2125 4145 magnis
2151 4072 2357 4139 majora
2395 4072 2461 4124 de
2496 4080 2743 4123 creatore
2772 4070 3069 4123 sentiamus
3098 4070 3488 4139 concipiamus-

1912 4182 2038 4234 quc.
2070 4165 2394 4231 Quanquam
2418 4161 2717 4216 conditoris
2734 4160 3158 4229 comparatione,
3181 4160 3260 4213 sol
3283 4170 3336 4215 et
3359 4159 3484 4215 luna

1913 4255 2101 4311 culicis
2130 4268 2191 4308 ac
2224 4253 2463 4306 formicae
2512 4253 2773 4305 rationem
2817 4252 3088 4306 obtinent.
3120 4249 3280 4305 Notio
3317 4251 3485 4320 siqui-

1911 4347 2031 4399 dem
2065 4360 2185 4414 qua:
2221 4344 2316 4399 Dei
2364 4344 2740 4397 universorum
2774 4343 3142 4412 magnitudine
3189 4344 3348 4413 digna
3386 4345 3481 4410 sit,

1910 4454 1977 4493 ex
2010 4439 2074 4494 iis
2099 4438 2305 4491 desumi
2336 4450 2441 4491 non
2468 4444 2646 4505 potest
2682 4454 2694 4489 :
2720 4436 2814 4491 sed
2849 4449 2915 4490 ex
2955 4437 3135 4505 parvis
3157 4437 3482 4504 quibusdam

1910 4540 1964 4587 et
2000 4531 2252 4585 tenuibus
2276 4530 2490 4584 indiciis
2522 4546 2618 4601 per
2659 4532 2774 4599 ipsa
2814 4531 3272 4599 quemadmodum
3300 4541 3355 4584 et
3386 4546 3483 4601 per

231 4611 325 4687 καὶ
351 4634 418 4686 δι’
450 4634 680 4688 ἑκάστου
708 4634 817 4686 τῶν
848 4611 1188 4705 μικροτάτων
1217 4636 1274 4689 ὲν
1304 4611 1521 4707 ζώοιςγῆ
1556 4611 1615 4690 έν
1650 4611 1802 4707 βοτάξ
1840 4611 1884 4665 υ
1913 4651 1914 4676 ῖ

1797 4667 1802 4674 .
1840 4611 1884 4665 υ
1913 4624 2121 4695 singula
2156 4624 2517 4680 minutissima
2546 4623 2825 4685 a..imalia,
2874 4632 2967 4676 aut
2993 4622 3158 4675 etiam
3186 4638 3285 4693 per
3307 4624 3480 4679 minu-

230 4744 367 4789 ναις.
422 4726 803 4797 Ἀρκεσθῶμεν
830 4730 942 4789 τοῖς
979 4728 1315 4797 είρημένοις”
1356 4727 1467 4796 ἐγὼ
1515 4727 1614 4797 μὲν
1642 4729 1803 4797 εὐχα-

232 4820 492 4886 ριστήσας
518 4817 595 4886 τῷ
620 4816 717 4888 τὴν
751 4818 951 4887 μικράν
1002 4835 1091 4887 μοι
1139 4818 1341 4888 ταύτην
1386 4818 1659 4873 διακονίαν
1706 4819 1798 4871 τοῦ

1914 4720 2377 4775 tissimasberhas
2416 4718 2733 4770 incitamur.
2780 4713 2875 4769 llis
2919 4731 3049 4783 quite.
3072 4714 3214 4769 dicta
3276 4714 3429 4771 luere
3465 4756 3480 4779 ,

1908 4816 2078 4868 simus
2108 4815 2369 4867 contenti.
2402 4810 2512 4879 Ego
2543 4810 2757 4878 quidem
2786 4808 2990 4877 gratias
3027 4823 3126 4877 ago
3153 4809 3221 4869 ei,
3255 4809 3344 4877 qui
3371 4812 3483 4865 exi-

230 4908 390 4976 λόγου
431 4910 812 4981 χαρισαμένῳ,
862 4911 1018 4980 ὑμεῖς
1066 4910 1121 4961 δὲ
1168 4910 1245 4979 τῷ
1288 4910 1626 4982 διατρέφοντι
1656 4912 1799 4980 ὑμᾶς
1905 4923 1913 4973 ι

1795 4930 1799 4965 _-
1905 4919 2061 4974 guam
2090 4904 2230 4957 hanc
2260 4902 2410 4956 verbi
2436 4900 2960 4953 administrationem
2986 4900 3113 4952 mihi
3142 4901 3436 4968 impertivit
3461 4917 3478 4968 ;

229 5002 351 5059 ταῖς
391 5003 788 5067 πνευματικαῖς
828 5003 1086 5070 τροφαῖς,
1138 4999 1197 5062 ὃς
1238 5001 1331 5052 καὶ
1383 4998 1477 5053 νῦν
1518 5002 1660 5071 ὑμᾶς
1689 4996 1797 5054 οἷον

229 5088 456 5157 κριθίνῳ
492 5090 599 5140 τινί
638 5090 788 5160 ἄρτῳ
826 5092 890 5160 τῇ
917 5089 1162 5160 εὐτελείᾳ
1189 5091 1287 5159 τῆς
1309 5091 1580 5161 ἡμετέρας
1618 5092 1800 5159 φωνῆς

224 5178 471 5249 διέθρεψε
493 5196 506 5208 ·
543 5181 634 5233 κα)⁵
656 5180 932 5253 διατρέφοι
970 5198 1032 5250 γε
1056 5183 1135 5245 είς
1174 5182 1281 5245 ἀεὶ,
1314 5182 1453 5234 κατά
1480 5182 1574 5253 τὴν
1613 5184 1801 5236 ἀναλο-

230 5422 395 5497 μιςιειί
423 5436 613 5497 sumus
645 5420 919 5497 Dircaeum,
946 5425 1048 5497 qui
1072 5426 1147 5479 ait
1171 5425 1271 5491 legi
1312 5438 1562 5493 oportere
1594 5427 1799 5497 μετρῆ-

227 5509 302 5564 τε.
333 5492 473 5564 Vult
495 5506 680 5545 rursus
714 5494 806 5564 vir»
829 5492 1176 5550 doctissimus
1201 5497 1300 5564 legi
1334 5492 1421 5549 liic
1443 5492 1641 5551 debere
1670 5492 1798 5550 ἕνα-

224 5559 536 5635 λ-(ιγίσησθε,
558 5577 663 5615 non
691 5562 1100 5631 ἀναλογίσασθε,
1133 5578 1186 5619 ιιι
1215 5559 1278 5619 inv
1298 5568 1521 5635 vulgatis
1552 5568 1795 5620 habetur.

226 5632 530 5729 {ﬁcil‘nostri
557 5648 924 5729 povemrmss.
970 5652 1141 5729 neque
1175 5632 1584 5729 ἀναλογίσησθε,
1627 5652 1798 5705 neque

226 5701 617 5771 ἀναλογίσασθε
652 5703 965 5769 ριἀξΐιιτιιηι,
1005 5701 1095 5759 sed
1118 5701 1544 5771 ἀναλογίζεσθαι.

297 5772 405 5846 (ξᾷ)
436 5770 508 5846 lt_a
528 5774 677 5826 multi
712 5788 837 5846 mss.
874 5777 933 5825 At
965 5776 1091 5828 editi
1125 5770 1472 5846 προσέϐαλεν.

295 5842 407 5906 (Η)
464 5843 567 5896 Sex
627 5860 755 5898 MISS.
811 5842 1181 5897 ἐκκλίνουςην.⁷
1236 5848 1371 5899 1⁸]·Ιίιί
1431 5846 1783 5909 ὲγι-εᾘνινιτιν.

228 5908 347 5966 M3.
375 5924 575 5982 :Cp'cm
606 5931 729 5968 ηυδε.
763 5928 955 5984 pm‘lcr
996 5918 1235 5972 Combt'l.
1273 5915 1500 5969 ἄπλετόν
1524 5934 1571 5969 τι
1624 5922 1779 5972 Λέιρδῐ

1907 5014 2004 5052 vos
2043 5012 2169 5051 vero
2196 5005 2379 5065 grates
2409 4993 2730 5063 persolvetis
2762 4993 2812 5045 ei
2845 4994 2934 5061 qui
2974 5006 3065 5046 vos
3108 4994 3481 5060 spiritualibus

1911 5090 2081 5142 nutrit
2112 5086 2408 5150 alimentis,
2433 5085 2523 5151 qui
2556 5086 2717 5137 etiam
2745 5100 2885 5137 nunc
2918 5098 3009 5138 vos
3031 5083 3179 5136 vocis
3209 5098 3341 5137 mete
3363 5088 3481 5137 exi-

1909 5182 2061 5235 litate
2115 5190 2369 5248 tauquam
2416 5180 2717 5233 hordeaceo
2765 5178 2997 5247 quodam
3066 5191 3204 5246 pane
3270 5179 3481 5232 enutri-

1901 5442 1953 5476 τι
1980 5426 2045 5475 ab
2077 5422 2257 5477 editis.

1976 5494 2088 5563 (75)
2113 5492 2289 5547 Editio
2314 5491 2475 5545 Basil.
2500 5505 2627 5563 cum
2650 5492 2891 5559 quinque
2918 5502 3048 5543 mss.
3081 5487 3177 5541 acad.
3218 5486 3341 5541 ὑπό.
3364 5485 3481 5540 Edi-

1906 5566 1978 5619 tio
2003 5564 2173 5616 Paris.
2197 5564 2291 5617 καὶ
2316 5566 2362 5615 oi
2406 5562 2529 5615 ὑπό.

1973 5634 2091 5741 (7’6).
2131 5632 2205 5688 lta
2260 5648 2449 5689 novem
2497 5646 2629 5686 mss.
2660 5631 2729 5684 At
2761 5630 2889 5685 cditi
2926 5628 3168 5699 μεγάλην
3195 5626 3290 5681 τοῦ
3340 5622 3482 5680 Θεοῦ

1903 5722 2111 5773 σοφίαν.

1973 5776 2083 5842 (77)
2119 5774 2227 5826 Duo
2262 5789 2387 5826 trss.
2416 5772 2593 5841 ἔχουσι
2629 5771 2805 5838 λόγον.

1971 5845 2081 5912 (⁷8)
2130 5845 2482 5921 (ἷυιηνυθηδξξι
2522 5841 2987 5921 ῖροσὸιὸσισθῆναι
3036 5844 3173 5898 Ε‹Ιίιῖ
3214 5861 3333 5900 cum
3360 5845 3477 5901 aliis

1898 5911 2065 5971 tribus
2098 5931 2221 5969 tuss.
2255 5911 2699 5984 προιὶιιῑατθῆναι.
