4262 6510
256 474 360 530 “9

1333 472 1619 529 llOMlLlA
1665 474 1750 529 VII
1787 474 1851 528 IN
1887 473 2379 528 IIEXAEMLBON.

3374 474 3475 530 150

251 590 470 654 κοῦντα,
505 584 612 644 οἷον
647 589 824 659 φῶκαι
855 589 948 644 καὶ
974 589 1213 658 δελφῖνες
1247 591 1339 642 καὶ
1371 592 1588 661 νάρκαι,
1630 590 1724 643 καὶ
1747 591 1812 642 τὰ
1844 597 1887 651 Α
1921 600 1932 640 1

1794 591 1887 651 “:A
1921 600 2045 652 tur,
2099 600 2156 642 nt
2210 590 2396 658 phocae
2426 628 2441 652 ,
2492 589 2810 655 delphines,
2880 587 3186 656 torpedines
3212 628 3228 652 ,
3284 597 3339 642 et
3393 591 3477 644 his

251 685 412 752 ὃμοια
451 682 686 745 τούτοις,
726 682 794 735 τὰ
825 681 1020 751 σελάχη
1051 680 1344 750 λεγόμενα;
1382 682 1442 733 ού
1473 681 1540 733 τὰ
1571 681 1812 743 ωοτόκα,

252 771 399 842 ἅπερ
434 772 548 824 ἐστὶ
586 771 762 824 πάντα
805 771 988 840 σχεδὸν
1029 770 1135 823 τῶν
1177 769 1372 840 ἰχθύων
1403 771 1469 822 τὰ
1505 772 1668 839 γένη;
1717 772 1814 841 ούχ

251 867 354 917 ὅσα
377 863 660 928 λεπιδωτὰ,
676 865 775 934 οὐχ
801 865 899 916 ὅσα
925 862 1185 932 φολιδωτὰ
1208 863 1338 932 (85),
1353 865 1451 932 οὐχ
1467 858 1546 926 οἷς
1563 866 1676 915 ὲστι
1696 880 1818 916 πτε-

254 957 415 1026 ρύγια
439 956 534 1008 καὶ
565 953 644 1020 οἷς
681 958 752 1026 μή
786 958 964 1017 ὲστινς
1007 955 1070 1006 'H
1105 955 1202 1023 μὲν
1246 956 1397 1025 φωνὴ
1445 954 1539 1008 τοῦ
1576 957 1814 1026 προστά-

250 1065 460 1117 γματος
518 1049 706 1119 μικρὰ,
763 1047 958 1118 μᾶλλον
1006 1046 1061 1098 δὲ
1106 1046 1228 1099 οὐδὲ
1262 1047 1430 1117 φωνὴ,
1483 1047 1619 1100 ἀλλὰ
1673 1048 1811 1119 ῥοπὴ

255 1142 413 1211 μόνον
453 1143 544 1194 καὶ
579 1142 720 1213 ὁρμὴ
761 1139 853 1192 τοῦ
894 1139 1223 1208 θελήματος·
1277 1141 1338 1192 τὸ
1385 1141 1441 1193 δὲ
1487 1142 1584 1212 τῆς
1630 1142 1688 1194 ἐν
1735 1139 1813 1210 τῷ

251 1233 635 1303 προστάγματι
663 1231 900 1294 διανοίας
928 1230 1191 1300 πολύχουν
1220 1231 1470 1284 τοσοῦτόν
1497 1233 1662 1293 ἐστιν,
1693 1231 1812 1282 ὅσαι

251 1327 346 1377 καὶ
390 1324 498 1390 (86)
545 1327 597 1376 αἱ
645 1322 750 1374 τῶν
807 1320 999 1392 ἰχθύων
1039 1323 1290 1393 διαφοραὶ
1337 1323 1430 1376 καί
1484 1322 1810 1390 κοινότητες,

250 1408 332 1479 οἷς
366 1418 497 1468 πᾶσι
535 1417 597 1467 δι’
628 1413 908 1484 ἀκριϐείας
957 1413 1262 1479 ἐπεξελθεῖν
1294 1414 1404 1465 ἴσον
1437 1415 1552 1466 ἐστὶ
1592 1414 1685 1465 καὶ
1717 1411 1813 1466 κύ-

254 1523 399 1576 ματα
439 1506 702 1572 πελάγους
730 1504 1178 1575 ἀπαριθμείσθαι,
1214 1504 1246 1575 ἢ
1275 1508 1393 1568 ταῖς
1419 1505 1668 1567 κοτύλαις
1695 1522 1813 1557 πει-

256 1596 454 1667 ρᾶσθαι
485 1596 544 1646 τὸ
569 1594 711 1666 ὕδωρ
740 1596 837 1665 τῆς
868 1595 1135 1665 Θαλάσσης
1178 1597 1524 1666 ἀπομετρεῐν.
1571 1598 1812 1666 Ἐξιιγα-

252 1688 398 1759 τέτω
421 1689 490 1740 τὰ
520 1687 704 1740 ὕδατα
730 1687 964 1755 ἑρπετά.
999 1688 1084 1739 Ἑν
1106 1687 1314 1751 τούτοις
1342 1689 1416 1741 ἔνι
1443 1688 1513 1740 τὰ
1537 1687 1808 1756 πελάται,

249 1781 319 1834 τὰ
348 1778 658 1849 αἰγιαλώδη,
683 1778 750 1832 τὰ
785 1779 962 1848 βύθια,
987 1780 1055 1833 τὰ
1088 1779 1353 1853 πετρώδη,
1381 1781 1446 1832 τὰ
1476 1780 1718 1846 ἀγελαῖα,
1745 1779 1812 1833 τὰ

251 1870 569 1940 σποραδικᾶ,
605 1871 670 1924 τὰ
724 1874 885 1942 κήτη,
928 1872 994 1924 τὰ
1041 1873 1350 1943 ὑπέρογκα,
1398 1871 1465 1922 τὰ
1509 1871 1810 1923 λεπτότατα

1916 682 2160 744 similia,
2209 697 2328 750 qua:
2391 682 2642 734 dicuntur
2705 679 3136 748 cartilaginosa?
3191 695 3370 735 annon
3415 697 3476 734 ea

1914 776 2298 842 comprehensa
2350 783 2472 826 sunt
2527 789 2646 844 quae
2706 788 2805 827 ova
2864 775 3064 838 edunt,
3120 774 3296 842 qualia
3351 786 3481 829 sunt

1913 870 2087 923 omnia
2119 869 2232 922 fere
2283 870 2505 936 piscium
2563 868 2808 936 genera?
2841 882 3014 920 nonne
3041 883 3325 936 squamosa
3356 883 3473 923 om-

1914 963 1998 1014 nia
2020 962 2043 1012 ?
2067 977 2242 1015 nonne
2273 962 2448 1016 omnia
2498 961 2761 1014 corticosa
2790 959 2813 1012 ‘l
2841 975 3013 1013 nonne
3047 960 3241 1027 quibus
3299 961 3480 1015 insunt

1911 1053 2108 1121 pinum,
2135 1063 2190 1106 et
2221 1053 2412 1119 quibus
2458 1067 2558 1104 non
2617 1061 2741 1105 sunt
2766 1051 2790 1103 ?
2815 1051 2928 1106 Vox
2979 1051 3192 1120 quidem
3225 1053 3476 1122 praecepti

1911 1156 2098 1209 parva,
2135 1143 2244 1195 imo
2274 1157 2339 1194 ne
2379 1157 2478 1194 vox
2512 1141 2749 1209 quidem,
2782 1142 2874 1195 sed
2903 1141 3071 1194 solum
3108 1150 3268 1195 nutus
3300 1152 3354 1196 et
3383 1159 3478 1197 vo-

1913 1231 2133 1284 luntatis
2168 1232 2434 1298 impetus:
2471 1239 2523 1283 at
2559 1246 2686 1284 vero
2730 1232 3032 1296 sententim,
3055 1246 3170 1295 quae
3194 1234 3246 1285 ln
3274 1247 3477 1302 praece-

1913 1333 2003 1391 pto
2025 1322 2308 1383 delitescit,
2344 1331 2487 1375 tanta
2513 1334 2598 1376 est
2650 1323 2902 1382 varietas,
2935 1333 3134 1392 quanta
3175 1333 3228 1376 et
3258 1322 3370 1392 ipsa
3399 1324 3479 1390 pi-

1912 1415 2082 1466 scium
2110 1412 2430 1474 ditl‘erentia,
2461 1423 2551 1466 aut
2579 1414 2829 1468 societas.
2865 1413 2993 1480 Qua:
3013 1415 3192 1468 omnia
3229 1426 3478 1470 accurate

1914 1521 2214 1570 recensere,
2238 1506 2458 1574 perinde
2481 1515 2561 1558 est
2594 1517 2754 1574 atque
2789 1506 2831 1558 si
2869 1507 3137 1574 quispiam
3167 1506 3360 1560 ﬂuctus
3389 1521 3480 1575 pe-

1915 1591 2012 1654 Ιθιςί
2047 1606 2387 1654 enumerare,
2427 1601 2518 1645 aut
2570 1607 2759 1647 manus
2801 1594 2915 1646 vola
2949 1611 3141 1664 aquam
3196 1596 3358 1648 maris
3386 1600 3478 1647 ad-

1914 1682 2088 1734 metiri
2147 1695 2451 1736 conaretur.
2498 1685 2800 1738 Prancant
2851 1703 2999 1754 aqua
3052 1687 3271 1750 reptilia.
3303 1687 3357 1739 ln
3398 1688 3480 1741 his

1913 1784 2038 1826 sunt
2060 1774 2284 1842 pelagia,
2319 1775 2554 1841 littniea,
2584 1777 2689 1832 alia
2715 1779 2766 1832 in
2801 1778 3060 1848 profundo
3085 1778 3347 1849 degentia,
3377 1780 3478 1834 alia

1914 1866 2079 1934 petris
2115 1867 2439 1918 adhaerentia
2483 1884 2495 1918 :
2533 1880 2658 1921 sunt
2714 1872 2972 1938 gregalia,
3029 1871 3300 1940 solivaga,
3341 1883 3478 1937 cete,

248 1962 354 2014 τῶν
404 1962 615 2032 ἰχθύων.
677 1965 752 2035 Τῇ
798 1964 906 2036 γὰρ
953 1966 1086 2034 αὐτῇ
1138 1964 1382 2034 δυνάμει,
1445 1965 1538 2016 καὶ
1592 1962 1668 2032 τῷ
1715 1963 1812 2033 ἴσῳ
1842 1958 1927 2013 Bt

1800 1983 1812 2014 )
1842 1958 1884 2013 Β
1915 1960 2130 2012 maximi
2161 1969 2215 2014 et
2252 1961 2594 2014 minutissimi
2622 1961 2814 2030 pisces.
2849 1963 3132 2017 Eniimero
3162 1967 3360 2021 virtute
3391 1983 3483 2021 ea-

249 2056 648 2125 προστάγματι,
683 2057 742 2108 τό
769 2074 822 2108 τε
863 2056 1002 2126 μέγα
1035 2057 1214 2108 καὶτὸ
1247 2057 1440 2125 μικρὸν
1477 2055 1814 2125 μεταλαγχά-

247 2145 440 2198 νειτοῦ
467 2142 622 2200 εἶναι.
663 2146 1023 2214 Ἐξιιγαγὲτω
1047 2147 1115 2199 τὰ
1143 2147 1342 2201 ὕδατα.
1377 2148 1581 2213 Ἔδειξέ
1613 2164 1692 2199 σοι
1713 2148 1812 2216 τὴν

248 2239 483 2307 φυσικὴν
538 2239 646 2290 τῶν
692 2238 899 2306 νηκτῶν
958 2238 1090 2307 πρὸς
1144 2240 1203 2292 τὸ
1256 2239 1399 2309 ὕδωρ
1464 2238 1805 2306 συγγένειαν·

245 2329 327 2381 διδ
371 2329 481 2399 (87)
525 2331 712 2399 μικρὸν
748 2331 795 2380 οἱ
848 2328 1025 2399 ἰχθύες
1075 2330 1430 2400 χωρισθέντες
1476 2329 1567 2381 τοῦ
1623 2329 1812 2391 ὕδατος

246 2421 662 2490 διαφθείρονται.
716 2421 847 2472 Οὐδὲ
895 2423 1003 2493 γὰρ
1061 2423 1270 2492 ἔχουσιν
1321 2422 1608 2490 ἀναπνοὴν,
1671 2420 1809 2472 ὥστε

248 2513 425 2565 ἕλκειν
469 2511 556 2563 τὸν
598 2511 733 2581 ἀέρα
768 2512 989 2565 τοῦτον·
1043 2514 1154 2566 ἀλλ’
1200 2515 1334 2583 ὅπερ
1383 2516 1490 2574 τοῖς
1539 2512 1810 2582 χερσαίοις

249 2607 396 2657 ἐστὶν
431 2605 555 2673 ἀὴρ,
592 2604 750 2657 τούτο
797 2606 874 2676 τῷ
922 2605 1118 2674 πλωτῷ
1149 2606 1291 2673 γένει
1325 2605 1384 2656 τὸ
1417 2604 1576 2674 ὕδωρ.
1616 2605 1724 2657 Καὶ
1777 2606 1809 2676 ἡ

249 2693 398 2744 αἰτία
451 2692 602 2763 δήλη.
655 2695 774 2746 Ὅτι
836 2697 964 2764 ἡμῖν
1024 2695 1118 2762 μὲν
1165 2695 1191 2744 ὁ
1238 2693 1490 2763 πνεύμων
1547 2694 1808 2761 ἔγκειται,

247 2783 437 2852 ἐιραιδν
473 2785 562 2836 καὶ
596 2784 898 2855 πολύπορον
930 2785 1248 2853 σπλάγχνον,
1277 2785 1304 2837 ὃ
1337 2785 1422 2836 διὰ
1459 2786 1556 2854 τῆς
1588 2785 1677 2837 τοῦ
1709 2783 1812 2836 θὼ-

252 2893 412 2946 ρακος
445 2878 724 2947 διαστολῆς
757 2877 845 2930 τὸν
875 2878 1013 2946 ἀέρα
1049 2878 1353 2948 δεχόμενον,
1388 2877 1448 2930 τὸ
1479 2878 1623 2930 ἕνδον
1654 2881 1685 2948 ἡ
1697 2878 1810 2948 μῶν

250 2969 450 3038 θερμὸν
475 2968 802 3038 διαρριςείζει
843 2969 934 3020 καὶ
967 2969 1227 3039 ἀναψύχει
1252 2987 1263 2999 '
1291 2971 1516 3033 ἐκείνοις
1553 2970 1607 3022 δὲ
1640 2972 1672 3040 ἡ
1704 2970 1812 3022 τῶν

252 3057 524 3127 βραγχίων
578 3057 826 3128 διαστολὴ
885 3058 974 3110 καὶ
1029 3059 1330 3122 ὲπίπτυξις,
1392 3058 1690 3127 δεχομένων
1754 3057 1812 3109 τὸ

252 3150 396 3222 ὕδωρ
422 3152 515 3204 καὶ
544 3152 802 3214 διιέντων,
840 3151 925 3203 τὸν
957 3151 1051 3218 τῆς
1100 3151 1371 3219 ἀναπνοῆς
1396 3150 1547 3218 λόγον
1575 3150 1812 3222 ἀποπλη-

251 3247 355 3315 ροῖ.
408 3245 563 3308 "lato;
615 3245 810 3314 κλῆρος
863 3243 967 3295 τῶν
1024 3243 1236 3312 ἰχθύων,
1280 3243 1382 3295 ἰδία
1417 3243 1595 3312 φύσις,
1636 3243 1812 3296 δίαιτα

251 3336 650 3404 κεχωρισμένη,
693 3335 985 3405 ἰδιότροπος
1022 3336 1053 3404 ἡ
1091 3333 1220 3406 ζωή.
1264 3336 1359 3388 Δια
1399 3335 1542 3388 τούτο
1580 3335 1698 3388 οὐδὲ
1735 3351 1814 3387 τι-

251 3425 607 3478 θασσεύεσθαί
638 3443 690 3478 τι
718 3426 825 3479 τῶν
865 3427 1076 3497 νηκτῶν
1117 3428 1489 3498 καταδέχεται,
1523 3428 1641 3481 οὐδὲ
1681 3427 1814 3490 ὅλως

251 3517 511 3587 ὑπομένει
546 3519 723 3590 χειρὸς
749 3520 1093 3591 ἀνθρωπίνης
1118 3520 1391 3590 ἐπιϐολήν.

321 3608 375 3663 2.
430 3608 789 3678 Ἐξαγειιγέτω
818 3609 889 3661 τὰ
911 3609 1096 3661 ὕδατα
1125 3609 1338 3676 ἑρπετὰ
1367 3608 1583 3678 ψυχῶν
1615 3607 1815 3669 ζωσῶν

250 3701 402 3753 κατὰ
446 3699 634 3767 γένος.
694 3698 952 3751 Ἐκὰστου
1007 3699 1194 3767 γένους
1240 3700 1339 3763 τὰς
1388 3700 1638 3768 ἀπαρχὰς
1695 3699 1809 3762 νῦν,

248 3791 414 3843 οἱονεὶ
444 3790 733 3861 σπέρματά
761 3807 879 3844 τινα
912 3794 1009 3862 τῆς
1042 3792 1274 3860 φύσεως,
1318 3790 1684 3861 προϐληθῆναι
1727 3808 1813 3842 κε-

248 3880 394 3932 λεύει
436 3880 578 3952 (88)°
613 3882 673 3934 τὸ
705 3881 760 3935 δὲ
796 3882 993 3951 πλῆθος
1040 3883 1215 3935 αὐτῶν
1260 3885 1314 3934 ὲν
1361 3886 1425 3953 τῇ
1461 3883 1596 3952 μετὰ
1645 3883 1813 3936 ταῦτα

248 3973 464 4043 διαδοχῇ
497 3973 846 4042 ταμιεύεται,
881 3976 1005 4027 ὅταν
1036 3975 1355 4040 αὐξάνεσθαι
1381 3976 1516 4028 αὐτὰ
1550 3979 1642 4030 καὶ
1675 3978 1812 4048 πλη⁹

249 4060 504 4112 θύνεσθαι
543 4062 655 4131 δέῃ.
701 4063 892 4114 Ἀλλου
929 4066 1116 4132 γένους
1154 4065 1268 4116 ἐστὶ
1301 4063 1365 4116 τὰ
1406 4065 1815 4138 ὀστρακόδερμα

250 4153 794 4222 προσαγορευόμενα·
827 4150 933 4206 οἷον
965 4155 1155 4225 κόγχαι
1175 4197 1188 4217 ,
1222 4158 1312 4209 καὶ
1339 4157 1524 4221 κτένες
1544 4198 1557 4221 ,
1595 4161 1687 4212 καὶ
1727 4177 1813 4211 κο-

248 4244 394 4314 χλίαι
438 4243 736 4312 θαλάσσιοι,
777 4248 870 4300 καὶ
917 4248 1196 4319 στρόμϐοι,
1244 4251 1337 4301 καὶ
1376 4251 1428 4302 αἱ
1473 4250 1661 4321 μυρίαι
1704 4251 1812 4303 τῶν

248 4337 485 4406 ὀστρέων
511 4338 777 4410 διαφοραί.
811 4341 971 4392 ’Λλλο
993 4342 1150 4393 πάλιν
1181 4341 1327 4411 παρὰ
1351 4341 1518 4394 ταῦτα
1542 4342 1714 4411 γένος,
1745 4342 1813 4394 τὰ

252 4429 674 4500 μαλακόστρακα
699 4433 1122 4502 προσειρημένα,
1151 4434 1401 4502 κάραϐοι,
1425 4436 1517 4487 καὶ
1544 4438 1809 4506 καρκῖνοι,

247 4524 339 4575 καὶ
363 4521 428 4574 τὰ
459 4523 811 4593 παραπλήσια
841 4523 1067 4586 τούτοις.
1105 4527 1327 4596 Ἕτερον
1356 4528 1502 4596 παρὰ
1525 4527 1690 4580 ταῦτα
1719 4528 1811 4595 γέ-

1913 2051 2032 2102 dein
2067 2059 2121 2103 et
2149 2052 2338 2118 aequali
2372 2061 2638 2120 praecepto
2673 2053 2874 2105 animal
2924 2063 3034 2105 tum
3084 2069 3333 2121 magnum
3369 2066 3478 2108 tum

1912 2158 2131 2212 parvum
2163 2143 2213 2195 in
2246 2143 2418 2196 lucem
2453 2142 2651 2196 editur.
2691 2143 3003 2198 Producunt
3035 2163 3204 2215 aqum.
3237 2145 3484 2202 Ostendit

1912 2235 2008 2290 tibi
2039 2252 2153 2288 eam
2187 2251 2346 2304 quam
2381 2237 2620 2291 natatilia
2681 2253 2801 2291 cum
2843 2239 2995 2307 aquis
3030 2239 3230 2293 habent
3254 2239 3482 2292 allinita-

1912 2341 2016 2382 tem
2045 2345 2058 2393 ;
2096 2344 2266 2396 eoque
2292 2331 2464 2397 pisces
2495 2331 2762 2399 paululum
2791 2333 2858 2384 ab
2903 2347 3041 2400 aqua
3080 2333 3293 2395 semoti,
3321 2332 3485 2384 inter-

1911 2432 2060 2476 eunt.
2104 2421 2288 2490 Neque
2337 2423 2478 2475 enim
2526 2422 2657 2490 ipsis
2709 2423 2848 2476 inest
2895 2424 3211 2491 respiratio,
3243 2433 3298 2476 ut
3345 2425 3484 2478 hunc

1913 2513 2119 2582 possint
2173 2513 2389 2566 trahere
2421 2529 2600 2567 aerem
2630 2531 2645 2566 :
2681 2514 2774 2567 sed
2827 2516 2969 2583 quod
3029 2515 3378 2567 terrestribus
3403 2523 3482 2568 est

1911 2619 2023 2663 aer.
2062 2604 2113 2657 id
2143 2619 2280 2672 aqua
2319 2615 2399 2658 est
2453 2605 2577 2658 huic
2633 2606 2935 2659 natatilinm
2991 2606 3196 2673 generi.
3230 2606 3292 2659 Et
3321 2621 3477 2658 causa

1913 2696 2054 2748 clara
2079 2704 2163 2748 est
2195 2705 2249 2747 et
2271 2696 2579 2750 manifesta.
2605 2695 2867 2750 Nimirum
2896 2695 2949 2750 in
2979 2697 3130 2749 nobis
3165 2706 3248 2749 est
3279 2696 3481 2764 pulmo,

1911 2786 2088 2840 viscus
2115 2801 2295 2840 rarum
2338 2801 2400 2840 ac
2441 2787 2622 2842 multis
2659 2789 2925 2841 meatibus
2955 2799 3166 2855 patens,
3203 2790 3344 2854 quod
3392 2801 3485 2855 per

1915 2876 2154 2931 thoracis
2203 2877 2586 2932 distensionem
2648 2891 2826 2931 aerem
2885 2879 3168 2944 recipiens,
3214 2879 3481 2932 internum

1915 2976 2158 3021 nostrum
2209 2966 2440 3021 calorem
2501 2968 2722 3022 ventilat
2775 2966 3159 3035 refrigeratque
3196 2983 3210 2998 ·
3279 2969 3328 3020 in
3383 2969 3484 3021 illis

1913 3073 2041 3114 vero
2091 3061 2474 3115 branchiarum
2539 3062 2799 3116 distensio
2863 3071 2917 3114 et
2973 3063 3312 3125 contractio,
3366 3077 3482 3131 qua!

1915 3167 2106 3219 aquam
2133 3155 2432 3220 suscipiunt
2469 3163 2522 3205 et
2545 3155 2819 3215 emittunt,
2847 3169 3040 3205 munus
3074 3168 3139 3206 ac
3173 3154 3340 3207 vicem
3388 3169 3485 3207 ex-

1838 3282 1879 3339 c
1914 3243 2059 3314 plent
2085 3245 2476 3312 respirationis.
2517 3244 2734 3312 Propria
2769 3245 2992 3313 piscium
3018 3255 3100 3298 est
3125 3259 3261 3303 sors.
3295 3257 3480 3296 natura

1915 3335 2151 3402 propria,
2186 3335 2358 3388 victus
2389 3345 2686 3402 separatus,
2739 3335 3021 3401 peculiaris
3058 3335 3180 3386 vita.
3224 3333 3342 3386 Ideo
3393 3350 3486 3387 ne-

1914 3439 2017 3491 que
2047 3424 2276 3478 cicurari
2315 3427 2607 3493 quidquam
2645 3441 2708 3478 ex
2744 3425 3056 3478 natuilihns
3085 3434 3280 3492 potest,
3317 3438 3486 3492 neque

1917 3516 2023 3568 ullo
2065 3518 2222 3570 modo
2255 3519 2503 3570 humana:
2537 3532 2728 3569 manus
2759 3525 3063 3569 contactum
3101 3515 3321 3583 patitur.

1983 3608 2035 3660 2.
2067 3608 2548 3675 Ρνοιιιιεαηιαιμιοε
2591 3607 2798 3670 reptilia
2846 3610 3136 3660 animarum
3176 3605 3482 3678 “virm-

1915 3699 2040 3750 tium
2064 3699 2344 3750 secundum
2370 3715 2550 3766 genus.
2591 3698 3026 3767 Uniuscnjnsqne
3051 3699 3262 3766 generis
3297 3698 3484 3764 primi-

1918 3785 2017 3840 tias
2047 3801 2208 3847 nnnc.
2246 3787 2399 3856 quasi
2447 3787 2689 3854 qnzcdam
2735 3799 2940 3841 naturae
2985 3789 3225 3850 semina,
3265 3791 3482 3860 produci

1909 3877 2062 3947 jubet
2093 3895 2105 3930 :
2136 3893 2322 3934 eorum
2381 3891 2560 3933 autem
2605 3880 2890 3934 multitudo
2927 3881 2978 3934 in
3016 3891 3320 3934 secuturam
3371 3898 3488 3934 suc-

1915 3974 2211 4027 cessionem
2250 3973 2571 4037 remittitur,
2613 3990 2732 4028 cum
2784 3990 2845 4026 ea
2897 3985 3048 4027 aucta
3089 3974 3386 4040 oportuerit
3423 3989 3485 4028 ac

1923 4065 2291 4133 multiplicata.
2340 4067 2578 4119 Alterius
2629 4067 2838 4132 generis
2887 4073 3010 4118 sunt
3061 4079 3122 4117 ea
3166 4080 3283 4132 qua:
3333 4067 3484 4118 testis

1913 4165 2097 4223 Operta
2162 4155 2443 4218 dicuntur,
2498 4171 2595 4209 ceu
2642 4158 2879 4217 εοιιριιιε,
2935 4157 3206 4224 pectines,
3251 4157 3485 4212 cochlea:

1915 4247 2154 4312 marinae,
2192 4250 2438 4314 stromhi,
2472 4258 2526 4302 et
2559 4248 2857 4303 innumera:
2903 4261 3205 4305 ostreorum
3235 4249 3486 4304 different-

1916 4341 2020 4393 tize.
2059 4339 2261 4394 Praeter
2297 4341 2407 4394 haec
2435 4340 2579 4393 aliud
2619 4356 2806 4396 rursus
2834 4355 3001 4407 genus
3035 4351 3160 4396 sunt
3199 4358 3318 4410 qua:
3357 4357 3484 4395 cru-

1914 4443 2091 4486 stacea
2152 4445 2452 4485 vocantur:
2485 4434 2736 4486 nimirum
2781 4434 3001 4496 carabi,
3043 4434 3246 4494 cancri,
3297 4441 3348 4485 et
3399 4434 3483 4486 his

1915 4524 2130 4578 similia.
2175 4524 2330 4577 Aliud
2378 4535 2572 4592 prwter
2627 4526 2737 4577 lucc
2787 4540 2952 4592 genus
2996 4533 3078 4577 est
3130 4538 3314 4578 eorum
3359 4539 3477 4592 quae

247 4635 334 4682 νος
372 4617 488 4671 ἐστὶ
521 4616 588 4670 τὰ
624 4616 860 4687 μαλάκια
899 4618 1038 4670 οὔτω
1077 4619 1619 4689 προσαγορευθέντα,
1672 4621 1810 4672 ὅσων
1843 4623 1884 4676 ο
1918 4637 1929 4671 ι

1787 4639 1810 4672 ν
1843 4623 1884 4676 D
1918 4619 2091 4672 mollia
2125 4619 2392 4688 appellant
2427 4635 2439 4670 :
2475 4633 2705 4686 quorum
2744 4634 2872 4674 caro
2914 4631 3099 4674 tenera
3130 4630 3214 4674 est
3252 4629 3304 4675 et
3333 4621 3470 4686 laxa,

248 4715 278 4780 ἡ
332 4713 466 4783 σὰρξ
511 4713 692 4783 ἁπαλὴ
724 4715 816 4765 καὶ
866 4713 1070 4782 χαύνηο
1107 4713 1434 4777 πολύποδες,
1471 4714 1562 4764 καὶ
1597 4713 1808 4782 σηπίαι,

248 4805 339 4856 καὶ
370 4806 438 4856 τὰ
476 4804 633 4872 ὃμοια
659 4804 886 4865 τούτοις.
920 4807 1029 4855 Καὶ
1061 4807 1116 4856 ἐν
1140 4806 1346 4868 τούτοις
1370 4806 1529 4859 πάλιν
1556 4806 1812 4876 διαφοραὶ

248 4895 458 4966 μυρίαι.
491 4896 790 4963 Δράκοντες
829 4895 936 4966 γὰρ
968 4897 1059 4947 καὶ
1097 4898 1354 4967 μύραιναι
1387 4899 1498 4965 (89)
1536 4901 1628 4950 καὶ
1660 4898 1813 4968 ἐγχέ-

245 4991 387 5052 λυες,
418 4991 472 5041 αἱ
499 4987 640 5039 κατὰ
669 4990 790 5050 τοὺς
823 4988 1059 5050 ίλυώδεις
1091 4993 1364 5058 ποταμοὺς
1391 4991 1480 5042 καὶ
1506 4991 1700 5058 λίμνας
1725 5007 1806 5057 γι-

243 5080 484 5149 νόμεναι,
519 5080 631 5140 τοῖς
672 5078 892 5141 ἰοϐόλοις
939 5077 1137 5148 μᾶλλον
1180 5078 1286 5130 τῶν
1321 5082 1583 5150 ἑρπετῶν,
1623 5080 1656 5150 ἢ
1695 5082 1807 5141 τοῖς

245 5174 422 5243 ἰχθύσι
465 5172 604 5226 κατὰ
643 5171 738 5241 τὴν
782 5174 1072 5243 ὁμοιότητα
1112 5173 1209 5243 τῆς
1253 5173 1465 5240 φύσεως
1519 5171 1807 5247 προσεγγί-

242 5269 446 5327 ζουσιν.
499 5264 659 5316 Ἀλλο
690 5265 842 5332 γένος
871 5266 931 5316 τὸ
958 5266 1064 5316 τῶν
1110 5266 1502 5326 ὼοτοκούντων,
1550 5266 1642 5317 καὶ
1681 5263 1810 5317 ἄλλο

241 5357 300 5408 τὸ
327 5355 437 5408 τῶν
473 5355 897 5421 ζωοτοκούντων.
940 5357 1204 5410 Ζωοτοκεῖ
1227 5356 1281 5410 δὲ
1322 5356 1387 5409 τὰ
1427 5355 1668 5426 γαλεώδη
1715 5354 1808 5407 καὶ

312 5629 425 5701 (85)
456 5627 545 5678 Sic
581 5629 710 5682 Duc.
757 5638 981 5696 uterque
1019 5627 1346 5701 etCombel‘.
1382 5644 1499 5681 cum
1523 5627 1658 5701 aliis
1691 5629 1806 5696 qni-

242 5701 274 5755 li
299 5699 462 5752 Isilatn
493 5715 616 5752 mss.
654 5701 837 5751 Nostra
868 5702 1030 5751 editio
1063 5700 1230 5751 Paris.
1259 5699 1558 5764 φωλιδωτὰ.

313 5773 423 5830 (86)
457 5770 525 5819 Ila
559 5785 684 5819 mss.
719 5771 891 5821 mulli.
932 5771 1084 5822 Αιιυδι
1130 5768 1218 5821 καί
1248 5773 1314 5819 ιιι)
1346 5774 1524 5822 editis.

313 5840 423 5903 (37)
459 5839 602 5892 linus
655 5855 751 5889 uis.
805 5840 870 5890 δι’
925 5841 1024 5890 ὅτι.
1077 5842 1361 5905 Aliquanto
1411 5851 1525 5905 post
1570 5838 1801 5905 quinque

244 5924 372 5963 Illei.
403 5910 482 5962 ὅτι
535 5911 662 5977 ἡμῖν
723 5910 818 5976 μὲν
869 5913 911 5961 δ.
967 5911 1116 5964 Deest
1170 5909 1264 5978 μέν
1309 5908 1357 5962 in
1431 5920 1652 5976 utraque
1691 5910 1793 5961 ειεξ-

1911 4711 1986 4762 ιιιί
2012 4711 2206 4779 polypi,
2240 4719 2291 4760 et
2322 4709 2502 4778 scpim,
2536 4719 2834 4779 cmtet‘aque
2879 4712 3158 4778 ejusmodi.
3191 4711 3254 4764 Et
3287 4713 3338 4764 in
3372 4712 3472 4765 illis

1913 4805 2104 4854 iterum
2163 4801 2385 4855 inl'initze
2437 4804 2778 4871 reperiuntur
2844 4802 3149 4854 varietates.
3209 4800 3478 4856 Dracones

1911 4896 2074 4960 enim,
2107 4910 2380 4958 muraenae,
2413 4906 2465 4950 et
2500 4896 2746 4966 anguilla:
2773 4895 2824 4948 in
2855 4896 3061 4949 limosis
3087 4893 3394 4950 ﬂuminibus
3425 4904 3480 4949 et

1914 4990 1963 5040 in
2021 4988 2227 5056 stagnis
2279 4999 2597 5053 nascentes,
2636 4988 2916 5054 reptilihus
2970 4987 3254 5040 venenatis
3311 4988 3481 5055 magis

1912 5095 2070 5146 qnam
2097 5077 2494 5146 piscibusjnxta
2524 5088 2732 5132 naturae
2756 5077 3162 5131 similitudinem
3193 5081 3478 5134 accedunt.

1913 5168 2188 5225 Pertinent
2217 5172 2280 5222 ad
2343 5171 2485 5224 aliud
2539 5185 2708 5239 genus
2759 5185 2821 5224 ea
2875 5185 2993 5239 qua:
3031 5184 3216 5232 ovum,
3247 5170 3311 5221 ad
3339 5169 3480 5224 aliud

1914 5278 2040 5315 vero
2063 5278 2122 5314 ea
2154 5279 2270 5329 qua:
2309 5263 2508 5315 animal
2552 5263 2785 5331 pariunt.
2819 5261 3114 5316 I'rocreant
3158 5271 3336 5315 autem
3365 5263 3482 5316 ani-

1914 5354 2016 5407 mal
2044 5371 2106 5409 ea
2143 5370 2260 5424 qua:
2301 5355 2574 5410 mustelini
2617 5356 2830 5425 generis
2869 5362 3071 5408 suntet
3092 5352 3313 5422 cynisci,
3347 5363 3399 5406 et
3427 5355 3480 5407 in

1913 5627 2072 5680 tione.

1983 5700 2093 5765 (ὃὸ)
2152 5700 2282 5768 Reg.
2328 5707 2512 5751 sextus
2555 5714 2675 5748 cum
2723 5697 2871 5749 (Iulli.
2925 5693 3475 5768 ιιιξίιιιιιᾲὲμϐληθῆναι

1911 5768 2134 5821 κελεύει.
2181 5765 2376 5822 Ibidem
2423 5779 2650 5834 quatitur
2693 5784 2820 5819 tnss.
2849 5769 2908 5820 τὸ
2936 5766 2987 5818 δὲ
3045 5765 3262 5834 πλῆθος.
3315 5768 3476 5819 Ahest

1907 5837 1959 5889 δέ
1985 5842 2050 5888 ah
2081 5844 2310 5891 t‘Xt'llSlS.

1979 5913 2086 5977 (ﬁll)
2120 5909 2264 5962 .\lulti
2301 5925 2426 5962 mss.
2465 5909 2554 5959 καὶ
2585 5905 2895 5975 σμύραιναι.
