4262 6532
748 435 851 494 151

2092 440 2149 494 S.
2195 439 2443 495 BASILII
2485 441 2697 496 MAGNI

3898 442 4011 498 152

744 571 977 619 summa,
1013 570 1075 609 ea
1102 571 1219 626 qua:
1262 557 1645 627 cartilaginosa
1688 567 1964 611 vocantur.
1992 558 2129 624 Quin
2161 560 2326 613 etiam
2359 583 2403 635 Α

2325 583 2403 635 ιΑ
2431 560 2479 611 οἰ
2533 560 2777 613 κυνίσκοι
2822 560 2953 630 (90),
2998 560 3089 613 καὶ
3127 560 3461 624 ἁπαξαπλῶς
3496 562 3562 613 τὰ
3606 560 3803 630 σελαχη
3855 560 4008 629 λεγό-

747 647 891 705 inter
918 655 1070 714 cete,
1103 648 1332 717 plurima
1368 657 1497 703 sunt
1546 661 1666 718 qum
1710 648 1909 701 animal
1943 650 2185 719 gignunt,
2213 650 2327 703 del-

746 736 946 805 phines
975 746 1031 791 et
1054 736 1265 805 phocae,
1294 751 1416 806 quae
1448 750 1575 792 suos
1612 737 1820 792 catulos
1862 746 2109 793 recentes
2154 740 2331 794 adhuc

748 840 809 879 ac
843 840 1081 890 teneros,
1114 826 1291 895 aliqua
1324 842 1391 882 ex
1424 842 1588 882 causa
1630 830 1974 898 perterritos,
2006 830 2059 884 in
2090 840 2329 885 ventrem

750 921 926 972 denuo
957 918 1246 983 admissos,
1279 917 1333 973 in
1375 918 1596 973 tutelam
1643 934 1796 973 suam
1821 921 2063 988 recipere
2098 936 2328 975 narran-

753 1018 858 1062 tur.
901 1007 1206 1063 Producant
1230 1026 1379 1079 aqua:
1399 1011 1555 1079 juxta
1578 1027 1757 1081 genus.
1776 1010 1936 1064 Aliud
1970 1023 2210 1066 cetorum
2243 1028 2331 1081 ge-

752 1115 874 1161 nus,
900 1100 1045 1155 aliud
1067 1101 1385 1173 exiguorum
1415 1104 1664 1171 piscium.
1690 1103 1893 1158 Rursus
1911 1104 1965 1156 in
1993 1104 2232 1172 piscibus
2257 1106 2335 1159 iu-

754 1206 991 1247 numerze
1024 1202 1151 1247 sunt
1180 1192 1503 1248 dill'erentie
1541 1196 1834 1249 secundum
1867 1212 2065 1264 genera
2100 1196 2287 1250 divisa:
2318 1214 2332 1251 :

748 1301 973 1355 quarum
1004 1295 1061 1341 et
1089 1288 1305 1341 nomina
1333 1287 1568 1356 propria,
1600 1297 1655 1342 et
1683 1288 1997 1342 alimentum
2029 1292 2330 1356 diversum,

747 1386 802 1431 et
851 1376 1055 1447 ﬁgura,
1109 1386 1166 1430 et
1195 1379 1525 1447 magnitudo,
1579 1387 1633 1433 et
1691 1380 1935 1434 carnium
1992 1380 2328 1449 qualitates:

748 1471 932 1524 omnia
982 1470 1234 1524 maximis
1280 1470 1421 1523 inter
1473 1485 1531 1525 se
1577 1470 1896 1525 dill'erenliis
1953 1474 2225 1536 distincta,
2281 1472 2332 1525 in

755 1563 875 1616 aliis
905 1571 1067 1631 atque
1114 1562 1237 1616 aliis
1275 1562 1562 1631 speciebus
1601 1565 2021 1617 constituuntur.
2058 1564 2158 1629 Qui
2209 1572 2333 1617 sunt

752 1653 918 1722 igitur
980 1654 1311 1708 thunnorum
1341 1652 1735 1723 exploratores,
1767 1655 1859 1723 qui
1890 1655 2099 1709 diversa
2150 1668 2334 1708 eorum

754 1760 950 1814 genera
1012 1747 1170 1800 nobis
1220 1758 1541 1799 enumerare
1598 1745 1809 1814 possint
1852 1745 1874 1798 ’ἰ
1913 1745 2228 1813 Quanquam
2282 1744 2334 1796 in

756 1837 967 1903 magnis
1024 1836 1255 1906 piscium
1312 1836 1564 1905 gregibus
1609 1836 1871 1891 dicuntur
1915 1836 2078 1889 etiam
2121 1834 2334 1889 illorum

2436 666 2595 721 μενα.
2628 652 2737 704 Καὶ
2765 652 2869 704 τῶν
2901 651 3081 724 κητῶν
3111 651 3177 704 τὰ
3208 652 3433 706 πλεῖστα
3464 652 3732 715 ζωοτοκα·
3763 654 4011 722 δελφῖνες

2432 742 2530 794 καὶ
2560 740 2776 811 φῶκαι,
2808 742 2843 795 ἃ
2877 743 2979 815 καί
3013 745 3239 814 νεαροὺς
3270 742 3350 795 ἔτι
3380 744 3505 807 τοὺς
3541 744 3846 815 σκύμνους,
3890 744 4011 798 δια-

2432 831 2767 900 πτοηθέντας
2793 832 2895 884 ὑπὸ
2917 813 3093 896 αἰτίας
3113 813 3277 897 τινὸς,
3304 834 3520 901 λέγεται
3542 813 3697 890 πάλιν
3713 840 3778 909 τῇ
3810 837 4011 907 γαστρὶ

2432 923 2802 994 ὑποδεχόμενα
2852 925 3239 994 περιστέλλειν.
3289 925 3653 995 Ἐξαγαγέτω
3697 928 3767 981 τὰ
3818 927 4015 981 ὕδατα

2434 1017 2584 1071 κατὰ
2619 1016 2731 1087 (91)
2766 1016 2958 1087 γένος.
3003 1017 3227 1089 Ἕτερον
3266 1019 3426 1087 γένος
3452 1018 3513 1072 τὸ
3540 1019 3793 1088 κητῶδες,
3828 1020 4016 1074 καὶτὸ

2434 1107 2540 1160 τῶν
2570 1106 2784 1160 λεπτῶν
2820 1106 3015 1176 ἰχθύων
3042 1107 3246 1179 ἕτερον.
3280 1108 3450 1163 Πάλιν
3482 1110 3539 1161 ὲν
3563 1111 3674 1171 τοῖς
3696 1110 3882 1185 ἰχθύσι
3916 1128 4015 1180 μυ-

2438 1201 2549 1271 ρίαι
2574 1202 2828 1272 διαφοραὶ
2849 1200 2989 1254 κατὰ
3011 1200 3140 1271 γένη
3166 1201 3489 1275 διῃρημέναι
3510 1219 3521 1231 ·
3546 1195 3620 1255 ὧν
3651 1203 3743 1254 καὶ
3768 1204 4016 1274 ὀνόματα

2436 1294 2690 1353 formarat
2722 1292 2893 1363 τροφὴ
2916 1291 3363 1364 παρηλλαγμένη,
3398 1296 3492 1347 καὶ
3531 1295 3738 1366 σχῆμα,
3776 1296 3874 1347 καὶ
3909 1295 4011 1366 μέ-

2435 1385 2617 1452 γεθος,
2649 1388 2741 1439 καὶ
2770 1385 2988 1457 σαρκῶν
3014 1385 3313 1455 ποιότητες,
3340 1387 3515 1441 πάντα
3534 1387 4015 1458 μεγίσταιςδιαφο-

2439 1483 2556 1548 ραίς
2587 1479 2832 1549 ἀλλήλων
2863 1478 3277 1549 κεχωρισμένα,
3314 1480 3406 1531 καὶ
3436 1483 3493 1533 ὲν
3528 1481 3734 1551 ἑτέροις
3770 1481 3864 1533 καὶ
3901 1481 4015 1533 ἑτέ-

2439 1589 2552 1642 ροις
2583 1573 2746 1625 εἴδεσι
2786 1571 3123 1625 καθεστῶτα.
3174 1573 3322 1625 Ποϊοι
3372 1572 3469 1642 μὲν
3512 1570 3606 1627 οὖν
3657 1573 4013 1629 θυννοσκόποι

2436 1665 2543 1716 τῶν
2576 1665 2747 1733 γενῶν
2792 1668 2890 1730 τὰς
2928 1666 3191 1737 διαφορὰς
3227 1668 3360 1736 ἡμῖν
3396 1667 3885 1740 ἁπαριθμήσασθαι
3927 1667 4016 1721 δύ-

2438 1774 2657 1823 νανται;
2704 1758 2896 1811 Καίτοι
2942 1763 3101 1827 φασιν
3142 1761 3338 1825 αὐτοὺς
3375 1762 3433 1812 ὲν
3492 1760 3749 1829 μεγάλαις
3788 1760 4013 1828 ἀγέλαις

2443 1846 2638 1917 ἰχθύων
2662 1849 2862 1901 καὶτὸν
2885 1849 3113 1919 ἀριθμὸν
3139 1850 3519 1919 ἀπαγγέλλειν.
3547 1852 3641 1914 Τίς
3667 1851 3722 1903 δὲ
3750 1851 3859 1903 τῶν
3884 1852 4012 1921 περὶ

755 1943 1040 1982 numerum
1058 1927 1354 1983 declarare.
1370 1927 1500 1995 Quis
1528 1942 1658 1983 vero
1681 1943 1747 1983 ex
1776 1929 1844 1982 iis
1868 1929 1958 1996 qui
1983 1928 2127 1982 circa
2151 1926 2330 1981 littora

2370 2007 2402 2012 _
2440 1937 2717 2005 αἰγιαλοὺς
2750 1938 2843 1991 καὶ
2875 1938 3049 2002 ἀκτὰς
3090 1940 3585 2010 καταγηρασάντων
3616 1939 3837 1993 δύναται
3880 1942 4013 2012 ἡμῖν

755 2032 820 2072 ac
850 2018 1000 2088 ripas
1028 2032 1384 2086 consenuere,
1424 2021 1670 2074 Omnium
1728 2020 1882 2073 nobis
1926 2018 2208 2073 historiam
2246 2034 2336 2072 ac-
2370 2007 2438 2061 Βη

2332 2048 2336 2057 '
2370 2007 2409 2061 Β
2437 2030 2534 2100 τὴν
2577 2031 2817 2101 ἱστορίαν
2853 2031 3069 2085 πάντων
3097 2032 3164 2084 δι’
3194 2007 3474 2103 ἀκριϐείας
3508 2034 3809 2105 γνωρίσαι;
3846 2007 4015 2088 ’Ᾰλλα

753 2120 943 2165 curate
986 2109 1295 2178 patefacere
1329 2124 1394 2163 ac
1430 2110 1672 2166 indicare
1716 2109 1932 2163 valeat?
1966 2110 2085 2163 Alia
2142 2124 2334 2179 genera

754 2213 1081 2274 cognoscunt
1122 2203 1213 2272 qui
1248 2203 1303 2256 in
1338 2201 1523 2258 lndico
1554 2202 1687 2257 mari
1731 2201 2010 2270 piscamur
2041 2218 2054 2253 :
2089 2200 2214 2265 alia,
2245 2202 2337 2270 qui

755 2297 811 2349 in
861 2294 1116 2366 Egyptio
1168 2295 1336 2350 sinu:
1387 2295 1518 2360 alia,
1581 2294 1850 2350 insulares
1890 2311 1904 2345 :
1953 2294 2083 2360 alia,
2118 2292 2340 2346 Mauru-

754 2389 841 2441 sii.
868 2386 1060 2443 Omnia
1107 2402 1289 2443 autem
1333 2389 1613 2458 mqualiter
1648 2398 1759 2442 tum
1794 2402 1957 2455 parva
2003 2397 2114 2440 tum
2146 2401 2337 2456 magna

756 2482 987 2550 primum
1025 2480 1152 2535 illud
1201 2483 1539 2545 mandatum,
1577 2491 1633 2533 et
1692 2480 2072 2533 inenarrabilis
2106 2480 2193 2532 illa
2252 2496 2341 2549 po-

759 2574 926 2626 tentia
974 2574 1305 2640 procreavit.
1353 2572 1516 2625 nulla
1548 2573 1761 2625 vivendi
1819 2572 2106 2625 diversitas
2150 2588 2163 2622 :
2204 2572 2342 2625 mul-

757 2674 869 2719 tum
932 2666 1081 2721 circa
1167 2664 1591 2733 uniuscuiusque
1667 2665 1883 2732 generis
1942 2663 2339 2718 successionem

754 2758 1067 2813 discrimen.
1130 2756 1245 2812 Non
1297 2766 1356 2811 ut
1414 2772 1577 2822 aves,
1617 2759 1734 2812 ovis
1802 2758 2061 2812 incubant
2112 2756 2339 2826 piscium

2440 2121 2799 2192 γνωρίζουσιν
2831 2125 2879 2176 oi
2922 2126 3019 2195 τὴν
3078 2124 3302 2195 Ἰνδικὴν
3352 2124 3655 2188 ἁλιεύοντες
3704 2124 4013 2179 θάλασσαν’

2438 2213 2568 2267 ἄλλα
2596 2215 2645 2267 οἰ
2681 2215 2771 2267 τὸν
2802 2216 3097 2284 Αἰγύπτιον
3124 2216 3452 2287 ἀγρεύοντες
3484 2216 3712 2269 κόλπον·
3746 2216 3883 2271 ἄλλα
3919 2236 4016 2288 νη-

2440 2307 2661 2360 σιῶταιο
2703 2309 2796 2361 καὶ
2826 2308 2959 2362 ἄλλα
2998 2308 3355 2380 Μαυρούσιοι.
3396 2310 3578 2361 Πάντα
3613 2307 3668 2361 δὲ
3697 2308 3900 2379 ὁμοίως
3929 2326 4019 2379 μισ

2439 2400 2547 2470 κρά
2576 2416 2633 2451 τε
2658 2400 2750 2452 καὶ
2778 2398 2986 2469 μεγάλα
3016 2399 3076 2451 τὸ
3110 2399 3323 2468 πρῶτον
3357 2401 3533 2451 ἐκεῖνο
3564 2400 3896 2469 πρόσταγμα
3925 2401 4019 2453 καὶ

2440 2492 2473 2559 ἡ
2499 2491 2701 2557 ἄφατος
2726 2490 2905 2559 ἐκείνη
2937 2491 3225 2560 παρήγαγε
3251 2490 3498 2561 δύναμις.
3529 2490 3722 2543 Πολλαὶ
3746 2492 3856 2545 τῶν
3886 2491 4017 2561 βίων

2442 2581 2497 2634 αἰ
2552 2580 2919 2649 παραλλαγαί·
2964 2580 3155 2633 πολλαὶ
3202 2580 3295 2634 καὶ
3343 2584 3398 2634 αἱ
3435 2581 3563 2651 περὶ
3613 2580 3712 2645 τὰς
3762 2581 4019 2653 διαδοχὰς

2442 2672 2671 2723 ἑκάστου
2698 2671 2888 2738 γένους
2931 2672 3200 2741 διαφοραί.
3238 2674 3351 2725 υύκ
3384 2672 3722 2735 ὲπωάζουσιν
3767 2675 3818 2725 οἰ
3867 2674 4018 2726 πλεῖ-

2444 2780 2557 2815 στοι
2600 2762 2708 2814 τῶν
2744 2760 2938 2831 ἰχθύων
2966 2762 3152 2832 ὥσπερ
3186 2765 3241 2814 αἰ
3267 2763 3499 2831 ὄρνιθες,
3530 2765 3653 2817 οὔτε
3686 2766 3879 2829 καλιὰς
3914 2768 4021 2838 πή-

757 2850 972 2920 plurimi
1005 2865 1149 2906 :non
1199 2855 1524 2905 construunt
1575 2850 1752 2915 nidos,
1782 2865 1965 2919 neque
1990 2865 2112 2903 eum
2160 2848 2341 2902 labore

2338 2870 2341 2897 ε
2440 2872 2698 2925 γνυνται,
2729 2853 2853 2907 οὔτε
2903 2853 3041 2924 μετὰ
3086 2854 3261 2906 πόνων
3303 2857 3659 2926 ἐκτρέφουσιν
3706 2859 3918 2910 ἑαυτῶν
3952 2860 4021 2912 τὰ

754 2960 882 2999 suos
915 2945 1191 2999 enutriunt
1217 2945 1358 2999 fetus
1386 2961 1402 3001 :
1431 2944 1526 2998 sed
1563 2959 1703 3012 aqua
1748 2943 1993 3011 elapsum
2036 2957 2196 2995 ovum
2229 2958 2341 2997 sus-

2339 2975 2341 2982 ·
2441 2948 2639 3017 ἔκγονα
2664 2964 2677 2977 ⁸
2729 2947 2865 3001 ἀλλὰ
2914 2947 2973 3000 τὸ
3024 2946 3186 3017 ὕδωρ,
3224 2946 3621 3018 ὑποδεξάμενον
3674 2950 3911 3003 ἐκπεσὸν
3960 2953 4022 3005 τὸ

755 3037 979 3105 cipiens,
1004 3037 1202 3091 animal
1232 3036 1415 3091 etﬂcit.
1456 3035 1594 3101 Quin
1628 3044 1682 3088 et
1735 3035 2086 3091 immutabilis
2136 3048 2189 3091 et
2220 3053 2340 3090 cum

2339 3081 2340 3086 η
2440 3041 2568 3105 ibi»,
2620 3040 2759 3105 ζῶον
2806 3040 3081 3111 ἐποίησεν.
3118 3040 3225 3093 Καὶ
3269 3040 3480 3109 ἑκάστῳ
3523 3039 3669 3107 γένει
3722 3041 3755 3110 ἡ
3802 3040 4022 3113 διαδοχὴ

760 3128 931 3180 altera
991 3136 1181 3181 natura
1236 3127 1569 3183 insociabilis
1626 3129 1904 3183 successio
1963 3128 2102 3182 inest
2160 3128 2342 3196 generi

2334 3129 2342 3181 i
2444 3132 2861 3202 ἀπαράλλακτος
2899 3132 2993 3186 καὶ
3024 3132 3379 3202 ἀνεπίμικτος
3413 3131 3550 3202 πρὸς
3584 3131 3778 3201 ἑτέραν
3818 3132 3985 3199 φύσιν
4006 3150 4017 3162 ·

764 3219 1075 3286 unicuique.
1129 3218 1244 3274 Non
1303 3220 1447 3275 velut
1486 3220 1751 3276 mulorum
1789 3221 1842 3275 in
1891 3232 2057 3285 terra,
2093 3229 2346 3289 autqua-
2444 3245 2447 3267 ε

2340 3248 2346 3261 ι
2444 3222 2541 3292 οὐχ
2573 3216 2681 3275 οἷαι
2718 3224 2823 3276 τῶν
2861 3227 3096 3294 ἡμιόνων
3125 3224 3216 3277 ἐπὶ
3245 3226 3341 3295 τῆς
3369 3225 3588 3295 χέρσου,
3643 3225 3677 3295 ἢ
3722 3224 3815 3277 καί
3859 3242 4023 3277 τινων

761 3311 1010 3365 rumdam
1057 3311 1334 3367 volucrum
1375 3314 1778 3382 permistiones,
1800 3314 1998 3384 quibus
2029 3314 2341 3367 adulteran-
2370 3339 2415 3399 ε

2370 3339 2415 3399 C
2447 3311 2676 3382 ὀρνίθων
2700 3312 2993 3365 έπιπλοκαὶ
3016 3313 3546 3382 παραχαρασσόντων
3571 3312 3641 3365 τὰ
3671 3311 3825 3382 γένη.
3855 3311 4024 3363 Οὐδὲν

764 3411 851 3456 tur
876 3417 1097 3473 genera.
1138 3403 1354 3459 Nullum
1390 3406 1616 3475 piscium
1648 3420 1817 3475 genus
1847 3404 2069 3460 dimidia
2093 3420 2158 3459 ex
2190 3412 2344 3474 parte
2446 3432 2447 3437 η

2338 3423 2344 3456 ι
2446 3401 2599 3474 παρὰ
2626 3403 2739 3464 τοῖς
2766 3400 2973 3471 ἰχθύσιν
3007 3401 3066 3464 ἐξ
3086 3402 3341 3471 ἡμισείας
3367 3400 3632 3454 ὥπλισται
3655 3406 3767 3465 τοῖς
3789 3402 4021 3465 ὀδοῦσιν,

764 3488 1092 3543 instructum
1117 3499 1199 3544 est
1230 3492 1505 3557 dentibus,
1538 3504 1595 3547 ut
1635 3496 1731 3548 bos
1758 3503 1812 3550 et
1852 3496 1970 3550 ovis
2018 3495 2160 3563 apud
2196 3509 2294 3548 nos
2326 3510 2339 3547 :
2444 3522 2447 3541 ς

2444 3496 2520 3559 ὼς
2548 3493 2675 3566 βοῦς
2707 3494 2839 3564 παρ’
2867 3494 2997 3563 ἡμῖν
3026 3494 3120 3544 καὶ
3162 3492 3433 3562 πρόϐατον
3455 3509 3467 3522 ·
3496 3493 3615 3544 οὐδὲ
3650 3494 3759 3564 γὰρ
3789 3499 4025 3567 μηρυχί-

765 3595 943 3649 neque
967 3583 1111 3636 enim
1148 3583 1383 3650 ipsorum
1412 3586 1699 3654 quisquam
1734 3588 1991 3652 ruminat,
2025 3588 2127 3643 nisi
2160 3603 2345 3643 scarus
2447 3619 2448 3628 ι

2340 3605 2345 3637 ι
2447 3587 2526 3649 ζει
2552 3604 2604 3639 τι
2632 3585 2759 3657 παρ’
2790 3585 2993 3647 αὐτοῖς,
3024 3584 3072 3636 εἰ
3103 3582 3177 3654 μὴ
3203 3581 3295 3635 τὸν
3326 3583 3524 3652 σκάρον
3558 3584 3718 3653 μόνον
3750 3585 4023 3656 ἱστοροῦσί

763 3676 911 3729 solus
940 3676 1236 3732 secundum
1279 3679 1636 3747 quorumdam
1680 3680 2069 3735 narrationem.
2104 3681 2174 3733 At
2217 3695 2344 3734 vero

2341 3705 2344 3723 ι
2446 3697 2604 3743 τινες.
2647 3680 2831 3733 Πάντα
2863 3678 2918 3731 δὲ
2951 3676 3238 3743 ὀξυτάταις
3276 3678 3481 3746 ακμαῖς
3521 3675 3747 3727 ὀδόντων
3780 3693 4024 3729 καταπε-

764 3781 957 3821 omnes
1017 3767 1195 3836 pisces
1230 3769 1545 3823 acutissima
1592 3769 2045 3823 condensatorum
2104 3770 2341 3825 dentium

2448 3769 2747 3834 πύκνωται,
2786 3768 2872 3819 ἵνα
2904 3767 2978 3837 μὴ
3017 3769 3081 3836 τῇ
3117 3765 3306 3837 χρονίᾳ
3339 3765 3572 3835 μασήσει
3600 3765 3631 3833 ἠ
3662 3763 3835 3833 τροφὴ
3872 3762 4024 3834 διαρα

766 3860 885 3912 acie
911 3863 1363 3928 communiuntur,
1410 3878 1475 3915 ne
1506 3877 1629 3916 esca
1675 3860 1801 3915 dum
1837 3860 2037 3914 diutius
2073 3864 2347 3916 manditur

2341 3881 2347 3893 ι
2450 3862 2580 3933 ῥέῃ·
2616 3859 2804 3931 ἔμελλε
2857 3859 2984 3929 γὰρ,
3022 3860 3070 3910 εἰ
3130 3858 3204 3927 μὴ
3244 3856 3409 3921 ὀξέως
3456 3854 3908 3925 κατατεμνομένη
3958 3856 4024 3926 τῇ

764 3947 971 4003 dillluat
1019 3972 1030 4005 :
1074 3952 1175 4006 nisi
1221 3953 1367 4006 enim
1408 3954 1663 4008 celeriter
1725 3954 1960 4009 dissecla
2007 3954 2057 4006 in
2105 3965 2344 4009 ventrem

2343 3998 2344 4004 η
2447 3954 2644 4024 γαστρὶ
2679 3950 3091 4023 παρεπέμπετο,
3138 3952 3195 4001 ὲν
3227 3951 3293 4019 τῇ
3334 3949 3714 4020 λεπτοποιὴσει
3745 3946 4026 4019 διαφορεῖ-

766 4042 1165 4107 detnlderetnr,
1196 4051 1484 4098 extenuata
1536 4060 1631 4113 per
1665 4061 1861 4115 aquam
1892 4046 2273 4116 dissiparetnr.

1571 4060 1631 4098 er
1665 4061 1861 4115 aquam
1892 4046 2273 4116 dissiparetnr.
2451 4046 2571 4098 σθαι
2597 4045 2747 4116 παρὰ
2781 4045 2891 4116 (92)
2918 4044 3011 4097 τοῦ
3045 4043 3251 4105 ὓδατος.

834 4132 942 4205 65
966 4134 1000 4188 5
1054 4136 1212 4188 Διέυά
1258 4146 1435 4189 autem
1466 4135 1589 4189 aliis
1627 4138 1863 4205 piscibus
1904 4140 2233 4192 destinatqu
2269 4149 2350 4195 est

766 4225 1085 4280 alimentum
1106 4231 1403 4281 secundum
1431 4243 1623 4297 genus.
1644 4228 1871 4293 Quidam
1895 4233 2038 4285 enim
2060 4233 2210 4297 limo,
2231 4234 2349 4303 qni-

769 4321 891 4372 dum
923 4334 1053 4375 vero
1102 4320 1219 4391 alga
1265 4322 1702 4388 vescuntur;alii
1754 4322 1936 4377 herbis
1978 4324 2031 4376 in
2081 4340 2219 4393 aqua
2255 4340 2342 4379 na-

769 4414 1050 4468 secutibus
1100 4425 1227 4468 sunt
1284 4418 1551 4469 contenti.
1591 4417 1815 4481 Contra,
1862 4416 2090 4485 piscium
2141 4419 2347 4487 plurimi

773 4510 965 4555 vorant
993 4516 1053 4556 se
1086 4503 1336 4569 invicem,
1377 4505 1663 4575 minorque
1703 4507 1843 4578 apud
1888 4506 2009 4560 illos
2036 4506 2348 4563 alimentum

771 4603 854 4649 est
889 4592 1129 4661 majoris.
1159 4595 1225 4648 Et
1256 4597 1297 4649 si
1330 4611 1563 4665 unquam
1608 4600 1919 4667 contigerit,
1963 4608 2019 4652 ut
2054 4600 2097 4652 is
2123 4600 2213 4667 qui
2246 4602 2350 4653 mi-

2520 4135 2571 4188 ὅ.
2614 4135 2798 4205 Τροφὴ
2824 4134 2878 4186 δὲ
2925 4134 3135 4203 ἰχθύσιν
3180 4131 3359 4195 ἄλλοις
3390 4133 3520 4202 ἄλλη
3565 4132 3707 4186 κατὰ
3738 4134 3895 4201 γένος
3951 4132 4029 4187 δι-

2450 4226 2747 4300 ωρισμένη.
2780 4226 2843 4276 υἱ
2879 4226 2976 4294 μὲν
3002 4224 3110 4294 γάρ
3144 4223 3249 4275 ἰλύῖ
3271 4224 3578 4293 τρέφονται,
3609 4226 3658 4274 οἰ
3684 4225 3740 4275 δὲ
3766 4227 3882 4287 τοῖς
3924 4243 4018 4294 φυ-

2451 4322 2618 4380 κίοις’
2664 4317 2810 4373 ἄλλοι
2858 4316 2969 4387 (95)
3011 4318 3132 4379 ταῖς
3172 4315 3419 4385 βοτάναις
3460 4318 3577 4376 ταῖς
3606 4316 4029 4385 ἑντρεςςομέναις

2451 4413 2529 4484 τῷ
2559 4412 2711 4465 ὕδατι
2738 4410 3057 4481 ἀρκοῦνται.
3112 4408 3497 4481 Ἀλληλοφάγοι
3526 4408 3581 4461 δὲ
3607 4408 3714 4461 τῶν
3754 4407 3954 4478 ἰχθύων
3982 4410 4031 4461 οἰ

2453 4508 2712 4569 πλεῖστοι,
2747 4505 2891 4558 καὶὸ
2924 4504 3243 4577 μικρότερος
3270 4503 3398 4575 παρ’
3430 4503 3657 4565 ἐκείνοις
3686 4502 3885 4573 βρῶμά
3915 4504 4030 4554 ἐστι

2451 4599 2545 4652 τοῦ
2593 4596 2851 4667 μείζονος.
2898 4597 3016 4650 Κᾶν
3065 4612 3195 4648 ποτε
3249 4595 3425 4665 συμϐῇ
3474 4596 3562 4647 τὸν
3605 4594 3699 4646 τοῦ
3749 4595 4031 4657 ἐλάττονος

771 4700 958 4742 norem
1016 4696 1390 4758 superaverat,
1426 4689 1649 4744 alterius
1689 4692 1784 4744 ﬁat
1823 4690 2005 4761 praeda
2043 4709 2056 4744 :
2101 4692 2346 4747 ambo‘in
2381 4678 2427 4737 ί)

2381 4678 2427 4737 ι)
2454 4691 2798 4761 κρατήσαντα
2836 4690 3019 4758 ἑτέρου
3051 4686 3302 4754 γενέσθαι
3348 4688 3590 4757 θήραμα.
3630 4686 3733 4737 ὑπὸ
3765 4685 3865 4755 τὴν
3903 4687 4030 4755 μίαν

773 4795 937 4834 unum
959 4791 1013 4834 et
1041 4782 1287 4835 eumdem
1318 4781 1636 4851 posterioris
1668 4793 1909 4837 ventrem
1954 4783 2350 4853 ingrediuntur.

773 4873 910 4938 Quid
935 4874 1096 4944 igitur
1143 4876 1284 4928 aliud
1313 4890 1413 4929 nos
1455 4874 1703 4928 homines
1733 4876 1962 4943 agimus,
2005 4878 2129 4930 dum
2172 4887 2353 4946 tyran-

778 4967 899 5019 nide
955 4973 1009 5019 et
1064 4968 1300 5034 potentia
1347 4966 1706 5035 opprimimus
1767 4966 2050 5021 inferiores
2090 4968 2111 5019 ?
2151 4967 2279 5035 quid
2322 4983 2350 5019 a

778 5070 1048 5127 postremo
1080 5061 1228 5130 pisce
1259 5058 1436 5111 diﬂert
1463 5060 1529 5119 is,
1568 5060 1658 5128 qui
1700 5074 1809 5127 pra:
1838 5062 2013 5111 voraci
2039 5060 2349 5112 divitiarum:

777 5154 1069 5224 cupiditate
1119 5154 1172 5208 in
1211 5151 1631 5222 inexplebilibus
1696 5152 1937 5205 avaritiae
1991 5168 2101 5206 sure
2147 5154 2343 5209 liuibus

849 5331 961 5401 (90)
987 5330 1090 5385 Καὶ
1117 5333 1170 5383 οἰ
1200 5332 1498 5388 κυνίσκοι.
1531 5332 1701 5388 Piscis
1723 5332 1809 5385 ille
1833 5331 1915 5385 cui
1947 5329 2133 5384 Graace
2150 5345 2342 5383 nomen

778 5415 861 5456 est
900 5400 1175 5465 κυνίσκος,
1212 5402 1401 5456 Latine
1442 5407 1639 5468 dicitur
1688 5406 1754 5457 ab
1798 5402 2077 5457 Enslathio
2134 5403 2341 5453 asellus.

785 5477 908 5534 llius
934 5479 1045 5526 haec
1068 5484 1193 5526 Sunt
1224 5475 1387 5525 verba
1420 5474 1615 5529 :Facit
1647 5483 1818 5527 autem
1854 5470 2055 5525 catulos
2085 5472 2347 5532 mustella,

782 5552 831 5594 εί
864 5542 1078 5613 (διέλυεν
1112 5553 1156 5595 εἰ
1186 5543 1365 5598 omnia
1409 5562 1524 5613 qua:
1547 5546 1657 5598 siue
1686 5546 1916 5612 squamis
1950 5552 2095 5603 srmt,
2124 5558 2238 5609 quw
2261 5558 2350 5593 sa-

784 5612 916 5665 lalia
938 5610 1108 5683 ανξιυεὶ
1137 5610 1432 5667 nominant.
1471 5616 1573 5669 Sed
1597 5630 1692 5683 pro
1727 5610 1917 5665 satana
1942 5613 2219 5683 legendum
2254 5626 2320 5683 nu

789 5693 841 5735 tu
865 5680 1116 5754 selachia,
1142 5687 1211 5738 ob
1231 5686 1358 5738 illud
1391 5680 1609 5749 Basilii,
1632 5684 1700 5736 τὰ
1734 5684 1954 5754 σελάχη.
2020 5681 2225 5754 Plinius
2253 5680 2345 5733 lib.

792 5768 868 5813 ιι,
895 5768 1015 5821 cap.
1036 5751 1129 5816 24,
1161 5757 1239 5808 sic
1262 5756 1498 5822 loquitur
1531 5774 1543 5807 :
1591 5754 1719 5808 Ηωε
1743 5751 1931 5806 arma
1959 5756 2010 5806 in
2052 5752 2345 5822 universum

791 5823 993 5876 ξενίαι-ἰι
1014 5824 1291 5894 appellavit
1321 5826 1625 5880 Aristoteles
1649 5825 1870 5892 primus.
1924 5825 2015 5875 hoc
2048 5821 2249 5894 nomine
2275 5822 2348 5872 eis

794 5894 1051 5959 imposito.
1082 5892 1539 5966 ‘Nosdistinguerc
1570 5913 1669 5951 non
1692 5911 1986 5965 possumus,
2009 5892 2105 5946 nisi
2139 5894 2350 5945 carliln—

2450 4782 2672 4849 ἄγονται
2726 4780 2970 4848 γαστέρα
3015 4776 3109 4829 τού
3155 4777 3482 4830 τελευταίου.
3535 4775 3599 4825 Τί
3639 4770 3734 4827 οὖν
3772 4776 3936 4845 ἡμεῖς
3981 4777 4029 4827 oi

2451 4872 2728 4943 ἄνθρωποι
2760 4871 2887 4925 ἄλλο
2914 4888 2967 4921 τι
2994 4868 3253 4938 ποιοῦμεν
3283 4871 3340 4921 ὲν
3367 4871 3434 4936 τῇ
3465 4867 3895 4938 καταδυναστείᾳ
3922 4868 4029 4919 τῶν

2453 4962 2887 5034 ύποδεεστέρων;
2934 4961 2985 5011 τί
3022 4959 3264 5031 διαφέρει
3307 4958 3401 5010 τοῦ
3434 4958 3743 5012 τελευταίου
3788 4957 3969 5027 ἰχθύος
4002 4960 4029 5009 ὁ

2450 5056 2516 5124 τῇ
2539 5053 2829 5125 λαιμάργῳ
2851 5050 3198 5122 φιλοπλουτία
3220 5052 3337 5111 τοῖς
3356 5049 3500 5119 ἁπλη
3512 5049 3699 5120 ρὼτοις
3720 5050 3818 5117 τῆς
3844 5048 4021 5099 πλεον-

2449 5150 2597 5216 εξίας
2643 5144 2803 5201 αὑτοῦ
2836 5144 3055 5207 κόλποις
3097 5141 3522 5211 ὲναποκρύπτων
3565 5142 3691 5203 τοὺς
3746 5140 4020 5204 ἀσθενεῖς;

2450 5329 2601 5397 ginea
2628 5323 2889 5397 appellare
2917 5322 3090 5375 libeat.

2524 5386 2841 5466 (91)’()οιί).
2902 5392 3173 5469 secundus
3229 5389 3397 5469 ’ύδατα
3452 5386 3671 5469 ἑρπετὰ.
3710 5389 3870 5469 κατά.
3910 5387 4022 5469 Mus

2457 5457 2586 5535 ιιι-ς.
2616 5457 2825 5521 ἐριιυε
2869 5479 2990 5517 cum
3040 5462 3192 5516 Colb.
3249 5465 3425 5530 primo
3474 5457 3536 5514 τὸ
3603 5458 3712 5512 τῶν
3762 5457 4024 5513 λεπτοτά·

2452 5555 2579 5589 των.

2528 5608 2636 5677 (εὶὲ)
2672 5604 2742 5657 lta
2792 5601 3249 5677 codexucomhel.
3293 5615 3413 5655 cum
3460 5600 3583 5677 alus
3621 5598 3858 5668 quinque
3899 5613 4019 5677 mss:

2460 5666 2630 5731 mea
2657 5676 2807 5745 παρὰ
2838 5677 2888 5729 in
2920 5674 3101 5745 editis.
3136 5672 3335 5745 Ibidem
3370 5672 3587 5745 coilices
3614 5683 3737 5725 octo
3767 5666 3943 5741 τροφὴ
3972 5666 4027 5720 δὲ

2460 5739 2811 5817 ἰχθύσινηιὶιιι
2840 5749 2949 5807 τοῖς
2976 5743 3203 5813 ἰχθύσιν.
3421 5739 3637 5817 ἰχθύ-ων.

2532 5819 2639 5887 ι95)
2685 5816 2775 5868 Sic
2829 5808 3245 5887 quinquenniis.
3305 5808 3645 5887 unguium
3707 5808 3783 5887 δέ.
3833 5808 4021 5862 Stalirn

2461 5889 2587 5959 κείς·
2618 5881 2800 5943 Sextus
2832 5881 2949 5941 eum
2986 5884 3135 5940 μου).
3171 5884 3342 5951 primo
3369 5882 3520 5935 ὕδατι
3552 5881 3923 5951 ὃιαρκοῦνται.
