4262 6506
280 473 381 523 155

1374 475 1656 528 llOMlLIA
1700 476 1783 529 \‘ll
1825 476 1889 529 ΙΝ
1932 476 2426 537 IlliXAEMliRON.

3419 494 3520 546 "id

289 606 527 665 Ἐκεῖνος
556 600 667 674 εἶχε
704 604 771 657 τά
802 603 892 657 τοῦ
927 604 1149 676 πένητος
1218 608 1279 658 σὺ
1312 607 1495 661 τοῦτον
1526 610 1637 675 (94)
1668 610 1846 663 λαϐὼν
1880 596 1921 650 Α
1954 592 1967 642 ί

1837 629 1846 658 ,
1880 596 1921 650 Α
1954 592 2247 646 imbecilles
2273 597 2553 651 abscondit
2578 597 2597 647 ἳ
2626 596 2714 650 Ille
2746 599 3051 664 possidebat
3077 602 3330 668 pauperis
3350 603 3520 656 bona:

278 694 442 763 μέρος
472 695 709 766 ἐποιήσω
736 696 831 765 τῆς
856 697 1167 765 περιουσίας
1197 696 1444 751 σεαυτοῦ.
1485 698 1707 750 ’Λδίκων
1733 701 1845 753 ἁδιο

275 784 514 853 κὼτερος
567 785 873 854 ἀνεφάνης,
934 788 1024 839 καὶ
1083 785 1602 857 πλεονεκτικὼτερος
1655 788 1842 842 πλεον-

273 877 455 933 έκτου.
496 880 633 947 Ὅρα
657 878 730 946 μὴ
776 876 837 929 τὸ
868 880 999 932 αύτό
1033 896 1091 931 σε
1119 878 1287 949 πέρας
1325 880 1430 933 τῶν
1468 880 1664 951 ἰχθύων
1694 884 1845 936 ἐκδέ-

275 968 453 1039 ξηται,
484 968 773 1039 ἄγκιστρόν
807 989 929 1037 που,
960 972 991 1041 ἢ
1028 970 1245 1040 κύρτος,
1290 973 1323 1043 ἢ
1352 974 1586 1026 δίκτυον.
1621 972 1842 1038 Πάντως

271 1063 381 1133 γάρ
420 1062 510 1113 καὶ
542 1063 701 1132 ἡμεῖς
735 1064 902 1117 πολλά
939 1064 1043 1115 τῶν
1076 1064 1273 1119 ἀδίκων
1321 1064 1675 1127 διεξελθόντες
1699 1067 1839 1136 (95),

271 1156 371 1224 τὴν
394 1156 702 1211 τελευταίαν
729 1156 1001 1227 τιμωρίαν
1025 1157 1121 1211 οὑκ
1152 1156 1585 1228 ἀποδρασόμεθα.
1620 1160 1753 1229 Ἤδη
1786 1159 1842 1211 δὲ

273 1248 368 1300 καὶ
394 1250 449 1301 ἐν
473 1250 686 1303 ἀσθενεῖ
710 1250 832 1318 ζῶῳ
863 1249 995 1302 πολὺ
1028 1251 1087 1303 τὸ
1110 1252 1412 1320 πανοῦργον
1439 1250 1531 1303 καὶ
1561 1251 1842 1303 ἐπίϐουλον

270 1342 622 1411 καταμαθὼν,
652 1340 911 1411 βούλομαί
944 1359 1001 1395 σε
1038 1347 1228 1413 φυγεῖν
1257 1340 1365 1393 τῶν
1395 1342 1716 1414 κακούργων
1744 1342 1841 1412 τὴν

273 1430 523 1497 μίμησιν.
595 1429 652 1480 '0
714 1433 966 1501 καρκίνος
1019 1434 1117 1504 τῆς
1178 1431 1377 1502 σαρκὸς
1428 1431 1686 1500 ἐπιθυμεῖ
1743 1430 1839 1484 τοῦ

267 1521 490 1590 ὀστρέου
512 1538 525 1551 ·
568 1521 703 1574 ἀλλά
745 1523 1048 1589 δυσάλωτος
1081 1528 1113 1595 ἡ
1143 1524 1289 1594 ἄγρα
1320 1525 1466 1595 αύτῷ
1500 1523 1587 1575 διά
1614 1524 1711 1594 τὴν
1741 1541 1837 1576 πε-

273 1612 487 1685 ριϐολὴν
518 1613 607 1668 τοῦ
639 1615 904 1689 ὀστράκου
945 1620 1175 1686 γίνεται.
1218 1617 1474 1689 Ἀρῤαγεῖ
1516 1614 1625 1686 γὰρ
1670 1616 1839 1686 ἑρκίῳ

268 1705 332 1757 τὺ
368 1706 571 1759 ἀπαλὸν
611 1709 709 1778 τῆς
738 1711 936 1781 σαρκὸς
975 1713 1007 1779 ή
1046 1708 1204 1777 φύσις
1252 1707 1712 1779 κατησφαλίσατο.
1749 1710 1840 1761 Διὸ

269 1798 363 1852 καὶ
396 1802 870 1871 ὀστρακόδερμον
901 1801 1350 1874 προσηγόρευται.
1389 1802 1498 1856 Καὶ
1527 1800 1711 1871 ἐπειδὴ
1745 1800 1839 1853 δύο

1951 691 2003 735 tu
2028 683 2202 753 ipsum
2237 688 2632 751 apprehensum
2680 688 2853 742 fecisti
2896 699 3000 743 tua:
3036 690 3205 757 ipsius
3240 693 3527 762 upulentia:

1945 786 2173 841 partem.
2220 774 2439 842 lujustis
2496 778 2873 846 injustiorcm,
2910 790 2966 833 et
3012 796 3178 833 avaro
3226 784 3523 838 avariorem

1945 875 1997 920 te
2026 868 2332 922 ostendisti.
2364 867 2507 922 Cave
2554 873 2790 942 excipiat
2822 882 2873 925 te
2922 872 3059 927 idem
3117 874 3273 939 finis,
3309 880 3398 945 qui
3441 880 3523 948 pi-

1942 974 2060 1015 sces
2088 979 2101 1015 :
2137 960 2328 1013 bamus
2362 960 2632 1025 videlicet,
2662 975 2753 1017 aut
2785 978 2967 1027 nassa,
3001 974 3094 1017 aut
3125 977 3256 1019 rete.
3294 966 3524 1022 Omnino

1942 1052 2081 1106 enim
2107 1063 2162 1108 et
2194 1066 2315 1115 nos,
2344 1052 2389 1105 si
2419 1052 2645 1105 multum
2670 1057 3052 1112 admiserimus
3086 1058 3409 1127 iniquitatis.
3438 1060 3520 1111 ul-

1944 1144 2125 1198 timam
2178 1159 2283 1198 non
2314 1142 2632 1213 effugiemus
2673 1159 2909 1214 poenam.
2942 1149 3059 1205 Jam
3091 1163 3219 1204 vero
3258 1148 3423 1203 etiam
3469 1151 3521 1203 iu

1943 1236 2155 1292 infirmo
2212 1236 2433 1292 animali
2491 1238 2721 1293 astutias
2776 1240 2969 1296 multas
3025 1253 3079 1297 et
3121 1241 3352 1298 insidias
3399 1258 3522 1295 cum

1941 1330 2224 1399 perspicis,
2250 1329 2641 1385 maleﬁciorum
2681 1331 3038 1385 imitationem
3080 1334 3268 1405 fugere
3298 1343 3349 1389 te
3376 1332 3522 1388 volo.

1939 1421 2152 1491 Appetit
2177 1432 2371 1477 ostreae
2408 1437 2629 1478 carnem
2682 1438 2881 1478 cancer
2915 1441 2928 1477 :
2967 1425 3061 1477 sed
3092 1425 3321 1481 diﬂicilis
3358 1435 3519 1497 captu

1940 1526 2023 1572 cst
2053 1516 2101 1570 ei
2141 1515 2256 1570 bazc
2286 1519 2485 1585 praeda,
2512 1525 2733 1586 propter
2763 1526 2912 1571 testae
2948 1517 3360 1572 munimentum.
3385 1520 3516 1575 Nam

1940 1610 2171 1679 infragili
2204 1619 2355 1678 septo
2384 1613 2565 1666 carnis
2610 1609 3026 1663 teneritudinem
3052 1620 3245 1663 natura
3274 1624 3515 1665 commu-

1940 1703 2091 1757 nivit.
2110 1702 2448 1770 QuaprOpter
2478 1710 2532 1755 et
2562 1703 2661 1757 hoc
2693 1701 2892 1756 animal
2916 1701 3338 1756 ostracodermon
3358 1716 3519 1756 voca-

1940 1804 2043 1850 tur.
2076 1796 2142 1848 Et
2170 1794 2423 1862 quoniam
2453 1792 2558 1847 duo
2575 1808 2705 1847 cava
2724 1802 2977 1848 accurate
3008 1793 3107 1849 sibi
3137 1792 3364 1847 invicem
3386 1806 3517 1848 con-

269 1890 571 1960 κοιλότητες
620 1893 861 1962 ἀκριϐῶς
926 1891 1178 1963 ἀλλήλαις
1241 1891 1725 1965 προσηρμοσμέναι
1775 1892 1836 1944 τὸ
1871 1889 1952 1965 Di

1834 1919 1836 1937 .
1871 1936 1907 1965 υ
1936 1889 2144 1956 juncta,
2169 1895 2407 1940 ostream
2434 1884 2680 1939 ambiunt
2702 1893 2756 1937 et
2785 1885 3319 1955 circumplectuntur,
3355 1884 3517 1939 forci-

266 1980 487 2050 δστρεον
530 1981 1011 2051 περιπτύσσονται,
1046 1978 1355 2054 ἀναγκαίως
1400 1982 1671 2054 άπρακτοί
1698 1986 1833 2036 είσιν
1871 1975 1908 1989 ”
1943 1996 1949 2049 ι

1871 1975 1908 1989 "
1943 1995 2037 2049 pes
2077 1978 2258 2033 cancri
2307 1976 2615 2032 necessario
2647 1975 2951 2031 inellicaces
2978 1986 3127 2030 sunt.
3171 1975 3309 2042 Quid
3353 1976 3520 2045 igitur

266 2073 325 2123 αξ
351 2072 511 2142 χηλαὶ
558 2073 651 2125 τοῦ
684 2074 962 2145 καρκίνον,
1001 2077 1064 2129 Τί
1106 2073 1196 2130 οὖν
1227 2077 1399 2139 ποιεῖς
1432 2075 1599 2127 Ὅταν
1648 2074 1733 2149 ἴδῃ
1775 2077 1834 2129 ὲν

266 2165 564 2237 ἀπηνέμοις
603 2168 820 2239 χωρίοις
868 2169 985 2240 μεθ’
1014 2170 1205 2241 ἡδονῆς
1233 2166 1692 2239 διαθαλπόμενον,
1741 2168 1832 2220 καὶ

267 2259 403 2330 πρὸς
435 2260 530 2331 τὴν
563 2262 752 2314 ἀκτῖνα
802 2261 894 2314 τοῦ
928 2261 1078 2331 ήλίου
1124 2264 1222 2323 τάς
1265 2258 1472 2328 πτύχας
1505 2258 1699 2313 ἑαυτοῦ
1752 2258 1831 2312 δι-

265 2350 612 2415 απλώσαντα,
643 2352 763 2404 τότε
790 2351 875 2420 δὴ,
895 2351 1068 2421 λάθρα
1095 2352 1297 2422 ψηφῖδα
1317 2351 1832 2421 παρεμϐαλὼν,δια-

265 2442 466 2495 κωλύει
517 2443 614 2512 τήν
665 2442 999 2511 σύμπτυξιψ
1056 2443 1149 2495 καὶ
1200 2443 1513 2513 εὑρίσκεται
1554 2444 1615 2494 τὸ
1668 2443 1833 2496 ἐλλεῖ-

265 2551 365 2587 πον
410 2534 519 2605 (96)
559 2536 654 2606 τῆς,
707 2534 987 2606 δυνάμεως
1030 2534 1118 2587 διά
1163 2535 1261 2605 τῆς
1299 2534 1537 2598 ἐπινοίας
1578 2538 1829 2605 περιεχό-

264 2644 442 2697 μενος.
490 2627 697 2699 Αὖτηή
740 2629 906 2681 κακία
948 2627 1055 2681 τῶν
1092 2627 1226 2699 μήτε
1258 2626 1417 2696 λόγου
1463 2626 1597 2699 μήτε
1648 2627 1830 2697 φωνῆς

265 2720 617 2789 μετεχόντων.
658 2720 797 2788 Ἐγὼ
819 2720 875 2773 δέ
907 2737 966 2772 σε
997 2720 1277 2790 βούλομαι,
1306 2719 1367 2773 rb
1398 2720 1710 2791 ποριστικὸν
1738 2721 1831 2771 καὶ

260 2807 567 2877 εὐμήχανον
594 2810 700 2863 τῶν
739 2810 1015 2879 καρκίνων
1050 2809 1333 2879 ζηλοῦντα,
1366 2810 1464 2878 τῆς
1498 2808 1699 2877 βλάϐης
1723 2807 1831 2860 τῶν

263 2896 487 2967 πλησίον
527 2897 844 2967 ἀπέχεσθαι.
882 2896 1132 2961 Τοιοῦτός
1160 2900 1305 2951 ἐστιν
1344 2899 1372 2950 ὀ
1400 2897 1535 2968 πρὸς
1559 2896 1648 2948 τὸν
1680 2896 1831 2949 ἀδελ-

260 2986 361 3057 φὺν
391 2988 750 3059 πορευόμενος
775 2988 935 3059 δόλῳ,
965 2989 1058 3041 καὶ
1094 2990 1213 3051 ταῖς
1252 2988 1359 3041 τῶν
1404 2989 1629 3059 πλησίον
1670 2988 1831 3041 ἀκαι-

263 3077 406 3149 ρίαις
454 3080 843 3149 ἐπιτιθέμενος,
889 3080 983 3134 καὶ
1022 3082 1142 3144 ταῖς
1173 3080 1481 3152 ἀλλοτρίαις
1526 3082 1828 3151 συμφοραῖς

258 3172 557 3241 ἐντρυφῶν.
594 3172 762 3241 Φεύγε
793 3174 889 3237 τὰς
915 3175 1171 3244 μιμήσεις
1207 3172 1313 3228 τῶν
1343 3173 1826 3244 κατεγνωσμένων.

1940 2072 2159 2125 molitur
2189 2070 2368 2126 ?Cum
2399 2069 2597 2123 viderit
2636 2077 2871 2122 ostream
2918 2069 2969 2122 in
3018 2067 3323 2137 tranquillis
3380 2067 3515 2123 locis

1937 2179 2043 2217 non
2095 2165 2211 2217 sine
2266 2164 2542 2232 voluptate
2598 2162 2972 2231 apricantem,
3010 2169 3065 2215 et
3124 2162 3188 2216 ad
3245 2159 3374 2215 solis
3426 2175 3514 2213 ra-

1935 2256 2052 2311 dios
2083 2256 2265 2311 valvas
2310 2272 2437 2311 suas
2479 2254 2837 2325 explicantem
2869 2273 2881 2309 :
2916 2263 3043 2308 tunc
3094 2252 3395 2306 clanculum
3431 2252 3516 2306 in-

1928 2340 2072 2409 jecto
2106 2340 2334 2404 calculo,
2381 2342 2700 2408 plicaturam
2736 2342 2989 2411 impedit;
3020 2352 3184 2410 atque
3212 2342 3355 2411 quod
3381 2340 3513 2396 viri-

1934 2436 2034 2491 bus
2067 2434 2274 2498 deerat,
2308 2433 2358 2487 id
2392 2442 2511 2487 astu
2555 2441 2609 2487 et
2644 2432 2767 2486 dolo
2796 2432 3041 2487 obtinere
3068 2432 3509 2502 deprehenditur.

1934 2528 2057 2582 llaec
2085 2536 2168 2582 est
2200 2540 2383 2582 eorum
2413 2539 2531 2596 quae
2555 2540 2730 2596 neque
2754 2525 2985 2593 ratione,
3004 2540 3177 2597 neque
3212 2541 3343 2582 voce
3372 2541 3508 2597 pra.

1931 2620 2038 2675 dita
2068 2632 2211 2685 sunt,
2249 2618 2472 2674 malitia.
2496 2618 2605 2689 Ego
2633 2629 2813 2674 autem
2844 2621 2983 2681 volo.
3014 2630 3071 2675 ut
3102 2630 3157 2675 tu
3186 2635 3507 2675 cancrorum

1933 2714 1986 2765 in
2018 2712 2160 2765 victu
2188 2713 2558 2780 comparando
2593 2721 2761 2765 artem
2798 2727 2862 2767 ac
2896 2712 3214 2766 industriam
3244 2713 3507 2775 imitatus,

1930 2817 1958 2855 a
2003 2804 2366 2871 proximorum
2399 2818 2535 2858 noxa
2582 2804 3045 2873 incommodisque
3084 2805 3178 2858 tibi
3215 2817 3497 2875 temperes.

1929 2892 2073 2949 Talis
2132 2901 2217 2949 est
2283 2893 2374 2964 qui
2433 2894 2500 2948 ad
2565 2893 2787 2947 fratrem
2835 2892 3204 2950 fraudulenter
3263 2895 3504 2959 accedit,

1930 2987 2319 3057 adversamque
2368 2985 2601 3056 proximi
2648 2983 2915 3041 fortunam
2963 2987 3220 3045 insidiose
3268 2988 3504 3059 impetit,

1928 3088 1981 3132 et
2005 3079 2193 3132 alienis
2217 3078 2440 3134 insultat
2464 3078 2881 3135 calamitatibus.
2918 3079 3059 3135 Cave
3099 3082 3368 3135 amuleris
3408 3082 3501 3135 lto-

1928 3168 2099 3224 mines
2127 3167 2472 3239 improbatus.
2493 3170 2622 3225 Tuis
2647 3170 2724 3225 sis
2752 3180 3039 3225 contentus
3066 3169 3241 3226 rebus.
3272 3171 3505 3242 Pauper-

256 3262 383 3325 Τοῖς
419 3264 638 3327 οἰκείοις
682 3263 874 3335 ἀρκοῠ.
924 3266 1090 3318 Πενία
1140 3266 1277 3334 μετὰ
1314 3268 1646 3338 αὐταρκείας
1696 3267 1827 3336 ἀλη-
1853 3280 1895 3337 c
1932 3274 1939 3319 l

1817 3297 1827 3306 -
1853 3280 1895 3337 ο
1932 3273 2033 3330 tas,
2058 3280 2179 3320 cum
2220 3280 2398 3319 rerum
2427 3265 2855 3320 necessariarum
2894 3265 3050 3335 capia
3078 3281 3205 3321 vere
3235 3270 3500 3339 suppetit.

255 3352 383 3418 θοῦς
422 3355 599 3427 πάσης
634 3354 981 3419 ἀπολαύσεως
1025 3359 1135 3420 τοῖς
1188 3356 1522 3429 σωφρονοῦσι
1571 3375 1830 3427 προτιμο-

252 3444 407 3517 τέρα.
451 3448 564 3501 υύκ
597 3447 662 3501 ἂν
696 3448 1016 3520 παρέλθοιμι
1050 3449 1111 3502 τὸ
1154 3445 1247 3501 τοῦ
1289 3447 1587 3510 πολύποδος
1614 3448 1827 3519 δολερὸν

254 3538 349 3591 καὶ
376 3539 684 3605 ἐπίκλοπον,
712 3539 769 3603 ὃς
795 3541 955 3613 ὁποίᾳ
992 3542 1107 3595 ποτ’
1134 3540 1199 3595 ἂν
1231 3540 1487 3593 ἑκάστοτε
1527 3540 1701 3610 πέτρᾳ
1734 3555 1828 3591 πε-

255 3628 491 3701 ριπλακῇ
536 3632 668 3701 (97),
707 3634 806 3704 τὴν
842 3634 1057 3703 ἐκείνης
1100 3634 1398 3705 ὑπέρχεται
1438 3632 1609 3705 χρόαν
1635 3648 1649 3662 ·
1684 3631 1824 3685 ὥστε

250 3723 380 3787 τοὺς
419 3722 645 3787 πολλοὺς
671 3723 778 3778 τῶν
816 3726 1011 3795 ίχθύων
1041 3726 1364 3795 ἀπροόπτως
1396 3724 1723 3796 νηχομένους
1747 3724 1825 3795 τῷ

253 3812 511 3866 πολύποδι
545 3812 914 3884 περιπίπτειν,
947 3812 1019 3877 ὡς
1059 3816 1124 3883 τῇ
1154 3813 1329 3883 πέτρᾳ
1356 3812 1535 3881 δῆθεν,
1568 3814 1659 3866 καὶ
1688 3814 1825 3865 ἕτοι-

252 3918 355 3973 μον
381 3902 626 3971 γίνεσθαι
659 3902 880 3974 θήραμα
906 3902 983 3972 τῷ
1017 3902 1328 3973 πανούργῳ.
1357 3901 1597 3954 Τοιοῦτοί
1631 3903 1737 3954 είσι
1762 3903 1824 3955 τὸ

246 3988 379 4065 ἦθος
416 3997 464 4049 οἱ
503 3996 599 4058 τὰς
629 3995 714 4048 ἀεὶ
744 3993 1051 4066 κρατούσας
1091 3993 1408 4057 δυναστείας
1442 3994 1821 4066 ύπερχόμενοι,

248 4083 344 4136 καὶ
375 4084 512 4155 πρὸς
549 4083 645 4147 τάς
682 4085 935 4139 ἑκάστοτε
978 4082 1163 4154 χρείας
1216 4080 1699 4153 μεθαρμοζόμενοι,
1746 4084 1821 4156 μή

246 4172 342 4225 ἐπὶ
368 4174 467 4243 τῆς
493 4174 661 4245 αὐτῆς
684 4174 772 4227 ἀεὶ
797 4175 1164 4245 προαιρέσεως
1190 4173 1500 4245 βεϐηκότες,
1530 4174 1645 4227 ἀλλ’
1672 4174 1819 4229 ἄλλοι

246 4263 345 4317 καὶ
388 4262 536 4317 ἄλλοι
570 4265 767 4335 ῥᾳδίως
811 4266 1107 4335 γινόμενοι,
1164 4266 1515 4337 σωφροσύνην
1555 4268 1819 4337 τιμῶντες

247 4354 386 4428 μετά
427 4357 737 4427 σωφρόνων,
777 4357 1064 4409 ἀκόλαστοι
1114 4356 1171 4409 δὲ
1208 4359 1265 4409 ὲν
1311 4358 1649 4421 ἀκολάστοις,
1685 4360 1819 4429 πρὸς

241 4450 344 4520 τὴν
381 4449 611 4502 ἑκάστου
655 4448 948 4519 ἀρέσκειαν
987 4448 1086 4513 τὰς
1125 4447 1347 4519 γνώμας
1386 4449 1813 4520 μετατιθέμενοι.

242 4542 353 4605 υῦς
380 4540 501 4594 οὐδὲ
537 4540 717 4611 ῥᾴδιον
747 4542 1011 4609 ἐκκλῖναι,
1047 4542 1167 4595 οὐδὲ
1198 4542 1297 4611 τὴν
1325 4542 1418 4595 ἀπ’
1441 4541 1617 4595 αὐτῶν
1647 4542 1817 4611 φυλά-

1929 3354 2183 3423 voluptati
2204 3354 2348 3409 omni
2379 3369 2409 3408 a
2429 3356 2760 3425 sapientibus
2788 3357 3148 3425 auteponitur.
3184 3356 3299 3412 Non
3325 3360 3503 3430 polypi

1929 3445 2277 3514 praeterierim
2318 3446 2497 3501 dolum
2528 3460 2591 3500 ac
2620 3446 2958 3501 furacitatem
2979 3486 2993 3511 ,
3024 3450 3111 3515 qui
3140 3448 3501 3520 qualicunque

1932 3537 2141 3591 tandem
2162 3552 2291 3591 saxo
2319 3538 2623 3603 adhaeserit,
2648 3538 2788 3593 illius
2822 3538 2991 3593 induit
3022 3539 3277 3599 colorem.
3301 3540 3503 3607 Quam-

1925 3629 2111 3685 obrem
2144 3630 2383 3700 plerique
2422 3630 2599 3700 pisces
2633 3630 2929 3699 improvide
2972 3639 3219 3686 natantes
3248 3631 3303 3685 in
3346 3632 3499 3701 poly-

1925 3736 2048 3790 pum
2082 3721 2158 3775 uti
2192 3720 2244 3774 in
2276 3729 2478 3789 petram
2511 3720 2773 3783 incidunt,
2802 3729 3155 3791 paratamque
3180 3734 3397 3778 versuto
3424 3724 3501 3780 illi

1925 3816 2157 3881 prmdam
2184 3827 2302 3867 sese
2332 3811 2581 3867 oﬂ'erunt.
2607 3811 2825 3867 Talibus
2855 3812 3092 3867 moribus
3114 3822 3241 3867 sunt
3269 3813 3497 3884 pmditi,

1924 3906 2013 3973 qui
2043 3920 2256 3974 semper
2296 3906 2647 3973 potestatibus
2692 3905 3090 3961 dominantibus
3132 3918 3497 3973 assentantur,

1923 4006 2148 4065 seseque
2175 3995 2240 4050 ad
2280 3996 2544 4065 quoslibet
2577 3996 2763 4051 modos
2809 4010 3043 4067 ususque
3067 3999 3493 4065 accommodant,

1923 4100 2021 4141 nec
2061 4086 2114 4140 in
2159 4086 2345 4141 eadem
2397 4086 2559 4139 animi
2620 4088 2887 4140 sententia
2930 4102 3143 4157 semper
3180 4091 3494 4157 persistunt,

1919 4181 2014 4236 sed
2055 4180 2146 4234 alii
2179 4190 2339 4247 atque
2371 4180 2459 4232 alii
2496 4178 2656 4233 facile
2693 4178 2899 4245 elfectl.
2928 4184 3333 4251 temperantiam
3372 4200 3495 4239 cum

1922 4271 2344 4341 temperautibus
2384 4278 2723 4335 venerantes,
2757 4271 3009 4341 impudici
3036 4288 3156 4326 cum
3191 4275 3493 4343 impudicis,

1920 4362 2249 4417 sententiam
2281 4371 2492 4415 mutant
2517 4362 2582 4415 ad
2618 4362 3035 4430 uniuscujusque
3059 4365 3282 4433 gratiam
3314 4368 3493 4419 conci-

1919 4454 2168 4509 liandam.
2200 4453 2343 4519 Quos
2373 4452 2585 4505 dilllcile
2614 4462 2696 4507 est
2744 4452 2967 4517 evitare,
2999 4452 3208 4523 sibique
3242 4455 3311 4509 ab
3350 4455 3484 4524 ipso-

1920 4561 2035 4599 rum
2057 4546 2393 4600 nucumentis
2414 4559 2624 4610 cavere,
2658 4553 2939 4614 propterea
2965 4546 3107 4614 quod
3142 4560 3330 4601 eorum
3363 4561 3493 4601 cou-

241 4632 438 4699 ξασθαι
477 4632 699 4702 βλάϐην,
743 4632 830 4685 διὰ
870 4632 932 4685 τὸ
974 4635 1032 4685 ὲν
1081 4633 1159 4704 τῷ
1203 4634 1551 4704 προσχήματι
1587 4633 1685 4703 τῆς
1724 4651 1814 4702 φι-
1847 4625 1889 4680 D
1922 4664 1924 4680 .

1806 4664 1814 4673 -
1847 4625 1889 4680 Ῑ)
1922 4636 2136 4691 cinnata
2171 4635 2413 4705 pravitas
2437 4635 2536 4689 sub
2566 4636 2816 4690 amicitiae
2835 4636 3013 4705 specie
3033 4634 3138 4689 alta
3168 4636 3489 4706 contegitur.

240 4724 362 4789 λίας
418 4725 528 4794 (98)
574 4724 781 4794 βαθέως
840 4727 1355 4796 κατεσκευασμένην
1406 4726 1503 4797 τὴν
1558 4726 1821 4797 πονηρίαν

1924 4727 2096 4782 Mores
2130 4727 2429 4797 bujusmodi
2463 4726 2693 4797 appellat
2749 4727 3006 4781 Dominus
3047 4742 3266 4796 rapaces
3311 4728 3489 4800 lupos,

242 4816 719 4888 κατακεκρύφθαι..
763 4818 843 4870 Τὰ
888 4817 1115 4871 τοιαῦτα
1168 4818 1274 4889 ἢθη
1330 4818 1522 4882 λύκους
1565 4820 1821 4891 ἅρπαγας
1921 4823 1925 4872 l

1805 4838 1821 4884 ;
1921 4823 1972 4873 lu
1996 4821 2174 4875 ovium
2208 4822 2533 4875 indumentis
2565 4834 2687 4873 sese
2721 4819 3296 4891 ostentantes“.Fuge
3326 4821 3488 4877 hosce

237 4906 495 4977 ὀνομάζει
522 4910 549 4961 ὁ
571 4908 794 4979 Κύριος,
823 4908 880 4960 ὲν
908 4907 1166 4977 ἐνδύμασι
1208 4908 1493 4979 προϐάτων
1528 4928 1818 4982 προφαινο⁹

1802 4941 1818 4953 -
1920 4925 2095 4964 mores
2117 4910 2293 4965 varios
2324 4924 2385 4964 ac
2421 4908 2778 4978 multiplices:
2807 4908 2915 4963 imo
2939 4916 3150 4964 sectare
3180 4912 3485 4974 veritatem,

241 5001 454 5072 μένους.
502 5000 671 5069 Φεῦγε
710 5003 769 5054 τὸ
822 5000 1162 5054 παντοδαπὸν
1210 5000 1302 5053 καὶ
1349 5000 1685 5055 πολλαπλοῦν
1722 5002 1815 5057 τοῦ
1922 5027 1924 5054 ;

1805 5002 1815 5055 i
1922 5003 2307 5067 sinceritatem,
2337 5000 2760 5070 simplicitatem.
2780 4999 3063 5057 Variusest
3078 5018 3325 5072 serpens,
3343 5012 3395 5059 et
3419 5005 3488 5057 ob

233 5092 440 5161 τρόπου
466 5108 478 5121 ·
524 5092 683 5145 δίωκε
717 5092 773 5145 δὲ
806 5090 1081 5161 ἀλήθειαν,
1114 5090 1481 5161 είλικρίνειαν,
1512 5093 1804 5163 ἁπλότητα.

1802 5137 1804 5145 ,
1916 5096 1967 5149 id
1989 5096 2053 5148 ad
2075 5095 2186 5166 σε
2204 5094 2518 5164 reptandum
2550 5092 2935 5149 condemnatus
2967 5106 3069 5151 est.
3101 5094 3286 5151 Justus
3311 5094 3485 5149 ﬁctio-

246 5184 307 5237 ⁸0
335 5183 459 5251 δφις
492 5184 757 5248 ποικίλος·
796 5183 885 5236 διά
912 5183 1069 5237 τοῦτο
1095 5182 1187 5236 καὶ
1215 5183 1402 5255 ἕρπειν
1424 5184 1804 5257 κατεδικάσθη.
1914 5204 1929 5239 ι

1802 5226 1804 5237 .
1914 5200 1981 5240 ne
2013 5194 2184 5249 caret,
2209 5181 2384 5252 qualis
2423 5180 2525 5235 fuit
2568 5180 2733 5237 Jacob
2762 5184 2827 5236 ".
2864 5182 3202 5253 Quapropter
3233 5183 3485 5239 Dominus

305 5366 350 5399 "
392 5365 579 5421 Matth.
614 5380 707 5429 vu,
746 5364 833 5418 15.
907 5365 952 5397 ’³
987 5364 1121 5421 Gen.
1178 5377 1303 5428 xxv,
1328 5363 1417 5417 27.

1991 5494 2101 5567 (96)
2138 5494 2211 5567 [ta
2242 5510 2335 5549 sex
2372 5508 2498 5549 mss.
2537 5493 2714 5567 Editio
2744 5504 2974 5567 utraque
3000 5493 3060 5545 τὸ
3086 5493 3291 5567 λεῖπον.

1989 5561 2263 5639 _Reg.
2290 5573 2484 5639 sextus
2504 5579 2627 5618 cum
2664 5561 3017 5639 Colb._primo
3032 5565 3207 5639 πέτρα
3234 5561 3486 5639 συλμπλαυ

1918 5634 2009 5709 κῇζ
2049 5634 2187 5690 Infra
2212 5634 2445 5704 quinque
2477 5649 2607 5709 mss.
2645 5634 2995 5709 περιπίπτειν
3171 5634 3311 5688 Editi
3360 5649 3484 5688 cum

1921 5704 2050 5772 lica.
2086 5716 2275 5759 octavo
2303 5704 2655 5775 περιπίπτειν
2686 5704 2761 5768 ὡς
2786 5706 2876 5775 τῇ,
2908 5704 3131 5775 rectius.

1990 5778 2099 5843 (98)
2128 5775 2199 5829 Ita
2228 5773 2430 5842 septem
2473 5790 2600 5827 mss.
2642 5775 2779 5828 Editi
2810 5773 2867 5828 ὲν
2900 5773 2978 5846 τῷ
3006 5775 3353 5845 προσχήματι
3384 5775 3479 5840 τῆς

1912 5848 2215 5912 εὐλαϐείας,
2248 5848 2338 5901 sub
2366 5846 2574 5913 pictatis
2596 5847 2779 5913 specie.

307 5500 419 5585 (94)
447 5502 524 5583 lta
570 5498 743 5585 editio
762 5497 981 5585 basi]...
1002 5514 1123 5585 cuiu
1158 5500 1387 5585 .duol‘ms
1415 5500 1657 5585 _Duc.het.
1683 5516 1803 5585 cum

237 5569 362 5627 aliis
396 5569 634 5640 Quinque
674 5583 800 5640 mss.
847 5569 1023 5640 Editio
1051 5569 1221 5623 Paris.
1260 5571 1323 5622 σὺ
1347 5571 1523 5625 τοῦτο.
1568 5570 1807 5624 Subinde

233 5638 469 5711 quatuor
500 5652 629 5694 mss.
684 5639 908 5711 ἐφάνης.
939 5638 1078 5693 Editi
1109 5655 1228 5693 cum
1262 5656 1368 5694 uno
1398 5642 1677 5696 :utalteru
1704 5656 1802 5694 ius.

234 5713 526 5775 ἀνεφάνης.

308 5731 584 5853 iggﬂi‘ég.
618 5790 798 5833 sextus
825 5779 1118 5853 cuanlb.
1151 5777 1322 5846 primo
1355 5780 1549 5839 ἀδίκων
1578 5780 1802 5846 ὑπεξελ-

234 5851 437 5915 θόντες.
472 5852 755 5913 Aliquanto
791 5858 905 5915 pust
945 5851 1079 5901 idem
1123 5863 1223 5901 ius.
1261 5865 1379 5900 cum
1414 5854 1594 5906 eodem
1648 5855 1795 5906 (Iulli.

236 5940 408 5994 primo
437 5923 625 5989 φυγεῖν
659 5920 762 5971 τῶν
790 5918 969 5970 κακῶν
999 5920 1095 5990 τὴν
1133 5916 1379 5988 μίμησιν.
