4262 6532
755 487 854 539 155

2091 476 2146 528 S.
2192 472 2430 524 BASILII
2465 471 2673 524 MAGNI

3883 471 3997 522 l’>6

744 600 1041 653 inhabitare
1070 594 1198 661 [urit
1253 593 1407 644 unius
1443 593 1601 643 moris
1638 593 1691 643 in
1737 590 1888 640 domo
1919 588 1983 641 ’³.
2026 590 2137 643 lloc
2180 603 2319 640 mare
2350 593 2390 647 Α

2317 605 2319 617 '
2350 593 2390 647 Α
2432 586 2489 637 Ὀ
2511 587 2713 645 δίκαιος
2739 584 3029 646 ἄπλαστος,
3061 583 3240 644 ὁποῖος
3264 587 3290 634 6
3329 582 3518 636 Ἰακώϐ
3550 582 3678 651 ($9).
3709 582 3805 633 Διὰ
3833 583 4000 633 τοῦτο

744 702 986 756 magnum
1038 693 1086 737 et
1137 683 1427 751 spatiosum
1460 697 1477 733 :
1515 682 1625 735 illic
1666 679 1902 745 rcptilia,
1946 696 2166 748 quorum
2215 693 2316 732 non

741 786 817 829 est
863 788 1106 827 numerus
1148 785 1165 824 :
1215 772 1469 824 animalia
1519 771 1707 838 pusilla
1736 785 1850 820 cum
1893 773 2095 840 magnis
2122 770 2188 824 ’³.
2215 768 2319 823 Sed

748 880 924 922 tamen
945 875 1029 920 est
1057 866 1108 918 in
1139 864 1246 919 illis
1283 864 1495 931 sapiens
1524 862 1762 933 quaedam
1793 870 1846 914 et
1875 863 2041 929 probe
2074 862 2318 915 ordinata

747 959 1048 1026 dispositio.
1075 955 1190 1011 Non
1229 957 1371 1009 enim
1426 955 1595 1010 solum
1631 967 1884 1007 accusare
1917 955 2090 1024 pisces
2131 968 2323 1022 possu-

749 1063 902 1111 mus;
932 1047 1025 1101 sed
1056 1055 1180 1101 sunt
1200 1045 1361 1098 etiam
1394 1060 1514 1114 quae
1538 1057 1711 1112 operte
1733 1044 1959 1110 pretium
1992 1051 2074 1097 est
2101 1042 2317 1097 imitari.

746 1139 1028 1208 Quomodo
1049 1136 1252 1207 singula
1277 1134 1506 1204 piscium
1536 1149 1726 1205 genera
1760 1136 2031 1204 regionem
2060 1135 2159 1189 sibi
2192 1135 2323 1204 ipsis

750 1231 996 1285 idoneam
1019 1229 1235 1298 partita,
1255 1229 1358 1283 alia
1377 1229 1429 1283 in
1461 1229 1684 1282 aliorum
1711 1227 1866 1281 sedes
1889 1241 1994 1280 non
2020 1235 2320 1292 transeunt,

749 1322 846 1377 sed
877 1324 1019 1376 intra
1043 1320 1294 1392 preprios
1323 1322 1454 1376 lines
1480 1320 1818 1374 diversautur
1842 1319 1864 1371 ‘l
1895 1318 2182 1374 Geometra
2209 1320 2324 1374 nul-

753 1415 835 1469 lus
857 1415 1216 1470 habitationes
1242 1415 1376 1483 apud
1401 1415 1515 1468 haec
1549 1415 1772 1483 piscium
1803 1426 1996 1481 genera
2025 1411 2323 1478 distribuit;

753 1519 860 1560 non
913 1504 1320 1573 circumscripta
1365 1511 1492 1558 sunt
1530 1506 1717 1565 muris,
1750 1518 1853 1557 non
1891 1503 2086 1557 ﬁnibus
2133 1502 2326 1568 divisa,

753 1610 811 1654 et
844 1601 983 1670 quod
1032 1595 1224 1665 cuique
1265 1598 1504 1668 prodest,
1549 1598 1598 1651 id
1655 1596 1846 1665 cuique
1885 1603 2071 1664 Sponte
2125 1605 2329 1650 naturae

755 1693 1077 1746 destinatum
1139 1701 1241 1745 est.
1299 1691 1394 1745 llic
1449 1690 1588 1744 enim
1627 1690 1776 1744 sinus
1815 1690 2056 1758 qutedam
2105 1687 2327 1756 piscium

757 1797 949 1850 genera
1009 1781 1204 1850 pascit,
1241 1781 1328 1836 ille
1384 1781 1488 1837 alia
1523 1790 1615 1837 :et
1662 1797 1777 1851 qua:
1811 1779 1897 1833 hic
1950 1779 2242 1841 abundant.
2267 1796 2330 1835 ea

759 1871 888 1925 alibi
934 1873 1024 1925 vix
1085 1873 1348 1926 invenias.
1400 1872 1586 1925 Nullus
1641 1884 1790 1923 mons
1834 1867 2003 1923 acutis
2045 1867 2332 1923 verticibus

2422 677 2733 736 Κίιτοικίζει
2776 676 2986 741 Κύριος
3016 676 3428 744 μονοτρόπους
3457 675 3524 727 ἐν
3555 673 3718 737 οἴκῳ.
3757 673 3918 738 Αὕτη
3955 673 3998 740 ὴ

2418 765 2700 822 θάλασσα
2735 767 2770 824 τ’)
2805 765 3038 834 μεγάλη
3067 766 3159 820 καί
3189 767 3522 836 εἱγρύχοῳος
3542 782 3556 796 ⁸
3591 764 3719 818 ἐκεῖ
3751 765 3998 833 ἑρπετὰ,

2417 851 2504 910 ὧν
2528 861 2638 912 οὐκ
2669 861 2841 913 ἐστιν
2862 858 3123 926 ἀριθμός·
3161 856 3270 918 ζῶα
3291 864 3472 927 μικρὰ
3513 859 3660 930 μετὰ
3687 857 3998 925 μεγάλων.

2431 949 2570 1002 Ἀλλ’
2595 951 2744 1020 ὅμως
2778 950 2913 1020 σοφὴ
2947 949 3029 1013 τίς
3077 954 3190 1004 ἐστι
3220 951 3347 1019 παρ’
3379 951 3560 1015 αὐτοῖς
3605 953 3697 1005 καὶ
3731 949 4004 1011 εὕτακτος

2417 1043 2791 1113 διακὸσμησις.
2835 1043 2906 1097 Ού
2949 1041 3057 1112 γὰρ
3092 1046 3249 1112 μόνον
3288 1048 3611 1112 κατηγορεῖν
3653 1045 3848 1116 ἔχομεν
3885 1042 4005 1093 τῶν

2422 1133 2620 1204 ἰχθύων
2645 1134 2743 1204 (1),
2779 1136 2892 1188 ἀλλ’
2935 1134 3079 1187 ἐστιν
3104 1135 3138 1187 ἃ
3168 1137 3262 1190 καὶ
3300 1134 3642 1206 μιμήσασθαι
3668 1139 3837 1205 ἄξιον.
3870 1135 4004 1196 Πῶς

2420 1227 2487 1281 τὰ
2511 1226 2643 1296 γένη
2682 1227 2792 1279 τῶν
2838 1229 3032 1298 ἰχθύων
3068 1226 3273 1280 ἕκαστα
3311 1230 3410 1299 τὴν
3440 1228 3747 1298 ἐπιτηδείαν
3784 1229 4005 1290 ἑαυτοῖς

2422 1319 2812 1390 διανειμάμενοι
2842 1321 3045 1393 χώραν,
3076 1319 3175 1372 οὐκ
3201 1321 3517 1392 ἐπεμϐαίνει
3548 1320 3816 1392 ἀλλήλοις,
3860 1322 4004 1377 ἀλλὰ

2424 1415 2532 1476 τοῖς
2582 1413 2800 1476 οἰκείοις
2850 1416 2995 1482 ὅροις
3033 1413 3389 1483 ἐνδιατρίϐεις
3439 1414 3626 1476 Οὐδεὶς
3675 1419 4002 1489 γεωμέτρης

2428 1521 2538 1575 παρ
2597 1505 2777 1567 αὐτοῖς
2817 1508 3101 1577 κατένειμε
3133 1504 3230 1567 τὰς
3260 1507 3531 1575 οἰκήσεις·
3572 1506 3632 1558 οὐ
3665 1508 3870 1575 τείχεσι
3907 1525 4004 1560 πε-

2431 1595 2788 1669 ριγέγραπται
2818 1613 2830 1627 ι
2879 1599 2976 1667 οὐχ
3033 1595 3321 1670 ὁροθεσίοις
3369 1597 3657 1668 διῄρηται·
3697 1599 3792 1649 καὶ
3836 1602 4000 1652 αὐτου

2435 1689 2614 1760 μάτως
2652 1689 2863 1758 ἑκάστῳ
2889 1691 2946 1741 τὸ
2977 1694 3242 1762 χρήσιμον
3275 1689 3658 1746 ἀποτέτακται.
3693 1682 3860 1752 Οὗτος
3904 1692 4004 1760 μὲν

2432 1779 2537 1850 γὰρ
2577 1780 2605 1830 6
2640 1779 2835 1840 κόλπος
2859 1779 2984 1832 τάδε
3007 1782 3127 1834 τινὰ
3159 1782 3232 1852 (2)
3257 1781 3388 1851 γένη
3413 1779 3518 1832 τῶν
3563 1778 3758 1850 ἰχθύων
3794 1779 4001 1848 βόσκει,

2434 1873 2681 1934 κάκεῖνος
2719 1872 2878 1942 ἕτερα
2902 1889 2914 1900 ·
2947 1874 3126 1926 καὶτὰ
3154 1869 3254 1928 ὧδε
3289 1872 3623 1945 πληθύνοντα
3653 1873 3836 1942 ἄπορα
3873 1874 4003 1943 παρ’

759 1976 1060 2032 porrectus,
1098 1980 1162 2017 ea
1194 1963 1458 2032 seiungit;
1491 1977 1592 2015 non
1632 1960 1914 2013 transitum
1962 1959 2210 2014 discindit
2239 1959 2334 2015 llu-
2366 1971 2408 2026 Β
2435 1971 2442 2017 ἐ

2321 1992 2334 2004 -
2366 1971 2408 2026 Β
2435 1965 2659 2035 ἑτέροις.
2697 1961 2858 2014 Οὐδὲν
2896 1961 3018 2033 ὅρος
3058 1963 3258 2028 ὀξείαις
3299 1967 3562 2035 κορυφαῖς
3601 1962 4004 2032 ἀνατεταμένον

758 2058 880 2109 vius
911 2075 925 2111 :
956 2055 1047 2108 sed
1078 2053 1319 2125 quagdam
1345 2063 1427 2108 est
1457 2064 1660 2107 naturm
1690 2052 1804 2111 lex.
1838 2067 1954 2120 quae
1979 2066 2132 2122 aeque
2164 2051 2330 2122 justc-
2429 2058 2441 2109 ἰ

2318 2081 2330 2092 -
2429 2057 2720 2127 διίστησιν,
2770 2054 2830 2105 οὐ
2879 2054 3118 2124 ποταμὸς
3159 2057 3258 2125 τὴν
3315 2057 3557 2110 διάὅασιν
3604 2057 4001 2127 ἀποτέμνεταιθ

759 2163 865 2218 que
891 2162 987 2215 pro
1033 2147 1450 2217 uniuscujusque
1498 2147 1780 2202 commodo
1821 2144 2031 2200 vivendi
2072 2149 2329 2201 rationem
2430 2153 2442 2202 ι

2323 2163 2329 2198 I
2430 2150 2564 2204 ἀλλὰ
2598 2149 2759 2219 νόμος
2795 2146 2876 2210 τίς
2915 2147 3029 2198 ἐστι
3060 2146 3270 2216 φύσεως
3316 2148 3445 2211 ἴσως
3471 2151 3563 2200 καὶ
3602 2150 3828 2213 δικαίως
3863 2150 4006 2203 κατά

762 2240 920 2310 quasi
952 2241 1145 2296 sortito
1176 2239 1400 2310 singulis
1431 2237 1746 2309 praescribit.

834 2438 886 2491 4.
916 2436 1024 2492 Nos
1059 2453 1188 2492 vero
1207 2455 1543 2508 nequaquam
1576 2440 1710 2494 tales
1734 2454 1937 2493 sumus.
1971 2435 2158 2492 Unde?
2180 2435 2332 2502 Quod

766 2528 864 2598 ipsi
889 2531 1146 2583 terminos
1177 2539 1406 2584 aeternos
1460 2531 1854 2591 transierimus,
1887 2545 2019 2597 quos
2066 2529 2111 2560 "
2154 2539 2332 2597 patres

769 2621 934 2672 nostri
1001 2627 1309 2687 posuerunt.
1365 2618 1649 2686 Perperatn
1707 2617 2002 2670 scindimus
2051 2616 2331 2682 tellurem;

769 2712 988 2764 domum
1023 2710 1224 2772 domui,
1258 2726 1440 2781 agrum
1471 2725 1601 2779 agro
1626 2709 1988 2779 adjungitnus,
2019 2719 2126 2765 uta
2151 2711 2335 2779 proxi-

770 2813 858 2850 mo
892 2798 1091 2866 aliquid
1143 2799 1467 2853 aulerantus.
1516 2800 1722 2855 Norunt
1758 2809 1876 2854 cete
1927 2799 2136 2853 vivendi
2169 2814 2337 2869 genus

769 2890 867 2943 sibi
900 2906 927 2941 a
965 2899 1156 2941 natura
1191 2893 1559 2946 constitutum.
1595 2891 1870 2960 Occupant
1915 2893 1963 2945 id
1991 2907 2160 2954 mare,
2196 2892 2337 2960 quod

769 2980 906 3034 ultra
960 2981 1275 3036 habitabiles
1314 2983 1495 3050 plagas
1551 2985 1733 3046 situm,
1776 2984 1963 3036 insulis
2015 2992 2199 3049 caret,
2253 2983 2337 3036 cui

770 3072 1047 3125 continens
1078 3070 1218 3124 nulla
1265 3081 1404 3124 terra
1448 3085 1477 3125 e
1523 3072 1739 3141 regione
1779 3072 2085 3139 opponitur.
2141 3071 2338 3135 Quam-

770 3163 953 3219 obrem
989 3152 1345 3233 ianavigabile
1377 3173 1480 3226 est,
1523 3178 1620 3217 nec
1647 3163 1808 3216 ullum
1834 3145 2186 3230 cognoscendi
2228 3170 2340 3214 stu-

774 3257 960 3320 dium,
1011 3273 1110 3311 nec
1159 3256 1260 3310 ulla
1315 3258 1614 3312 necessitas
1663 3256 1793 3311 illud
1851 3265 2058 3311 tentare
2104 3268 2337 3325 unquam

776 3345 955 3397 nautis
981 3347 1265 3414 persuasit.
1295 3343 1404 3398 Hoc
1435 3359 1584 3400 mare
1622 3355 1888 3414 occupant
1916 3356 2054 3408 cete,
2090 3341 2340 3397 maximis

774 3436 1044 3487 montibus
1069 3437 1434 3504 magnitudine
1461 3437 1679 3499 similia,
1712 3438 1854 3490 velut
1885 3435 1937 3490 hi
1962 3436 2052 3505 qui
2096 3436 2342 3490 viderunt

773 3532 1038 3577 narrant:
1071 3533 1290 3577 manent
1321 3525 1458 3577 intra
1497 3527 1744 3593 proprios
1793 3525 2074 3590 terminos,
2117 3540 2215 3580 nec
2260 3526 2341 3579 in-

773 3619 918 3676 sulas
957 3635 1129 3689 neque
1163 3622 1322 3676 urbes
1358 3623 1657 3677 maritimas
1703 3611 1974 3677 infestant.
2032 3623 2121 3678 Sic
2181 3625 2342 3692 igitur

774 3715 1189 3784 unumquodque
1215 3731 1380 3786 genus
1419 3716 1470 3770 in
1494 3717 1729 3772 delinitis
1755 3717 1856 3773 sibi
1888 3718 2051 3771 maris
2077 3719 2338 3788 partibus,

770 3805 994 3874 perinde
1017 3817 1178 3876 atque
1207 3807 1258 3862 in
1319 3809 1645 3872 civitatibus,
1699 3819 1790 3863 aut
1831 3809 1964 3863 vicis
1994 3808 2339 3878 quibusdam,

775 3907 866 3951 aut
895 3898 1128 3968 antiquis
1161 3900 1370 3967 patriis,
1417 3900 1760 3955 immoratur.
1807 3898 1924 3954 Jam
1957 3915 2084 3955 vero
2122 3901 2341 3970 quidam

773 4004 840 4044 ex
863 3991 1098 4061 piscibus
1131 3992 1557 4062 peregrinantes,
1580 3993 1726 4048 velut
1762 4008 1791 4046 a
1825 3992 2094 4048 communi
2117 3993 2263 4047 curia
2293 3992 2344 4046 in

776 4093 1027 4140 externas
1063 4086 1310 4157 regiones
1349 4085 1617 4157 ablegati,
1653 4101 1844 4141 omnes
1893 4087 1991 4141 sub
2043 4101 2148 4140 uno
2193 4085 2348 4156 signo

778 4175 1215 4242 proficiscuntur.
1238 4179 1373 4233 Cum
1410 4181 1554 4233 enim
1579 4180 1950 4248 praescriptum
1981 4177 2178 4233 fetandi
2210 4188 2348 4232 tem-

777 4280 873 4336 pus
901 4266 1175 4330 institerit,
1201 4268 1288 4322 alii
1314 4270 1381 4323 ab
1410 4269 1530 4324 aliis
1557 4271 1885 4336 emigrantes
1917 4269 2144 4331 sinibus,
2195 4283 2346 4322 com-

779 4357 925 4410 muni
954 4371 1159 4413 natura:
1217 4360 1332 4430 lege
1365 4361 1640 4426 concitati,
1694 4360 1760 4413 ad
1810 4376 1958 4414 mare
2014 4360 2346 4428 aquilonium

778 4445 1053 4503 festinant.
1080 4449 1145 4504 Et
1172 4452 1387 4516 quidem
1425 4451 1542 4519 ipso
1590 4466 1850 4506 ascensus
1877 4460 2114 4519 tempore
2171 4452 2348 4521 pisces

780 4547 1002 4596 coactos
1035 4555 1131 4611 per
1169 4541 1551 4611 Propontidem
1595 4543 1647 4596 in
1700 4542 1964 4597 Euxinum
2001 4542 2231 4597 Pontum
2268 4545 2348 4597 in-

2430 2241 2490 2294 τὸ
2529 2243 2757 2295 ἑκάστου
2801 2239 3057 2312 χρειῶδες
3103 2239 3200 2311 τὴν
3237 2239 3441 2293 δίαιταν
3482 2240 3729 2303 ἑκάστοις
3759 2241 4007 2311 ἀποκλη-

2435 2330 2543 2401 ρῶν
2575 2331 2673 2400 (5).

2499 2422 2554 2477 4.
2607 2422 2744 2474 Ἀλλ’
2768 2424 2865 2493 οὐχ
2896 2426 3057 2495 ἡμεῖς
3101 2424 3348 2479 τοιοῦτοι.
3398 2424 3601 2488 Πόθενς
3639 2425 3770 2495 Οἶγε
3821 2425 4012 2495 μεταί-

2436 2532 2600 2587 ρομεν
2668 2516 2789 2585 ὅρια
2840 2516 3069 2575 αἰώνια,
3123 2517 3157 2571 ἃ
3198 2517 3377 2570 ἔθεντο
3425 2519 3474 2569 οἱ
3532 2519 3765 2589 πατέρες
3827 2518 4009 2588 ἡμῶν.

2434 2607 2899 2679 Παρατεμνόμεθα
2941 2609 3017 2679 (4)
3066 2610 3190 2678 γῆν,
3248 2609 3588 2678 συνάπτομεν
3642 2609 3820 2662 οἰκίαν
3873 2609 4013 2680 πρὸς

2434 2700 2607 2754 οἰκίαν
2637 2701 2727 2754 καὶ
2767 2700 2934 2769 ἀγρὸν
2969 2701 3103 2768 πρὸς
3148 2700 3334 2770 ἀγρὸν,
3363 2700 3450 2754 ἵνα
3481 2700 3573 2752 τοῦ
3631 2700 3863 2771 πλησίον
3900 2701 4010 2770 ἀφ-

2437 2791 2683 2863 ελώμεθα
2714 2809 2786 2844 τι.
2816 2787 2935 2844 Οἶδε
2979 2790 3045 2843 τὰ
3091 2792 3228 2862 κήτη
3251 2791 3348 2863 τὴν
3393 2791 3782 2864 ἀφωρισμένην
3827 2793 4014 2856 αὐτοῖς

2440 2889 2591 2957 παρὰ
2617 2885 2716 2957 τῆς
2750 2885 2961 2953 φύσεως
2991 2884 3215 2948 δίαιταν,
3255 2885 3351 2958 τὴν
3401 2885 3503 2951 ἔξω
3535 2886 3643 2940 τῶν
3677 2887 4018 2957 οἰκουμένων

2440 2980 2651 3048 χωρίων
2694 2979 2984 3049 κατείληφε
3019 2979 3309 3040 θάλασσαν,
3353 2979 3450 3049 τὴν
3491 2982 3706 3050 ἐρήμην
3739 2981 3945 3050 νήσων,

2446 3070 2682 3138 μηδεμία
2716 3071 2850 3138 πρὸς
2871 3072 2931 3121 τὺ
2958 3069 3249 3138 ἀντιπέρας
3282 3071 3737 3141 ἀντικαθέστηκεν
3763 3071 4014 3140 ἤπειρος.

2443 3158 2639 3229 Διόπερ
2669 3158 2870 3221 ἄπλους
2891 3159 3058 3221 ἐστὶν,
3086 3158 3208 3211 οὔτε
3240 3160 3476 3230 ἱστορίας
3501 3159 3622 3212 οὔτε
3649 3160 3793 3221 τινὸς
3823 3160 4014 3230 χρείας

2443 3249 2784 3320 κατατολμᾷν
2840 3251 3007 3321 αὐτῆς
3068 3250 3195 3314 τοὺς
3250 3250 3538 3321 πλωτῆρας
3592 3251 4012 3324 ἀναπειθούσης.

2367 3315 2408 3372 C
2453 3315 2695 3413 Ἐκείνην
2731 3315 3111 3398 ϋκαταλαδόντα
3140 3342 3207 3397 τὰ
3242 3345 3401 3414 κήτη,
3424 3315 3556 3407 ’τοῖς
3602 3344 3880 3414 μεγίστοις
3909 3315 4019 3398 sibi:

2442 3436 2582 3505 ὀρῶν
2630 3437 2769 3489 κατὰ
2824 3436 2885 3489 τὸ
2934 3434 3159 3505 μέγεθος
3191 3435 3430 3499 ἐοικότα,
3479 3436 3554 3499 ὡς
3596 3438 3645 3489 οἰ
3692 3435 4017 3508 τεθεαμένοι

2443 3527 2595 3596 φασὶ,
2639 3526 2785 3596 μένει
2817 3527 2872 3576 ὲν
2905 3526 3017 3588 τοῖς
3050 3524 3268 3588 οἰκείοις
3296 3526 3462 3596 ὅροις,
3505 3527 3641 3597 μήτε
3667 3529 3786 3590 ταῖς
3808 3528 4018 3598 νήσοις,

2446 3622 2581 3691 μήτε
2620 3621 2736 3682 ταῖς
2763 3617 3046 3688 παραλίοις
3088 3617 3163 3689 (5)
3191 3618 3378 3673 πόλεσι
3422 3622 3813 3692 λυμαινόμενα,
3859 3621 4019 3674 Οὕτω

2447 3714 2542 3785 μὲν
2582 3709 2673 3767 οὖν
2721 3713 2950 3766 ἕκαστον
2985 3713 3174 3782 γένος,
3207 3715 3392 3786 ὥσπερ
3434 3715 3670 3780 πόλεσιν,
3719 3715 3752 3784 ἢ
3799 3713 4017 3781 κώμαις

2444 3806 2606 3873 τισὶν,
2637 3806 2670 3878 ἢ
2703 3806 2956 3877 πατρίσιν
2985 3806 3260 3878 ἀρχαίαις,
3283 3810 3391 3871 τοῖς
3425 3804 3884 3874 ἀποτεταγμένοις
3923 3805 4019 3858 αύ-

2445 3902 2556 3963 τοῖς
2603 3900 2702 3971 τῆς
2766 3898 3041 3972 θαλάσσης
3095 3901 3314 3972 μέρεσιν
3368 3894 3722 3960 ἐναυλίζεται.
3770 3897 3914 3968 Ἤδη
3959 3899 4017 3952 δέ

2445 4008 2589 4056 τινες
2646 3993 2740 4046 καὶ
2797 3991 3191 4063 ἀποδημητικοὶ
3244 3990 3351 4040 τῶν
3414 3987 3628 4058 ἰχθύων,
3673 3987 3865 4060 ὥσπερ
3909 3990 4020 4044 ἀπὸ

2447 4085 2626 4139 κοινοῦ
2673 4085 3049 4156 βουλευτηρίου
3095 4082 3232 4152 πρὸς
3277 4081 3373 4151 τὴν
3407 4082 3703 4154 ὑπερορίαν
3739 4083 4020 4154 στελλόμε-

2457 4196 2559 4243 νοι,
2586 4179 2673 4247 ὑφ’
2703 4179 2782 4231 ἐν).
2818 4175 3116 4247 συνθήματι
3159 4173 3358 4237 πάντες
3387 4175 3728 4243 ἀπαίρουσιν.
3767 4176 4017 4229 Ἐπειδὰν

2447 4268 2555 4341 γὰρ
2585 4270 2614 4322 6
2635 4265 2963 4336 τεταγμένος
2987 4264 3175 4336 καιρὸς
3214 4264 3312 4334 τῆς
3335 4265 3581 4334 κυήσεως
3605 4263 3681 4335 (6)
3707 4264 4012 4334 καταλάϐῃ,

2447 4360 2594 4414 ἄλλοι
2626 4358 2719 4412 ἀπ’
2771 4357 2941 4411 ἀλλων
2975 4356 3188 4410 κόλπων
3223 4357 3684 4427 μεταναστάντες,
3726 4356 3803 4426 τῷ
3855 4355 4018 4425 κοινῷ

2447 4455 2545 4523 τῆς
2596 4450 2810 4521 φύσεως
2858 4451 3005 4522 νόμῳ
3047 4450 3444 4522 διεγερθέντες,
3479 4449 3573 4503 ἐπὶ
3619 4449 3716 4519 τήν
3771 4447 4017 4520 βορεινήν

2448 4543 2753 4612 ἐπείγονται
2792 4543 3085 4602 θάλασσαν.
3114 4545 3223 4598 Καὶ
3256 4544 3386 4608 ἴδοις
3418 4543 3483 4597 ἂν
3511 4541 3652 4595 κατά
3688 4541 3781 4594 τὸν
3826 4541 4018 4617 καιρὸν

779 4627 1042 4696 “uelites,
1088 4633 1164 4686 uti
1222 4641 1513 4690 torrentem
1562 4633 1852 4703 quemdam
1911 4633 2095 4687 videre
2150 4635 2343 4702 possis.
2379 4651 2462 4706 De

2333 4636 2548 4708 ,οτῆς
2597 4636 2783 4691 ἀνόδου
2828 4635 3018 4709 ὥσπερ
3065 4655 3118 4691 τι
3174 4635 3350 4708 ῥεῦμα
3407 4635 3532 4697 τοὺς
3588 4632 3741 4703 ἰχθῦς
3800 4632 4016 4704 ἡνωμέ-

841 4739 890 4774 ⁹⁸
927 4741 1070 4799 Psal.
1102 4759 1267 4810 vatt,
1299 4747 1352 4800 7.
1424 4747 1470 4777 ⁸⁵
1506 4746 1645 4800 Psal.
1682 4760 1798 4809 cut,
1829 4745 1900 4799 25
1947 4745 2039 4799 26.

845 4853 960 4924 (99)
988 4853 1061 4907 Ita
1090 4865 1322 4921 quatuor
1348 4873 1478 4911 mss.
1517 4857 1673 4912 Deest
1708 4858 1962 4913 articulus
2005 4859 2055 4912 in
2076 4860 2252 4915 editis.
2288 4861 2341 4916 In

777 4925 1096 4999 aliislrjbus
1126 4941 1254 4999 mss.
1288 4927 1485 4999 legitur
1517 4929 1609 4981 καί
1631 4931 1658 4982 6
1705 4927 1914 4983 Ἰακώϐ.
1942 4928 2097 4983 Colb.
2139 4933 2345 4999 primus

780 4997 871 5050 καὶ
893 4997 922 5047 6
953 4992 1091 5046 Ίὼ6.
1119 4993 1232 5068 _Ncc
1258 4992 1571 5068 aliterlegit
1595 5000 1926 5062 Eustathius,
1955 5002 2042 5067 qui
2073 4992 2152 5056 sic
2181 5002 2347 5056 inter-

780 5075 1066 5140 pretatur:
1100 5063 1610 5140 Justusttilti‘l‘haliet
1631 5069 1824 5140 ﬁctum,
1848 5063 2124 5124 sicullob.
2159 5071 2349 5140 Respi-

778 5133 853 5189 cit
873 5133 1102 5209 ﬁssilius
1126 5135 1193 5189 ad
1215 5136 1369 5209 illud,
1412 5136 1604 5190 Ἰακὼὸ
1628 5133 1706 5198 δε,
1741 5139 2020 5209 ἅνθρωπος
2046 5133 2344 5204 ἄπλαστος,

776 5205 941 5258 οἰκῶν
966 5203 1158 5276 οἰκίαν,
1196 5205 1359 5259 Jacob
1407 5222 1579 5276 autem
1631 5213 1783 5262 homo
1825 5203 2064 5276 simplex,
2097 5203 2338 5263 habitans

777 5277 989 5327 domum
1013 5275 1311 5340 (Gen.xxv,
1337 5275 1447 5343 27).
1483 5275 1750 5329 Particula
1778 5276 1891 5341 καί,
1927 5275 2070 5345 quae,
2098 5289 2154 5332 ut
2189 5290 2341 5334 nota-

779 5345 978 5407 vimus,
1005 5348 1055 5398 itt
1087 5346 1291 5413 aliquot
1328 5361 1455 5400 mss.
1499 5347 1786 5415 reperitur,
1820 5347 1933 5401 lere
1985 5347 2114 5402 facit
2156 5358 2214 5404 ut
2261 5350 2340 5404 le-

777 5415 1005 5484 gendum
1035 5418 1278 5483 suspicer
1299 5415 1479 5479 ὁποῖος
1509 5419 1537 5468 6
1585 5415 1776 5468 Ἰακὼϐ
1800 5417 1893 5469 καὶ
1916 5418 1944 5470 6
1985 5418 2124 5472 Ἰώδ.

852 5482 1092 5555 (1)Οοίὺ.
1123 5482 1389 5556 secundus
1409 5487 1515 5540 τῶν
1542 5484 1793 5539 τοιούτων
1817 5485 2036 5556 ἰχθύων.
2069 5488 2188 5543 Mox
2211 5488 2350 5545 idem

781 5554 883 5609 ms.
919 5556 1008 5608 καὶ
1045 5554 1350 5625 μιμεῖσθαι.

854 5626 930 5696 (2)
966 5624 1056 5679 Sic
1091 5624 1326 5693 quatuor
1355 5640 1481 5679 mss.
1528 5624 1664 5679 Ειίἰιί
1693 5639 1813 5678 cum
1853 5626 2060 5682 duobus
2094 5643 2222 5684 mss.
2278 5630 2347 5684 τέι

782 5693 840 5748 δέ
862 5693 978 5747 τινα
1011 5696 1096 5751 τά.
1116 5696 1311 5750 Statim
1344 5698 1470 5766 editi
1501 5697 1680 5766 ἄπορα
1714 5697 1842 5766 παρ’
1882 5697 2129 5761 ἐκείνοις.
2165 5701 2226 5753 At
2250 5715 2345 5755 sex

788 5781 917 5818 mss.
959 5767 1084 5836 παρ’
1109 5767 1332 5834 ἑτέροις.
1366 5764 1560 5819 Ibidem
1598 5764 1761 5819 editio
1786 5764 1947 5819 Basil.
1973 5781 2094 5820 cum
2115 5770 2262 5822 Bodl.
2290 5781 2346 5823 et

786 5849 909 5955 gum
935 5849 1134 5906 septem
1170 5837 1287 5891 aliis
1315 5850 1442 5889 Inss.
1478 5836 1628 5888 οὐδὲν
1662 5835 1806 5905 ὅρος.
1833 5836 2006 5892 Editio
2032 5837 2201 5895 Paris.
2223 5839 2342 5893 οὐδὲ

825 5921 934 5955 00:.

825 5921 934 5974 ρος.

2135 4746 2181 4778 ’⁵
2208 4746 2365 4804 Prov.
2394 4765 2528 4814 χχιι,
2547 4749 2639 4805 28.

2521 4862 2598 4931 (5)
2636 4862 2776 4934 Editi
2808 4878 2927 4934 cum
2953 4864 3082 4934 Reg.
3115 4861 3272 4934 tertio
3295 4873 3348 4934 et
3365 4877 3485 4934 cum
3506 4860 3878 4934 Colh.»primo
3897 4864 4017 4917 ἑκά-

2453 4930 2596 4995 στοις
2623 4933 2970 5005 ἀποκληρῷν.
2997 4930 3176 4988 codex
3205 4930 3449 4988 Combel'.
3482 4947 3604 4987 cum
3636 4932 3756 4986 aliis
3785 4945 4016 5001 quatuor

2455 5017 2582 5074 mss.
2608 5004 2822 5074 ἀποπλη
2833 5003 2960 5074 ρῶν.

2526 5073 2604 5136 (4)
2633 5073 2794 5128 Notat
2813 5070 3042 5127 'l'tucznus
3063 5071 3162 5141 legi
3195 5072 3246 5125 in
3277 5072 3512 5126 editione
3537 5070 3822 5127 Basiliensi
3849 5083 4020 5141 poste-

2456 5141 2584 5214 riori
2617 5143 3022 5214 παραπείνομεν
3043 5183 3059 5207 ,
3092 5148 3274 5214 aitque
3304 5142 3626 5214 Corttarium
3657 5143 3795 5196 tttale
3822 5158 4018 5214 remen-

2456 5212 2631 5276 dasse,
2655 5210 2773 5267 cum
2805 5230 2867 5267 ex
2921 5210 3326 5286 παραπείνομεν
3367 5211 3569 5286 effecit
3595 5213 4016 5286 παρατείνομεν,

2449 5286 2768 5349 αηιριὶαηιιιε
2814 5281 3029 5336 terram}
3081 5281 3347 5336 Czeternm
3397 5282 3570 5336 ἰηιρωὶ
3605 5281 3832 5336 Codices
3867 5281 4014 5351 teque

2448 5364 2512 5403 ac
2541 5354 2712 5423 nostri
2735 5355 2950 5423 habent
2971 5351 3455 5423 παρατεμνόμεθα,
3478 5367 3731 5423 secantur.

2520 5422 2598 5493 (5)
2629 5422 2857 5493 Codices
2894 5420 3114 5493 aliquot
3183 5420 3324 5493 cuni
3360 5424 3606 5493 editione
3652 5420 3817 5475 Basil.
3881 5439 4014 5493 παρ-

2457 5492 2651 5564 αλίαις.
2686 5492 2857 5546 L‘ditio
2890 5492 3057 5548 Paris.
3085 5507 3208 5546 cum
3239 5492 3358 5546 aliis
3383 5491 3700 5560 quibusdam
3719 5507 3847 5547 mss.
3875 5491 4012 5564 παρ-

2456 5563 2643 5624 αλίοις.
2819 5623 2830 5626 ἒ

2528 5633 2602 5702 (6)
2636 5631 3001 5704 EditioBasil.
3031 5633 3222 5704 καιρὸς
3254 5633 3350 5704 τῆς
3380 5633 3668 5704 κινήσεως,
3700 5641 3754 5704 et
3782 5632 3856 5685 ita
3887 5631 4012 5702 legit

2455 5703 2762 5757 Carnarius.
2802 5702 2905 5756 Sed
2965 5703 3093 5757 Duc.
3127 5702 3354 5770 uterque
3409 5715 3463 5755 et
3504 5703 3713 5770 Anglici
3771 5717 3906 5757 mss.
3963 5715 4012 5755 ct

2456 5771 2694 5842 Combel‘.
2718 5787 2838 5825 cum
2886 5788 2980 5825 sex
3013 5775 3212 5826 nostris
3238 5773 3428 5841 καιρὸς
3476 5772 3572 5841 τῆς
3605 5773 3871 5842 κυήσεως.
3913 5772 4010 5826 Nec

2459 5843 2611 5896 aliter
2637 5841 2877 5912 legerunt
2907 5844 3218 5900 Ambrosius
3243 5853 3297 5898 et
3330 5843 3664 5897 Eustathius.
