4262 6516
257 467 362 520 157

1361 462 1647 519 HOMILlA
1688 462 1780 518 VII
1821 463 1884 517 IN
1925 462 2418 518 HEXAEMERON.

3417 474 3438 525 i
3451 472 3517 525 58

246 595 378 640 νους
413 575 512 641 (7),
543 573 638 626 καὶ
667 572 754 625 διὰ
784 573 882 643 τῆς
925 575 1280 646 Προποντίδος
1319 575 1412 628 ἐπί
1451 574 1542 627 τὸν
1581 574 1830 640 Εὔξεινον
1862 583 1902 636 Λ

1862 583 1902 636 Α
1937 573 2133 642 Ecquis
2163 587 2340 630 movet
2364 577 2386 628 ?
2410 575 2680 643 quodnam
2704 586 2788 634 est
2816 580 2957 648 regis
2990 582 3314 652 imperium?
3339 593 3515 659 qualia

258 669 497 740 ῥέοντας.
541 666 636 728 Τίς
673 666 701 717 6
735 665 932 730 κινῶν;
968 670 1116 720 ποῖον
1163 667 1488 738 πρόσταγμα
1533 667 1826 737 βασιλέως;

254 763 384 815 ποῖα
417 759 809 830 διαγράμματα
841 759 962 811 κατ’
997 759 1203 830 ἀγοράν
1231 758 1534 829 ἡπλωμένα
1564 759 1662 829 τὴν
1704 777 1831 828 προο

254 853 485 922 θεσμίαν
538 850 723 921 δηλοῖ;
780 851 828 902 οί
889 850 1238 919 ξεναγοῦντες
1291 851 1472 913 τίνες;
1517 849 1678 920 Ὁρᾷς
1732 849 1828 918 τὴν

254 947 406 1000 θείαν
451 945 691 1009 διάταξιν
739 945 916 998 πάντα
949 944 1281 1016 πληροῦσαν,
1333 946 1426 998 καὶ
1474 946 1559 998 διὰ
1600 945 1707 997 τῶν
1744 963 1831 1015 μι-

253 1035 536 1107 κροτάτων
569 1035 881 1107 διήκουσαν.
944 1035 1116 1104 ’ἰχθὺς
1183 1036 1282 1088 οὐκ
1347 1036 1613 1104 ἀντιλέγει
1677 1036 1828 1106 νόμῳ

251 1129 412 1193 Θεοῦ,
447 1129 540 1182 καὶ
575 1128 848 1199 ἄνθρωποι
881 1127 1162 1198 σωτηρίων
1200 1129 1543 1200 διδαγμάτων
1589 1130 1689 1182 οὐκ
1737 1131 1830 1182 ἀνι

252 1222 510 1293 εχόμεθα.
549 1220 639 1292 Μὴ
671 1220 1001 1290 καταφρόνει
1028 1221 1136 1274 τῶν
1164 1220 1382 1292 ἰχθύων,
1411 1221 1595 1292 ἐπειδὴ
1642 1223 1829 1290 ἄφωνα

253 1316 349 1367 καὶ
393 1313 561 1382 ἄλογα
609 1311 914 1374 παντελῶς·
968 1313 1105 1367 ἀλλὰ
1153 1313 1318 1383 φοϐοῦ
1369 1313 1444 1384 μὴ
1485 1314 1578 1366 καὶ
1627 1314 1828 1367 τούτων

252 1406 590 1478 ἀλογώτερος
616 1402 700 1476 ᾖς,
742 1408 809 1475 τῇ
841 1405 1066 1478 διαταγῇ
1112 1405 1206 1461 τοῦ
1245 1407 1532 1470 κτίσαντος
1573 1407 1828 1460 ἀνθιστά-

256 1517 436 1569 μενος.
465 1502 660 1551 Ἀκουε
697 1498 804 1550 τῶν
848 1497 1044 1568 ἰχθύων
1110 1499 1388 1569 μονονουχὶ
1431 1500 1612 1570 φωνὴν
1644 1500 1831 1568 ἀφιέν-

251 1609 361 1646 των
394 1592 459 1645 δι⁹
499 1584 572 1643 ὧν
621 1590 886 1655 ποιοῦσιν,
937 1592 1040 1644 ὃτιο
1084 1590 1178 1654 Εἰς
1227 1591 1484 1662 διαμονὴν
1519 1591 1612 1643 τοῦ
1641 1592 1830 1658 γένους

251 1685 350 1755 τὴν
418 1681 633 1753 μακρὰν
684 1682 889 1752 ταύτην
942 1682 1249 1753 ἀποδημίαν
1304 1681 1654 1752 στελλόμεθα.
1709 1682 1823 1734 υύκ

251 1777 467 1846 ἔχουσιν
499 1774 626 1827 ἴδιον
658 1774 815 1842 λόγον
835 1790 848 1803 ο
899 1773 1082 1844 ἔχουσι
1123 1775 1179 1827 δὲ
1223 1773 1313 1827 τὸν
1347 1775 1444 1843 τῆς
1495 1773 1708 1842 φύσεως
1739 1773 1827 1826 νό-

254 1881 355 1934 μον
389 1863 620 1935 ἰσχυρῶς
655 1864 1021 1935 ἐνιδρυμένον,
1065 1866 1158 1917 καὶ
1203 1864 1264 1916 τὸ
1296 1863 1565 1934 πρακτέον
1613 1864 1827 1916 ὑποδει-

251 1956 472 2010 κνύντα.
529 1957 863 2028 Βαδίσωμεν,
909 1958 1102 2026 φασὶν,
1162 1958 1254 2009 ἐπὶ
1306 1957 1367 2009 τὸ
1415 1956 1621 2027 βόρειον
1661 1956 1825 2009 πέλα-

249 2064 346 2116 γος
378 2047 478 2116 (8).
511 2047 844 2120 Γλυκύτερον
875 2048 982 2120 γάρ
1013 2050 1108 2118 τῆς
1137 2048 1326 2119 λοιπῆς
1354 2047 1630 2121 θαλάσσης
1656 2053 1830 2105 ἐκεῖνο

247 2140 312 2194 τὸ
364 2141 530 2212 ὕδωρ,
582 2142 713 2194 διότι
770 2143 855 2193 ἐπ’
897 2142 1076 2209 ὀλίγον
1128 2142 1264 2212 αὐτῇ
1325 2143 1753 2214 προσδιατρίὸων
1802 2147 1829 2198 6

247 2232 430 2303 ἥλιος,
482 2235 580 2286 οὐκ
630 2233 810 2301 ἐξάγει
849 2232 1018 2303 αὐτῆς
1062 2233 1182 2285 ὅλον
1229 2233 1316 2287 διὰ
1365 2235 1465 2305 τῆς
1516 2237 1730 2299 ἀκτῖνος
1769 2236 1830 2288 τὸ

249 2327 502 2395 πότιμον.
544 2325 736 2395 Χαίρει
770 2324 824 2376 δὲ
853 2327 965 2387 τοῖς
1003 2325 1225 2392 γλυκέσι
1281 2327 1374 2379 καὶ
1414 2328 1481 2381 τά
1527 2327 1824 2380 θαλάσσιαο

247 2418 370 2471 ὅθεν
403 2418 496 2469 καὶ
528 2418 622 2469 ἐπὶ
669 2418 795 2480 τοὺς
846 2419 1126 2488 ποταμοὺς
1171 2421 1497 2490 ἀνανήχεται
1547 2419 1826 2486 πολλάκις,

248 2512 345 2564 καὶ
381 2511 570 2583 πόρρω
612 2511 889 2581 θαλάσσης
927 2514 1170 2585 φέρεται.
1214 2515 1306 2566 Ἐκ
1345 2513 1535 2566 τούτου
1569 2517 1827 2586 προτιμό-

245 2619 406 2672 τερος
445 2605 628 2667 αὐτοῖς
661 2606 687 2657 ό
719 2606 918 2667 Πόντος
949 2605 1057 2657 τῶν
1095 2605 1294 2657 λοιπῶν
1323 2607 1438 2657 ἐστι
1485 2606 1720 2670 κόλπων,
1752 2608 1826 2671 ὡς

246 2694 554 2764 ἐπιτήδειος
609 2697 974 2765 ἐναποκυῆσαι
1028 2696 1120 2748 καὶ
1175 2697 1437 2770 ἐκθρέψαι
1493 2699 1558 2753 τὰ
1607 2699 1826 2767 ἔκγονα.

260 2782 507 2836 Ἐπειδὰν
567 2783 623 2836 δέ
671 2784 731 2836 τὸ
781 2785 1210 2855 σπουδαζόμενον
1256 2789 1565 2860 ἀρκούντως
1622 2791 1828 2861 ἐκπλη-

248 2875 434 2948 ρωθῇ,
477 2877 637 2929 πάλιν
692 2877 965 2950 πανδημεὶ
1020 2881 1219 2946 πάντες
1268 2883 1700 2952 ὑποστρέφουσιν
1750 2884 1827 2936 οἴ-

248 2968 400 3023 καδε.
433 2970 541 3022 Καὶ
596 2970 678 3032 τίς
719 2973 747 3024 6
793 2971 968 3040 λόγος,
1018 2974 1340 3044 ἀκούσωμεν
1395 2975 1546 3046 παρά
1601 2975 1674 3046 (9)
1722 2975 1827 3029 τῶν

248 3061 596 3116 σιωπώντων.
639 3065 1004 3130 Ἐπιπόλαιος,
1038 3068 1277 3137 φασὶν,ή
1315 3067 1525 3139 βορεινὴ
1561 3068 1823 3134 θάλασσα,

245 3156 342 3208 καὶ
378 3156 543 3207 ὑπτία
581 3156 913 3226 προκειμένη
948 3157 1056 3207 τῶν
1090 3158 1306 3226 ἀνέμων
1341 3160 1458 3221 ταῖς
1506 3159 1682 3228 βίαις,
1720 3160 1826 3211 ὀλί-

244 3267 352 3318 γας
399 3249 570 3309 ἀκτάς
603 3248 696 3298 καὶ
739 3247 1047 3318 ὑποδρομάς
1083 3249 1192 3320 (10)
1234 3249 1450 3320 ἔχουσα.
1499 3252 1587 3303 Διὸ
1635 3253 1728 3304 καὶ
1762 3255 1825 3305 ἐκ
1852 3283 1893 3338 C

246 3341 525 3410 πυθμένος
561 3342 609 3392 οἱ
658 3340 845 3412 ἄνεμοι
906 3341 1103 3414 ῥᾳδίως
1161 3342 1328 3415 αὐτὴν
1377 3345 1822 3415 ἀναστρέφουσιν,

244 3434 324 3495 ὡς
360 3433 453 3485 καὶ
477 3432 575 3503 τὴν
619 3432 804 3502 βυθίαν
847 3434 1072 3506 ψάμμον
1104 3440 1215 3498 τοῖς
1260 3435 1497 3506 κύμασιν
1529 3439 1827 3508 ἀναμίγνυ-

246 3523 395 3576 σθαι.
434 3523 590 3576 ’Λλλά
632 3525 724 3575 καὶ
757 3523 939 3593 ψυχρά
972 3525 1238 3594 χειμῶνος
1278 3525 1428 3595 ὥρα,
1478 3526 1580 3578 ὑπὸ
1617 3527 1824 3578 πολλῶν

245 3616 342 3668 καὶ
379 3615 627 3686 μεγάλων
677 3616 937 3684 ποταμῶν
991 3615 1363 3687 πληρουμένη.
1394 3617 1492 3669 Διά
1530 3617 1689 3669 τοῦτο
1737 3620 1824 3686 ἐφ’

241 3710 368 3760 ὅσον
414 3710 632 3777 μέτριον
674 3708 1076 3771 ἀπολαύσαντες
1117 3709 1287 3779 αὐτῆς
1327 3711 1384 3762 ἐν
1415 3709 1490 3780 τῷ
1524 3710 1692 3783 θέρει,
1728 3712 1826 3765 πά-

241 3800 328 3854 λιν
356 3801 620 3871 χειμῶνος
654 3802 745 3853 ἐπὶ
777 3802 874 3873 τὴν
906 3805 964 3856 ἐν
990 3803 1064 3873 τῷ
1096 3801 1241 3873 βυθῷ
1281 3801 1444 3855 ἀλέαν
1482 3805 1528 3873 (1
1548 3805 1592 3874 Ι)
1627 3808 1720 3858 καὶ
1759 3805 1826 3859 τά

241 3893 514 3964 προσήλια
544 3894 653 3947 τῶν
684 3895 897 3966 χωρίων
937 3895 1279 3963 ἐπείγονται,
1325 3896 1414 3947 καὶ
1458 3896 1722 3963 φυγόντες
1765 3897 1826 3950 τὸ

239 3985 545 4056 δυσήνεμον
570 3986 677 4040 τῶν
706 3985 988 4056 ἀρκτῴων,
1012 3990 1123 4050 τοῖς
1149 3988 1234 4039 ἐπ’
1263 3984 1480 4038 ἔλαττον
1503 3989 1824 4059 τινασσομέ-

243 4093 358 4138 νοις
388 4077 608 4139 κόλποις
644 4076 1154 4148 ἐγκαθορμίξονται.

311 4168 367 4221 5.
408 4163 559 4220 Εἶδον
604 4169 776 4221 ταῦτα
821 4168 949 4237 ἐγὼ,
990 4171 1084 4222 καὶ
1133 4171 1232 4243 τὴν
1264 4173 1321 4224 ἐν
1355 4173 1486 4225 πᾶσι
1536 4171 1629 4226 τοῦ
1686 4172 1820 4226 Θεοῦ

241 4261 433 4328 σοφίαν
469 4259 773 4331 ἐθαύμασα.
819 4264 882 4316 Ei
916 4263 984 4316 τά
1025 4263 1192 4332 ἀλογα
1233 4265 1553 4333 ἐπινοητικά
1584 4267 1679 4318 καὶ
1725 4284 1822 4335 φυ-

237 4349 476 4403 λακτικά
515 4352 613 4423 τῆς
648 4351 783 4416 ἰδίας
820 4354 996 4408 αὐτῶν
1030 4355 1324 4426 σωτηρίας,
1361 4358 1456 4410 καὶ
1489 4351 1596 4409 οἶδε
1644 4356 1706 4409 τὸ
1735 4359 1819 4409 αἱ-

241 4443 395 4512 ρετὸν
437 4443 584 4513 αὐτῷ
637 4447 732 4498 καὶ
780 4448 840 4499 τὸ
891 4449 1122 4515 φευκτὸν
1170 4451 1198 4500 ό
1245 4449 1426 4517 ιχθύς·
1475 4449 1528 4501 τί
1586 4449 1820 4521 ἐροῦμεν

236 4534 398 4603 ἡμεῖς
450 4535 500 4587 oi.
531 4535 673 4607 λόγῳ
723 4539 1094 4608 τετιμημένοι,
1130 4541 1222 4592 καὶ
1254 4541 1404 4610 νόμῳ
1453 4542 1820 4611 πεπαιδευμέ-

1932 667 2111 720 edicta
2155 668 2206 720 in
2258 667 2371 723 foro
2406 668 2672 736 exposita,
2735 673 3057 740 praeﬁnitum
3119 685 3329 748 tempus
3382 682 3520 736 indi-

1931 759 2099 812 cant?
2151 763 2241 828 qui
2295 768 2419 812 sunt
2456 760 2720 827 hospitum
2758 766 3195 837 advenarumque
3227 773 3523 830 ductores?

1936 850 2097 904 Vides
2149 851 2386 905 divinam
2422 852 2819 915 ordinationem
2891 869 3080 912 cuncta
3133 864 3516 934 complentem,

1931 954 2093 1012 atque
2128 960 2224 1014 per
2253 946 2614 1001 minutissima
2669 949 3073 1017 pervadenlem.
3122 953 3291 1010 Piscis
3323 956 3520 1013 divinae

1934 1034 2037 1104 legi
2069 1052 2174 1090 non
2214 1037 2552 1106 adversatur,
2586 1056 2681 1096 nos
2724 1058 2847 1098 vero
2877 1043 3206 1101 salutaribus
3235 1054 3518 1121 praceptis

1933 1146 2036 1183 non
2069 1132 2438 1200 obsequimur.
2472 1133 2613 1189 Cave
2645 1138 2819 1205 pisces
2851 1141 3179 1207 asperneris,
3204 1144 3348 1210 quod
3384 1145 3518 1199 muti

1931 1233 2076 1287 Stttll,
2099 1233 2152 1278 et
2181 1226 2398 1280 omnino
2438 1229 2663 1282 rationis
2696 1229 2804 1299 67
2837 1242 3121 1299 expertes:
3149 1235 3242 1287 sed
3268 1235 3418 1299 time,
3451 1252 3518 1291 ne

1930 1311 2092 1364 etiam
2123 1312 2205 1367 his
2234 1313 2459 1369 inferior
2493 1317 2568 1371 sis
2595 1322 2820 1382 ratione,
2867 1319 3190 1374 ordinationi
3219 1323 3519 1379 conditoris

1931 1404 2216 1460 obsistens.
2248 1407 2382 1460 Audi
2408 1408 2608 1476 pisces,
2644 1411 2733 1479 qui
2765 1426 2860 1479 per
2885 1427 2944 1466 ea
2977 1428 3096 1480 quae
3126 1413 3348 1479 faciunt,
3397 1423 3519 1469 tan-

1935 1508 2048 1553 tum
2085 1514 2190 1552 non
2221 1501 2475 1553 emittunt
2505 1501 2644 1556 hanc
2669 1517 2853 1557 vocem
2893 1521 2905 1556 :
2966 1503 3076 1558 Nos
3107 1506 3172 1560 ad
3202 1517 3514 1577 perpetuam

1933 1593 2146 1663 generis
2197 1595 2665 1648 conservationem
2707 1597 2759 1648 in
2796 1595 3144 1665 longinquam
3196 1599 3336 1653 hanc
3365 1613 3519 1666 pere-

1932 1688 2295 1756 grinationem
2329 1687 2613 1741 mittimur.
2640 1686 2755 1741 Non
2777 1689 2908 1757 ipsis
2931 1689 3065 1743 inest
3090 1691 3304 1758 propria
3338 1691 3516 1760 ratio;

1933 1776 2024 1830 sed
2058 1787 2262 1830 natura:
2295 1777 2466 1847 legem
2517 1777 2716 1832 habent
2754 1781 2854 1833 sibi
2908 1779 3110 1833 fortiter
3165 1780 3513 1846 insidentem,

1933 1878 1985 1923 et
2007 1870 2148 1938 quod
2177 1871 2442 1936 agendum
2460 1879 2543 1923 est
2571 1881 2966 1941 suggerentem.
2993 1872 3212 1937 Eamus,
3239 1872 3512 1941 inquiunt,

1930 1958 1995 2010 ad
2049 1957 2364 2026 aquilonare
2420 1957 2664 2027 pelagus.
2698 1960 2914 2013 Dulcior
2946 1971 3026 2015 est
3078 1962 3219 2015 enim
3252 1961 3340 2015 illa
3375 1977 3513 2032 aqua

1930 2064 2089 2118 quam
2124 2047 2386 2116 reliquum
2417 2063 2584 2112 mare,
2617 2059 2898 2116 propterea
2927 2051 3066 2118 quod
3099 2051 3176 2104 sol
3206 2052 3352 2105 brevi
3379 2063 3508 2107 tem-

1929 2155 2058 2207 pore
2092 2140 2142 2192 in
2179 2155 2244 2194 eo
2293 2155 2659 2206 commorans,
2710 2158 2815 2194 non
2843 2156 2909 2194 ex
2942 2157 3004 2196 eo
3053 2158 3147 2210 per
3171 2157 3296 2198 suos
3335 2146 3517 2200 radios

1927 2231 2103 2286 educit
2129 2231 2387 2299 quidquid
2417 2232 2560 2299 potui
2592 2245 2773 2300 aptum
2802 2242 2903 2286 est.
2937 2232 3186 2288 Gaudent
3224 2245 3278 2290 et
3307 2238 3515 2291 marina

1928 2326 2084 2389 aquis
2118 2322 2402 2376 dulcibus:
2436 2323 2575 2376 unde
2610 2332 2663 2375 et
2695 2323 2760 2375 ad
2815 2321 3032 2376 ﬂumina
3070 2338 3211 2391 smpe
3269 2333 3512 2390 enatant,

1927 2413 2220 2480 proculque
2254 2428 2281 2464 a
2315 2413 2448 2466 mari
2482 2413 2782 2467 discedunt.
2833 2413 2944 2467 llac
2979 2415 3044 2468 de
3097 2430 3264 2470 causa
3301 2417 3514 2470 caeteris

1927 2507 2135 2559 sinibus
2171 2506 2240 2558 ab
2288 2506 2417 2574 ipsis
2471 2505 2760 2574 praefertur
2792 2505 3013 2569 Pontus,
3077 2506 3216 2559 velut
3265 2509 3330 2560 ad
3370 2506 3513 2561 fetus

1927 2598 2162 2652 edendos
2197 2607 2355 2664 atque
2379 2598 2733 2650 enutriendos
2761 2597 3008 2651 idoneus.
3058 2597 3346 2666 Postquam
3380 2613 3512 2653 vero

1929 2689 1979 2742 id
2010 2690 2149 2757 quod
2177 2689 2227 2741 in
2265 2690 2398 2741 votis
2425 2696 2562 2748 eral,
2598 2687 2872 2755 expletum
2905 2688 3119 2742 aliunde
3154 2687 3286 2754 fuit;
3324 2701 3512 2743 rursus

1927 2796 2116 2834 omnes
2165 2779 2479 2832 catervatim
2510 2779 2576 2832 ad
2617 2779 2831 2846 propria
2885 2789 3248 2832 revertuntur.
3301 2779 3355 2831 Et
3393 2795 3513 2847 quze

1927 2872 1996 2926 sil.
2047 2869 2301 2924 redeundi
2335 2869 2491 2934 ratio,
2531 2884 2559 2922 a
2615 2871 2777 2922 mutis
2833 2868 3136 2921 audiamus.
3176 2869 3512 2935 Aquilonare

1927 2979 2130 3032 tequor,
2167 2963 2434 3032 iuqttittnt,
2497 2962 2819 3030 profundum
2869 2978 2972 3014 non
3012 2971 3117 3023 est,
3151 2976 3382 3031 rumque
3417 2975 3512 3016 su-

1930 3057 2111 3123 pinum
2164 3056 2267 3121 sit,
2328 3054 2573 3108 violentis
2624 3056 2798 3108 ventis
2854 3054 3164 3123 exponitur,
3217 3070 3278 3107 ac
3330 3055 3512 3108 littora

1928 3162 2094 3214 pauca
2127 3157 2181 3200 et
2219 3161 2421 3214 paucos
2455 3163 2699 3202 recessus
2755 3146 2931 3200 habet.
2970 3146 3307 3214 Quapropter
3342 3148 3507 3200 etiam

1928 3236 1994 3288 ab
2027 3235 2134 3288 imo
2170 3237 2285 3290 solo
2341 3238 2512 3304 ipsum
2549 3235 2700 3289 facile
2732 3235 3046 3288 concutiunt
3095 3238 3261 3297 venti,
3288 3237 3422 3291 adeo
3455 3245 3511 3290 ut

1928 3341 2088 3380 arena
2125 3341 2243 3396 qua:
2296 3329 2348 3379 in
2404 3325 2566 3379 fundo
2627 3326 2966 3391 subsidebat,
3028 3324 3277 3380 fluctibus
3308 3328 3507 3395 pertiti-

1927 3427 2162 3473 scentur.
2192 3418 2329 3484 Quin
2356 3427 2405 3470 et
2434 3416 2684 3487 frigidum
2700 3427 2781 3470 est
2807 3416 3000 3470 hiemis
3026 3427 3289 3484 tempore,
3311 3417 3509 3486 quippe

1929 3511 2070 3579 quod
2095 3526 2122 3561 a
2157 3508 2672 3576 multismagnisque
2700 3506 2873 3559 ﬂuviis
2905 3508 3191 3575 repleatur.
3216 3506 3508 3576 Propterea

1929 3601 2044 3671 ipso
2069 3603 2118 3653 in
2147 3609 2336 3654 {estate
2381 3599 2656 3651 moderate
2708 3599 2887 3664 potiti,
2914 3613 3101 3651 rursus
3129 3596 3301 3650 hieme
3333 3610 3390 3651 ut
3441 3599 3509 3652 ad

1930 3695 2168 3756 teporem
2197 3685 2247 3736 in
2279 3684 2543 3754 profundo
2573 3695 2978 3750 conservatum,
3038 3685 3108 3740 ita
3150 3696 3202 3739 et
3231 3690 3296 3739 ad
3327 3689 3508 3756 aprica

1929 3776 2041 3831 loca
2071 3785 2391 3844 prepcrant,
2433 3785 2594 3844 atque
2619 3775 3066 3842 septentrionales
3102 3785 3287 3829 ventos
3318 3792 3510 3844 graves

1927 3878 1978 3922 et
2011 3866 2235 3922 infestos
2270 3866 2555 3936 fugientes.
2591 3867 2641 3920 in
2672 3868 2820 3922 sinus
2853 3867 3031 3922 minus
3059 3868 3360 3938 exagitatos
3398 3869 3508 3922 vel-

1927 3971 1984 4016 ut
2013 3963 2064 4016 in
2097 3971 2284 4031 portus
2305 3975 2427 4015 sese
2457 3960 2748 4030 recipiunt.

1994 4169 2050 4226 5.
2089 4166 2212 4222 Vidi
2248 4167 2434 4223 isthmc
2466 4183 2568 4241 ego
2622 4171 2756 4240 ipse,
2810 4181 2862 4225 et
2895 4169 2986 4224 Dei
3037 4172 3088 4224 in
3139 4166 3391 4228 omnibus
3422 4190 3508 4227 sa-

1924 4263 2181 4333 pientiam
2210 4261 2505 4316 admiratus
2535 4277 2673 4316 sum.
2725 4261 2887 4314 Bruta
2921 4263 2966 4316 si
3015 4262 3353 4332 prospiciunt
3377 4265 3502 4325 sibi,

1922 4371 1986 4409 ac
2013 4355 2282 4426 propriam
2320 4369 2471 4407 suam
2505 4353 2731 4408 salutem
2768 4363 3005 4418 servant,
3045 4355 3090 4407 si
3145 4356 3294 4408 novit
3338 4356 3504 4424 piscis

1923 4450 2050 4518 quid
2085 4449 2185 4503 sibi
2213 4447 2517 4516 eligendum
2563 4447 2633 4501 sit
2677 4454 2769 4498 aut
2814 4444 3212 4514 ciiugiendum:
3245 4447 3372 4517 quid
3406 4465 3505 4503 nos

1923 4557 2110 4597 smnus
2148 4541 2374 4604 dicturi,
2405 4540 2494 4607 qui
2517 4540 2721 4592 ratione
2743 4540 3105 4605 cohonestati,
3136 4540 3250 4610 lege
3278 4541 3500 4607 eruditi,

237 4641 337 4687 νοι,
378 4627 732 4697 ἐπαγγελίαις
760 4632 1181 4700 προτραπέντες,
1219 4633 1500 4704 Πνεύματι
1537 4634 1818 4705 σοφισοέν-
1853 4641 1894 4696 ς)

1853 4632 2403 4705 Dpollicitationihus
2460 4631 2686 4694 invitati,
2717 4641 2771 4685 et
2813 4632 3016 4702 Spiritu
3070 4633 3267 4699 edocti,
3321 4632 3502 4686 adhuc

234 4736 346 4783 τες,
378 4717 499 4775 εἶτα
530 4721 637 4775 τῶν
694 4721 888 4793 ἰχθύων
923 4723 1260 4797 ἀλογώτερον
1307 4726 1374 4779 τά
1421 4728 1544 4781 καθ’
1585 4726 1814 4791 ἑαυτοὺς

234 4812 629 4884 διατιθέμενοι;
664 4815 821 4888 εἴπερ
851 4817 900 4868 οί
934 4817 1030 4887 μὲν
1067 4818 1213 4872 ἴσασι
1243 4818 1334 4872 τοῦ
1375 4821 1661 4890 μέλλοντός
1696 4838 1814 4872 τινα

233 4906 503 4961 ποιεῖσθαι
543 4908 813 4974 πρόνοιαν,
849 4913 1011 4982 ἡμεῖς
1037 4911 1092 4964 δὲ
1122 4914 1184 4966 ἐκ
1214 4912 1312 4981 τῆς
1345 4916 1480 4984 πρὸς
1515 4916 1576 4968 τὸ
1620 4914 1811 4985 μέλλον

230 5000 582 5063 ἀνελπιστίας
608 5002 672 5054 δι’
701 5003 892 5074 ἡδονῆς
919 5003 1376 5075 βοσκηματὼδους
1399 5007 1495 5077 τὴν
1523 5005 1666 5077 ζωὴν
1695 5005 1809 5077 (12)

231 5094 616 5163 ἀναλίσκομεν.
654 5094 826 5163 ’ἰχθὺς
860 5095 1095 5149 τοσαῦτα
1120 5097 1391 5168 διαμείὸει
1423 5101 1633 5170 πελάγη
1661 5100 1804 5171 ὑπὲρ

230 5185 324 5238 τοῦ
354 5186 615 5258 εὕρασθαί
643 5204 763 5241 τινα
794 5189 1060 5256 ὠφέλειαν
1081 5208 1093 5220 ·
1126 5192 1178 5245 τί
1209 5193 1353 5262 ἐρεῖς
1383 5194 1447 5245 σὺ
1479 5195 1505 5245 6
1534 5195 1601 5264 τῇ
1638 5193 1810 5264 ἀργίᾳ.

233 5277 444 5342 συζῶν;
489 5279 682 5350 Ἀργία
706 5280 762 5332 δέ
791 5283 1125 5353 κακουργίας
1154 5284 1315 5354 ἀρχή.
1347 5285 1554 5356 Μηδεὶς
1580 5285 1804 5354 ἄγνοιαν

234 5371 670 5440 προφασιζέσθω.
718 5372 949 5436 Φυσικὸς
997 5373 1151 5440 λόγος
1199 5373 1472 5428 οἱκείωσιν
1527 5377 1659 5447 ἡμῖν
1710 5377 1804 5430 τοῦ

232 5596 376 5716 ξὲῖ)
426 5591 651 5649 Codices
716 5605 952 5666 quatuor
1018 5595 1143 5654 τοὺς
1210 5593 1419 5664 ἰχθύας.
1481 5593 1620 5649 Editi
1677 5597 1805 5658 τοὺς

251 5682 281 5716 γ
321 5683 403 5716 υς.

251 5682 552 5803 χῗὲξόυιι).
579 5735 784 5806 primus
811 5735 990 5789 ἐπὶτδ
1040 5736 1246 5806 βόρειον
1286 5735 1448 5805 μέρος
1476 5775 1509 5806 ,Α
1539 5737 1607 5787 ad
1648 5736 1801 5801 nqui-

224 5805 460 5877 lonorem
490 5815 704 5877 partem.
734 5805 873 5859 Infra
913 5804 1194 5860 olno‘niss.
1231 5804 1409 5877 χαίρει
1454 5804 1560 5875 γάρ
1597 5809 1726 5868 τοῖς.

297 5875 372 5942 (9)
400 5877 580 5946 Codex
608 5876 854 5931 Combef.
885 5878 1115 5931 ἄκουσον
1149 5878 1318 5946 παρά.

297 5939 410 6013 (10)
439 5945 574 6000 Editi
622 5962 742 6001 cum
773 5948 903 6017 ιιι-ε.
955 5951 1111 6003 tertio
1156 5939 1511 6018 ὐποδρόμους.
1561 5948 1663 6002 ΛΗί
1705 5964 1794 6001 sex

1926 4739 2101 4780 tamen
2141 4738 2228 4778 res
2284 4732 2498 4778 nostras
2526 4723 2760 4792 ineptius
2789 4742 2950 4794 quam
2986 4728 3160 4793 pisces
3193 4726 3290 4793 ipsi
3321 4725 3493 4794 ἀίοντι.

1924 4815 2132 4871 nimus?
2166 4814 2244 4868 Illi
2272 4815 2413 4868 enim
2442 4819 2616 4870 lutura
2653 4817 3048 4884 quodammodo
3094 4819 3381 4886 providere
3406 4835 3502 4871 lm-

1922 4920 2044 4965 runt
2068 4932 2079 4964 :
2107 4923 2205 4963 nos
2237 4920 2414 4964 autem
2452 4925 2546 4977 Spe
2580 4909 2742 4962 futuri
2775 4910 2981 4977 abjecta
3011 4910 3062 4964 iu
3120 4911 3371 4965 belluiuis
3404 4928 3497 4964 vo-

1920 5001 2214 5072 luptatibus
2260 5002 2424 5056 vitam
2486 5012 2722 5056 nostram
2783 5004 3134 5057 absumimus.
3197 5003 3369 5058 Piscis
3420 5015 3499 5058 tot.

1919 5107 2088 5151 mutat
2121 5098 2312 5161 maria,
2352 5108 2408 5150 ιιι
2443 5097 2640 5166 aliquid
2670 5098 2912 5151 inveniat
2945 5098 3334 5162 emolumenti;
3367 5101 3497 5169 quid

1920 5202 1973 5245 tu
2005 5192 2248 5247 dicturus
2295 5207 2375 5254 es,
2421 5191 2511 5260 qui
2544 5191 2593 5243 in
2621 5190 2729 5244 otio
2778 5204 2842 5243 ac
2878 5189 3078 5244 desidia
3111 5191 3275 5246 vitam
3301 5192 3447 5260 degis
3472 5190 3498 5244 ἲ

1918 5282 2098 5338 Otium
2133 5294 2336 5347 autem,
2400 5283 2524 5335 mali
2559 5281 2790 5336 faciendi
2814 5284 2990 5353 origo.
3043 5282 3210 5337 Nemo
3237 5284 3495 5353 ignoran-

1918 5370 2044 5424 tiam
2075 5379 2354 5439 prmtexat.
2385 5369 2548 5425 lusita
2588 5380 2670 5426 est
2707 5371 2861 5426 nobis
2897 5372 3158 5427 naturalis
3196 5375 3355 5439 ratio,
3375 5390 3495 5444 qua:

1905 5596 2574 5675 ipss.lt3_1'_:o690;.tcig.-Pttt0
2605 5609 2788 5675 autem
2823 5615 2952 5655 voce
2995 5602 3276 5675 ὑποδρομή
3315 5604 3487 5674 signi-

1905 5668 2050 5722 ﬁcari
2083 5670 2169 5723 hic
2199 5668 2521 5737 pro/undam
2560 5669 2788 5739 aliquem
2824 5688 3103 5733 recessum.

1974 5739 2086 5804 (Η)
2118 5741 2188 5792 Ita
2227 5739 2377 5806 Regii
2419 5741 2644 5812 primus,
2673 5743 2884 5804 tertius,
2924 5746 3168 5812 quintus.
3206 5755 3396 5802 sextus
3435 5758 3490 5804 et

1900 5818 2147 5872 octavus,
2183 5826 2336 5878 atque
2385 5826 2443 5863 ac
2479 5809 2631 5862 Coll).
2666 5809 2956 5867 senuudus'
2987 5832 3110 5871 cum
3148 5816 3392 5872 Combet.
3424 5823 3489 5872 At

1900 5881 2066 5933 editio
2107 5892 2333 5948 utraque
2367 5883 2423 5932 ἐν
2447 5881 2520 5950 τῷ
2557 5881 2704 5950 βυοῷ
2727 5883 2945 5948 ἀλαίαν,
2983 5888 3264 5943 mendose,

1971 5952 2081 6019 (l2)
2108 5952 2254 6007 (Iulli.
2288 5957 2491 6020 primus
2518 5950 2661 6022 ζωὴν
2703 5954 2877 6024 ἡμῶν.
