4262 6514
293 444 388 494 itii

288 555 449 618 κάζει
481 556 772 624 ῖάσθένεια,
813 559 906 612 καὶ
954 558 1013 610 τὸ
1056 559 1151 628 τῆς
1183 557 1328 631 ὧρας
1362 561 1461 628 ὀψέ
1485 581 1496 591 ο
1534 567 1628 617 ἐπε

293 646 372 701 ἔτι
418 649 728 721 προσθεῖναι
763 647 904 720 εἶχον
937 653 1047 713 τοῖς
1087 653 1360 724 φιληκόοις
1411 653 1684 724 θαύματος
1733 660 1856 726 ἄξια,

289 741 421 810 περὶ
461 739 570 791 τῶν
603 743 883 813 φυομένων
927 743 983 794 ἐν
1015 746 1078 814 τῇ
1111 743 1378 817 θαλάσσῃο
1416 748 1540 818 περὶ
1585 747 1857 821 θαλάσσης

290 832 482 900 αὐτῆς,
528 832 642 897 πῶς
681 838 759 897 είς
789 832 922 894 ἃλας
955 834 1012 886 τὸ
1046 836 1186 905 ὕδωρ
1221 838 1518 906 πήγνυται·
1557 838 1671 901 πῶς
1699 842 1725 891 ὀ
1763 859 1855 895 πο-

291 922 580 991 λυτίμητος
625 924 766 982 λίθος
811 922 870 974 τὸ
904 927 1205 995 κουράλιεν,
1228 925 1354 999 χλόη
1393 931 1490 998 μέν
1527 932 1671 980 ἐστιν
1694 931 1748 980 ὲν
1788 936 1854 1003 τῇ

291 1014 561 1089 θαλάσσῃ,
604 1014 822 1068 ἐπειδὰν
860 1016 915 1069 δὲ
960 1021 1038 1080 είς
1080 1018 1168 1069 τὸν
1209 1021 1343 1090 ἀέρα
1388 1021 1674 1092 ἐξενεχθῇ,
1722 1025 1857 1091 πρὸς

288 1104 440 1160 λίθου
491 1108 820 1179 περῷτητα
872 1112 1316 1180 μεταπήγνυται·
1376 1114 1538 1168 πόθεν
1581 1116 1660 1186 τῷ
1704 1118 1855 1170 εύτε-

289 1199 530 1273 λεστάτῳ
571 1202 694 1271 ζὼῳ
745 1203 818 1274 τῷ
860 1204 1066 1275 ὀστρέῳ
1111 1207 1199 1258 τὸν
1246 1206 1541 1280 βαρύτιμον
1585 1212 1857 1282 μαργαρί-

287 1311 391 1366 την
425 1297 535 1363 (20)
571 1297 602 1365 ὴ
646 1296 805 1363 φύσις
836 1297 1122 1367 ἐνέθηκεν
1163 1299 1198 1352 ἃ
1249 1299 1354 1370 γὰρ
1389 1303 1712 1373 ἐπιθυμοῦσι
1763 1304 1856 1375 θη-

293 1391 482 1460 σαυροὶ
532 1388 812 1457 βασιλέων,
851 1389 1019 1442 ταῦτα
1057 1392 1180 1461 περὶ
1223 1394 1504 1462 αἰγιαλοὺς
1551 1397 1641 1448 καὶ
1685 1397 1857 1460 ἀκτὰς

287 1485 385 1536 καὶ
423 1482 676 1552 τραχείας
722 1485 928 1553 πέτρας
970 1482 1294 1554 διέρῤιπται,
1323 1488 1434 1547 τοῖς
1465 1485 1704 1556 ἐλύτροις
1747 1491 1855 1544 τῶν

288 1575 528 1644 ὀστρέων
554 1576 875 1646 ἐγκείμενα·
911 1575 1072 1628 πόθεν
1103 1578 1163 1630 τὸ
1189 1578 1421 1648 χρυσοῦν
1455 1579 1597 1649 ἔριον
1639 1584 1692 1633 αἱ
1739 1584 1855 1635 πίν-

291 1684 376 1718 ναι
432 1666 737 1736 τρέφουσιν,
784 1668 918 1737 ὅπερ
953 1669 1127 1733 οὐδεὶς
1178 1671 1285 1721 τῶν
1339 1671 1657 1740 ἁνθοὸάφων
1693 1674 1853 1744 μέχρι

290 1755 385 1808 νῦν
419 1757 527 1828 (21)
574 1761 910 1830 ἐμιμήσατο·
945 1761 1103 1814 πόθεν
1135 1764 1190 1815 αἱ
1221 1763 1398 1834 κόχλοι
1430 1767 1540 1828 τοῖς
1579 1766 1854 1836 βασιλεῦσι

287 1849 385 1913 τὰς
415 1852 733 1923 ἁλουργίδας
762 1851 1090 1922 χαρίζονται,
1119 1856 1173 1908 αἳ
1205 1860 1297 1910 καὶ
1341 1857 1408 1910 τὰ
1441 1859 1573 1931 ἄνθη
1609 1862 1716 1914 τῶν
1757 1863 1856 1916 λειο

292 1943 484 2012 μώνων
535 1948 600 2015 τῇ
671 1945 892 2015 εύχροίᾳ
957 1949 1324 2020 παρέδραμον.
1365 1951 1723 2023 Ἐξίιγτιγέτω
1779 1957 1852 2010 τὰ

289 2036 475 2089 ὕδατα
509 2037 640 2106 (22).
682 2039 788 2089 Καὶ
822 2039 872 2091 τί
906 2041 966 2093 ού
1011 2043 1199 2109 γέγονε
1248 2042 1356 2094 τῶν
1402 2045 1750 2111 ἀναγκαίωνς
1799 2043 1855 2099 τί

286 2128 342 2180 δὲ
375 2129 492 2197 οὐχὶ
525 2129 630 2181 τῶν
667 2129 968 2185 πολυτελῶν
1019 2131 1279 2204 ἐχαρίσθη
1324 2133 1400 2203 τῷ
1454 2135 1586 2204 ﬁfty;
1636 2138 1702 2190 τά
1757 2141 1853 2208 μὲν

286 2223 368 2282 είς
410 2222 711 2293 ὑπηρεσίαν
764 2225 1084 2296 ἀνθρώπων,
1130 2224 1198 2276 τὰ
1245 2225 1300 2277 δὲ
1344 2228 1423 2289 εἰς
1476 2227 1707 2299 Θεωρίαν
1757 2229 1850 2282 τοῦ

287 2318 413 2389 περὶ
441 2318 537 2390 τὴν
571 2321 746 2373 κτίσιν
789 2321 1083 2388 θαύματος.
1113 2319 1278 2372 Ἀλλα
1313 2320 1538 2394 φοϐερὰ,
1583 2325 1854 2394 παιδαγω-

284 2410 484 2476 γοῦντα
529 2412 684 2482 ἡμῶν
717 2414 777 2466 τὸ
816 2412 1054 2483 ρᾲθυμον
1107 2414 1239 2482 (25).
1287 2414 1598 2484 Ἐποίησεν
1631 2422 1663 2471 ό
1711 2418 1853 2486 Θεὸς

285 2504 356 2557 τὰ
412 2506 562 2571 κήτη
629 2508 698 2559 τὰ
751 2505 1003 2576 μεγάλα.
1054 2508 1167 2561 Οὐκ
1226 2509 1411 2581 ἐπειδὴ
1489 2512 1703 2583 καρίδος
1761 2515 1852 2565 καὶ

286 2596 529 2666 μαινίδος
579 2599 818 2668 μείζονα,
859 2599 947 2651 διὰ
988 2600 1144 2652 τοῦτο
1195 2601 1404 2671 μεγάλα
1449 2603 1695 2674 εἴρηται·
1737 2605 1851 2657 ἀλλ’

282 2687 468 2759 ἐπειδὴ
516 2691 625 2752 τοῖς
660 2691 932 2760 μεγίστοις
971 2691 1119 2763 ὄρεσι
1152 2693 1226 2764 τῷ
1267 2695 1412 2766 ὄγκῳ
1458 2694 1552 2749 τοῦ
1603 2695 1854 2766 σώματος

281 2780 674 2851 Μρισάζεται·
711 2783 745 2836 ἆ
793 2801 854 2853 γε
902 2784 992 2837 καὶ
1038 2786 1214 2857 νήσων
1264 2789 1521 2852 πολλάκις
1555 2790 1853 2858 φαντασίαν

283 2875 612 2943 παρέχεται,
661 2877 877 2930 ἐπειδάν
944 2895 1073 2930 ποτε
1130 2880 1220 2932 ἐπὶ
1268 2881 1364 2949 τὴν
1407 2881 1579 2952 ἄκραν
1653 2885 1852 2953 ἐπιφάι

284 2981 432 3016 νειαν
483 2967 574 3018 τοῦ
618 2967 804 3031 ὓδατος
845 2971 1192 3039 ἀνανήξηται.
1245 2972 1428 3024 Ταῦτα
1486 2974 1665 3043 μέντοι
1705 2978 1854 3046 τηλι-

284 3058 458 3112 καῦτα
508 3058 634 3112 ὄντα
687 3061 747 3112 οὐ
803 3062 932 3132 περὶ
984 3062 1185 3125 ἀκτὰς,
1223 3064 1341 3116 οὐδὲ
1400 3065 1676 3132 αἰγιαλοὺς
1726 3067 1850 3138 (24)

281 3148 576 3221 διατρίϐει,
624 3153 756 3205 ἀλλὰ
796 3154 857 3206 τὸ
904 3155 1241 3208 Ἀτλαντικὸν
1285 3157 1571 3228 λεγόμενον
1621 3161 1852 3232 πέλαγος

281 3243 498 3296 ἐνοικεῖ.
531 3245 766 3300 Τοιαῦτά
806 3248 921 3299 ἐστι
964 3247 1032 3299 τὰ
1082 3249 1216 3318 πρὸς
1274 3248 1435 3316 φόϐον
1469 3252 1561 3304 καὶ
1591 3252 1850 3323 ἔκπληξιν

280 3335 554 3409 ἡμετέραν
609 3338 1075 3411 δημιουργηθέντα
1115 3340 1246 3404 ζῶα.
1298 3340 1420 3394 Ἐὰν
1467 3344 1521 3395 δὲ
1575 3345 1845 3414 ἀκούσῃς,

280 3426 360 3481 ὅτι
395 3430 462 3482 τὰ
496 3431 729 3500 μέγιστα
764 3432 871 3485 τῶν
928 3431 1121 3487 πλοίων
1171 3435 1507 3504 ἡπλωμένοις
1563 3436 1746 3498 ἱστίοις
1790 3439 1848 3505 ἐξ

279 3521 468 3590 οὐρίας
508 3525 776 3593 φερόμενα
805 3525 863 3576 τὸ
917 3526 1241 3596 μικρότατον
1304 3525 1591 3598 ίχθύδιονή
1636 3528 1849 3598 ὲχενηῒς

278 3611 421 3665 οὕτω
462 3615 654 3685 ῥᾳδίως
697 3617 926 3685 ἵστησιν,
959 3616 1096 3668 ὥστε
1154 3618 1406 3687 ἀκίνητον
1461 3619 1553 3671 ἐπὶ
1601 3619 1848 3672 πλεῖστον

281 3705 572 3774 φυλάσσειν
623 3706 720 3778 τὴν
767 3708 898 3760 ναῦν
945 3707 1133 3779 ὥσπερ
1188 3709 1684 3781 καταρριζωθεῖσαν
1736 3711 1846 3782 (25)

276 3801 336 3853 ὲν
370 3802 516 3871 αύτῴ
537 3801 613 3872 τῷ
642 3804 885 3872 πελάγει,
914 3801 1002 3875 ἆρ’
1028 3806 1145 3875 οὐχὶ
1169 3808 1259 3858 καὶ
1287 3809 1342 3858 ἐν
1370 3807 1444 3876 τῷ
1475 3807 1653 3877 μικρῷ
1677 3807 1849 3878 τούτῳ

276 3893 374 3963 τὴν
422 3893 591 3964 αὐτὴν
649 3896 747 3966 τῆς
784 3895 876 3948 τοῦ
911 3897 1190 3960 κτίσαντος
1223 3898 1502 3968 δυνάμεως
1552 3898 1847 3969 λαμϐάνεις

277 3985 552 4050 ἀπόδειξιν
572 4002 584 4049 ;
604 3988 676 4039 Ού
705 3987 812 4059 γάρ
841 3988 987 4059 μόνοι
1008 3990 1116 4060 (‘26)
1149 3990 1341 4057 ξιφίαι,
1373 3992 1465 4043 καὶ
1491 3991 1727 4061 πρίονες,
1753 3993 1846 4045 καὶ

278 4074 460 4138 κύνες,
493 4078 586 4129 καὶ
617 4078 871 4147 φάλαιναι
902 4081 994 4134 καὶ
1026 4080 1296 4150 ζύγαιναι,
1328 4081 1553 4153 φοϐερὰ,
1589 4083 1722 4135 ἀλλὰ
1752 4083 1847 4137 καὶ

275 4168 536 4239 τρυγόνος
566 4172 787 4240 κέντρον
809 4172 908 4241 τῆς
939 4173 1254 4237 θαλασσίας,
1275 4176 1366 4227 καὶ
1392 4174 1593 4243 ταύτης
1625 4178 1842 4242 νεκρᾶς,

279 4259 374 4310 καὶ
398 4258 606 4326 λαγωὸς
633 4261 660 4311 ὁ
685 4261 990 4324 θαλάσσιος,
1028 4265 1124 4332 οὐχ
1157 4259 1316 4334 ἧττόν
1348 4267 1462 4315 ἐστι
1495 4262 1717 4333 φοὸερὰ,
1749 4280 1845 4316 τα-

280 4350 429 4419 χεῖαν
446 4349 538 4400 καὶ
561 4350 928 4422 ἀπαραίτητον
964 4351 1059 4422 τὴν
1089 4352 1288 4422 φθορὰν
1319 4354 1662 4423 ἐπιφέροντα.
1694 4353 1846 4405 Οὕτω

279 4455 338 4492 σε
375 4441 462 4494 διὰ
515 4447 726 4496 πάντων
758 4444 1115 4514 ἐγρηγορέναι
1145 4446 1172 4497 ὁ
1213 4446 1434 4517 κτίστης
1484 4445 1750 4516 βούλεται,
1779 4447 1844 4499 ἵν’

276 4533 334 4584 ὲν
367 4536 430 4604 τῇ
466 4533 599 4605 πρὸς
623 4535 754 4589 Θεὸν
784 4535 954 4588 ἐλπίδι
982 4536 1076 4601 τὰς
1118 4538 1212 4590 ἀπ’
1251 4537 1428 4590 αὐτῶν
1462 4537 1663 4608 βλάϐας
1711 4539 1844 4591 ἀπο·

1379 448 1656 502 ΙΙΟΜΙῌᾹ
1702 453 1783 505 \‘ll
1828 453 1888 505 IN
1933 453 2423 513 IIEXAEMERON.

3420 474 3524 528 162

1690 569 1857 621 πολλᾶ
1889 576 1930 627 Α
1960 584 2130 638 eaque
2153 573 2504 626 admiratione
2538 574 2720 642 digna,
2749 579 2812 628 de
2845 579 3002 633 rebus
3043 580 3093 633 in
3134 581 3263 636 mari
3293 598 3521 640 nascen-

1961 664 2100 718 tibus
2144 679 2414 734 apponere
2461 678 2721 736 poteram.
2780 668 3041 727 Nimirum
3081 675 3148 729 de
3194 675 3309 743 ipso
3348 681 3524 735 mari:

1959 759 2224 825 quomodo
2265 760 2315 811 in
2342 759 2504 812 salem
2532 767 2833 818 concrescit
2882 780 3018 834 aqua
3049 787 3059 818 :
3093 771 3362 838 quomodo
3401 789 3526 843 pre-

1960 849 2280 903 tiosissimus
2326 851 2457 920 lapis
2517 856 2816 920 corallium.
2849 859 2899 912 in
2928 862 3063 913 mari
3107 864 3318 929 quidem
3359 866 3523 921 herba

1957 951 2060 1004 est,
2089 950 2371 1009 postquam
2416 960 2541 998 vero
2569 948 2619 998 in
2652 963 2828 1002 aerem
2880 954 3102 1006 eductus
3138 953 3316 1022 fuerit,
3354 961 3406 1014 in
3448 962 3527 1018 la-

1960 1031 2093 1095 pidis
2129 1031 2450 1087 soliditatem
2509 1038 2870 1109 compingitur
2915 1060 2930 1096 :
2992 1048 3131 1100 unde
3184 1047 3233 1101 in
3267 1052 3525 1114 vilissima

1960 1121 2127 1176 bestia
2164 1138 2339 1183 ostrea
2396 1133 2741 1199 margaritam
2807 1150 3064 1206 perquam
3106 1145 3394 1210 pretiosam
3429 1167 3526 1207 na-

1961 1223 2077 1266 tura
2113 1215 2346 1272 inclusit.
2381 1223 2508 1288 Quae
2550 1224 2693 1279 enirn
2741 1231 3128 1298 concupiscunt
3182 1253 3366 1309 regum
3409 1246 3526 1299 tlte-

1959 1307 2124 1374 Sauri,
2180 1323 2240 1361 ea
2271 1313 2410 1364 circa
2461 1315 2635 1371 littora
2687 1318 2936 1390 ripasque
2986 1334 3038 1378 et
3075 1307 3294 1397 asperas
3341 1346 3526 1404 petras

1958 1399 2180 1469 tlisjecta
2207 1412 2350 1467 sunt,
2385 1405 2436 1457 in
2495 1419 2793 1467 ostreorum
2833 1417 2984 1471 testis
3027 1425 3341 1493 recondita;
3387 1430 3526 1484 unde

1957 1495 2131 1562 pinna:
2170 1510 2388 1550 auream
2444 1498 2617 1554 lanam
2656 1510 2938 1575 nutriunt,
2989 1528 3150 1581 quam
3204 1519 3523 1581 infectorum

1959 1588 2134 1644 nullus
2163 1591 2422 1646 hactenus
2451 1604 2533 1648 est
2568 1596 2836 1667 imitatus;
2875 1607 3014 1661 unde
3041 1610 3273 1665 cochleae
3309 1618 3525 1682 regibus

1958 1676 2257 1744 largiuntur
2314 1699 2624 1754 purpuram,
2661 1704 2781 1758 qum
2841 1707 3116 1761 pratorum
3166 1703 3328 1758 etiam
3365 1707 3525 1763 ﬂores

1958 1769 2152 1825 eoloris
2184 1777 2487 1841 praestantia
2542 1792 2815 1849 superant.
2857 1784 3164 1846 Producant
3221 1814 3390 1868 aqum.
3427 1799 3525 1856 Ec-

1958 1864 2083 1932 quid
2115 1872 2536 1925 necessariorum
2564 1872 2761 1929 factum
2805 1893 2906 1931 non
2959 1883 3079 1934 est?
3114 1888 3236 1944 quid
3264 1864 3526 1956 pretioso-

1960 1971 2072 2008 rum
2105 1959 2283 2012 datum
2315 1979 2414 2017 non
2443 1976 2525 2020 est
2553 1965 2709 2020 vitae?
2757 1969 2876 2025 llaec
2919 1975 3132 2043 quidem
3158 1981 3222 2032 ad
3250 1980 3522 2042 hominum

1957 2050 2350 2114 ministerium,
2404 2056 2489 2109 illa
2529 2073 2656 2114 vero
2704 2061 2768 2113 ad
2820 2068 3367 2134 contemplationem:
3419 2092 3524 2147 qua

1956 2141 2244 2196 creationis
2301 2145 2617 2206 miraculum
2686 2157 3134 2225 contemplamur.
3211 2166 3328 2222 Alia
3397 2184 3524 2228 sunt

1955 2229 2256 2294 horribilia,
2275 2235 2531 2291 desidiam
2555 2255 2789 2300 nostram
2809 2250 3132 2306 erudientia.
3159 2254 3362 2313 Creavit
3384 2261 3524 2319 Deus

1953 2329 2060 2376 cete
2087 2325 2308 2391 grandia
2326 2326 2390 2379 '7.
2432 2327 2545 2382 Non
2581 2335 2701 2399 quia
2728 2339 2929 2406 majora
2981 2354 3290 2415 suntquam
3332 2335 3524 2422 sqttilla

1953 2423 2006 2468 et
2039 2416 2451 2474 mmna.idcirco
2481 2425 2700 2488 grandia
2727 2428 2866 2481 dicta
2894 2444 3044 2488 sunt:
3082 2439 3173 2491 sed
3203 2441 3325 2509 quia
3354 2416 3525 2499 maxi-

1955 2508 2054 2562 mis
2074 2511 2345 2566 montibus
2364 2513 2502 2567 mole
2521 2519 2759 2583 corporis
2777 2522 3123 2592 adreqnantnr
3143 2547 3154 2583 :
3175 2508 3293 2599 qum
3317 2551 3461 2590 certe
3479 2537 3526 2593 si

1956 2613 2188 2666 unquam
2208 2609 2271 2656 ad
2291 2620 2554 2660 summam
2574 2625 2724 2676 aqua:
2739 2616 3076 2682 superficiem
3098 2621 3209 2692 69
3228 2637 3382 2680 enata
3394 2629 3522 2695 rint,

1954 2702 2319 2755 saepenumero
2354 2698 2584 2763 speciem
2619 2700 2860 2758 referunt
2888 2704 3206 2765 insularum.
3240 2713 3362 2769 Haec
3405 2721 3527 2787 qui-

1954 2781 2074 2834 dem
2101 2792 2269 2846 certe,
2318 2796 2502 2856 utpote
2530 2801 2819 2858 tanta,non
2850 2797 2990 2853 circa
3019 2801 3160 2871 ripas
3185 2819 3356 2876 neque
3378 2781 3524 2865 circa

1954 2873 2138 2930 littora
2166 2877 2542 2938 diversantur:
2579 2888 2672 2940 sed
2707 2889 2757 2942 in
2784 2905 2847 2945 eo
2873 2894 3004 2948 mari
3025 2899 3165 2965 quod
3193 2873 3524 2958 Atlanticum

1955 2980 2198 3035 vocatur,
2235 2972 2555 3033 inhabitant.
2593 2978 2739 3034 Talia
2771 2995 2898 3039 sunt
2952 2990 3266 3055 animantia,
3299 3009 3420 3064 quze
3453 2997 3522 3052 ad

1955 3073 2215 3119 terrorem
2255 3069 2654 3139 [stuporemque
2705 3073 2856 3129 nobis
2919 3077 3284 3137 incutiendum
3340 3099 3522 3143 creata

1951 3165 2097 3212 sunt.
2131 3157 2200 3211 At
2231 3158 2273 3212 si
2300 3159 2612 3229 pisciculum
2656 3165 2958 3231 tuinimum,
2992 3184 3259 3226 remoram
3293 3176 3519 3244 scilicet,

1955 3251 2182 3304 maxima
2213 3253 2445 3322 navigia,
2472 3257 2712 3324 expassis
2752 3257 2880 3312 velis
2921 3271 3078 3316 vento
3100 3267 3338 3319 secundo
3364 3275 3523 3323 uten-

1957 3341 2048 3400 tia,
2075 3340 2231 3394 facile
2265 3343 2453 3399 sistere
2483 3347 2750 3413 audieris;
2787 3349 2859 3403 ita
2910 3364 2968 3406 ut
3005 3353 3182 3406 navim
3215 3354 3523 3413 diutissime

1956 3432 2189 3487 detineat
2237 3435 2546 3500 immotam,
2615 3443 2767 3507 quasi
2827 3443 2878 3494 in
2950 3445 3064 3510 ipso
3123 3449 3257 3500 mari
3311 3449 3523 3507 radices

1956 3523 2192 3590 egisset,
2246 3540 2421 3581 nonne
2461 3529 2624 3582 etiam
2665 3531 2715 3583 in
2772 3532 2871 3586 hoc
2921 3537 3115 3605 exiguo
3157 3539 3301 3607 pisce
3333 3545 3520 3597 eadem

1955 3613 2229 3671 Creatoris
2277 3620 2511 3687 potentia
2550 3621 2641 3676 tibi
2680 3623 3011 3693 signiﬁcatur
3063 3645 3127 3684 ac
3175 3636 3525 3690 ostenditur?

1957 3705 2070 3760 Non
2106 3710 2247 3762 enim
2297 3710 2464 3765 solum
2500 3713 2692 3783 gladii,
2745 3730 2943 3784 εει-τω,
2982 3735 3180 3788 canes,
3218 3723 3435 3779 bakena:
3469 3735 3524 3781 et

1955 3815 2186 3871 zygtenaa
2220 3800 2552 3860 formidanda
2586 3817 2745 3872 sunt;
2783 3811 2873 3862 sed
2902 3822 2953 3862 et
2985 3811 3204 3866 aculeus
3234 3818 3523 3883 pastinaca:

1955 3895 2198 3960 marinae,
2241 3897 2464 3965 ejusque
2489 3909 2735 3963 mortuae,
2764 3909 2818 3952 et
2845 3899 2994 3970 lepus
3023 3907 3264 3960 marinus
3297 3925 3398 3963 non
3424 3910 3523 3963 mi-

1955 4002 2055 4040 nus
2095 4002 2219 4041 sunt
2262 3989 2558 4051 metuendi,
2608 4006 2728 4044 cum
2777 3992 3004 4048 celerem
3053 4001 3524 4070 inevitabilemque

1956 4074 2231 4130 interitum
2278 4077 2527 4132 all'erant.
2566 4079 2638 4134 Ita
2692 4090 2740 4135 te
2785 4098 2879 4151 per
2924 4088 3105 4139 omnia
3145 4089 3366 4156 vigilare
3411 4092 3524 4146 vult

1953 4165 2230 4234 Conditor,
2253 4179 2330 4237 ut,
2362 4173 2588 4241 reposita
2619 4173 2670 4226 in
2698 4174 2803 4228 Deo
2821 4191 2933 4244 spe,
2954 4176 3274 4233 detrimenta
3300 4183 3367 4235 ab
3392 4182 3522 4251 ipsis

1955 4260 2315 4329 impendentia
2347 4265 2607 4320 declines.
2649 4265 2753 4320 Sed
2795 4269 2938 4320 enim
2974 4269 3040 4322 ab
3069 4270 3189 4323 imis
3220 4274 3520 4343 gurgitibus

1954 4367 2276 4419 remeantes,
2310 4358 2376 4411 ad
2413 4358 2780 4411 continentem
2814 4359 3115 4416 redeamus.
3148 4361 3279 4418 Nam
3315 4367 3518 4433 opilicii

1953 4446 2204 4500 miracula
2237 4448 2340 4501 alia
2365 4465 2428 4500 ex
2460 4449 2581 4502 aliis
2613 4450 2767 4503 nobis
2796 4455 3131 4507 occurrentia
3155 4495 3169 4518 ,
3209 4459 3353 4510 velut
3385 4459 3510 4525 qui-

1950 4540 2070 4592 dam
2103 4539 2325 4605 ﬂuctus,
2356 4541 2564 4594 crebris
2607 4541 2936 4613 alternisque
2966 4546 3376 4600 excursionibus
3425 4563 3522 4603 no.

274 4624 586 4700 διδράσκῃς.
627 4629 786 4682 Ἀλλά
820 4629 926 4700 γὰρ
969 4631 1366 4700 ἀναδραμόντες
1403 4632 1465 4683 ἐκ
1501 4630 1608 4683 τῶν
1644 4630 1840 4700 βυθῶν,
1877 4658 1920 4711 D
1952 4651 1957 4683 ε

1834 4673 1840 4694 ,
1877 4658 1920 4711 D
1952 4642 2119 4684 strum
2161 4634 2501 4687 submersere
2548 4649 2871 4688 sermonem.
2925 4636 3245 4706 Quanquam
3290 4639 3342 4692 id
3387 4642 3517 4696 mihi

274 4715 368 4769 ἐπὶ
392 4719 491 4788 τὴν
536 4720 760 4790 ἧπειρον
811 4719 1231 4791 καταφύγωμεν.
1278 4722 1386 4775 Καὶ
1416 4723 1524 4793 γάρ
1559 4739 1674 4784 πως
1714 4722 1847 4775 ἄλλα

338 4835 382 4868 ⁸⁷
414 4834 549 4892 Gen.
575 4852 612 4897 ι,
634 4835 722 4890 21.

352 4950 466 5020 (‘30)
525 4950 776 5006 Nonnulli
842 4967 973 5008 mss.
1034 4953 1125 5006 τὸν
1181 4951 1476 5023 πολύτιμον
1558 4953 1832 5026 μιίιργαρί⁴

264 5037 388 5074 την.

322 5059 453 5162 ’ἆυ
485 5091 577 5164 Sic
605 5107 735 5164 mss.
767 5103 993 5163 septem.
1031 5093 1202 5148 Voces
1259 5093 1420 5164 μέχρι
1467 5093 1562 5147 νῦν
1613 5092 1831 5148 deside-

266 5173 465 5216 rantur
492 5163 542 5214 in
582 5163 832 5231 vulgatis.

341 5231 450 5303 (Ἡ)
474 5231 858 5303 Colb.primus
898 5233 1173 5300 aliquanto
1204 5231 1395 5297 fusius,
1427 5233 1744 5302 ὲξαγαγέτω
1765 5235 1832 5289 τὰ

266 5302 667 5374 ὕδαταίὲρπετὰ
694 5302 879 5374 ψυχῶν
924 5304 1133 5368 ζωσῶν,
1178 5304 1465 5371 producant
1494 5321 1642 5374 aqua:
1672 5308 1832 5373 repli-

261 5375 337 5428 lia
362 5373 660 5424 animarum
690 5373 962 5427 viventium

334 5443 445 5515 (ἓξ)
474 5440 680 5515 ῌιιιξειιε
705 5444 856 5497 Colb.
889 5446 1108 5515 primus,
1135 5440 1289 5515 ἡμῶν
1320 5444 1418 5515 τὴν
1463 5443 1757 5514 ρᾳθυμίαν.

335 5513 448 5583 (24)
477 5512 698 5583 Codices
722 5523 862 5577 octo,
886 5514 1004 5566 οὐδὲ
1032 5512 1328 5581 αἰγιαλούς.
1365 5512 1517 5567 ΒΑΜ
1536 5512 1653 5565 cum
1676 5515 1824 5569 Colb.

263 5581 501 5638 secundo
529 5581 650 5634 οὐδὲ
685 5584 811 5652 περὶ
847 5584 1145 5651 αἰγιαλούς.
1197 5585 1394 5636 [ludent
1447 5583 1599 5635 Coll).
1637 5600 1830 5639 secon-

263 5655 360 5707 dus
381 5652 460 5719 τῷ
487 5652 814 5722 Ἀτλαντικῷ
844 5654 1116 5723 λεγομένῳ
1139 5653 1359 5720 πελάγει
1397 5655 1612 5736 ὲνρικεῖ,
1789 5726 1800 5736 _

333 5723 450 5791 ($5)
483 5721 705 5777 Variant
751 5721 892 5777 inter
919 5721 982 5776 se
1011 5721 1217 5776 veteres
1247 5733 1354 5775 tum
1389 5725 1597 5776 calamo
1633 5726 1821 5787 notati,

264 5805 372 5846 tum
409 5796 549 5862 typis
575 5794 828 5864 deseripli
854 5794 995 5846 libri.
1038 5794 1210 5846 Edilio
1241 5791 1405 5848 Basil.
1433 5809 1554 5846 cum
1593 5792 1743 5846 Botll.
1771 5807 1824 5847 et

260 5877 381 5918 cum
412 5865 533 5918 aliis
559 5863 902 5918 multismss.
943 5863 1233 5932 φυλάσσειν
1262 5864 1448 5935 ὥσπερ
1482 5864 1824 5935 καταρριζω-

577 5957 846 6017 Parnm.
895 5959 1014 6017 (in.
1067 5957 1281 6018 ΧΧΙΧ

1956 4721 2138 4789 utique
2170 4722 2331 4776 fuerit
2368 4723 2750 4788 admirationi,
2787 4725 2832 4780 si
2883 4741 3036 4780 meus
3087 4741 3268 4783 nostra
3293 4768 3306 4793 ,
3355 4732 3520 4787 admi‘

1941 4953 2031 5006 θὲν
2055 4952 2133 5025 ὲν,
2158 4949 2510 5025 Ηθιιτίρίιιμηυε
2543 4952 2709 5005 codex
2740 4961 2794 5005 et
2825 4951 2986 5025 Cpisl.
3025 4955 3294 5009 secundus
3317 4954 3516 5025 φυλάσο

1941 5041 2053 5077 σειν
2088 5024 2186 5093 τὴν
2229 5020 2581 5094 ναύν-ὢσπερέ
2611 5021 3045 5094 καταρῤιζωθέν,
3095 5020 3347 5093 tanquam
3383 5029 3427 5080 si
3463 5027 3515 5084 id

1939 5097 2002 5147 ad
2037 5091 2216 5148 vocem
2239 5091 2472 5161 ίχθύδιον
2501 5091 2837 5163 [etcreudum
2860 5097 2948 5147 sit.
2983 5091 3512 5163 MedicaeusJJOInIL,

1938 5165 2088 5217 Colli.
2118 5165 2467 5237 secundus-ehi
2507 5161 2638 5237 ἷξες.
2676 5174 2901 5237 octavus
2933 5164 3227 5232 φυλάσσειν
3255 5167 3353 5237 τὴν
3384 5161 3516 5222 ναῦν

1937 5234 2123 5305 ὥσπερ
2199 5230 2884 5305 καταρρ-ιζωθείσανοηρηῖ
2945 5230 3162 5288 lectioni
3230 5230 3412 5290 fav'ent
3462 5249 3519 5292 et

1934 5300 2254 5357 Ambrosius
2298 5316 2351 5354 et
2383 5300 2720 5357 Eustathius.
2757 5302 2952 5358 Nostra
2985 5309 3150 5360 editio
3191 5305 3364 5361 Paris.
3413 5325 3517 5362 κα-

1933 5373 2332 5445 ταρρωθεῖσαν.

2009 5442 2134 5517 ("261
2171 5445 2393 5517 (lodices
2422 5442 2655 5517 quinque
2682 5443 2740 5494 ού
2768 5442 2877 5514 γὰρ
2905 5445 3075 5517 μόνοι.
3101 5445 3237 5500 Editi
3263 5445 3324 5498 ού
3354 5446 3520 5517 μόνον

1933 5515 2060 5585 γάρ.
2089 5513 2207 5566 Mox
2229 5511 2580 5585 e.litio_B.isil.
2611 5529 2730 5585 cum
2769 5511 2873 5585 ms.
2899 5511 3145 5571 Combel‘.
3165 5527 3218 5569 et
3245 5511 3366 5570 cum
3395 5519 3517 5571 aliis

1939 5583 2128 5656 not/em
2162 5594 2353 5650 prteler
2387 5583 2534 5635 Bodl.
2586 5583 2835 5656 φοδεραί.
2891 5585 3066 5639 Editio
3117 5587 3290 5640 Paris.
3356 5586 3519 5656 φυσε-

1940 5655 2049 5724 ραί.
2083 5654 2308 5723 Zygzena
2343 5667 2518 5725 autem
2548 5655 2711 5722 piscis
2737 5663 2840 5718 est,
2872 5672 3030 5725 quem
3085 5657 3327 5710 nonnulli
3369 5654 3517 5712 libel-

1934 5727 2042 5776 lam
2098 5735 2308 5779 vocant.
2367 5724 2513 5778 Hanc
2571 5727 2772 5793 piscem
2825 5724 2984 5783 voeat
3048 5727 3368 5781 Tilmannus
3423 5743 3515 5781 oro

1932 5811 2066 5847 cam.

3158 5958 3195 6018 θ
