4262 6514
795 425 897 478 183

2120 429 2176 484 S.
2220 428 2459 488 BASILII
2504 431 2715 485 MAGNI

3940 436 4036 485 1ιὶ-1

793 540 1042 593 rabiliora
1068 554 1117 591 in
1145 537 1332 593 tellure
1361 549 1536 605 nacta,
1570 557 1752 595 rursus
1793 546 1846 596 in
1883 546 2048 600 'mare
2095 544 2161 598 ad
2204 544 2352 600 Jona‘.
2384 560 2424 608 Α

2351 575 2352 578 η
2384 560 2424 608 Α
2457 546 2544 596 ἐπ’
2592 545 2772 605 ἄλλοις
2831 545 3201 597 καταλαῦόντα
3242 546 3385 616 ἡμᾶς
3424 545 3520 614 τῆς
3573 547 3934 616 δημιουργιας
3971 550 4034 597 τὰ

789 630 1088 698 exemplum
1133 646 1237 684 non
1283 633 1539 702 aufugiat.
1578 631 1800 686 Videtur
1837 645 2017 688 antem
2064 637 2193 688 mihi
2226 652 2354 687 ora-

792 727 863 776 tio
885 723 1098 791 delapsa
1125 725 1175 776 in
1211 725 1486 777 innumera
1517 725 1797 788 miracula,
1835 727 1973 781 modi
2009 728 2174 782 oblita
2212 742 2351 788 esse,

787 825 840 866 et
888 816 1025 868 idem
1074 830 1324 884 perpessa
1374 817 1537 870 fuisse
1583 821 1722 888 quod
1765 819 1800 872 ii
1855 822 1946 887 qui
1998 820 2250 889 navigant
2303 821 2354 873 in

785 905 1003 975 pelago,
1048 907 1138 974 qui
1187 924 1253 962 ex
1300 909 1443 962 nullo
1487 912 1715 964 termino
1762 911 1869 964 fixo
1919 923 2120 967 motum
2178 911 2355 979 conje-

787 1008 1026 1062 ctanles,
1095 1002 1290 1068 sumius
1353 1013 1614 1069 quantum
1657 1003 1723 1056 ab
1770 1002 1899 1070 ipsis
1945 1007 2014 1058 sit
2070 1005 2354 1060 decursum

785 1091 940 1157 Spalii
1004 1089 1270 1158 ignOraut.
1315 1090 1465 1156 Quod
1517 1108 1647 1146 Sane
1707 1093 1859 1146 nobis
1920 1096 2080 1148 etiam
2141 1094 2356 1149 videtur

786 1181 1088 1244 accidisse,
1158 1184 1351 1252 quippe
1427 1201 1671 1239 sermone
1745 1195 2048 1240 creaturam
2135 1202 2353 1256 percur-

785 1280 973 1331 rente,
1024 1285 1208 1322 eorum
1271 1286 1390 1340 rpite
1438 1275 1603 1326 relata
1649 1285 1773 1326 sunt
1819 1276 2024 1342 copiam
2075 1291 2178 1328 non
2227 1291 2352 1344 per-

784 1362 1042 1429 cepimus.
1080 1359 1275 1415 Verum
1318 1364 1440 1416 licet
1469 1367 1775 1420 venerabile
1810 1367 1937 1420 illud
1976 1367 2242 1420 theatrum
2289 1370 2352 1422 li-

783 1455 974 1506 benter
1004 1457 1215 1516 audiat,
1246 1467 1296 1510 et
1326 1458 1700 1512 miraculorum
1735 1460 1980 1513 herilium
2011 1465 2252 1518 narratio
2280 1466 2352 1520 sit

782 1561 1056 1599 servorum
1096 1548 1314 1602 auribus
1354 1547 1584 1615 incunda
1629 1570 1642 1606 :
1692 1553 1778 1606 hic
1825 1561 2000 1606 tamen
2048 1557 2346 1610 orationem

780 1638 1064 1700 sisteutes,
1097 1639 1235 1692 diem
1273 1641 1338 1693 ad
1369 1656 1428 1695 ea
1464 1657 1583 1711 qua:
1627 1646 1820 1696 desunt
1852 1644 2180 1700 absolvenda
2205 1689 2218 1712 ,
2255 1663 2348 1700 ex-

778 1742 1100 1800 spectemus.
1138 1730 1338 1787 Omnes
1385 1734 1545 1802 igitur
1575 1747 1926 1804 exsurgentes
1974 1754 2080 1806 pro.
2113 1740 2196 1793 his
2229 1753 2346 1806 qna:

779 1834 1201 1874 connnemorata
1238 1833 1383 1885 sunt,
1425 1825 1625 1891 gratias
1665 1839 1928 1894 agamus;
1966 1838 2018 1881 et
2055 1837 2196 1880 utea
2227 1843 2344 1896 qua:

2460 636 2734 706 θαύματα,
2759 629 2870 687 οἷόν
2901 653 3020 688 τινα
3045 636 3283 705 κύματα,
3318 639 3435 700 ταῖς
3472 639 3718 705 συνεχέσι
3745 637 3838 691 καὶ
3867 637 4032 689 ἐπαλ-

2458 727 2636 797 λήλοις
2675 727 2992 798 ἐπιδρομαῖς
3023 729 3348 798 ὑποϐρύχιον
3373 733 3404 801 ὴ
3415 729 3528 801 μῶν
3551 729 3640 780 τὸν
3670 731 3826 800 λόγον
3861 724 4033 800 ἤγαγε

2458 819 2590 887 (27).
2617 820 2802 872 Καίτοι
2838 819 3175 890 Θαυμάσαιμι
3212 820 3298 882 ἂν,
3327 825 3373 875 εί
3409 824 3501 894 μὴ,
3537 820 3744 892 μείζοσι
3770 828 3882 888 τοῖς
3915 824 4031 876 κατ’

2457 911 2686 981 ἤπειρον
2719 909 3039 978 παραδόξοις
3087 913 3118 982 ἡ
3153 911 3356 963 διάνοια
3391 913 3545 983 ήμῶν
3579 912 3895 980 ἐντυχοῦσα,
3926 912 4031 966 πά-

2455 1001 2539 1052 λιν
2582 1003 2722 1055 κατὰ
2752 1003 2840 1054 τὸν
2877 1001 3060 1054 Ἰωνᾶν
3083 1003 3174 1055 ἐπὶ
3205 1001 3302 1071 τὴν
3335 1001 3606 1058 Θάλασσαν
3653 1003 4027 1072 δραπετεύσει.

2459 1092 2641 1144 Ἐοικε
2671 1093 2728 1145 δέ
2784 1109 2872 1162 μοι
2909 1093 2937 1142 ὁ
2987 1091 3142 1159 λόγος
3174 1089 3428 1163 ἐμπεσὼν
3489 1099 3567 1159 εἰς
3601 1094 3668 1148 τὰ
3703 1095 3870 1163 μυρία
3905 1096 4030 1147 θαύ-

2456 1201 2595 1252 ματα
2644 1183 2989 1254 ἐπιλελῆσθαι
3030 1185 3129 1254 τῆς
3165 1184 3536 1256 συμμετρίας,
3575 1189 3668 1241 καὶ
3733 1187 3901 1238 ταυτὸ
3937 1206 4028 1240 πε-

2452 1276 2704 1330 πονθέναι
2735 1279 2845 1338 τοῖς
2888 1276 2944 1326 ἐν
2979 1276 3203 1346 πελάγει
3254 1276 3709 1344 ναυτιλλομένοις,
3751 1277 3800 1330 οἳ
3825 1317 3839 1338 ,
3895 1279 4028 1346 πρὸς

2457 1366 2622 1436 μηδὲν
2678 1366 2920 1437 πεπηγὸς
2973 1366 3082 1433 (‘28)
3141 1367 3239 1437 τήν
3291 1369 3502 1436 κίνησιν
3563 1351 4024 1440 τεκμαιρόμενοι,

2450 1457 2696 1525 ἀγνοοῦσι
2742 1458 2994 1519 πολλάκις
3050 1457 3170 1508 ὅσον
3209 1460 3514 1529 διέδραμον.
3547 1459 3609 1509 ’Ὀ
3660 1459 3723 1528 δὴ
3765 1461 3860 1512 καὶ
3896 1457 4021 1528 περὶ

2447 1549 2592 1617 ἡμᾶς
2621 1548 2762 1602 ἔοικε
2792 1547 3154 1619 γεγενῆσθαι,
3187 1551 3468 1620 τρέχοντος
3499 1547 3591 1600 τοῦ
3627 1547 3782 1616 λόγου
3815 1551 3905 1603 διὰ
3931 1550 4024 1618 τῆς

2447 1641 2696 1706 κτίσεως,
2739 1645 2813 1713 μὴ
2846 1639 3026 1693 λαϐεῖν
3052 1639 3145 1691 τοῦ
3188 1642 3423 1710 πλήθους
3451 1641 3556 1693 τῶν
3593 1640 3895 1710 εἰρημένων
3930 1643 4024 1711 τὴν

2445 1733 2714 1804 αἴσθησιν.
2777 1735 2913 1787 Ἀλλ’
2967 1734 3015 1784 εί
3065 1733 3159 1785 καὶ
3207 1734 3464 1805 φιλήκοον
3519 1733 3580 1786 τὸ
3626 1733 3821 1802 σεμνὸν
3867 1734 4026 1785 τοῦτο

2447 1825 2693 1896 θέατρον,
2749 1829 2840 1881 καὶ
2892 1827 3114 1896 γλυκεῖα
3174 1825 3375 1880 δούλων
3433 1828 3621 1889 ἀκοαῖς
3689 1825 4026 1879 δεσποτικῶν

778 1927 1068 1981 supersunt
1098 1915 1485 1982 compleantur,
1524 1918 1872 1985 postulemus.
1907 1919 2122 1972 Utinam
2163 1930 2339 1973 autem
2375 1899 2416 1954 Β
2446 1917 2461 1970 ί

2336 1943 2339 1970 ι
2375 1899 2416 1954 Β
2446 1917 2738 1988 θαυμάτων
2791 1921 3062 1989 διήγησις,
3103 1918 3333 1970 ἐνταῦθα
3374 1919 3463 1972 τὸν
3494 1920 3649 1987 λόγον
3675 1917 4019 1988 ὁρμίσαντες,

777 2015 828 2058 et
867 2010 1002 2059 inter
1050 2007 1338 2061 sumendos
1368 2008 1519 2063 cibos
1565 2012 1672 2065 sint
1700 2013 1848 2062 vobis
1879 2011 1927 2062 in
1973 2027 2179 2072 mensa,
2226 2010 2341 2064 loco

777 2099 1051 2168 colloquii,
1084 2116 1142 2154 ea
1173 2117 1290 2171 qua:
1320 2101 1721 2156 tnm'matutina
1754 2111 1862 2153 tum
1893 2102 2193 2168 vespertina
2219 2118 2342 2158 ara-

778 2192 920 2244 tione
950 2192 1242 2260 explicavi;
1274 2193 1475 2246 utinam
1504 2193 1663 2245 etiam
1696 2191 1885 2244 harum
1919 2207 2096 2246 rerum
2133 2195 2339 2264 cogita-

778 2283 1010 2336 tionibus
1056 2299 1149 2351 pcr
1193 2299 1437 2336 somnmn
1477 2283 1746 2352 occupati,
1790 2283 1970 2336 laetitia
2019 2284 2210 2340 diurna
2260 2287 2339 2340 vel

773 2375 1099 2428 dormientes
1127 2376 1396 2440 fruainini,
1430 2387 1487 2428 ut
1506 2375 1686 2430 dicere
1710 2375 1930 2446 possitis
1956 2375 2338 2446 :Egodormio,

772 2477 817 2519 et
864 2484 954 2519 cor
994 2484 1163 2520 meum
1197 2467 1373 2538 vigilat
1406 2469 1509 2534 ⁹⁷’,
1543 2478 1724 2538 utpote
1764 2470 1906 2538 quod
1951 2480 2105 2522 nocte
2152 2469 2339 2534 dieque

773 2559 942 2629 legem
983 2561 1188 2615 Domini
1229 2562 1534 2627 meditetur,
1569 2563 1653 2618 cui
1695 2562 1861 2632 gloria
1890 2571 1942 2615 et
1972 2560 2252 2630 imperium
2284 2559 2336 2612 in

774 2654 967 2706 saecula
1003 2654 1342 2708 saaculornm.
1376 2655 1570 2710 Amen.

2452 2012 2721 2082 μείνωμεν
2784 2013 2880 2084 τὴν
2927 2013 3138 2083 ἡμέραν
3202 2010 3338 2080 πρὸς
3377 2022 3474 2084 τήν
3525 2013 3631 2066 τῶν
3686 2011 4023 2080 λειπομένων

2447 2105 2718 2157 ἀπόδοσιν.
2781 2107 3136 2168 ’Δναστάντες
3187 2104 3243 2156 δὲ
3285 2104 3483 2168 πάντες
3535 2105 4020 2177 εὐχαριστήσωμεν

2449 2195 2587 2264 ὑπὲρ
2614 2195 2719 2247 τῶν
2754 2195 3080 2265 εἰρημένων,
3119 2199 3211 2250 καὶ
3264 2198 3574 2267 αἰτήσωμέν
3615 2198 3721 2250 τῶν
3767 2193 4022 2265 λειπομέ-

2444 2301 2548 2336 νων
2601 2283 2698 2355 τὴν
2737 2285 3014 2354 πλήρωσιν
3044 2287 3175 2355 (9.9).
3209 2285 3421 2337 Γένοιτο
3454 2286 3507 2338 δὲ
3549 2287 3676 2356 ὑμῖν
3721 2285 3812 2338 καὶ
3845 2286 3902 2336 ἐν
3955 2284 4018 2351 τῇ

2448 2374 2745 2445 μεταλήψει
2781 2375 2880 2444 τῆς
2923 2377 3130 2446 τροφῆς
3161 2375 3525 2447 ἐπιτραπέζια
3555 2377 3884 2448 διηγήματα,
3921 2373 4020 2425 ὅσα

2442 2482 2500 2517 τε
2533 2465 2699 2518 ἕωθεν
2731 2467 2878 2536 ὑμῖν,
2907 2467 3001 2520 καὶ
3027 2467 3124 2519 ὅσα
3153 2467 3290 2518 κατὰ
3317 2465 3414 2536 τὴν
3442 2467 3678 2539 ἑσπέραν
3729 2465 3959 2533 ἐπῆλθεν
3991 2464 4020 2516 ὁ

2441 2558 2596 2628 λόγος
2617 2575 2628 2587 ·
2662 2558 2755 2610 καὶ
2792 2561 2911 2622 ταῖς
2944 2559 3069 2629 περὶ
3100 2557 3302 2611 τούτων
3333 2559 3564 2623 ἐννοίαις
3595 2560 3698 2617 ὑπὸ
3725 2559 3819 2611 τοῦ
3848 2557 4014 2610 ὕπνου

2441 2651 2908 2722 καταληφθέντες,
2942 2655 3039 2721 τῆς
3099 2650 3467 2723 μεθημερινῆς
3522 2650 3860 2720 εὐφροσύνης
3924 2647 4015 2699 καὶ

772 2744 1119 2807 καθεύδοντες
1146 2747 1519 2807 ἁπολαύσοιτε,
1560 2747 1640 2796 ἵνα
1670 2744 1762 2815 ἐξῇ
1789 2747 1916 2815 ὑμῖν
1976 2745 2154 2813 λέγειν
2175 2761 2188 2774 ο
2233 2741 2379 2811 Ἐγὼ
2417 2745 2707 2809 καθεύδω,
2774 2745 2871 2798 καὶ
2905 2745 2943 2812 ὴ
2985 2741 3095 2813 (50)
3137 2744 3346 2812 καρδιά
3371 2762 3487 2813 μου
3520 2739 3827 2810 ἀγρυπνεῖ,
3861 2740 4016 2809 μελε-

771 2836 921 2888 τῶσα
945 2837 1132 2898 νυκτὸς
1166 2840 1256 2888 καὶ
1276 2837 1485 2905 ἡμέρας
1514 2838 1570 2888 ἐν
1598 2835 1674 2906 τῷ
1697 2837 1845 2909 νόμῳ
1886 2837 2113 2909 Κυρίου,
2143 2829 2188 2905 ᾧ
2215 2837 2248 2906 ἡ
2283 2834 2407 2901 δόξα
2435 2837 2530 2888 καὶ
2555 2838 2614 2890 τὸ
2648 2838 2845 2910 κράτος
2869 2838 2948 2899 είς
2976 2836 3107 2898 τοὺς
3138 2834 3338 2898 αἰῶνας
3364 2835 3471 2888 τῶν
3487 2833 3720 2888 αἰώνων.
3739 2834 3933 2904 Ἀμήν.

1324 3093 1598 3147 HOMILIA
1645 3093 1772 3146 Vlll.

1157 3184 1228 3236 De
1259 3183 1555 3235 volatilibus
1583 3192 1630 3237 et
1661 3183 1939 3251 aquaticis.

841 3277 1016 3348 701.
1040 3275 1102 3329 Et
1127 3276 1262 3328 dixit
1285 3274 1423 3327 Deus
1443 3292 1461 3328 :
1487 3273 1745 3328 Producat
1766 3287 1902 3329 terra
1917 3277 2146 3328 animam
2164 3276 2333 3329 viven-

767 3381 868 3426 tem
889 3371 1048 3440 juxta
1078 3386 1236 3438 genus
1260 3409 1274 3432 ,
1319 3368 1700 3435 quadrupedia,
1740 3377 1786 3420 et
1819 3367 2027 3435 reptilia
2057 3381 2106 3420 et
2138 3365 2329 3419 bestias

760 3464 915 3531 juxta
953 3455 1130 3531 genus.
1173 3458 1236 3512 Et
1281 3459 1475 3527 factum
1503 3472 1574 3514 est
1606 3463 1679 3513 sic
1715 3460 1780 3513 ".
1815 3458 1972 3514 Venit
2004 3469 2332 3529 prmceptum

763 3556 952 3625 ordine
981 3555 1296 3623 procedens.
1334 3564 1386 3606 et
1415 3563 1554 3606 terra
1585 3568 1793 3622 quoque
1821 3553 2094 3622 proprium
2123 3553 2334 3620 accepit

764 3657 1032 3703 ornatum.
1079 3644 1211 3709 Illic,
1258 3645 1560 3698 Producant
1592 3661 1739 3712 aqua:
1779 3646 1984 3710 reptilia
2027 3646 2328 3696 animarum

763 3740 1038 3792 virentium
1068 3740 1110 3770 ³³
1141 3756 1153 3790 :
1185 3737 1288 3797 hic,
1322 3735 1589 3788 Producat
1618 3747 1756 3787 terra
1787 3737 2019 3787 animam
2058 3737 2328 3788 viventem.

762 3829 1013 3898 Nunquid
1060 3831 1294 3881 animata
1344 3837 1426 3880 est
1472 3826 1648 3880 terra?
1692 3824 1882 3878 Jamne
1915 3824 2088 3878 locum
2135 3826 2335 3877 habent

764 3920 1087 3988 desipientes
1139 3918 1440 3981 Manichaei,
1482 3917 1571 3986 qui
1621 3928 1778 3971 terra:
1813 3915 2003 3969 indunt
2047 3915 2332 3968 animam?

765 4013 1037 4082 Nonquia
1075 4013 1208 4066 dixit
1256 4030 1268 4065 :
1319 4010 1608 4071 Producat,
1639 4010 1688 4063 id
1731 4010 1872 4078 quod
1910 4011 1962 4061 in
2012 4009 2124 4077 ipsa
2169 4009 2331 4061 situm

765 4115 904 4167 erat,
933 4104 1154 4173 protulit
1185 4103 1322 4181 :sed
1354 4105 1442 4168 qui
1473 4112 1795 4172 pratceptum
1824 4102 1988 4162 dedit,
2023 4101 2184 4154 etiam
2225 4099 2331 4153 vim

760 4208 815 4261 et
862 4197 1170 4250 facultatem
1214 4196 1541 4263 producendi
1593 4195 1639 4250 ei
1686 4195 1930 4248 contulit.
1971 4193 2153 4262 Neque
2191 4193 2333 4247 enim

762 4305 885 4343 cum
924 4287 1126 4342 audivit
1161 4294 1324 4349 terra,
1364 4283 1626 4338 Cerminet
1666 4285 1880 4337 herbam
1912 4285 2019 4352 feni
2053 4294 2098 4336 et
2137 4284 2334 4352 lignum

761 4380 1096 4453 [ructiferum
1126 4380 1166 4443 ¹,
1199 4378 1378 4432 fenum
1423 4377 1562 4445 quod
1606 4375 1744 4429 inse
1788 4377 2122 4430 reconditum
2173 4377 2336 4428 habe-

1057 2985 4009 3014 —_—____,—_——_—-—-————————-———

3051 3088 3289 3144 ΟΜΙΛΙΑ
3329 3088 3410 3143 H'.

2734 3185 2873 3252 Περὶ
2913 3183 3154 3250 πτηνῶν
3183 3185 3277 3236 καὶ
3305 3185 3568 3252 ἐνύδρων
3596 3185 3726 3253 (51).

2507 3276 2555 3329 1.
2593 3277 2698 3330 Καὶ
2729 3273 2898 3329 εἶπεν
2945 3280 2977 3328 ὀ
3015 3276 3156 3338 Θεός
3182 3292 3193 3304 ·
3233 3275 3600 3342 Ἐξαγαγέτω
3629 3277 3665 3341 ἦ
3693 3275 3770 3342 γῆ
3803 3271 4016 3341 ψυχὴν

2436 3367 2630 3429 ζῶσαν
2679 3368 2829 3421 κατὰ
2889 3366 3081 3436 γένος,
3132 3365 3461 3433 τετράποδα
3513 3365 3610 3419 καὶ
3660 3366 3876 3433 ἑρπετὰ
3913 3366 4008 3417 καὶ

2435 3461 2610 3529 θηρία
2671 3458 2816 3513 κατὰ
2871 3457 3063 3528 γένος.
3093 3459 3198 3512 Καὶ
3238 3457 3472 3528 ἐγένετο
3507 3457 3711 3522 οὕτως.
3751 3452 3921 3508 Ἦλθε
3953 3459 4013 3509 τὸ

2438 3554 2766 3626 πρόσταγμα
2796 3551 2898 3622 ὁδῷ
2934 3551 3166 3622 βαδίζον,
3199 3551 3290 3603 καὶ
3335 3548 3572 3602 ἀπέλαϐε
3604 3549 3697 3600 καὶ
3737 3548 3770 3619 ἡ
3811 3547 3884 3616 γῆ
3923 3548 4012 3600 τὸν

2438 3643 2563 3697 ἴδιον
2593 3643 2812 3712 κόσμον.
2858 3642 3021 3703 Ἐκεῖ,
3062 3638 3420 3707 Ὲξιιγαγέτω
3453 3637 3523 3690 τὰ
3568 3639 3756 3691 ὕδατα
3797 3638 4012 3706 ἑρπετὰ

2434 3733 2652 3802 ψυχῶν
2704 3731 2932 3792 ζωσῶν·
2972 3726 3072 3784 ὧδε
3105 3772 3119 3796 ,
3159 3730 3522 3799 Ἐξαγαγέτω
3579 3731 3617 3796 ἦ
3671 3731 3746 3800 Υῆ
3799 3733 4011 3801 ψυχὴν

2434 3825 2647 3884 ζῶσαν.
2671 3825 2949 3894 Ἐμψυχος
2992 3825 3097 3894 ἄρα
3142 3825 3173 3893 ἠ
3219 3823 3324 3892 γῆ;
3368 3825 3462 3875 καὶ
3491 3822 3673 3892 χώραν
3708 3823 3921 3892 ἔχουσιν
3961 3826 4009 3876 οἱ

2437 3917 2828 3988 ματαιόφρονες
2864 3917 3172 3985 Μανιχαῖοι,
3227 3915 3402 3984 ψυχὴν
3455 3913 3750 3976 ἐντιθέντες
3784 3916 3848 3984 τῇ
3891 3917 3959 3984 γῇ
3991 3931 4005 3974 ;

2433 4009 2546 4062 Οὐκ
2595 4008 2782 4079 ἐπειδὴ
2827 4003 2999 4070 εἶπεν,
3047 4006 3430 4076 Ἐξαγαγέτω,
3481 4005 3539 4058 τὸ
3587 4005 4010 4076 ἐναποκείμενον

2433 4101 2568 4171 αὑτῇ
2619 4101 2986 4171 προήνεγκεν’
3040 4100 3153 4152 ἀλλ’
3197 4103 3224 4152 ὁ
3267 4099 3387 4160 δοὺς
3430 4098 3492 4150 τὸ
3537 4097 3861 4168 πρόσταγμα
3915 4100 4007 4150 καὶ

2432 4193 2532 4262 τὴν
2565 4191 2657 4245 τοῦ
2714 4193 2999 4261 ἐξαγαγεῖν
3053 4193 3187 4262 αὐτῇ
3242 4191 3466 4261 δύναμιν
3517 4189 3823 4262 ἐχαρίσατο.
3871 4189 4006 4243 Οὔτε

2433 4285 2540 4357 γὰρ
2570 4287 2657 4338 ὅτε
2685 4287 2914 4357 ήκουσεν
2949 4288 2981 4357 ἠ
3027 4286 3119 4356 γῆ,
3153 4283 3563 4350 Βλαστησάτω
3586 4283 3862 4350 ,ϐοτάνην
3897 4285 4004 4350 (3i)

2436 4381 2649 4447 χόρτου
2674 4379 2769 4430 καὶ
2811 4379 3000 4441 ξύλον
3028 4375 3323 4444 κάρπιμον
3345 4417 3358 4440 ,
3400 4375 3777 4446 κεκρυμμένον
3810 4373 4007 4443 ἔχουσα

761 4477 874 4539 bat,
902 4473 1154 4540 protulit;
1189 4485 1361 4539 neque
1399 4469 1651 4538 palmam.
1687 4477 1775 4520 ant
1805 4483 2085 4534 quercum,
2115 4477 2207 4520 aut
2231 4483 2328 4521 cu-
2363 4466 2444 4521 D‘l

2318 4496 2328 4506 -
2363 4466 2405 4520 D
2430 4472 2520 4525 τὸν
2549 4473 2737 4543 χόρτον
2768 4471 3055 4540 ἐξήνεγκεν
3075 4486 3089 4500 ’
3111 4471 3229 4521 οὐδὲ
3257 4469 3346 4520 τὸν
3388 4469 3623 4535 φοίνικα,
3653 4469 3684 4538 ἢ
3725 4467 3823 4538 τήν
3851 4467 4001 4537 δρῦν,

760 4583 1030 4637 pressum,
1066 4567 1119 4618 in
1155 4564 1261 4617 ima
1292 4563 1542 4632 quapiam
1575 4561 1656 4615 sui
1685 4562 1818 4614 uteri
1853 4568 2005 4629 parte
2033 4560 2326 4624 occultata,

764 4671 915 4718 extra
941 4656 1283 4728 superﬁciem
1308 4654 1492 4710 eduxit
1517 4673 1529 4708 :
1557 4659 1651 4707 sed
1681 4653 1892 4706 divinus
1920 4664 2116 4713 sermo,
2143 4664 2328 4703 eorum

759 4769 878 4824 quae
899 4753 1028 4806 ﬁunt
1047 4761 1235 4804 natura
1259 4759 1359 4803 est.
1377 4747 1634 4801 Germinet
1662 4757 1833 4808 terra;
1859 4761 1960 4800 non
1984 4743 2125 4812 quod
2150 4743 2330 4807 habet,

760 4850 921 4902 edat:
957 4845 1048 4900 sed
1072 4843 1213 4912 quod
1254 4857 1356 4896 non
1393 4842 1571 4903 habet,
1605 4839 1869 4907 acquirat,
1897 4835 2330 4905 quandoquidem

759 4937 901 4991 Deus
936 4935 1125 5004 agendi
1153 4943 1207 4986 et
1231 4931 1555 5002 producendi
1581 4931 1685 4982 vim
1707 4927 1756 4982 ei
1785 4927 2028 4996 largitur.
2061 4923 2149 4978 Sic
2170 4925 2332 4977 etiam

757 5044 917 5091 nunc,
947 5027 1211 5079 Producat
1238 5033 1376 5077 terra
1402 5024 1656 5086 animam,
1682 5036 1784 5074 non
1809 5034 1926 5073 eam
1942 5032 2059 5086 qua:
2085 5017 2259 5070 inerat
2279 5015 2333 5068 in

756 5121 870 5190 ipsa
895 5138 909 5174 :
935 5121 1029 5173 sed
1057 5131 1334 5184 eam.qu:e
1356 5116 1402 5169 ei
1427 5130 1522 5183 per
1544 5122 1866 5184 praeceptum
1892 5125 1919 5162 a
1950 5112 2057 5162 Deo
2086 5109 2206 5162 data
2233 5117 2332 5162 est.

831 5212 894 5244 ⁸⁷⁸
934 5211 1089 5264 Cant.
1123 5224 1177 5272 ν,
1221 5209 1280 5262 2.
1355 5209 1400 5239 ⁸⁸
1440 5208 1574 5262 Gen.
1612 5223 1649 5258 1.
1681 5206 1770 5258 (24.
1848 5205 1893 5236 ⁹⁹
1936 5203 2062 5256 ibid.
2102 5201 2191 5268 20,
2232 5201 2322 5254 21.

827 5303 936 5371 (‘27)
965 5303 1094 5370 Reg.
1129 5310 1309 5354 sextus
1340 5300 1429 5352 τὸν
1454 5301 1610 5371 λόγον
1640 5299 1969 5371 κατήγαγεν.

827 5365 935 5442 (28)
985 5365 1144 5442 Colb.
1161 5372 1428 5442 secundus
1483 5365 1614 5442 μηδέ
1653 5368 1844 5438 μικρὸν
1879 5367 2144 5437 πεπηγός.
2190 5365 2321 5436 Reg.

756 5441 1023 5500 secundus
1051 5441 1214 5511 μηδὲν
1248 5441 1587 5511 ὲμπεπηγός.

848 5514 936 5578 ‘29)
974 5507 1321 5580 lic-grsextu‘s
1349 5507 1682 5580 λειπομένων
1705 5507 2086 5580 τῂν-δήλωσιν.

848 5514 936 5578 ‘29)
974 5514 1104 5580 Reg.
1139 5522 1321 5564 sextus
1349 5514 1682 5580 λειπομένων
1711 5514 1806 5558 civ
1837 5514 2086 5560 δήλωσιν.

753 5654 765 5664 .
825 5514 1051 5703 (ὀρεία
1083 5581 1233 5634 ιιιυΙιί
1264 5597 1395 5636 mss.
1427 5595 1577 5649 azque
1613 5595 1674 5632 ac
1703 5543 1859 5631 ωίχ.
1889 5551 2323 5631 beestarticulus

753 5671 805 5703 m
831 5671 878 5703 εξ(
903 5665 1008 5703 itts.

751 5671 805 5708 111
831 5665 1008 5705 CUIUS.

825 5723 936 5790 (3|)
998 5721 1147 5775 Colb.
1190 5722 1392 5789 primus
1450 5722 1589 5772 hunc
1651 5719 1863 5790 [πιείρῃ
1909 5717 2142 5778 titulum,

752 5786 995 5860 ἑρπετῶν
1029 5795 1121 5845 καὶ
1153 5786 1353 5862 Θηρίων
1383 5787 1940 5862 ὁμιλίαῂόγδόηκῐὶιιιῐ.
1984 5786 2319 5862 octavuszoﬁ

751 5859 912 5916 c.5106
960 5864 1038 5928 είς
1082 5863 1177 5935 τὴν
1204 5859 1627 5932 Γένεσινόμιλία
1653 5867 1719 5929 η’.
1763 5859 1926 5914 Coisl.
1982 5859 2182 5928 primus
2201 5861 2322 5925 ὁμι-

753 5938 842 5988 λία
858 5940 903 5997 η’

2428 4566 2460 4636 ἣ
2497 4564 2594 4635 τὴν
2629 4563 2966 4634 κυπάρισσον
3017 4562 3165 4614 κάτω
3207 4577 3305 4612 που
3354 4561 3411 4610 ἐν
3459 4560 3578 4620 ταῖς
3622 4558 3842 4626 λαγόσιν
3881 4558 4004 4609 ἐαυ-

2426 4655 2523 4726 τῆς
2561 4653 3025 4724 ἀποκεκρυμμένα
3089 4651 3255 4720 ἀνῆκε
3310 4649 3444 4719 πρὸς
3491 4648 3589 4719 τὴν
3646 4649 4003 4717 ἐπιφάνειανο

2428 4746 2539 4799 ἀλλ’
2581 4748 2608 4798 ὁ
2656 4745 2795 4808 θεῖος
2842 4745 2996 4812 λόγος
3025 4742 3183 4812 φύσις
3229 4741 3344 4793 ἐστὶ
3389 4741 3496 4794 τῶν
3551 4743 3850 4810 γινομένων
3870 4743 3999 4810 (551).

2429 4836 2834 4903 Βλαστησάτω
2859 4837 2895 4903 ἡ
2920 4835 2992 4902 γῆ
3015 4852 3027 4866 ’
3063 4835 3159 4903 οὐχ
3181 4834 3315 4903 ὅπερ
3345 4832 3454 4903 ἔχει
3485 4831 3856 4903 προϐαλλέτω,
3885 4834 3999 4886 ἀλλ’

2429 4927 2456 4978 ὃ
2495 4928 2568 4997 μὴ
2605 4926 2715 4996 ἔχει
2750 4925 3056 4997 κτησάσθω,
3082 4923 3213 4976 θεοῦ
3237 4922 3575 4993 δωρουμένου
3609 4923 3708 4993 τῆς
3726 4925 4003 4996 ἐνεργείας

2429 5017 2530 5088 τὴν
2598 5017 2847 5088 δύναμιν.
2910 5017 3064 5070 Οὕτω
3123 5016 3215 5068 καὶ
3277 5015 3390 5077 νῦν,
3437 5014 3798 5086 Ἑξαγαγέτω
3850 5019 3888 5084 ἠ
3928 5017 4001 5087 γῆ

2432 5109 2644 5177 ψυχὴν
2681 5109 2814 5178 (54),
2841 5110 2901 5162 οὐ
2927 5109 3022 5181 τὴν
3053 5108 3500 5178 ἐναποκειμένην,
3539 5107 3675 5161 ἀλλὰ
3717 5110 3816 5180 τὴν
3871 5109 4005 5162 δεδο-

2401 5202 2417 5232 ⁸
2459 5203 2595 5256 ibid.
2631 5203 2718 5258 11.

2499 5295 2632 5368 (ὄῖ)
2676 5297 2905 5368 Codices
2965 5297 3164 5367 aliquot
3239 5297 3600 5365 Βλαστησάτω
3657 5298 3690 5368 ὴ
3749 5297 3822 5364 γῆ
3885 5294 3993 5364 βοτ.

2428 5367 2578 5452 pnus
2615 5366 2742 5421 Duc.
2779 5367 2901 5420 οὔτε
2937 5366 3170 5439 γὰρίότε
3205 5369 3424 5438 ἢκουσε,
3464 5366 3829 5436 Βλαστησάτω
3852 5368 3885 5436 ή
3929 5369 3998 5434 γῆ

2427 5437 2814 5574 ﬁ0723513,?iiditio
2845 5506 3004 5577 Basil.
3043 5523 3164 5559 cum
3203 5510 3402 5577 aiiqnot
3425 5523 3552 5562 mss.
3580 5507 3739 5575 φύσις
3757 5506 3874 5558 ἐστὶ
3895 5506 4003 5558 τῶν

2427 5577 2745 5646 γινομένων.
2773 5577 2946 5629 Editio
2983 5575 3154 5630 Paris.
3199 5575 3518 5647 γενομένων.
3559 5578 3755 5629 Ibidem
3785 5577 4000 5647 codices

2427 5663 2531 5700 non
2556 5645 2712 5716 pauci
2740 5647 3104 5716 Βλαστησάτω
3129 5648 3160 5716 ἡ
3185 5648 3278 5716 γῆ,
3314 5645 3431 5716 οὐχ.
3465 5649 3534 5700 At
3556 5647 3684 5700 editi
3717 5661 3837 5700 cum
3864 5645 3997 5714 Reg.

2428 5717 2614 5785 quinto
2643 5715 3014 5787 βλαστησάτω,
3041 5719 3137 5785 οὐχ

2500 5787 2610 5856 (54)
2643 5788 2794 5839 Coll).
2822 5786 3024 5854 primus
3049 5788 3147 5856 τὴν
3177 5786 3352 5855 ψυχὴν
3384 5786 3582 5849 ζῶσαν.
3621 5786 3824 5839 Ibidem
3861 5787 3998 5840 idem

2425 5861 2606 5980 ξομιξχέ
2633 5873 2752 5910 cum
2774 5857 2904 5927 Reg.
2934 5867 3086 5912 sexto
3108 5858 3166 5909 οὐ
3194 5857 3288 5926 τὴν
3319 5857 3710 5928 ἀποκειμένην,
3741 5856 3876 5910 ἀλλὰ
3902 5857 4000 5925 τὴν

2463 5944 2578 5988 ιοομ
2613 5943 2730 5988 νην.
