4262 6502
295 455 400 510 I65

1381 459 1662 516 IIOMILIA
1706 465 1822 518 VIII
1863 465 1930 520 IN
1970 463 2460 521 "EXAEMERON.

3401 464 3504 519 I60

294 575 462 646 μένην
511 574 644 641 αὐτῇ
713 571 862 640 παρὰ
911 570 1004 623 τοῦ
1062 569 1196 624 Θεοῦ
1255 572 1340 625 διὰ
1396 575 1492 643 τῆς
1562 578 1844 648 ἐπιταγῆς.
1879 579 1977 638 AI

1815 596 1844 639 :.
1879 583 1921 638 A
1955 579 2152 634 Deinde
2173 581 2329 633 etiam
2349 587 2524 634 sermo
2543 579 2593 631 in
2615 578 2937 633 contrarium
2955 578 3210 633 eiscedec
3231 579 3438 636 Etenim
3457 583 3498 638 sl

292 667 524 720 Ἔπειτα
554 664 645 717 καὶ
666 663 744 726 είς
776 663 835 716 τὸ
873 662 1110 716 ἐναντίον
1138 665 1314 727 αὐτοῖς
1343 666 1370 718 ό
1403 665 1558 732 λόγος
1587 685 1846 738 περιτρα-

287 759 543 829 πήσεται.
571 756 767 827 Είγάρ
794 755 1080 825 ἐξήνεγκεν
1107 757 1139 819 ἠ
1169 756 1239 824 γῆ
1271 755 1368 825 τὴν
1417 757 1610 828 ψυχὴν,
1640 760 1848 829 ἐρήμην

287 847 484 918 ἑαυτὴν
542 846 799 900 κατέλιπε
855 847 958 915 τῆς
991 844 1184 915 ψυχῆς.
1230 846 1368 898 Ἀλλ’
1409 848 1630 900 ἐκείνων
1663 850 1760 919 μὲν
1787 849 1849 902 τὸ

289 940 573 1012 βδελυκτδν
613 939 833 993 αὐτόθεν
879 938 1168 1009 γνώριμον.
1226 939 1324 992 Διὰ
1351 941 1403 992 τί
1445 941 1624 1010 μέντοι
1654 944 1722 996 τὰ
1752 944 1848 1012 μὲν

289 1035 456 1088 ὕδατα
500 1032 700 1103 έρπετά
740 1032 922 1102 ψυχῶν
952 1029 1137 1095 ζωσῶν
1172 1031 1454 1100 ἐξαγαγεῖν
1489 1035 1846 1106 προσετάχθη,

287 1128 322 1196 ὴ
356 1126 410 1177 δὲ
447 1124 518 1193 γῆ
543 1123 717 1192 ψυχὴν
745 1121 951 1186 (diem;
985 1119 1325 1188 Λογιζόμεθα
1378 1124 1574 1186 τοίνυν,
1623 1126 1703 1177 ὅτι
1741 1126 1849 1178 τῶν

292 1218 390 1287 μὲν
418 1216 627 1286 νηκτῶν
675 1211 900 1285 ἡφύσις
945 1212 1296 1283 ἀτελεστέρας
1347 1230 1463 1278 πως
1511 1216 1654 1268 δοκεῖ
1706 1215 1849 1285 ζωῆς

293 1308 558 1378 μετέχειν,
593 1306 679 1359 διὰ
711 1306 770 1358 τὸ
826 1307 881 1356 ἐν
931 1307 997 1373 τῇ
1057 1305 1324 1374 παχύτητι
1372 1306 1462 1358 τοῦ
1497 1306 1683 1369 ὓδατος
1714 1307 1850 1361 διαι-

286 1403 504 1456 τᾶσθαι.
568 1402 675 1454 Καὶ
716 1398 821 1468 γὰρ
866 1397 1000 1467 ἀκοὴ
1051 1402 1181 1469 παρ’
1224 1399 1449 1462 ἐκείνοις
1502 1399 1722 1470 βαρεῖα,
1758 1399 1851 1453 καὶ

287 1495 486 1566 ὁρῶσιν
515 1492 687 1562 ἀμϐλὺ
717 1490 804 1543 διὰ
833 1490 923 1543 τοῦ
947 1489 1134 1553 ὓδατος
1164 1489 1467 1560 βλέποντες,
1499 1493 1593 1545 καὶ
1615 1490 1737 1545 οὔτε
1768 1510 1852 1556 τις

293 1588 479 1656 μνήμη
519 1585 644 1654 παρ’
679 1581 926 1645 ἐκείνοις,
962 1580 1084 1634 οὕτε
1120 1583 1404 1650 φαντασία,
1441 1581 1562 1636 οὔτε
1603 1584 1696 1637 τοῦ
1734 1602 1854 1636 συν-

286 1677 450 1746 ήθους
473 1674 777 1742 ἐπίγνωσις.
813 1671 908 1725 Διὰ
939 1672 1095 1724 τοῦτο
1110 1673 1270 1725 οἱονεὶ
1290 1673 1616 1728 ἐνδείκνυται
1633 1675 1660 1726 ὁ
1676 1674 1853 1740 λόγος,

284 1771 368 1822 ὅτι
420 1768 452 1837 ή
489 1765 722 1838 σαρκικὴ
773 1766 884 1836 ζωὴ
927 1768 1039 1828 τοῖς
1099 1765 1341 1836 ἐνύδροις
1385 1766 1703 1836 καθηγεῖται
1743 1766 1853 1820 τῶν

281 1856 530 1926 ψυχικῶν
579 1857 921 1928 κινημάτων*
961 1856 1051 1908 ἐπὶ
1100 1855 1156 1908 δὲ
1185 1857 1289 1909 τῶν
1333 1857 1622 1928 χερσαίων,
1657 1857 1731 1920 ῶς
1764 1874 1850 1911 τε-

283 1946 555 2019 λειοτέρας
583 1949 694 2017 (35)
728 1947 906 2001 αὐτῶν
939 1948 1104 2016 οὗσης
1135 1947 1232 2016 τῆς
1273 1946 1438 2016 ζωῆς,
1474 1949 1506 2018 ή
1553 1948 1697 2019 ψυχὴ
1752 1949 1849 2020 τὴν

281 2042 582 2110 ἠγεμονίαν
612 2041 1000 2111 ἐπιτέτραπται
1031 2042 1230 2092 πᾶσαν.
1254 2039 1324 2091 Αἵ
1339 2056 1398 2092 τε
1425 2038 1534 2111 γὰρ
1575 2040 1850 2111 αἰσθήσεις

289 2132 486 2201 μᾶλλον
527 2132 882 2202 τετράνωνται
904 2147 917 2160 ’
965 2131 1059 2184 καὶ
1091 2131 1257 2196 ὀξεῖαι
1305 2130 1402 2200 μὲν
1430 2130 1539 2183 τῶν
1569 2131 1850 2201 παρόντων

285 2225 345 2276 ul.
369 2223 698 2293 ἀντιλήψεις,
735 2220 980 2289 ἀκριϐεῖς
1011 2220 1067 2273 δὲ
1101 2222 1310 2290 μνῆμαι
1339 2222 1446 2275 τῶν
1480 2221 1850 2293 παρελθόντων

285 2318 438 2385 παρά
495 2319 604 2378 τοῖς
667 2313 938 2375 πλείστοις
989 2314 1097 2366 τῶν
1141 2315 1497 2386 τετραπόδων.
1534 2313 1629 2366 Διά
1671 2313 1846 2379 τοῦτο,

283 2410 363 2472 ὡς
391 2409 585 2468 ἔοικεν,
639 2405 730 2457 ἐπὶ
778 2405 873 2475 μὲν
921 2405 1028 2458 τῶν
1084 2406 1318 2476 ἐνύδρων
1350 2405 1574 2474 σώματα
1625 2405 1846 2478 ἐκτίσθη

283 2498 606 2569 ἐψυχωμένα
632 2496 740 2567 (56)
776 2498 996 2568 (ἑρπετά
1029 2498 1135 2568 γὰρ
1183 2496 1366 2565 ψυχῶν
1409 2495 1596 2558 ζωσῶν
1633 2498 1696 2550 ἐκ
1741 2497 1848 2550 τῶν

282 2581 488 2638 ὑδάτων
520 2585 820 2656 παρήχθη),
857 2586 946 2639 ἐπὶ
1002 2587 1058 2638 δὲ
1107 2585 1212 2637 τῶν
1260 2586 1528 2656 χερσαίων
1571 2587 1716 2658 ψυχὴ
1745 2588 1848 2640 σώ-

286 2697 433 2751 ματα
454 2679 810 2751 οἰκονομοῦσα
836 2677 1174 2750 προσετάχθη
1205 2678 1476 2745 γενέσθαι,
1500 2680 1573 2744 ῶς
1603 2681 1761 2734 πλέον
1797 2700 1849 2735 τι

277 2773 382 2841 τῆς
428 2769 661 2840 ζωτικῆς
720 2770 997 2839 δυνάμεως
1053 2767 1161 2820 τῶν
1204 2769 1294 2820 ἐπὶ
1339 2770 1441 2840 γῆς
1477 2771 1849 2841 διαιτωμένων

286 2859 704 2930 μετειληφότων.
736 2859 937 2925 Ἀλογα
963 2857 1059 2927 μέν
1098 2857 1204 2927 γὰρ
1228 2857 1319 2909 καὶ
1345 2858 1413 2909 τὰ
1438 2862 1668 2928 χερσαῖα
1687 2877 1700 2889 ο
1735 2859 1848 2912 ἀλλ’

280 2952 431 3020 ὅμως
484 2952 709 3004 ἕκαστον
760 2955 824 3021 τῇ
862 2953 922 3001 ἐκ
960 2950 1057 3019 τῆς
1105 2949 1315 3018 φύσεως
1346 2951 1454 3020 (37)
1500 2955 1646 3022 φωνῇ
1684 2952 1851 3006 πολλὰ

279 3047 390 3094 τῶν
421 3043 558 3095 κατά
589 3043 762 3111 ψυχὴν
810 3041 1147 3112 παθημάτων
1187 3042 1554 3112 διασημαίνει.
1593 3045 1700 3096 Καὶ
1741 3045 1849 3116 γὰρ

281 3135 375 3187 καὶ
401 3135 571 3205 χαρὰν
595 3136 686 3186 καὶ
713 3133 904 3200 λύπην,
937 3134 1028 3186 καὶ
1059 3134 1154 3204 τὴν
1181 3133 1272 3186 τοῦ
1309 3134 1566 3204 συνήθους
1618 3135 1823 3201 ἐπίγνω

281 3242 386 3289 σιν,
419 3206 512 3279 καὶ
540 3225 742 3294 τροφῆς
767 3223 992 3295 ἔνδειαν,
1018 3227 1110 3278 καὶ
1129 3223 1402 3295 χωρισμὸν
1416 3225 1523 3276 τῶν
1550 3225 1845 3294 συννόμων,

277 3283 384 3369 καὶ,
407 3283 740 3385 μυρίαιπάθη
769 3313 844 3383 τῷ
874 3283 1091 3384 φθόγγῳ
1125 3283 1437 3384 παραδηλοῖ.
1462 3313 1542 3366 Τὰ
1571 3314 1627 3366 δὲ
1655 3283 1849 3385 ἔνυδρα

277 3409 342 3460 οὐ
384 3408 540 3476 μόνον
592 3405 799 3471 ἄφωνα,
837 3405 971 3457 ἀλλά
1003 3406 1094 3456 καὶ
1143 3405 1413 3474 ἀνήμερα,
1444 3404 1536 3457 καὶ
1569 3405 1845 3473 ἀδίδακτα,

278 3498 538 3569 καὶπρὸς
572 3499 752 3550 πᾶσαν
806 3497 919 3568 βίου
959 3495 1238 3550 κοινωνίαν
1291 3495 1596 3567 ἀνθρώποις
1645 3500 1849 3568 ἀμετα-

281 3591 548 3662 χείριστα.
586 3588 778 3658 Ἔγνω
821 3589 976 3653 ,ϐοῦς
1000 3585 1103 3638 τὸν
1145 3587 1544 3656 κτησάμενον,
1572 3590 1667 3641 καὶ
1711 3589 1849 3655 ὄνος

278 3683 395 3752 τὴν
439 3684 672 3752 φάτνην
717 3682 822 3736 τοῦ
876 3680 1084 3748 κυρίου
1143 3679 1328 3734 αὑτοῦ
1349 3698 1363 3712 ο
1397 3681 1546 3751 ἰχθὺς
1575 3682 1630 3734 δὲ
1656 3683 1754 3735 οὐκ
1783 3683 1848 3735 ἂν

279 3777 528 3845 ἐπιγνοίη
563 3776 653 3828 τὸν
681 3774 965 3846 τρέφοντα.
1021 3766 1141 3823 Οἵδε
1186 3771 1282 3841 τὴν
1338 3773 1536 3842 συνήθη
1603 3773 1783 3844 φωνὴν
1821 3775 1848 3827 ό

279 3866 432 3928 ὄνος·
464 3859 604 3918 οἶδεν
636 3866 752 3916 ὁδὸν
781 3866 844 3933 ἣν
891 3860 1146 3924 πολλάκις
1198 3863 1409 3916 ἐδάδισε
1430 3880 1441 3891 ·
1471 3862 1563 3914 καί
1601 3881 1704 3916 που
1754 3864 1848 3916 καὶ¹

277 3958 472 4028 ὁδηγὸς
507 3957 674 4008 ἐνίοτε
710 3953 1073 4021 ἀποσφαλέντι
1116 3957 1321 4024 γίνεται
1346 3955 1422 4026 τῷ
1453 3954 1741 4028 ἀνθρώπῳ.
1773 3955 1846 4009 Τὸ

275 4049 331 4101 δὲ
360 4049 614 4117 ὀξυήκοον
641 4047 732 4100 τοῦ
761 4046 898 4112 ζώου
927 4047 1045 4100 οὐδὲ
1081 4048 1206 4101 ἄλλο
1234 4065 1285 4099 τι
1309 4047 1454 4117 ἔχειν
1489 4049 1704 4117 λέγεται
1737 4050 1848 4105 τῶν

274 4139 564 4211 χερσαίων.
603 4139 772 4193 Τὸ.δὲ
806 4139 914 4191 τῶν
954 4139 1211 4208 καμήλων
1243 4140 1595 4208 μνησίκακον,
1622 4142 1712 4194 καὶ
1752 4141 1836 4210 βα-

279 4229 502 4302 ρύμηνι,
532 4232 623 4284 καὶ
650 4231 868 4301 διαρκὲς
895 4230 1028 4298 πρὸς
1053 4230 1240 4300 ὀργὴν,
1279 4231 1331 4282 τί
1387 4232 1452 4286 ἂν
1511 4235 1846 4302 μιμήσασθαι

273 4324 384 4379 τῶν
415 4323 712 4376 θαλαττίων
743 4322 992 4385 δύναιτο;
1040 4323 1211 4376 Πάλαι
1253 4324 1382 4377 ποτέ
1425 4325 1694 4394 πληγεῖσα
1749 4325 1845 4377 κάρ

281 4417 468 4487 μηλος,
500 4414 693 4485 μακρῷ
723 4414 898 4483 χρόνῳ
937 4413 1339 4486 ταμιευσαμένη
1376 4416 1473 4486 τὴν
1506 4417 1685 4486 μῆνιν,
1706 4418 1845 4468 ἐπει-

273 4503 371 4558 δὰν
405 4505 684 4574 εὐκαιρίας
711 4504 960 4575 λάϐηται,
997 4504 1056 4556 τὸ
1086 4503 1251 4557 κακὸν
1286 4507 1639 4559 ἀντιδίδωσιν.
1667 4505 1846 4558 Ἀκού-

1950 671 2182 725 animam
2214 671 2460 740 produxit
2483 681 2655 734 terra,
2689 687 2747 725 se
2777 673 2940 740 ipsam
2975 672 3150 725 anima
3195 673 3501 730 destitutam

1949 764 2249 834 dereliquit.
2271 764 2378 818 Sed
2401 765 2611 818 illorum
2639 767 2849 834 quidem
2872 765 3214 822 exsecrabilis
3237 771 3500 823 sententia

1948 868 2012 908 ex
2036 869 2094 909 se
2120 855 2226 924 ipsa
2256 865 2422 924 patet.
2453 855 2562 910 Cur
2583 865 2758 910 autem
2787 856 3116 926 aquaajussaa
3145 868 3268 912 sunt
3293 862 3502 929 reptllia

1949 945 2248 1000 animarum
2285 946 2572 1000 viventium
2598 949 2910 1016 producere,
2946 957 3086 1003 terra
3112 965 3235 1005 vero
3269 953 3501 1007 animam

1947 1035 2249 1091 viventem?
2286 1038 2641 1092 Arbitramur'
2672 1040 2972 1094 natatilium
3011 1044 3224 1109 quidem
3253 1055 3495 1098 naturam

1947 1127 2114 1181 videri
2143 1129 2262 1183 vita:
2299 1130 2688 1196 quodammodo
2735 1131 3143 1200 imperfectioris
3186 1137 3501 1205 participem

1949 1231 2090 1283 esse,
2116 1230 2397 1288 prapterea
2442 1223 2582 1291 quod
2625 1223 2675 1277 in
2712 1239 2862 1292 aqua:
2903 1225 3256 1280 crassitudine
3283 1227 3500 1296 degunt.

1950 1308 2080 1363 Nam
2108 1323 2162 1364 et
2208 1311 2313 1365 illis
2358 1315 2497 1368 inest
2533 1314 2746 1368 auditus
2786 1316 2983 1383 gravis,
3023 1317 3289 1384 hebesque
3321 1318 3503 1380 visus,

1955 1411 2136 1469 utpote
2166 1418 2260 1470 per
2293 1419 2488 1472 aquam
2521 1407 2864 1461 cernentibus
2898 1424 2910 1459 :
2942 1421 3040 1460 nec
3067 1407 3172 1459 ulla
3204 1415 3284 1460 est
3312 1406 3364 1459 in
3395 1407 3504 1462 illis

1952 1492 2229 1557 memoria,
2257 1507 2430 1562 neque
2460 1493 2795 1563 imaginatio,
2838 1512 3009 1564 neque
3033 1496 3190 1549 ullius
3213 1508 3504 1550 consuetu-

1950 1576 2090 1630 dinis
2123 1578 2374 1648 cognitio.
2415 1579 2753 1648 Quapropter
2796 1583 2947 1649 quasi
2997 1582 3236 1636 declarat
3290 1598 3502 1649 sermo,

1951 1668 2117 1722 vitam
2168 1671 2438 1724 carnalem
2501 1669 2819 1727 animalibus
2873 1675 3106 1728 motibus
3153 1690 3384 1741 przeesse
3451 1677 3502 1730 in

1953 1759 2319 1824 aquatilibus:
2363 1761 2412 1813 in
2447 1763 2792 1817 terrestribus
2829 1778 2983 1825 vero,
3017 1775 3197 1834 utpote
3231 1767 3336 1819 vita
3377 1781 3504 1835 per-

1955 1847 2175 1904 lectiore
2214 1853 2479 1920 pratditis,
2527 1855 2888 1924 principatum
2926 1873 3140 1913 omnem
3176 1861 3370 1913 animae
3413 1861 3507 1914 ἀοι

1881 1919 1920 1978 θ
1951 1939 2098 1995 ferri.
2125 1919 2260 1997 Nam
2285 1953 2339 1998 et
2361 1919 2614 2016 pleraque
2656 1919 3006 2017 quadrupeda
3033 1952 3282 2005 sensibus
3305 1953 3507 2020 perspia

1951 2032 2250 2088 cacioribus
2284 2042 2524 2098 utuntur,
2557 2045 2611 2090 et
2645 2051 2730 2092 ros
2767 2050 3057 2106 praesentes
3090 2041 3299 2095 acutius
3328 2042 3508 2112 pelei-

1950 2125 2121 2193 piunt,
2177 2127 2675 2197 pmteritorumque
2738 2141 2992 2186 accurate
3060 2134 3504 2191 reminiscuntun

1951 2215 2308 2283 Quamobrem
2336 2219 2387 2272 in
2416 2221 2753 2288 aquatilibus
2781 2224 3020 2290 quidem,
3047 2235 3106 2278 ut
3135 2226 3364 2290 videtur,
3392 2225 3510 2279 ani-

1950 2319 2091 2361 mata
2140 2323 2361 2377 corpora
2391 2319 2517 2365 sunt
2547 2319 2733 2364 creata
2770 2313 3014 2381 (reptilia
3052 2331 3282 2384 namque
3329 2317 3510 2370 viven~

1951 2400 2080 2452 tium
2112 2401 2410 2456 animarum
2436 2417 2503 2457 ex
2526 2405 2680 2472 aquis
2708 2406 2968 2474 producta
3000 2407 3199 2478 sunt),
3241 2408 3292 2460 in
3336 2417 3508 2462 terre.

1950 2492 2148 2545 stribus
2165 2504 2342 2548 autem
2369 2494 2544 2548 anima
2575 2512 2695 2566 qua:
2726 2512 2952 2567 corpora
2982 2498 3319 2567 gubernaret,
3341 2515 3504 2570 genee

1950 2581 2058 2634 rari
2101 2583 2246 2648 jussa
2275 2595 2388 2647 est;
2433 2595 2686 2654 tanquam
2725 2603 2786 2641 ea
2825 2602 2949 2657 quae
2981 2603 3142 2656 super
3182 2599 3376 2643 terram
3423 2590 3506 2643 di-

1949 2681 2246 2734 versantnr,
2281 2675 2478 2744 aliquid
2520 2679 2751 2745 amplius
2779 2679 2844 2734 de
2877 2680 3024 2734 vitali
3055 2680 3307 2734 facultate
3338 2683 3509 2748 parti-

1949 2766 2146 2832 cipeut.
2202 2764 2497 2822 Terrestria
2555 2770 2780 2838 quidem
2837 2781 2961 2824 sunt
3020 2787 3232 2841 quoque
3286 2772 3512 2828 rationis

1949 2861 2185 2927 expertia
2221 2878 2234 2913 :
2267 2860 2358 2914 sed
2385 2869 2558 2913 tamen
2589 2863 3016 2929 unumquodque
3047 2877 3142 2930 per
3173 2872 3373 2916 natura:
3412 2879 3510 2918 νο·-

1949 2967 2064 3006 cem
2096 2953 2290 3006 multas
2311 2954 2501 3005 anima:
2525 2951 2845 3008 atiectiones
2881 2954 3104 3008 indicat.
3141 2956 3272 3006 Nam
3299 2963 3352 3007 et
3380 2970 3513 3022 gau-

1950 3039 2113 3103 dium,
2144 3049 2198 3092 et
2229 3039 2524 3106 tristitiam,
2553 3041 2723 3110 et71
2744 3043 3143 3098 consuetudinis
3161 3043 3508 3112 agnitionem,

1949 3140 2001 3185 et
2017 3131 2254 3184 alimenti
2279 3131 2533 3198 inopiam,
2554 3140 2606 3185 et
2633 3148 2812 3186 eorum
2835 3149 2954 3201 qua:
2977 3134 3131 3186 simul
3157 3134 3513 3202 pascebantur

1950 3223 2360 3289 separationem,
2387 3233 2438 3275 et
2459 3223 2770 3276 innumeras
2795 3223 3105 3276 aliectiones
3123 3228 3350 3294 quodam
3377 3241 3510 3281 sono

1951 3309 2293 3377 patefaciunt.
2342 3312 2602 3382 Aquatica
2635 3327 2759 3366 vero
2811 3329 2914 3365 non
2959 3314 3134 3367 solum
3168 3328 3310 3369 mnta
3350 3326 3508 3381 sunt.

1948 3403 2040 3456 sed
2090 3402 2248 3456 etiam
2283 3403 2654 3468 immansueta,
2691 3416 2745 3458 et
2791 3404 3059 3470 indocilia,
3106 3417 3158 3461 et
3187 3408 3252 3460 ad
3297 3424 3512 3463 omnem

1947 3494 2072 3546 vitae
2117 3494 2431 3548 societatem
2479 3494 2784 3550 hominibus
2831 3496 3214 3551 intractabilia.
3254 3497 3511 3568 Cognovit

1949 3583 2036 3638 bos
2079 3601 2424 3652 possessorem
2471 3602 2653 3652 suum,
2707 3596 2755 3640 et
2803 3587 2982 3638 asinus
3034 3603 3260 3654 prwsepe
3308 3590 3510 3642 domini

1947 3677 2027 3728 sui
2054 3677 2072 3707 ’
2097 3690 2112 3728 :
2142 3676 2306 3744 piscis
2342 3685 2518 3731 autem
2549 3691 2722 3744 neque
2751 3692 2905 3730 suum
2951 3677 3175 3733 altorem
3220 3696 3513 3751 agnoscere

1947 3767 2137 3836 potuit.
2168 3767 2326 3822 Novit
2360 3769 2680 3822 familiarem
2729 3779 2782 3822 et
2817 3781 3130 3826 consuetam
3171 3789 3354 3828 vocem
3405 3777 3513 3830 asia

1948 3874 2085 3912 nus:
2133 3859 2235 3914 iter
2279 3861 2418 3928 quod
2466 3859 2664 3928 sazpius
2713 3858 3026 3929 ambulavit,
3082 3867 3363 3932 coanovit;
3405 3867 3512 3922 imo

1947 3966 2074 4004 vero
2099 3965 2482 4019 nonnunquam
2503 3952 2608 4006 dux
2630 3952 2686 4006 iit
2709 3953 2910 4008 homini
2934 3955 3224 4010 aberranti.
3248 3959 3513 4014 Audieudl

1947 4052 2124 4098 autem
2169 4043 2521 4098 subtilitatem
2557 4059 2659 4112 qua
2691 4043 2794 4098 hoc
2840 4046 3036 4099 animal
3075 4049 3356 4113 praeditum
3395 4060 3508 4114 est.

1948 4150 2014 4188 ne
2043 4134 2204 4189 ullum
2236 4136 2447 4205 quidem
2473 4136 2613 4189 aliud
2645 4146 2900 4190 terrestre
2927 4139 3124 4192 habere
3149 4139 3362 4195 dicitur.
3394 4141 3513 4198 Caio

1949 4234 2122 4280 terum
2152 4227 2418 4296 quodnam
2449 4243 2515 4281 ex
2547 4227 2768 4280 marinis
2797 4237 2958 4294 queat
2987 4228 3038 4281 in
3067 4231 3286 4285 camelis
3311 4232 3510 4288 imitari

1947 4318 2265 4385 iniuriarum
2293 4319 2627 4382 memoriam,
2661 4318 2795 4372 iram
2827 4335 3066 4390 gravem,
3099 4322 3387 4377 iracundiae
3425 4333 3509 4378 te~

1947 4411 2272 4465 nacitatem?
2305 4410 2552 4464 Camelus
2584 4411 2789 4478 pridem
2838 4427 3145 4480 percussus,
3194 4415 3269 4466 ira
3320 4416 3510 4483 perdiu

1947 4502 2242 4568 recondita,
2293 4503 2378 4555 ubi
2431 4504 2771 4558 occasionem
2826 4515 3015 4558 nactus
3071 4506 3264 4570 fuerit,
3309 4509 3509 4563 malum

277 4613 429 4659 σατε,
453 4597 500 4647 οἱ
533 4595 852 4665 βαρύθυμοι,
896 4594 944 4648 οἱ
984 4597 1081 4665 τὴν
1137 4598 1498 4666 μνησικακίαν
1526 4598 1600 4660 ὡς
1648 4597 1842 4668 ἀρετὴν
1875 4604 1918 4658 1)
1948 4607 1960 4645 1

1826 4617 1842 4650 μ
1875 4604 1918 4658 1)
1948 4593 2139 4646 reddit.
2180 4593 2376 4644 Audite
2408 4607 2524 4656 vos,
2569 4594 2660 4661 qni
2695 4593 2928 4662 graviter
2955 4595 3272 4659 irascimini,
3304 4600 3393 4666 qui
3425 4600 3509 4652 in-

274 4687 698 4758 ἐπιτηδεύοντες,
725 4687 828 4738 τίνι
858 4688 977 4738 ἐστὲ
1002 4690 1280 4757 ἐμφερεῖς,
1311 4689 1436 4740 ὅταν
1458 4689 1556 4758 τὴν
1581 4690 1718 4742 κατά
1747 4691 1840 4743 τοῦ

274 4779 500 4848 πλησίον
532 4778 725 4847 λύπην,
761 4777 944 4846 ῶσπερ
985 4778 1104 4828 τινὰ
1139 4778 1407 4849 σπινθῆρα
1471 4780 1839 4851 κεκρυμμένον

275 4872 334 4924 ἐν
365 4873 575 4941 σποδιᾷ,
615 4872 772 4942 μέχρι
794 4870 1046 4924 τοσούτου
1088 4871 1408 4938 φυλάσσετε,
1442 4872 1546 4935 ἕως
1576 4873 1658 4932 ἂν,
1711 4872 1841 4942 ὕλης

273 4961 559 5033 λαϐόμενοι
603 4965 736 5034 (58),
778 4961 888 5017 οἷον
940 4963 1111 5032 φλόγα
1134 4963 1255 5017 τινὰ
1286 4965 1375 5018 τὸν
1409 4964 1576 5035 θυμὸν
1605 4966 1842 5018 ἀνακαύ-

275 5074 429 5127 σητε.

349 5147 404 5199 2.
441 5145 804 5214 ’Ξξαγαγέτω
830 5147 866 5212 ἡ
897 5147 971 5216 γῆ
1001 5147 1211 5216 ψυχὴν
1244 5147 1454 5206 ζῶσαν.
1489 5147 1586 5200 Διά
1613 5148 1665 5200 τί
1707 5150 1738 5217 ἡ
1769 5149 1840 5220 γῆ

273 5237 451 5309 ψυχὴν
507 5239 682 5301 ζῶσαν
741 5238 960 5306 ἐξάγεις
994 5243 1109 5293 Ἵνα
1157 5241 1331 5311 μάθῃς
1363 5241 1623 5312 διαφορὰν
1662 5242 1840 5310 ψυχῆς

277 5333 505 5401 κτήνους
538 5332 629 5384 καὶ
674 5330 847 5401 ψυχῆς
874 5332 1181 5404 ἀνθρώπου,
1212 5332 1422 5402 Μικρὸν
1456 5331 1676 5404 ὕστερον
1704 5333 1842 5401 γνῶ·-

359 5467 380 5496 ²
420 5465 519 5521 ISn.
547 5467 684 5534 X,_5.

348 5623 460 5693 (55)
489 5626 619 5690 Reg.
654 5626 856 5694 primus
887 5623 959 5696 ῶς
996 5623 1346 5694 τελεωτέρας.
1385 5627 1672 5696 Aliquanto
1715 5633 1838 5693 post

276 5705 390 5749 tres
425 5712 546 5745 mss.
590 5699 641 5746 αἱ
675 5696 900 5765 μνῆμαι.
942 5695 1380 5752 Deestarticulus
1411 5699 1461 5750 in
1493 5695 1661 5751 editis
1686 5705 1738 5749 et
1783 5697 1837 5750 in

274 5766 392 5820 aliis
427 5765 737 5832 ηιιίιηιςιιςιιιι
771 5784 897 5821 mss.

349 5835 716 5908 (515)7Cozlices
743 5848 969 5908 quatuor
1008 5834 1393 5908 ἐμψυχώμενα.
1425 5834 1574 5908 Coll).
1634 5834 1836 5908 primus

278 5907 645 5977 ἓμψυχόμενα.
684 5906 823 5960 Edili
883 5924 1002 5961 cum
1044 5906 1194 5978 Vlleg.
1247 5906 1433 5977 quinto
1487 5906 1830 5976 ἐψυχωμὲνιῑ.

1943 4684 2208 4752 jnriarum
2234 4685 2549 4737 memoriam
2584 4685 2746 4737 velnti
2773 4687 3027 4739 virtutem
3055 4687 3254 4752 colitis,
3282 4691 3365 4742 cui
3391 4692 3510 4744 sitis

1954 4775 2240 4838 assimiles,
2279 4792 2400 4830 cum
2449 4775 2614 4829 animi
2666 4777 2717 4829 in
2755 4778 3056 4846 proximum
3111 4781 3506 4852 mgritudinem.

1946 4884 2043 4924 ceu
2071 4870 2354 4923 scintillam
2383 4871 2665 4938 quamdam
2705 4873 2754 4925 in
2805 4873 2984 4927 cinere
3016 4873 3360 4940 occultatam,
3390 4885 3511 4930 tan-

1947 4961 2035 5013 din
2082 4962 2328 5022 servatis.
2364 4961 2535 5016 donec
2583 4967 2804 5017 materia
2853 4975 3088 5034 arrepta,
3136 4967 3270 5035 iram
3311 4969 3503 5024 iterum

1951 5051 2092 5104 velut
2121 5051 2384 5106 ﬂammant
2419 5055 2648 5123 aliquam
2680 5059 3004 5114 accendatis.
3279 5046 3287 5050 ”

2014 5141 2068 5196 2.
2111 5143 2376 5198 Producat
2438 5157 2575 5199 terra
2633 5148 2865 5201 animam
2917 5153 3182 5205 virentem.
3227 5152 3336 5207 Cur
3377 5169 3504 5222 prn-

1945 5235 2089 5288 ducit
2130 5245 2271 5288 terra
2324 5238 2558 5291 animam
2590 5239 2896 5295 viventem?
2941 5243 3006 5298 Ut
3054 5246 3180 5313 quid
3223 5246 3361 5297 inter
3390 5245 3507 5298 ani-

1948 5346 2087 5384 mam
2133 5332 2352 5400 pecudis
2400 5341 2454 5388 et
2500 5334 2637 5386 inter
2689 5335 2928 5390 animam
2977 5336 3210 5391 hominis
3254 5336 3501 5404 intersit,

1948 5621 2067 5676 Mox
2101 5621 2250 5674 Colh.
2289 5621 2490 5688 primus
2527 5621 2715 5686 ζωσῶν
2745 5622 2851 5674 ἀπὸ
2882 5619 2990 5674 τῶν

2015 5693 2122 5757 (57)
2161 5694 2249 5746 Sic
2282 5707 2407 5744 mss.
2436 5692 2674 5759 plerique
2705 5708 2912 5745 (mines.
2942 5692 3079 5746 Editi
3108 5694 3171 5744 ἐκ
3204 5705 3436 5760 φύσεως.

2013 5763 2126 5830 (58)
2150 5763 2258 5813 Duo
2289 5776 2417 5814 Iuss.
2443 5761 2574 5833 ὓλην
2590 5761 2893 5831 λαϐόμενοι.
2922 5763 3058 5818 ΕιΙίιί
3084 5778 3202 5817 cum
3230 5764 3346 5817 aliis
3377 5777 3507 5820 tuu-

1945 5833 2072 5904 ὕλης
2106 5833 2408 5901 λαὲόμενοι.
