4262 6500
754 450 856 507 ιὸἴ

2052 435 2108 489 S.
2154 433 2394 489 BASlLll
2437 427 2654 486 MAch

3885 413 3990 466 168

751 567 950 622 discas.
986 560 1263 630 Quomodo
1298 556 1529 613 hominis
1559 554 1735 609 anima
1765 551 1994 606 formata
2033 552 2123 615 sit,
2157 550 2314 620 paulo
2342 559 2386 613 Α
2419 567 2434 602 :

2305 559 2386 613 Ἀ
2419 567 2504 620 σῃ,
2542 547 2658 609 πῶς
2706 561 2737 614 η
2795 542 2939 612 ψυχή
2991 539 3084 592 τοῦ
3125 535 3408 608 ἀνθρώπου
3475 531 3735 599 συνέστη·
3791 527 3887 580 νῦν
3932 529 3988 580 δὲ

751 667 874 728 post
908 655 1094 709 scies:
1143 667 1283 704 nunc
1330 663 1460 702 vero
1507 648 1575 700 de
1621 646 1900 698 brutorum
1942 642 2119 696 anima
2165 641 2310 693 audi.

747 747 881 803 Cum
905 745 1056 815 juxta
1096 744 1148 797 id
1177 741 1316 810 quod
1353 740 1616 808 scriptum
1654 747 1735 792 est
1767 735 1810 799 ⁸,
1847 732 2094 787 animalis
2127 732 2311 799 cujus-

752 851 857 905 que
897 834 1074 887 anima
1111 831 1333 900 sanguis
1368 831 1536 898 ipsius
1585 827 1674 889 sit,
1703 823 1921 893 sanguis
1962 833 2141 876 autem
2187 836 2316 875 con-

753 935 932 978 cretus
961 923 1127 977 soleat
1148 923 1199 974 in
1231 934 1448 974 carnem
1488 915 1862 976 transmutari,
1887 929 2012 968 caro
2036 928 2164 968 vero
2195 929 2315 968 cor-

753 1027 907 1085 rupta
946 1016 998 1069 in
1061 1025 1255 1068 terram
1299 1011 1599 1067 resolvatur
1642 1029 1655 1064 :
1697 1007 1822 1078 jure
1877 1023 1940 1061 ac
1987 1007 2178 1061 merito
2231 1019 2313 1062 est

753 1110 881 1180 quid
920 1120 1184 1163 terrenum
1237 1107 1412 1160 anima
1467 1105 1769 1158 brutorum.
1831 1097 2094 1151 Producat
2153 1098 2316 1168 igitur

751 1209 892 1255 terra
922 1202 1150 1253 animam
1177 1199 1446 1252 viventem.
1475 1195 1678 1247 Anima;
1707 1193 1825 1246 vide
1853 1190 2161 1245 affinitatem
2192 1205 2313 1245 cum

753 1292 1034 1360 sanguine,
1058 1289 1336 1357 sanguinis
1362 1302 1482 1340 cum
1509 1298 1695 1349 carne,
1721 1285 1900 1338 carnis
1927 1297 2046 1336 cum
2075 1282 2265 1336 tellure
2295 1299 2307 1335 :

752 1395 807 1439 et
852 1399 1035 1438 rursus
1083 1383 1272 1436 ordine
1315 1381 1531 1434 inverso
1580 1393 1673 1446 per
1723 1378 1908 1431 eadem
1965 1374 2246 1444 regredere
2284 1388 2312 1426 a

758 1489 898 1531 terra
919 1477 983 1530 ad
1013 1490 1248 1540 carnem,
1289 1490 1317 1526 a
1349 1487 1510 1528 carne
1536 1472 1599 1525 ad
1628 1470 1967 1538 sanguinem,
1996 1483 2023 1519 a
2054 1465 2314 1533 sanguine

754 1571 819 1624 ad
848 1570 1115 1635 animam;
1145 1577 1198 1621 et
1229 1580 1479 1636 pecorum
1511 1564 1746 1618 animam
1779 1570 1981 1615 terram
2022 1572 2140 1612 esse
2167 1572 2311 1610 com-

755 1663 950 1732 peries.
979 1659 1121 1715 Cave
1151 1660 1429 1712 existimes
1468 1657 1704 1710 animam
1740 1668 1860 1708 esse
1891 1651 2132 1720 corporis
2164 1651 2310 1717 ipso-

757 1765 874 1804 rum
933 1749 1315 1802 constitutione
1373 1745 1761 1804 vetustiorem,
1821 1750 1913 1794 aut
1969 1742 2136 1810 ipsam
2197 1747 2313 1806 post

756 1842 937 1897 cannis
974 1841 1379 1895 dissolutionem
1414 1849 1756 1907 permanere.
1784 1833 2165 1902 Arrogantium
2197 1831 2309 1900 phi-

2413 642 2573 695 ᾰκουε
2607 636 2847 706 περὶτῆς
2880 634 2988 684 τῶν
3019 631 3228 696 ἀλόγων
3272 627 3470 697 ψυχῆς,
3514 623 3729 693 Ἐπειδὴ
3757 621 3900 673 κατὰ
3931 621 3991 672 τὸ

2413 729 2791 803 γεγραμμένον
2846 725 3040 787 παντὸς
3090 722 3226 786 ζώου
3260 723 3293 789 ή
3333 718 3477 787 ψυχὴ
3511 716 3570 768 τὸ
3623 709 3761 782 αἷμα
3814 710 3981 765 αὑτοῦ

2415 825 2562 875 ἐστιν
2594 820 2704 890 (59)
2730 835 2743 848 ·
2778 812 2913 885 αἷμα
2947 816 3002 867 δὲ
3038 814 3207 880 παγὲν
3240 813 3317 871 εἰς
3351 809 3528 877 σάρκα
3559 806 3769 874 πέφυκε
3821 821 3988 873 μετα-

2414 913 2628 966 ϐάλλειν
2647 930 2658 941 ·
2703 911 2735 980 r,-
2761 909 2816 961 δὲ
2848 906 2980 975 σὰρξ
3000 905 3106 973 (40)
3141 903 3408 973 φθαρεῖσα
3429 901 3506 961 εἰς
3542 897 3644 965 γῆν
3673 894 3984 949 ἀναλύεταιο

2415 1003 2589 1075 γεηρά
2622 1000 2701 1064 τίς
2735 1002 2880 1052 ἐστιν
2909 998 3131 1057 εἰκότως
3161 997 3193 1064 ή
3235 991 3381 1062 ψυχὴ
3428 990 3536 1042 τῶν
3582 986 3812 1056 κτηνῶν.
3862 985 3991 1047 Ἔξ-

2414 1074 2671 1162 ard-retu)
2692 1086 2781 1143 οὖν
2813 1092 2848 1156 ἡ
2872 1087 2946 1156 γῆ
2988 1084 3196 1154 ψυχὴν
3223 1082 3436 1143 ζῶσαν.
3475 1080 3615 1150 Ὅρα
3643 1076 3739 1147 τὴν
3771 1074 3990 1128 ἀκολου-

2416 1188 2535 1240 θίαν
2565 1187 2738 1256 ψυχῆς
2767 1186 2901 1255 πρὸς
2933 1178 3092 1252 αἷμα,
3123 1179 3352 1249 αἵματος
3382 1175 3514 1247 πρὸς
3544 1174 3718 1244 σάρκα
3739 1211 3754 1236 ,
3792 1169 3990 1240 σαρκὸς

2416 1282 2550 1352 πρὸς
2597 1279 2692 1349 τὴν
2723 1279 2823 1348 γῆν
2844 1294 2856 1306 °
2916 1275 3008 1327 καὶ
3044 1272 3205 1326 πάλιν
3233 1269 3502 1331 ἀναλύσας
3533 1268 3620 1319 διὰ
3650 1265 3758 1316 τῶν
3811 1261 3989 1315 αὐτῶν

2414 1349 2732 1424 ἀναπόδισον
2768 1368 2873 1420 ἀπό
2890 1368 2992 1436 γῆς
3027 1369 3105 1428 εἰς
3138 1364 3336 1434 σάρκα,
3360 1361 3466 1414 ἀπὸ
3496 1357 3696 1427 σαρκὸς
3716 1357 3794 1418 εἰς
3830 1349 3988 1422 αἷμα,

2414 1464 2520 1518 ἀπὸ
2554 1463 2780 1531 αἵματος
2813 1462 2889 1521 εἰς
2935 1461 3137 1529 ψυχήν·
3185 1456 3277 1509 καὶ
3321 1454 3591 1523 εὑρήσεις,
3642 1450 3722 1502 ὅτι
3769 1447 3840 1515 γῆ
3878 1447 3991 1496 ἐστι

2411 1559 2519 1611 τῶν
2548 1553 2759 1626 κτηνῶν
2794 1555 2825 1622 ἡ
2859 1552 3022 1620 ψυχή.
3054 1551 3142 1619 Μὴ
3205 1544 3391 1616 νόμιζε
3443 1540 3819 1612 πρεσϐυτέραν
3852 1532 3993 1588 εἶναι

2410 1653 2508 1721 τῆς
2553 1648 2644 1702 τοῦ
2686 1646 2934 1716 σώματος
2984 1643 3160 1696 αὐτῶν
3192 1639 3537 1699 ὑποστάσεως
3561 1677 3574 1700 ,
3609 1634 3740 1704 μηδὲ
3775 1630 3983 1684 ἐπιδια-

2416 1745 2678 1816 μένουσαν
2724 1738 2862 1810 μετά
2896 1736 2992 1806 τὴν
3019 1735 3117 1804 τῆς
3153 1733 3350 1803 σαρκὸς
3377 1731 3613 1784 διάλυσιν
3646 1728 3775 1797 (Η).
3802 1724 3976 1792 Φεῧγε

2415 1836 2720 1907 φληνάφους
2769 1831 2875 1884 τῶν
2925 1825 3171 1896 σοϐαρῶν
3234 1825 3556 1893 φιλοσόφων,
3591 1820 3639 1873 οἳ
3673 1820 3772 1871 οὐκ
3796 1816 3992 1886 αἰσχύ-

758 1933 1105 2000 Ιοεομιιοι-υιῐι
1133 1931 1254 2001 fuge
1285 1932 1658 1993 deliramenta,
1691 1941 1826 1994 quos
1853 1941 1956 1980 non
2003 1924 2163 1992 pudet
2192 1937 2317 1975 suas
2347 1915 2387 1969 Β
2416 1949 2441 1981 ν

2310 1939 2317 1971 ι
2347 1915 2387 1969 Β
2416 1946 2594 1982 νονται
2622 1926 2719 1988 τὰς
2763 1920 2969 1976 ἑαυτῶν
2995 1917 3173 1989 ψυχὰς
3224 1917 3317 1969 καὶ
3344 1919 3442 1980 τὰς
3475 1914 3693 1976 κυνείας
3729 1912 3993 1981 ὁμοειδεῖς

759 2025 999 2094 ipsorum
1046 2024 1256 2078 animas
1301 2031 1355 2076 et
1402 2036 1595 2075 canum
1650 2019 1885 2087 ejusdem
1928 2017 2066 2068 inter
2109 2029 2175 2068 se
2197 2028 2317 2082 spe—

759 2118 859 2173 ciei
886 2133 1007 2172 esse
1035 2128 1292 2180 statuere,
1320 2132 1436 2170 cum
1471 2131 1527 2170 se
1561 2117 1708 2184 ipsos
1737 2111 2026 2180 aliquando
2049 2121 2102 2163 et
2128 2109 2319 2162 mulie-

760 2223 847 2264 res
891 2219 946 2264 et
985 2208 1207 2262 frutices
1237 2218 1291 2263 et
1337 2209 1513 2278 pisces
1538 2219 1816 2274 aequoreos
1863 2203 2023 2257 fuisse
2069 2201 2314 2254 doceant.

766 2304 880 2375 Ego
919 2302 1190 2372 equidem,
1224 2318 1289 2355 an
1319 2315 1548 2370 unquam
1589 2297 1789 2352 fuerint
1829 2297 2023 2365 pisces,
2056 2306 2185 2347 sane
2215 2305 2319 2345 non

763 2398 987 2452 dixerim
1013 2415 1026 2450 :
1057 2397 1149 2451 sed
1177 2410 1290 2460 eos,
1321 2395 1444 2447 dum
1472 2395 1583 2447 hare
1613 2391 1932 2453 scriberent,
1963 2387 2185 2441 rationis
2214 2399 2320 2437 ma-

762 2491 848 2561 gis
884 2489 1050 2543 fuisse
1086 2498 1332 2555 expertes
1365 2501 1521 2553 quam
1550 2485 1726 2550 pisces
1758 2481 1842 2534 vel
1887 2479 2321 2532 constantissime

764 2580 1097 2646 aﬂirtnarim.
1148 2575 1413 2628 Producat
1465 2583 1604 2626 terra
1642 2571 1874 2622 animam
1915 2569 2180 2620 viventem.
2226 2563 2322 2616 Mi-

764 2681 954 2731 rantur
979 2669 1224 2724 fortassis
1251 2666 1401 2720 multi
1427 2680 1523 2718 cur
1547 2676 1795 2717 sermone
1820 2659 2020 2714 affatim
2053 2667 2319 2719 currente,

765 2775 1006 2835 tempore
1043 2777 1144 2817 non
1175 2759 1386 2815 modico
1416 2757 1766 2812 conticuerim
1798 2769 1812 2807 :
1844 2751 1942 2808 sed
1973 2750 2324 2805 studiosiores

765 2859 1037 2912 auditores
1083 2853 1279 2908 silentii
1324 2865 1543 2904 causam
1596 2848 1814 2900 minime
1859 2848 2126 2912 ignorant.
2177 2844 2320 2907 Quo-

767 2949 924 3001 modo
965 2946 1152 2998 enim?
1203 2944 1292 3010 qui
1341 2941 1548 2995 scilicet
1595 2954 1687 3007 per
1736 2948 1948 2991 mutuos
1988 2937 2214 2989 intuitus
2259 2948 2322 2987 ac

767 3054 929 3097 nutus
962 3055 1049 3095 me
1078 3039 1144 3092 ad
1184 3054 1241 3092 se
1269 3037 1412 3107 ipsos
1457 3032 1842 3097 converterint,
1881 3039 1936 3084 et
1963 3043 2023 3081 ea
2055 3043 2173 3096 qua:
2213 3027 2325 3080 fue-

769 3147 888 3189 rant
939 3133 1322 3205 praetermissa,
1374 3131 1426 3182 in
1477 3136 1706 3181 mentem
1762 3121 2149 3178 revocaverint.
2193 3115 2326 3169 Nam

770 3227 978 3293 integra
1021 3233 1286 3276 creaturae
1319 3220 1556 3290 species,
1600 3231 1768 3285 eaque
1800 3229 1903 3268 non
1933 3211 2156 3265 minima
2179 3253 2192 3275 ,
2233 3222 2327 3260 nos
2355 3259 2396 3318 Ο

770 3314 1053 3387 praeteriit,
1092 3323 1253 3381 atque
1283 3311 1392 3367 fere
1436 3311 1610 3364 oratio
1662 3317 1847 3363 nostra
1886 3307 2055 3375 ipsam
2106 3300 2328 3356 omnino

769 3408 1163 3479 inexploratatn
1195 3403 1431 3473 reliquit.
1471 3401 1771 3454 Prodttcant
1807 3400 1950 3454 enim
1983 3413 2130 3466 aqua:
2167 3393 2328 3461 repti-

772 3503 842 3556 fia
862 3503 1154 3555 animarum
1172 3496 1443 3550 viventium
1458 3497 1615 3565 juxta
1631 3506 1811 3561 genus,
1828 3497 1875 3541 et
1894 3489 2125 3541 volatilia
2147 3484 2330 3538 volan-

771 3597 846 3651 tia
865 3610 1016 3662 super
1034 3601 1220 3644 terram
1237 3588 1516 3642 secundum
1539 3585 1917 3654 ﬁrmamentum
1937 3579 2067 3631 coeli.
2091 3579 2160 3631 De
2179 3585 2332 3629 nata-

775 3687 978 3748 tilibus,
999 3690 1252 3752 quantum
1291 3693 1385 3746 per
1411 3686 1619 3744 tempus
1644 3671 2005 3741 vespertinum
2035 3669 2138 3738 72
2164 3669 2329 3728 licuit,

777 3775 1166 3832 disseruimus:
1200 3769 1356 3823 hodie
1399 3767 1464 3820 ad
1501 3765 1837 3819 terrestrium
1878 3775 2104 3813 examen
2162 3769 2336 3811 trans-

781 3868 998 3924 ivimus.
1062 3860 1286 3915 anatile
1333 3859 1385 3911 in
1435 3857 1604 3909 media
1635 3855 1935 3907 narratione
1984 3865 2082 3906 nos
2127 3850 2332 3919 effugit.

778 3960 1009 4016 Necesse
1049 3967 1130 4010 est
1165 3957 1345 4020 itaque
1390 3952 1557 4003 instar
1598 3948 1980 4000 obliviosorum
2029 3945 2336 4006 viatorum,

778 4057 868 4126 qui
899 4067 1019 4107 cum
1054 4065 1165 4102 rem
1199 4044 1425 4111 alicujus
1460 4039 1712 4096 mOmenti
1756 4036 2090 4105 reliquerint,
2122 4031 2335 4088 etiamsi

779 4147 1005 4204 multum
1044 4139 1374 4197 confecerint
1415 4135 1643 4198 itineris,
1685 4132 1880 4186 iterum
1925 4133 2113 4185 eodem
2155 4144 2338 4184 rever-

784 4249 989 4300 tuntur,
1021 4235 1233 4305 dignam
1267 4230 1469 4285 desidia
1497 4244 1590 4281 sua
1629 4240 1842 4296 paruam
1865 4264 1879 4288 ,
1917 4224 2150 4277 laborem
2179 4225 2335 4277 itine-

780 4336 859 4389 ris
881 4344 1042 4401 atque
1066 4326 1363 4383 molestiam
1392 4320 1722 4392 perferentes
1746 4337 1760 4373 :
1790 4318 1867 4373 sic
1893 4317 2078 4385 utique
2106 4325 2158 4370 ct
2188 4316 2340 4370 nobis

783 4423 922 4477 idem
955 4423 1057 4474 iter
1093 4417 1433 4488 relegendum
1465 4420 1565 4466 est.
1597 4410 1778 4479 Neque
1821 4411 1963 4464 enim
2002 4407 2337 4478 aspernabile

782 4511 1020 4579 estquod
1051 4508 1290 4561 relictum
1314 4517 1394 4561 est
1420 4523 1434 4560 :
1465 4505 1556 4559 sed
1584 4503 1741 4558 tertia
1759 4517 1825 4554 ex
1851 4501 2171 4555 animalibus
2202 4513 2344 4551 crea-

2417 2022 2670 2091 ἀλλήλαις
2701 2017 2971 2086 τιθέμενοι
2998 2030 3013 2044 ο
3059 2013 3106 2063 οἱ
3139 2009 3386 2078 λέγοντες
3419 2009 3642 2070 ἑαυτοὺς
3671 2000 3996 2074 γεγενῆσθαί

2422 2130 2548 2167 ποτε
2577 2113 2669 2165 καὶ
2718 2111 2980 2178 γυναῖκας
3016 2105 3110 2159 καὶ
3160 2102 3397 2172 θάμνους
3429 2099 3520 2151 καί
3576 2097 3762 2168 ἰχθύας
3793 2096 3995 2150 Θαλασ-

2421 2206 2590 2266 σίους.
2635 2199 2774 2269 Ἐγὼ
2803 2199 2856 2252 δὲ
2887 2200 2934 2250 εἰ
2995 2197 3091 2268 μὲν
3127 2192 3372 2263 ἐγένοντό
3408 2205 3538 2242 ποτε
3575 2189 3722 2258 ἰχθῦς
3781 2189 3883 2239 οὐκ
3931 2187 3997 2238 ἂν

2420 2300 2656 2368 εἴποιμι⁹
2713 2295 2793 2346 ὃτι
2846 2292 2900 2343 δὲ
2955 2292 3012 2342 ὲν
3069 2283 3114 2356 ᾧ
3152 2286 3323 2340 ταῦτα
3374 2283 3608 2354 ἔγραφον
3649 2280 3754 2331 τῶν
3799 2278 3996 2349 ἰχθύων

2420 2388 2558 2463 ἦσαν
2608 2387 2957 2456 ἀλογώτεροι,
2995 2383 3087 2435 καὶ
3139 2381 3284 2433 πάνυ
3323 2376 3555 2436 εὐτόνως
3600 2371 3993 2441 διατειναίμήν.

2433 2462 2800 2550 Ἕξαγαγέτω
2836 2478 2873 2544 ἡ
2904 2474 2977 2544 γῆ
3005 2473 3214 2542 ψυχὴν
3239 2471 3452 2531 ζῶσαν.
3487 2469 3642 2528 Τίνος
3669 2464 3876 2524 ἕνεκεν,
3902 2462 3996 2516 τοῦ

2421 2576 2579 2643 λόγου
2620 2575 2902 2643 τρέχοντος
2967 2569 3198 2638 ἀθρόως,
3251 2562 3616 2631 ἀπεσιώπησα
3670 2557 3860 2628 χρόνον
3900 2557 3998 2608 οὐκ

2422 2668 2620 2735 ὀλίγον,
2649 2665 2774 2727 ἴσως
2805 2663 3171 2733 θαυμάζουσιν
3207 2660 3256 2711 οἱ
3306 2654 3524 2709 πολλοί·
3561 2651 3674 2707 ἀλλ’
3709 2649 3831 2716 οὐχὶ
3885 2646 3997 2713 οἶγε

2425 2756 2838 2829 φιλοπονώτεροι
2868 2755 2975 2806 τῶν
3001 2751 3282 2823 ἀκροατῶν
3297 2747 3545 2817 ἀγνοοῦσι
3573 2746 3670 2816 τὴν
3694 2742 3876 2798 αἰτίαν
3903 2738 3999 2808 τῆς

2426 2851 2686 2921 διφασίας.
2714 2847 2838 2909 Πῶς
2891 2847 3030 2914 γάρ;
3059 2845 3107 2895 οί
3140 2841 3226 2894 διὰ
3259 2839 3351 2892 τοῦ
3405 2839 3541 2908 πρὸς
3575 2835 3833 2906 ἀλλήλους
3868 2833 4001 2902 όρᾷν

2425 2947 2518 2999 καὶ
2543 2942 2773 2997 ὲννεύειν
2805 2935 3227 3008 ἐπιστρέψαντες
3268 2950 3333 3002 με
3370 2932 3506 3000 πρὸς
3527 2929 3771 2992 ἑαυτοὺς,
3802 2927 3895 2980 καὶ⁹
3923 2927 4001 2986 είς

2427 3037 2630 3090 ἔννοιαν
2661 3032 2956 3101 ἀγαγόντες
2995 3028 3103 3081 τῶν
3139 3023 3500 3097 παρεθέντων.
3556 3014 3709 3080 Εἶδος
3743 3017 3852 3087 γὰρ
3881 3017 4002 3070 ὅλον

2427 3130 2520 3199 τῆς
2562 3128 2823 3192 κτίσεως,
2853 3124 2946 3177 καὶ
2991 3123 3089 3175 οὐκ
3149 3119 3424 3190 ἐλάχιστον
3473 3113 3650 3174 τοῦτο,
3699 3110 4003 3180 παρέλαθεν

2429 3221 2594 3288 ἡμᾶς,
2649 3219 2741 3273 καὶ
2789 3215 2984 3287 μικροῦ
3033 3211 3206 3266 ἀπιὼν
3260 3210 3452 3280 ῷχετο,
3488 3205 3838 3270 ἀνεξέταστον
3867 3218 4002 3252 παν-

2430 3309 2596 3372 τελῶς
2627 3310 2823 3377 όλόγος
2853 3304 3185 3361 καταλιπών.
3217 3301 3583 3372 Ἐξαγατέτω
3616 3297 3722 3369 γὰρ
3766 3293 3837 3348 τὰ
3867 3292 4004 3346 ὕδα-

2431 3420 2504 3456 τα
2538 3401 2752 3469 ἑρπετὰ
2782 3398 2994 3466 ψυχῶν
3019 3396 3218 3457 ζωσῶν
3241 3397 3389 3448 κατὰ
3420 3392 3613 3464 γένος,
3643 3391 3741 3442 καὶ
3765 3385 4005 3441 πετεινὰ

2432 3493 2726 3561 πετόμενα
2778 3488 2873 3540 ἐπὶ
2915 3485 3024 3552 τῆς
3084 3483 3196 3552 γῆς
3246 3482 3393 3534 κατὰ
3450 3481 3514 3532 τὸ
3561 3474 3867 3544 στερέωμα
3899 3470 4004 3524 τοῦ

2431 3581 2710 3653 οὐρανοῦ.
2744 3576 3072 3649 Εἶπαμεντά
3107 3591 3170 3626 πε
3183 3575 3232 3645 pl
3255 3573 3361 3625 τῶν
3389 3572 3618 3641 νηκτῶν,
3639 3571 3736 3621 ὅσα
3759 3569 3786 3619 ό
3815 3564 4004 3634 καιρὸς

2433 3679 2660 3733 ἐνεδίδου
2685 3675 2920 3744 ἑσπέρας
2946 3689 2957 3701 ·
2998 3671 3236 3740 σήμερον
3285 3664 3589 3736 μετέϐημεν
3621 3663 3712 3714 ἐπὶ
3735 3661 3834 3730 τὴν
3897 3659 4006 3711 τῶν

2434 3772 2700 3843 χερσαίων
2735 3769 2999 3834 ἐξέτασιν.
3037 3763 3297 3831 Διέφυγεν
3329 3758 3476 3829 ἡμᾶς
3501 3755 3560 3807 τὸ
3591 3755 3792 3824 πτηνὸν
3833 3757 3891 3806 ὲν
3929 3751 4006 3822 τῷ

2439 3863 2604 3933 μέσῳ.
2673 3861 2906 3928 Ἀνάγκη
2970 3856 3185 3917 τοίνυν,
3255 3849 3396 3904 κατά
3460 3849 3583 3909 τοὺς
3636 3844 4006 3912 ἐπιλήσμονας

2434 3953 2542 4006 τῶν
2595 3952 2907 4020 ὁδοιπόρων,
2930 3948 3012 4010 οἳ,
3070 3943 3286 3996 ἐπειδάν
3336 3961 3386 3995 τι
3429 3940 3536 3994 τῶν
3586 3937 3815 4008 καιρίων
3848 3951 4008 3987 κατα·

2436 4045 2630 4096 λίπωσι
2699 4040 2830 4111 (42),
2886 4039 2988 4092 κᾶν
3048 4036 3275 4090 ἐπιπολὺ
3317 4036 3416 4104 τῆς
3476 4032 3593 4086 όδοῦ
3653 4028 4007 4102 προέλθωσι,

2439 4139 2599 4190 πάλιν
2648 4137 2743 4206 τὴν
2799 4133 2966 4204 αὐτὴν
3005 4129 3432 4201 ὑποστρέφουσιν
3467 4167 3480 4190 ,
3533 4126 3688 4188 ἀξίαν
3757 4126 3857 4193 τῆς
3909 4124 4006 4194 ρᾳ-

2440 4229 2631 4299 θυμίας
2677 4228 2829 4297 δίκην
2879 4227 2969 4278 τὸν
3033 4227 3097 4276 ὲκ
3162 4225 3259 4294 τῆς
3314 4218 3617 4290 ὁδοιπορίας
3681 4216 3852 4269 κόπον
3914 4216 4010 4267 ὐπ-

2441 4325 2682 4393 έχοντες,
2743 4320 2884 4372 οὕτω
2949 4319 3043 4373 καὶ
3100 4321 3264 4388 ἡμῖν,
3323 4317 3396 4377 ῶς
3456 4316 3640 4374 ἔοικε,
3695 4310 3793 4380 τὴν
3843 4309 4010 4377 αὐτὴν

2442 4414 2599 4467 πάλιν
2664 4411 2955 4481 βαδιστέον.
3019 4411 3125 4462 Καὶ
3178 4408 3285 4478 γὰρ
3353 4407 3472 4459 οὐδὲ
3533 4401 4011 4473 εὐκαταφρόνητόν

2444 4509 2557 4559 ὲστι
2615 4506 2673 4558 τὸ
2727 4505 2977 4575 παρεθὲν,
3031 4503 3164 4556 άλλά
3193 4503 3253 4554 τὸ
3301 4501 3480 4571 τρίτον
3511 4498 3682 4550 ἔοικεν
3710 4494 3846 4549 εἶναι
3908 4495 4009 4564 τῆς

787 4602 857 4657 tis
877 4617 1002 4671 pars
1025 4615 1143 4654 esse
1168 4600 1399 4652 videtur.
1430 4598 1555 4652 Tria
1587 4597 1850 4666 siquidem
1874 4605 2000 4648 sunt
2025 4591 2335 4647 animalium
2373 4603 2416 4656 ι)
2444 4598 2468 4648 ὲ

2324 4609 2335 4644 I
2373 4603 2416 4656 ι)
2444 4598 2499 4648 ὲν
2527 4597 2639 4657 τοῖς
2671 4592 2826 4656 ζώοις
2864 4594 3109 4656 κτίσεως,
3145 4591 3300 4660 εἴπερ
3333 4589 3456 4659 τρία
3489 4588 3640 4652 ζώων
3696 4588 3814 4637 ἐστὶ
3857 4584 4007 4652 γένη,

783 4709 1002 4766 genera,
1034 4701 1286 4747 terrestre
1307 4732 1320 4756 ,
1354 4691 1587 4753 volatile,
1617 4688 1870 4758 aquatile.
1909 4685 2228 4750 Producant,
2268 4685 2346 4736 in-

786 4788 922 4857 quit,
947 4803 1095 4857 aquw
1128 4785 1329 4854 reptilia
1363 4784 1659 4836 animarum
1684 4781 1957 4835 viventium
1977 4780 2132 4849 juxta
2164 4794 2344 4848 genus,

785 4891 834 4933 et
886 4879 1124 4932 volatilia
1176 4876 1403 4930 volantia
1443 4889 1596 4942 super
1647 4884 1839 4926 terram
1880 4871 1973 4925 sub
2021 4870 2345 4937 ﬁrmamento

787 4972 1072 5041 cmlijuxta
1099 4985 1278 5041 genus.
1316 4967 1421 5022 Cur
1458 4966 1620 5020 etiam
1655 4963 1955 5018 volatilibus
1975 4976 2041 5016 ex
2075 4959 2226 5028 aquis
2259 4975 2349 5014 or-

863 5087 882 5118 ³
914 5085 1084 5141 Levit.
1117 5101 1252 5149 xvn,
1289 5083 1379 5137 Η.

791 5244 816 5297 ὲ
863 5174 974 5244 (39)
1025 5173 1174 5229 (Jolb.
1229 5172 1434 5244 primus
1485 5169 1623 5232 ζώου
1663 5167 1722 5221 τὸ
1764 5161 1903 5236 αἷμα
1947 5168 1978 5236 ή
2016 5165 2160 5236 ψυχὴ
2187 5160 2347 5215 αὐτοῦ

824 5259 956 5296 στιν.

824 5259 956 5296 στιν.

866 5314 974 5382 (ιο)
1001 5312 1150 5366 Colb.
1181 5312 1442 5365 secundus
1468 5311 1514 5362 εί
1540 5310 1594 5361 δὲ
1617 5309 1768 5380 σάρξ.
1803 5302 2350 5382 ξςειὶπιλεόίιὶλνεκρά

793 5374 884 5449 τίς
927 5374 1092 5442 ἐστιν,
1129 5392 1200 5435 est
1254 5383 1451 5450 aliquid
1485 5374 1765 5432 mortuum.
1818 5374 1938 5450 Ne_c_
1967 5376 2120 5450 aliter
2161 5375 2350 5441 legisse

794 5443 1008 5509 videtur
1036 5443 1363 5511 Eustathius,
1390 5452 1476 5517 qui
1518 5451 1595 5501 sic
1635 5457 1840 5500 vertat:
1885 5443 2074 5496 Merito
2105 5460 2228 5517 ergo
2271 5455 2350 5493 ta-

797 5529 918 5578 bida
971 5533 1043 5576 est
1094 5523 1268 5572 anima
1304 5513 1670 5586 iumentorum.
1705 5518 1951 5586 Attamen
2004 5516 2167 5564 codex
2193 5513 2319 5565 Cum

799 5594 903 5649 be'f.
955 5607 1074 5646 cum
1108 5592 1222 5644 aliis
1259 5582 1380 5645 octo
1431 5606 1558 5643 mss.
1591 5590 1746 5640 habet
1770 5585 1944 5656 γεηρά
1971 5600 2074 5644 τις,
2106 5594 2177 5633 est
2205 5582 2351 5646 quid-

799 5667 922 5717 dam
953 5662 1422 5725 terrenquuain
1455 5660 1732 5712 lectionem
1766 5664 1921 5723 paulo
1940 5656 2359 5725 pOSlj'Qlllll’lnjll

800 5735 1026 5786 Basilius
1055 5722 1473 5798 ἰρεοΛιίἐνρτυίε
1499 5747 1510 5781 :
1537 5729 1629 5780 mi
1650 5722 2003 5798 εὑρήσεις,ὅτι
2028 5722 2099 5791 γῆ
2121 5723 2234 5773 ἐστι
2254 5722 2359 5774 τῶν

802 5797 1251 5880 κτηνῶν-ήίψυχή,
1281 5799 1442 5869 Atque
1480 5797 1723 5867 perorant
1759 5797 1988 5849 animant
2017 5807 2206 5847 terram
2253 5809 2363 5846 esse

803 5886 1099 5934 «temperies.

2448 4687 2509 4739 τό
2561 4705 2618 4739 τε
2665 4689 2915 4756 χερσαῖον
2983 4685 3076 4736 καὶ
3118 4681 3178 4735 τὸ
3225 4681 3462 4753 πτηνὸν,
3519 4681 3610 4732 καὶ
3654 4679 3714 4729 τὸ
3772 4677 4011 4745 ἔνυδρον.

2462 4775 2842 4846 Ἔξαγαγέτω,
2862 4778 3010 4846 φησὶ,
3027 4775 3094 4828 τὰ
3120 4775 3306 4828 ὕδατα
3333 4772 3547 4841 ἑρπετὰ
3570 4774 3659 4838 ψυ
3666 4768 3790 4838 χῶν
3815 4767 4014 4829 ζωσῶν

2451 4869 2599 4922 κατὰ
2653 4869 2846 4938 γένος,
2875 4869 2971 4924 καὶ
3001 4868 3235 4922 πετεινὰ
3263 4868 3557 4934 πετόμενα
3610 4863 3709 4916 ἐπὶ
3754 4861 3863 4931 τῆς
3903 4862 4014 4932 γῆς

2454 4962 2604 5015 κατὰ
2632 4962 2696 5015 τὸ
2725 4961 3024 5030 στερέωμα
3058 4963 3170 5030 (45)
3202 4959 3306 5014 τοῦ
3353 4957 3614 5026 οὐρανοῦ
3639 4957 3788 5009 κατὰ
3817 4954 4010 5024 γένος.

2529 5162 2637 5232 (Η)
2687 5159 2812 5227 Reg.
2845 5161 3046 5228 primus
3070 5159 3343 5211 ἀνάλυσιν.
3366 5158 3514 5232 Reg.
3548 5167 3733 5232 seatus
3754 5155 4014 5232 διάλυσιν,

2456 5226 2936 5301 φύγε.Ἀιιηυιιιιιυ
2972 5243 3090 5299 post
3131 5232 3298 5284 codex
3341 5227 3581 5284 Combef.
3618 5226 3771 5298 ἰχθῦς
3818 5227 4015 5281 Θαλάσ-

2527 5372 2634 5442 (42)
2660 5373 2774 5425 Duo
2798 5385 2923 5424 mss.
2964 5370 3344 5423 καταλείπωσι.

2533 5440 2641 5513 (45)
2705 5442 2861 5494 Κατά
2919 5442 3220 5513 στερέωμα,
3281 5455 3563 5513 secundum
3608 5440 4017 5506 ﬁrmamentum.

2461 5509 2660 5577 Malim,
2713 5513 2884 5579 inquit
2943 5509 3314 5571 Co'inbelisius,
3364 5525 3482 5562 cum
3539 5509 3727 5563 Ambr.
3771 5511 3850 5563 vel
3898 5528 4015 5562 cum

2465 5584 2618 5649 Vulg.
2645 5595 2698 5636 et
2721 5585 2970 5649 Angusl.,
2999 5583 3091 5633 sub
3122 5583 3469 5649 ﬁrmamento.
3506 5581 3758 5634 Attamen
3801 5582 4017 5646 legimus

2461 5654 2512 5706 in
2539 5654 2724 5707 Ambr.
2757 5653 2848 5704 lib.
2875 5668 3060 5719 κηρίῳ.
3089 5653 3138 5714 1,
3166 5655 3446 5704 secundum
3470 5649 3883 5716 ﬁrmamentum.
3911 5650 4018 5704 lino

2462 5724 2622 5776 etiam
2658 5725 2755 5775 hoc
2787 5724 2900 5790 ipso
2938 5723 2986 5774 in
3042 5723 3180 5775 libro
3210 5737 3328 5786 cap.
3363 5721 3447 5783 12,
3484 5722 3696 5785 legitur,
3748 5736 3893 5772 secus
3923 5721 4016 5787 [ir-

2462 5804 2800 5853 mamentum,
2848 5794 2897 5844 id
2938 5795 3078 5859 quod
3116 5794 3302 5860 repetit
3334 5806 3450 5856 cap.
3494 5793 3558 5843 M
3589 5791 3709 5844 libri
3756 5791 4012 5856 ejusdem.

2467 5864 2534 5914 At
2565 5877 2688 5916 vero
2717 5871 2932 5917 sanctus
2963 5864 3287 5930 Augustinus
3306 5874 3530 5928 Ull'oque
3554 5863 3804 5928 loquendi
3827 5875 4017 5927 genere
