4262 6504
322 470 422 524 16’)

1402 471 1686 526 HOMILIA
1729 472 1840 528 Vlll
1878 472 1942 525 ΙΝ
1982 469 2471 526 HEXAEMERON.

3416 470 3516 524 170

313 584 414 637 Διά
438 585 491 636 τί
539 583 597 647 ὲξ
631 583 832 636 ὑδάτων
867 585 957 635 καὶ
992 585 1104 646 τοῖς
1133 587 1350 654 πτηνοῖς
1375 586 1470 656 τὴν
1493 588 1701 655 γένεσιν
1737 586 1864 639 ἔδω·
1895 591 1939 645 Δ
1967 598 1996 641 tt

1833 610 1864 633 ι·
1895 591 1939 645 Δ
1967 598 2076 641 tum
2124 588 2319 641 dedit?
2362 586 2495 652 Quia
2547 584 2778 638 volatilia
2824 584 2961 637 inter
3005 593 3058 638 et
3096 584 3332 636 natatilia
3373 600 3516 650 quie-

315 691 442 739 κενς
477 677 596 727 ὐτι
631 677 814 745 ὥσπερ
849 675 1131 742 συγγένειά
1164 677 1244 739 τίς
1275 679 1385 730 ἐστι
1412 682 1522 741 τοῖς
1551 679 1859 746 πετομένοις

315 768 450 837 πρὸς
481 766 545 819 τά
600 768 790 837 νηκτὰ.
827 768 932 820 Καὶ
967 767 1072 836 γὰρ
1125 769 1309 840 ὥσπερ
1352 773 1399 822 οἱ
1458 770 1601 839 ἰχθῦς
1634 770 1693 822 τὸ
1721 769 1859 840 ὕδωρ

312 860 584 927 τέμνουσι,
617 862 680 928 τῇ
722 858 817 927 μὲν
861 861 1070 929 κινήσει
1113 861 1220 913 τῶν
1251 863 1531 931 πτερύγων
1561 862 1668 931 (44)
1695 864 1772 924 εἰς
1801 862 1860 914 τὸ

315 951 498 1019 πρόσω
525 950 843 1020 χωροῦντες,
874 955 937 1022 τῇ
969 951 1026 1004 δὲ
1077 954 1170 1005 τοῦ
1200 955 1414 1024 οὐραίου
1451 954 1715 1024 μεταϐολῇ
1761 955 1858 1018 τάς

311 1058 369 1093 τε
397 1043 755 1114 περιστροφάς
781 1046 874 1097 καὶ
905 1045 1002 1108 τὰς
1037 1046 1244 1107 εὐθείας
1266 1046 1436 1116 ὁρμὰς
1459 1047 1665 1108 ἑαυτοῖς
1688 1047 1860 1098 οἰακί-

311 1129 493 1194 ζοντες
514 1149 527 1162 ο
564 1131 702 1186 οὑτω
729 1135 822 1186 καὶ
851 1137 941 1188 ἐπὶ
970 1137 1075 1187 τῶν
1109 1135 1320 1205 πτηνῶν
1343 1136 1487 1188 ἔστιν
1516 1137 1662 1196 ἰδεῖν,
1686 1135 1860 1205 διανη-

311 1225 548 1293 χομένων
575 1226 664 1277 τὸν
697 1227 834 1297 ἀέρα
857 1231 966 1289 τοῖς
998 1229 1213 1297 πτεροῖς
1253 1227 1390 1280 κατὰ
1418 1228 1504 1280 τὸν
1525 1229 1706 1298 ὅμοιον
1735 1230 1856 1298 τρό-

311 1335 429 1369 πον.
467 1317 647 1381 Ὥστε,
698 1318 881 1387 ἐπειδὴ
921 1319 976 1370 ἒν
1012 1319 1203 1387 ἰδίωμα
1227 1320 1281 1369 ἐν
1312 1320 1587 1389 ἑκατέροις
1613 1321 1669 1372 τὸ
1703 1322 1857 1390 νήχε-

311 1408 454 1473 σθαι,
487 1410 581 1478 μία
609 1428 689 1472 τις
717 1410 896 1472 αὐτοῖς
929 1412 959 1479 ἡ
986 1409 1266 1476 συγγένεια
1297 1412 1361 1462 ὲκ
1391 1410 1487 1480 τῆς
1511 1411 1615 1462 τῶν
1654 1410 1856 1463 ὑδάτων

308 1501 570 1568 γενέσεως
597 1501 921 1571 παρεσχέθη.
975 1501 1119 1571 Πλὴν
1153 1518 1215 1569 γε
1255 1504 1335 1554 ὅτι
1369 1503 1514 1554 οὐδὲν
1563 1501 1669 1553 τῶν
1723 1519 1858 1572 πτη-

309 1591 415 1644 νῶν
445 1593 631 1658 ἄπουν,
675 1592 762 1644 διά
805 1594 866 1645 τὸ
899 1595 1032 1645 πᾶσι
1083 1594 1178 1663 τὴν
1211 1595 1415 1646 δίαιταν
1459 1594 1563 1646 ἀπὸ
1609 1594 1709 1664 τῆς
1755 1597 1856 1665 γῆς

312 1684 592 1754 ὑπάρχειν,
658 1685 750 1736 καὶ
793 1685 966 1737 πάντα
1008 1685 1316 1752 ἀναγκαίως
1365 1685 1463 1754 τῆς
1512 1683 1618 1736 τῶν
1685 1685 1856 1737 ποδῶν

308 1775 604 1845 ὑπουργίας
639 1775 999 1846 προσδεῖσθαι.
1057 1779 1180 1839 Τοῖς
1229 1778 1323 1846 μὲν
1370 1775 1476 1846 γὰρ
1505 1778 1856 1847 ἁρπακτικοῖς

311 1864 444 1931 πρὸς
466 1862 562 1933 τὴν
584 1864 756 1936 ἄγραν
798 1867 852 1917 αἱ
899 1865 1005 1917 τῶν
1037 1866 1238 1934 ὀνύχων
1261 1865 1465 1933 ἀκμαίο
1504 1868 1614 1926 τοῖς
1655 1864 1711 1916 δὲ
1750 1864 1856 1916 λοι-

1965 681 2083 734 dam
2113 691 2197 733 est
2227 679 2384 734 veluti
2404 678 2670 744 cognatio.
2693 676 3140 744 Quemadmodum
3173 677 3310 730 enim
3344 677 3517 742 pisces

1965 785 2152 838 aquam
2184 769 2462 833 secant,ad
2493 769 2743 821 ulteriora
2793 778 2935 820 motu
2981 766 3258 836 pinnarum
3293 782 3514 836 progre-

1964 862 2188 926 dientes,
2214 869 2268 912 et
2307 860 2484 912 eaudze
2532 859 2820 910 mutatione
2871 867 2980 910 tum
3016 856 3352 910 circuitiones
3405 867 3511 908 tum

1965 962 2136 1004 rectos
2175 959 2346 1003 motus
2389 947 2485 999 sibi
2525 947 2654 1015 ipsis
2682 947 3005 1013 dirigentes:
3042 949 3116 999 sic
3142 954 3193 999 et
3236 945 3286 997 in
3321 944 3513 997 volati-

1964 1043 2099 1097 libus
2131 1043 2306 1095 vidcre
2335 1050 2433 1102 est,
2472 1037 2900 1106 quandoquidem
2925 1036 3022 1090 alis
3044 1036 3202 1090 simili
3229 1034 3380 1089 modo
3423 1049 3512 1087 ae-

1964 1149 2074 1188 rem
2121 1133 2407 1199 trajiciunt.
2466 1131 2643 1196 Quare
2690 1145 2806 1182 cum
2860 1128 3071 1181 natandi
3132 1127 3428 1196 proprietas
3458 1125 3513 1178 in

1964 1220 2203 1287 utrisque
2254 1220 2322 1273 sit
2368 1236 2492 1281 una,
2542 1234 2642 1270 una
2691 1220 2929 1285 quadam
2979 1217 3108 1284 ipsis
3161 1215 3386 1268 afﬁnitas
3418 1228 3513 1279 per

1962 1325 2217 1379 aquarum
2251 1309 2649 1376 generationem
2701 1307 2889 1360 collata
2932 1315 3030 1359 est.
3074 1305 3175 1359 Sed
3214 1315 3389 1357 tamen
3421 1318 3507 1357 vo-

1963 1401 2106 1456 latile
2138 1402 2335 1455 nullum
2372 1401 2591 1469 pedibus
2617 1401 2941 1467 caret,quod
2976 1398 3166 1451 victum
3211 1396 3516 1465 suppeditat

1964 1505 2102 1549 terra
2126 1493 2391 1556 omnibus,
2426 1507 2479 1547 et
2511 1494 2688 1546 omnia
2724 1493 2914 1560 pedum
2943 1489 3237 1542 ministerio
3269 1502 3514 1540 necessa-

1964 1588 2040 1641 rie
2096 1587 2350 1655 indigent.
2397 1584 2694 1652 Rapacibus
2719 1584 2928 1649 quidem
2981 1582 3122 1633 acies
3162 1579 3410 1647 unguium
3445 1577 3511 1630 ad

1961 1677 2266 1744 capiendam
2319 1676 2588 1743 praedam,
2649 1673 2863 1740 reliquis
2925 1686 3051 1725 vero
3093 1670 3160 1723 ob
3206 1669 3510 1721 alimentum

1962 1767 2371 1836 comparandum
2419 1775 2472 1819 et
2507 1766 2570 1816 ad
2606 1764 2858 1833 reliquam
2912 1763 3073 1814 vitam
3120 1759 3513 1827 transigendam

1962 1861 2152 1930 pedum
2191 1873 2317 1913 usus
2352 1859 2653 1912 necessario
2691 1870 2976 1910 concessus
3010 1863 3108 1907 est.
3145 1851 3309 1905 Porro
3333 1865 3512 1919 paucae

307 1959 426 2018 ποῖς
457 1955 542 2009 διά
565 1974 620 2009 τε
647 1957 738 2009 τὸν
766 1957 1027 2027 πορισμὸν
1053 1955 1150 2024 τῆς
1175 1956 1375 2034 τροφῆς
1410 1956 1501 2008 καὶ
1527 1955 1614 2008 διὰ
1631 1956 1728 2026 τὴν
1755 1955 1856 2008 λοι·
1890 1963 1930 2016 Β
1961 1970 1984 2007 s

1830 1985 1856 2005 ,-
1890 1963 1930 2016 Β
1961 1963 2084 2007 sunt
2109 1953 2370 2015 volucres,
2401 1966 2517 2018 qua:
2564 1951 2730 2002 malos
2779 1948 3011 2002 habeant
3060 1946 3238 2014 pedes,
3289 1953 3513 2012 quaeque

309 2046 413 2115 πὴν
441 2048 534 2100 τοῦ
587 2049 699 2118 βίον
757 2047 1087 2117 διεξαγωγὴν
1137 2048 1404 2115 ἀναγκαία
1446 2048 1552 2100 τῶν
1605 2048 1780 2100 ποδῶν
1821 2051 1852 2118 ὴ

308 2135 577 2206 ὑπηρεσία
599 2137 913 2206 δεδώρηται.
957 2135 1151 2203 Ὀλίγοι
1181 2137 1236 2189 δὲ
1290 2137 1396 2190 τῶν
1439 2138 1662 2207 ὀρνίθων
1693 2137 1856 2190 κακό-

306 2228 464 2290 ποδές
488 2230 640 2291 εἰσιν,
665 2226 785 2279 οὑτε
837 2226 1066 2295 βαδίζειν
1113 2227 1234 2280 οὔτε
1284 2229 1536 2298 ἀγρεύειν
1564 2233 1671 2291 τοῖς
1704 2231 1856 2281 ποσὶν

307 2318 624 2387 ἐπιτήδειοι·
664 2317 736 2380 ὠς
768 2319 826 2369 αἶ
869 2336 928 2371 τε
988 2319 1249 2388 χελιδόνες
1277 2321 1381 2372 εἰσὶ
1409 2320 1539 2387 (45),
1567 2319 1686 2371 οὔτε
1709 2320 1856 2388 βαδί-

305 2406 419 2471 ζειν
446 2407 568 2458 οὔτε
598 2408 847 2476 ἀγρεύειν
875 2410 1184 2480 δυνάμεναι,
1224 2411 1314 2462 καὶ
1341 2411 1395 2460 αί
1439 2409 1746 2479 δρεπανίδες
1773 2410 1858 2462 λε-

303 2496 550 2564 γόμεναι,
584 2491 661 2558 οἷς
711 2499 742 2567 ἡ
773 2499 943 2568 τροφὴ
993 2499 1100 2550 ἀπὸ
1141 2498 1246 2550 τῶν
1275 2501 1330 2550 ὲν
1365 2498 1441 2568 τῷ
1478 2499 1598 2569 ἀέρι
1625 2501 1858 2570 ἐμφερο-

307 2587 479 2652 μένων
498 2589 852 2658 ἐπινενόηται.
872 2588 1109 2640 Χελιδόνι
1131 2589 1182 2640 δὲ
1214 2590 1272 2641 τὸ
1291 2593 1386 2659 τῆς
1416 2591 1666 2660 πτήσεως
1696 2591 1858 2662 πρόσ-

305 2693 451 2744 γειον
482 2680 600 2731 ἀντὶ
633 2679 731 2747 τῆς
762 2679 866 2730 τῶν
892 2678 1062 2732 ποδῶν
1091 2681 1389 2751 ὑπηρεσίας
1418 2682 1580 2737 ἐστίν.

376 2771 429 2823 5.
467 2771 586 2822 Εἰσὶ
619 2771 796 2840 μέντοι
829 2771 997 2838 γενῶν
1041 2773 1290 2842 διαφοραὶ
1319 2776 1504 2845 μυρίαι
1535 2777 1626 2827 καὶ
1659 2777 1714 2828 ἐν
1747 2779 1859 2838 τοῖς

305 2860 526 2930 δρνισιν,
550 2861 614 2924 ἀς
643 2861 735 2914 ὲάν
767 2879 849 2925 τις
883 2863 1020 2916 κατὰ
1052 2865 1140 2916 τὸν
1170 2866 1326 2918 αὑτὸν
1355 2867 1551 2936 τρόπον
1578 2868 1704 2939 ἐπίῃ
1739 2867 1856 2920 καθ’

304 2949 360 3001 ὃν
393 2951 448 3002 ἐν
479 2950 633 3030 μέρει
679 2952 774 3005 καὶ
814 2953 911 3022 τῆς
943 2955 1050 3005 τῶν
1090 2955 1286 3024 ἰχθύων
1329 2957 1622 3020 ἐξετάσεως
1649 2958 1857 3028 ἐφηψά-

308 3039 463 3109 μεθα,
490 3043 709 3113 εὑρήσει
755 3043 811 3096 ἓν
850 3045 946 3114 μὲν
1000 3044 1168 3114 ὄνομα
1205 3048 1310 3098 τῶν
1359 3050 1631 3111 πετεινῶν,
1662 3051 1856 3121 μυρίας

305 3133 357 3184 δὲ
389 3135 443 3185 ἐν
467 3134 673 3197 τούτοις
691 3136 947 3206 διαιροράς
971 3137 1026 3188 έν
1053 3154 1108 3188 τε
1138 3141 1247 3199 τοῖς
1271 3139 1517 3206 μεγέθεσι
1552 3141 1642 3191 καὶ
1670 3143 1724 3192 ἐν
1747 3145 1857 3204 τοῖς

307 3226 548 3294 σχήμασι
579 3227 669 3277 καὶ
700 3228 754 3276 ἐν
785 3231 901 3289 ταῖς
940 3227 1126 3298 χρόαις
1148 3246 1160 3257 ’
1219 3230 1310 3281 καὶ
1357 3230 1496 3282 κατὰ
1527 3233 1650 3294 τοὺς
1690 3231 1853 3300 βίους,

1959 2043 2072 2097 sive
2096 2045 2158 2095 ad
2185 2042 2585 2101 ambulandum,
2616 2043 2726 2093 sive
2762 2040 2827 2092 ad
2861 2037 3155 2089 venandum
3180 2035 3384 2090 idoneae
3408 2049 3510 2088 non

1959 2137 2062 2190 sint
2093 2133 2332 2203 pedibus,
2356 2149 2452 2187 ceu
2505 2132 2836 2192 hirundines.
2865 2145 2980 2198 quae
3019 2143 3186 2194 neque
3217 2128 3508 2194 ambulare,

1959 2241 2128 2294 neque
2183 2224 2367 2278 venari
2419 2233 2659 2292 possunt,
2709 2231 2760 2275 et
2791 2235 2918 2273 aves
2963 2219 3173 2272 nomine
3211 2219 3508 2286 drepanes,

1957 2321 2150 2386 quibus
2186 2316 2433 2369 alimonia
2455 2330 2518 2368 ex
2547 2315 2609 2367 iis
2641 2328 2757 2382 quae.
2782 2313 3019 2366 feruntur
3045 2312 3095 2364 ii:
3127 2325 3272 2376 aere,
3299 2309 3510 2378 provisa

1955 2418 2057 2461 est.
2073 2407 2335 2460 Cancrum
2373 2407 2580 2460 volatus
2616 2416 2773 2460 terra:
2801 2406 3004 2460 vicinus
3033 2405 3084 2458 in
3110 2403 3391 2457 hirundine
3415 2415 3509 2472 pe-

1954 2501 2078 2555 dum
2106 2499 2283 2570 explet
2310 2497 2554 2553 olIicium.

2023 2779 2074 2834 ὅ.
2120 2778 2256 2833 Sunt
2299 2785 2474 2830 autem
2537 2776 2828 2829 innumera:
2893 2789 3144 2843 generum
3205 2771 3514 2827 differentia!

1957 2871 2115 2926 etiam
2144 2870 2193 2922 in
2221 2867 2551 2924 volucribus:
2579 2883 2710 2935 quas
2733 2867 2775 2920 si
2804 2867 2922 2933 quis
2947 2875 3218 2932 percurrat
3248 2878 3309 2916 eo
3331 2861 3511 2926 modo,

1959 2977 2062 3030 quo
2089 2961 2279 3030 partim
2313 2960 2534 3028 piscium
2575 2973 2797 3011 examen
2849 2957 3154 3025 attigimus;
3185 2971 3345 3008 unum
3389 2952 3511 3022 qui-

1957 3054 2077 3108 dem
2116 3053 2388 3105 volucrinn
2431 3065 2656 3113 nomen,
2704 3050 2794 3102 sed
2845 3050 3079 3102 inlinitas
3133 3046 3513 3116 magnitudinis

1961 3146 2355 3213 ﬁgurarumque
2383 3153 2434 3196 et
2460 3142 2699 3196 colorum
2732 3139 3060 3196 differentias
3109 3141 3160 3192 iit
3214 3141 3297 3192 his
3333 3154 3513 3207 reper-

1961 3247 2109 3290 turus
2132 3248 2230 3290 est.
2260 3236 2336 3289 Ad
2367 3236 2527 3289 vitam
2556 3236 2739 3301 etiam,
2768 3245 2821 3288 et
2851 3236 2915 3287 ad
2958 3234 3195 3288 actiones
3228 3247 3513 3298 moresque

306 3317 395 3365 κα“ι
423 3315 522 3374 τὰς
553 3315 796 3384 πράξεις,
822 3317 914 3368 καὶ
938 3317 1001 3370 τὰ
1030 3318 1155 3388 ἤθη,
1190 3320 1462 3390 ἀμύθητον
1487 3318 1648 3374 οὖσαν
1678 3322 1855 3384 αὐτοῖς
1887 3337 1926 3395 C
1959 3347 1988 3398 q

1832 3340 1855 3384 ς
1887 3337 1926 3395 C
1959 3332 2094 3398 quod
2133 3339 2366 3399 spectat,
2404 3330 2807 3383 iuenarrabilem
2851 3328 3136 3396 quamdam
3184 3326 3322 3381 inter
3369 3326 3511 3396 ipsas

306 3404 398 3475 τὴν
426 3406 561 3476 πρὸς
603 3407 802 3478 ἄλληλα
855 3411 1228 3483 παραλλαγήν.
1259 3414 1394 3482 ’Ἤδη
1439 3415 1536 3484 μὲν
1587 3410 1677 3467 οὖν
1718 3433 1857 3479 τινες

307 3495 670 3571 ἐπειράθησαν
731 3503 823 3554 καὶ
888 3503 1320 3572 ὀνοματοποιίαις
1378 3506 1696 3576 χρήσασθαι,
1769 3508 1855 3568 ἵν’,

306 3587 489 3660 ῶσπερ
526 3591 610 3644 διὰ
643 3595 927 3663 καυτήριον
961 3595 1116 3647 τινῶν
1151 3598 1245 3665 τῆς
1301 3599 1597 3667 ἀσυνήθους
1647 3601 1740 3652 καὶ
1776 3600 1858 3663 ξέ-

1776 3631 1830 3663 QC.

307 3697 400 3748 νης
430 3682 737 3750 ὀνομασίας,
772 3686 830 3736 τὸ
880 3685 1071 3754 ἰδίωμα
1116 3688 1341 3740 ἑκάστου
1381 3691 1565 3758 γένους
1605 3690 1856 3757 ἐπιγινώ-

308 3786 520 3839 σκηται.
557 3774 663 3825 Καὶ
707 3775 774 3828 τὰ
813 3777 909 3846 μὲν
944 3779 1227 3847 ὠνόμασαν
1251 3779 1572 3851 σχιζόπτερα
1600 3782 1729 3851 (ib),
1783 3782 1856 3844 ῶς

307 3863 430 3926 τοὺς
457 3865 669 3928 ἀετούς’
705 3866 773 3919 τὰ
799 3869 854 3921 δὲ
897 3870 1257 3942 δερμόπτερα,
1282 3874 1354 3935 ὡς
1380 3874 1475 3935 τὰς
1504 3872 1812 3942 νυκτερίδας
1838 3891 1850 3902 ·

309 4057 436 4111 usus
453 4053 552 4100 est,
582 4045 856 4095 secundum
876 4045 1277 4111 ﬁrmamentum,
1305 4057 1356 4096 et
1388 4047 1478 4097 sub
1509 4047 1852 4106 firmamento.

310 4109 449 4174 Lege
488 4112 769 4165 Nobilium.
799 4109 1159 4166 Tertullianus
1190 4117 1312 4166 Adv.
1355 4115 1725 4184 Ilerniog.,per
1760 4116 1855 4182 ﬁr-

310 4192 622 4250 mament_rm
648 4195 664 4230 :
686 4198 802 4247 quae
827 4186 1192 4250 interpretatio
1225 4188 1451 4237 maxime
1470 4187 1714 4238 convenit
1733 4201 1850 4237 cum

311 4262 488 4303 mente.
524 4248 719 4322 Basilii.
752 4252 883 4304 Cum
919 4248 1056 4304 enim
1095 4254 1247 4306 I’ater
1275 4256 1622 4320 gravissimus
1649 4271 1740 4322 per
1763 4270 1853 4306 vo-

310 4336 424 4391 t'em
458 4321 736 4391 στερέωμα
775 4323 899 4372 tiiliil
947 4324 1083 4373 aliud
1116 4326 1370 4391 intelligat
1401 4327 1500 4379 nisi
1549 4321 1748 4390 aerem,
1779 4323 1850 4375 ιιιί

311 4390 503 4462 legitur
531 4394 626 4462 sub
665 4396 816 4442 linem
857 4393 1073 4455 hujusce
1105 4390 1383 4454 orationis,
1416 4396 1654 4462 sequitur
1686 4397 1725 4444 si
1758 4407 1848 4444 vo-

312 4461 472 4512 latilia
505 4461 675 4513 volent
699 4476 790 4529 per
812 4473 1008 4522 aerem,
1042 4462 1148 4524 ipsa
1177 4480 1268 4529 per
1301 4461 1688 4517 ﬁrmamentum
1718 4477 1852 4528 quo-

309 4545 412 4598 que
445 4531 640 4598 volare.

380 4597 489 4667 (44)
522 4600 734 4670 Aliquot
766 4615 893 4653 mss.
941 4597 1044 4650 τῶν
1079 4601 1397 4670 πτερυγίων.
1446 4602 1636 4655 Statim
1698 4603 1848 4657 Colb.

310 4671 513 4741 primus
535 4669 711 4741 adyta
738 4670 1085 4741 περιτροπάς.

383 4736 491 4809 (45)
533 4737 602 4788 lla
644 4736 1036 4807 liegii'priinus,
1073 4740 1305 4808 quintus,
1332 4755 1515 4795 Sextus
1549 4751 1599 4792 et
1633 4754 1851 4796 octavus

312 4826 430 4864 cum
465 4809 663 4861 duobus
701 4811 848 4864 Colb.
885 4812 1018 4864 Editi
1066 4827 1188 4863 vero
1223 4812 1482 4877 χελιδόνες
1518 4816 1620 4865 εἰσὶ
1656 4816 1746 4866 καὶ
1773 4816 1849 4877 αἱ,

314 4880 513 4951 inutile.
557 4878 751 4932 Ibidem
795 4882 886 4933 καὶ
919 4884 972 4934 ai
1011 4878 1339 4951 δρεπανίδες,
1381 4897 1425 4936 et
1459 4885 1726 4951 drepaues.
1764 4888 1852 4937 Sic

312 4950 483 5001 visum
518 4957 598 5002 est
634 4960 836 5002 Vertere
866 4966 982 5004 cuin
1039 4950 1225 5011 Plinio.
1281 4955 1369 5018 qui
1421 4957 1518 5006 hac
1551 4950 1678 5017 ipsa
1725 4969 1852 5006 voce

315 5018 406 5092 lib.
434 5032 658 5092 si._cap.
684 5018 770 5076 47,
799 5020 872 5092 uti
903 5037 1003 5073 non
1029 5024 1251 5073 dubitat.
1283 5023 1404 5092 Ejus
1436 5025 1545 5076 haec
1578 5035 1698 5076 sunt
1736 5039 1851 5075 ver-

314 5089 406 5138 ba:
430 5088 721 5154 Quinegant
743 5087 993 5141 volucrem
1026 5087 1546 5152 ullumsine'pedibus
1563 5110 1691 5153 esse,
1725 5109 1849 5143 con-

310 5157 517 5226 ﬁrmant
552 5170 595 5210 et
621 5160 814 5224 upodus
840 5158 1045 5222 habere,
1079 5173 1122 5212 et
1150 5177 1292 5223 oten,
1322 5171 1368 5212 et
1402 5163 1674 5226 drepanin.
1702 5163 1754 5213 in
1777 5164 1849 5213 eis

312 5241 425 5297 qua:
451 5231 709 5297 rarissime
749 5238 1016 5294 apparent.
1055 5229 1370 5295 Interpretes
1417 5243 1639 5292 veteres,
1681 5231 1745 5282 Et
1779 5247 1851 5284 ea!

309 5296 646 5366 qua'falculce
675 5311 1053 5364 nuncupantur,
1075 5309 1163 5350 aut
1192 5302 1417 5366 ripariae.
1460 5302 1564 5354 llas
1602 5317 1725 5355 aves
1763 5317 1851 5353 νο-

313 5378 395 5419 cat
422 5365 727 5420 Eustathius
751 5381 999 5433 meropos.

383 5437 492 5504 (46)
521 5435 715 5496 Libuit,
755 5440 893 5502 quod
932 5453 1033 5489 non
1072 5447 1410 5503 suppeterent
1451 5440 1606 5493 verba
1642 5443 1847 5502 Latina,

313 5504 390 5558 sic
425 5517 628 5559 Vertere
657 5508 1024 5569 scliizopterus,
1053 5518 1155 5558 etc.
1186 5510 1324 5561 Aves
1347 5519 1521 5562 autem
1555 5512 1850 5577 schizopte-

317 5589 407 5634 rae,
454 5590 529 5627 ea:
577 5576 843 5638 dicuntur,
897 5593 1012 5644 qua:
1046 5577 1242 5629 habent
1289 5593 1512 5644 pennam
1544 5576 1848 5643 discretam,

317 5646 428 5697 alas
472 5645 644 5717 ﬁssas.
679 5645 1051 5717 Dermoptci'as
1075 5663 1164 5699 cas
1199 5661 1465 5710 meainus,
1490 5651 1683 5717 quibus
1716 5661 1851 5702 cutis

318 5731 411 5782 pro
436 5716 621 5786 pennis
654 5730 756 5770 est.
801 5716 1002 5786 l’tilotu:
1031 5736 1107 5770 ea:
1139 5716 1525 5782 intelliguntur,
1557 5735 1672 5786 quae
1711 5721 1848 5770 sicca

319 5785 623 5857 membrana
672 5787 868 5840 volant.
919 5784 1154 5852 Denique
1211 5786 1541 5853 cole0pteras
1576 5784 1849 5857 appellare

317 5854 487 5909 solent
513 5868 603 5910 eas
633 5871 858 5924 quarum
885 5873 1066 5926 penna:
1097 5859 1283 5927 vagina
1320 5854 1678 5912 continentur.
1705 5861 1850 5924 Quod

1960 3423 2318 3492 deprehendet
2349 3423 2682 3475 varietatem.
2712 3419 2828 3474 Jam
2867 3436 2992 3474 vero
3014 3421 3188 3473 conati
3221 3429 3344 3472 sunt
3381 3436 3513 3473 non-

1961 3516 2088 3568 nulli
2132 3515 2374 3568 conﬁctis
2425 3512 2727 3565 nominibus
2760 3513 2952 3574 uti,nt,
2998 3511 3153 3564 veluti
3184 3525 3275 3576 per
3307 3511 3512 3562 inustas

1959 3606 2212 3674 quasdam
2239 3604 2462 3657 insolitae
2498 3613 2548 3657 et
2586 3604 2877 3673 peregrina:
2921 3601 3289 3670 appellationis
3332 3610 3512 3664 notas,

1963 3695 2244 3763 cujuslibet
2273 3697 2484 3765 generis
2516 3695 2814 3765 proiirietas
2868 3704 3240 3762 cognoscatur.
3272 3692 3334 3746 Et
3381 3690 3514 3744 alias

1960 3789 2170 3856 quidem
2204 3803 2328 3839 aves
2369 3787 2706 3838 nominarunt
2736 3786 3098 3851 schizopteras
3120 3825 3134 3848 ,
3165 3785 3237 3836 uti
3266 3784 3469 3853 aquilas
3495 3799 3511 3840 :

1961 3878 2090 3931 alias
2149 3892 2273 3930 vero
2323 3875 2719 3943 dermopteras,
2780 3885 2836 3928 ut
2888 3875 3291 3944 vespertilioues
3328 3889 3342 3927 :
3380 3872 3513 3928 alias

1967 4042 2050 4094 hic
2086 4041 2338 4108 scriptum
2372 4041 2672 4093 invenimus
2700 4044 2763 4092 de
2802 4039 3138 4104 coleopteris.
3176 4038 3227 4092 id
3253 4054 3352 4093 non
3387 4054 3511 4107 pro-

1964 4116 2118 4163 bnlUt'
2145 4112 2304 4166 Petro
2334 4110 2525 4165 Petito.
2560 4110 2720 4178 Igitur
2752 4110 2839 4160 lib.
2869 4125 2916 4160 tv
2952 4110 3408 4162 .iliscellunearum
3432 4116 3512 4162 al;-

1957 4185 2324 4242 sereationum,
2369 4199 2485 4248 cap.
2528 4181 2612 4238 ίϋ,
2675 4181 2916 4246 loquitur
2961 4181 3058 4232 huc
3103 4180 3303 4231 modo:
3342 4179 3512 4246 Hujus

1956 4251 2131 4317 itaque
2162 4251 2447 4302 tio/utilium
2478 4252 2758 4302 secundum
2792 4253 2997 4300 alarum
3028 4249 3352 4315 diﬂcrentias
3383 4251 3508 4302 diviv

1958 4321 2142 4385 stonis,
2173 4333 2357 4372 cwtera
2376 4322 2580 4389 quidem
2601 4323 2740 4378 bene,
2768 4331 2811 4370 et
2839 4336 2899 4370 ea:
2919 4319 3210 4369 Aristotelis
3236 4320 3510 4381 sententia,

1959 4392 2094 4442 unde
2127 4391 2317 4454 accepit
2355 4407 2372 4442 :
2402 4393 2454 4442 in
2478 4407 2593 4442 voce
2624 4389 2983 4457 κουλεόπτερα
3035 4403 3136 4437 non
3189 4389 3514 4440 mediocriter

1961 4460 2306 4511 hallncinatus
2330 4463 2545 4518 videtur,
2574 4475 2687 4509 Cum
2718 4470 2859 4522 putat
2898 4457 3177 4525 significari
3212 4457 3306 4508 hoc
3347 4461 3513 4510 nomi-

1891 4548 1936 4606 ί)
1965 4546 2024 4578 ne
2060 4533 2371 4581 insectorum
2415 4531 2541 4606 illud
2590 4543 2768 4595 genus,
2824 4544 2939 4596 qua:
2979 4529 3257 4579 involucris
3297 4530 3511 4596 quibus-

1960 4601 2077 4648 dam
2110 4613 2350 4664 concepta
2380 4610 2424 4649 et
2451 4599 2558 4664 fota
2602 4602 2666 4649 ad
2695 4601 2904 4666 aliquod
2934 4608 3151 4659 tempus,
3184 4601 3510 4666 postmodum

1953 4671 2216 4733 putamine
2259 4671 2489 4734 disrupta
2544 4670 2744 4721 evolant
2772 4665 2786 4720 ἑ
2836 4680 2887 4719 ιιι
2922 4673 2983 4719 de
3013 4668 3204 4718 crcadis
3241 4665 3510 4722 Lucretius

1955 4751 2196 4788 memorat
2221 4738 2308 4789 lib.
2350 4753 2380 4790 v
2410 4756 2421 4790 :

2025 4806 2309 4858 Folliculos
2335 4819 2392 4859 ut
2418 4821 2555 4858 nunc
2580 4817 2778 4858 teretes
2814 4816 2998 4859 testate
3032 4806 3229 4859 cicadze

2027 4876 2294 4941 Linqunnt
2323 4886 2506 4944 sponte
2540 4890 2655 4935 sua,
2690 4879 2881 4929 victum
2916 4879 3183 4940 vitamque
3213 4885 3469 4942 petentes.

1957 4943 2118 4995 Plane
2145 4947 2196 4996 id
2230 4943 2372 4998 verba
2419 4947 2525 4996 haec
2567 4944 2752 5016 Basilii
2797 4957 2979 4997 sonant
3007 4961 3025 4995 :
3073 4946 3273 5016 ὅσαᾼεν
3319 4945 3510 5016 θήκαις

1953 5016 2060 5066 τισὶ
2087 5016 2178 5066 καὶ
2200 5017 2509 5085 περιϐολαῖς
2541 5015 2861 5081 γεννηθέντα
2898 5014 3340 5085 περιρραγέντος,
3372 5014 3506 5078 οιεη

1951 5086 2156 5151 quibus,
2186 5102 2299 5151 qua'
2324 5089 2529 5152 proprie
2564 5085 2924 5153 κουλεόπτερα
2967 5089 3229 5145 dicantur,
3260 5088 3503 5150 explicat.

1952 5158 2014 5205 At
2043 5155 2177 5221 [also
2199 5167 2242 5207 et
2267 5167 2452 5221 prwter
2477 5166 2690 5206 mentem
2721 5155 3031 5216 Aristotelis,
3063 5156 3148 5222 qui
3169 5158 3313 5219 longe
3342 5156 3508 5207 diver-

1951 5243 2007 5275 so
2041 5241 2191 5276 sensu
2245 5228 2296 5276 id
2338 5241 2518 5278 nomen
2559 5236 2792 5292 usurpat.
2843 5224 2962 5277 Non
3001 5227 3134 5275 enim
3167 5225 3228 5273 ab
3273 5226 3338 5275 iis
3365 5225 3509 5292 folli-

1952 5297 2083 5346 culis
2124 5295 2486 5364 κουλεόπτερα
2510 5297 2610 5346 vult
2635 5298 2757 5356 dici,
2787 5296 2873 5348 sed
2901 5293 3253 5364 ali‘ékozpoig,
3287 5298 3506 5362 vaginis,

1950 5367 2134 5430 quibus
2191 5370 2288 5418 ala:
2339 5362 2513 5418 eorum
2567 5372 2887 5416 muniuntur.
2943 5362 3083 5416 Nam
3125 5362 3329 5416 Cru'cis
3384 5382 3509 5417 κου-

1951 5433 2069 5487 λεὸν
2104 5437 2291 5500 vagina
2320 5447 2414 5488 est.
2447 5433 2592 5486 Unde
2619 5435 2913 5486 Theodorus
2943 5451 3030 5486 eas
3059 5435 3285 5487 volucres
3307 5438 3510 5502 vagini—

1952 5521 2150 5570 pennes
2171 5505 2351 5558 Latine
2377 5507 2540 5557 vertit.
2571 5503 2649 5556 Ita
2667 5507 2800 5556 enim
2818 5504 3055 5556 Gi'wcum
3080 5520 3261 5557 nomen
3293 5506 3508 5557 κουλεόν

1954 5592 2149 5644 πτερον
2170 5593 2295 5627 sane
2314 5592 2414 5628 non
2445 5575 2715 5641 infeliciter
2730 5577 3000 5639 expressit.
3030 5578 3243 5626 .tlarun‘i
3289 5580 3507 5642 proinde

1951 5650 2057 5695 tunc
2090 5647 2382 5710 di/ferentia
2416 5659 2484 5697 est
2519 5655 2563 5697 et
2592 5648 2899 5710 proprietas,
2945 5662 3045 5696 non
3089 5644 3186 5696 loci
3238 5647 3287 5696 in
3314 5662 3414 5709 quo
3447 5647 3502 5711 ﬁt

1951 5727 2232 5782 generatio.
2256 5715 2403 5778 Quod
2433 5718 2540 5780 ipsa
2559 5716 2741 5766 divisio
2766 5718 3051 5766 Aristotelis
3095 5716 3310 5777 indicat,
3327 5732 3428 5782 qua
3444 5731 3507 5767 et:

1951 5792 2154 5835 atarum
2195 5786 2501 5850 differentiis
2528 5786 2784 5839 volucrum
2805 5785 3124 5854 differentias
3149 5799 3380 5851 venatur,
3414 5787 3499 5838 llb.

1951 5870 1986 5919 t,
2016 5871 2127 5924 cap.
2157 5855 2215 5921 5;
2248 5867 2348 5909 etc.
