4262 6494
768 422 864 485 ΠΙ

2060 436 2117 489 S.
2155 433 2398 490 BASlLll
2439 435 2657 491 MAGNI

3890 456 3992 510 172

764 534 1000 605 piilotas,
1020 543 1076 588 ut
1091 549 1277 595 vespas
1302 553 1315 589 :
1335 535 1468 592 alias
1485 553 1666 596 rursus
1680 541 2137 618 coleopteras,73
2155 560 2334 603 utsca-
2360 553 2406 608 Α
2433 566 2447 599 π

2305 570 2334 600 ι·
2360 553 2406 608 Α
2433 549 2499 602 τά
2526 551 2580 604 δὲ
2611 553 2869 619 πτιλωτά,
2901 555 2976 619 ὡς
3007 556 3132 620 τοὺς
3161 559 3370 630 σφῆκας
3388 577 3402 592 ο
3443 580 3514 617 τα
3549 564 3604 616 δὲ
3633 566 3988 640 κολεόπτερα,

765 627 975 689 rabeos.
1003 637 1056 681 et
1084 643 1412 698 quaecunque
1441 632 1493 683 in
1517 632 1684 688 thecis
1707 635 2020 705 quibusdam
2049 647 2102 692 et
2129 642 2328 695 amicu-

763 716 829 775 lis
849 730 1135 784 generatae,
1164 731 1346 775 crusta
1376 722 1443 777 ab
1479 724 1610 793 ipsis
1647 726 1928 796 distracta,
1951 731 2018 784 ad
2046 733 2328 788 velandum

767 812 1026 880 espedita:
1067 815 1318 868 evadunt.
1377 816 1571 870 Verum
1605 818 1877 877 sufﬁciens
1918 823 2073 878 nobis
2105 835 2227 878 nota
2251 836 2331 882 est

763 904 828 963 ad
859 919 1112 974 generum
1149 906 1531 976 proprietatem
1590 915 1993 981 assignandam,
2026 920 2331 975 communis

761 1010 909 1060 usus,
938 1005 991 1051 et
1015 996 1186 1053 allata:
1213 1015 1241 1052 a
1275 999 1551 1071 Scriptura
1583 1004 1648 1058 de
1680 1006 1891 1060 mundis
1932 1017 1985 1062 et
2039 1008 2331 1066 immundis

760 1088 1152 1150 distinctiones,
1217 1093 1376 1147 Aliud
1447 1096 1628 1165 itaque
1687 1100 2096 1154 carnivorarum
2160 1118 2329 1171 genus

757 1191 842 1235 est
869 1222 883 1243 .
919 1183 1128 1253 aliaque
1183 1187 1514 1252 constitutio,
1553 1190 1619 1243 ad
1676 1194 1890 1246 modum
1940 1209 2047 1262 quo
2079 1196 2204 1264 ipsa:
2234 1212 2325 1250 vc-

757 1285 1002 1341 scuntur,
1052 1283 1451 1334 accommodata
1489 1297 1503 1346 ;
1541 1284 1791 1347 unguium
1820 1287 1980 1352 acies,
2009 1297 2060 1342 et
2097 1298 2324 1342 rostrum

756 1367 1058 1433 incurvum,
1093 1378 1148 1424 et
1201 1385 1373 1440 penna
1427 1374 1612 1437 velox,
1658 1385 1714 1428 ut
1749 1385 1803 1430 et
1847 1377 2000 1431 facile
2040 1379 2328 1446 arripiatnr

755 1462 957 1529 praeda,
987 1462 1316 1518 etdilaniala
1357 1465 1668 1521 alimentum
1715 1468 1805 1523 ﬁat
1839 1470 2164 1538 pnedatrici.
2207 1471 2322 1525 Alia

756 1568 942 1607 earum
971 1556 1284 1610 constitutio
1314 1567 1419 1620 est,
1464 1574 1582 1627 quae
1629 1561 1837 1616 semina
1895 1561 2150 1628 colligunt
2180 1577 2194 1613 :
2219 1563 2321 1616 alia

756 1656 963 1706 earum,
1014 1659 1134 1712 qua:
1176 1647 1321 1700 omni
1364 1665 1421 1704 re
1455 1651 1612 1704 obvia
1644 1653 1978 1706 nutriuntur.
2028 1652 2091 1706 Et
2147 1653 2198 1706 in
2240 1654 2324 1709 his

755 1734 995 1802 plurimae
1027 1736 1359 1794 dill'erentitc.
1385 1742 1629 1810 Ipsarum
1659 1744 1800 1797 enim
1841 1744 2105 1812 quaedam,
2137 1759 2323 1815 grega—

756 1824 835 1882 les
877 1838 1003 1880 sunt
1040 1846 1054 1882 :
1097 1833 1337 1900 exceptis
1381 1834 1700 1901 rapacibus,
1749 1836 1888 1889 inter
1929 1851 2062 1905 quas
2095 1838 2323 1892 societas

759 1918 904 1972 nulla
952 1929 1034 1974 est
1079 1930 1274 1990 praeter
1302 1924 1634 1994 coniugalem
1685 1927 2134 1994 c0njnnctionem.
2184 1929 2320 1983 Sunt

755 2024 885 2063 vero
910 2012 1029 2066 aliaa
1059 2014 1372 2077 innumerae,
1404 2031 1522 2086 quae
1559 2020 1892 2072 collectivam
1927 2021 2320 2089 amplectuntur

757 2104 941 2166 vitam,
972 2114 1027 2157 ut
1056 2106 1339 2169 columbae,
1364 2125 1543 2173 grues,
1563 2113 1756 2174 sturni,
1787 2112 2008 2180 graculi.
2035 2112 2241 2166 Rursus
2264 2113 2316 2166 in

757 2195 838 2250 bis
868 2196 986 2249 alite
1019 2198 1212 2253 nullius
1254 2203 1556 2254 subduntur
1604 2203 1848 2270 imperio,
1873 2213 1927 2256 et
1977 2213 2102 2257 sunt
2155 2203 2317 2257 veluti

754 2289 836 2340 sui
892 2287 1076 2355 juris;-
1123 2289 1241 2344 aliae
1293 2292 1413 2345 duci
1471 2294 1661 2363 subjici
1714 2310 1820 2348 non
1867 2305 2138 2361 recusant,
2172 2296 2318 2351 velut

752 2394 931 2448 grues.
965 2379 1081 2433 lam
1115 2395 1238 2435 vero
1268 2382 1430 2435 etiam
1473 2384 1574 2437 alia
1612 2384 1856 2453 quaedam
1889 2395 1970 2439 est
2013 2385 2064 2440 in
2103 2388 2184 2440 bis
2213 2386 2316 2440 dif-

752 2470 1001 2534 ferentia,
1025 2472 1176 2541 juxta
1208 2490 1366 2543 quam
1405 2476 1522 2530 alia:
1561 2492 1831 2545 nunquam
1861 2480 2042 2532 sedem
2087 2490 2312 2545 mutant,

751 2574 979 2634 suntque
1009 2567 1271 2636 indigenae
1295 2585 1308 2620 :
1339 2568 1458 2622 alia:
1486 2568 1662 2621 solent
1688 2569 2000 2637 longissime
2018 2570 2312 2632 discedere,

751 2668 805 2712 et
835 2659 1010 2714 hieme
1043 2662 1504 2730 appropinquante
1538 2671 1595 2714 ut
1623 2661 1910 2728 plurimum
1946 2661 1999 2714 in
2040 2661 2199 2713 alium
2238 2659 2315 2712 lo-

749 2765 870 2807 cum
894 2766 1012 2805 sese
1035 2753 1287 2822 recipere.
1313 2753 1448 2821 Quin
1475 2765 1528 2808 et
1552 2754 1852 2821 complures
1877 2769 2022 2818 aves,
2046 2755 2168 2807 dum
2193 2755 2316 2806 edu-

750 2851 958 2902 cantur,
1006 2854 1382 2899 mansuescunt
1413 2845 1855 2913 cicuran'turqne,
1877 2855 2071 2913 prmter
2109 2845 2312 2899 debiles

751 2948 815 2989 ac
848 2935 1112 2998 inlirmas,
1159 2951 1276 3003 quae
1312 2937 1381 2990 ob
1416 2937 1638 2990 nimiam
1680 2938 2014 2991 timiditatem
2042 2951 2104 2990 ac
2133 2935 2316 2990 formi-

752 3024 953 3089 dinem,
975 3027 1242 3080 assiduam
1269 3027 1564 3081 molestiam
1588 3029 1688 3082 sibi
1716 3043 1871 3081 manu
1890 3030 2183 3083 exbibitam
2208 3045 2310 3084 non

749 3117 1045 3184 patiuntur.
1083 3115 1188 3170 Sed
1241 3127 1292 3170 et
1331 3118 1563 3172 humana
1618 3121 2010 3174 consuetudine
2066 3121 2313 3175 volucres

2428 643 2504 704 ὡς
2535 645 2661 708 τοὺς
2691 646 3011 719 κανθάρους,
3047 652 3140 703 καὶ
3173 653 3292 718 ὅσα,
3318 655 3376 706 ἐν
3405 655 3595 726 θήκαις
3628 661 3738 712 τισὶ
3770 663 3865 714 καὶ
3891 681 3990 715 πε-

2429 734 2666 804 ριϐολαῖς
2688 739 3029 809 γεννηθέντα,
3066 745 3489 816 περιρραγέντος
3534 750 3715 815 αὐτοῖς
3743 754 3838 807 τοῦ
3869 756 3991 809 ἐλύ-

2425 843 2576 919 τρου,
2604 828 2739 898 πρὸς
2765 829 2864 900 τὴν
2896 833 3089 902 πτῆσιν
3128 837 3493 912 ἠλευθερώθη.
3543 843 3681 895 Ἀλλ’
3728 846 3857 915 ἡμῖν
3888 849 3988 919 ἀρ-

2427 917 2595 972 κοῦσα
2653 922 2951 991 σημείωσις
2989 926 3122 997 πρὸς
3169 929 3266 999 τὴν
3315 931 3421 983 τῶν
3472 933 3643 1000 γενῶν
3674 917 3985 1008 ίδιότηταγή

2427 1014 2577 1083 κοινὴ
2608 1014 2822 1085 χρῆσις,
2850 1016 2942 1068 καὶ
2974 1019 3021 1069 οἱ
3045 1019 3188 1090 παρὰ
3220 1021 3318 1091 τῆς
3340 1023 3561 1094 Γραφῆς
3587 1026 3712 1096 περί
3739 1045 3796 1079 τε
3818 1029 3989 1080 καθαα

2430 1101 2534 1171 ρῶν
2566 1105 2659 1156 καὶ
2698 1105 3021 1176 ἀκαθάρτων
3063 1107 3348 1181 διορισμοί.
3382 1112 3542 1166 Ἀλλο
3588 1116 3684 1186 μὲν
3712 1113 3806 1170 οὖν
3834 1119 3986 1186 γένος

2425 1191 2484 1243 τὸ
2516 1192 2620 1244 τῶν
2651 1196 3031 1264 σαρκοφάγων,
3063 1199 3155 1250 καὶ
3187 1200 3317 1272 άλλη
3355 1207 3661 1278 κατασκευὴ
3703 1207 3986 1278 πρέπουσα

2424 1283 2502 1353 τῷ
2533 1287 2714 1356 τρόπῳ
2742 1289 2838 1358 τῆς
2893 1290 3102 1360 διαίτης
3148 1293 3343 1358 αὐτῶν,
3396 1296 3600 1366 ὀνύχων
3647 1300 3842 1369 ἀκμαί,
3895 1303 3988 1354 καὶ

2426 1375 2600 1444 χεῖλος
2627 1378 2875 1444 ἀγκύλον,
2912 1380 3004 1433 καὶ
3033 1383 3229 1453 πτερὸν
3252 1385 3366 1452 ὀξὺ,
3397 1387 3536 1440 ὥστε
3562 1390 3655 1442 καὶ
3683 1391 3986 1464 συλληφθῆ-

2423 1484 2509 1518 ναι
2540 1468 2736 1536 ῥᾳδίως
2757 1471 2817 1522 τὸ
2841 1471 3085 1558 θήραμα,
3115 1476 3208 1528 καὶ
3241 1476 3606 1551 διασπαραγὲν
3638 1484 3748 1554 (47)
3780 1487 3984 1557 τροφὴν

2422 1558 2498 1628 τῷ
2519 1558 2689 1612 ἑλόντι
2741 1562 3009 1628 γενέσθαι.
3041 1566 3212 1636 Ἀλλη
3240 1568 3346 1621 τῶν
3399 1573 3781 1643 σπερμολόγων
3816 1595 3986 1631 κατα-

2423 1653 2626 1720 σκευή·
2664 1653 2796 1724 άλλη
2831 1655 2937 1709 τῶν
2965 1664 3029 1711 ὲκ
3059 1661 3257 1723 παντὸς
3288 1666 3632 1734 τρεφομένων
3671 1669 3763 1722 τοῦ
3797 1689 3985 1724 συντυ-

2421 1743 2623 1812 χόντος.
2683 1748 2790 1800 Καὶ
2817 1749 2875 1800 ὲν
2907 1750 3115 1814 τούτοις
3151 1751 3395 1808 πλεῖσται
3447 1757 3715 1830 διαφοραί.
3748 1764 3829 1815 Τά
3886 1765 3986 1836 μὲν

2421 1835 2528 1904 γὰρ
2564 1837 2741 1892 αὐτῶν
2779 1841 2923 1892 ἐστιν
2957 1841 3065 1911 (48)
3111 1844 3357 1913 ἀγελικὰ,
3397 1845 3536 1919 πλὴν
3565 1850 3672 1902 τῶν
3712 1835 3983 1923 ἁρπακτι-

2424 1923 2559 1976 κῶν·
2595 1927 2796 1980 τούτων
2820 1928 2877 1986 δὲ
2909 1931 3061 1985 οὐδὲν
3091 1937 3400 1989 κοινωνικὸν
3422 1939 3576 2002 ἐκτὸς
3594 1940 3684 1992 τοῦ
3718 1945 3855 1996 κατά
3886 1947 3985 2010 τὰς

2421 2015 2676 2084 συζυγίας
2700 2021 3055 2092 συνδυασμοῦ.
3089 2027 3274 2096 Μυρία
3303 2027 3359 2080 δὲ
3399 2028 3530 2082 ἄλλα
3564 2032 3653 2084 τὸν
3684 2034 3986 2106 ἀθροισμά-

2417 2113 2566 2164 τικδν
2599 2112 2798 2184 ᾕρηται
2843 2117 2972 2185 βίον,
2999 2121 3074 2183 ὡς
3106 2123 3421 2194 περιστεραὶ
3453 2125 3584 2195 (49),
3617 2127 3708 2180 καὶ
3740 2128 3982 2200 γέρανοι,

2418 2203 2508 2255 καί
2566 2204 2758 2276 ψῆρες,
2816 2208 2908 2262 καὶ
2953 2212 3167 2267 κολοιοί.
3223 2215 3390 2268 Πάλιν
3420 2218 3478 2268 ὲν
3508 2219 3714 2284 τούτοις
3761 2221 3828 2274 τὰ
3886 2223 3986 2292 μὲν

2415 2291 2624 2367 ἄναρχά
2654 2299 2768 2355 ἐστι
2816 2301 2909 2352 καὶ
2963 2297 3072 2354 οἷον
3103 2305 3375 2376 αὐτόνομα
3397 2325 3408 2338 ’
3446 2309 3512 2362 τὰ
3552 2310 3607 2364 δὲ
3641 2314 3729 2382 ὑφ’
3757 2291 3984 2384 ἡγεμόνι

2415 2391 2668 2460 τετάχθαι
2701 2393 3126 2463 καταδεχόμενα,
3156 2397 3229 2461 ὡς
3263 2401 3316 2451 αἱ
3357 2400 3595 2472 γέρανοι.
3627 2406 3761 2476 Ἤδη
3798 2407 3853 2460 δέ
3900 2425 3984 2470 τις

2416 2483 2504 2535 καὶ
2538 2484 2699 2554 ἑτέρα
2739 2488 2796 2538 ὲν
2824 2486 3032 2551 τούτοις
3078 2491 3192 2542 ἐστὶ
3219 2490 3469 2561 διαφορὰ,
3517 2494 3636 2547 καθ’
3666 2497 3730 2566 ἣν
3769 2498 3836 2551 τὰ
3888 2501 3984 2568 μὲν

2416 2575 2783 2644 ὲπιδημητικά
2809 2579 2868 2629 τέ
2901 2581 3016 2632 ἐστι
3063 2582 3156 2634 καὶ
3199 2583 3458 2656 ἐγχώρια,
3498 2585 3566 2638 τὰ
3618 2587 3673 2640 δὲ
3725 2589 3986 2660 ἀπαίρειν

2415 2666 2622 2732 πέφυκε
2658 2670 3012 2738 πορρωτάτω,
3047 2674 3137 2724 καὶ
3179 2676 3441 2744 χειμῶνος
3475 2677 3782 2745 ἐγγίζοντος
3829 2683 3982 2734 ἐκτοο

2416 2756 2592 2820 πίζειν
2632 2756 2707 2819 ὡς
2738 2757 2808 2809 τὰ
2841 2758 3029 2813 πολλά.
3075 2762 3343 2834 Χειροήθη
3396 2766 3452 2818 δὲ
3500 2770 3592 2820 καὶ
3635 2770 3865 2822 τιθασσά
3915 2772 3984 2823 τά

2415 2849 2600 2912 πολλὰ,
2625 2850 2731 2902 τῶν
2757 2851 2959 2922 ὀρνέων
2998 2853 3368 2923 ὲκτρεφόμενα
3401 2857 3626 2923 γίνεται,
3653 2861 3792 2927 πλήν
3824 2877 3888 2926 γε
3921 2861 3983 2932 δὴ

2413 2942 2519 2994 τῶν
2543 2942 2806 3006 ἀσθενῶν,
2829 2943 2863 2996 ἃ
2898 2943 2964 2995 δι’
2993 2944 3436 3015 ὑπερϐάλλουσαν
3465 2947 3665 3000 δειλίαν
3700 2948 3792 3002 καὶ
3820 2952 3983 3005 ἀναν-

2415 3033 2568 3103 δρίαν
2612 3034 2711 3103 τὴν
2760 3034 2952 3104 συνεχῆ
2978 3034 3077 3104 τῆς
3115 3035 3295 3105 χειρὸς
3318 3035 3596 3106 ἐνόχλησιν
3626 3038 3723 3107 οὐχ
3760 3038 3985 3106 ὑφίστα-

2416 3143 2504 3184 ται
2540 3126 2672 3196 (50).
2721 3125 2880 3177 Ἀλλά
2908 3127 3000 3178 καὶ
3054 3126 3574 3198 συνανθρωπιστικοί
3600 3146 3741 3191 τινες
3765 3129 3872 3181 τῶν
3896 3132 3973 3200 ὀρ-

753 3209 989 3275 quaedam
1012 3210 1264 3276 gaudent,
1291 3217 1345 3262 et
1390 3210 1602 3263 easdem
1650 3222 1809 3277 atque
1840 3226 1935 3263 nos
1975 3211 2074 3278 ipsi
2109 3212 2316 3264 habita-
2342 3237 2382 3292 ο
2416 3233 2436 3267 ν

2296 3238 2316 3251 -
2342 3237 2382 3292 ο
2416 3215 2576 3268 νίθων
2604 3217 2728 3277 εἰσὶ,
2759 3216 2857 3280 τὰς
2892 3216 3060 3279 αὑτὰς
3087 3219 3219 3287 ἡμῖν
3258 3221 3499 3290 οἰκήσεις
3527 3221 3979 3291 καταδεχόμενοι·

753 3298 929 3354 tiones
955 3299 1253 3365 recipiunt:
1283 3299 1401 3351 alia:
1426 3299 1662 3352 incolunt
1693 3309 2003 3362 montes,ac
2031 3303 2315 3355 solitudine

753 3389 1110 3444 delectantur.
1161 3390 1252 3443 Illa
1308 3391 1726 3460 uniuscujusque
1773 3389 2073 3460 pr0prietas
2099 3406 2216 3460 quae
2249 3392 2315 3446 ad

751 3495 937 3535 vocem
967 3484 1222 3551 pertinet,
1260 3484 1550 3536 maximum
1592 3485 1755 3538 etiam
1796 3483 2084 3539 discrimen
2134 3481 2312 3536 eﬂicit.

751 3573 886 3632 Alia)
911 3574 1054 3628 enim
1087 3574 1334 3627 volucres
1367 3575 1620 3643 loquaces
1657 3582 1780 3629 sunt
1808 3586 1861 3629 et
1894 3575 2120 3645 garrulae
2151 3592 2165 3639 ;
2197 3574 2316 3630 alia:

755 3665 1052 3724 taciturna.
1088 3664 1179 3720 Hae
1208 3666 1422 3734 quidem
1446 3675 1745 3727 canorae,et
1775 3666 1997 3719 multum
2034 3667 2310 3732 clamosa;

754 3756 856 3811 illae
872 3758 1093 3812 omnino
1109 3758 1486 3814 modulationis
1504 3774 1566 3814 ac
1579 3768 1768 3813 cantus
1782 3766 2046 3826 expertes.
2065 3759 2313 3824 Quaedam

753 3857 878 3906 sunt
909 3847 1246 3911 imitatrices,
1264 3849 1656 3903 aemulationem
1687 3847 1831 3902 illam
1858 3847 1939 3902 vel
1965 3864 1993 3900 a
2026 3857 2214 3901 natura
2237 3849 2317 3901 vel

752 3938 822 3998 ab
838 3941 1094 3993 exercitio
1114 3941 1440 4010 accipientes
1468 3959 1480 3994 :
1502 3941 1743 4009 quaedam
1763 3941 2002 3994 eamdem
2022 3954 2234 4008 semper
2255 3955 2320 3994 ac

755 4029 1143 4083 immutabilem
1166 4045 1349 4084 vocem
1383 4033 1656 4086 emittunt.
1691 4031 1965 4100 Superbus
1998 4042 2079 4088 est
2106 4032 2316 4102 gallus:

750 4131 974 4177 Ornatus
1026 4131 1080 4176 et
1113 4123 1391 4192 elegantiae
1427 4135 1632 4178 amator
1668 4136 1753 4182 est
1800 4142 1934 4196 pavo
1973 4147 1984 4180 :
2022 4126 2319 4183 libidinosa:

752 4216 1032 4281 columbae,
1081 4218 1303 4287 perinde
1352 4226 1512 4286 atque
1567 4217 1773 4286 gallina:
1831 4220 2172 4282 domesticae,
2201 4234 2320 4289 quae

751 4307 899 4361 nullo
923 4323 1026 4361 non
1065 4317 1303 4377 tempore
1333 4307 1539 4362 libidini
1578 4307 1872 4377 indulgent.
1922 4307 2112 4363 Dolosa
2144 4320 2198 4364 et
2225 4326 2316 4366 ze-

750 4396 930 4464 lotypa
974 4397 1160 4463 perdix
1206 4406 1308 4462 est,
1345 4397 1690 4452 venatoribus
1722 4399 1788 4450 ad
1833 4400 2065 4466 praedam
2099 4401 2317 4474 capien-

750 4493 872 4546 dam
907 4493 1169 4549 malitiose
1190 4510 1342 4548 suam
1374 4509 1593 4563 operam
1625 4505 1909 4564 praestans.

2421 3307 2565 3360 ἄλλοι
2599 3306 2653 3357 δὲ
2687 3306 2850 3376 ὄρειοι
2888 3308 2979 3359 καὶ
3023 3309 3329 3380 φιλέρημοι.
3359 3311 3603 3382 Μεγίστη
3654 3312 3708 3366 δὲ
3753 3311 3984 3383 διαφορά

2421 3398 2514 3449 καὶ
2548 3399 2580 3467 ἡ
2617 3399 2746 3467 περὶ
2778 3397 2878 3466 τὴν
2911 3398 3091 3468 φωνὴν
3132 3401 3328 3472 ἰδιότης
3367 3404 3615 3457 ἑκάστου.
3649 3407 3710 3458 Οί
3745 3406 3841 3475 μὲν
3877 3407 3985 3476 γὰρ

2422 3489 2639 3542 κωτίλοι
2669 3489 2761 3541 καὶ
2792 3488 2939 3541 λάλοι
2961 3490 3067 3542 τῶν
3098 3492 3326 3561 ὀρνίθων
3374 3497 3509 3548 εἰσίν
3529 3514 3541 3526 ⁸
3583 3498 3630 3548 οἱ
3664 3497 3720 3550 δὲ
3752 3499 3979 3568 σιγηλοί.

2421 3584 2530 3636 Καὶ
2575 3582 2640 3636 τὰ
2703 3584 2801 3654 μὲν
2842 3584 3013 3654 ᾠδικά
3041 3583 3139 3636 καὶ
3183 3585 3502 3654 πολύφωνα·
3544 3588 3611 3642 τά
3665 3590 3721 3642 δὲ
3771 3592 3984 3660 ἄμουσα

2422 3678 2697 3741 παντελῶς
2747 3679 2839 3732 καὶ
2867 3679 3011 3749 ᾠδῆς
3044 3678 3265 3750 ἄμοιρα.
3305 3681 3413 3733 Καὶ
3457 3681 3528 3733 τὰ
3557 3683 3652 3751 μὲν
3687 3684 3915 3753 μιμηλὰ,
3949 3684 3982 3755 ἢ

2423 3772 2484 3822 ὲκ
2536 3771 2747 3839 φύσεως
2799 3771 2987 3841 ἔχοντα
3031 3771 3092 3823 τὸ
3141 3771 3445 3842 μιμεῖσθαι,
3494 3772 3526 3840 ἢ
3583 3772 3641 3838 eg
3703 3775 3984 3844 ἀσκήσεως

2423 3862 2796 3930 προσλαϐόντα
2824 3862 2954 3931 (51)’
2990 3860 3057 3914 τὰ
3084 3861 3139 3923 δὲ
3186 3860 3514 3932 μονότροπον
3544 3861 3636 3914 καὶ
3675 3862 3983 3931 ἀμετάϐλη-

2422 3965 2512 4000 τον
2541 3951 2637 4021 τὴν
2664 3952 2845 4022 φωνὴν
2874 3951 3116 4018 ἀφιέντα.
3149 3951 3356 4020 Γαῦρον
3383 3954 3410 4004 ὁ
3443 3949 3752 4021 ἀλεκτρυών
3774 3967 3786 3979 ·
3839 3952 3985 4018 990.6-

2425 4040 2586 4092 καλον
2615 4045 2641 4094 ὁ
2680 4042 2822 4106 ταώς
2843 4059 2857 4074 ο
2906 4043 3111 4109 λάγνιοι
3150 4046 3207 4097 αἱ
3241 4045 3558 4114 περιστεραὶ
3594 4044 3686 4097 καὶ
3719 4043 3776 4097 αἱ
3803 4061 3985 4097 κατοιο

2424 4131 2582 4183 κίδιοι
2639 4132 2833 4202 ὄρνεις,
2869 4135 2960 4185 ἐπὶ
2993 4131 3192 4194 παντὸς
3221 4132 3413 4201 καιροῦ
3449 4133 3508 4184 τὸ
3548 4135 3985 4188 συνουσιαστικόν

2424 4224 2663 4293 ἔχουσαι.
2721 4224 2942 4293 Δολερόν
2993 4226 3021 4275 ὁ
3090 4223 3200 4292 (52)
3258 4222 3448 4292 πέρδιξ
3505 4224 3599 4276 καὶ
3662 4225 3983 4292 ζηλότυπον,

2424 4316 2743 4388 κακούργως
2809 4315 3171 4386 συμπράττων
3233 4317 3346 4376 τοῖς
3392 4313 3650 4386 θηραταῖς
3702 4316 3837 4387 πρὸς
3888 4318 3987 4386 τὴν

2424 4410 2617 4480 ἄγραν.

823 4581 878 4636 4.
919 4581 1200 4638 lnnumera
1252 4593 1396 4650 sunt,
1461 4597 1518 4664 ut
1577 4587 1837 4650 diximus,
1869 4595 1924 4640 et
1964 4587 2232 4641 actionum
2262 4597 2317 4643 et
2349 4598 2392 4651 Ι)
2489 4593 2506 4645 Δ

2303 4597 2317 4641 ι
2349 4598 2392 4651 Ι)
2489 4593 2542 4646 4.
2566 4593 2798 4664 ’Μυρίαι,
2839 4592 2913 4654 ὡς
2948 4591 3177 4662 ἔφαμεν,
3209 4593 3428 4646 καὶτῶν
3465 4593 3714 4664 πράξεων
3753 4591 3846 4646 καὶ
3881 4594 3986 4646 τῶν

748 4672 873 4726 vitae
916 4673 1246 4733 discrimina.
1289 4659 1722 4743 Porro-quaedam
1759 4693 1824 4732 ex
1860 4679 1943 4732 his
1989 4679 2161 4732 brutis
2197 4683 2319 4735 ani-

751 4764 1022 4826 niantibus
1050 4776 1175 4820 sunt
1201 4782 1414 4836 quoque
1444 4766 1672 4836 politiczc
1701 4786 1712 4820 :
1739 4770 1999 4837 siquidem
2029 4769 2201 4825 civilis
2232 4775 2322 4826 ad-

751 4858 1163 4917 ministrationis
1199 4859 1471 4928 proprium
1516 4869 1619 4921 est,
1653 4870 1709 4912 ut
1739 4861 1803 4913 ad
1853 4876 2015 4915 unum
2068 4878 2320 4920 commu-

751 4963 871 5004 nem
905 4951 1061 5003 linem
1090 4950 1420 5020 singulorum
1448 4952 1686 5006 actiones
1722 4963 2065 5019 concurrant,
2099 4965 2156 5006 ut
2177 4957 2321 5024 quis-

749 5056 856 5110 que
899 5042 950 5095 in
988 5044 1179 5110 apibus
1211 5044 1407 5098 intueri
1459 5052 1653 5113 potest.
1700 5043 1794 5096 llis
1841 5043 1986 5096 enim
2019 5049 2318 5103 communis

825 5180 935 5251 (47)
956 5179 1088 5249 Reg.
1118 5181 1321 5251 primus
1344 5197 1464 5236 cum
1496 5181 1648 5236 Colb.
1685 5181 1867 5235 itidem
1900 5181 2072 5250 primo
2095 5181 2326 5238 διασπα-

755 5250 1113 5442 ραέῗέῐξὶυιὺ.
1142 5323 1346 5392 primus
1371 5322 1547 5376 αὐτῶν
1567 5324 1724 5375 εἰσιν.
1751 5321 1868 5378 Mox
1899 5324 2035 5377 idem
2057 5337 2159 5374 ms.
2186 5326 2325 5381 κατά

756 5408 924 5442 συιυγ
951 5409 1036 5442 αν.

756 5408 1106 5536 ῗυῖξεῖίοὲἁίιῑ
1124 5463 1199 5536 ὡς
1226 5463 1282 5517 αι
1309 5464 1648 5536 περιῌστεραξε
1671 5463 1939 5536 Ατιίβωυε
1959 5466 2108 5519 dce“
2127 5462 2176 5515 i"
2196 5479 2322 5520 "'ss'

753 5532 1007 5606 Subinde
1033 5534 1181 5586 multi
1214 5551 1360 5606 mss,
1382 5532 1574 5606 ψῆρες.
1613 5533 1748 5606 Editi
1780 5533 1973 5603 ψάρες.

978 5602 1105 5670 Reg.
1138 5613 1322 5658 sextus
1342 5602 1682 5674 ὑφίστανται.
1715 5602 2060 5660 IbidemCod.
2080 5602 2323 5660 Combel'.

754 5673 949 5731 συνανθ
959 5676 1204 5744 ρωπικοί.

853 5745 939 5815 ει)
964 5743 1195 5815 Codices
1225 5745 1330 5798 duo
1363 5743 1890 5815 προσλαμϐάνονται.

853 5749 939 5805 5|)
967 5749 1195 5797 Codices
1225 5749 1330 5798 duo
1363 5749 1890 5815 προσλαμϐάνονται.

994 5813 1143 5878 Regii
1166 5883 1174 5886 ἓ
1201 5817 1425 5886 primus,
1466 5826 1654 5886 tertius
1688 5825 1749 5886 et
1780 5817 1998 5886 quintus
2028 5816 2242 5886 δολερὸς
2273 5820 2319 5870 ὁ.

764 5879 902 5943 Editi
927 5897 1048 5938 cunt
1073 5879 1251 5943 multis
1281 5884 1397 5938 aliis
1421 5879 1549 5939 mss.
1582 5879 1864 5961 δολερδνὸ.
1904 5885 2082 5942 Potest
2109 5879 2320 5958 quidem

2428 4686 2554 4756 βίων
2584 4685 2854 4755 διαφοραί.
2896 4685 3128 4738 Ἔστιδὲ
3156 4703 3275 4738 τινα
3309 4687 3402 4737 καὶ
3440 4684 3693 4738 πολιτικά
3725 4684 3832 4739 τῶν
3872 4687 3989 4738 ἀλό-

2425 4795 2555 4846 γων,
2587 4777 2744 4847 εἴπερ
2774 4776 3047 4841 πολιτείας
3077 4778 3225 4839 ἴδιον,
3256 4777 3314 4830 τὸ
3343 4778 3478 4848 πρὸς
3511 4777 3566 4828 ἓν
3601 4776 3775 4845 πέρας
3813 4778 3988 4831 κοινὸν

2429 4870 2701 4922 συννεύειν
2747 4870 2844 4939 τὴν
2896 4870 3174 4941 ἐνέργειαν
3219 4870 3324 4922 τῶν
3356 4869 3474 4924 καθ’
3503 4869 3751 4935 ἕκαστον,
3790 4870 3866 4932 ὡς
3900 4872 3990 4922 ἐπὶ

2426 4961 2532 5012 τῶν
2567 4961 2832 5031 μελισσῶν
2856 4962 2920 5013 ἄν
2949 4979 3032 5024 τις
3069 4961 3184 5014 ἴδοι.
3208 4961 3314 5013 Καὶ
3334 4961 3441 5032 γάρ
3463 4962 3683 5014 ἐκείνων
3711 4962 3861 5032 κοινὴ
3895 4963 3990 5032 μὲν

2427 5053 2459 5122 ή
2492 5053 2724 5123 οἴκησις,
2760 5054 2911 5124 κοινὴ
2933 5053 3039 5123 δὲή
3069 5054 3284 5122 πτῆσις,
3303 5052 3530 5126 ἐργασία
3564 5053 3621 5106 δὲ
3651 5053 3866 5106 πάντων
3880 5053 3989 5122 (55)

2430 5190 2585 5242 let-tio
2618 5200 2843 5256 ulraque
2877 5190 3087 5242 admitti
3116 5190 3240 5243 :scd
3270 5205 3391 5243 cum
3417 5199 3729 5244 constanter
3755 5188 3854 5240 hoc
3881 5188 3992 5254 ipso

2430 5263 2481 5313 in
2547 5263 2662 5314 loco
2723 5262 3017 5325 reperiatur
3079 5260 3129 5311 in
3189 5261 3437 5313 omnilms
3491 5276 3617 5314 mss.
3672 5258 3990 5327 ζηλότυπον,

2428 5332 2654 5400 dubium
2682 5346 2784 5381 non
2829 5331 3001 5383 habeo
3035 5330 3161 5400 quin
3209 5331 3488 5398 legendum
3518 5331 3588 5381 sit
3616 5328 3852 5400 δολερόν.

2500 5400 2610 5471 (55)
2645 5399 2936 5471 Editicnm
2962 5399 3142 5452 multis
3175 5415 3304 5452 mss.
3345 5400 3583 5453 πάντων.
3617 5399 3769 5453 Colb.
3805 5414 3994 5471 secun-

2427 5468 2527 5523 dus
2563 5468 2768 5522 πασῶν.
2800 5468 2966 5523 Nemo
2997 5485 3098 5523 non
3135 5470 3674 5523 vidctcorrectionem
3706 5485 3822 5521 esse
3848 5469 3995 5536 igna-

2430 5541 2471 5592 ri
2529 5541 2756 5603 librarii,
2791 5542 2876 5608 qui
2918 5540 3058 5605 quod
3112 5556 3208 5592 vox
3263 5539 3487 5608 μέλισσα
3517 5540 3754 5592 feminini
3784 5540 3991 5605 generis

2433 5612 2521 5674 sit,
2554 5612 2623 5663 ita
2655 5611 3044 5665 emendandum
3077 5626 3195 5663 esse
3231 5613 3458 5675 putavit.
3491 5610 3593 5662 Sed
3627 5608 3752 5660 nihil
3781 5626 3994 5662 necesse

2436 5681 2552 5733 fuit.
2583 5679 2713 5732 Nam
2750 5691 2807 5733 ut
2843 5681 2974 5731 alias
3003 5696 3161 5746 saepe,
3184 5680 3252 5729 ita
3283 5680 3364 5749 liic
3387 5679 3637 5749 generale
3663 5678 3874 5747 aliquod
3902 5695 3992 5749 n07

2436 5767 2553 5802 Inv'n
2587 5751 2925 5815 subauditur,
2966 5760 3087 5818 puta
3110 5749 3262 5812 ζῶον.
3296 5747 3491 5806 Statim
3527 5749 3666 5805 idem
3706 5752 3871 5805 codex
3904 5747 3992 5806 καὶ

2431 5821 2714 5892 ταξιάρχη.
