4262 6508
290 476 393 523 1ἶῆ

1385 467 1664 522 llUMILlA
1707 465 1816 519 Vlll
1857 468 1919 520 IN
1963 469 2460 524 ΙΙΕΧΛΕΜΕΒΟΝ.

3434 470 3533 522 ιτιι

291 584 419 654 μία·
449 587 542 635 καί
565 582 626 634 τὸ
665 581 937 650 μέγιστον,
974 581 1053 632 ὅτι
1089 581 1190 631 ὑπὸ
1228 580 1436 648 βασιλεῖ
1466 583 1558 632 καὶ
1588 581 1865 652 ταξιάρχῳ
1898 595 1938 641 Α
1968 607 1974 631 t

1848 601 1865 631 J
1898 595 1938 641 Α
1968 600 2045 638 νει
2080 586 2360 646 habitatio,
2387 585 2687 637 communis
2725 581 2951 643 volatus,
2998 601 3207 654 imaque
3262 595 3314 637 et
3347 589 3531 640 eadem

285 675 396 728 τινὶ
415 677 521 728 τῶν
562 675 736 744 ἔργων
761 673 1038 733 άπτονται,
1070 673 1127 724 οὺ
1158 674 1415 743 πρότερον
1439 673 1859 743 καταδεχόμεναι

287 769 383 821 ἐπὶ
407 769 532 830 τοὺς
561 764 829 835 λειμῶνας
860 767 1052 829 ἐλθεῖν,
1081 765 1208 834 πρὶν
1246 764 1309 816 ἂν
1342 765 1490 817 ἴδωσι
1518 765 1860 834 κατάρξαντα

289 861 381 913 τὸν
405 860 626 929 βασιλέα
653 859 750 928 τῆς
775 861 1047 928 πτήσεως.
1075 858 1179 908 Καὶ
1209 857 1353 910 ἐστιν
1378 859 1565 916 αὑταῖς
1595 855 1654 906 οὐ
1687 873 1860 926 χειρο-

291 953 510 1021 τονητὸς
534 953 561 1003 ὁ
595 950 843 1020 βασιλεὺς
867 949 1145 1018 (πολλάκις
1177 949 1281 1020 γὰρ
1312 949 1536 1020 ἀκρισία
1555 949 1727 1016 δήμου
1752 949 1860 1016 (54)

291 1044 381 1094 τὸν
415 1041 682 1112 χείριστον
717 1046 794 1106 εἰς
829 1041 1001 1111 ἀρχὴν
1046 1045 1458 1112 προεστήσατο),
1492 1041 1611 1092 οὐδὲ
1654 1041 1861 1111 κληρω-

290 1135 387 1203 τὴν
413 1135 549 1203 ἔχων
578 1137 674 1206 τὴν
705 1132 952 1200 ἐξουσίαν
985 1134 1186 1200 (ἄλογοι
1212 1138 1317 1205 γὰρ
1345 1139 1399 1188 αἱ
1446 1133 1722 1202 συντυχίαι
1755 1135 1861 1185 τῶν

288 1227 508 1298 κλήρων
533 1231 624 1280 ἐπὶ
661 1229 750 1279 τὸν
786 1227 998 1278 πάντων
1031 1226 1253 1295 ἔσχατον
1303 1228 1559 1288 πολλάκις
1581 1227 1640 1278 τὸ
1667 1228 1862 1298 κράτος

290 1320 596 1388 φέρουσαι),
615 1319 734 1370 οὐδὲ
770 1320 834 1369 ἐκ
871 1319 1138 1388 πατρικῆς
1161 1320 1407 1388 διαδοχῆς
1435 1321 1544 1380 τοῖς
1573 1318 1862 1386 βασιλείοις

289 1411 720 1480 ἐγκαθεζόμενος
756 1411 871 1478 (καὶ
928 1411 1034 1482 γὰρ
1069 1415 1160 1465 καὶ
1211 1409 1354 1464 οὗτοι
1401 1412 1711 1464 ἀπαίδευτοι
1770 1412 1863 1464 καὶ

292 1503 525 1571 ἀμαθεῖς
556 1504 734 1574 πάσης
770 1504 967 1573 ἀρετῆς
993 1504 1078 1556 διὰ
1111 1505 1319 1574 τρυφήν
1350 1504 1443 1553 καὶ
1477 1503 1763 1555 κολακείαν
1789 1502 1864 1563 ῶς

287 1592 360 1642 τὰ
395 1593 560 1646 πολλὰ
593 1595 873 1661 γίνονται).
935 1595 1046 1648 ἀλλ’
1093 1597 1154 1645 ἐκ
1187 1594 1398 1660 φύσεως
1437 1595 1572 1663 ἔχων
1619 1595 1678 1646 τὸ
1725 1592 1864 1644 κατά

289 1685 509 1737 πάντων
540 1690 821 1757 πρωτεῖον,
851 1689 941 1738 καὶ
973 1685 1190 1754 μεγέθει
1212 1685 1478 1756 διαφέρων
1502 1689 1593 1738 καὶ
1629 1687 1863 1755 σχήματι

289 1777 387 1828 καὶ
423 1781 489 1847 τῇ
523 1778 616 1830 τοῦ
649 1779 809 1847 ἤθους
855 1777 1140 1847 πραότητι.
1189 1777 1342 1829 Ἐστι
1376 1778 1474 1846 μὲν
1509 1777 1616 1846 γὰρ
1644 1778 1864 1846 κέντρον

286 1869 368 1937 τῷ
401 1869 626 1936 βασιλεῖ,
659 1869 770 1919 ἀλλ’
806 1870 866 1918 οὐ
905 1869 1100 1937 χρῆται
1130 1868 1303 1937 τούτῳ
1329 1869 1463 1938 πρὸς
1490 1869 1720 1938 ἄμυναν.
1758 1867 1862 1920 Νό-

1968 681 2203 732 omnium
2235 677 2377 732 actio
2406 693 2418 727 :
2463 689 2511 730 et
2563 680 2704 746 quod
2761 677 3085 744 praecipuum
3120 688 3230 740 est,
3266 679 3364 732 Sub
3393 692 3534 740 rege,

1967 778 2022 820 ct
2052 768 2150 819 sub
2172 768 2402 836 quodam
2436 768 2688 834 praelecto
2727 781 2945 832 operam
2976 769 3394 836 aggrediuntur;
3431 783 3534 818 tmtl

1969 859 2115 928 prius
2149 861 2210 912 ad
2245 871 2391 929 prata
2436 860 2697 930 proficisci
2736 859 2842 930 74
2873 876 3034 920 aus:e,
3063 876 3222 928 quam
3253 877 3426 928 regem
3462 863 3542 915 vi-

1970 952 2145 1005 derint
2189 953 2385 1008 volatui
2437 962 2784 1023 praeeuntem.
2822 954 2933 1006 Rex
2998 963 3173 1006 autem
3229 959 3366 1020 apud
3399 957 3538 1022 ipsas

1971 1040 2240 1111 suffragiis
2296 1058 2398 1097 non
2443 1054 2680 1107 creatur,
2739 1047 2925 1113 vulgus
2963 1059 3192 1113 namque
3227 1045 3412 1111 judicii
3455 1048 3536 1098 iu-

1968 1134 2087 1201 opia
2118 1133 2405 1204 pessimum
2437 1150 2802 1204 smpenumero
2831 1138 2894 1187 ad
2926 1139 3281 1208 principatum
3323 1142 3534 1194 evexit:

1971 1241 2144 1294 neque
2182 1235 2327 1280 sorte
2357 1235 2672 1294 potestatem
2701 1231 3024 1298 assequitur,
3077 1233 3341 1285 temerarii
3394 1235 3535 1286 enim

1970 1320 2193 1372 sortium
2241 1333 2399 1373 casus
2446 1318 2728 1386 imperium
2760 1336 2900 1389 same
2937 1322 2987 1373 in
3024 1324 3258 1377 omnium
3307 1325 3534 1378 deterri-

1971 1426 2114 1462 nnnn
2149 1411 2432 1465 conferunt
2465 1426 2476 1460 :
2512 1426 2607 1464 nec
2631 1425 2692 1464 ex
2733 1423 2949 1478 paterna
2995 1418 3335 1472 successione
3372 1420 3421 1472 in
3456 1435 3535 1472 re-

1970 1504 2070 1573 gali
2104 1503 2296 1558 throno
2325 1503 2634 1565 collocatur,
2676 1522 2795 1557 nam
2831 1515 2883 1557 ct
2913 1507 2943 1558 ii
2979 1510 3136 1563 rudes
3181 1521 3537 1578 expertesque

1972 1600 2184 1651 virtutis
2215 1599 2408 1662 omnis,
2445 1599 2513 1652 ob
2547 1598 2765 1651 delicias
2794 1609 2847 1651 et
2877 1605 3269 1657 assentationes
3298 1602 3532 1672 plerum-

1972 1707 2074 1758 que
2105 1692 2268 1754 fiunt;
2296 1692 2386 1744 sed
2421 1706 2448 1742 a
2485 1701 2676 1744 natura
2715 1691 2765 1743 in
2799 1707 2986 1744 oumes
3015 1693 3222 1746 obtinet
3263 1696 3535 1763 principa-

1973 1792 2082 1834 tum
2115 1799 2128 1834 :
2155 1784 2347 1850 quippe
2385 1791 2439 1835 et
2468 1783 2834 1851 magnitudine
2865 1795 2919 1837 et
2942 1784 3112 1838 forma
3135 1795 3188 1839 et
3216 1802 3426 1841 morum
3457 1789 3535 1842 le-

1974 1875 2141 1927 nitate
2168 1875 2457 1927 antecellit.
2485 1874 2624 1930 Inest
2659 1877 2872 1945 quidem
2904 1877 3013 1946 regi
3053 1881 3269 1933 aculeus
3306 1898 3318 1933 :
3355 1882 3446 1934 sed
3472 1898 3537 1936 eo

293 1976 383 2026 μοι
416 1958 557 2020 τινές
591 1961 725 2009 εἰσιν
777 1954 922 2011 οὗτοι
971 1959 1066 2029 τῆς
1123 1960 1333 2027 φύσεως
1368 1960 1623 2031 ἄγραφοι,
1666 1960 1867 2031 ἀργοὺς
1901 1952 1939 2008 Β
1971 1982 1976 2019 ι

1853 1978 1867 2024 ς
1901 1952 1939 2008 Β
1971 1980 2072 2020 non
2103 1965 2269 2018 utitur
2303 1967 2367 2017 ad
2415 1963 2692 2019 ultionem.
2753 1965 2844 2018 llm
2873 1975 2998 2018 sunt
3053 1967 3295 2034 quaedam
3333 1976 3536 2021 natura!

291 2044 430 2099 εἶναι
470 2049 602 2118 πρὸς
630 2052 899 2120 τιμωρίαν
933 2052 1058 2114 τοὺς
1091 2053 1196 2105 τῶν
1243 2053 1512 2123 μεγίστων
1541 2054 1863 2106 δυναστειῶν

290 2139 687 2206 ἐπιϐαίνοντας.
723 2144 882 2196 Ἀλλά
915 2147 1007 2197 καὶ
1041 2149 1158 2207 ταῖς
1205 2147 1504 2214 μελίσσαις,
1541 2147 1658 2197 ὅσαι
1693 2146 1757 2197 ἂν
1789 2146 1863 2214 μὴ

289 2235 699 2303 ἁκολουθήσωσι
730 2235 806 2304 τῷ
850 2238 1212 2305 ὑποδείγματι
1257 2238 1349 2288 τοῦ
1408 2237 1688 2304 βασιλέως,
1728 2239 1862 2304 ταχὺ

291 2329 587 2396 μεταμέλει
639 2329 739 2396 τῆς
789 2330 1066 2392 ἀϐουλίας,
1095 2331 1266 2399 ὅτιτῇ
1301 2329 1479 2400 πληγῇ
1512 2330 1602 2382 τοῦ
1639 2330 1862 2400 κέντρου

289 2421 803 2491 ἑπαποθνήσκουσιν
833 2423 965 2492 (55).
1017 2422 1386 2474 Ἀκουέτωσαν
1417 2422 1748 2493 Χριστιανοὶ,
1782 2419 1862 2483 οἷς

288 2514 621 2585 πρόσταγμα
669 2518 784 2568 ἐστι
841 2515 1029 2585 μηδενὶ
1069 2517 1235 2568 κακὸν
1270 2517 1386 2567 ἀντί
1421 2515 1588 2569 κακοῦ
1616 2517 1862 2569 ἀποδιδὸ-

289 2625 399 2669 ναι,
432 2608 565 2661 ἀλλά
587 2610 741 2679 νικᾷν
783 2611 838 2661 ἐν
865 2607 939 2678 τῷ
967 2608 1154 2679 ἀγαθῴ
1185 2609 1245 2660 τὸ
1273 2609 1461 2661 κακόν.
1491 2609 1739 2678 Μίμησαι
1765 2613 1862 2678 τῆς

293 2700 554 2771 μελίσσης
593 2702 650 2753 τὸ
705 2702 1025 2773 ἰδιότροπον,
1089 2703 1192 2765 ὅτι,
1237 2701 1412 2754 οὐδενὶ
1469 2701 1858 2770 λυμαινομένη,

286 2795 410 2845 οὐδὲ
432 2797 641 2864 καρπὸν
674 2797 948 2866 ἀλλότριον
978 2797 1385 2866 διαφθείρουσα,
1413 2794 1480 2848 τὰ
1524 2795 1690 2866 κηρία
1720 2811 1860 2864 συμ-

290 2884 577 2951 πήγνυται.
617 2883 718 2936 Τὸν
762 2889 856 2954 μὲν
886 2888 994 2955 γὰρ
1024 2887 1190 2954 κηρὸν
1221 2888 1325 2937 ἀπὸ
1351 2887 1456 2937 τῶν
1488 2886 1663 2939 ἀνθῶν
1697 2903 1860 2954 φανε-

290 2974 402 3044 ρῶς
430 2977 740 3047 συναγείρει
776 2978 905 3045 (fili),
942 2978 1075 3030 τὸδὲ
1115 2977 1254 3046 μέλι,
1283 2977 1380 3046 τὴν
1417 2977 1730 3046 δροσοειδῶς
1773 2981 1858 3031 ὲν-

287 3069 645 3139 εσπαρμένην
691 3070 866 3122 νοτίδα
914 3072 1026 3131 τοῖς
1057 3068 1293 3127 ἄνθεσιν,
1341 3069 1757 3138 ἐπισπασαμένη
1785 3070 1862 3138 τῷ

291 3159 540 3226 στόματι,
574 3162 775 3231 ταύτην
808 3165 923 3223 ταῖς
950 3162 1221 3230 κοιλότησι
1244 3161 1349 3213 τῶν
1387 3161 1592 3230 κηρίων
1634 3160 1857 3230 ἐνίησιν.

291 3246 455 3301 Ὅθεν
491 3253 581 3304 καὶ
611 3253 772 3322 ὑγρὸν
817 3254 966 3322 παρὰ
1019 3254 1115 3320 τὴν
1152 3253 1373 3323 πρώτην
1406 3252 1549 3304 ἐστίν
1575 3269 1587 3281 ⁸
1620 3247 1736 3303 εἶτα
1785 3251 1861 3321 τῷ

287 3345 465 3416 χρόνῳ
515 3342 844 3412 συμπειρθὲν,
889 3343 1023 3412 πρὸς
1075 3345 1170 3413 τήν
1203 3345 1406 3395 οἰκείαν
1458 3344 1712 3396 σύστασιν
1768 3344 1860 3396 καὶ

290 3437 482 3506 ἡδονὴν
547 3434 923 3504 ἐπανέρχεται.
989 3433 1182 3486 Καλῶν
1225 3435 1316 3485 καὶ
1361 3435 1674 3504 πρεπόντων
1721 3433 1858 3502 αὕτη

288 3529 398 3579 τῶν
444 3529 680 3580 ἐπαίνων
732 3526 883 3597 παρὰ
937 3526 1037 3593 τῆς
1087 3525 1388 3596 Παροιμίας
1429 3526 1539 3593 (57)
1572 3527 1856 3595 τετύχηκε,

291 3617 431 3686 σοφὴ
460 3619 554 3668 καὶ
579 3619 796 3686 ἐργάτις
837 3616 1224 3686 ὁνομασθεῖσα’
1262 3615 1402 3667 οὕτω
1438 3614 1535 3684 μὲν
1563 3613 1860 3682 φιλοπόνως

291 3710 390 3779 τὴν
420 3709 629 3779 τροφὴν
660 3710 1048 3778 συναγείρουσα
1078 3705 1171 3777 (ἧς
1218 3707 1359 3772 τοὺς
1412 3709 1658 3771 πόνους,
1704 3707 1857 3775 φησὶ,

284 3800 571 3864 ,βασιλεῖς
598 3799 690 3851 καί
723 3799 937 3851 ἰδιῶται
971 3801 1118 3866 πρὸς
1147 3800 1351 3868 ὑγείαν
1375 3797 1857 3867 προσφέρονται),

287 3893 433 3946 οὕτω
477 3892 530 3944 δὲ
566 3893 742 3960 σοφῶς
786 3891 1169 3960 φιλοτεχνοῦσα
1202 3894 1299 3956 τὰς
1332 3895 1615 3966 ἀποθήκας
1637 3892 1729 3946 τοῦ
1765 3893 1861 3962 μέ-

289 3986 434 4048 λιτος
469 3986 570 4051 (εἰς
615 3984 807 4036 λεπτὸν
849 3984 955 4053 γὰρ
997 3984 1168 4052 ὑμένα
1209 3985 1298 4036 τὸν
1326 3986 1490 4055 κηρὸν
1529 3985 1854 4050 διατείνασα,

291 4079 502 4142 πυκνὰς
531 4079 622 4132 καὶ
652 4080 890 4147 συνεχεῖς
922 4077 1181 4147 ἀλλήλαις
1211 4079 1578 4146 συνοικοδομεῖ
1613 4079 1708 4141 τὰς
1748 4096 1859 4130 κοι-

287 4173 558 4242 λότητας),
610 4172 685 4233 ως
716 4171 776 4223 τὸ
813 4171 1010 4223 πυκνὸν
1045 4171 1143 4240 τῆς
1186 4172 1292 4222 τῶν
1338 4170 1679 4240 μικροτάτων
1725 4172 1858 4240 πρὸς

288 4263 495 4332 ἄλληλα
520 4263 716 4324 δέσεως
755 4263 983 4333 ἔρεισμα
1023 4263 1265 4328 γίνεσθαι
1297 4262 1372 4331 τῷ
1403 4263 1580 4316 παντί.
1627 4262 1856 4332 Ἐκάστη

288 4355 397 4424 γὰρ
430 4357 654 4424 φρεατία
682 4353 788 4421 (58)
824 4354 920 4423 τῆς
946 4353 1137 4423 ἐτέρας
1169 4354 1369 4423 ἔχεται,
1399 4353 1576 4422 λεπτῷ
1608 4355 1740 4423 πρὸς
1767 4354 1860 4405 αὑ-

287 4446 386 4516 τὴν
414 4443 754 4514 διειργομένη
775 4461 830 4495 τε
865 4444 998 4514 ὁμοῦ
1025 4447 1118 4496 καὶ
1146 4445 1518 4514 συναπτομένη
1545 4443 1862 4512 τῷδιαφρά⁹

287 4555 478 4606 γματι.
513 4537 739 4588 Ἔπειτα
768 4534 1015 4606 διώροφοι
1049 4537 1140 4590 καὶ
1181 4537 1472 4608 τριώροφοι
1506 4540 1560 4588 αί
1596 4538 1857 4606 σύριγγες

1968 2057 2111 2128 leges
2160 2057 2380 2111 minime
2414 2057 2647 2126 scriptae,
2681 2070 2740 2111 ut
2785 2058 2922 2112 tardi
2976 2058 3086 2112 sint
3119 2060 3181 2111 ad
3224 2060 3535 2122 vindictam,

1965 2151 2053 2216 qui
2128 2151 2194 2204 ad
2269 2150 2560 2204 maximam
2608 2152 2900 2218 potentiam
2946 2161 3072 2205 sunt
3110 2151 3303 2204 evecti.
3349 2151 3452 2206 Sed
3485 2161 3539 2205 et

1966 2254 2299 2308 quascunque
2351 2256 2479 2308 apes
2535 2239 2675 2310 regis
2723 2255 2826 2293 non
2877 2255 3176 2308 sequuntur
3208 2242 3534 2310 exemplum,

1966 2341 2059 2382 eas
2099 2330 2279 2382 statim
2307 2331 2626 2384 temeritatis
2649 2346 2758 2384 sua;
2789 2332 3012 2400 paenitet
3041 2348 3054 2394 ;
3083 2339 3362 2401 propterea
3395 2335 3536 2401 quod

1965 2419 2136 2474 aculei
2168 2421 2272 2474 ictu
2328 2421 2615 2475 intereunt.
2667 2423 2900 2477 Andiant
2944 2423 3257 2487 Christiani,
3288 2425 3376 2490 qui
3408 2425 3535 2477 nulli

1965 2516 2161 2568 malum
2197 2531 2291 2584 pro
2339 2516 2478 2570 malo
2525 2517 2764 2580 reddere,
2802 2520 2893 2571 sed
2925 2519 2974 2571 in
3010 2517 3149 2571 bono
3189 2517 3388 2570 malum
3422 2519 3537 2571 vin-

1964 2621 2086 2661 cere
2111 2608 2364 2675 jubentur
2386 2611 2425 2660 ⁵.
2451 2608 2662 2661 Imitare
2702 2611 2971 2678 propriam
3003 2609 3116 2678 apis
3148 2609 3538 2680 indolem,qua:

1965 2700 2092 2753 nulli
2128 2697 2382 2761 officiens,
2417 2715 2586 2767 neque
2616 2699 2847 2754 fructum
2879 2702 3110 2755 alienum
3161 2717 3532 2770 corrumpens.

1964 2789 2114 2842 favos
2144 2788 2409 2842 construit
2439 2804 2500 2843 ac
2523 2789 2833 2860 compingit.
2871 2788 3004 2843 Nam
3046 2800 3102 2843 ut
3137 2806 3320 2845 ceram
3345 2807 3408 2844 ex
3439 2791 3536 2844 llu-

1964 2880 2112 2934 ribns
2163 2890 2347 2948 aperte
2396 2881 2598 2948 colligit
2650 2882 2772 2934 :‘ita
2822 2882 2962 2946 mel,
3009 2883 3286 2936 humorem
3334 2885 3538 2938 scilicet

1965 2976 2102 3028 roris
2133 2973 2303 3026 instar
2340 2972 2560 3026 floribus
2597 2975 2928 3041 inspersum,
2961 2992 3054 3028 ore
3099 2979 3337 3039 attrahit,
3375 2991 3537 3046 atque

1964 3070 2013 3120 in
2041 3066 2280 3120 favorum
2311 3081 2440 3119 cava
2489 3066 2748 3121 immittit.
2773 3067 2924 3121 Unde
2958 3068 3117 3120 etiam
3168 3069 3340 3136 primo
3379 3070 3537 3137 liqui-

1962 3157 2083 3208 dum
2111 3167 2193 3210 est
2227 3175 2240 3209 :
2277 3158 2466 3210 deinde
2520 3159 2776 3225 temporis
2806 3173 3056 3226 processu
3097 3169 3439 3224 concoctum,
3469 3162 3534 3214 ad

1965 3247 2234 3314 propriam
2261 3249 2656 3301 concretionem
2680 3249 3104 3317 suavitatemque
3127 3252 3387 3318 pervenit.
3410 3253 3538 3321 Apis

1969 3338 2251 3405 praeclaras
2291 3349 2344 3392 et
2387 3342 2764 3394 convenientes
2804 3341 2986 3394 laudes
3013 3358 3041 3394 a
3086 3341 3378 3396 Proverbio
3404 3358 3535 3398 cun-

1967 3441 2150 3486 secuta
2183 3441 2283 3497 est,
2316 3449 2435 3499 qua:
2462 3433 2665 3487 scilicet
2703 3434 2997 3501 appelletur
3037 3434 3251 3502 sapiens
3293 3445 3348 3488 et
3394 3435 3539 3490 labo-

1968 3525 2130 3577 riosa.
2163 3523 2273 3578 Hoc
2305 3526 2479 3592 modo,
2511 3536 2566 3577 ut
2597 3526 2876 3595 diligenter
2901 3528 3016 3594 apis
3061 3527 3310 3596 pabulum
3345 3543 3540 3597 conge-

1967 3617 2036 3670 rit
2063 3616 2234 3684 (cujus
2265 3617 2465 3670 labores
2489 3657 2502 3680 ,
2546 3619 2740 3686 inquit,
2783 3636 2924 3686 reges
2953 3628 3000 3672 et
3025 3621 3214 3686 privati
3242 3623 3309 3672 ad
3333 3622 3534 3673 sanita-

1967 3715 2064 3756 tem
2101 3707 2457 3770 assumunt”),
2495 3708 2564 3759 ita
2614 3707 2883 3774 sapienter
2933 3719 2988 3762 et
3039 3710 3330 3766 artificiose
3366 3713 3538 3766 mellis

1965 3797 2186 3851 cellulas
2211 3799 2460 3850 exstruit.
2495 3797 2718 3854 Extenta
2758 3801 2901 3854 enim
2940 3801 2990 3854 in
3023 3812 3238 3855 tenuem
3270 3804 3538 3856 membra-

1968 3905 2090 3942 nam
2137 3903 2282 3953 cera,
2320 3892 2507 3944 crebra
2559 3900 2613 3944 et
2672 3891 2812 3944 inter
2860 3909 2917 3946 se
2962 3895 3212 3946 continua
3267 3909 3534 3947 cavacon-

1966 3981 2144 4044 struit,
2171 3992 2230 4035 ut
2259 3981 2556 4050 frequentia
2595 3983 2680 4037 illa
2711 3996 2873 4052 atque
2898 3987 3165 4049 densitas,
3199 4003 3298 4055 qua
3359 3988 3536 4040 minu-

1967 4075 2170 4128 tissima
2222 4091 2446 4144 qumque
2490 4092 2668 4130 secum
2722 4078 2947 4131 invicem
2996 4078 3350 4149 colligantur,
3387 4081 3534 4148 operi

1969 4169 2061 4220 toti
2095 4168 2319 4221 fulcrum
2355 4173 2423 4221 sit
2467 4179 2518 4223 et
2553 4171 2968 4225 ﬁrmamentum.
3000 4172 3130 4226 Nam
3167 4174 3355 4226 cellula
3390 4191 3537 4242 quae-

1967 4255 2096 4310 libet
2124 4259 2276 4310 alteri
2329 4260 2588 4322 adliaeret,
2633 4262 2776 4313 tenui
2806 4273 2958 4329 septo
2998 4265 3062 4315 ab
3091 4279 3151 4316 ea
3193 4264 3452 4330 sejuncta,
3482 4275 3536 4318 et

1966 4351 2136 4402 eidem
2169 4350 2330 4404 simul
2374 4351 2679 4421 conjuncta.
2721 4355 2917 4408 Deinde
2955 4355 3142 4409 listulm
3194 4358 3274 4411 ha:
3300 4357 3415 4410 alia!
3440 4376 3529 4410 sn-

1968 4455 2063 4508 per
2095 4440 2226 4494 alias
2271 4442 2568 4506 aediﬁcatae,
2602 4444 2735 4496 duas
2786 4455 2962 4499 tresve
3011 4448 3207 4500 habent
3247 4449 3530 4514 contigna-

1967 4532 2154 4584 tiones.
2192 4532 2356 4587 Cavct
2388 4537 2527 4587 enim
2569 4537 2876 4588 continuam
2925 4553 3081 4589 unam
3112 4537 3319 4591 allicere
3347 4554 3533 4593 caver-

286 4624 447 4683 αὗται
485 4627 740 4697 ἀλλήλαις
770 4629 1228 4699 ὲπῳκοδὸμηνται.
1269 4629 1724 4699 Ἐφυλάξατογὰρ
1747 4630 1854 4697 (59)
1891 4669 1932 4722 D
1965 4637 1969 4670 ι

1843 4633 1854 4696 )
1891 4669 1932 4722 D
1965 4623 2166 4684 nnlam,
2203 4640 2267 4678 ne
2303 4625 2491 4677 humor
2521 4626 2664 4680 foras
2695 4637 2914 4694 propter
2947 4629 3259 4695 gravitatem
3307 4627 3526 4684 diffluat.

291 4721 418 4790 μίαν
456 4718 676 4787 ποιῆσαι
705 4717 1004 4788 διαμπερὲς
1057 4719 1153 4788 τὴν
1207 4717 1514 4788 κοιλότητα,
1553 4719 1636 4770 ἵνα
1678 4718 1751 4788 μὴ
1781 4719 1857 4788 τῷ

289 4811 446 4881 βάρει
471 4812 530 4862 τὸ
565 4810 729 4880 ὑγρὸν
773 4809 908 4878 πρὸς
945 4811 1004 4861 τὸ
1025 4811 1180 4873 ἐκτὸς
1205 4811 1518 4882 διεκπίπτῃ.
1557 4810 1856 4880 Κατάμαθε

288 4902 403 4964 πῶς
434 4901 500 4955 τὰ
532 4902 628 4971 τῆς
657 4901 994 4971 γεωμετρίας
1021 4903 1295 4972 εὑρέματα
1337 4903 1586 4972 πάρεργά
1617 4903 1731 4954 ἐστι
1761 4904 1858 4973 τῆς

290 4993 604 5061 σοφωτάτης
635 4990 911 5062 μελίσσης.
950 4993 1239 5060 Ἐξάγωνοι
1276 4995 1383 5064 γὰρ
1420 4997 1588 5047 πᾶσαι
1622 4994 1713 5046 καὶ
1749 4995 1854 5046 ἰσό-

287 5083 508 5152 πλευροι
541 5084 648 5135 τῶν
691 5083 897 5154 κηρίων
938 5085 994 5136 αί
1046 5085 1321 5155 σύριγγες,
1356 5087 1454 5138 οὐκ
1505 5087 1590 5138 ἐπ’
1637 5087 1850 5150 εὐθείας

367 5261 556 5314 ‘Rom.
593 5276 688 5326 xu,
742 5262 824 5326 I7,
858 5261 945 5316 2|.
1021 5264 1041 5294 ⁵
1075 5262 1230 5316 Prov.
1274 5279 1346 5324 νι,
1373 5263 1424 5326 6,
1463 5281 1565 5320 sec.
1613 5263 1777 5317 LXX.

355 5424 466 5495 (54)
505 5423 651 5492 Regii
688 5425 899 5488 tertius,
955 5428 1176 5493 quintus
1226 5438 1280 5482 et
1315 5439 1502 5480 sextus
1529 5441 1648 5479 cum
1679 5427 1843 5480 Coisl.

283 5495 460 5568 primo
510 5504 705 5568 etcum
730 5495 891 5568 Colb:
928 5498 1163 5551 secundo
1201 5499 1440 5568 ἀκρασία
1482 5498 1673 5568 δήμου,
1711 5497 1848 5566 vulgi

282 5565 592 5632 petulantia.
613 5565 1018 5637 Eiliti‘et‘Coisl.
1045 5565 1313 5623 secundus
1339 5585 1459 5623 cum
1480 5565 1658 5637 Regiis
1679 5568 1850 5637 primo

284 5647 338 5689 et
365 5648 552 5689 octavo
579 5634 801 5705 ἀκρισία
830 5635 1020 5705 δήμου.
1051 5637 1283 5691 Rectius.

357 5707 467 5777 (55)
501 5707 611 5777 Duo
636 5723 764 5759 mss.
796 5707 1303 5777 ἐναποθνήσκουσιν.

357 5776 486 5848 (ὕὸὶᾲ
522 5775 742 5848 (iudices
809 5775 1058 5842 quatuor'
1092 5781 1335 5848 φανερῶς
1401 5781 1636 5847 συνάγει.
1712 5780 1849 5833 I'Iditi

285 5861 408 5899 cum
450 5845 599 5902 Colb.
645 5851 880 5901 secundo
933 5858 982 5902 et
1035 5865 1152 5902 cum
1202 5845 1329 5918 lieg.
1389 5845 1553 5904 tertio
1604 5852 1844 5916 συναγεί-

286 5932 388 5986 ρει.

1962 4717 2115 4770 Disce
2176 4720 2446 4785 quomodo
2491 4722 2800 4786 geometria:
2854 4722 3064 4776 inventa
3123 4724 3364 4777 accessio
3423 4725 3532 4777 sint

1956 4825 2132 4878 Operae
2161 4825 2220 4864 ac
2253 4810 2613 4877 Iaboris“ejus,
2642 4826 2798 4879 quem
2833 4814 2948 4882 apis
2973 4815 3371 4882 sapientissima
3405 4830 3528 4869 sus-

1959 4902 2107 4967 cipit.
2149 4901 2346 4956 Omnes
2388 4905 2530 4958 enim
2573 4904 2814 4958 favorum
2850 4907 3152 4960 cavernula:
3189 4897 3312 4959 sunt
3337 4921 3533 4960 sexan-

1961 4993 2118 5064 gulze,
2153 5004 2208 5047 et.
2239 4997 2461 5063 :eqnalia
2492 4997 2660 5050 latera
2702 4999 2897 5051 habent
2937 5017 2948 5051 :
3003 5014 3104 5051 non
3149 4998 3267 5052 aliae
3298 4999 3414 5053 aliis
3448 4999 3531 5052 tl?-

1961 5097 2107 5142 recto
2131 5088 2553 5154 incumbunt,ne
2584 5089 2731 5142 fundi
2758 5091 3050 5145 intervallis
3085 5092 3271 5145 vacuis
3297 5093 3529 5161 adjuncti

2023 5426 2133 5494 (57)
2165 5426 2325 5494 Παρὰ
2340 5431 2447 5491 τῆς
2462 5428 2798 5496 [lupo/plac.
2829 5427 3004 5483 Locus
3024 5437 3102 5481 est
3125 5425 3283 5481 Prov.
3313 5443 3428 5494 cap.
3457 5446 3532 5491 vr,

1951 5513 2001 5550 v.
2032 5497 2086 5556 6.
2118 5499 2253 5564 apud
2282 5496 2439 5550 LXX.
2472 5500 2574 5550 Sed
2597 5500 2708 5553 hch
2735 5502 2930 5553 absunt
2963 5502 3028 5553 ah
3059 5498 3337 5552 Hebraicis
3354 5516 3530 5552 excin-

1953 5568 2210 5637 plaribns.
2243 5566 2382 5635 Lege
2418 5569 2685 5622 Dnczcunt.

2027 5637 2136 5704 (58)
2173 5636 2244 5688 lta
2283 5639 2493 5690 codices
2523 5655 2614 5692 sex
2672 5655 2702 5693 e
2735 5642 2934 5694 nostris
2985 5649 3180 5707 praeter
3206 5640 3449 5694 Comliel'.
3480 5653 3529 5693 et

1956 5707 2102 5782 Bodl.
2139 5707 2273 5782 Εὐίίὶ
2309 5709 2507 5782 έκάστη
2539 5709 2648 5782 γάρ
2687 5711 2927 5779 φρεατίς.
2964 5712 3153 5764 Statim
3184 5712 3313 5782 Reg.
3350 5726 3530 5765 scmus

1962 5777 2092 5848 πρὸς
2118 5777 2283 5850 αὐτὴν
2317 5778 2614 5848 διῃρημένη
2649 5777 2705 5831 τε
2733 5777 2893 5850 ὁμοῦ.

2030 5848 2140 5923 (39)
2179 5848 2329 5901 Culh.
2383 5853 2648 5923 secundus
2690 5848 3018 5917 ἐφυλάξαντο
3068 5853 3188 5923 γάρ,
3245 5854 3528 5921 Aliquanto

1956 5927 2070 5987 post
2106 5917 2232 5986 Reg.
2262 5930 2440 5972 sextus
2474 5919 2749 5989 διαπίπτη.
