4262 6502
763 447 862 497 175
2063 444 2119 496 S.
2165 434 2409 494 BASILII
2452 435 2664 490 MAGNI

3902 427 4005 480 176

755 557 1011 613 fatiscant
1052 575 1066 612 :
1100 559 1191 614 sed
1229 563 1642 630 sexangularum
1683 559 1995 615 inferiorum
2021 554 2329 612 cavernula-
2355 553 2404 611 Α
2434 574 2438 600 ε

2318 582 2329 591 -
2355 553 2404 611 Α
2434 549 2692 619 ἀλλήλαις
2740 543 3209 614 κατεπικείμεναι,
3249 541 3333 594 ἵνα
3373 540 3446 612 μὴ
3487 541 3765 611 κάμνωσιν
3806 539 3855 590 οἱ
3897 559 4001 594 πυ-

757 664 873 702 tum
906 651 1081 720 anguli
1126 653 1269 706 basis
1305 663 1427 707 sunt
1458 668 1521 707 ac
1548 653 1916 706 fulcimentum
1967 654 2324 720 superiorum,

756 752 816 794 ut
863 751 975 797 luto
1021 759 1180 812 supra
1237 760 1296 798 se
1339 761 1503 799 onera
1550 745 1816 807 attollant,
1857 753 1910 796 et
1942 743 2232 808 separatim
2275 740 2326 793 iu

757 849 1080 906 unoquoque
1105 853 1342 893 concavo
1378 839 1570 892 humor
1599 841 1961 894 contineatur.

835 1108 887 1162 5.
921 1109 1199 1175 Quomodo
1229 1121 1454 1165 cunctas
1484 1111 1836 1181 proprietates
1859 1113 1922 1167 ad
1947 1115 2219 1167 volucrum
2246 1114 2327 1166 vi-

760 1208 866 1254 tam
923 1203 1252 1267 pertinentes
1301 1215 1551 1259 accurate
1610 1205 1702 1259 tibi
1763 1222 2040 1260 recensere
2093 1206 2330 1272 possim?

763 1290 831 1346 Ut
875 1308 1033 1361 grues
1069 1294 1303 1349 vicissim
1338 1297 1673 1352 constituunt
1701 1300 1982 1360 excubias;
2017 1306 2069 1350 et
2113 1298 2327 1366 quidem

760 1381 876 1434 alia:
908 1383 1181 1439 dormiunt
1212 1407 1225 1441 :
1263 1387 1379 1440 alia:
1409 1402 1535 1441 vero
1567 1392 1983 1450 circumeuntes,
2016 1403 2226 1441 omnem
2261 1388 2330 1454 ip-

760 1475 834 1523 sis
865 1476 1207 1530 se.'uritatetu
1245 1493 1337 1544 per
1364 1493 1611 1532 somnum
1647 1479 1933 1543 exhibent;
1973 1478 2164 1531 deinde
2197 1486 2330 1529 tem-

762 1579 888 1631 pure
923 1568 1218 1635 vigiliarum
1253 1582 1488 1637 peracto,
1527 1573 1637 1623 huic
1661 1571 1874 1634 quidem
1909 1570 2160 1639 clangore
2187 1570 2329 1622 edito

761 1656 825 1706 ad
876 1670 1119 1710 somnum
1155 1662 1485 1713 cnnvertitur
1518 1679 1529 1713 :
1569 1661 1654 1713 illa
1694 1676 1818 1714 vero
1865 1661 1968 1731 75
2017 1661 2327 1725 succedens,

758 1747 1106 1804 securitatem
1150 1767 1307 1818 quam
1357 1753 1581 1820 accepit,
1625 1769 1717 1804 sua
1757 1756 1873 1807 vice
1911 1753 2102 1806 reddit.
2132 1751 2330 1807 Obser-

759 1839 914 1893 vabis
958 1850 1011 1892 et
1062 1841 1201 1893 hunc
1256 1843 1497 1894 ordinem
1549 1842 1599 1894 in
1644 1844 1758 1912 ipso
1789 1845 1985 1896 volatu.
2025 1843 2139 1896 Alia
2186 1843 2327 1897 enim

761 1929 1030 1983 interdum
1069 1931 1278 1985 itineris
1301 1934 1405 1985 dux
1440 1941 1552 1995 est;
1586 1939 1676 1986 sed
1711 1936 1794 1987 ubi
1833 1949 1926 2000 per
1955 1934 2166 2000 aliquod
2199 1943 2328 1986 tem-

760 2035 858 2086 pus
904 2032 1162 2075 statutum
1207 2024 1404 2077 volatui
1447 2026 1677 2092 pra-fuit.
1738 2036 1880 2079 retro
1942 2040 1999 2080 se
2044 2025 2328 2092 recipiens,

763 2113 858 2165 viae
900 2115 1151 2166 ducatum
1211 2115 1509 2184 insequenti
1559 2117 1737 2169 tradit.
1778 2118 2039 2171 Creten-um
2089 2117 2330 2171 ciconia-

762 2219 882 2257 rum
935 2205 1125 2274 agendi
1180 2211 1388 2268 modus.
1424 2223 1525 2260 non
1563 2208 1745 2274 procul
1779 2225 1807 2260 a
1845 2210 2089 2263 rationali
2136 2212 2330 2266 intelli-

759 2298 938 2365 gentia
974 2298 1145 2350 abest.
1180 2296 1246 2350 Ut
1276 2298 1416 2350 cnim
1445 2313 1633 2351 omnes
1665 2315 1768 2352 uno
1796 2310 1849 2353 et
1875 2301 2061 2355 eodem
2095 2308 2332 2372 tempore

759 2389 824 2439 ad
857 2387 952 2440 has
981 2388 1226 2455 regiones
1251 2389 1512 2442 accedunt
1542 2408 1554 2444 :
1594 2389 1659 2441 ita
1689 2389 1789 2443 sub
1823 2409 1929 2444 uno
1959 2396 2114 2462 signo
2144 2409 2332 2449 omnes

759 2477 1061 2532 discedunt.
1101 2479 1315 2547 Stipant
1364 2489 1540 2532 autem
1585 2481 1731 2550 ipsas
1759 2486 2003 2539 cornices
2037 2496 2328 2549 nostrates,

757 2584 956 2637 easque
1007 2586 1120 2624 mea
1161 2574 1373 2640 quidem
1403 2575 1667 2629 Sententia
1698 2577 1987 2634 deducunt.
2021 2587 2076 2630 et
2136 2580 2330 2632 nonni-

758 2661 830 2717 hil
889 2669 1148 2717 advcrsus
1198 2665 1421 2720 hostiles
1459 2683 1582 2720 aves
1615 2678 1871 2735 praestant
1911 2667 2155 2724 subsidii.
2198 2671 2328 2727 Illud

758 2754 934 2822 priuzo
975 2754 1091 2823 ejus
1135 2757 1206 2808 rei
1253 2769 1622 2825 argumentum
1667 2769 1766 2823 est,
1810 2762 1949 2830 quod
1989 2777 2052 2817 eo
2095 2774 2333 2834 tempore

759 2848 902 2902 nulla
951 2866 1168 2918 prorsus
1197 2851 1381 2904 cornix
1427 2861 1680 2922 appareat
1720 2872 1732 2908 :
1769 2855 1961 2911 deinde
1997 2873 2114 2911 cum
2147 2863 2332 2913 vulne-

761 2940 908 2992 ribus
966 2945 1271 3006 redeuntes,
1318 2953 1497 3010 aperta
1545 2947 1720 3001 tutelae
1772 2959 1822 3002 et
1871 2951 2102 3017 praesidii
2150 2952 2326 3002 collati

759 3030 952 3083 indicia
994 3033 1250 3086 referunt.
1285 3035 1413 3099 Quis
1444 3039 1580 3103 apud
1611 3039 1754 3104 ipsas
1790 3040 2116 3107 praescripsit
2148 3041 2329 3110 hospi-

760 3124 983 3179 talitatis
1008 3124 1171 3193 jura?
1202 3128 1322 3195 quis
1362 3129 1490 3197 ipsis
1529 3132 1850 3186 desertionis
1889 3133 2137 3188 militaris
2171 3150 2330 3189 accu-

2430 640 2630 710 θμένες
2665 642 2776 703 τοῖς
2806 639 3075 701 διακένοις
3107 633 3540 704 ἐφηρμοσμένοι·
3581 631 3694 686 ἀλλ’
3723 633 3778 682 αι
3809 635 4004 698 γωνίαι

2428 731 2535 783 τῶν
2567 730 2809 784 κάτωθεν
2865 727 3176 796 ἐξαγώνιον,
3240 724 3435 794 βάθρον
3484 726 3577 776 καὶ
3621 723 3850 794 ἔρεισμα
3895 724 4004 777 τῶν

2429 822 2834 893 ὑπερκειμένων
2865 823 3021 881 εἰσὶν,
3052 821 3125 882 ὡς
3167 816 3421 885 ἀσφαλῶς
3468 815 3605 886 ὑπὲρ
3651 813 3857 868 ἑαυτῶν
3905 831 4004 883 με-

2427 918 2708 988 τεωρίζειν
2734 916 2801 968 τὰ
2830 914 2992 985 βάρη,
3031 916 3122 965 καὶ
3155 910 3465 973 ἰδιαζόντως
3502 910 3704 982 ἑκάστῃ
3732 907 4003 975 κοιλότητι

2427 1011 2488 1062 τὸ
2519 1011 2684 1081 ὑγρὸν
2714 1006 3126 1078 ἐγκατέχεσθαι.

2500 1105 2560 1158 5.
2597 1105 2720 1167 Πῶς
2752 1104 2816 1157 ἄν
2851 1119 2931 1154 σοι
2962 1101 3136 1153 πάντα
3165 1101 3230 1153 δι’
3263 1095 3544 1169 ἀκριϐείας
3561 1096 3845 1167 ἐπέλθοιμι
3861 1092 3930 1147 τὰ
3947 1093 4004 1145 ὲν

2429 1200 2540 1260 τοῖς
2567 1197 2702 1266 βίοις
2732 1195 2837 1249 τῶν
2877 1194 3105 1263 ὀρνίθων
3135 1192 3432 1261 ἱδιώματα.;
3466 1188 3580 1250 πῶς
3622 1189 3718 1257 μὲν
3752 1193 3806 1242 αἱ
3835 1189 4004 1258 γέρα-

2429 1309 2509 1344 νοι
2545 1287 2642 1350 τὰς
2673 1291 2730 1341 ἐν
2769 1289 2834 1356 τῇ
2867 1285 3022 1336 νυκτὶ
3053 1281 3408 1354 προφυλακὰς
3438 1279 3545 1347 (60)
3575 1279 3638 1331 ὲκ
3667 1277 4004 1350 περιτροπῆς

2431 1381 2814 1449 ὑποδέχονταιο
2851 1378 2943 1430 καὶ
2979 1378 3032 1429 αἱ
3068 1376 3164 1444 μὲν
3207 1374 3578 1432 καθεύδουσιν,
3616 1371 3671 1421 αἱ
3701 1371 3778 1433 δὲ,
3819 1370 4005 1439 κύκλῳ

2430 1472 2757 1541 περιιοῦσαι,
2805 1470 2982 1520 πᾶσαν
3032 1467 3217 1527 αὑταῖς
3252 1467 3308 1516 ἐν
3357 1466 3432 1535 τῷ
3476 1464 3626 1532 ὑπνῳ
3677 1464 4006 1533 παρέχονται

2430 1565 2528 1635 τὴν
2559 1565 2854 1633 ἀσφάλειαν
2878 1577 2892 1590 ο
2937 1556 3076 1621 εἶτα,
3108 1557 3200 1612 τοῦ
3242 1559 3434 1629 καιροῦ
3467 1559 3563 1628 τῆς
3595 1553 3840 1623 φυλακῆς
3865 1555 4004 1624 πλη-

2433 1659 2718 1729 ρουμένου,
2753 1657 2784 1724 ἡ
2816 1654 2913 1723 μὲν
2946 1653 3185 1722 βοήσασα
3208 1651 3341 1723 πρὸς
3372 1652 3534 1703 ὑπνον
3568 1647 3835 1717 ἐτράπετο
3870 1647 4004 1716 (Si),

2432 1752 2570 1821 ἡδὲ,
2620 1748 2715 1817 τῆν
2758 1745 3005 1814 διαδοχὴν
3053 1743 3449 1812 ὑποδεξαμένη,
3484 1739 3549 1816 ἧς
3592 1739 3780 1809 ἔτυχεν
3829 1738 4009 1807 ἀσφα-

2439 1842 2585 1902 λείας
2637 1837 2934 1890 ἀντέδωκεν
2988 1839 3044 1890 ἐν
3095 1837 3172 1906 τῷ
3225 1837 3402 1906 μέρει.
3459 1834 3670 1904 Ταύτην
3703 1830 3796 1884 καὶ
3838 1831 3897 1883 ὲν
3938 1832 4005 1900 τῇ

2443 1933 2632 2000 πτήσει
2661 1927 2755 1998 τὴν
2781 1927 3034 1992 εὐταξίαν
3061 1925 3305 1992 κατόψει.
3345 1925 3566 1978 Ἀλλοτε
3595 1923 3703 1993 γὰρ
3741 1922 3874 1993 ἄλλη
3909 1920 4009 1990 τὴν

2431 2025 2650 2093 ὁδηγίαν
2691 2023 3004 2092 ἐκδέχεται,
3041 2022 3132 2073 καὶ
3167 2020 3364 2071 τακτόν
3404 2036 3526 2080 τινα
3569 2017 3758 2089 χρόνον
3798 2033 4008 2083 προκα-

2432 2118 2785 2188 θηγησαμένη
2813 2119 2912 2185 τῆς
2943 2116 3208 2183 πτήσεως,
3241 2113 3321 2173 είς
3353 2110 3413 2162 τὸ
3444 2112 3670 2163 κατόπιν
3697 2106 4010 2178 περιελθοῦ-

2434 2228 2522 2270 σα,
2553 2213 2618 2279 τῇ
2652 2209 2768 2279 μεθ’
2811 2208 3007 2276 ἑαυτὴν
3038 2206 3134 2274 τὴν
3174 2202 3469 2273 ἡγεμονίαν
3498 2201 3596 2270 τῆς
3627 2199 3746 2252 ὁδοῦ
3783 2198 4010 2269 παραδί-

2429 2303 2580 2356 δωσι.
2614 2303 2686 2354 Τὸ
2711 2302 2765 2353 δὲ
2794 2301 2899 2353 τῶν
2929 2297 3213 2367 πελαργῶν
3234 2295 3354 2349 οὑδὲ
3386 2295 3573 2366 πόρρω
3597 2292 3714 2345 ἐστὶ
3741 2292 4009 2355 συνέσεως

2431 2395 2654 2462 λογικῆς
2681 2411 2694 2421 ο
2720 2392 2861 2444 οὑτω
2898 2391 2994 2460 μὲν
3024 2389 3164 2442 κατὰ
3186 2389 3275 2441 τὸν
3298 2388 3392 2440 ἕνα
3423 2386 3610 2458 καιρὸν
3649 2386 3857 2449 πάντας
3892 2386 4010 2436 επι-

2430 2488 2620 2556 δημεῖν
2653 2487 2763 2547 τοῖς
2800 2484 2925 2554 τῇδε
2954 2481 3171 2552 χωρίοις
3191 2497 3203 2510 °
3232 2480 3372 2532 οὑτω
3403 2479 3456 2532 δὲ
3480 2480 3566 2546 ὑφ’
3594 2477 3673 2530 ὲν).
3703 2475 4007 2544 συνθήματι

2433 2578 2639 2641 πάντας
2687 2577 2959 2648 ἀπαίρειν.
3005 2573 3368 2646 Δορυφοροὺσι
3422 2571 3478 2622 δὲ
3524 2570 3719 2628 αὑτοὺς
3761 2569 3815 2618 αἱ
3876 2565 4006 2634 παρ’

2431 2675 2564 2744 ἡμῖν
2593 2671 2848 2741 κορῶναι,
2880 2669 2974 2722 καὶ
3006 2667 3487 2735 παραπέμπουσιν,
3529 2660 3650 2730 ἐμοὶ
3684 2659 3884 2720 δοκεῖν,
3917 2658 4008 2711 καὶ

2434 2765 2750 2835 συμμαχίαν
2801 2761 2920 2813 τινὰ
2967 2758 3334 2827 παρεχόμεναι
3387 2754 3522 2823 πρὸς
3569 2751 3789 2822 ὄρνιθας
3847 2751 4007 2805 πολε-

2435 2857 2607 2926 μίους.
2639 2855 2868 2924 Σημεῖον
2901 2850 2956 2902 δὲ
2987 2849 3200 2919 πρῶτον
3233 2847 3329 2917 μὲν
3361 2845 3420 2898 τὸ
3451 2846 3525 2916 μὴ
3567 2844 3851 2914 φαίνεσθαι
3903 2842 4007 2896 ὑπὸ

2430 2947 2517 3000 τὸν
2564 2945 2752 3016 καιρὸν
2797 2945 3002 2995 ἐκεῖνον
3044 2939 3288 3012 κορώνην
3321 2937 3684 2999 παντάπασιν,
3727 2935 3899 2988 ἔπειθ’
3926 2935 4006 2985 ὅτι

2434 3038 2568 3109 μετὰ
2600 3036 2925 3108 τραυμάτων
2951 3033 3372 3105 ἐπανερχόμεναι
3396 3030 3600 3102 ἐναργῆ
3621 3028 3714 3080 τοῦ
3738 3043 4004 3079 συνασπι-

2433 3131 2569 3203 σμοῦ
2602 3131 2696 3184 καὶ
2724 3131 2824 3200 τῆς
2862 3128 3158 3197 ἐπιμαχίας
3204 3126 3272 3178 τὰ
3318 3127 3515 3193 σημεῖα
3557 3119 3864 3190 κομίζουσι.
3909 3116 4006 3180 Τίς

760 3218 1019 3272 sationem
1072 3221 1306 3276 minatus
1343 3231 1444 3286 est,
1477 3224 1609 3278 adeo
1650 3234 1707 3279 ut
1748 3225 1890 3279 nulla
1923 3242 1949 3279 a
1983 3229 2239 3282 comitatu
2272 3244 2328 3284 se
2356 3245 2398 3302 (ζ
2434 3245 2443 3277 τ

2319 3245 2328 3283 ε
2356 3245 2398 3302 c
2434 3226 2560 3295 παρ’
2583 3225 2769 3286 αὑταῖς
2800 3224 2924 3284 τοὺς
2940 3221 3038 3289 τῆς
3072 3216 3373 3288 φιλοξενίας
3404 3212 3618 3283 διώρισε
3645 3211 3843 3281 νόμους
3871 3208 4002 3274 (62);

759 3310 1078 3365 subtrahat?
1106 3313 1339 3368 Audiant
1369 3316 1402 3368 ii
1433 3317 1522 3384 qui
1563 3333 1685 3387 erga
1718 3317 1956 3387 hospites
1988 3321 2103 3374 duri
2133 3331 2256 3374 sunt
2280 3333 2334 3376 et

762 3402 1061 3464 inolliciosi,
1090 3402 1340 3471 foresque
1370 3407 1678 3468 occludunt,
1713 3420 1767 3460 et
1804 3425 1870 3462 ne
1907 3411 2080 3462 hieme
2116 3411 2329 3478 quidem

760 3502 853 3545 aut
881 3502 1038 3546 noctu
1065 3492 1298 3546 advenas
1330 3502 1472 3546 tecto
1502 3494 1784 3562 recipiunt.
1811 3495 1978 3548 Porro
2007 3511 2134 3549 cura
2169 3513 2328 3563 quam

759 3585 981 3640 ciconia:
1015 3585 1166 3640 senio
1191 3583 1450 3638 confectis
1480 3587 1757 3650 exhibent,
1790 3587 1986 3644 liberos
2023 3599 2251 3651 nostros,
2286 3590 2328 3645 si

762 3677 1039 3730 attendere
1069 3675 1280 3738 vellent,
1309 3675 1373 3727 ad
1407 3687 1686 3744 parentum
1729 3694 1966 3732 amorem
2007 3680 2138 3734 satis
2184 3681 2331 3734 exci-

762 3777 921 3823 taret.
954 3768 1120 3822 Nemo
1152 3769 1294 3822 enim
1333 3768 1492 3820 homo
1516 3778 1615 3830 est,
1653 3772 1740 3838 qui
1787 3771 1858 3823 ita
1902 3786 2120 3838 prorsus
2153 3783 2331 3826 mente

763 3861 1108 3915 destituatur.
1135 3870 1190 3911 ut
1225 3860 1426 3926 pudore
1454 3859 1668 3925 dignum
1696 3875 1798 3913 ttOu
1823 3862 2028 3928 judicet
2057 3878 2200 3923 eum,
2237 3864 2328 3930 qui

760 3948 950 4003 avibus
992 3964 1250 4016 perquam
1298 3949 1468 4002 brutis
1511 3949 1709 4003 virtute
1757 3951 1980 4006 inferior
2019 3954 2177 4007 foret.
2225 3953 2330 4007 Illa:

760 4040 1052 4107 genitorem
1081 4054 1187 4107 prae
1212 4039 1363 4092 senio
1395 4054 1687 4106 pennarum
1719 4040 1961 4095 tlelluviis
1999 4043 2326 4097 laborantem

760 4133 1189 4191 circumstantes,
1233 4130 1457 4184 suismet
1505 4131 1692 4200 pennis
1742 4132 2084 4194 calefaciunt,
2137 4150 2331 4204 suppe-

761 4224 1037 4289 ditautque
1086 4223 1296 4277 abunde.
1344 4223 1652 4277 alimentum
1690 4244 1702 4276 :
1745 4226 1873 4294 quin
1917 4227 2212 4280 subsidium
2258 4229 2330 4292 ei,

759 4315 936 4384 quoad
985 4315 1098 4367 ﬁeri
1149 4325 1344 4381 potest,
1392 4315 1442 4367 in
1481 4316 1594 4383 ipso
1629 4317 1805 4369 volatu
1848 4329 2122 4386 prazstanl,
2162 4321 2332 4373 utriu-

758 4422 862 4476 que
916 4406 1014 4459 alis
1065 4406 1179 4459 suis
1228 4405 1419 4458 leniter
1470 4407 1830 4460 sublevantes.
1888 4409 2064 4476 Atque
2109 4412 2209 4462 hoc
2259 4412 2330 4463 ita

757 4501 896 4565 apud
925 4513 1114 4552 onmes
1149 4499 1485 4551 decantatuin
1524 4507 1625 4558 est,
1659 4509 1709 4550 ut
1733 4497 1842 4566 jam
1877 4501 2094 4567 quidam
2126 4503 2330 4555 beneﬁo

2435 3319 2515 3380 τίς
2547 3319 2736 3378 αὑταῖς
2768 3315 3032 3383 ἠπείλησε
3067 3306 3476 3378 λειποστρατίου
3506 3303 3724 3376 γραφὴν
3776 3304 3852 3364 ὼς
3903 3320 4006 3372 μη-

2432 3410 2621 3478 δεμίαν
2648 3403 3037 3459 ἀπολείπεσθαι
3084 3401 3184 3469 τῆς
3216 3397 3588 3468 προπομπῆς;
3633 3394 4006 3448 Ἀκουέτωσαν

2433 3505 2478 3555 οἱ
2519 3500 2822 3562 κακόξενοι,
2858 3497 2952 3550 καὶ
2974 3495 3070 3558 τὰς
3100 3495 3208 3562 (65)
3235 3491 3401 3561 θύρας
3432 3489 3721 3552 κλείοντες,
3749 3486 3844 3540 κα).
3875 3486 4006 3558 μηδὲ

2435 3597 2631 3664 στέγης
2661 3595 2715 3644 ὲν
2746 3591 2973 3661 χειμῶνι
3013 3589 3105 3642 καὶ
3138 3586 3291 3641 νυκτὶ
3319 3588 3429 3647 τοῖς
3470 3580 3796 3653 ἐπιδημοῦσι
3843 3597 4008 3649 μετα-

2432 3685 2682 3745 διδόντες.
2716 3684 2776 3733 Ἠ
2806 3681 2862 3733 δὲ
2893 3681 3020 3750 περὶ
3052 3680 3177 3740 τοὺς
3205 3676 3553 3745 γηράσαντας
3580 3672 3686 3724 τῶν
3714 3667 4005 3737 πελαρείᾷν

2436 3778 2656 3847 πρόνοια
2712 3775 2929 3844 ἐξήρκει
2983 3773 3105 3832 τοὺς
3145 3769 3338 3829 παῖδας
3390 3766 3578 3836 ἡμῶν,
3623 3763 3670 3814 εί
3716 3759 4005 3831 προσέχειν

2433 3867 2733 3928 ἐϐούλοντο,
2795 3865 3162 3933 φιλοπάτορας
3218 3857 3576 3924 καταστῆσαι.
3637 3852 3864 3913 Πάντως
3899 3848 4006 3920 γάρ

2431 3961 2603 4023 οὐδεὶς
2639 3958 2812 4020 οὕτως
2844 3957 3104 4009 ἐλλείπων
3138 3952 3279 4008 κατὰ
3338 3950 3438 4018 τὴν
3489 3947 3769 4017 φρόνησιν,
3823 3944 3900 4006 ὠς
3934 3941 4006 4012 μὴ

2431 4051 2691 4120 αἰσχύνης
2741 4047 2892 4114 ἄξιον
2948 4046 3152 4117 κρίνειν
3199 4043 3306 4094 τῶν
3369 4038 3723 4106 άλογωτάτων
3775 4031 4007 4104 ὀρνίθων

2432 4139 2735 4208 ὑστερίζειν
2769 4137 2888 4189 κατ’
2922 4135 3139 4206 ἀρετήν.
3177 4133 3399 4184 Ἐκεῖνοι
3421 4129 3508 4182 τὸν
3542 4126 3752 4196 πατέρα
3783 4125 3886 4176 ὑπὸ
3912 4121 4004 4175 τοῦ

2433 4233 2618 4302 γήρως
2666 4229 3145 4299 πτερορρυήσαντα
3176 4223 3531 4293 περιστάντες
3569 4223 3624 4273 ὲν
3668 4217 3854 4286 κύκλῳ
3896 4218 4006 4276 τοῖς

2433 4325 2651 4386 οἰκείοις
2680 4323 2896 4392 πτεροῖς
2927 4319 3303 4375 διαθάλπουσι,
3353 4316 3447 4367 καὶ
3478 4314 3576 4375 τὰς
3607 4311 3813 4382 τροφὰς
3842 4308 4009 4375 ἀφθό-

2433 4433 2538 4478 νως
2571 4412 3093 4486 παρασκευάζοντες,
3129 4409 3228 4478 τὴν
3259 4406 3486 4475 δυνατὴν
3513 4405 3604 4457 καὶ
3635 4406 3692 4455 ἐν
3725 4406 3788 4472 τῇ
3812 4404 4005 4470 πτήσει

2433 4509 2762 4577 παρέχονται
2801 4504 2908 4572 (64)
2945 4501 3221 4571 βοήθειαν,
3257 4498 3437 4568 ἠρέμα
3475 4497 3552 4567 τῷ
3595 4494 3778 4564 πτερῷ
3814 4493 4006 4561 κουφί-

756 4592 966 4648 ciorum
1013 4593 1502 4645 remunerationem
1554 4591 1981 4658 antipelargosim
2037 4593 2324 4661 appellent.
2362 4581 2439 4648 Di

2321 4637 2324 4647 .
2362 4581 2403 4633 D
2434 4598 2616 4662 ζοντες
2642 4594 2998 4664 ἑκατέρωθεν.
3036 4594 3144 4645 Καὶ
3174 4592 3315 4644 οὑτω
3355 4589 3512 4643 τοῦτο
3540 4587 3689 4658 παρὰ
3714 4588 3847 4640 πᾶσι
3887 4585 4004 4637 δια-

759 4683 929 4741 Nemo
973 4685 1037 4737 tle
1078 4694 1392 4750 paupertate
1434 4682 1610 4735 tloleat
1643 4699 1656 4735 :
1693 4698 1866 4750 neque
1903 4683 1948 4736 is
1979 4684 2046 4737 de
2084 4702 2180 4738 sua
2225 4689 2332 4741 vita

758 4777 1025 4840 desperet,
1057 4774 1141 4826 cui
1181 4773 1339 4826 nullae
1389 4773 1532 4826 domi
1583 4783 1872 4841 supersunt
1907 4791 2059 4842 opes,
2099 4777 2185 4830 tibi
2222 4779 2334 4843 ipse

755 4870 1054 4935 respexerit
1099 4871 1166 4922 ad
1208 4869 1508 4923 hirundinis
1557 4871 1898 4922 industriam.
1942 4871 2028 4924 Illa
2070 4873 2210 4926 enim
2253 4875 2334 4927 ni-

754 4965 882 5017 dum
923 4973 1262 5026 construens,
1314 4962 1546 5015 featucas
1588 4963 1804 5032 quidem
1851 4979 1946 5017 ore
1987 4965 2158 5018 defert
2195 4985 2207 5019 :
2255 4967 2333 5019 lu-

756 5065 868 5110 tum
901 5069 1026 5109 vero
1063 5055 1313 5123 coltigere
1349 5056 1572 5124 pedibus
1606 5071 1725 5109 cum
1765 5071 1866 5108 nou
1908 5068 2082 5124 queat,
2127 5073 2328 5125 penna-

757 5163 874 5201 rum
923 5147 1293 5201 extremitates
1346 5163 1483 5215 aqua
1537 5147 1919 5214 madefacieus,
1971 5151 2196 5205 subimle
2247 5161 2327 5206 te-

759 5237 1018 5290 nuissimo
1052 5237 1268 5306 pulvere
1298 5253 1416 5291 sese
1446 5239 1756 5304 obvolvens,
1794 5241 1871 5294 sic
1920 5243 2013 5295 luti
2047 5258 2199 5295 usmn
2235 5259 2328 5297 ex-

829 5441 938 5510 (60)
966 5438 1040 5510 ης)
1078 5454 1167 5493 sex
1197 5457 1322 5494 mss.
1351 5441 1489 5494 Edili
1529 5441 1846 5510 simpliciter
1886 5443 2154 5510 φυλακάς.

831 5509 941 5578 (iii)
967 5509 1190 5584 Codices
1219 5516 1322 5563 duo
1349 5513 1632 5584 ἐτρέπετο.
1669 5512 1798 5580 Iieg.
1832 5509 2016 5567 Sestus
2050 5515 2328 5584 τρέπεται.

754 5585 905 5640 Colh.
933 5581 1198 5653 Secundus
1243 5581 1476 5653 ἐτράπη.
1539 5583 1651 5634 Duo
1690 5583 1775 5634 alii
1823 5599 1951 5636 mss.
2012 5581 2132 5636 cuin
2178 5585 2334 5638 editis

755 5649 1185 5727 ἑτράπετρηΝεο
1240 5649 1317 5709 ita
1344 5649 1507 5708 multo
1542 5663 1664 5727 post
1701 5669 1841 5727 mss.
1881 5654 2123 5727 plerique
2146 5671 2332 5709 omnes

756 5720 880 5779 cum
938 5720 1170 5778 editione
1225 5727 1387 5781 Basil.
1440 5725 1690 5793 κατόψει.
1752 5725 1926 5780 Editio
1966 5720 2141 5779 Paris.
2200 5743 2332 5779 κατ-

802 5797 924 5859 βεις.

802 5797 874 5850 ἐι
911 5837 924 5851 .

756 5796 942 5933 «(US-1)
971 5867 1099 5940 Reg.
1134 5879 1319 5924 sextus
1341 5867 1556 5939 διώρισε
1583 5864 1814 5936 θεσμοῦς

2432 4690 2710 4759 ϐεϐύηται,
2763 4687 2902 4739 ὥστε
2939 4685 3038 4755 ἤδη
3083 4683 3226 4746 τινὲς
3265 4682 3364 4752 τὴν
3401 4681 3509 4733 τῶν
3549 4680 4006 4750 εὐεργετημάτων

2432 4783 2696 4834 ἀντίδοσιν
2717 4778 3234 4846 ἀντιπελάργωσιν
3268 4773 3378 4844 (65)
3413 4770 3757 4842 ὀνομάζουσι.
3803 4771 4006 4840 Μηδεὶς

2431 4874 2619 4926 πενίαν
2655 4871 2962 4942 ὀδυρέτθω·
3021 4868 3155 4939 μηδὲ
3212 4865 3634 4935 ἀπογινωσκέτω
3663 4862 3856 4915 ἑαυτοῦ
3909 4862 4005 4933 τὴν

2432 4965 2574 5035 ζωὴν
2608 4967 2635 5017 ὀ
2675 4964 2804 5034 μηδε
2817 4963 2945 5034 μίαν
2975 4960 3115 5014 οἴκοι
3159 4959 3480 5026 περιουσίαν
3503 4953 3838 5018 καταλιπὼν,
3868 4958 4004 5028 πρὸς

2434 5057 2494 5109 τὸ
2518 5056 2617 5125 τῆς
2640 5055 2903 5125 χελιδόνος
2925 5054 2982 5105 εὑ
2993 5055 3227 5123 μήχανον
3256 5050 3596 5106 ἀποϐλέπων.
3635 5048 3846 5118 Ἐκείνη
3874 5048 3999 5120 γάρ,

2433 5149 2529 5219 τὴν
2565 5147 2756 5200 καλιὰν
2814 5146 3155 5216 τηγνυμένη,
3211 5143 3278 5197 τὰ
3310 5143 3404 5212 μὲν
3447 5142 3632 5212 κάρφη
3668 5139 3743 5210 τῷ
3778 5141 4000 5211 στόματι

2432 5239 2768 5310 διακομίζει’
2809 5238 2974 5309 πηλὸν
3010 5237 3066 5289 δὲ
3109 5238 3217 5298 τοῖς
3243 5235 3397 5287 ποσὶν
3417 5229 3546 5304 ἆραι
3583 5231 3658 5304 μὴ
3707 5232 3997 5303 δυναμένη,

2509 5442 2622 5506 (63)
2653 5441 2785 5509 Reg.
2825 5450 3005 5494 sextus
3036 5437 3314 5504 κακόξενοι
3338 5437 3384 5488 οἱ
3424 5435 3522 5498 τάς

2508 5513 2617 5582 (G/i)
2662 5506 2799 5566 Ide—nt
2826 5513 2951 5582 Reg.
2983 5520 3165 5563 sextus
3188 5506 3752 5582 πτήσει-παρέχοντες.

2507 5577 2619 5648 (65)
2639 5581 3186 5649 Ἀντιπελάργωσιν,
3203 5578 3253 5631 id
3272 5577 3373 5649 est,
3392 5577 3620 5649 beneﬁcii
3631 5582 3825 5649 urrfplt
3841 5591 4000 5649 remu-

2437 5645 2780 5707 nerationem.
2805 5645 3005 5704 Idcirco
3023 5660 3198 5702 autem
3220 5648 3356 5718 grati
3379 5648 3544 5718 animi
3568 5645 3894 5718 _signilicalio
3910 5646 4001 5718 ᾲν-

2436 5725 2836 5793 τιπελάργωσις
2853 5721 3149 5795 dicebatur,
3176 5715 3317 5787 quod
3342 5716 3629 5786 πελαργός,
3659 5717 3885 5795 ciconia,
3910 5715 3999 5769 be-

2441 5791 2754 5850 neﬁciorum
2779 5809 2806 5846 a
2840 5791 3150 5862 parentibus
3179 5797 3516 5856 acceptorum
3559 5793 3764 5840 memor
3802 5791 3892 5840 sit.
