4262 6506
294 467 393 514 177

1384 469 1664 523 ΙΙΟΜΙῌΔ
1706 471 1817 523 Vill
1859 472 1922 523 IN
1966 474 2456 530 llEXAEMERON.

3410 487 3511 539 176

287 578 355 631 τὰ
385 575 529 641 ἂκρα
565 576 670 627 τῶν
703 574 916 646 πτερῶν
957 573 1104 627 ῦδατι
1148 579 1528 647 καταορέξασα
1574 581 1704 650 (66),
1737 579 1852 634 εἷτα
1881 590 1924 643 Α
1955 605 1967 634 ι

1832 599 1852 634 ι
1881 590 1924 643 Α
1955 600 2181 653 rogitat;
2217 600 2375 656 atque
2419 593 2673 657 pautatim
2707 592 2939 646 festucas
2972 593 3110 646 inter
3142 611 3200 648 se
3234 595 3344 649 luto
3371 599 3515 655 Velut

282 674 348 739 τῇ
401 669 703 741 λεπτοτάτῃ
745 670 888 721 κόνει
932 668 1285 736 ἐνειληθεῖσα,
1315 670 1482 734 οὕτως
1524 673 1726 726 ἐπινοεῖ
1755 675 1848 727 τοῦ

284 759 454 828 πηλοῦ
504 768 602 830 την
650 759 864 828 χρείαν·
916 761 1008 812 καὶ
1063 760 1200 813 κατὰ
1249 761 1441 831 μικρὸν
1486 764 1734 834 ἀλλήλοις
1783 767 1849 819 τὰ

284 852 465 923 κάρφη
490 847 599 904 οἷον
623 850 784 921 κόλλῃ
813 851 917 904 τιν).
949 854 1026 923 τῷ
1055 852 1210 922 πηλῷ
1248 855 1574 926 συνδήσασα,
1613 859 1669 909 ἐν
1710 858 1844 929 αὐτῇ

1951 676 2151 744 glutine
2189 680 2419 748 quodam
2465 681 2740 750 colligatis,
2779 682 2947 752 pullos
2984 681 3034 733 in
3077 683 3188 751 ipso
3227 685 3350 738 nido
3384 701 3510 740 enu-

1951 772 2044 824 trit
2088 791 2102 827 :
2149 788 2375 843 quorum
2433 773 2475 826 si
2525 775 2646 842 quis
2689 777 2871 831 ornlos
2912 785 3204 845 expungat,
3246 791 3274 831 ο
3323 791 3511 834 natura

1951 868 2205 921 medicam
2244 868 2529 934 quamdam
2579 875 2748 918 artem
2797 868 3024 938 accepit.
3065 882 3160 933 per
3199 883 3357 932 quam
3404 885 3514 922 sua:

281 946 406 1004 τοὺς
450 942 694 1004 νεοττοὺς
739 943 1025 1012 ἐκτρέφει·
1069 936 1142 994 ὧν
1191 944 1284 995 ὲάν
1327 961 1408 1009 τις
1443 947 1739 1020 ὲκκεντήση
1779 933 1848 1001 ori
1947 973 1964 1025 l

1828 950 1848 1001 5!
1947 959 2110 1025 prolis
2136 959 2306 1010 visum
2341 958 2405 1009 ad
2440 957 2721 1011 sanitatem
2762 958 2984 1016 reducit.
3025 957 3148 1012 "(BC
3193 969 3243 1011 te
3272 975 3511 1012 commo-

279 1035 522 1104 ὄμματα,
563 1035 675 1106 ἔχει
719 1036 837 1089 τινὰ
865 1036 1014 1106 παρὰ
1043 1037 1140 1104 τῆς
1179 1037 1387 1103 φύσεως
1433 1039 1678 1110 ἰατρικὴν
1710 1042 1842 1108 (67),

278 1129 346 1180 δι’
368 1121 435 1197 ἦς
463 1129 596 1200 πρὸς
631 1131 818 1197 ὑγείαν
845 1129 1108 1195 ἐπανάγει
1151 1128 1258 1180 τῶν
1294 1133 1529 1200 ἐκγόνων
1552 1130 1648 1195 τὰς
1673 1135 1840 1203 ὄψεις.

279 1220 466 1274 Ταῦτά
491 1239 549 1274 σε
577 1221 888 1272 νουθετείτω
920 1221 993 1290 μὴ
1028 1220 1112 1272 διά
1143 1222 1329 1276 πενίαν
1350 1223 1484 1293 πρὸς
1513 1227 1844 1296 κακουργίαν

276 1313 608 1384 τρέπεσθαι·
648 1310 779 1380 μηδέ
825 1313 882 1363 ἐν
914 1314 1026 1374 τοῖς
1056 1314 1456 1382 χαλεπωτάτοις
1493 1314 1705 1379 πάθεσι,
1743 1320 1844 1370 πᾶ-

280 1419 378 1456 σαν
435 1401 622 1454 ἐλπίδα
678 1401 924 1472 ῥίψαντα,
983 1403 1262 1476 ἄπρακτον
1305 1404 1516 1456 κεῖσθαι
1557 1409 1645 1461 καὶ
1691 1411 1843 1462 ἀνεν-

279 1498 507 1565 έργητον
527 1510 540 1522 ·
576 1493 687 1546 ἀλλ’
720 1495 812 1548 ἐπὶ
840 1495 970 1547 Θεὸν
999 1495 1382 1564 καταφεύγειν,
1419 1494 1497 1559 ὃς,
1542 1501 1588 1551 εἰ
1614 1500 1840 1570 χελιδόνι

283 1589 342 1640 τὰ
377 1585 672 1657 τηλικαῦτα
707 1587 992 1658 χαρίζεται
1028 1589 1171 1658 (68),
1221 1588 1371 1659 πόσῳ
1416 1589 1634 1661 μείζονα
1681 1591 1840 1643 δώσει

283 1681 384 1743 τοῖς
419 1681 476 1745 ἐξ
517 1682 644 1752 ὅλης
683 1680 907 1752 καρδίας
934 1680 1323 1748 ἐπιϐοωμένοις
1358 1684 1553 1746 adadv;
1603 1682 1840 1734 ’Λλκυών

277 1782 391 1826 εστι
412 1774 690 1828 θαλάττιον
707 1775 908 1845 ὄρνεον.
926 1772 1069 1843 Αῦτη
1089 1777 1218 1845 παρ’
1233 1773 1710 1838 αὖτοὺςνοσσεύειν
1730 1775 1837 1845 (69)

280 1866 398 1928 τοὺς
425 1867 699 1934 αἰγιαλοὺς
727 1865 986 1932 πέφυκεν,
1006 1865 1091 1916 ἐπ’
1113 1868 1281 1937 αὐτῆς
1301 1867 1368 1918 τὰ
1386 1866 1468 1918 ὠά
1493 1867 1593 1935 τῆς
1610 1866 1835 1938 ψάμμου

275 1956 649 2025 καταθεμένηο
717 1955 809 2007 καὶ
871 1956 1113 2010 νοσσεύει
1175 1957 1316 2011 κατὰ
1383 1957 1545 2028 μέσον
1600 1977 1702 2012 που
1751 1961 1840 2014 τὸν

273 2049 536 2120 χειμῶνα,
571 2050 658 2102 ὅτε
693 2051 906 2115 πολλοῖς
929 2051 1021 2104 κα).
1051 2051 1243 2121 βιαίοις
1271 2050 1492 2121 ἀνέμοις
1527 2053 1558 2123 ἡ
1594 2053 1838 2107 θάλασσα

277 2144 337 2213 τῇ
369 2144 438 2213 γῇ
491 2144 949 2214 προσαράσσεται.
996 2143 1132 2197 Ἀλλ’
1176 2143 1322 2212 ὅμως
1368 2144 1704 2214 κοιμίζονται
1741 2147 1838 2214 μὲν

276 2235 470 2300 πάντες
520 2237 729 2307 ἄνεμοι,
781 2237 1040 2306 ἡσυχάζει
1080 2235 1134 2288 δὲ
1178 2235 1326 2306 κῦμα
1359 2236 1666 2302 θαλάσσιον,
1709 2237 1836 2291 ὅταν

268 2326 482 2380 ἁλκυὼν
511 2328 731 2397 ἐπωάζῃ
756 2327 851 2390 τὰς
876 2326 1014 2379 ἐπτά
1034 2326 1262 2397 ἡμέρας.
1304 2328 1390 2378 Ἐν
1419 2326 1704 2389 τοσαύταις
1730 2328 1836 2399 γὰρ

270 2417 459 2487 μόναις
491 2416 763 2481 ἐκλεπίζει
796 2418 920 2479 τοὺς
944 2418 1208 2480 νεοττούς.
1249 2417 1400 2469 Ἐπεὶ
1422 2417 1475 2469 δὲ
1507 2417 1600 2469 καὶ
1631 2417 1838 2487 τροφῆς

196 2568 209 2580 _
266 2510 449 2573 αὐτοῖς
478 2509 655 2580 χρεία,
689 2509 850 2575 ἄλλας
873 2509 1009 2564 ἑπτὰ
1036 2509 1146 2581 (70)
1185 2511 1318 2582 πρὸς
1346 2510 1443 2581 τὴν
1471 2508 1576 2562 τῶν
1610 2508 1837 2561 νεοττῶν

266 2601 489 2672 αὔξησιν
515 2604 543 2656 ὁ
562 2601 931 2674 μεγαλόδωρος
945 2601 1074 2664 Θεὸς
1094 2601 1170 2673 τῷ
1206 2602 1513 2672 μικροτάτῳ
1540 2599 1663 2668 ζὼῳ
1698 2614 1834 2668 παρ-

266 2695 472 2761 έσχετο.
510 2693 670 2746 Ὥστε
712 2694 803 2746 καὶ
844 2695 1084 2746 ναυτικοὶ
1131 2694 1328 2755 πάντες
1373 2694 1519 2744 ἴσασι
1549 2691 1702 2744 τοῦτο
1744 2693 1834 2744 καὶ

265 2783 582 2845 ἀλκυονίδας
614 2784 708 2846 τὰς
743 2785 854 2854 (71)
882 2785 1090 2854 ἡμέρας
1121 2784 1330 2846 ἐκείνας
1349 2784 1828 2855 προσαγορεύουσι.

264 2876 453 2931 Ταῦτά
477 2894 557 2930 σοι
594 2879 673 2940 εἰς
699 2877 1010 2948 προτροπὴν
1055 2875 1145 2928 τοῦ
1198 2877 1374 2928 αἰτεῖν
1426 2876 1575 2945 παρὰ
1599 2875 1731 2926 Θεοῦ
1764 2875 1832 2926 τὰ

265 2966 401 3035 πρὸς
437 2966 706 3037 σωτηρίαν
733 2965 821 3019 διὰ
854 2965 953 3036 τῆς
981 2965 1106 3036 περὶ
1132 2964 1198 3017 τὰ
1221 2965 1388 3032 ἄλογα
1411 2965 1503 3016 τοῦ
1530 2964 1663 3016 Θεοῦ
1697 2981 1826 3036 προ-

265 3060 411 3124 νοίας
455 3059 889 3131 νενομοθέτηται.
943 3060 1008 3112 Τί
1047 3060 1145 3113 οὐκ
1177 3059 1242 3113 ἂν
1271 3060 1480 3127 γένοιτο
1523 3057 1626 3110 τῶν
1661 3075 1836 3130 παρα-

263 3152 429 3217 δόξων
460 3154 643 3206 ἕνεκεν
674 3154 788 3215 σοῦ,
824 3155 882 3216 ὂς
917 3155 1035 3205 κατ’
1063 3154 1245 3205 εἰκόνα
1276 3153 1501 3220 γέγονας
1552 3151 1643 3203 τοῦ
1679 3150 1834 3214 Θεοῦ,

1947 1059 2127 1113 neant,
2163 1058 2219 1102 ut
2257 1063 2321 1101 ne
2361 1049 2424 1100 ad
2468 1049 2728 1102 malelicia
2768 1059 3086 1103 convcrtare
3124 1059 3343 1119 propter
3383 1065 3515 1118 pau-

1946 1153 2239 1208 pertatem;
2281 1152 2425 1195 neve'
2454 1142 2504 1192 in
2553 1139 2884 1209 gravissimis
2917 1139 3332 1208 calamitatibus,
3365 1143 3508 1196 omni

1943 1247 2038 1301 spe
2067 1235 2293 1300 alijecta,
2327 1238 2530 1287 otiosus
2559 1248 2621 1286 ac
2655 1233 2798 1286 iners
2830 1247 3046 1285 maneas
3077 1251 3088 1285 :
3126 1240 3216 1287 sed
3250 1239 3311 1288 ad
3346 1237 3509 1292 Deum

1945 1326 2247 1394 confugias,
2299 1329 2385 1394 qui
2441 1327 2482 1379 si
2532 1325 2804 1379 ltirundini
2855 1334 2999 1378 tanta
3035 1325 3279 1394 largitur,
3311 1339 3511 1394 quanto

1944 1417 2146 1484 majora
2181 1420 2244 1471 iis
2272 1420 2359 1484 qui
2394 1418 2564 1484 ipsnnt
2598 1427 2708 1470 tntn
2734 1419 2890 1471 corde
2924 1417 3199 1479 invocant,
3227 1433 3515 1471 concessu-

1945 1530 2035 1564 rus
2064 1509 2190 1564 est?
2231 1509 2462 1578 llalcyon
2499 1509 2611 1561 avis
2639 1509 2840 1561 mat-ina
2873 1518 2971 1562 est.
3011 1509 3133 1562 llazc
3175 1508 3428 1575 depositis
3461 1510 3511 1562 in

1943 1603 2048 1669 ipsa
2079 1614 2236 1654 arena
2270 1602 2404 1664 ovis,
2436 1600 2723 1652 secundum
2759 1599 2870 1666 ipsa
2910 1600 3086 1654 littom
3119 1599 3376 1656 fetilicarc
3419 1617 3511 1656 so-

1944 1691 2012 1744 lcl
2047 1709 2061 1748 :
2095 1703 2148 1746 et
2178 1693 2322 1746 circa
2365 1691 2594 1745 mediam
2644 1690 2757 1744 fere
2801 1690 3028 1745 hiemem
3075 1693 3244 1760 pullos
3277 1693 3509 1748 excludit

1943 1794 2072 1848 tum,
2105 1803 2225 1839 cum
2259 1799 2406 1838 mare
2443 1783 2624 1836 multis
2650 1793 2701 1836 et
2731 1783 2978 1837 violentis
3012 1785 3184 1837 ventis
3207 1785 3272 1838 ad
3309 1795 3510 1839 terram

1943 1876 2199 1931 alliditur.
2226 1880 2477 1933 Attamen
2517 1876 2906 1944 consopiuntur
2944 1875 3086 1929 venti
3121 1890 3330 1939 omnes,
3362 1877 3514 1944 quic-

1945 1977 2102 2020 scunt
2139 1971 2365 2038 :rquorei
2404 1970 2597 2023 ﬂuctus
2634 1983 2728 2037 per
2766 1978 2968 2037 septem
2999 1969 3133 2028 dies.
3167 1967 3358 2036 quibus
3398 1967 3512 2020 hal-

1944 2075 2079 2130 cyon
2120 2061 2238 2114 ovis
2269 2062 2504 2115 incubat.
2537 2061 2669 2115 Nam
2708 2061 2927 2115 totidem
2971 2059 3158 2113 diebus
3185 2058 3356 2112 solum
3396 2058 3513 2127 pul-

1945 2151 2023 2206 los
2068 2152 2323 2205 excludit.
2372 2153 2503 2206 Cum
2551 2162 2726 2206 autem
2781 2161 2835 2206 et
2860 2153 2999 2205 victu
3059 2152 3189 2220 ipsis
3221 2166 3355 2219 opus
3407 2159 3509 2211 est.

1941 2244 2076 2297 alios
2121 2253 2324 2311 septem
2374 2243 2486 2296 dies
2530 2243 2594 2295 ad
2647 2241 2910 2309 pullorum
2943 2243 3333 2293 incrementum
3373 2238 3512 2292 Deus

1942 2333 2472 2388 nmnilicentissimus
2524 2333 2748 2386 minimo
2794 2332 2919 2385 huic
2973 2330 3191 2383 animali
3240 2328 3509 2398 praestitit.

1942 2426 2050 2496 76
2080 2428 2439 2493 Quamobrem
2478 2437 2532 2483 et
2568 2443 2754 2481 omnes
2792 2437 2969 2480 nauta:
3005 2426 3109 2480 hoc
3141 2427 3338 2489 sciunt,
3369 2421 3513 2477 dies-

1941 2529 2045 2584 que
2092 2517 2208 2569 illos
2239 2519 2502 2586 appellant
2549 2519 2892 2588 halryoneos.
2947 2517 3053 2569 lies
3086 2516 3186 2570 illa:
3213 2529 3305 2581 per
3336 2513 3425 2568 Dei
3453 2511 3510 2568 in

1941 2607 2094 2662 bruta
2129 2609 2516 2676 providentiam
2548 2612 2769 2663 sancitze
2799 2619 2923 2663 sunt
2955 2619 3008 2661 et
3039 2609 3321 2670 ordinatae,
3357 2616 3414 2660 ut
3452 2616 3507 2660 ttt

1940 2700 2021 2754 his
2051 2701 2321 2766 incitatus,
2359 2715 2418 2753 ea
2458 2717 2575 2769 qua:
2613 2702 2676 2754 ad
2713 2711 2854 2754 tuam
2887 2700 3112 2754 salutem
3155 2699 3440 2768 pertinent,
3477 2713 3506 2751 a

1941 2791 2047 2844 Deo
2081 2807 2360 2859 exposcas.
2393 2790 2529 2857 Quid
2558 2801 2643 2843 tua
2675 2787 2861 2854 causa,
2888 2790 2977 2858 qui
3012 2789 3183 2843 factus
3210 2804 3268 2844 es
3307 2788 3372 2842 ad
3414 2787 3506 2843 Dei

1939 2880 2246 2949 imaginem,
2290 2883 2450 2935 etiam
2499 2889 2696 2951 praeter
2743 2881 3201 2948 exspectationem
3246 2880 3357 2934 fieri
3401 2895 3505 2932 non

1938 2968 2143 3037 possit,
2195 2984 2314 3022 cum
2363 2971 2583 3024 avicnlze
2631 2971 2764 3024 adeo
2812 2969 3016 3039 exiguae
3065 2969 3256 3038 gratia,
3296 2979 3506 3022 vastum

1939 3069 1989 3112 et
2023 3061 2344 3114 horrendum
2387 3078 2532 3115 mare
2568 3063 2616 3114 in
2655 3063 2826 3117 media
2868 3064 3044 3117 hieme
3083 3062 3365 3132 quiescere
3391 3061 3511 3129 jus-

1941 3167 2078 3218 sum,
2111 3152 2412 3206 detineatur
2443 3168 2504 3204 ac
2541 3152 2809 3206 frcuetur?

263 3245 460 3312 ὅπουγε
489 3244 624 3314 ὑπὲρ
649 3245 859 3314 ὄρνιθος
897 3245 1040 3297 οὕτω
1092 3247 1295 3314 μικράς
1359 3245 1391 3314 ἡ
1449 3244 1659 3313 μεγάλη
1717 3246 1811 3297 καὶ
1849 3245 2055 3317 φοϐερὰ
2116 3245 2406 3315 κατέχεται
2441 3245 2700 3307 Θάλασσα,
2739 3246 2796 3296 ἐν
2832 3246 2980 3316 μέσῳ
3009 3247 3235 3318 χειμῶνι
3269 3245 3511 3315 γαλήνην

262 3339 416 3408 ἄγειν
445 3337 555 3409 (72)
582 3337 927 3407 ἐπιταχθείσα
947 3354 961 3399 ;

335 3432 388 3488 6.
409 3433 519 3504 Τὴν
540 3432 780 3504 τρυγόνα
813 3433 963 3501 φασὶ,
996 3429 1402 3500 διαζευχθεῖσάν
1421 3448 1549 3484 ποτε
1577 3431 1666 3484 τοῦ
1696 3431 1826 3502 ὁμό-
1856 3436 1896 3494 C

264 3523 448 3592 ζυγος,
485 3525 679 3594 μηκέτι
713 3524 809 3595 τὴν
850 3525 983 3594 πρὸς
1010 3524 1194 3593 ἓτερον
1222 3523 1610 3592 καταδέχεσθαι
1638 3541 1831 3576 κοινω-

263 3615 404 3679 νίαν,
458 3616 589 3668 ἀλλά
646 3617 823 3687 μένειν
874 3615 1254 3679 ἀσυνδύαστον,
1313 3618 1500 3688 μνήμῃ
1555 3615 1645 3668 τοῦ
1706 3616 1834 3668 ποτὲ

265 3707 650 3776 συζευχθέντος
692 3709 790 3780 τὴν
826 3709 961 3780 πρὸς
1004 3708 1189 3779 ἕτερον
1225 3709 1508 3760 κοινωνίαν
1557 3709 1832 3779 ἀπαρνου-

268 3800 455 3870 μένην.
504 3801 869 3852 Ἀκουέτωσαν
899 3803 954 3854 αἱ
982 3803 1253 3869 γυναῖκες,
1273 3801 1418 3862 ὅπως
1433 3800 1492 3852 τὸ
1522 3800 1714 3870 σεμνὸν
1735 3799 1833 3869 τῆς

264 3887 490 3959 χηρείας
520 3889 611 3941 καὶ
661 3890 810 3958 παρά
843 3893 952 3951 τοῖς
991 3889 1203 3958 ἀλόγοις
1229 3889 1322 3942 τοῦ
1359 3891 1415 3941 ἐν
1449 3892 1567 3952 ταῖς
1598 3890 1833 3957 πολυγα-

268 3982 420 4051 μίαις
455 3978 733 4050 ἀπρεποῦς
762 3981 1170 4051 προτιμότερον.
1201 3980 1554 4042 Ἀδικὼτατος
1586 3982 1710 4050 περὶ
1736 3981 1832 4050 τὴν

264 4074 374 4125 τῶν
402 4074 637 4142 ἐκγόνων
668 4072 936 4144 ἐκτροφὴν
969 4058 1076 4142 (75)
1111 4074 1137 4124 ὁ
1161 4073 1469 4135 ἀετός.οΔύο
1492 4072 1598 4141 γάρ
1635 4071 1833 4139 ἐξαγα-

266 4164 378 4233 γὼν
413 4168 685 4228 νεοσσοὺς,
725 4165 814 4218 τὸν
843 4166 1029 4236 ἓτερον
1071 4165 1248 4217 αὐτῶν
1293 4166 1372 4227 είς
1417 4164 1520 4233 γῆν
1561 4166 1834 4236 καταρρή-

265 4272 446 4323 γνυσι,
475 4259 595 4317 ταῖς
635 4257 870 4326 πληγαῖς
911 4257 1017 4308 τῶν
1047 4255 1259 4325 πτερῶν
1298 4253 1710 4325 ἀπωθούμενος*
1744 4255 1833 4306 τὸν

264 4347 320 4400 δὲ
369 4346 556 4417 ἕτερον
602 4346 759 4415 μόνον
801 4347 1103 4412 ἀναλαϐὼν,
1147 4347 1463 4411 οἰκειοῦται,
1516 4347 1602 4400 διὰ
1633 4348 1693 4399 τὸ
1735 4348 1834 4417 τῆς

265 4437 470 4508 τροφῆς
503 4435 756 4488 ἐπίπονον
785 4437 1212 4507 ἁποποιούμενος
1260 4438 1370 4508 (74)
1423 4438 1481 4490 ὃν
1525 4438 1829 4506 ἐγέννησεν.

278 4529 418 4581 Ἀλλ’
448 4531 546 4581 οὐκ
574 4531 636 4600 ἐᾷ
659 4527 867 4591 τοῦτον,
896 4529 971 4592 ῶς
1010 4547 1162 4598 φασι,
1197 4530 1561 4602 διαφθαρῆναι
1591 4533 1622 4600 ἡ
1653 4532 1793 4601 φήνη
1816 4546 1828 4559 ·

265 4615 381 4666 ἀλλ’
411 4615 754 4668 ὑπολαϐοῦσα
787 4616 946 4670 αὐτὸν
970 4620 1082 4681 τοῖς
1107 4618 1326 4682 οἰκείοις
1361 4620 1558 4690 ἑαυτῆς
1596 4621 1832 4681 νεοσσοῖς

267 4706 639 4778 συνεκτρέφει.
672 4706 910 4762 Τοιοῦτοι
941 4709 1047 4762 τῶν
1076 4709 1277 4778 γονέων
1303 4712 1352 4762 οἱ
1403 4710 1514 4780 (75)
1557 4710 1649 4763 ἐπὶ
1698 4727 1830 4780 προ-

1999 3431 2051 3484 6.
2094 3430 2293 3485 Ferunt
2329 3441 2591 3486 turturem
2637 3446 2664 3483 a
2712 3430 2936 3500 c0njuge
2987 3443 3309 3498 separatam,
3373 3449 3512 3488 nunc

1934 3538 2092 3591 qnam
2124 3539 2243 3576 cum
2273 3525 2376 3578 alio
2401 3527 2533 3579 inire
2561 3527 2893 3588 societatem,
2925 3526 3014 3577 sed
3047 3527 3257 3577 viduam
3299 3542 3509 3593 perma-

1934 3631 2060 3668 nere
2091 3634 2102 3668 :
2134 3626 2314 3685 utpote
2346 3633 2484 3685 quai,
2514 3619 2580 3669 ob
2621 3619 2813 3685 prioris
2872 3619 3113 3687 conjugis
3171 3621 3505 3687 memoriam,

1933 3705 2155 3758 alterius
2181 3707 2481 3773 coniugium
2515 3706 2736 3758 abnuat.
2775 3706 3007 3758 Audiant
3045 3708 3316 3772 mulieres,
3372 3724 3508 3778 quo-

1935 3800 2094 3851 modo
2117 3797 2197 3850 vel
2227 3799 2365 3866 apud
2398 3798 2548 3850 bruta
2583 3798 2862 3858 animalia,
2898 3798 3254 3866 frequentium
3289 3803 3503 3869 nuptiae

1933 3905 2049 3943 rum
2095 3891 2342 3945 dedecori
2393 3899 2753 3958 anteponatur
2799 3891 3078 3945 viduitatis
3122 3893 3375 3960 pudicitia
3409 3896 3507 3948 ho-

1935 3991 2241 4050 nestasqne.
2289 3982 2475 4049 Aquila
2528 3984 2577 4036 in
2633 3983 2907 4037 edncanda
2963 3984 3110 4052 prole
3167 3986 3503 4054 iniquissima

1932 4087 2031 4126 est.
2073 4073 2282 4126 Etenim
2320 4076 2406 4126 ubi
2443 4076 2614 4143 pullos
2654 4079 2786 4130 duos
2828 4076 3080 4139 exclusit,
3135 4077 3322 4128 ltOl‘Ulll
3369 4076 3504 4131 alle-

1935 4179 2051 4216 rum
2104 4164 2286 4232 dejicit
2338 4167 2388 4217 in
2445 4177 2665 4229 terram,
2719 4183 2780 4221 ac
2832 4185 3129 4237 pennarum
3187 4169 3503 4224 verberibus

1933 4258 2202 4323 protrudit
2257 4274 2270 4309 :
2331 4256 2554 4310 alterum
2612 4271 2792 4313 autem
2852 4262 3113 4313 duntaxat
3167 4273 3498 4331 assumptum

1935 4363 2030 4414 pro
2075 4364 2171 4402 suo
2222 4349 2406 4412 habet;
2445 4361 2604 4418 atque
2636 4367 2792 4419 quem
2828 4354 3031 4422 genuit,
3078 4363 3294 4420 propter
3329 4354 3501 4408 vit-tus

1933 4435 2274 4501 comparandi
2326 4436 2689 4490 diliicultatem
2742 4440 2977 4492 abdicat.
3035 4440 3164 4500 Sed,
3218 4449 3275 4490 ut
3328 4440 3496 4500 aiunt,

1932 4527 2109 4592 perire
2151 4528 2289 4579 hunc
2324 4542 2427 4580 non
2459 4530 2583 4581 sinit
2614 4531 2872 4598 ossifraga
2910 4545 2925 4584 :
2965 4531 3070 4582 imo
3103 4531 3276 4596 ipsum
3317 4545 3498 4582 sust-e-

1933 4627 2078 4684 ptttttt
2128 4633 2229 4670 una
2279 4633 2398 4671 cum
2449 4621 2675 4688 propriis
2725 4621 2834 4673 suis
2880 4621 3036 4690 pullis
3081 4622 3293 4675 ednCat.
3342 4620 3496 4675 Tales

1933 4719 2058 4764 sunt
2105 4721 2352 4779 parentes
2393 4711 2487 4775 illi,
2518 4714 2607 4781 qui
2653 4713 2983 4783 paupertatis
3016 4726 3274 4782 ptanextu
3323 4715 3496 4767 inlan-

340 4939 451 5015 (6_6)
481 4938 842 5015 Sic_qn_i_nque
897 4955 1088 5015 rpss._e
1113 4941 1330 5015 postris
1363 4953 1554 5010 praeter
1582 4942 1823 5015 Combef.
1858 4948 1902 5002 D
1931 4945 2069 5006 loco.
2101 4961 2206 5015 quo
2223 4948 2538 5002 Ambrosius
2554 4948 2618 5000 de
2641 4947 2739 5001 hac
2766 4947 2876 5015 ipsa
2912 4964 3010 5002 ave
3031 4949 3288 5015 loquitur.
3322 4947 3489 5003 levem

263 5009 403 5063 Editi
429 5023 554 5080 vero
584 5011 838 5080 βρέξασα.
895 5012 1044 5076 Quod
1078 5009 1371 5077 aliquanto,
1393 5026 1517 5066 ante
1549 5015 1622 5066 ait
1671 5012 1823 5067 Basi-

263 5078 635 5138 lins,ciconiis
687 5083 930 5136 comices
958 5083 1446 5151 peregrinationum
1492 5085 1719 5137 comites
1771 5095 1823 5139 et

265 5161 521 5220 tanquam
565 5152 821 5206 satellites
848 5151 1085 5220 adjnngi,
1115 5153 1178 5206 de
1209 5167 1274 5205 eo
1300 5153 1455 5205 aliter
1476 5153 1675 5206 sentire
1705 5156 1825 5208 Ari-

264 5219 511 5272 stmelcm
536 5220 688 5289 docet
720 5222 856 5274 idem
886 5222 970 5274 ille
1010 5219 1296 5289 quemjam
1331 5224 1595 5276 nominavi
1631 5223 1822 5279 Petrus

264 5289 488 5412 ﬁnitus.
532 5288 699 5358 Legas
747 5292 900 5344 velim
953 5288 1067 5360 ejus
1105 5297 1418 5360 Opusculum
1455 5295 1546 5346 lib.
1591 5309 1661 5359 tv,
1699 5310 1817 5362 cap.

337 5427 450 5496 (67)
500 5429 649 5503 tlolb.
698 5432 960 5486 secundus
999 5431 1212 5502 φύσεως
1239 5431 1499 5503 ἰατρείαν.
1532 5433 1650 5488 Mox
1687 5433 1819 5503 Reg.

262 5511 447 5570 sextus
475 5501 553 5562 είς
587 5517 810 5570 κακουρ.

480 5570 615 5646 ljeg.
639 5569 892 5646 sestusuel
927 5570 1348 5646 xaktodvtuﬁm
1383 5574 1679 5646 χαρίζεται.

341 5639 452 5708 (69)
484 5639 655 5694 Editio
710 5640 868 5694 Basil.
903 5639 1020 5694 cum
1069 5644 1245 5696 multis
1299 5639 1426 5698 mss.
1456 5639 1816 5699 ’νοσσεύεινω

261 5709 526 5762 νοσσεύει.
560 5711 916 5774 Etlitio;Paris.
951 5713 1319 5766 νεοσσεύειν...
1348 5715 1640 5769 νεοσσεύει.
1677 5715 1818 5770 Infra

265 5778 414 5834 Bodl.
454 5781 640 5849 μόναις
664 5781 879 5833 ἐκλέπει
907 5783 1053 5845 τούς.

335 5849 446 5918 (70)
469 5853 688 5924 (Lodices
712 5855 812 5904 dno
841 5851 1000 5914 ἄλλας
1027 5852 1163 5924 ἑπτὰ
1193 5854 1420 5924 ἡμέρας.
1457 5854 1678 5921 Quando
1707 5873 1818 5910 ser-

267 5935 352 5976 mo
375 5931 458 5976 est
484 5922 548 5976 de
578 5921 859 5991 halcyone,
891 5923 1150 5978 maculam
1189 5921 1371 5980 tollere
1406 5928 1637 5981 conabor
1662 5944 1724 5982 ex
1754 5945 1816 5982 eo

1929 5020 2142 5084 quidem
2181 5019 2345 5080 illam,
2380 5020 2471 5071 sed
2495 5034 2613 5085 qua:
2649 5028 2820 5071 tamen
2856 5021 3049 5084 negotii
3081 5019 3282 5085 aliquid
3319 5018 3490 5071 laces-

1926 5102 2045 5156 sere
2078 5088 2244 5154 possit
2279 5089 2602 5141 rudinribns.
2660 5087 2753 5141 Ubi
2810 5103 2938 5153 ergo
2984 5089 3206 5156 legimus
3241 5087 3332 5140 lih.
3373 5103 3400 5138 v
3435 5090 3490 5143 in

1927 5155 2181 5210 Hexaem.
2225 5173 2343 5226 cap.
2377 5158 2484 5219 'l3,
2530 5173 2671 5210 num.
2719 5157 2812 5218 40,
2866 5155 3138 5209 Placidum
3185 5158 3340 5209 ventis
3387 5169 3490 5211 stat

1925 5242 2089 5287 mare,
2127 5235 2288 5279 doriec
2309 5245 2401 5281 οια
2421 5230 2582 5295 foveat
2615 5228 2864 5295 halcyone
2893 5245 3008 5284 sua.
3040 5228 3317 5295 legendum
3354 5243 3487 5281 cen-

1922 5310 2032 5369 seu.
2070 5298 2340 5369 donecova
2371 5297 2536 5369 foveat
2569 5300 2788 5366 halcyon
2813 5316 2929 5369 sua.
2965 5297 3090 5369 Illud
3124 5297 3325 5369 Basilii,
3358 5299 3488 5369 ήσυο

1922 5365 2074 5434 χάζει
2107 5366 2162 5417 ὀὲ
2197 5367 2342 5438 κῦμα
2364 5439 2369 5440 γ
2390 5367 2672 5420 θαλάσσιον
2694 5365 2835 5419 ὅταν
2870 5365 3081 5440 ἀλκυὼν
3129 5365 3389 5440 ἐπωὰζῃ,’
3421 5369 3488 5422 ad

1927 5442 2168 5494 vcrlmin.
2195 5453 2250 5488 ιιι.
2290 5439 2468 5492 vident
2501 5456 2712 5503 omnes,
2750 5441 3011 5504 expressit
3039 5439 3378 5492 AmbrOstus.

1997 5505 2368 5573 (7|)Nonnnlli
2404 5525 2532 5561 mss.
2564 5508 2928 5573 ἀλκυονίτιδας
2966 5509 3082 5571 τάς.

1991 5577 2101 5649 (72)
2125 5577 2275 5649 Cnlb.
2308 5582 2572 5632 secundus
2595 5579 2831 5649 γαλήνην
2865 5580 3028 5649 ἐχειν.

1994 5647 2104 5722 (75)
2159 5647 2405 5722 Codices
2436 5666 2537 5702 non
2588 5647 2750 5722 pauci
2804 5647 3032 5717 ἐξάγων.
3094 5647 3291 5704 Ibidem
3348 5649 3483 5722 Reg.

1920 5719 2351 5789 quintushepov
2377 5719 2522 5786 ἄγων
2551 5721 2648 5782 είς.

1988 5787 2098 5859 (74)
2130 5786 2271 5859 888(
2298 5791 2516 5857 quintus
2549 5791 3022 5859 ἀποσπασάμενος.

1991 5858 2102 5931 (Ἱὸ)
2129 5858 2260 5931 Editi
2289 5875 2407 5931 cum
2434 5859 2581 5931 Coll).
2627 5858 2860 5913 secundo
2906 5859 3104 5928 γονέων
3139 5861 3187 5912 οἱ
3237 5859 3479 5931 σκληροί,

1925 5935 2014 5984 sed
2051 5930 2197 5994 illud,
2230 5931 2278 5981 οι
2307 5927 2549 5999 σκληροί,
2577 5932 2724 5986 deest
2755 5932 2805 5984 in
2833 5927 3034 6000 septem
3074 5946 3228 5996 mss.,
3257 5927 3470 5986 necdu-
