4262 6500
751 452 854 504 ὶτθ

755 653 1072 720 .niqnissiuti
1111 663 1233 704 sunt
1273 669 1394 721 erga
1432 652 1643 706 lillt'rlls.
1679 652 2132 716 Quemadmodum
2175 652 2318 705 enim

751 747 963 814 cuique,
1006 756 1248 810 ut-esset,
1280 764 1340 797 ex
1378 763 1530 812 (11111111
1561 748 1812 808 tribuere,
1869 748 1940 800 ita
1975 761 2182 814 mquam
2216 755 2318 809 est,

754 847 811 891 nt
849 839 926 892 eis
968 841 1087 891 vitze
1129 843 1347 909 agendae
1390 839 1692 892 facultatem
1733 840 1846 907 pari
1893 840 2189 908 mqnalique
2231 854 2319 890 ra-

758 937 901 988 tione
937 933 1293 999 suppeditent.
1338 931 1477 986 Cave
1518 932 1742 985 imiteris
1774 946 1958 986 earum
1991 932 2166 986 avium
2199 932 2320 998 qni-

760 1020 858 1074 bus
911 1009 1115 1091 ungues
1167 1022 1356 1074 adunci
1417 1037 1560 1085 sunt,
1617 1023 2034 1077 crudelitatem:
2078 1037 2194 1090 quae
2233 1023 2321 1076 ubi

760 1112 994 1166 viderint
1043 1127 1168 1165 suos
1225 1111 1361 1166 fetus
1401 1113 1620 1182 janjam
1676 1113 1870 1166 volatui
1920 1125 2172 1172 maturos,
2225 1114 2323 1164 alis

761 1220 853 1258 eos
882 1205 1245 1266 verberantes,
1275 1225 1334 1262 ae
1363 1208 1705 1276 expellenles,
1739 1222 1799 1260 ex
1840 1206 1962 1260 nido
1994 1207 2229 1274 ejiciunt,
2263 1220 2326 1258 ac

764 1299 1016 1364 deinceps
1048 1299 1247 1352 nullam
1283 1317 1463 1353 eorum
1506 1315 1688 1351 curam
1730 1299 2042 1368 suscipiunt.
2080 1296 2326 1349 Laudan-

763 1392 861 1443 dus
890 1404 971 1443 CSl
1006 1395 1234 1446 cornicis
1269 1394 1316 1443 iu
1351 1408 1474 1444 suos
1510 1394 1682 1459 pullos
1712 1408 1879 1451 amor,
1913 1408 2028 1460 quin
2056 1389 2324 1457 ipsosjam

767 1486 1013 1539 volantes
1067 1485 1373 1545 comitatur,
1426 1484 1840 1552 alimoniamque
1890 1483 2323 1545 subministratis,

768 1577 884 1632 illos
918 1575 1217 1629 diutissime
1247 1579 1464 1630 enutrit.
1508 1575 1682 1629 Multis
1723 1577 1902 1630 avium
1940 1575 2222 1644 generibus
2263 1575 2327 1627 ad

767 1679 1084 1734 conceptum
1127 1667 1258 1721 nihil
1301 1684 1435 1735 opus
1475 1681 1554 1722 est
1598 1671 1784 1736 copula
1835 1669 2058 1721 marium
2098 1685 2109 1717 :
2150 1666 2240 1718 sed
2275 1667 2328 1719 in

769 1761 886 1813 aliis
935 1762 1220 1829 generibus
1272 1763 1412 1815 edita
1459 1762 1589 1814 citra
1641 1763 1835 1814 coitum
1885 1775 2004 1819 ova,
2049 1757 2329 1812 infecunda

770 1862 913 1905 sunt.
946 1850 1145 1906 Ferunt
1177 1863 1352 1906 autem
1394 1854 1509 1905 sine
1542 1855 1682 1906 coitu
1723 1864 1778 1905 ut
1816 1852 2100 1920 plurimum
2144 1864 2331 1917 parere

772 1948 1030 2006 vultures,
1080 1945 1201 1996 litet
1249 1944 1475 1996 maxime
1526 1945 1791 2012 long:evos
1836 1961 1849 1997 :

772 2039 878 2090 vita
910 2041 973 2090 ad
1000 2046 1208 2090 Cettlunl
1240 2051 1405 2102 usque
1428 2051 1597 2088 annos
1624 2037 1934 2102 plerumque
1962 2039 2327 2102 protendatur.

771 2127 824 2180 Id
855 2129 1006 2180 velim
1040 2138 1276 2180 notatum
1305 2137 1358 2179 et
1385 2128 1724 2180 observatum
1758 2143 1823 2180 ex
1853 2126 2037 2179 alitmu
2071 2125 2328 2179 historia:

775 2228 831 2270 nt
862 2220 904 2272 si
942 2220 1148 2286 quando
1180 2219 1462 2272 nonnullos
1496 2220 1692 2273 videris
1731 2221 2040 2291 mysterium
2093 2228 2330 2270 nostrum

783 2310 1029 2372 irridere,
1069 2311 1218 2378 quasi
1263 2312 1374 2363 lieri
1419 2320 1670 2378 nequeat,
1703 2323 1749 2363 et
1787 2311 1938 2380 quasi
1971 2311 2040 2362 sit
2079 2324 2106 2358 a
2145 2317 2332 2358 natura

779 2402 1031 2461 alienum,
1073 2411 1126 2450 ut
1155 2401 1324 2468 virgo,
1368 2402 1673 2466 virginitate
1717 2401 1832 2465 ejus
1869 2400 2180 2453 intemerata
2212 2409 2332 2461 per-

775 2506 1044 2555 manente,
1083 2496 1369 2563 pepererit,
1405 2495 1582 2547 veniat
1631 2495 1679 2544 in
1723 2502 1951 2545 tuentem
1993 2490 2107 2551 tibi,
2148 2488 2332 2548 Deum,

773 2588 856 2640 cui
912 2602 1005 2655 per
1049 2586 1443 2656 prmdicationis
1493 2584 1773 2638 stultitiam
1828 2583 2106 2636 credentes
2163 2577 2337 2631 salvos

777 2678 954 2733 facere
997 2680 1210 2742 libuit“,
1257 2681 1534 2731 innumera
1586 2678 1952 2736 incitamenta,
1999 2673 2065 2726 ab
2098 2672 2208 2740 ipsa
2244 2686 2338 2723 na-

779 2782 893 2824 tura
921 2774 1222 2839 desumpta,
1259 2774 1321 2823 ad
1356 2772 1510 2823 Iidem
1548 2771 1707 2823 rebus
1739 2768 2016 2837 stupendis
2046 2766 2338 2821 concilian-

776 2864 896 2914 dam
930 2863 977 2912 in
1013 2871 1346 2914 antecessum
1381 2863 1744 2929 preposuisse.

850 2953 900 3004 7.
949 2950 1244 3003 Producant
1283 2968 1431 3019 uquw
1463 2953 1666 3018 repulia
1707 2953 2005 3002 animarum
2042 2949 2146 3016 77
2177 2947 2341 2998 viven-

777 3048 930 3106 tium,
974 3056 1021 3100 et
1063 3047 1296 3098 volatilia
1336 3047 1561 3100 volantia
1607 3062 1759 3112 super
1803 3055 2018 3107 terram,
2061 3044 2340 3096 secundant

777 3140 1158 3210 ﬁrmamentum
1195 3140 1325 3191 caeli.
1354 3138 1505 3192 Jussa
1543 3149 1666 3190 sunt
1694 3155 1854 3206 super
1893 3147 2090 3190 terram
2123 3135 2336 3201 quidem

1902 1943 2094 2010 quippe
2138 1945 2330 2011 quibus
2365 1922 2403 1978 Β

2054 453 2110 505 S.
2157 452 2395 505 BASILU
2442 451 2658 505 MACNI
3886 459 3946 506 1>’

3954 458 3987 503 0

755 579 838 619 us
869 571 1161 630 exponunt,
1205 573 1295 614 aut
1326 565 1485 616 etiam
1523 563 1570 614 in
1599 562 1922 632 patrimonio
1953 563 2322 616 distribueudo
2351 566 2394 620 A
2425 579 2438 611 ι

2298 578 2322 613 11
2351 566 2394 620 Α
2425 561 2584 629 φάσει
2621 580 2806 625 πενιας
2854 563 3185 632 ἐκτιθέμενοι
3232 566 3296 619 τὰ
3341 565 3530 637 νήπιαο
3589 569 3620 638 ἢ
3671 569 3764 622 καὶ
3805 570 3863 620 ἐν
3917 572 3981 638 τῇ

2423 650 2648 721 διανομῇ
2681 653 2775 705 τοῦ
2834 653 3031 722 κλήρου
3087 657 3405 712 ἀνισωτατοι
3456 658 3588 727 πρὸς
3644 662 3710 713 τὰ
3764 662 3981 730 ἔκγονα.

2425 745 2638 796 Δίκαιον
2673 749 2798 819 γὰρ,
2851 747 3034 816 ὥσπερ
3065 748 3120 811 ἐξ
3156 751 3269 802 ἴσου
3305 749 3734 822 μεταδεδώκασιν
3770 758 3984 824 ἑκάστῳ

2425 834 2517 885 τοῦ
2548 831 2706 896 εἶναι,
2742 839 2881 891 οὕτω
2921 839 3013 891 καὶ
3041 839 3137 901 τὰς
3172 841 3305 910 πρὸς
3341 846 3399 896 τὸ
3447 844 3541 915 ζῇν
3568 844 3820 911 ἀφορμάς
3856 849 3987 909 ἴσως

2427 924 2609 987 αὐτοῖς
2653 928 2745 978 καὶ
2799 931 3069 999 ὁμοτίμως
3133 931 3412 1000 παρέχειν.
3469 937 3556 1006 Μὴ
3614 936 3821 1006 μιμὴσῃ
3878 939 3988 990 τῶν

2428 1014 2807 1083 γαμψωνύχων
2836 1019 3060 1088 ὀρνίθων
3107 1021 3166 1072 τὸ
3209 1023 3446 1088 ἀπηνέςο
3475 1028 3543 1090 οἳ,
3581 1025 3795 1079 ἐπειδάν
3837 1029 3986 1080 ἴδωσι

2429 1108 2552 1167 τοὺς
2614 1107 2819 1158 ἑαυτῶν
2869 1114 3113 1176 νεοττοὺς
3148 1114 3596 1183 κατατολμῶντας
3646 1116 3825 1171 λοιπὸν
3886 1119 3988 1189 τῆς

2430 1200 2698 1267 πτήσεως,
2755 1199 3068 1257 ἐκϐάλλουσι
3117 1206 3214 1275 τῆς
3269 1206 3478 1269 καλιᾶς,
3538 1213 3827 1270 τύπτοντες
3877 1214 3989 1273 τοῖς

2434 1294 2645 1362 πτεροῖς
2711 1293 2801 1345 καὶ
2852 1293 3145 1361 ὠθοῦντες,
3203 1299 3296 1351 καὶ
3356 1301 3608 1369 οὐδεμίαν
3672 1304 3990 1375 ἐπιμέλειαν

2435 1382 2709 1436 ποιοῦνται
2745 1385 2878 1455 πρὸς
2902 1386 2961 1436 τὸ
2981 1387 3179 1444 λοιπόν.
3221 1391 3526 1443 Ἐπαινετὸν
3543 1395 3638 1462 τῆς
3668 1397 3910 1468 κορώνης
3932 1393 3992 1446 τὺ

2434 1478 2774 1547 φιλότεκνον·
2821 1481 2852 1548 ἢ
2889 1481 2981 1531 καὶ
3025 1489 3337 1554 πετομένοις
3385 1484 3492 1553 (76)
3525 1485 3622 1556 ἤδη
3661 1491 3988 1559 παρέπεται,

2437 1570 2708 1633 σιτίζουσα
2746 1572 2937 1633 αὐτοὺς
2988 1574 3080 1625 καὶ
3131 1577 3462 1646 ἐκτρέφουσα
3512 1576 3671 1645 μέγρι
3716 1579 3988 1633 πλείστου.

2435 1661 2606 1714 Πολλά
2663 1663 2768 1716 τῶν
2819 1663 3043 1734 ὀρνίθων
3095 1667 3223 1737 γένη
3279 1667 3429 1720 οὐδὲν
3482 1668 3616 1737 πρὸς
3665 1669 3760 1737 τὴν
3800 1672 3994 1738 κύησιν

2433 1757 2598 1808 δεῖται
2632 1756 2726 1824 τῆς
2743 1757 2847 1809 τῶν
2879 1757 3121 1826 ἀρρένων
3152 1760 3450 1828 ἐπιπλοκῆς
3471 1776 3484 1788 ·
3516 1759 3628 1812 ἀλλ’
3654 1762 3708 1811 ὲν
3760 1761 3857 1830 μὲν
3886 1766 3994 1823 τοῖς

2435 1849 2611 1910 ἄλλοις
2640 1850 2808 1917 ἄγονά
2831 1853 2942 1902 ἐστι
2971 1849 3038 1902 τὰ
3067 1854 3361 1923 ὑπηνέμια,
3389 1856 3508 1916 τοὺς
3538 1854 3592 1906 δὲ
3621 1853 3798 1921 γῦπας
3832 1870 3996 1922 φασιν

2432 1941 2805 2005 ἀσυνδυὰστως
2833 1943 3034 1995 τίκτειν
3055 1945 3129 2007 ὡς
3161 1946 3228 1997 τά
3252 1946 3440 2008 πολλὰ,
3467 1947 3559 1998 καὶ
3589 1945 3759 1999 ταῦτα
3793 1961 3997 2015 μακρο-

2432 2032 2722 2098 ϐιωτάτους
2751 2036 2908 2096 ὄντας
2930 2049 2942 2061 ⁸
2975 2030 3055 2098 οἷς
3085 2053 3146 2101 γε
3182 2038 3370 2106 μέχρις
3412 2039 3602 2089 ἑκατὸν
3630 2039 3765 2090 ἐτῶν
3807 2038 3882 2100 ὡς
3932 2037 3997 2089 τὰ

2433 2120 2602 2172 πολλὰ
2640 2123 3018 2191 παρατείνεται
3057 2124 3166 2191 (77)
3204 2125 3393 2193 ήζωή.
3433 2126 3600 2176 Τοῦτό
3639 2145 3729 2194 μοι
3776 2128 3867 2195 Ξχε
3898 2145 3998 2180 πα-

2438 2217 2940 2286 ρασεσημειωμένον
2972 2219 3032 2270 ὲκ
3054 2217 3152 2286 τῆς
3189 2219 3312 2289 περὶ
3339 2219 3462 2281 τοὺς
3489 2219 3706 2288 ὄρνιθας
3737 2223 3996 2284 ἱστορίας,

2436 2308 2521 2366 ἵν’,
2579 2309 2796 2359 ἐπειδάν
2822 2327 2948 2361 ποτε
2978 2311 3092 2380 ἴδῃς
3120 2310 3390 2378 γελῶντας
3435 2329 3584 2374 τινας
3612 2312 3672 2363 τὸ
3702 2314 3999 2382 μυστήριον

2436 2398 2607 2466 ἡμῶν,
2635 2398 2708 2458 ὡς
2741 2401 3001 2454 ἀδυνάτου
3030 2403 3178 2466 ὄντος
3198 2405 3289 2456 καὶ
3327 2404 3428 2468 ἔξω
3458 2404 3555 2472 τῆς
3599 2403 3832 2472 φύσεως,
3860 2421 4000 2473 παρ-

2438 2490 2584 2542 θένον
2623 2493 2831 2552 τεκεῖν,
2882 2495 2981 2563 τῆς
3047 2495 3335 2563 παρθενίας
3381 2497 3547 2566 αὐτῆς
3595 2497 4000 2567 φυλαττομένης
4068 2547 4076 2556 ,

2438 2583 2728 2652 ἁχράντου,
2759 2583 3085 2654 ὲνθυμηθῇς,
3119 2587 3197 2638 ὅτι
3231 2589 3258 2638 ὁ
3289 2587 3584 2657 εὐδοκήσας
3631 2591 3687 2640 ὲν
3720 2592 3786 2657 τῇ
3821 2589 4000 2659 μωρία

2440 2675 2532 2727 τοῦ
2559 2675 2906 2745 κηρύγματος
2947 2677 3114 2730 σῶσαι
3141 2681 3264 2739 τοὺς
3302 2679 3670 2742 πιστεύοντας,
3709 2681 3905 2751 μυρίας
3940 2683 4002 2732 ἐκ

2440 2767 2538 2836 τῆς
2568 2768 2776 2836 φύσεως
2802 2771 3050 2843 ἀφορμὰς
3077 2773 3209 2844 πρὸς
3237 2774 3334 2844 τὴν
3358 2775 3537 2827 πίστιν
3564 2775 3668 2828 τῶν
3691 2775 4005 2842 παραδόξων

2443 2861 2728 2928 προλαϐὼν
2759 2864 3082 2915 κατεϐάλετο
3119 2864 3247 2932 (78).

2518 2950 2568 3000 7.
2609 2952 2967 3019 Ἐξαγαγέτιι)
2990 2953 3059 3005 τὰ
3091 2955 3271 3005 ὕδατα
3307 2953 3518 3020 ἑρπετὰ
3547 2955 3758 3022 ψυχῶν
3784 2953 4004 3015 (laedar,

2443 3041 2534 3093 καὶ
2571 3043 2807 3093 πετεινὰ
2843 3045 3134 3111 πετόμενα
3159 3045 3253 3094 ἐπὶ
3287 3043 3389 3109 τῆς
3431 3044 3560 3111 γῆς,
3599 3046 3746 3099 κατὰ
3773 3046 3838 3096 τὸ
3877 3062 4006 3097 στε-

2438 3132 2636 3200 ρέωμα
2667 3134 2770 3186 τοῦ
2798 3135 3077 3199 οὐρανοῦ.
3121 3137 3240 3187 Ἐπὶ
3290 3137 3384 3204 μὲν
3436 3139 3532 3205 τῆς
3567 3137 3669 3204 γῆς
3714 3136 4006 3206 ἐκελεύσθη

782 3231 986 3290 volare,
1044 3239 1326 3298 propterea
1373 3228 1511 3296 quod
1552 3228 1802 3281 omnibus
1845 3227 2158 3279 alimentum
2203 3235 2340 3278 terra
2372 3263 2413 3318 C
2448 3240 2465 3273 τ

2327 3239 2340 3275 1
2372 3263 2413 3318 C
2448 3223 2733 3286 πετᾶσθαι,
2767 3224 2852 3275 διὰ
2876 3225 2934 3276 τὺ
2965 3227 3096 3276 πᾶσι
3116 3226 3208 3295 τὴν
3224 3227 3550 3297 τροφὴνὰπὺ
3576 3227 3675 3296 τῆς
3701 3230 3803 3298 γῆς
3836 3228 4010 3298 ὑπάρ-

783 3322 1153 3376 subtninistret
1187 3340 1198 3375 :
1235 3322 1534 3375 Secundum
1566 3321 1949 3387 ﬁrmamentum
1992 3331 2168 3373 autem
2209 3318 2341 3378 cazli,

781 3420 1063 3478 propterea
1134 3413 1295 3477 quod,
1353 3421 1409 3464 ut
1455 3423 1576 3464 ante
1651 3411 1904 3473 diximus,
1955 3425 2046 3461 aer
2085 3410 2184 3463 hoc
2230 3408 2348 3461 loco

783 3502 1077 3568 appelletur
1122 3504 1341 3566 ccelum,
1391 3520 1486 3557 ceu
1529 3505 1778 3574 οὐρανός,
1823 3504 2066 3556 videlicet
2105 3519 2134 3554 a
2188 3507 2349 3557 verbo

782 3593 1032 3664 ὁρᾶσθαι,
1063 3595 1204 3662 quod
1249 3605 1332 3647 est
1363 3595 1543 3646 videri.
1580 3596 1716 3659 Quin
1753 3607 1805 3648 et
1841 3596 2232 3648 ﬁrmamentum
2269 3597 2349 3648 di-

786 3685 948 3748 citur,
981 3685 1098 3737 ideo
1124 3684 1266 3752 quod
1296 3699 1389 3736 aer
1423 3683 1530 3745 ille,
1561 3685 1650 3751 qui
1689 3693 1870 3736 nostro
1900 3685 2058 3750 capiti
2089 3685 2349 3748 imminet,

785 3777 1023 3829 arthereo
1055 3777 1266 3843 corpori
1312 3787 1673 3843 comparatus,
1709 3776 2099 3843 quodammodo
2132 3777 2349 3829 densio-

790 3870 868 3923 ris
924 3869 995 3920 sit
1047 3868 1368 3937 congruenti,
1428 3868 1704 3936 magisque
1749 3869 1816 3920 ob
1865 3867 2231 3920 exltalatioues
2287 3868 2351 3920 ab

791 3960 915 4014 imis
945 3959 1076 4013 locis
1122 3960 1472 4012 ascendentes
1512 3960 1931 4027 constringatur.
1978 3959 2154 4011 Habes
2192 3959 2352 4026 igitur

790 4051 989 4106 ccelum
1040 4061 1376 4113 exornatum,
1423 4061 1619 4103 terram
1664 4051 1989 4112 decoratum,
2041 4065 2186 4103 mare
2233 4064 2354 4117 pro-

793 4145 928 4211 priis
983 4144 1177 4199 fetibus
1227 4145 1547 4206 exuberans,
1600 4159 1776 4195 aerem
1835 4142 2021 4195 avibus
2074 4141 2349 4203 refertum,

794 4235 964 4302 iisque
1011 4237 1184 4303 ipsum
1239 4237 1659 4304 pervolantibus.
1709 4235 1832 4288 llaec
1876 4235 2053 4288 omnia
2104 4251 2221 4302 qua:
2265 4234 2356 4287 Dei

792 4337 1058 4397 precepto
1105 4345 1134 4382 e
1173 4330 1338 4382 nihilo
1387 4330 1436 4382 in
1483 4329 1652 4383 lucem
1702 4330 1839 4381 edita
1887 4338 2031 4389 sunt,
2064 4338 2116 4380 et
2156 4328 2354 4394 reliqua

794 4439 913 4490 qua:
966 4431 1148 4474 nostra
1187 4422 1359 4474 oratio
1391 4437 1529 4473 nunc
1565 4421 1928 4487 praetermisit,
1969 4420 2355 4472 diuturniorem

796 4516 849 4569 in
906 4515 988 4569 his
1035 4531 1236 4568 moram
1284 4514 1579 4576 declinans,
1621 4523 1678 4565 ut
1723 4527 1786 4564 ne
1833 4515 2046 4564 modum
2097 4510 2358 4562 excedere

2447 3332 2561 3384 χειν
2585 3331 2595 3345 ·
2635 3315 2795 3368 Κατά
2829 3317 2882 3367 δὲ
2922 3316 2985 3367 τὸ
3016 3317 3314 3385 στερέωμα
3337 3318 3438 3369 τοῦ
3466 3319 3744 3384 curarat},
3770 3319 3844 3380 ὡς
3877 3337 4008 3389 προ-

2447 3408 2695 3470 λαϐόντες
2723 3407 3137 3478 ἀποδεδώκαμεν
3161 3409 3292 3479 (79),
3333 3409 3562 3480 οὐρανοῦ
3601 3410 3835 3464 ἐνταῦθα
3866 3411 4012 3481 παρὰ

2449 3502 2506 3552 τὸ
2542 3501 2770 3571 ὁρᾶσθαι
2800 3501 2892 3554 τοῦ
2938 3502 3096 3574 ἀέρος
3134 3504 3590 3574 προσειρημένου·
3637 3503 4013 3574 στερεὼματος

2449 3593 2526 3655 δὲ,
2584 3593 2671 3646 δια
2730 3593 2789 3644 τὸ
2847 3594 3174 3664 πυκνότερόν
3228 3611 3341 3655 πως
3394 3590 3551 3657 εἶναι,
3606 3595 3888 3663 συγκρίσει
3922 3593 4013 3645 τοῦ

2451 3687 2691 3756 αἰθερίου
2761 3686 3028 3756 σώματος,
3092 3690 3184 3740 καὶ
3238 3689 3433 3757 μᾶλλον
3481 3687 3844 3755 πεπιλημένον
3899 3689 4016 3748 ταῖς

2453 3777 2692 3830 κάτωθεν
2735 3781 3029 3848 ἀναφοραῖς
3067 3779 3157 3830 τὸν
3193 3781 3330 3849 ὑπὲρ
3375 3779 3612 3846 κεφαλῆς
3662 3777 3817 3846 ἡμῶν
3857 3775 3992 3844 ἀέρα

2455 3871 2635 3938 Ἔχεις
2666 3864 2756 3920 οὖν
2791 3868 3016 3938 οὐρανὸν
3046 3869 3576 3938 διακεκοσμημένον,
3608 3867 3710 3935 γῆν
3747 3868 4018 3919 κεκαλλω-

2453 3961 2737 4030 πισμένην,
2775 3961 3044 4014 θάλασσαν
3074 3961 3470 4030 εὐθηνουμένην
3502 3962 3610 4022 τοῖς
3649 3959 3866 4021 οἰκείοις
3899 3976 4018 4026 γεν-

2451 4056 2705 4123 νήμασιν,
2747 4053 2882 4124 ἀέρα
2925 4053 3101 4124 πλήρη
3137 4053 3241 4104 τῶν
3269 4053 3629 4123 διιπταμένων
3681 4052 3840 4105 αὑτὸν
3879 4051 4021 4120 ὀρνί-

2455 4146 2579 4198 θων.
2617 4147 2799 4199 Πάντα
2839 4147 3216 4217 προστάγματι
3258 4145 3390 4197 Θεοῦ
3429 4147 3491 4198 ἐκ
3522 4145 3614 4198 τοῦ
3650 4145 3724 4215 μὴ
3759 4144 3911 4204 ὄντος
3943 4146 4021 4204 εἰς

2455 4236 2514 4288 τὸ
2557 4230 2694 4288 εἶναι
2737 4235 3104 4304 παραχθέντα,
3149 4235 3241 4288 καὶ
3269 4236 3369 4288 ὅσα
3395 4237 3421 4288 ὁ
3449 4236 3602 4303 λόγος
3655 4238 3866 4304 παρῆκε
3906 4233 4017 4292 νῦν,

2458 4329 2554 4398 τὴν
2581 4330 2670 4379 ἐπὶ
2710 4328 2891 4379 πλεῖον
2918 4331 2972 4379 ἐν
3012 4327 3217 4388 τούτοις
3245 4328 3526 4398 διατριϐὴν
3551 4327 3830 4388 ἐκκλίνων,
3860 4327 3934 4386 ὡς
3957 4326 4020 4376 ἂν

2463 4420 2536 4487 μὴ
2569 4418 2692 4488 δόξῃ
2719 4418 3145 4486 ὑπερεκπίπτειν
3170 4419 3279 4482 (80)
3313 4418 3403 4468 τοῦ
3431 4417 3648 4485 μέτρου,
3673 4415 3813 4467 κατὰ
3861 4431 4020 4464 σεαυ·

2460 4509 2548 4560 τὸν
2579 4507 3051 4576 συλλογισάμενος,
3077 4508 3167 4574 ὅγε
3201 4507 3501 4574 φιλόπονος,
3523 4505 3618 4574 τὴν
3648 4507 3706 4556 ὲν
3735 4506 3904 4557 ἅπασι
3931 4500 4020 4554 τοῦ

799 4608 1060 4669 videatur,
1100 4617 1154 4660 tu
1207 4617 1402 4672 tecum,
1450 4616 1632 4674 utpote
1666 4604 1957 4662 studiosus,
1993 4611 2266 4673 reputans,
2299 4609 2352 4650 et
2381 4600 2427 4657 Ι)
2453 4600 2482 4650 Ε

2339 4609 2352 4649 1
2381 4600 2427 4657 D
2453 4599 2584 4650 Θεοῦ
2632 4598 2819 4666 σοφίαν
2853 4598 3294 4668 καταμανθάνων,
3335 4598 3406 4668 μὴ
3431 4595 3594 4666 λήξῃς
3624 4595 3749 4647 ποτὲ
3776 4593 3866 4646 τοῦ
3891 4591 4022 4646 flati-

800 4698 892 4753 Dei
949 4700 1000 4752 in
1040 4700 1293 4753 oninibus
1337 4698 1655 4766 sapientiam
1691 4695 1995 4756 addiscens,
2029 4706 2096 4746 ne
2120 4704 2354 4760 unquam

871 4811 892 4841 '
930 4810 948 4863 I
987 4809 1108 4865 Cor.
1143 4827 1182 4878 1,
1212 4810 1301 4864 2|.

803 4948 914 5001 11110
941 4948 1066 5015 quin
1099 4946 1288 4999 melius
1334 4946 1492 5004 ahsit,
1537 4957 1657 5015 c_um
1694 4941 1744 4994 id
1779 4955 1882 4994 non
1934 4936 2211 5015 agnoverit
2251 4933 2359 5015 Eu-

808 5006 1062 5079 stathius,
1084 5019 1172 5084 qui
1201 5019 1277 5070 sic
1307 5017 1464 5068 vertit
1495 5033 1506 5067 :
1543 5012 1688 5065 Tales
1718 5021 1836 5084 sunt
1870 5006 2102 5062 nonnulli
2125 5014 2363 5071 parentes

813 5089 1078 5141 hominum
1105 5083 1194 5158 qui
1225 5096 1572 5158 paupertatem
1602 5083 1821 5158 causali,
1860 5089 1963 5134 etc.

881 5158 991 5228 (76)
1020 5144 1155 5212 Ediii
1195 5144 1292 5228 x'ai
1331 5144 1667 5223 πετομένοις.
1701 5156 1768 5205 At
1809 5144 1938 5206 mss.
1972 5153 2110 5204 oclo'
2137 5144 2364 5228 πετομέ-

804 5217 928 5281 νων.
974 5217 1196 5296 Magnus
1242 5227 1330 5279 ille
1355 5217 1598 5296 codicum
1653 5239 1779 5275 mss.
1826 5235 2116 5296 consensus
2144 5217 2249 5270 lere
2278 5229 2361 5296 me

806 5315 835 5352 a
860 5300 1021 5352 lducit
1053 5283 1106 5350 ιῖι
1133 5297 1346 5350 credam
1374 5293 1626 5345 Basilium
1652 5294 1980 5362 πετομένων,
2011 5306 2113 5342 non
2133 5283 2363 5364 πετομέτ

805 5387 915 5432 νοις
949 5371 1250 5436 scripsisse,
1280 5377 1440 5436 atque
1470 5364 1569 5414 hoc
1601 5364 1716 5436 loco
1739 5358 2050 5436 cotitigisse,
2075 5359 2214 5424 quod
2237 5358 2363 5436 alibi

812 5427 970 5506 smpe,
1012 5427 1072 5491 111
1105 5427 1441 5507 ιγροετεῳῖιὶ,
1477 5434 1614 5507 quod
1641 5427 1924 5507 __mendum
1962 5432 2178 5507 subesse
2223 5427 2364 5507 arbi-

819 5496 1103 5571 trarentur,
1125 5496 1310 5561 casum
1330 5496 1570 5558 'unnm'iu
1607 5501 1765 5554 alium
1793 5499 2217 5554 transmutarinl.
2235 5496 2364 5548 Dum

820 5581 978 5647 igitur
1027 5570 1268 5632 viderent
1323 5574 1563 5647 verbum.
1595 5572 1908 5642 παρέπομαι
1961 5570 2367 5647 dativuanoa

816 5635 1104 5716 genitivum
1133 5663 1332 5716 regere,
1366 5635 1687 5716 πετομένοις
1706 5635 2144 5716 ωοξπετο-μένων
2206 5635 2370 5716 Marte

815 5707 1029 5788 proprio
1051 5707 1230 5773 contra
1260 5719 1413 5770 iidem
1451 5707 1575 5788 mss.
1603 5707 1846 5788 fortassis
1870 5711 2105 5764 scribere
2138 5707 2369 5788 11011⁸1111-

815 5776 1072 5844 bitaruut.
1106 5790 1208 5843 Sed
1244 5789 1285 5842 si
1313 5784 1621 5856 τετομένων
1660 5784 1922 5856 scriptura
1952 5795 2076 5856 vera
2107 5778 2198 5856 sit:
2222 5776 2368 5855 dicas

819 5876 1037 5917 necesse
1060 5871 1141 5916 est
1172 5872 1351 5914 casuut
1383 5845 1498 5911 esse
1527 5845 1847 5917 absolutum,
1874 5866 1933 5905 ac
1965 5852 2005 5904 si
2031 5848 2151 5914 quis
2183 5845 2367 5900 Latine

2466 4706 2653 4759 ματος,
2682 4689 2814 4758 μηδὲ
2845 4688 2938 4742 τοῦ
2972 4689 3060 4741 δια
3083 4688 3258 4758 πάσης
3278 4687 3380 4758 τῆς
3412 4688 3638 4750 κτίσεως
3661 4685 3903 4752 δοξάζειν
3934 4683 4024 4737 τὸν

2469 4935 2692 4994 diceret,
2728 4930 2948 4984 Consule
2977 4929 3240 4990 Cicerone,
3259 4931 3305 4983 ei
3331 4924 3683 4988 adulabantur
3709 4947 3903 4986 omnes.
3936 4931 4021 4996 lgi-

2473 5015 2558 5056 tur
2579 5003 2734 5054 modo
2761 5017 2862 5055 non
2887 5000 3126 5054 dissimili
3155 5001 3312 5053 verba
3333 5001 3540 5064 Graeca,
3565 5001 3608 5053 si
3626 5017 3918 5068 pronomen
3935 5003 4028 5054 αὺ-

2469 5075 2584 5134 τοῖς
2613 5073 2971 5139 suppleamus,
3005 5080 3254 5136 poterunt
3282 5073 3515 5124 coristrui
3553 5072 3653 5124 hoc
3684 5073 3844 5125 modo
3879 5091 3892 5126 :
3928 5090 4024 5123 πε-

2469 5144 2709 5213 τομένων
2739 5141 2961 5213 τέκνων,
2985 5140 3504 5213 αὑτοῖςγπαρέπεται,
3531 5141 3825 5194 volantibus
3852 5145 4028 5211 pullis,

2466 5211 2552 5267 eos
2580 5214 2875 5264 comitatur.
2913 5211 3052 5277 Lege
3082 5219 3138 5261 111
3167 5212 3369 5264 libebit.

2540 5281 2654 5352 (77)
2687 5283 2814 5348 Reg.
2846 5293 3030 5334 sextus
3058 5279 3487 5352 παρεκτείνεται.
3517 5280 3634 5333 Mox
3659 5282 4030 5352 rcodieesroclo

2470 5349 2558 5423 ἔχε
2593 5351 3200 5422 παρασεσημειωμένον.
3236 5349 3376 5404 Editi
3416 5351 3504 5421 ἔχε
3533 5351 3682 5421 παρὰ
3705 5351 3912 5422 σεαυτῷ
3942 5370 4022 5405 σε·

2470 5423 2863 5494 σημειωμένον.

2545 5489 2658 5564 (78)
2683 5489 2793 5546 Dno
2823 5506 2951 5544 mss.
2976 5489 3366 5564 κατεϐάλλετο.
3397 5491 3539 5544 11111⁸8
3573 5505 3701 5564 mss.
3736 5502 3846 5547 tres
3880 5493 4006 5544 πέτε

2470 5561 2613 5617 σθαι.
2647 5564 2784 5616 Editi
2809 5578 2925 5617 cum
2958 5563 3162 5616 duobus
3185 5561 3304 5614 aliis
3335 5576 3461 5615 mss.
3500 5561 3788 5616 πετᾶσθαι.

2538 5635 2649 5704 (79)
2683 5634 2813 5702 Reg.
2844 5643 3023 5686 sextus
3047 5631 3406 5704 regulations;
3429 5630 3806 5702 ἀπεδώκαμεν.
3832 5631 3940 5687 Nec
3965 5633 4032 5686 ita

2470 5702 2638 5759 multo
2665 5715 2781 5770 post
2809 5719 2932 5755 mss.
2969 5713 3074 5755 tres
3097 5702 3184 5753 διὰ
3217 5702 3275 5753 τὸ
3308 5703 3527 5756 πυκνόν.

2542 5775 2650 5842 (80)
2686 5774 2908 5827 Codices
2943 5772 3178 5842 quinque
3197 5772 3576 5842 ὑπερπίπτειν.
3609 5771 3731 5828 Mox
3759 5773 3913 5829 Colb.
3952 5787 4032 5829 se-

2470 5841 2673 5900 cundus
2699 5845 2755 5896 ὲν
2788 5843 2917 5897 πᾶσι
2941 5841 3054 5894 τοῦ.
