4262 6510
274 451 372 509 181

1382 454 1667 512 HOMILIA
1710 458 1819 514 Vlll
1860 458 1927 512 ΙΝ
1967 459 2459 516 HEXAEMERON.

3396 460 3494 514 132

273 570 525 640 ποιητήν.
564 570 747 639 Ἔχεις
776 572 833 624 ἐν
862 570 938 642 τῷ
992 573 1168 626 σκότει
1219 572 1285 625 τά
1338 577 1657 646 νυκτερόόια
1709 580 1835 647 γένη
1866 584 1907 638 Α
1939 600 1952 632 ι

1809 595 1835 647 η
1866 584 1907 638 Α
1939 581 2152 634 desinas
2182 583 2385 642 mirari,
2417 593 2584 647 neque
2622 579 2843 648 gloriam
2875 594 2939 633 ex
2969 578 3207 647 qualibet
3249 588 3492 631 creatura

269 664 380 719 τῶν
406 662 629 731 ὀρνίθων
650 680 663 694 ·
702 665 759 715 ὲν
779 664 855 733 τῷ
878 668 1015 732 φωτὶ
1036 666 1101 719 τὰ
1133 667 1484 736 ἡμερόφοιτα.
1512 670 1833 739 Νυκτερίδες

274 754 377 825 μὲν
395 754 530 823 γὰρ,
556 756 649 807 καὶ
675 756 927 822 γλαῦκες,
952 758 1044 810 καὶ
1072 758 1489 829 νυκτοκόρακες,
1517 760 1625 813 τῶν
1652 777 1831 813 νυκτι-

272 848 453 916 νόμων
482 848 637 901 εἰσίν.
685 849 844 901 Ὥστε
878 849 957 901 σοί
996 867 1123 902 ποτε
1152 852 1209 903 ὲν
1250 852 1424 922 καιρῷ
1465 851 1537 922 μὴ
1573 851 1833 922 παρόντος

273 939 369 991 τοῦ
415 939 579 993 ῦπνου
610 940 858 1009 ἐξαρκεῖν
878 942 969 993 καὶ
990 942 1087 1011 τὴν
1120 945 1176 995 ὲν
1196 943 1402 1006 τούτοις
1426 943 1721 1013 διατριϐὴν,
1743 945 1834 998 καὶ

271 1032 370 1100 τὴν
397 1032 503 1084 τῶν
520 1034 868 1103 ὑπαρχόντων
887 1025 1066 1097 αὐτοῖς
1087 1034 1387 1106 ἰδιωμάτων
1410 1035 1674 1098 ἐξέτασιν,
1696 1036 1831 1106 πρὸς

270 1123 573 1193 δοξολογίαν
595 1125 687 1177 τοῦ
718 1113 959 1193 ποιητοῦ.
992 1127 1115 1189 Πῶς
1140 1127 1410 1198 ἄγρυπνον
1438 1126 1685 1197 ήάηδὼν,
1704 1129 1832 1179 ὃταν

272 1216 518 1286 ὲπωάζῃ,
548 1214 635 1268 διὰ
661 1216 837 1285 πάσης
864 1210 1055 1279 νυκτὸς
1087 1218 1183 1287 τῆς
1220 1217 1483 1287 μελῳδίας
1518 1217 1591 1287 μὴ
1624 1217 1832 1288 ἀπολή-

272 1324 465 1374 γουσα.
500 1308 623 1371 Πῶς
645 1308 945 1378 τετράπουν
979 1310 1038 1361 τὸ
1061 1310 1190 1361 αὐτὸ
1218 1311 1310 1362 καὶ
1344 1310 1541 1374 πτηνὸν
1577 1312 1610 1379 ἡ
1648 1327 1834 1362 νυκτε-

276 1394 381 1465 ρίς.
418 1397 539 1459 Πῶς
582 1397 713 1465 μόνη
756 1397 863 1449 τῶν
903 1399 1130 1469 ὀρνίθων
1168 1400 1343 1452 ὀδοῦσι
1390 1399 1692 1471 κέχρηται,
1740 1401 1834 1454 καὶ

273 1484 529 1554 ζωογονεῖ
557 1486 663 1553 (81)
698 1486 793 1554 μὲν
826 1487 899 1550 ῶς
918 1488 985 1540 τὰ
1002 1489 1321 1559 τετράποδα,
1348 1490 1732 1555 ὲπιπολάζειδὲ
1758 1490 1835 1561 τῷ

271 1577 417 1648 ἀέρι,
453 1577 573 1645 οὐχὶ
606 1577 787 1647 πτερῷ
825 1579 1211 1651 κουφιζομένη,
1248 1581 1361 1633 ἀλλ’
1395 1579 1553 1651 ὑμένι
1582 1582 1687 1635 τινὶ
1717 1582 1835 1653 δερ-

274 1668 503 1737 ματίνῳ.
525 1666 643 1729 Πῶς
676 1668 853 1737 μέντοι
878 1670 970 1721 καὶ
987 1668 1143 1722 τοῦτο
1160 1670 1269 1741 ἔχει
1292 1672 1353 1724 τὸ
1384 1672 1491 1740 (82)
1516 1672 1834 1741 φιλάλληλον

272 1760 332 1813 ἐν
354 1762 415 1827 τῇ
448 1758 622 1826 φύσει,
644 1760 736 1811 καὶ
765 1760 949 1832 ῶσπερ
971 1762 1226 1832 ὀρμαθὸς,
1244 1763 1484 1833 ἀλλήλων
1510 1765 1565 1815 αἱ
1594 1764 1835 1833 νυκτερί-

269 1853 360 1914 δες
396 1852 623 1921 ἔχονται,
662 1856 753 1907 καὶ
785 1856 881 1925 μία
920 1856 1017 1925 τῆς
1067 1858 1193 1925 μιᾶς
1238 1857 1535 1925 ἤρτηνται·
1572 1858 1707 1926 ὅπερ
1747 1857 1831 1925 ἐφ’

269 1945 303 2011 ἡ
314 1943 425 2011 μῶν
446 1944 550 1996 τῶν
578 1946 877 2016 ἀνθρώπων
904 1948 963 1999 οὐ
989 1947 1163 2015 ῥᾴδιον
1184 1946 1606 2017 κατορθωθῆναι.
1635 1948 1705 1999 Τὸ
1726 1947 1832 2017 γάρ

268 2038 667 2106 ἀπεσχισμένον
710 2040 800 2090 καὶ
850 2038 1046 2100 ἰδιάζον
1079 2037 1171 2089 τοῦ
1221 2040 1534 2093 κοινωνικοῦ
1567 2042 1657 2093 καὶ
1690 2043 1832 2110 ἠνω-

272 2125 432 2193 μένου
468 2131 576 2190 τοῖς
612 2128 823 2190 πολλοῖς
884 2130 1294 2201 προτιμότερον.
1325 2131 1447 2193 Πῶς
1479 2132 1688 2184 ἐοίκασι
1721 2134 1832 2194 τοῖς

266 2218 479 2288 ὕμμασι
530 2220 626 2288 τῆς
674 2219 904 2286 γλαυκὸς
950 2222 995 2272 οἱ
1044 2222 1170 2292 περὶ
1219 2222 1315 2293 τὴν
1368 2223 1594 2292 ματαίαν
1639 2223 1831 2290 σοφίαν

268 2307 639 2376 ὲσχολακὸτες.
684 2310 789 2362 Καὶ
838 2309 944 2379 γὰρ
984 2311 1197 2381 ἐκείνης
1246 2314 1278 2382 ὴ
1325 2313 1443 2380 ὄφις
1495 2314 1683 2374 νυκτὸς
1734 2313 1830 2381 μὲν

266 2399 521 2469 ἔρρωται,
555 2400 705 2470 ἡλίου
737 2403 791 2455 δὲ
823 2402 1132 2471 λάμψαντος
1170 2404 1523 2473 ἀμαυροῦται.
1561 2405 1670 2457 Καὶ
1702 2404 1827 2456 τοῦ·

264 2504 375 2539 των
412 2489 507 2559 μὲν
539 2489 647 2559 (85)
684 2492 714 2559 ἡ
760 2490 960 2547 διάνοια
1009 2491 1237 2559 ὀξυτάτη
1285 2492 1381 2560 μέν
1432 2493 1543 2544 ἐστι
1572 2491 1703 2561 πρὸς
1730 2491 1829 2561 τὴν

264 2582 366 2643 τῆς
391 2582 741 2649 ματαιότητος
779 2582 1028 2651 Θεωρίαν,
1067 2584 1200 2653 πρὸς
1236 2583 1291 2635 δὲ
1322 2584 1420 2653 τὴν
1452 2584 1544 2636 τοῦ
1578 2584 1828 2653 ἀληθινοῦ

266 2670 445 2736 φωτὸς
468 2673 788 2740 κατανόησιν
814 2674 1212 2745 ὲξημαύρωται.
1245 2675 1330 2726 Ἐν
1352 2676 1534 2746 ἡμέρα
1552 2676 1607 2727 δέ
1631 2693 1710 2727 σοι
1736 2676 1828 2728 καὶ

268 2762 411 2814 πάνυ
443 2762 619 2833 ῥᾴδιον
647 2765 976 2834 πανταχόθεν
1009 2767 1259 2834 συνάγειν
1288 2767 1398 2837 (84)
1429 2768 1487 2819 τὸ
1528 2768 1709 2837 θαῦμα
1735 2768 1827 2821 τοῦ

265 2850 572 2918 κτίσαντος.
615 2854 734 2918 Πῶς
761 2857 856 2926 μὲν
886 2858 970 2908 ἐπ’
997 2856 1133 2928 ἔργα
1169 2874 1227 2909 σε
1254 2858 1505 2929 διεγείρει
1531 2861 1558 2911 ὀ
1588 2858 1829 2922 σύνοικος

264 2945 435 3017 ὕρνις,
468 2947 615 3017 ὀξείᾳ
641 2950 705 3019 τῇ
739 2950 886 3019 φωνῇ
928 2948 1139 3018 ὲμόοῶν
1177 2951 1268 3002 κα)¹
1305 2950 1665 3020 καταμηνύων
1701 2954 1830 3024 πόῥ-

268 3037 444 3107 ρωθεν
476 3038 556 3091 ἔτι
592 3040 682 3091 τὸν
714 3040 862 3109 ἦλιον
896 3041 1342 3112 προσελαύνοντα,
1382 3042 1678 3112 ὁδοιπόροις
1710 3060 1830 3095 συν-

262 3130 604 3201 διορθρίζων,
635 3134 907 3201 γεωργοὺς
937 3132 989 3183 δὲ
1014 3132 1219 3197 ἐξάγων
1264 3133 1396 3201 πρὸς
1441 3133 1667 3201 ἀμητόν.
1708 3132 1829 3195 Πῶς

266 3222 543 3291 ἄγρυπνον
574 3222 633 3273 τὸ
678 3221 785 3273 τῶν
826 3222 1001 3290 χηνῶν
1054 3222 1227 3288 γένος,
1272 3222 1365 3273 καὶ
1414 3223 1549 3293 πρὸς
1587 3224 1682 3293 τὴν
1721 3224 1828 3276 τῶν

265 3314 632 3372 λανθανόντων
666 3314 911 3381 αἴσθησιν
938 3312 1211 3379 ὀξύτατον,
1252 3315 1304 3366 οἴ
1333 3314 1394 3383 γέ
1442 3332 1570 3368 ποτε
1610 3317 1702 3369 καὶ
1734 3316 1831 3387 τὴν

268 3406 513 3476 βασιλίδα
548 3405 699 3457 πόλιν
720 3405 1135 3476 περιεσώσαντο,
1181 3407 1470 3478 πολεμίους
1516 3410 1691 3472 τινάς,
1729 3410 1833 3462 ὑπὸ

264 3500 371 3569 γῆς
404 3498 470 3550 δι’
512 3499 793 3569 ὑπονόμων
839 3499 950 3564 (85)
997 3500 1215 3567 ἀφανῶν
1266 3501 1362 3571 ἢδη
1413 3502 1699 3570 μέλλοντας
1736 3503 1833 3571 τὴν

265 3588 443 3659 ἄκραν
476 3588 573 3658 τῆς
613 3588 824 3658 Ῥώμης
846 3589 1294 3658 καταλαμῦἀνειν,
1326 3590 1823 3659 καταμηνύσαντες.

279 3681 369 3732 Ἕν
406 3680 539 3749 ποίῳ
585 3680 728 3746 γένει
787 3679 892 3730 τῶν
933 3680 1157 3749 ὀρνίθων
1207 3680 1307 3730 οὐκ
1350 3680 1476 3732 ἴδιόν
1506 3697 1559 3732 τι
1594 3680 1829 3751 θαῦμαὴ

267 3772 432 3840 φύσις
454 3772 724 3833 δείκνυσις
756 3770 848 3833 Τίς
886 3773 913 3823 ὀ
947 3771 1053 3838 (86)
1076 3774 1185 3833 τοῖς
1214 3771 1345 3839 γυψὶ⁵
1377 3774 1833 3841 προαπαγγέλλων

263 3863 375 3918 τῶν
408 3862 705 3933 ἀνθρώπων
732 3862 821 3915 τὸν
847 3862 1091 3925 θάνατον,
1133 3864 1258 3915 ὅταν
1299 3863 1416 3915 κατ’
1442 3862 1679 3932 ἀλλήλων
1718 3866 1834 3915 ἐπι-

266 3952 703 4022 στρατεύσωσιν;
741 3953 896 4012 Ἴδοις
927 3953 1034 4021 γὰρ
1079 3953 1143 4005 ἂν
1182 3954 1378 4023 μυρίας
1418 3953 1613 4017 ἀγέλας
1646 3954 1834 4021 γυπῶν

264 4046 378 4105 τοῖς
412 4043 785 4113 στρατοπέδοις
824 4043 1228 4113 παρεπομένας,
1258 4047 1330 4096 ὲκ·
1368 4047 1463 4115 τῆς
1510 4046 1615 4099 τῶν
1657 4047 1833 4098 ὃπλων

266 4136 618 4206 παρασκευῆς
665 4134 1109 4205 τεκμαιρομένων
1162 4135 1258 4208 τὴν
1297 4136 1536 4192 ἔκϐασιν.
1586 4138 1752 4190 Τοῦτο
1778 4139 1834 4191 δὲ

264 4231 327 4282 οὐ
356 4230 570 4301 μακράν
605 4227 715 4300 (87)
744 4230 858 4280 ἐστι
893 4228 1167 4299 λογισμῶν
1204 4230 1569 4300 ἀνθρωπίνων.
1603 4231 1723 4294 Πῶς
1753 4249 1832 4283 σοι

262 4323 365 4385 τὰς
397 4323 630 4392 φοϐερὰς
663 4324 1045 4392 ἐπιστρατείας
1092 4324 1188 4390 τῆς
1226 4322 1441 4392 ἀκρίδος
1484 4324 1828 4395 διηγήσομαι·

266 4416 325 4482 ἣ,
352 4415 439 4482 ὑφ’
483 4417 562 4467 ἑνὶ
601 4416 896 4485 συνθήματι
948 4418 1094 4466 πᾶσα
1140 4415 1364 4485 ἀρθεῖσα
1398 4416 1490 4467 καὶ
1540 4433 1833 4485 στρατοπε-

262 4506 566 4575 δευσαμένη
600 4507 739 4559 κατὰ
772 4508 830 4559 τὸ
862 4508 1059 4568 πλάτος
1096 4506 1193 4575 τῆς
1234 4506 1434 4576 χώρας,
1473 4507 1531 4557 οὐ
1572 4508 1831 4576 πρότερον

1935 672 2199 727 conditori
2227 672 2371 725 dare.
2404 670 2577 725 [labes
2610 672 2659 724 in
2688 671 2919 724 tenebris
2943 672 3185 737 quadam
3221 670 3492 723 volucrum

1934 776 2151 831 genera,
2178 776 2295 829 qua
2325 762 2487 813 vitam
2517 771 2827 814 nocturnam
2860 762 3056 814 ducunt
3089 780 3101 815 :
3138 761 3190 812 iu
3222 762 3338 815 luce
3368 762 3492 825 alia,

1934 864 2051 919 qua
2074 850 2301 904 interdiu
2328 861 2611 919 vagantur.
2641 849 3055 919 Vespertilioues
3078 854 3240 913 enim,
3266 862 3491 916 noctua,

1934 943 2188 1011 corvique
2232 942 2503 1005 nocturni,
2560 954 2719 995 noctu
2778 954 3089 1010 pascuntur.
3144 942 3317 1007 Quare
3370 960 3492 997 cum

1934 1033 2221 1100 aliquando
2256 1049 2349 1101 per
2379 1033 2591 1101 aliquod
2624 1043 2831 1103 tempus
2873 1034 2967 1086 tibi
3018 1050 3121 1086 non
3152 1035 3318 1087 aderit
3344 1051 3493 1089 som-

1934 1138 2052 1185 nus,
2096 1122 2141 1176 si
2191 1123 2241 1175 in
2290 1123 2374 1175 his
2417 1124 2739 1188 immoraris,
2783 1133 2833 1176 et
2875 1138 3057 1175 eorum
3091 1125 3345 1190 expendis
3375 1139 3490 1193 pro-

1932 1215 2207 1285 prietates,
2242 1229 2304 1269 ea
2355 1215 2421 1268 ad
2462 1215 2794 1269 conditorem
2831 1214 2997 1284 gloria
3027 1213 3362 1269 afﬁciendum
3400 1216 3492 1270 tibi

1933 1306 2197 1362 suﬂicient
2240 1324 2252 1360 ε
2307 1307 2574 1376 quomodo
2617 1307 2743 1374 vigil
2800 1308 2869 1361 sit
2915 1308 3159 1372 luscinia,
3216 1323 3337 1361 cum
3377 1309 3497 1363 ovis

1935 1400 2152 1454 incubat
2187 1418 2199 1452 :
2228 1401 2661 1469 quandoquidem
2692 1416 2789 1470 per
2819 1411 2982 1455 totam
3013 1409 3220 1454 noctem
3261 1415 3289 1451 a
3331 1411 3492 1453 cantu

1934 1505 2037 1544 non
2080 1492 2321 1556 desistit;
2356 1493 2620 1559 quomodo
2653 1494 2787 1545 idem
2825 1493 3130 1562 quadrupes
3165 1492 3235 1544 sit
3270 1500 3324 1544 et
3351 1490 3496 1542 vola-

1935 1582 2046 1645 tile,
2076 1583 2413 1649 vespertilio;
2442 1586 2708 1651 quomodo
2742 1583 2859 1636 sola
2893 1598 2955 1635 ex
2990 1581 3297 1635 volucribus
3322 1582 3495 1634 denti-

1934 1672 2034 1725 bus
2059 1682 2261 1736 utatur,
2320 1686 2371 1727 et
2408 1676 2577 1741 pariat
2608 1676 2820 1743 quidem
2853 1673 3055 1727 catulos
3087 1673 3231 1727 velut
3258 1674 3495 1740 quadru-

1934 1765 2109 1831 pedia,
2140 1776 2361 1834 vagetur
2400 1782 2526 1819 vero
2566 1767 2616 1819 in
2665 1781 2809 1833 aere,
2849 1782 2951 1818 non
2991 1765 3179 1834 pennis
3211 1765 3370 1830 elata,
3404 1764 3498 1819 sed

1937 1858 2244 1909 membrana
2274 1859 2501 1925 quadam
2538 1858 2806 1911 coriacea.
2844 1859 3120 1924 Quomodo
3158 1867 3211 1910 et
3248 1857 3347 1910 hoc
3384 1872 3496 1910 mu-

1865 1934 1906 1988 Β
1941 1957 2086 2000 tuum
2121 1962 2354 1999 amorem
2393 1960 2581 2001 natura
2616 1949 2831 2002 insitum
2874 1951 3085 2014 habeat,
3125 1950 3334 2017 sibique
3363 1948 3499 2000 iuvi-

1937 2054 2051 2093 cem
2089 2040 2488 2108 vespertiliones
2537 2042 2588 2093 in
2626 2043 2837 2095 modum
2872 2052 3071 2095 catena
3104 2042 3496 2103 adharescant.

1937 2139 1991 2182 et
2036 2143 2139 2181 una
2190 2131 2256 2182 ab
2297 2130 2461 2183 altera
2514 2132 2739 2196 pendeat
2786 2149 2801 2183 :
2841 2130 2979 2199 quod
3022 2145 3125 2183 non
3174 2129 3328 2183 facile
3379 2130 3494 2183 fieri

1937 2218 2075 2272 inter
2110 2234 2206 2272 nos
2241 2220 2483 2273 homines
2524 2221 2678 2274 solet.
2726 2219 2855 2273 Nam
2907 2222 3147 2288 sejuncta
3193 2231 3245 2276 et
3296 2222 3497 2290 privata

1937 2313 2043 2363 vita
2104 2326 2131 2362 a
2187 2312 2460 2378 plerisque
2516 2312 2755 2364 societati
2804 2313 3107 2380 praefertur,
3156 2324 3317 2381 atque
3365 2328 3498 2368 con-

1929 2398 2218 2468 jtmctioni.
2267 2401 2336 2456 Ut
2385 2402 2459 2454 illi
2493 2402 2582 2470 qui
2612 2417 2762 2454 vana
2789 2403 3068 2470 sapientia
3100 2406 3337 2465 student,
3395 2422 3496 2457 no-

1941 2501 2081 2545 ctua
2114 2492 2283 2545 oculis
2333 2502 2457 2546 sunt
2501 2493 2733 2545 similes!
2789 2491 2919 2545 Nam
2961 2504 3017 2546 ut
3066 2493 3204 2547 illius
3252 2505 3497 2562 aspectus

1936 2593 2095 2637 noctu
2141 2585 2353 2649 quidem
2402 2586 2565 2649 valet,
2614 2586 2723 2639 sole
2751 2602 2876 2639 vero
2900 2587 3234 2641 illucescente
3269 2589 3497 2641 infusca-

1938 2684 2023 2727 tur
2069 2692 2082 2727 :
2143 2674 2216 2726 ita
2280 2676 2505 2728 istorum
2561 2692 2712 2729 mens
2767 2678 3225 2744 perspicacissima
3282 2679 3495 2746 quidem

1935 2774 2016 2817 est
2081 2766 2146 2815 ad
2205 2765 2667 2831 contemplandam
2722 2766 3037 2832 vanitatem,
3086 2766 3327 2819 hebescit
3370 2782 3498 2820 vero

1936 2856 2001 2907 ad
2036 2870 2217 2908 veram
2256 2860 2426 2909 lucem
2464 2856 2877 2926 intelligendam.
2924 2856 3060 2923 Quin
3106 2869 3158 2911 et
3200 2859 3291 2911 tibi
3335 2859 3499 2912 inter-

1934 2947 2023 3001 diu
2090 2947 2246 3001 facile
2303 2948 2586 3002 admodum
2651 2948 2811 3001 fuerit
2868 2950 3140 3003 undelibet
3195 2961 3494 3004 creatorem

1936 3040 2212 3093 admirari.
2256 3039 2326 3094 Ut
2353 3042 2418 3094 ad
2462 3056 2651 3109 operas
2695 3042 2897 3094 excitat
2946 3053 2994 3096 te
3034 3044 3146 3096 avis
3182 3043 3495 3100 domestica.

1935 3138 2053 3190 qua
2093 3140 2219 3178 voce
2245 3138 2401 3179 acuta
2450 3128 2805 3195 iuclamitans,
2840 3139 2892 3181 et
2918 3129 3081 3182 solem
3113 3132 3287 3184 adlmc
3318 3147 3347 3185 e
3389 3131 3501 3184 lou-

1937 3218 2133 3286 ginquo
2184 3220 2525 3273 accedentem
2572 3222 2962 3288 pranuntians,
3014 3221 3198 3292 vigilat
3240 3239 3341 3276 una
3373 3240 3493 3277 cum

1934 3309 2246 3375 viatoribus,
2278 3320 2437 3378 atque
2470 3312 2732 3379 agricolas
2780 3313 2845 3365 ad
2897 3329 3126 3367 messem
3177 3315 3373 3369 educit.
3428 3314 3498 3371 Ut

1934 3402 2155 3469 pervigil
2193 3412 2274 3456 est
2301 3419 2551 3456 anserum
2600 3420 2801 3473 genus;
2845 3416 3004 3473 atque
3052 3406 3101 3459 id
3150 3408 3289 3474 quod
3342 3408 3493 3472 latct,

1935 3492 2244 3546 acutissime
2270 3494 2454 3546 sentit.
2494 3492 2556 3545 Hi
2606 3494 2852 3547 videlicet
2896 3496 3092 3563 regiam
3142 3500 3325 3548 urbem
3370 3496 3496 3549 olim

1934 3594 2338 3649 conservarunt,
2377 3586 2497 3635 dum
2533 3584 2857 3657 78oiiOSlCS
2908 3585 3164 3651 quosdam
3215 3587 3313 3639 sub
3356 3595 3497 3639 terra

1935 3688 2026 3740 per
2062 3672 2287 3727 latentes
2321 3674 2597 3727 cuniculos
2626 3674 2847 3742 jamjam
2884 3677 2933 3727 iu
2982 3677 3129 3730 urbis
3175 3676 3356 3731 Roma
3409 3695 3497 3729 ar-

1934 3782 2049 3821 cem
2101 3782 2456 3838 occupaturos
2504 3772 2873 3838 prodiderunt.
2928 3770 2982 3824 In
3037 3786 3266 3839 quonam
3319 3775 3495 3826 avium

1934 3876 2127 3929 genere
2169 3878 2280 3915 rem
2315 3864 2599 3931 quamdam
2632 3864 2955 3930 singularem
3010 3863 3365 3919 admiratione
3416 3868 3493 3921 di-

1934 3966 2093 4020 gnam
2130 3967 2319 4007 natura
2362 3970 2466 4007 non
2503 3956 2770 4007 ostendit?
2796 3955 2925 4021 Quis
2962 3960 3279 4024 praenuntiat
3325 3959 3497 4011 vultu-

1936 4048 2082 4100 ribus
2140 4048 2412 4099 hominum
2480 4059 2703 4101 mortem
2763 4060 2895 4114 ttnn,
2948 4067 3070 4103 cum
3118 4052 3217 4103 sibi
3269 4051 3493 4104 invicem

1934 4140 2167 4192 inferunt
2223 4139 2454 4191 bellum?
2493 4138 2687 4191 Videas
2743 4143 2884 4194 enim
2944 4142 3249 4195 innumeros
3308 4158 3495 4212 greges

1933 4229 2205 4282 vulturum
2254 4230 2523 4282 exercitus
2574 4242 2880 4299 sequentes,
2913 4242 2966 4285 et
3001 4248 3061 4285 ex
3095 4248 3364 4287 armorum
3400 4250 3495 4302 ap-

1934 4332 2123 4390 paratu
2151 4323 2353 4374 exitum
2389 4324 2775 4391 coniectantes.
2811 4326 2919 4378 lloc
2945 4336 3118 4379 autem
3164 4343 3265 4380 non
3310 4326 3492 4393 procul

1934 4431 1961 4467 a
1993 4416 2491 4469 ratiocinationibus
2520 4417 2771 4470 humanis
2819 4418 2992 4469 abest.
3051 4422 3295 4482 Quonam
3336 4431 3492 4485 pacto

1938 4506 2207 4562 terribiles
2275 4508 2493 4560 locusta
2553 4508 2917 4575 expeditiones
2983 4509 3075 4563 tibi
3137 4526 3490 4577 enarravero,

265 4597 494 4649 ἅπτεται
523 4595 627 4645 τῶν
671 4597 914 4665 καρπῶν,
952 4596 1079 4666 πρὶν
1126 4594 1399 4663 ὲνδοθῆναι
1445 4596 1579 4663 αὐτῇ
1610 4596 1666 4646 τὸ
1692 4596 1828 4646 θεῖον
1862 4628 1904 4682 D
1934 4620 1948 4653 (

1805 4613 1828 4645 ν
1862 4628 1904 4682 D
1934 4618 2051 4670 qua
2078 4602 2323 4653 universa
2366 4600 2466 4652 sub
2496 4614 2600 4652 uno
2630 4600 2782 4667 signo
2813 4600 2972 4665 elata,
3006 4612 3165 4671 atque
3198 4609 3488 4658 secundum

266 4688 627 4759 πρόσταγμα;
689 4686 811 4749 Πῶς
863 4691 893 4756 ἡ
958 4687 1199 4749 σελευκὶς
1244 4688 1500 4753 ὲφέπεται
1548 4688 1677 4756 ἴαμα
1732 4687 1829 4755 τῆς

266 4780 500 4849 πληγῆς,
541 4779 837 4850 ἀπέραντον
872 4778 1066 4847 ἔχουσα
1090 4779 1180 4831 τοῦ
1213 4778 1408 4830 ἐσθίειν
1454 4780 1551 4848 τὴν
1584 4779 1828 4847 δύναμιν,

264 4872 359 4927 τοῦ
404 4872 782 4944 φιλανθρώπου
824 4870 955 4923 Θεοῦ
990 4873 1279 4940 ἀκόρεστον
1320 4871 1490 4939 αὐτῆς
1530 4872 1625 4942 τὴν
1673 4874 1831 4941 φύσιν

265 4967 354 5019 ἐπ’
384 4965 669 5035 εὐεργεσίᾳ
696 4967 801 5018 τῶν
821 4963 1118 5036 ἀνθρώπων
1144 4964 1649 5029 κατασκευάσαντος
1679 4966 1785 5036 (88)
1815 4985 1828 5033 ;

336 5161 447 5231 (81)
475 5160 576 5214 Sex
604 5176 734 5213 mss.
764 5159 1037 5229 ζωογονεῖ.
1075 5163 1208 5217 ΕιΙίιί
1238 5164 1511 5227 ζωοτοκεῖ.

337 5231 448 5299 (82)
479 5232 567 5285 Sic
595 5242 823 5299 quatuor
854 5250 981 5288 mss.
1018 5235 1225 5287 Atediti
1252 5251 1370 5287 cum
1407 5250 1512 5287 uno
1537 5243 1628 5286 aut
1655 5234 1827 5291 altero

266 5316 369 5378 nis.
398 5301 614 5378 Eleum.
673 5302 1121 5378 Aliquantogpost
1159 5305 1535 5378 ed_itio_Paris.
1568 5306 1676 5378 καὶ(
1718 5307 1825 5378 γὰρ

263 5370 473 5442 ὥσπερ.
529 5373 683 5426 Deest
709 5373 816 5442 γάρ
846 5373 894 5425 in
926 5376 1160 5429 editione
1205 5372 1368 5431 Basil.
1412 5385 1466 5429 et
1508 5378 1557 5429 in
1590 5370 1823 5445 quinque

262 5456 394 5499 IIISS.

338 5513 450 5580 (83)
490 5510 567 5564 Ita
602 5522 833 5576 quatuor
864 5527 991 5583 mss.
1031 5513 1182 5566 Deest
1234 5514 1331 5583 μέν
1363 5516 1411 5567 in
1443 5516 1672 5569 excusis.

310 5583 446 5651 ,(84)
481 5583 656 5653 Codex
687 5582 926 5653 Catttbcf.
958 5598 1076 5636 cum
1110 5582 1496 5653 aliis’qtiinque
1533 5604 1657 5640 mss.
1692 5604 1815 5639 συν-

264 5654 437 5722 άγειν.
485 5651 619 5704 liditi
664 5667 782 5703 enni
823 5652 974 5706 C0“).
1018 5657 1253 5707 secundo
1289 5651 1630 5721 συναγαγεῖν.
1672 5658 1817 5711 “and

268 5727 423 5793 longe
473 5724 600 5775 editi
651 5737 769 5775 cum
826 5722 975 5798 Reg.”
1012 5726 1168 5779 tertio
1228 5726 1660 5798 συνδιορθρίξων.
1712 5728 1813 5781 Alii

265 5792 494 5865 quatuor
530 5810 659 5845 mss.
692 5792 1070 5861 συνορθρίζων.

336 5862 447 5931 (85)
479 5862 552 5916 Ila
586 5880 711 5918 mss.
748 5875 887 5917 octo.
928 5866 1061 5919 Editi
1098 5866 1385 5935 ποὶῖμίηυς
1419 5868 1564 5928 τινὰς
1597 5868 1817 5935 ἀγινεῖς

1936 4693 2171 4763 regionis
2202 4691 2535 4746 latitudinem
2570 4704 2979 4757 castrametans,
3033 4712 3135 4747 non
3184 4697 3330 4763 prius
3379 4698 3490 4749 lru-

1934 4797 2052 4839 ctus
2107 4784 2344 4852 attingit.
2392 4799 2550 4852 quam
2580 4785 2814 4836 divinmn
2858 4795 3181 4853 praceptuut
3212 4786 3277 4839 sit
3311 4789 3357 4839 ei
3394 4789 3493 4840 da-

1932 4876 2091 4929 tum?
2130 4875 2406 4940 Quomodo
2455 4876 2711 4931 locustam
2764 4875 3065 4943 insequitur
3117 4879 3343 4932 selencis
3376 4880 3490 4933 avis

1933 4986 2051 5040 qua:
2076 4969 2245 5039 plaga
2292 4968 2504 5023 inﬂicta
2554 4968 2844 5021 remedium
2892 4980 3012 5031 est:
3062 4970 3491 5040 quandoquidem

1936 5170 2002 5243 δι’
2033 5172 2334 5243 ὑπονόμων.
2372 5172 2423 5226 ld
2461 5174 2615 5227 aliter
2656 5174 2721 5229 ab
2752 5172 2872 5227 aliis
2906 5174 3171 5228 historicis
3215 5186 3485 5229 narratur.

1934 5241 2074 5306 Lege
2102 5241 2370 5298 Diteaurn.

2004 5315 2113 5382 (86)
2156 5313 2231 5367 Ita
2277 5332 2365 5368 sex
2416 5330 2541 5366 mss.
2585 5315 2741 5368 Deest
2781 5315 2809 5366 ὁ
2848 5316 2900 5368 in
2934 5316 3111 5369 editis.
3155 5315 3350 5367 Ibidem
3384 5318 3489 5370 duo

1932 5399 2060 5464 mss.
2112 5384 2552 5455 προσαγγέλλων.
2594 5386 2733 5438 Ειιὶιὶ
2786 5401 2905 5439 cum
2954 5386 3073 5440 aliis
3108 5401 3237 5438 mss.
3280 5404 3486 5457 προαγ-

1928 5469 1987 5519 γε
1995 5470 2147 5509 Λλων.

1997 5525 2103 5591 (87)
2146 5525 2235 5596 Sic
2266 5524 2413 5576 mulli
2446 5541 2574 5579 mss.
2607 5528 2673 5579 At
2694 5527 2819 5580 editi
2841 5526 2997 5578 τοῦτο
3018 5526 3069 5578 δὲ
3093 5524 3211 5577 οὐδὲ
3250 5528 3484 5596 μακρόν.

1998 5596 2108 5662 (88)
2142 5595 2363 5647 Codices
2411 5612 2479 5661 qu
2503 5608 2642 5650 ituor
2671 5614 2699 5650 e
2732 5601 2927 5651 nostris
2966 5608 3156 5665 prater
3189 5595 3317 5649 duos
3357 5602 3484 5649 Due.

1927 5666 2463 5733 παρασκευάσαντος,
2516 5666 2654 5719 Editi
2709 5686 2827 5721 cunt
2884 5686 2989 5719 uno
3038 5677 3129 5719 aut
3180 5668 3346 5719 altero
3383 5683 3484 5721 ms.

1926 5736 2446 5799 κατασκευάσαντος.
2489 5738 2601 5791 Mox
2636 5756 2726 5793 sex
2762 5754 2888 5795 mss.
2919 5742 3011 5791 καὶ
3040 5738 3174 5802 πῶς.
3211 5737 3364 5791 Deest
3392 5735 3488 5793 κῖιί

1928 5806 1976 5858 in
2017 5808 2192 5859 editis.
