  <div class='ocr_page' id='page_1' title='image "/cluster/home/n/w/nwhite01/storage/ocr_20150623/29/uva.x004321530/511.png"; bbox 0 0 4262 6498; ppageno 0'>
   <div class='ocr_carea' id='block_1_1' title="bbox 809 431 911 484">
    <p class='ocr_par' dir='ltr' id='par_1_1' title="bbox 809 431 911 484">
     <span class='ocr_line' id='line_1_1' title="bbox 809 431 911 484; baseline 0 0"><span class='ocrx_word' id='word_1_1' title='bbox 809 431 911 484; x_wconf 64' lang='grc'><strong>195</strong></span> 
     </span>
    </p>
   </div>
   <div class='ocr_carea' id='block_1_2' title="bbox 2092 431 2682 490">
    <p class='ocr_par' dir='ltr' id='par_1_2' title="bbox 2092 431 2682 490">
     <span class='ocr_line' id='line_1_2' title="bbox 2092 431 2682 490; baseline -0.007 0"><span class='ocrx_word' id='word_1_2' title='bbox 2092 435 2148 490; x_wconf 90' lang='lat' dir='ltr'><strong>S.</strong></span> <span class='ocrx_word' id='word_1_3' title='bbox 2193 431 2432 486; x_wconf 66' lang='lat' dir='ltr'><strong>BASILII</strong></span> <span class='ocrx_word' id='word_1_4' title='bbox 2473 433 2682 487; x_wconf 68' lang='lat' dir='ltr'><strong>MAGNI</strong></span> 
     </span>
    </p>
   </div>
   <div class='ocr_carea' id='block_1_3' title="bbox 3898 433 4008 489">
    <p class='ocr_par' dir='ltr' id='par_1_3' title="bbox 3898 433 4008 489">
     <span class='ocr_line' id='line_1_3' title="bbox 3898 433 4008 489; baseline -0.027 -1"><span class='ocrx_word' id='word_1_5' title='bbox 3898 433 4008 489; x_wconf 74' lang='grc'><strong>184</strong></span> 
     </span>
    </p>
   </div>
   <div class='ocr_carea' id='block_1_4' title="bbox 806 547 2489 623">
    <p class='ocr_par' dir='ltr' id='par_1_4' title="bbox 806 549 2489 623">
     <span class='ocr_line' id='line_1_4' title="bbox 806 549 2489 623; baseline 0.003 -20"><span class='ocrx_word' id='word_1_6' title='bbox 806 549 895 603; x_wconf 76' lang='lat' dir='ltr'><strong>illa</strong></span> <span class='ocrx_word' id='word_1_7' title='bbox 944 559 1246 616; x_wconf 87' lang='lat' dir='ltr'><strong>perpetuam</strong></span> <span class='ocrx_word' id='word_1_8' title='bbox 1309 550 1471 605; x_wconf 88' lang='lat' dir='ltr'><strong>habet</strong></span> <span class='ocrx_word' id='word_1_9' title='bbox 1519 553 1708 606; x_wconf 80' lang='lat' dir='ltr'><strong>edendi</strong></span> <span class='ocrx_word' id='word_1_10' title='bbox 1755 553 2084 619; x_wconf 83' lang='lat' dir='ltr'><strong>facultatem,</strong></span> <span class='ocrx_word' id='word_1_11' title='bbox 2131 553 2357 623; x_wconf 77' lang='lat' dir='ltr'><strong>benigno</strong></span> <span class='ocrx_word' id='word_1_12' title='bbox 2386 553 2430 608; x_wconf 83' lang='lat' dir='ltr'><strong>A</strong></span> <span class='ocrx_word' id='word_1_13' title='bbox 2460 550 2489 600; x_wconf 88' lang='grc' dir='ltr'><strong>Ἰ</strong></span> 
     </span>
    </p>
   </div>
   <div class='ocr_carea' id='block_1_5' title="bbox 2327 547 4010 623">
    <p class='ocr_par' dir='ltr' id='par_1_5' title="bbox 2327 547 4010 620">
     <span class='ocr_line' id='line_1_5' title="bbox 2327 547 4010 620; baseline -0.002 -15"><span class='ocrx_word' id='word_1_14' title='bbox 2327 566 2357 605; x_wconf 92' lang='lat'><strong>0</strong></span> <span class='ocrx_word' id='word_1_15' title='bbox 2386 553 2430 608; x_wconf 81' lang='grc' dir='ltr'><strong>Α</strong></span> <span class='ocrx_word' id='word_1_16' title='bbox 2460 550 2552 612; x_wconf 88' lang='grc' dir='ltr'><strong>Τίς</strong></span> <span class='ocrx_word' id='word_1_17' title='bbox 2573 552 2600 602; x_wconf 99' lang='lat'><strong>6</strong></span> <span class='ocrx_word' id='word_1_18' title='bbox 2628 551 2821 620; x_wconf 78' lang='grc' dir='ltr'><strong>τρόπος</strong></span> <span class='ocrx_word' id='word_1_19' title='bbox 2846 551 2943 618; x_wconf 82' lang='grc' dir='ltr'>τῆς</span> <span class='ocrx_word' id='word_1_20' title='bbox 2974 548 3233 618; x_wconf 78' lang='grc' dir='ltr'><strong>μελῳδίας</strong></span> <span class='ocrx_word' id='word_1_21' title='bbox 3262 547 3352 599; x_wconf 77' lang='grc' dir='ltr'>τοῦ</span> <span class='ocrx_word' id='word_1_22' title='bbox 3385 549 3622 616; x_wconf 82' lang='grc' dir='ltr'><strong>τέττιγος</strong></span> <span class='ocrx_word' id='word_1_23' title='bbox 3642 565 3656 612; x_wconf 86' lang='grc'>;</span> <span class='ocrx_word' id='word_1_24' title='bbox 3679 563 3785 602; x_wconf 66' lang='lat' dir='ltr'><strong>nat</strong></span> <span class='ocrx_word' id='word_1_25' title='bbox 3811 550 3926 614; x_wconf 89' lang='grc' dir='ltr'><strong>πῶς</strong></span> <span class='ocrx_word' id='word_1_26' title='bbox 3952 553 4010 603; x_wconf 81' lang='grc' dir='ltr'><strong>ἐν</strong></span> 
     </span>
    </p>
   </div>
   <div class='ocr_carea' id='block_1_6' title="bbox 806 641 2351 716">
    <p class='ocr_par' dir='ltr' id='par_1_6' title="bbox 806 641 2351 716">
     <span class='ocr_line' id='line_1_6' title="bbox 806 641 2351 716; baseline 0.002 -21"><span class='ocrx_word' id='word_1_27' title='bbox 806 641 915 696; x_wconf 87' lang='lat' dir='ltr'><strong>Deo</strong></span> <span class='ocrx_word' id='word_1_28' title='bbox 951 642 1310 696; x_wconf 75' lang='lat' dir='ltr'><strong>insatiabilem</strong></span> <span class='ocrx_word' id='word_1_29' title='bbox 1339 653 1582 698; x_wconf 85' lang='lat' dir='ltr'><strong>naturam</strong></span> <span class='ocrx_word' id='word_1_30' title='bbox 1620 647 1888 699; x_wconf 77' lang='lat' dir='ltr'><strong>hominum</strong></span> <span class='ocrx_word' id='word_1_31' title='bbox 1919 648 2084 716; x_wconf 81' lang='lat' dir='ltr'><strong>gratia</strong></span> <span class='ocrx_word' id='word_1_32' title='bbox 2113 647 2160 699; x_wconf 88' lang='lat' dir='ltr'><strong>ei</strong></span> <span class='ocrx_word' id='word_1_33' title='bbox 2187 663 2351 716; x_wconf 55' lang='lat' dir='ltr'><strong>appa»</strong></span> 
     </span>
    </p>
   </div>
   <div class='ocr_carea' id='block_1_7' title="bbox 808 731 2354 804">
    <p class='ocr_par' dir='ltr' id='par_1_7' title="bbox 808 731 2354 804">
     <span class='ocr_line' id='line_1_7' title="bbox 808 731 2354 804; baseline 0.004 -21"><span class='ocrx_word' id='word_1_34' title='bbox 808 731 997 784; x_wconf 84' lang='lat' dir='ltr'><strong>rante?</strong></span> <span class='ocrx_word' id='word_1_35' title='bbox 1043 733 1171 796; x_wconf 66' lang='lat' dir='ltr'><strong>Qua:</strong></span> <span class='ocrx_word' id='word_1_36' title='bbox 1220 733 1289 786; x_wconf 92' lang='lat' dir='ltr'><strong>sit</strong></span> <span class='ocrx_word' id='word_1_37' title='bbox 1333 733 1632 786; x_wconf 82' lang='lat' dir='ltr'><strong>modulandi</strong></span> <span class='ocrx_word' id='word_1_38' title='bbox 1661 737 1796 788; x_wconf 89' lang='lat' dir='ltr'><strong>ratio</strong></span> <span class='ocrx_word' id='word_1_39' title='bbox 1826 737 2062 789; x_wconf 74' lang='lat' dir='ltr'><strong>cicadm?</strong></span> <span class='ocrx_word' id='word_1_40' title='bbox 2093 738 2354 804; x_wconf 82' lang='lat' dir='ltr'><strong>quomodo</strong></span> 
     </span>
    </p>
   </div>
   <div class='ocr_carea' id='block_1_8' title="bbox 808 824 2354 894">
    <p class='ocr_par' dir='ltr' id='par_1_8' title="bbox 808 824 2354 894">
     <span class='ocr_line' id='line_1_8' title="bbox 808 824 2354 894; baseline 0.003 -18"><span class='ocrx_word' id='word_1_41' title='bbox 808 824 858 876; x_wconf 89' lang='lat' dir='ltr'><strong>in</strong></span> <span class='ocrx_word' id='word_1_42' title='bbox 907 825 1130 878; x_wconf 81' lang='lat' dir='ltr'><strong>meridie</strong></span> <span class='ocrx_word' id='word_1_43' title='bbox 1175 825 1336 878; x_wconf 88' lang='lat' dir='ltr'><strong>solito</strong></span> <span class='ocrx_word' id='word_1_44' title='bbox 1389 826 1555 894; x_wconf 80' lang='lat' dir='ltr'><strong>magis</strong></span> <span class='ocrx_word' id='word_1_45' title='bbox 1607 842 1818 881; x_wconf 71' lang='lat' dir='ltr'><strong>canone</strong></span> <span class='ocrx_word' id='word_1_46' title='bbox 1859 838 2002 887; x_wconf 86' lang='lat' dir='ltr'><strong>sunt,</strong></span> <span class='ocrx_word' id='word_1_47' title='bbox 2048 829 2168 880; x_wconf 91' lang='lat' dir='ltr'><strong>dum</strong></span> <span class='ocrx_word' id='word_1_48' title='bbox 2215 829 2354 881; x_wconf 88' lang='lat' dir='ltr'><strong>aeris</strong></span> 
     </span>
    </p>
   </div>
   <div class='ocr_carea' id='block_1_9' title="bbox 805 913 2354 980">
    <p class='ocr_par' dir='ltr' id='par_1_9' title="bbox 805 913 2354 980">
     <span class='ocr_line' id='line_1_9' title="bbox 805 913 2354 980; baseline 0.004 -16"><span class='ocrx_word' id='word_1_49' title='bbox 805 913 1143 978; x_wconf 85' lang='lat' dir='ltr'><strong>attractione,</strong></span> <span class='ocrx_word' id='word_1_50' title='bbox 1186 928 1302 980; x_wconf 73' lang='lat' dir='ltr'><strong>qua:</strong></span> <span class='ocrx_word' id='word_1_51' title='bbox 1353 914 1403 967; x_wconf 92' lang='lat' dir='ltr'><strong>in</strong></span> <span class='ocrx_word' id='word_1_52' title='bbox 1451 916 1683 970; x_wconf 73' lang='lat' dir='ltr'><strong>thoracis</strong></span> <span class='ocrx_word' id='word_1_53' title='bbox 1727 917 2045 970; x_wconf 85' lang='lat' dir='ltr'><strong>distentione</strong></span> <span class='ocrx_word' id='word_1_54' title='bbox 2078 916 2155 979; x_wconf 87' lang='lat' dir='ltr'><strong>fit,</strong></span> <span class='ocrx_word' id='word_1_55' title='bbox 2180 918 2354 970; x_wconf 87' lang='lat' dir='ltr'><strong>editur</strong></span> 
     </span>
    </p>
   </div>
   <div class='ocr_carea' id='block_1_10' title="bbox 809 1004 2354 1074">
    <p class='ocr_par' dir='ltr' id='par_1_10' title="bbox 809 1004 2354 1074">
     <span class='ocr_line' id='line_1_10' title="bbox 809 1004 2354 1074; baseline 0.001 -18"><span class='ocrx_word' id='word_1_56' title='bbox 809 1004 1012 1056; x_wconf 79' lang='lat' dir='ltr'><strong>sonus?</strong></span> <span class='ocrx_word' id='word_1_57' title='bbox 1046 1005 1115 1055; x_wconf 86' lang='lat' dir='ltr'><strong>At</strong></span> <span class='ocrx_word' id='word_1_58' title='bbox 1141 1007 1280 1057; x_wconf 86' lang='lat' dir='ltr'><strong>enim</strong></span> <span class='ocrx_word' id='word_1_59' title='bbox 1315 1005 1442 1058; x_wconf 89' lang='lat' dir='ltr'><strong>mihi</strong></span> <span class='ocrx_word' id='word_1_60' title='bbox 1477 1006 1661 1058; x_wconf 86' lang='lat' dir='ltr'><strong>videor</strong></span> <span class='ocrx_word' id='word_1_61' title='bbox 1687 1007 1856 1074; x_wconf 79' lang='lat' dir='ltr'><strong>magis</strong></span> <span class='ocrx_word' id='word_1_62' title='bbox 1885 1011 2056 1074; x_wconf 80' lang='lat' dir='ltr'><strong>Impar</strong></span> <span class='ocrx_word' id='word_1_63' title='bbox 2085 1021 2202 1061; x_wconf 89' lang='lat' dir='ltr'><strong>esse</strong></span> <span class='ocrx_word' id='word_1_64' title='bbox 2242 1021 2354 1060; x_wconf 90' lang='lat' dir='ltr'><strong>ser-</strong></span> 
     </span>
    </p>
   </div>
   <div class='ocr_carea' id='block_1_11' title="bbox 811 1092 2352 1163">
    <p class='ocr_par' dir='ltr' id='par_1_11' title="bbox 811 1092 2352 1163">
     <span class='ocr_line' id='line_1_11' title="bbox 811 1092 2352 1163; baseline 0.003 -19"><span class='ocrx_word' id='word_1_65' title='bbox 811 1107 967 1145; x_wconf 85' lang='lat' dir='ltr'><strong>mone</strong></span> <span class='ocrx_word' id='word_1_66' title='bbox 1000 1093 1049 1145; x_wconf 92' lang='lat' dir='ltr'><strong>in</strong></span> <span class='ocrx_word' id='word_1_67' title='bbox 1079 1092 1408 1159; x_wconf 79' lang='lat' dir='ltr'><strong>explicandis</strong></span> <span class='ocrx_word' id='word_1_68' title='bbox 1435 1093 1727 1146; x_wconf 89' lang='lat' dir='ltr'><strong>volatilium</strong></span> <span class='ocrx_word' id='word_1_69' title='bbox 1778 1094 2065 1157; x_wconf 88' lang='lat' dir='ltr'><strong>miraculis,</strong></span> <span class='ocrx_word' id='word_1_70' title='bbox 2103 1110 2261 1163; x_wconf 90' lang='lat' dir='ltr'><strong>quam</strong></span> <span class='ocrx_word' id='word_1_71' title='bbox 2309 1095 2352 1148; x_wconf 87' lang='lat' dir='ltr'><strong>si</strong></span> 
     </span>
    </p>
   </div>
   <div class='ocr_carea' id='block_1_12' title="bbox 806 1182 2352 1253">
    <p class='ocr_par' dir='ltr' id='par_1_12' title="bbox 806 1182 2352 1253">
     <span class='ocr_line' id='line_1_12' title="bbox 806 1182 2352 1253; baseline 0.001 -20"><span class='ocrx_word' id='word_1_72' title='bbox 806 1183 1032 1250; x_wconf 71' lang='lat' dir='ltr'><strong>pedibus</strong></span> <span class='ocrx_word' id='word_1_73' title='bbox 1057 1197 1281 1237; x_wconf 91' lang='lat' dir='ltr'><strong>conarer</strong></span> <span class='ocrx_word' id='word_1_74' title='bbox 1311 1182 1649 1237; x_wconf 83' lang='lat' dir='ltr'><strong>velocitatem</strong></span> <span class='ocrx_word' id='word_1_75' title='bbox 1678 1183 1912 1252; x_wconf 89' lang='lat' dir='ltr'><strong>ipsorum</strong></span> <span class='ocrx_word' id='word_1_76' title='bbox 1951 1185 2181 1253; x_wconf 87' lang='lat' dir='ltr'><strong>assequi.</strong></span> <span class='ocrx_word' id='word_1_77' title='bbox 2220 1183 2352 1238; x_wconf 90' lang='lat' dir='ltr'><strong>Cum</strong></span> 
     </span>
    </p>
   </div>
   <div class='ocr_carea' id='block_1_13' title="bbox 809 1275 2357 1345">
    <p class='ocr_par' dir='ltr' id='par_1_13' title="bbox 809 1275 2357 1345">
     <span class='ocr_line' id='line_1_13' title="bbox 809 1275 2357 1345; baseline 0.005 -23"><span class='ocrx_word' id='word_1_78' title='bbox 809 1275 1004 1327; x_wconf 88' lang='lat' dir='ltr'><strong>videris</strong></span> <span class='ocrx_word' id='word_1_79' title='bbox 1030 1290 1088 1328; x_wconf 90' lang='lat' dir='ltr'><strong>ea</strong></span> <span class='ocrx_word' id='word_1_80' title='bbox 1129 1275 1360 1329; x_wconf 83' lang='lat' dir='ltr'><strong>volatilia</strong></span> <span class='ocrx_word' id='word_1_81' title='bbox 1400 1290 1518 1344; x_wconf 68' lang='lat' dir='ltr'><strong>quae</strong></span> <span class='ocrx_word' id='word_1_82' title='bbox 1561 1276 1760 1330; x_wconf 87' lang='lat' dir='ltr'><strong>insecta</strong></span> <span class='ocrx_word' id='word_1_83' title='bbox 1809 1286 2083 1340; x_wconf 88' lang='lat' dir='ltr'><strong>vocantur,</strong></span> <span class='ocrx_word' id='word_1_84' title='bbox 2124 1285 2182 1329; x_wconf 94' lang='lat' dir='ltr'><strong>ut</strong></span> <span class='ocrx_word' id='word_1_85' title='bbox 2229 1291 2357 1345; x_wconf 91' lang='lat' dir='ltr'><strong>apes</strong></span> 
     </span>
    </p>
   </div>
   <div class='ocr_carea' id='block_1_14' title="bbox 807 1365 2352 1434">
    <p class='ocr_par' dir='ltr' id='par_1_14' title="bbox 807 1365 2352 1434">
     <span class='ocr_line' id='line_1_14' title="bbox 807 1365 2352 1434; baseline 0.001 -18"><span class='ocrx_word' id='word_1_86' title='bbox 807 1374 859 1416; x_wconf 91' lang='lat' dir='ltr'><strong>et</strong></span> <span class='ocrx_word' id='word_1_87' title='bbox 915 1379 1138 1433; x_wconf 78' lang='lat' dir='ltr'><strong>vespas:</strong></span> <span class='ocrx_word' id='word_1_88' title='bbox 1194 1367 1273 1420; x_wconf 86' lang='lat' dir='ltr'><strong>sic</strong></span> <span class='ocrx_word' id='word_1_89' title='bbox 1325 1366 1466 1418; x_wconf 90' lang='lat' dir='ltr'><strong>enim</strong></span> <span class='ocrx_word' id='word_1_90' title='bbox 1518 1366 1627 1432; x_wconf 91' lang='lat' dir='ltr'><strong>ipsa</strong></span> <span class='ocrx_word' id='word_1_91' title='bbox 1675 1365 2028 1434; x_wconf 89' lang='lat' dir='ltr'><strong>appellarunt,</strong></span> <span class='ocrx_word' id='word_1_92' title='bbox 2073 1376 2352 1434; x_wconf 87' lang='lat' dir='ltr'><strong>propterea</strong></span> 
     </span>
    </p>
   </div>
   <div class='ocr_carea' id='block_1_15' title="bbox 805 1455 2351 1523">
    <p class='ocr_par' dir='ltr' id='par_1_15' title="bbox 805 1455 2351 1523">
     <span class='ocr_line' id='line_1_15' title="bbox 805 1455 2351 1523; baseline 0.004 -19"><span class='ocrx_word' id='word_1_93' title='bbox 805 1455 943 1522; x_wconf 87' lang='lat' dir='ltr'><strong>quod</strong></span> <span class='ocrx_word' id='word_1_94' title='bbox 996 1458 1252 1523; x_wconf 87' lang='lat' dir='ltr'><strong>quasdam</strong></span> <span class='ocrx_word' id='word_1_95' title='bbox 1299 1455 1531 1522; x_wconf 85' lang='lat' dir='ltr'><strong>undique</strong></span> <span class='ocrx_word' id='word_1_96' title='bbox 1575 1457 1836 1510; x_wconf 90' lang='lat' dir='ltr'><strong>incisuras</strong></span> <span class='ocrx_word' id='word_1_97' title='bbox 1878 1471 1984 1520; x_wconf 72' lang='lat' dir='ltr'><strong>prae</strong></span> <span class='ocrx_word' id='word_1_98' title='bbox 2031 1471 2088 1510; x_wconf 88' lang='lat' dir='ltr'><strong>se</strong></span> <span class='ocrx_word' id='word_1_99' title='bbox 2134 1457 2351 1510; x_wconf 89' lang='lat' dir='ltr'><strong>ferunt:</strong></span> 
     </span>
    </p>
   </div>
   <div class='ocr_carea' id='block_1_16' title="bbox 803 1545 2356 1615">
    <p class='ocr_par' dir='ltr' id='par_1_16' title="bbox 803 1545 2356 1615">
     <span class='ocr_line' id='line_1_16' title="bbox 803 1545 2356 1615; baseline 0.002 -18"><span class='ocrx_word' id='word_1_100' title='bbox 803 1545 982 1599; x_wconf 82' lang='lat' dir='ltr'><strong>veniat</strong></span> <span class='ocrx_word' id='word_1_101' title='bbox 1014 1547 1105 1599; x_wconf 87' lang='lat' dir='ltr'><strong>tibi</strong></span> <span class='ocrx_word' id='word_1_102' title='bbox 1140 1547 1190 1597; x_wconf 92' lang='lat' dir='ltr'><strong>in</strong></span> <span class='ocrx_word' id='word_1_103' title='bbox 1227 1556 1479 1604; x_wconf 85' lang='lat' dir='ltr'><strong>mentem.</strong></span> <span class='ocrx_word' id='word_1_104' title='bbox 1518 1545 1925 1615; x_wconf 86' lang='lat' dir='ltr'><strong>respirationem</strong></span> <span class='ocrx_word' id='word_1_105' title='bbox 1965 1555 2122 1615; x_wconf 90' lang='lat' dir='ltr'><strong>atque</strong></span> <span class='ocrx_word' id='word_1_106' title='bbox 2149 1546 2356 1614; x_wconf 89' lang='lat' dir='ltr'><strong>pulmo-</strong></span> 
     </span>
    </p>
   </div>
   <div class='ocr_carea' id='block_1_17' title="bbox 803 1638 2352 1705">
    <p class='ocr_par' dir='ltr' id='par_1_17' title="bbox 803 1638 2352 1705">
     <span class='ocr_line' id='line_1_17' title="bbox 803 1638 2352 1705; baseline -0.001 -13"><span class='ocrx_word' id='word_1_107' title='bbox 803 1652 925 1692; x_wconf 87' lang='lat' dir='ltr'><strong>nem</strong></span> <span class='ocrx_word' id='word_1_108' title='bbox 954 1639 1006 1692; x_wconf 93' lang='lat' dir='ltr'><strong>in</strong></span> <span class='ocrx_word' id='word_1_109' title='bbox 1037 1640 1102 1692; x_wconf 92' lang='lat' dir='ltr'><strong>iis</strong></span> <span class='ocrx_word' id='word_1_110' title='bbox 1132 1653 1234 1690; x_wconf 90' lang='lat' dir='ltr'><strong>non</strong></span> <span class='ocrx_word' id='word_1_111' title='bbox 1270 1638 1490 1705; x_wconf 91' lang='lat' dir='ltr'><strong>reperiri</strong></span> <span class='ocrx_word' id='word_1_112' title='bbox 1519 1656 1530 1690; x_wconf 93' lang='lat'>:</span> <span class='ocrx_word' id='word_1_113' title='bbox 1556 1640 1647 1691; x_wconf 89' lang='lat' dir='ltr'><strong>sed</strong></span> <span class='ocrx_word' id='word_1_114' title='bbox 1693 1648 1798 1691; x_wconf 90' lang='lat' dir='ltr'><strong>tota</strong></span> <span class='ocrx_word' id='word_1_115' title='bbox 1842 1639 2055 1691; x_wconf 91' lang='lat' dir='ltr'><strong>omnino</strong></span> <span class='ocrx_word' id='word_1_116' title='bbox 2089 1653 2211 1690; x_wconf 88' lang='lat' dir='ltr'><strong>aere</strong></span> <span class='ocrx_word' id='word_1_117' title='bbox 2252 1653 2352 1691; x_wconf 85' lang='lat' dir='ltr'><strong>nu-</strong></span> 
     </span>
    </p>
   </div>
   <div class='ocr_carea' id='block_1_18' title="bbox 807 1727 2354 1797">
    <p class='ocr_par' dir='ltr' id='par_1_18' title="bbox 807 1727 2354 1797">
     <span class='ocr_line' id='line_1_18' title="bbox 807 1727 2354 1797; baseline 0 -14"><span class='ocrx_word' id='word_1_118' title='bbox 807 1730 946 1783; x_wconf 92' lang='lat' dir='ltr'><strong>triri.</strong></span> <span class='ocrx_word' id='word_1_119' title='bbox 979 1729 1315 1797; x_wconf 81' lang='lat' dir='ltr'><strong>Quapropter</strong></span> <span class='ocrx_word' id='word_1_120' title='bbox 1355 1729 1471 1781; x_wconf 92' lang='lat' dir='ltr'><strong>oleo</strong></span> <span class='ocrx_word' id='word_1_121' title='bbox 1516 1727 1832 1792; x_wconf 85' lang='lat' dir='ltr'><strong>madefacta,</strong></span> <span class='ocrx_word' id='word_1_122' title='bbox 1881 1729 2112 1784; x_wconf 88' lang='lat' dir='ltr'><strong>occlusis</strong></span> <span class='ocrx_word' id='word_1_123' title='bbox 2168 1732 2354 1783; x_wconf 79' lang='lat' dir='ltr'><strong>meati-</strong></span> 
     </span>
    </p>
   </div>
   <div class='ocr_carea' id='block_1_19' title="bbox 805 1821 2350 1889">
    <p class='ocr_par' dir='ltr' id='par_1_19' title="bbox 805 1821 2350 1889">
     <span class='ocr_line' id='line_1_19' title="bbox 805 1821 2350 1889; baseline 0.001 -15"><span class='ocrx_word' id='word_1_124' title='bbox 805 1823 923 1881; x_wconf 85' lang='lat' dir='ltr'><strong>bus.</strong></span> <span class='ocrx_word' id='word_1_125' title='bbox 973 1829 1232 1889; x_wconf 88' lang='lat' dir='ltr'><strong>pereunt;</strong></span> <span class='ocrx_word' id='word_1_126' title='bbox 1283 1836 1404 1873; x_wconf 92' lang='lat' dir='ltr'><strong>cum</strong></span> <span class='ocrx_word' id='word_1_127' title='bbox 1453 1837 1576 1874; x_wconf 90' lang='lat' dir='ltr'><strong>vero</strong></span> <span class='ocrx_word' id='word_1_128' title='bbox 1606 1823 1782 1875; x_wconf 86' lang='lat' dir='ltr'><strong>statim</strong></span> <span class='ocrx_word' id='word_1_129' title='bbox 1811 1832 2017 1876; x_wconf 90' lang='lat' dir='ltr'><strong>acetum</strong></span> <span class='ocrx_word' id='word_1_130' title='bbox 2042 1821 2350 1887; x_wconf 79' lang='lat' dir='ltr'><strong>aﬂ&#39;unditur,</strong></span> 
     </span>
    </p>
   </div>
   <div class='ocr_carea' id='block_1_20' title="bbox 2455 637 4007 712">
    <p class='ocr_par' dir='ltr' id='par_1_20' title="bbox 2455 637 4007 712">
     <span class='ocr_line' id='line_1_20' title="bbox 2455 637 4007 712; baseline 0.001 -19"><span class='ocrx_word' id='word_1_131' title='bbox 2455 644 2518 710; x_wconf 81' lang='grc' dir='ltr'>τῇ</span> <span class='ocrx_word' id='word_1_132' title='bbox 2559 641 2865 712; x_wconf 78' lang='grc' dir='ltr'>μεσημὸρία</span> <span class='ocrx_word' id='word_1_133' title='bbox 2891 641 3096 694; x_wconf 84' lang='grc' dir='ltr'>ἑαυτῶν</span> <span class='ocrx_word' id='word_1_134' title='bbox 3125 642 3258 691; x_wconf 78' lang='grc' dir='ltr'>εἰσιν</span> <span class='ocrx_word' id='word_1_135' title='bbox 3287 637 3623 710; x_wconf 82' lang='grc' dir='ltr'>ᾠδικώτεροι,</span> <span class='ocrx_word' id='word_1_136' title='bbox 3655 644 3720 711; x_wconf 76' lang='grc' dir='ltr'>τῇ</span> <span class='ocrx_word' id='word_1_137' title='bbox 3751 641 3880 712; x_wconf 77' lang='grc' dir='ltr'><strong>ὀλκῇ</strong></span> <span class='ocrx_word' id='word_1_138' title='bbox 3913 641 4007 695; x_wconf 78' lang='grc' dir='ltr'>τοῦ</span> 
     </span>
    </p>
   </div>
   <div class='ocr_carea' id='block_1_21' title="bbox 2453 729 4006 803">
    <p class='ocr_par' dir='ltr' id='par_1_21' title="bbox 2453 729 4006 803">
     <span class='ocr_line' id='line_1_21' title="bbox 2453 729 4006 803; baseline 0 -18"><span class='ocrx_word' id='word_1_139' title='bbox 2453 734 2633 803; x_wconf 85' lang='grc' dir='ltr'>ἀέρος,</span> <span class='ocrx_word' id='word_1_140' title='bbox 2670 736 2733 802; x_wconf 75' lang='grc' dir='ltr'>ἣν</span> <span class='ocrx_word' id='word_1_141' title='bbox 2763 735 2819 786; x_wconf 91' lang='grc' dir='ltr'><strong>ἐν</strong></span> <span class='ocrx_word' id='word_1_142' title='bbox 2865 735 2928 802; x_wconf 81' lang='grc' dir='ltr'>τῇ</span> <span class='ocrx_word' id='word_1_143' title='bbox 2987 731 3233 801; x_wconf 87' lang='grc' dir='ltr'>διαστολῇ</span> <span class='ocrx_word' id='word_1_144' title='bbox 3285 729 3554 782; x_wconf 77' lang='grc' dir='ltr'>ποιοῦνται</span> <span class='ocrx_word' id='word_1_145' title='bbox 3603 731 3696 783; x_wconf 80' lang='grc' dir='ltr'>τοῦ</span> <span class='ocrx_word' id='word_1_146' title='bbox 3739 731 4006 802; x_wconf 87' lang='grc' dir='ltr'>θώρακος,</span> 
     </span>
    </p>
   </div>
   <div class='ocr_carea' id='block_1_22' title="bbox 2454 821 4008 895">
    <p class='ocr_par' dir='ltr' id='par_1_22' title="bbox 2454 821 4008 895">
     <span class='ocr_line' id='line_1_22' title="bbox 2454 821 4008 895; baseline -0.002 -17"><span class='ocrx_word' id='word_1_147' title='bbox 2454 826 2787 895; x_wconf 84' lang='grc' dir='ltr'>ἐκδιδομένου</span> <span class='ocrx_word' id='word_1_148' title='bbox 2838 825 2932 878; x_wconf 82' lang='grc' dir='ltr'>τοῦ</span> <span class='ocrx_word' id='word_1_149' title='bbox 2983 825 3248 893; x_wconf 81' lang='grc' dir='ltr'>φθόγγου;</span> <span class='ocrx_word' id='word_1_150' title='bbox 3285 821 3441 874; x_wconf 78' lang='grc' dir='ltr'>Ἀλλά</span> <span class='ocrx_word' id='word_1_151' title='bbox 3484 822 3590 892; x_wconf 75' lang='grc' dir='ltr'><strong>γάρ</strong></span> <span class='ocrx_word' id='word_1_152' title='bbox 3635 822 3782 875; x_wconf 71' lang='grc' dir='ltr'>ἔοικα</span> <span class='ocrx_word' id='word_1_153' title='bbox 3828 823 4008 876; x_wconf 76' lang='grc' dir='ltr'>πλεῖον</span> 
     </span>
    </p>
   </div>
   <div class='ocr_carea' id='block_1_23' title="bbox 2452 913 4005 987">
    <p class='ocr_par' dir='ltr' id='par_1_23' title="bbox 2452 913 4005 987">
     <span class='ocr_line' id='line_1_23' title="bbox 2452 913 4005 987; baseline -0.002 -17"><span class='ocrx_word' id='word_1_154' title='bbox 2452 918 2834 971; x_wconf 87' lang='grc' dir='ltr'>ἀπολείπεσθαι</span> <span class='ocrx_word' id='word_1_155' title='bbox 2859 917 2934 987; x_wconf 86' lang='grc' dir='ltr'>τῷ</span> <span class='ocrx_word' id='word_1_156' title='bbox 2967 917 3107 986; x_wconf 80' lang='grc' dir='ltr'>λόγῳ</span> <span class='ocrx_word' id='word_1_157' title='bbox 3135 915 3224 968; x_wconf 83' lang='grc' dir='ltr'>τοῦ</span> <span class='ocrx_word' id='word_1_158' title='bbox 3267 914 3535 984; x_wconf 78' lang='grc' dir='ltr'><strong>θαύματος</strong></span> <span class='ocrx_word' id='word_1_159' title='bbox 3577 913 3682 966; x_wconf 88' lang='grc' dir='ltr'><strong>τῶν</strong></span> <span class='ocrx_word' id='word_1_160' title='bbox 3709 916 3946 985; x_wconf 80' lang='grc' dir='ltr'>πτηνῶν,</span> <span class='ocrx_word' id='word_1_161' title='bbox 3972 918 4005 986; x_wconf 82' lang='grc' dir='ltr'>ἣ</span> 
     </span>
    </p>
   </div>
   <div class='ocr_carea' id='block_1_24' title="bbox 2453 1004 4006 1077">
    <p class='ocr_par' dir='ltr' id='par_1_24' title="bbox 2453 1004 4006 1077">
     <span class='ocr_line' id='line_1_24' title="bbox 2453 1004 4006 1077; baseline -0.002 -15"><span class='ocrx_word' id='word_1_162' title='bbox 2453 1011 2501 1062; x_wconf 84' lang='grc' dir='ltr'><strong>εί</strong></span> <span class='ocrx_word' id='word_1_163' title='bbox 2556 1011 2669 1071; x_wconf 90' lang='grc' dir='ltr'>τοῖς</span> <span class='ocrx_word' id='word_1_164' title='bbox 2726 1009 2879 1062; x_wconf 68' lang='grc' dir='ltr'>ποσὶν</span> <span class='ocrx_word' id='word_1_165' title='bbox 2931 1009 3108 1061; x_wconf 90' lang='grc' dir='ltr'>αὑτῶν</span> <span class='ocrx_word' id='word_1_166' title='bbox 3165 1004 3477 1077; x_wconf 76' lang='grc' dir='ltr'><strong>ἐπειρώμην</strong></span> <span class='ocrx_word' id='word_1_167' title='bbox 3538 1005 3868 1072; x_wconf 70' lang='grc' dir='ltr'>ἐφικνεῖσθαι</span> <span class='ocrx_word' id='word_1_168' title='bbox 3914 1008 4006 1059; x_wconf 79' lang='grc' dir='ltr'>τοῦ</span> 
     </span>
    </p>
   </div>
   <div class='ocr_carea' id='block_1_25' title="bbox 2452 1097 4005 1174">
    <p class='ocr_par' dir='ltr' id='par_1_25' title="bbox 2452 1097 4005 1174">
     <span class='ocr_line' id='line_1_25' title="bbox 2452 1097 4005 1174; baseline -0.003 -21"><span class='ocrx_word' id='word_1_169' title='bbox 2452 1102 2667 1170; x_wconf 87' lang='grc' dir='ltr'>τάχους.</span> <span class='ocrx_word' id='word_1_170' title='bbox 2697 1102 2858 1154; x_wconf 87' lang='grc' dir='ltr'>Ὅταν</span> <span class='ocrx_word' id='word_1_171' title='bbox 2887 1101 2998 1174; x_wconf 81' lang='grc' dir='ltr'>ἴδῃς</span> <span class='ocrx_word' id='word_1_172' title='bbox 3033 1100 3098 1152; x_wconf 88' lang='grc' dir='ltr'><strong>τά</strong></span> <span class='ocrx_word' id='word_1_173' title='bbox 3129 1101 3323 1169; x_wconf 78' lang='grc' dir='ltr'>ἔντομα</span> <span class='ocrx_word' id='word_1_174' title='bbox 3352 1098 3611 1167; x_wconf 89' lang='grc' dir='ltr'>λεγόμενα</span> <span class='ocrx_word' id='word_1_175' title='bbox 3636 1098 3743 1150; x_wconf 92' lang='grc' dir='ltr'><strong>τῶν</strong></span> <span class='ocrx_word' id='word_1_176' title='bbox 3769 1097 4005 1167; x_wconf 81' lang='grc' dir='ltr'>πτηνῶν,</span> 
     </span>
    </p>
   </div>
   <div class='ocr_carea' id='block_1_26' title="bbox 2452 1187 4007 1262">
    <p class='ocr_par' dir='ltr' id='par_1_26' title="bbox 2452 1187 4007 1262">
     <span class='ocr_line' id='line_1_26' title="bbox 2452 1187 4007 1262; baseline -0.003 -18"><span class='ocrx_word' id='word_1_177' title='bbox 2452 1187 2563 1244; x_wconf 74' lang='grc' dir='ltr'>οἷον</span> <span class='ocrx_word' id='word_1_178' title='bbox 2595 1191 2849 1262; x_wconf 82' lang='grc' dir='ltr'>μελίσσας</span> <span class='ocrx_word' id='word_1_179' title='bbox 2873 1193 2962 1245; x_wconf 83' lang='grc' dir='ltr'><strong>καὶ</strong></span> <span class='ocrx_word' id='word_1_180' title='bbox 2995 1193 3204 1260; x_wconf 75' lang='grc' dir='ltr'>σφῆκας</span> <span class='ocrx_word' id='word_1_181' title='bbox 3231 1190 3390 1260; x_wconf 83' lang='grc' dir='ltr'>(οὑτω</span> <span class='ocrx_word' id='word_1_182' title='bbox 3417 1190 3523 1259; x_wconf 85' lang='grc' dir='ltr'>γὰρ</span> <span class='ocrx_word' id='word_1_183' title='bbox 3549 1189 3684 1242; x_wconf 77' lang='grc' dir='ltr'><strong>αὑτά</strong></span> <span class='ocrx_word' id='word_1_184' title='bbox 3716 1189 4007 1260; x_wconf 84' lang='grc' dir='ltr'>προσειρή-</span> 
     </span>
    </p>
   </div>
   <div class='ocr_carea' id='block_1_27' title="bbox 2455 1279 4006 1351">
    <p class='ocr_par' dir='ltr' id='par_1_27' title="bbox 2455 1279 4006 1351">
     <span class='ocr_line' id='line_1_27' title="bbox 2455 1279 4006 1351; baseline -0.005 -15"><span class='ocrx_word' id='word_1_185' title='bbox 2455 1301 2600 1344; x_wconf 89' lang='grc' dir='ltr'>κασι,</span> <span class='ocrx_word' id='word_1_186' title='bbox 2643 1281 2729 1334; x_wconf 79' lang='grc' dir='ltr'><strong>διά</strong></span> <span class='ocrx_word' id='word_1_187' title='bbox 2777 1281 2835 1333; x_wconf 84' lang='grc' dir='ltr'><strong>τὸ</strong></span> <span class='ocrx_word' id='word_1_188' title='bbox 2883 1281 3209 1351; x_wconf 79' lang='grc' dir='ltr'>πανταχόθεν</span> <span class='ocrx_word' id='word_1_189' title='bbox 3267 1281 3494 1350; x_wconf 78' lang='grc' dir='ltr'>ἐντομάς</span> <span class='ocrx_word' id='word_1_190' title='bbox 3552 1296 3698 1342; x_wconf 88' lang='grc' dir='ltr'>τινας</span> <span class='ocrx_word' id='word_1_191' title='bbox 3744 1279 4006 1346; x_wconf 85' lang='grc' dir='ltr'>φαίνειν),</span> 
     </span>
    </p>
   </div>
   <div class='ocr_carea' id='block_1_28' title="bbox 2454 1370 4010 1445">
    <p class='ocr_par' dir='ltr' id='par_1_28' title="bbox 2454 1370 4010 1445">
     <span class='ocr_line' id='line_1_28' title="bbox 2454 1370 4010 1445; baseline -0.004 -17"><span class='ocrx_word' id='word_1_192' title='bbox 2454 1375 2706 1445; x_wconf 79' lang='grc' dir='ltr'>ἐνθυμοῦ,</span> <span class='ocrx_word' id='word_1_193' title='bbox 2735 1375 2816 1426; x_wconf 83' lang='grc' dir='ltr'>ὅτι</span> <span class='ocrx_word' id='word_1_194' title='bbox 2849 1373 3054 1436; x_wconf 76' lang='grc' dir='ltr'>τούτοις</span> <span class='ocrx_word' id='word_1_195' title='bbox 3094 1372 3331 1442; x_wconf 80' lang='grc' dir='ltr'>ἀναπνοὴ</span> <span class='ocrx_word' id='word_1_196' title='bbox 3375 1373 3472 1424; x_wconf 86' lang='grc' dir='ltr'><strong>οὑκ</strong></span> <span class='ocrx_word' id='word_1_197' title='bbox 3505 1372 3670 1433; x_wconf 76' lang='grc' dir='ltr'>ἐστιν,</span> <span class='ocrx_word' id='word_1_198' title='bbox 3700 1370 3820 1423; x_wconf 86' lang='grc' dir='ltr'><strong>οὑδέ</strong></span> <span class='ocrx_word' id='word_1_199' title='bbox 3851 1371 4010 1422; x_wconf 85' lang='grc' dir='ltr'>πνεύ-</span> 
     </span>
    </p>
   </div>
   <div class='ocr_carea' id='block_1_29' title="bbox 2457 1461 4008 1534">
    <p class='ocr_par' dir='ltr' id='par_1_29' title="bbox 2457 1461 4008 1534">
     <span class='ocr_line' id='line_1_29' title="bbox 2457 1461 4008 1534; baseline -0.002 -20"><span class='ocrx_word' id='word_1_200' title='bbox 2457 1482 2590 1534; x_wconf 86' lang='grc' dir='ltr'>μων,</span> <span class='ocrx_word' id='word_1_201' title='bbox 2616 1465 2728 1517; x_wconf 81' lang='grc' dir='ltr'>ἀλλ’</span> <span class='ocrx_word' id='word_1_202' title='bbox 2754 1463 2848 1516; x_wconf 79' lang='grc' dir='ltr'>ὅλα</span> <span class='ocrx_word' id='word_1_203' title='bbox 2882 1462 2947 1515; x_wconf 79' lang='grc' dir='ltr'>δι’</span> <span class='ocrx_word' id='word_1_204' title='bbox 2979 1462 3112 1514; x_wconf 87' lang='grc' dir='ltr'>ὂλων</span> <span class='ocrx_word' id='word_1_205' title='bbox 3149 1463 3400 1532; x_wconf 84' lang='grc' dir='ltr'>τρέφεται</span> <span class='ocrx_word' id='word_1_206' title='bbox 3425 1462 3499 1532; x_wconf 85' lang='grc' dir='ltr'>τῷ</span> <span class='ocrx_word' id='word_1_207' title='bbox 3525 1463 3665 1530; x_wconf 91' lang='grc' dir='ltr'>ἀέρι.</span> <span class='ocrx_word' id='word_1_208' title='bbox 3694 1461 3888 1530; x_wconf 79' lang='grc' dir='ltr'>Διόπερ</span> <span class='ocrx_word' id='word_1_209' title='bbox 3917 1461 4008 1512; x_wconf 84' lang='grc' dir='ltr'><strong>καὶ</strong></span> 
     </span>
    </p>
   </div>
   <div class='ocr_carea' id='block_1_30' title="bbox 2454 1552 4010 1626">
    <p class='ocr_par' dir='ltr' id='par_1_30' title="bbox 2454 1552 4010 1626">
     <span class='ocr_line' id='line_1_30' title="bbox 2454 1552 4010 1626; baseline -0.001 -20"><span class='ocrx_word' id='word_1_210' title='bbox 2454 1556 2615 1626; x_wconf 82' lang='grc' dir='ltr'>ἐλαίῳ</span> <span class='ocrx_word' id='word_1_211' title='bbox 2645 1553 3053 1625; x_wconf 75' lang='grc' dir='ltr'>καταϐραχέντα</span> <span class='ocrx_word' id='word_1_212' title='bbox 3088 1552 3382 1622; x_wconf 75' lang='grc' dir='ltr'>φθείρεται,</span> <span class='ocrx_word' id='word_1_213' title='bbox 3413 1553 3520 1605; x_wconf 82' lang='grc' dir='ltr'><strong>τῶν</strong></span> <span class='ocrx_word' id='word_1_214' title='bbox 3552 1553 3729 1623; x_wconf 89' lang='grc' dir='ltr'>πόρων</span> <span class='ocrx_word' id='word_1_215' title='bbox 3763 1553 4010 1621; x_wconf 85' lang='grc' dir='ltr'>ἀποφρα-</span> 
     </span>
    </p>
   </div>
   <div class='ocr_carea' id='block_1_31' title="bbox 2454 1641 4010 1713">
    <p class='ocr_par' dir='ltr' id='par_1_31' title="bbox 2454 1641 4010 1713">
     <span class='ocr_line' id='line_1_31' title="bbox 2454 1641 4010 1713; baseline -0.002 -17"><span class='ocrx_word' id='word_1_216' title='bbox 2454 1646 2655 1712; x_wconf 83' lang='grc' dir='ltr'>γὲντων</span> <span class='ocrx_word' id='word_1_217' title='bbox 2675 1663 2688 1677; x_wconf 65' lang='grc'><strong>⁸</strong></span> <span class='ocrx_word' id='word_1_218' title='bbox 2717 1646 2870 1711; x_wconf 81' lang='grc' dir='ltr'>δξους</span> <span class='ocrx_word' id='word_1_219' title='bbox 2902 1646 2956 1697; x_wconf 85' lang='grc' dir='ltr'>δὲ</span> <span class='ocrx_word' id='word_1_220' title='bbox 2982 1643 3140 1707; x_wconf 77' lang='grc' dir='ltr'>εὐθὺς</span> <span class='ocrx_word' id='word_1_221' title='bbox 3186 1643 3560 1713; x_wconf 81' lang='grc' dir='ltr'>ἐπιϐληθέντος</span> <span class='ocrx_word' id='word_1_222' title='bbox 3599 1643 3756 1698; x_wconf 87' lang='grc' dir='ltr'>πάλιν</span> <span class='ocrx_word' id='word_1_223' title='bbox 3782 1641 4010 1695; x_wconf 80' lang='grc' dir='ltr'>ἀναϐιώ-</span> 
     </span>
    </p>
   </div>
   <div class='ocr_carea' id='block_1_32' title="bbox 2455 1733 4010 1804">
    <p class='ocr_par' dir='ltr' id='par_1_32' title="bbox 2455 1733 4010 1804">
     <span class='ocr_line' id='line_1_32' title="bbox 2455 1733 4010 1804; baseline -0.002 -18"><span class='ocrx_word' id='word_1_224' title='bbox 2455 1752 2660 1791; x_wconf 87' lang='grc' dir='ltr'>σκεται.</span> <span class='ocrx_word' id='word_1_225' title='bbox 2699 1737 2803 1788; x_wconf 90' lang='grc' dir='ltr'><strong>τῶν</strong></span> <span class='ocrx_word' id='word_1_226' title='bbox 2829 1735 3070 1800; x_wconf 79' lang='grc' dir='ltr'>διεξόδων</span> <span class='ocrx_word' id='word_1_227' title='bbox 3094 1734 3471 1804; x_wconf 81' lang='grc' dir='ltr'>ἀνοιγομένων.</span> <span class='ocrx_word' id='word_1_228' title='bbox 3503 1734 3664 1786; x_wconf 84' lang='grc' dir='ltr'>Οὑδὲν</span> <span class='ocrx_word' id='word_1_229' title='bbox 3700 1733 4010 1803; x_wconf 82' lang='grc' dir='ltr'>περιττότε-</span> 
     </span>
    </p>
   </div>
   <div class='ocr_carea' id='block_1_33' title="bbox 2459 1823 4012 1896">
    <p class='ocr_par' dir='ltr' id='par_1_33' title="bbox 2459 1823 4012 1896">
     <span class='ocr_line' id='line_1_33' title="bbox 2459 1823 4012 1896; baseline -0.003 -17"><span class='ocrx_word' id='word_1_230' title='bbox 2459 1843 2548 1896; x_wconf 89' lang='grc' dir='ltr'><strong>ρον</strong></span> <span class='ocrx_word' id='word_1_231' title='bbox 2591 1826 2686 1894; x_wconf 77' lang='grc' dir='ltr'>τῆς</span> <span class='ocrx_word' id='word_1_232' title='bbox 2725 1828 2928 1896; x_wconf 83' lang='grc' dir='ltr'>χρείας,</span> <span class='ocrx_word' id='word_1_233' title='bbox 2979 1823 3101 1877; x_wconf 78' lang='grc' dir='ltr'>οὑτε</span> <span class='ocrx_word' id='word_1_234' title='bbox 3154 1824 3256 1894; x_wconf 79' lang='grc' dir='ltr'><strong>μὴν</strong></span> <span class='ocrx_word' id='word_1_235' title='bbox 3316 1823 3551 1874; x_wconf 85' lang='grc' dir='ltr'>ἐλλεῖπόν</span> <span class='ocrx_word' id='word_1_236' title='bbox 3595 1840 3696 1874; x_wconf 89' lang='grc' dir='ltr'>τινι</span> <span class='ocrx_word' id='word_1_237' title='bbox 3741 1823 3848 1874; x_wconf 87' lang='grc' dir='ltr'><strong>τῶν</strong></span> <span class='ocrx_word' id='word_1_238' title='bbox 3885 1824 4012 1875; x_wconf 85' lang='grc' dir='ltr'>ἀνα-</span> 
     </span>
    </p>
   </div>
   <div class='ocr_carea' id='block_1_34' title="bbox 805 1911 2488 1986">
    <p class='ocr_par' dir='ltr' id='par_1_34' title="bbox 805 1911 2488 1982">
     <span class='ocr_line' id='line_1_34' title="bbox 805 1911 2488 1982; baseline 0.004 -18"><span class='ocrx_word' id='word_1_239' title='bbox 805 1911 1026 1965; x_wconf 87' lang='lat' dir='ltr'><strong>reclusis</strong></span> <span class='ocrx_word' id='word_1_240' title='bbox 1078 1911 1424 1966; x_wconf 77' lang='lat' dir='ltr'><strong>foraminibus</strong></span> <span class='ocrx_word' id='word_1_241' title='bbox 1475 1929 1660 1967; x_wconf 85' lang='lat' dir='ltr'><strong>rursus</strong></span> <span class='ocrx_word' id='word_1_242' title='bbox 1705 1914 2057 1969; x_wconf 77' lang='lat' dir='ltr'><strong>reviviscunt.</strong></span> <span class='ocrx_word' id='word_1_243' title='bbox 2104 1915 2247 1969; x_wconf 90' lang='lat' dir='ltr'><strong>Inter</strong></span> <span class='ocrx_word' id='word_1_244' title='bbox 2290 1929 2350 1968; x_wconf 90' lang='lat' dir='ltr'><strong>ea</strong></span> <span class='ocrx_word' id='word_1_245' title='bbox 2386 1916 2425 1971; x_wconf 89' lang='grc' dir='ltr'><strong>Β</strong></span> <span class='ocrx_word' id='word_1_246' title='bbox 2454 1933 2488 1982; x_wconf 84' lang='grc' dir='ltr'><strong>γ</strong></span> 
     </span>
    </p>
   </div>
   <div class='ocr_carea' id='block_1_35' title="bbox 2328 1911 4011 1986">
    <p class='ocr_par' dir='ltr' id='par_1_35' title="bbox 2328 1911 4011 1986">
     <span class='ocr_line' id='line_1_35' title="bbox 2328 1911 4011 1986; baseline -0.002 -19"><span class='ocrx_word' id='word_1_247' title='bbox 2328 1931 2350 1967; x_wconf 85' lang='lat' dir='ltr'><strong>a</strong></span> <span class='ocrx_word' id='word_1_248' title='bbox 2386 1916 2425 1971; x_wconf 88' lang='grc' dir='ltr'><strong>Β</strong></span> <span class='ocrx_word' id='word_1_249' title='bbox 2454 1915 2659 1982; x_wconf 88' lang='grc' dir='ltr'>γκαίων</span> <span class='ocrx_word' id='word_1_250' title='bbox 2690 1917 2716 1967; x_wconf 91' lang='lat'><strong>6</strong></span> <span class='ocrx_word' id='word_1_251' title='bbox 2739 1916 2868 1978; x_wconf 82' lang='grc' dir='ltr'>Θεὸς</span> <span class='ocrx_word' id='word_1_252' title='bbox 2905 1916 3061 1986; x_wconf 76' lang='grc' dir='ltr'>ἡμῶν</span> <span class='ocrx_word' id='word_1_253' title='bbox 3095 1914 3290 1967; x_wconf 84' lang='grc' dir='ltr'>ἔκτισε.</span> <span class='ocrx_word' id='word_1_254' title='bbox 3346 1913 3512 1964; x_wconf 87' lang='grc' dir='ltr'>Πάλιν</span> <span class='ocrx_word' id='word_1_255' title='bbox 3543 1911 3610 1964; x_wconf 79' lang='grc' dir='ltr'><strong>τά</strong></span> <span class='ocrx_word' id='word_1_256' title='bbox 3642 1912 3872 1982; x_wconf 88' lang='grc' dir='ltr'>φίλυδρα</span> <span class='ocrx_word' id='word_1_257' title='bbox 3904 1913 4011 1964; x_wconf 88' lang='grc' dir='ltr'><strong>τῶν</strong></span> 
     </span>
    </p>
   </div>
   <div class='ocr_carea' id='block_1_36' title="bbox 804 2004 2353 2072">
    <p class='ocr_par' dir='ltr' id='par_1_36' title="bbox 804 2004 2353 2072">
     <span class='ocr_line' id='line_1_36' title="bbox 804 2004 2353 2072; baseline 0.003 -17"><span class='ocrx_word' id='word_1_258' title='bbox 804 2019 920 2072; x_wconf 67' lang='lat' dir='ltr'><strong>quin</strong></span> <span class='ocrx_word' id='word_1_259' title='bbox 952 2004 1089 2058; x_wconf 90' lang='lat' dir='ltr'><strong>Deus</strong></span> <span class='ocrx_word' id='word_1_260' title='bbox 1116 2016 1298 2058; x_wconf 89' lang='lat' dir='ltr'><strong>noster</strong></span> <span class='ocrx_word' id='word_1_261' title='bbox 1324 2007 1548 2068; x_wconf 88' lang='lat' dir='ltr'><strong>creavit,</strong></span> <span class='ocrx_word' id='word_1_262' title='bbox 1597 2007 1727 2059; x_wconf 82' lang='lat' dir='ltr'><strong>nihil</strong></span> <span class='ocrx_word' id='word_1_263' title='bbox 1774 2016 1856 2060; x_wconf 91' lang='lat' dir='ltr'><strong>est</strong></span> <span class='ocrx_word' id='word_1_264' title='bbox 1889 2009 2021 2060; x_wconf 86' lang='lat' dir='ltr'><strong>citra</strong></span> <span class='ocrx_word' id='word_1_265' title='bbox 2066 2008 2353 2061; x_wconf 84' lang='lat' dir='ltr'><strong>necessita-</strong></span> 
     </span>
    </p>
   </div>
   <div class='ocr_carea' id='block_1_37' title="bbox 804 2095 2354 2158">
    <p class='ocr_par' dir='ltr' id='par_1_37' title="bbox 804 2095 2354 2158">
     <span class='ocr_line' id='line_1_37' title="bbox 804 2095 2354 2158; baseline 0.002 -11"><span class='ocrx_word' id='word_1_266' title='bbox 804 2105 931 2158; x_wconf 87' lang='lat' dir='ltr'><strong>tem,</strong></span> <span class='ocrx_word' id='word_1_267' title='bbox 959 2096 1088 2148; x_wconf 85' lang='lat' dir='ltr'><strong>nihil</strong></span> <span class='ocrx_word' id='word_1_268' title='bbox 1121 2097 1270 2149; x_wconf 90' lang='lat' dir='ltr'><strong>deest</strong></span> <span class='ocrx_word' id='word_1_269' title='bbox 1317 2097 1761 2149; x_wconf 81' lang='lat' dir='ltr'><strong>necessariorum.</strong></span> <span class='ocrx_word' id='word_1_270' title='bbox 1809 2095 2012 2150; x_wconf 82' lang='lat' dir='ltr'><strong>Rursus</strong></span> <span class='ocrx_word' id='word_1_271' title='bbox 2063 2098 2106 2150; x_wconf 93' lang='lat' dir='ltr'><strong>si</strong></span> <span class='ocrx_word' id='word_1_272' title='bbox 2153 2098 2354 2151; x_wconf 90' lang='lat' dir='ltr'><strong>anima-</strong></span> 
     </span>
    </p>
   </div>
   <div class='ocr_carea' id='block_1_38' title="bbox 803 2185 2356 2256">
    <p class='ocr_par' dir='ltr' id='par_1_38' title="bbox 803 2185 2356 2256">
     <span class='ocr_line' id='line_1_38' title="bbox 803 2185 2356 2256; baseline 0.002 -18"><span class='ocrx_word' id='word_1_273' title='bbox 803 2187 872 2239; x_wconf 89' lang='lat' dir='ltr'><strong>lia</strong></span> <span class='ocrx_word' id='word_1_274' title='bbox 910 2201 1061 2253; x_wconf 78' lang='lat' dir='ltr'><strong>aquze</strong></span> <span class='ocrx_word' id='word_1_275' title='bbox 1092 2185 1325 2238; x_wconf 86' lang='lat' dir='ltr'><strong>amantia</strong></span> <span class='ocrx_word' id='word_1_276' title='bbox 1361 2187 1745 2250; x_wconf 82' lang='lat' dir='ltr'><strong>considerabis,</strong></span> <span class='ocrx_word' id='word_1_277' title='bbox 1776 2187 1934 2241; x_wconf 90' lang='lat' dir='ltr'><strong>aliam</strong></span> <span class='ocrx_word' id='word_1_278' title='bbox 1975 2187 2023 2241; x_wconf 90' lang='lat' dir='ltr'><strong>in</strong></span> <span class='ocrx_word' id='word_1_279' title='bbox 2057 2189 2186 2256; x_wconf 91' lang='lat' dir='ltr'><strong>ipsis</strong></span> <span class='ocrx_word' id='word_1_280' title='bbox 2216 2197 2356 2241; x_wconf 89' lang='lat' dir='ltr'><strong>stru-</strong></span> 
     </span>
    </p>
   </div>
   <div class='ocr_carea' id='block_1_39' title="bbox 802 2276 2359 2344">
    <p class='ocr_par' dir='ltr' id='par_1_39' title="bbox 802 2276 2359 2344">
     <span class='ocr_line' id='line_1_39' title="bbox 802 2276 2359 2344; baseline 0.004 -17"><span class='ocrx_word' id='word_1_281' title='bbox 802 2287 1006 2328; x_wconf 78' lang='lat' dir='ltr'><strong>cturam</strong></span> <span class='ocrx_word' id='word_1_282' title='bbox 1042 2276 1371 2343; x_wconf 87' lang='lat' dir='ltr'><strong>comperies:</strong></span> <span class='ocrx_word' id='word_1_283' title='bbox 1431 2279 1592 2344; x_wconf 85' lang='lat' dir='ltr'><strong>pedes</strong></span> <span class='ocrx_word' id='word_1_284' title='bbox 1636 2277 1880 2333; x_wconf 87' lang='lat' dir='ltr'><strong>videlicet</strong></span> <span class='ocrx_word' id='word_1_285' title='bbox 1929 2279 2148 2334; x_wconf 89' lang='lat' dir='ltr'><strong>minime</strong></span> <span class='ocrx_word' id='word_1_286' title='bbox 2195 2277 2359 2334; x_wconf 74' lang='lat' dir='ltr'><strong>ditiis-</strong></span> 
     </span>
    </p>
   </div>
   <div class='ocr_carea' id='block_1_40' title="bbox 800 2369 2353 2433">
    <p class='ocr_par' dir='ltr' id='par_1_40' title="bbox 800 2369 2353 2433">
     <span class='ocr_line' id='line_1_40' title="bbox 800 2369 2353 2433; baseline 0.001 -10"><span class='ocrx_word' id='word_1_287' title='bbox 800 2382 913 2432; x_wconf 72' lang='lat' dir='ltr'><strong>Sos,</strong></span> <span class='ocrx_word' id='word_1_288' title='bbox 943 2369 1080 2422; x_wconf 86' lang='lat' dir='ltr'><strong>velut</strong></span> <span class='ocrx_word' id='word_1_289' title='bbox 1110 2369 1379 2422; x_wconf 79' lang='lat' dir='ltr'><strong>cornicis:</strong></span> <span class='ocrx_word' id='word_1_290' title='bbox 1417 2385 1518 2422; x_wconf 93' lang='lat' dir='ltr'><strong>non</strong></span> <span class='ocrx_word' id='word_1_291' title='bbox 1561 2369 1815 2433; x_wconf 83' lang='lat' dir='ltr'><strong>aduncos,</strong></span> <span class='ocrx_word' id='word_1_292' title='bbox 1861 2371 2002 2423; x_wconf 88' lang='lat' dir='ltr'><strong>velut</strong></span> <span class='ocrx_word' id='word_1_293' title='bbox 2041 2371 2353 2424; x_wconf 77' lang='lat' dir='ltr'><strong>carnivoro—</strong></span> 
     </span>
    </p>
   </div>
   <div class='ocr_carea' id='block_1_41' title="bbox 805 2461 2357 2526">
    <p class='ocr_par' dir='ltr' id='par_1_41' title="bbox 805 2461 2357 2526">
     <span class='ocr_line' id='line_1_41' title="bbox 805 2461 2357 2526; baseline 0.004 -14"><span class='ocrx_word' id='word_1_294' title='bbox 805 2476 956 2513; x_wconf 83' lang='lat' dir='ltr'><strong>roui:</strong></span> <span class='ocrx_word' id='word_1_295' title='bbox 999 2463 1092 2514; x_wconf 90' lang='lat' dir='ltr'><strong>sed</strong></span> <span class='ocrx_word' id='word_1_296' title='bbox 1129 2461 1263 2514; x_wconf 89' lang='lat' dir='ltr'><strong>latos</strong></span> <span class='ocrx_word' id='word_1_297' title='bbox 1303 2475 1365 2513; x_wconf 92' lang='lat' dir='ltr'><strong>ac</strong></span> <span class='ocrx_word' id='word_1_298' title='bbox 1408 2461 1867 2526; x_wconf 82' lang='lat' dir='ltr'><strong>tneinbranaceos,</strong></span> <span class='ocrx_word' id='word_1_299' title='bbox 1909 2472 1965 2514; x_wconf 91' lang='lat' dir='ltr'><strong>ut</strong></span> <span class='ocrx_word' id='word_1_300' title='bbox 2005 2461 2156 2517; x_wconf 83' lang='lat' dir='ltr'><strong>facile</strong></span> <span class='ocrx_word' id='word_1_301' title='bbox 2205 2464 2357 2518; x_wconf 88' lang='lat' dir='ltr'><strong>undis</strong></span> 
     </span>
    </p>
   </div>
   <div class='ocr_carea' id='block_1_42' title="bbox 805 2552 2358 2620">
    <p class='ocr_par' dir='ltr' id='par_1_42' title="bbox 805 2552 2358 2620">
     <span class='ocr_line' id='line_1_42' title="bbox 805 2552 2358 2620; baseline 0.005 -20"><span class='ocrx_word' id='word_1_302' title='bbox 805 2555 1070 2614; x_wconf 88' lang='lat' dir='ltr'><strong>innatent,</strong></span> <span class='ocrx_word' id='word_1_303' title='bbox 1116 2552 1307 2618; x_wconf 88' lang='lat' dir='ltr'><strong>pedum</strong></span> <span class='ocrx_word' id='word_1_304' title='bbox 1361 2552 1688 2604; x_wconf 88' lang='lat' dir='ltr'><strong>membranis</strong></span> <span class='ocrx_word' id='word_1_305' title='bbox 1727 2553 1870 2604; x_wconf 84' lang='lat' dir='ltr'><strong>velut</strong></span> <span class='ocrx_word' id='word_1_306' title='bbox 1914 2554 2231 2620; x_wconf 85' lang='lat' dir='ltr'><strong>quibusdam</strong></span> <span class='ocrx_word' id='word_1_307' title='bbox 2275 2570 2358 2607; x_wconf 89' lang='lat' dir='ltr'><strong>re-</strong></span> 
     </span>
    </p>
   </div>
   <div class='ocr_carea' id='block_1_43' title="bbox 805 2642 2358 2711">
    <p class='ocr_par' dir='ltr' id='par_1_43' title="bbox 805 2642 2358 2711">
     <span class='ocr_line' id='line_1_43' title="bbox 805 2642 2358 2711; baseline 0.001 -16"><span class='ocrx_word' id='word_1_308' title='bbox 805 2644 907 2696; x_wconf 88' lang='lat' dir='ltr'><strong>mis</strong></span> <span class='ocrx_word' id='word_1_309' title='bbox 960 2657 1152 2710; x_wconf 85' lang='lat' dir='ltr'><strong>aqttatu</strong></span> <span class='ocrx_word' id='word_1_310' title='bbox 1216 2642 1564 2711; x_wconf 65' lang='lat' dir='ltr'><strong>impelle-otes.</strong></span> <span class='ocrx_word' id='word_1_311' title='bbox 1619 2643 1766 2708; x_wconf 85' lang='lat' dir='ltr'><strong>Quod</strong></span> <span class='ocrx_word' id='word_1_312' title='bbox 1797 2642 1840 2696; x_wconf 97' lang='lat' dir='ltr'><strong>si</strong></span> <span class='ocrx_word' id='word_1_313' title='bbox 1882 2643 2358 2706; x_wconf 77' lang='lat' dir='ltr'><strong>animadverteris,</strong></span> 
     </span>
    </p>
   </div>
   <div class='ocr_carea' id='block_1_44' title="bbox 803 2735 2356 2804">
    <p class='ocr_par' dir='ltr' id='par_1_44' title="bbox 803 2735 2356 2804">
     <span class='ocr_line' id='line_1_44' title="bbox 803 2735 2356 2804; baseline 0.001 -19"><span class='ocrx_word' id='word_1_314' title='bbox 803 2735 1248 2802; x_wconf 85' lang='lat' dir='ltr'><strong>quemadtnolum</strong></span> <span class='ocrx_word' id='word_1_315' title='bbox 1291 2749 1490 2804; x_wconf 84' lang='lat' dir='ltr'><strong>cycnus</strong></span> <span class='ocrx_word' id='word_1_316' title='bbox 1533 2735 1670 2787; x_wconf 92' lang='lat' dir='ltr'><strong>collo</strong></span> <span class='ocrx_word' id='word_1_317' title='bbox 1717 2736 1769 2786; x_wconf 92' lang='lat' dir='ltr'><strong>in</strong></span> <span class='ocrx_word' id='word_1_318' title='bbox 1818 2735 2133 2803; x_wconf 82' lang='lat' dir='ltr'><strong>profundam</strong></span> <span class='ocrx_word' id='word_1_319' title='bbox 2165 2750 2356 2802; x_wconf 78' lang='lat' dir='ltr'><strong>aquam</strong></span> 
     </span>
    </p>
   </div>
   <div class='ocr_carea' id='block_1_45' title="bbox 801 2825 2358 2890">
    <p class='ocr_par' dir='ltr' id='par_1_45' title="bbox 801 2825 2358 2890">
     <span class='ocr_line' id='line_1_45' title="bbox 801 2825 2358 2890; baseline -0.003 -8"><span class='ocrx_word' id='word_1_320' title='bbox 801 2825 1060 2890; x_wconf 82' lang='lat' dir='ltr'><strong>immisso,</strong></span> <span class='ocrx_word' id='word_1_321' title='bbox 1090 2827 1155 2880; x_wconf 90' lang='lat' dir='ltr'><strong>ab</strong></span> <span class='ocrx_word' id='word_1_322' title='bbox 1187 2826 1292 2878; x_wconf 89' lang='lat' dir='ltr'><strong>imo</strong></span> <span class='ocrx_word' id='word_1_323' title='bbox 1321 2825 1497 2879; x_wconf 89' lang='lat' dir='ltr'><strong>cibum</strong></span> <span class='ocrx_word' id='word_1_324' title='bbox 1536 2827 1637 2880; x_wconf 85' lang='lat' dir='ltr'><strong>sibi</strong></span> <span class='ocrx_word' id='word_1_325' title='bbox 1680 2825 1898 2879; x_wconf 76' lang='lat' dir='ltr'><strong>efferat:</strong></span> <span class='ocrx_word' id='word_1_326' title='bbox 1951 2835 2074 2879; x_wconf 92' lang='lat' dir='ltr'><strong>tunc</strong></span> <span class='ocrx_word' id='word_1_327' title='bbox 2128 2825 2218 2879; x_wconf 87' lang='lat' dir='ltr'><strong>Dei</strong></span> <span class='ocrx_word' id='word_1_328' title='bbox 2265 2825 2358 2878; x_wconf 89' lang='lat' dir='ltr'><strong>de-</strong></span> 
     </span>
    </p>
   </div>
   <div class='ocr_carea' id='block_1_46' title="bbox 805 2918 2358 2988">
    <p class='ocr_par' dir='ltr' id='par_1_46' title="bbox 805 2918 2358 2988">
     <span class='ocr_line' id='line_1_46' title="bbox 805 2918 2358 2988; baseline 0.001 -19"><span class='ocrx_word' id='word_1_329' title='bbox 805 2919 1168 2986; x_wconf 87' lang='lat' dir='ltr'><strong>prehensurus</strong></span> <span class='ocrx_word' id='word_1_330' title='bbox 1189 2931 1248 2970; x_wconf 88' lang='lat' dir='ltr'><strong>es</strong></span> <span class='ocrx_word' id='word_1_331' title='bbox 1274 2918 1611 2987; x_wconf 89' lang='lat' dir='ltr'><strong>sapientiam,</strong></span> <span class='ocrx_word' id='word_1_332' title='bbox 1640 2920 1726 2985; x_wconf 90' lang='lat' dir='ltr'><strong>qui</strong></span> <span class='ocrx_word' id='word_1_333' title='bbox 1757 2919 1954 2972; x_wconf 80' lang='lat' dir='ltr'><strong>scilicet</strong></span> <span class='ocrx_word' id='word_1_334' title='bbox 1985 2918 2175 2972; x_wconf 90' lang='lat' dir='ltr'><strong>collum</strong></span> <span class='ocrx_word' id='word_1_335' title='bbox 2205 2918 2358 2988; x_wconf 85' lang='lat' dir='ltr'><strong>pedi-</strong></span> 
     </span>
    </p>
   </div>
   <div class='ocr_carea' id='block_1_47' title="bbox 805 3009 2359 3078">
    <p class='ocr_par' dir='ltr' id='par_1_47' title="bbox 805 3009 2359 3078">
     <span class='ocr_line' id='line_1_47' title="bbox 805 3009 2359 3078; baseline 0.001 -17"><span class='ocrx_word' id='word_1_336' title='bbox 805 3009 904 3062; x_wconf 88' lang='lat' dir='ltr'><strong>bus</strong></span> <span class='ocrx_word' id='word_1_337' title='bbox 932 3009 1140 3078; x_wconf 77' lang='lat' dir='ltr'><strong>longius</strong></span> <span class='ocrx_word' id='word_1_338' title='bbox 1167 3009 1283 3062; x_wconf 91' lang='lat' dir='ltr'><strong>ideo</strong></span> <span class='ocrx_word' id='word_1_339' title='bbox 1323 3010 1530 3073; x_wconf 86' lang='lat' dir='ltr'><strong>tribuit,</strong></span> <span class='ocrx_word' id='word_1_340' title='bbox 1581 3020 1637 3062; x_wconf 90' lang='lat' dir='ltr'><strong>ut</strong></span> <span class='ocrx_word' id='word_1_341' title='bbox 1685 3010 1808 3063; x_wconf 92' lang='lat' dir='ltr'><strong>illud</strong></span> <span class='ocrx_word' id='word_1_342' title='bbox 1853 3011 1991 3065; x_wconf 88' lang='lat' dir='ltr'><strong>velut</strong></span> <span class='ocrx_word' id='word_1_343' title='bbox 2036 3011 2228 3064; x_wconf 89' lang='lat' dir='ltr'><strong>lineam</strong></span> <span class='ocrx_word' id='word_1_344' title='bbox 2280 3010 2359 3078; x_wconf 84' lang='lat' dir='ltr'><strong>pi-</strong></span> 
     </span>
    </p>
   </div>
   <div class='ocr_carea' id='block_1_48' title="bbox 805 3102 2355 3166">
    <p class='ocr_par' dir='ltr' id='par_1_48' title="bbox 805 3102 2355 3166">
     <span class='ocr_line' id='line_1_48' title="bbox 805 3102 2355 3166; baseline 0.004 -12"><span class='ocrx_word' id='word_1_345' title='bbox 805 3103 1087 3154; x_wconf 77' lang='lat' dir='ltr'><strong>scatoriam</strong></span> <span class='ocrx_word' id='word_1_346' title='bbox 1141 3103 1445 3166; x_wconf 81' lang='lat' dir='ltr'><strong>demittens,</strong></span> <span class='ocrx_word' id='word_1_347' title='bbox 1492 3116 1670 3156; x_wconf 86' lang='lat' dir='ltr'><strong>escam</strong></span> <span class='ocrx_word' id='word_1_348' title='bbox 1718 3102 1770 3156; x_wconf 93' lang='lat' dir='ltr'><strong>in</strong></span> <span class='ocrx_word' id='word_1_349' title='bbox 1819 3102 1925 3156; x_wconf 91' lang='lat' dir='ltr'><strong>imo</strong></span> <span class='ocrx_word' id='word_1_350' title='bbox 1961 3103 2355 3160; x_wconf 82' lang='lat' dir='ltr'><strong>delitescentem</strong></span> 
     </span>
    </p>
   </div>
   <div class='ocr_carea' id='block_1_49' title="bbox 805 3194 1428 3261">
    <p class='ocr_par' dir='ltr' id='par_1_49' title="bbox 805 3194 1428 3261">
     <span class='ocr_line' id='line_1_49' title="bbox 805 3194 1428 3261; baseline 0.005 -16"><span class='ocrx_word' id='word_1_351' title='bbox 805 3195 1048 3261; x_wconf 75' lang='lat' dir='ltr'><strong>exquirat</strong></span> <span class='ocrx_word' id='word_1_352' title='bbox 1078 3209 1140 3246; x_wconf 90' lang='lat' dir='ltr'><strong>ac</strong></span> <span class='ocrx_word' id='word_1_353' title='bbox 1163 3194 1428 3248; x_wconf 80' lang='lat' dir='ltr'><strong>extrahat.</strong></span> 
     </span>
    </p>
   </div>
   <div class='ocr_carea' id='block_1_50' title="bbox 2456 2003 4011 2078">
    <p class='ocr_par' dir='ltr' id='par_1_50' title="bbox 2456 2003 4011 2078">
     <span class='ocr_line' id='line_1_50' title="bbox 2456 2003 4011 2078; baseline -0.004 -18"><span class='ocrx_word' id='word_1_354' title='bbox 2456 2007 2610 2072; x_wconf 82' lang='grc' dir='ltr'>ζώων</span> <span class='ocrx_word' id='word_1_355' title='bbox 2662 2007 3016 2076; x_wconf 82' lang='grc' dir='ltr'>καταμαθὼν,</span> <span class='ocrx_word' id='word_1_356' title='bbox 3067 2008 3259 2078; x_wconf 80' lang='grc' dir='ltr'>ἑτέραν</span> <span class='ocrx_word' id='word_1_357' title='bbox 3319 2005 3375 2056; x_wconf 86' lang='grc' dir='ltr'><strong>ἐν</strong></span> <span class='ocrx_word' id='word_1_358' title='bbox 3436 2003 3613 2064; x_wconf 86' lang='grc' dir='ltr'>αὑτοῖς</span> <span class='ocrx_word' id='word_1_359' title='bbox 3675 2005 4011 2072; x_wconf 74' lang='grc' dir='ltr'>κατασκευὴν</span> 
     </span>
    </p>
   </div>
   <div class='ocr_carea' id='block_1_51' title="bbox 2453 2091 4012 2170">
    <p class='ocr_par' dir='ltr' id='par_1_51' title="bbox 2453 2091 4012 2170">
     <span class='ocr_line' id='line_1_51' title="bbox 2453 2091 4012 2170; baseline -0.009 -18"><span class='ocrx_word' id='word_1_360' title='bbox 2453 2101 2704 2170; x_wconf 76' lang='grc' dir='ltr'>εὑρήσεις</span> <span class='ocrx_word' id='word_1_361' title='bbox 2729 2115 2741 2128; x_wconf 89' lang='grc'><strong>·</strong></span> <span class='ocrx_word' id='word_1_362' title='bbox 2790 2099 2953 2161; x_wconf 85' lang='grc' dir='ltr'>πόδας</span> <span class='ocrx_word' id='word_1_363' title='bbox 2990 2099 3109 2151; x_wconf 79' lang='grc' dir='ltr'>οὑτε</span> <span class='ocrx_word' id='word_1_364' title='bbox 3151 2095 3585 2167; x_wconf 87' lang='grc' dir='ltr'>διεσχισμένους,</span> <span class='ocrx_word' id='word_1_365' title='bbox 3633 2091 3706 2155; x_wconf 85' lang='grc' dir='ltr'>ὡς</span> <span class='ocrx_word' id='word_1_366' title='bbox 3746 2093 3871 2155; x_wconf 71' lang='grc' dir='ltr'>τοὺς</span> <span class='ocrx_word' id='word_1_367' title='bbox 3917 2095 4012 2163; x_wconf 74' lang='grc' dir='ltr'>τῆς</span> 
     </span>
    </p>
   </div>
   <div class='ocr_carea' id='block_1_52' title="bbox 2453 2184 4008 2261">
    <p class='ocr_par' dir='ltr' id='par_1_52' title="bbox 2453 2184 4008 2261">
     <span class='ocr_line' id='line_1_52' title="bbox 2453 2184 4008 2261; baseline -0.006 -17"><span class='ocrx_word' id='word_1_368' title='bbox 2453 2191 2718 2261; x_wconf 83' lang='grc' dir='ltr'>κορώνης,</span> <span class='ocrx_word' id='word_1_369' title='bbox 2746 2190 2866 2242; x_wconf 77' lang='grc' dir='ltr'>οὔτε</span> <span class='ocrx_word' id='word_1_370' title='bbox 2905 2189 3189 2258; x_wconf 86' lang='grc' dir='ltr'>ἀγκύλους,</span> <span class='ocrx_word' id='word_1_371' title='bbox 3217 2189 3290 2252; x_wconf 82' lang='grc' dir='ltr'>ὼς</span> <span class='ocrx_word' id='word_1_372' title='bbox 3317 2189 3444 2250; x_wconf 81' lang='grc' dir='ltr'>τοὺς</span> <span class='ocrx_word' id='word_1_373' title='bbox 3475 2185 3580 2238; x_wconf 90' lang='grc' dir='ltr'><strong>τῶν</strong></span> <span class='ocrx_word' id='word_1_374' title='bbox 3615 2184 3976 2255; x_wconf 83' lang='grc' dir='ltr'>σαρκοφάγων</span> <span class='ocrx_word' id='word_1_375' title='bbox 3996 2201 4008 2213; x_wconf 76' lang='grc' dir='ltr'><strong><em>ο</em></strong></span> 
     </span>
    </p>
   </div>
   <div class='ocr_carea' id='block_1_53' title="bbox 2455 2277 4012 2351">
    <p class='ocr_par' dir='ltr' id='par_1_53' title="bbox 2455 2277 4012 2351">
     <span class='ocr_line' id='line_1_53' title="bbox 2455 2277 4012 2351; baseline -0.006 -14"><span class='ocrx_word' id='word_1_376' title='bbox 2455 2284 2589 2337; x_wconf 78' lang='grc' dir='ltr'>ἀλλὰ</span> <span class='ocrx_word' id='word_1_377' title='bbox 2613 2283 2827 2346; x_wconf 84' lang='grc' dir='ltr'>πλατεῖς</span> <span class='ocrx_word' id='word_1_378' title='bbox 2863 2283 2956 2336; x_wconf 74' lang='grc' dir='ltr'><strong>καὶ</strong></span> <span class='ocrx_word' id='word_1_379' title='bbox 2984 2282 3290 2351; x_wconf 88' lang='grc' dir='ltr'>ὑμενώδεις,</span> <span class='ocrx_word' id='word_1_380' title='bbox 3319 2281 3402 2334; x_wconf 84' lang='grc' dir='ltr'>ἴνα</span> <span class='ocrx_word' id='word_1_381' title='bbox 3431 2279 3622 2350; x_wconf 76' lang='grc' dir='ltr'>ῥᾳδίως</span> <span class='ocrx_word' id='word_1_382' title='bbox 3654 2277 4012 2346; x_wconf 78' lang='grc' dir='ltr'>ἐπινήχωνται</span> 
     </span>
    </p>
   </div>
   <div class='ocr_carea' id='block_1_54' title="bbox 2453 2367 4013 2443">
    <p class='ocr_par' dir='ltr' id='par_1_54' title="bbox 2453 2367 4013 2443">
     <span class='ocr_line' id='line_1_54' title="bbox 2453 2367 4013 2443; baseline -0.005 -17"><span class='ocrx_word' id='word_1_383' title='bbox 2453 2373 2530 2443; x_wconf 81' lang='grc' dir='ltr'>τῷ</span> <span class='ocrx_word' id='word_1_384' title='bbox 2568 2373 2737 2436; x_wconf 75' lang='grc' dir='ltr'>ὕδατι,</span> <span class='ocrx_word' id='word_1_385' title='bbox 2773 2375 2932 2426; x_wconf 59' lang='grc' dir='ltr'><strong>οἱονεὶ⁸</strong></span> <span class='ocrx_word' id='word_1_386' title='bbox 2967 2371 3176 2435; x_wconf 86' lang='grc' dir='ltr'>κώπαις</span> <span class='ocrx_word' id='word_1_387' title='bbox 3207 2373 3316 2424; x_wconf 73' lang='grc' dir='ltr'>τισὶ</span> <span class='ocrx_word' id='word_1_388' title='bbox 3350 2374 3460 2432; x_wconf 86' lang='grc' dir='ltr'>τοῖς</span> <span class='ocrx_word' id='word_1_389' title='bbox 3506 2369 3610 2422; x_wconf 89' lang='grc' dir='ltr'><strong>τῶν</strong></span> <span class='ocrx_word' id='word_1_390' title='bbox 3644 2369 3816 2421; x_wconf 82' lang='grc' dir='ltr'>ποδῶν</span> <span class='ocrx_word' id='word_1_391' title='bbox 3855 2367 4013 2438; x_wconf 83' lang='grc' dir='ltr'>ὑμέσι</span> 
     </span>
    </p>
   </div>
   <div class='ocr_carea' id='block_1_55' title="bbox 2453 2461 4010 2536">
    <p class='ocr_par' dir='ltr' id='par_1_55' title="bbox 2453 2461 4010 2536">
     <span class='ocr_line' id='line_1_55' title="bbox 2453 2461 4010 2536; baseline -0.004 -18"><span class='ocrx_word' id='word_1_392' title='bbox 2453 2468 2513 2519; x_wconf 75' lang='lat' dir='ltr'>t6</span> <span class='ocrx_word' id='word_1_393' title='bbox 2547 2465 2708 2536; x_wconf 80' lang='grc' dir='ltr'>ὑγρὸν</span> <span class='ocrx_word' id='word_1_394' title='bbox 2759 2465 3125 2535; x_wconf 76' lang='grc' dir='ltr'>διωθούμενοι.</span> <span class='ocrx_word' id='word_1_395' title='bbox 3171 2463 3294 2516; x_wconf 82' lang='grc' dir='ltr'><strong>Ἐὰν</strong></span> <span class='ocrx_word' id='word_1_396' title='bbox 3339 2464 3396 2516; x_wconf 83' lang='grc' dir='ltr'>δὲ</span> <span class='ocrx_word' id='word_1_397' title='bbox 3441 2461 3788 2532; x_wconf 74' lang='grc' dir='ltr'>καταμάθῃς,</span> <span class='ocrx_word' id='word_1_398' title='bbox 3832 2462 4010 2524; x_wconf 80' lang='grc' dir='ltr'>ὅπως,</span> 
     </span>
    </p>
   </div>
   <div class='ocr_carea' id='block_1_56' title="bbox 2456 2553 4013 2626">
    <p class='ocr_par' dir='ltr' id='par_1_56' title="bbox 2456 2553 4013 2626">
     <span class='ocr_line' id='line_1_56' title="bbox 2456 2553 4013 2626; baseline -0.003 -18"><span class='ocrx_word' id='word_1_399' title='bbox 2456 2559 2532 2619; x_wconf 82' lang='grc' dir='ltr'>εἰς</span> <span class='ocrx_word' id='word_1_400' title='bbox 2579 2557 2738 2626; x_wconf 84' lang='grc' dir='ltr'>βάθος</span> <span class='ocrx_word' id='word_1_401' title='bbox 2783 2559 2810 2609; x_wconf 96' lang='lat'><strong>6</strong></span> <span class='ocrx_word' id='word_1_402' title='bbox 2857 2556 3049 2618; x_wconf 78' lang='grc' dir='ltr'>κύκνος</span> <span class='ocrx_word' id='word_1_403' title='bbox 3110 2555 3316 2618; x_wconf 77' lang='grc' dir='ltr'>καθιεὶς</span> <span class='ocrx_word' id='word_1_404' title='bbox 3355 2554 3446 2607; x_wconf 81' lang='grc' dir='ltr'><strong>τὸν</strong></span> <span class='ocrx_word' id='word_1_405' title='bbox 3497 2553 3728 2623; x_wconf 81' lang='grc' dir='ltr'>αὐχένα,</span> <span class='ocrx_word' id='word_1_406' title='bbox 3775 2553 4013 2606; x_wconf 82' lang='grc' dir='ltr'>κάτωθεν</span> 
     </span>
    </p>
   </div>
   <div class='ocr_carea' id='block_1_57' title="bbox 2459 2645 4012 2715">
    <p class='ocr_par' dir='ltr' id='par_1_57' title="bbox 2459 2645 4012 2715">
     <span class='ocr_line' id='line_1_57' title="bbox 2459 2645 4012 2715; baseline -0.001 -19"><span class='ocrx_word' id='word_1_407' title='bbox 2459 2647 2632 2714; x_wconf 75' lang='grc' dir='ltr'>ἐαυτῷ</span> <span class='ocrx_word' id='word_1_408' title='bbox 2659 2646 2754 2715; x_wconf 82' lang='grc' dir='ltr'>τὴν</span> <span class='ocrx_word' id='word_1_409' title='bbox 2799 2647 3002 2715; x_wconf 82' lang='grc' dir='ltr'>τροφὴν</span> <span class='ocrx_word' id='word_1_410' title='bbox 3049 2647 3329 2714; x_wconf 73' lang='grc' dir='ltr'>ἀναφέρει,</span> <span class='ocrx_word' id='word_1_411' title='bbox 3363 2645 3480 2696; x_wconf 90' lang='grc' dir='ltr'>τότε</span> <span class='ocrx_word' id='word_1_412' title='bbox 3524 2645 3771 2714; x_wconf 76' lang='grc' dir='ltr'>εὑρήσεις</span> <span class='ocrx_word' id='word_1_413' title='bbox 3796 2645 3896 2713; x_wconf 75' lang='grc' dir='ltr'><strong>τὴν</strong></span> <span class='ocrx_word' id='word_1_414' title='bbox 3927 2661 4012 2695; x_wconf 90' lang='grc' dir='ltr'>σο-</span> 
     </span>
    </p>
   </div>
   <div class='ocr_carea' id='block_1_58' title="bbox 2461 2735 4014 2806">
    <p class='ocr_par' dir='ltr' id='par_1_58' title="bbox 2461 2735 4014 2806">
     <span class='ocr_line' id='line_1_58' title="bbox 2461 2735 4014 2806; baseline -0.001 -19"><span class='ocrx_word' id='word_1_415' title='bbox 2461 2738 2586 2804; x_wconf 84' lang='grc' dir='ltr'>φίαν</span> <span class='ocrx_word' id='word_1_416' title='bbox 2622 2736 2713 2787; x_wconf 75' lang='grc' dir='ltr'>τοῦ</span> <span class='ocrx_word' id='word_1_417' title='bbox 2760 2738 3060 2798; x_wconf 79' lang='grc' dir='ltr'>κτίσαντος,</span> <span class='ocrx_word' id='word_1_418' title='bbox 3090 2737 3169 2788; x_wconf 80' lang='grc' dir='ltr'><strong>δτι</strong></span> <span class='ocrx_word' id='word_1_419' title='bbox 3215 2736 3302 2787; x_wconf 79' lang='grc' dir='ltr'>διὰ</span> <span class='ocrx_word' id='word_1_420' title='bbox 3339 2735 3493 2788; x_wconf 77' lang='grc' dir='ltr'>τοῦτο</span> <span class='ocrx_word' id='word_1_421' title='bbox 3543 2736 3871 2806; x_wconf 84' lang='grc' dir='ltr'>μακρότερον</span> <span class='ocrx_word' id='word_1_422' title='bbox 3911 2735 4014 2786; x_wconf 80' lang='grc' dir='ltr'><strong>τῶν</strong></span> 
     </span>
    </p>
   </div>
   <div class='ocr_carea' id='block_1_59' title="bbox 2461 2824 4014 2895">
    <p class='ocr_par' dir='ltr' id='par_1_59' title="bbox 2461 2824 4014 2895">
     <span class='ocr_line' id='line_1_59' title="bbox 2461 2824 4014 2895; baseline -0.001 -18"><span class='ocrx_word' id='word_1_423' title='bbox 2461 2825 2634 2878; x_wconf 88' lang='grc' dir='ltr'>ποδῶν</span> <span class='ocrx_word' id='word_1_424' title='bbox 2654 2825 2742 2877; x_wconf 83' lang='grc' dir='ltr'><strong>τὸν</strong></span> <span class='ocrx_word' id='word_1_425' title='bbox 2759 2824 2956 2894; x_wconf 87' lang='grc' dir='ltr'>αὑχένα</span> <span class='ocrx_word' id='word_1_426' title='bbox 2975 2824 3326 2895; x_wconf 71' lang='grc' dir='ltr'>προσέθηκεν,</span> <span class='ocrx_word' id='word_1_427' title='bbox 3351 2825 3455 2886; x_wconf 85' lang='grc' dir='ltr'>ἴνα,</span> <span class='ocrx_word' id='word_1_428' title='bbox 3479 2825 3662 2893; x_wconf 88' lang='grc' dir='ltr'>ῶσπερ</span> <span class='ocrx_word' id='word_1_429' title='bbox 3679 2825 3796 2876; x_wconf 74' lang='grc' dir='ltr'>τινὰ</span> <span class='ocrx_word' id='word_1_430' title='bbox 3816 2825 4014 2894; x_wconf 73' lang='grc' dir='ltr'>ὁρμιὰν</span> 
     </span>
    </p>
   </div>
   <div class='ocr_carea' id='block_1_60' title="bbox 2461 2913 4014 2987">
    <p class='ocr_par' dir='ltr' id='par_1_60' title="bbox 2461 2913 4014 2987">
     <span class='ocr_line' id='line_1_60' title="bbox 2461 2913 4014 2987; baseline -0.001 -17"><span class='ocrx_word' id='word_1_431' title='bbox 2461 2917 2732 2985; x_wconf 81' lang='grc' dir='ltr'>κατάγων,</span> <span class='ocrx_word' id='word_1_432' title='bbox 2789 2917 2883 2987; x_wconf 80' lang='grc' dir='ltr'><strong>τὴν</strong></span> <span class='ocrx_word' id='word_1_433' title='bbox 2937 2919 2992 2968; x_wconf 86' lang='grc' dir='ltr'><strong>ἐν</strong></span> <span class='ocrx_word' id='word_1_434' title='bbox 3050 2915 3125 2985; x_wconf 82' lang='grc' dir='ltr'>τῷ</span> <span class='ocrx_word' id='word_1_435' title='bbox 3181 2915 3328 2985; x_wconf 84' lang='grc' dir='ltr'>βάθει</span> <span class='ocrx_word' id='word_1_436' title='bbox 3385 2913 3768 2986; x_wconf 86' lang='grc' dir='ltr'>κεκρυμμένην</span> <span class='ocrx_word' id='word_1_437' title='bbox 3812 2915 4014 2987; x_wconf 70' lang='grc' dir='ltr'>τροφὴν</span> 
     </span>
    </p>
   </div>
   <div class='ocr_carea' id='block_1_61' title="bbox 2461 3012 2815 3082">
    <p class='ocr_par' dir='ltr' id='par_1_61' title="bbox 2461 3012 2815 3082">
     <span class='ocr_line' id='line_1_61' title="bbox 2461 3012 2815 3082; baseline -0.006 -18"><span class='ocrx_word' id='word_1_438' title='bbox 2461 3012 2815 3082; x_wconf 76' lang='grc' dir='ltr'>ἐκπορίζηται</span> 
     </span>
    </p>
   </div>
   <div class='ocr_carea' id='block_1_62' title="bbox 879 3251 2562 3354">
    <p class='ocr_par' dir='ltr' id='par_1_62' title="bbox 879 3251 2562 3351">
     <span class='ocr_line' id='line_1_62' title="bbox 879 3251 2562 3351; baseline 0.003 -16"><span class='ocrx_word' id='word_1_439' title='bbox 879 3251 934 3335; x_wconf 73' lang='grc' dir='ltr'>έ.</span> <span class='ocrx_word' id='word_1_440' title='bbox 969 3282 1136 3335; x_wconf 77' lang='lat' dir='ltr'><strong>Verba</strong></span> <span class='ocrx_word' id='word_1_441' title='bbox 1171 3283 1463 3347; x_wconf 70' lang='lat' dir='ltr'><strong>Scriptura:</strong></span> <span class='ocrx_word' id='word_1_442' title='bbox 1484 3283 1531 3334; x_wconf 86' lang='lat' dir='ltr'><strong>si</strong></span> <span class='ocrx_word' id='word_1_443' title='bbox 1559 3283 1869 3350; x_wconf 87' lang='lat' dir='ltr'><strong>simpliciter</strong></span> <span class='ocrx_word' id='word_1_444' title='bbox 1895 3285 2156 3351; x_wconf 80' lang='lat' dir='ltr'><strong>legantur,</strong></span> <span class='ocrx_word' id='word_1_445' title='bbox 2184 3301 2357 3351; x_wconf 71' lang='lat' dir='ltr'><strong>parva:</strong></span> <span class='ocrx_word' id='word_1_446' title='bbox 2385 3251 2426 3308; x_wconf 66' lang='grc' dir='ltr'>Ο</span> <span class='ocrx_word' id='word_1_447' title='bbox 2529 3287 2562 3340; x_wconf 89' lang='grc'>8</span> 
     </span>
    </p>
   </div>
   <div class='ocr_carea' id='block_1_63' title="bbox 2325 3251 4008 3354">
    <p class='ocr_par' dir='ltr' id='par_1_63' title="bbox 2325 3251 4008 3354">
     <span class='ocr_line' id='line_1_63' title="bbox 2325 3251 4008 3354; baseline -0.004 -13"><span class='ocrx_word' id='word_1_448' title='bbox 2325 3303 2357 3340; x_wconf 67' lang='grc' dir='ltr'><strong>Β</strong></span> <span class='ocrx_word' id='word_1_449' title='bbox 2385 3251 2426 3308; x_wconf 80' lang='lat' dir='ltr'><strong><em>C</em></strong></span> <span class='ocrx_word' id='word_1_450' title='bbox 2529 3287 2581 3340; x_wconf 90' lang='lat'><strong>8.</strong></span> <span class='ocrx_word' id='word_1_451' title='bbox 2624 3287 2831 3349; x_wconf 80' lang='grc' dir='ltr'>Ἀπλῶς</span> <span class='ocrx_word' id='word_1_452' title='bbox 2863 3285 3332 3354; x_wconf 84' lang='grc' dir='ltr'>ἀναγινωσκόμενα</span> <span class='ocrx_word' id='word_1_453' title='bbox 3366 3283 3430 3337; x_wconf 83' lang='grc' dir='ltr'><strong>τά</strong></span> <span class='ocrx_word' id='word_1_454' title='bbox 3478 3285 3692 3354; x_wconf 77' lang='grc' dir='ltr'>ῥήματα</span> <span class='ocrx_word' id='word_1_455' title='bbox 3736 3282 3833 3352; x_wconf 82' lang='grc' dir='ltr'>τῆς</span> <span class='ocrx_word' id='word_1_456' title='bbox 3872 3281 4008 3352; x_wconf 82' lang='grc' dir='ltr'>Γρα-</span> 
     </span>
    </p>
   </div>
   <div class='ocr_carea' id='block_1_64' title="bbox 809 3372 2360 3441">
    <p class='ocr_par' dir='ltr' id='par_1_64' title="bbox 809 3372 2360 3441">
     <span class='ocr_line' id='line_1_64' title="bbox 809 3372 2360 3441; baseline 0.003 -16"><span class='ocrx_word' id='word_1_457' title='bbox 809 3375 1049 3441; x_wconf 77' lang='lat' dir='ltr'><strong>quaedam</strong></span> <span class='ocrx_word' id='word_1_458' title='bbox 1093 3381 1216 3424; x_wconf 89' lang='lat' dir='ltr'><strong>sunt</strong></span> <span class='ocrx_word' id='word_1_459' title='bbox 1261 3374 1514 3436; x_wconf 64' lang='lat' dir='ltr'><strong>syllabae:</strong></span> <span class='ocrx_word' id='word_1_460' title='bbox 1570 3372 1872 3424; x_wconf 81' lang='lat' dir='ltr'><strong>Producant</strong></span> <span class='ocrx_word' id='word_1_461' title='bbox 1927 3390 2076 3440; x_wconf 73' lang='lat' dir='ltr'><strong>aqum</strong></span> <span class='ocrx_word' id='word_1_462' title='bbox 2129 3375 2360 3429; x_wconf 70' lang='lat' dir='ltr'><strong>volatilia</strong></span> 
     </span>
    </p>
   </div>
   <div class='ocr_carea' id='block_1_65' title="bbox 809 3463 2361 3531">
    <p class='ocr_par' dir='ltr' id='par_1_65' title="bbox 809 3463 2361 3531">
     <span class='ocr_line' id='line_1_65' title="bbox 809 3463 2361 3531; baseline 0.001 -14"><span class='ocrx_word' id='word_1_463' title='bbox 809 3463 1036 3518; x_wconf 77' lang='lat' dir='ltr'><strong>volantia</strong></span> <span class='ocrx_word' id='word_1_464' title='bbox 1071 3479 1224 3531; x_wconf 73' lang='lat' dir='ltr'><strong>super</strong></span> <span class='ocrx_word' id='word_1_465' title='bbox 1253 3475 1444 3517; x_wconf 87' lang='lat' dir='ltr'><strong>terram</strong></span> <span class='ocrx_word' id='word_1_466' title='bbox 1481 3465 1763 3517; x_wconf 76' lang='lat' dir='ltr'><strong>secundum</strong></span> <span class='ocrx_word' id='word_1_467' title='bbox 1791 3464 2177 3531; x_wconf 73' lang='lat' dir='ltr'><strong>ﬁrmamentum</strong></span> <span class='ocrx_word' id='word_1_468' title='bbox 2208 3469 2318 3519; x_wconf 71' lang='grc' dir='ltr'>ειεΙὲ</span> <span class='ocrx_word' id='word_1_469' title='bbox 2341 3482 2361 3519; x_wconf 90' lang='lat'><strong><em>:</em></strong></span> 
     </span>
    </p>
   </div>
   <div class='ocr_carea' id='block_1_66' title="bbox 807 3556 2362 3624">
    <p class='ocr_par' dir='ltr' id='par_1_66' title="bbox 807 3556 2362 3624">
     <span class='ocr_line' id='line_1_66' title="bbox 807 3556 2362 3624; baseline 0.001 -16"><span class='ocrx_word' id='word_1_470' title='bbox 807 3556 902 3608; x_wconf 84' lang='lat' dir='ltr'><strong>sed</strong></span> <span class='ocrx_word' id='word_1_471' title='bbox 954 3570 1073 3606; x_wconf 89' lang='lat' dir='ltr'><strong>cum</strong></span> <span class='ocrx_word' id='word_1_472' title='bbox 1132 3556 1414 3608; x_wconf 81' lang='lat' dir='ltr'><strong>verborum</strong></span> <span class='ocrx_word' id='word_1_473' title='bbox 1473 3556 1857 3624; x_wconf 76' lang='lat' dir='ltr'><strong>pervestigatur</strong></span> <span class='ocrx_word' id='word_1_474' title='bbox 1904 3557 2187 3619; x_wconf 70' lang='lat' dir='ltr'><strong>sententia,</strong></span> <span class='ocrx_word' id='word_1_475' title='bbox 2240 3568 2362 3609; x_wconf 91' lang='lat' dir='ltr'><strong>tunc</strong></span> 
     </span>
    </p>
   </div>
   <div class='ocr_carea' id='block_1_67' title="bbox 812 3647 2355 3716">
    <p class='ocr_par' dir='ltr' id='par_1_67' title="bbox 812 3647 2355 3716">
     <span class='ocr_line' id='line_1_67' title="bbox 812 3647 2355 3716; baseline 0.003 -19"><span class='ocrx_word' id='word_1_476' title='bbox 812 3659 1059 3711; x_wconf 81' lang='lat' dir='ltr'><strong>magnum</strong></span> <span class='ocrx_word' id='word_1_477' title='bbox 1105 3647 1380 3712; x_wconf 62' lang='lat' dir='ltr'><strong>sapientia:</strong></span> <span class='ocrx_word' id='word_1_478' title='bbox 1431 3649 1720 3701; x_wconf 83' lang='lat' dir='ltr'><strong>conditoris</strong></span> <span class='ocrx_word' id='word_1_479' title='bbox 1766 3647 2082 3700; x_wconf 88' lang='lat' dir='ltr'><strong>miraculum</strong></span> <span class='ocrx_word' id='word_1_480' title='bbox 2118 3661 2355 3716; x_wconf 78' lang='lat' dir='ltr'><strong>apparet.</strong></span> 
     </span>
    </p>
   </div>
   <div class='ocr_carea' id='block_1_68' title="bbox 811 3736 2360 3805">
    <p class='ocr_par' dir='ltr' id='par_1_68' title="bbox 811 3736 2360 3805">
     <span class='ocr_line' id='line_1_68' title="bbox 811 3736 2360 3805; baseline 0.003 -20"><span class='ocrx_word' id='word_1_481' title='bbox 811 3737 951 3801; x_wconf 75' lang='lat' dir='ltr'><strong>Quot</strong></span> <span class='ocrx_word' id='word_1_482' title='bbox 1009 3736 1300 3788; x_wconf 90' lang='lat' dir='ltr'><strong>volatilium</strong></span> <span class='ocrx_word' id='word_1_483' title='bbox 1376 3739 1616 3804; x_wconf 67' lang='lat' dir='ltr'><strong>praevidit</strong></span> <span class='ocrx_word' id='word_1_484' title='bbox 1683 3740 2036 3792; x_wconf 89' lang='lat' dir='ltr'><strong>discrimina?</strong></span> <span class='ocrx_word' id='word_1_485' title='bbox 2099 3741 2360 3805; x_wconf 90' lang='lat' dir='ltr'><strong>quomodo</strong></span> 
     </span>
    </p>
   </div>
   <div class='ocr_carea' id='block_1_69' title="bbox 808 3826 2356 3897">
    <p class='ocr_par' dir='ltr' id='par_1_69' title="bbox 808 3826 2356 3897">
     <span class='ocr_line' id='line_1_69' title="bbox 808 3826 2356 3897; baseline 0 -15"><span class='ocrx_word' id='word_1_486' title='bbox 808 3827 914 3882; x_wconf 65' lang='lat' dir='ltr'><strong>&#39;alia</strong></span> <span class='ocrx_word' id='word_1_487' title='bbox 947 3828 1014 3880; x_wconf 79' lang='lat' dir='ltr'><strong>ab</strong></span> <span class='ocrx_word' id='word_1_488' title='bbox 1064 3826 1183 3878; x_wconf 91' lang='lat' dir='ltr'><strong>aliis</strong></span> <span class='ocrx_word' id='word_1_489' title='bbox 1226 3826 1370 3892; x_wconf 81' lang='lat' dir='ltr'><strong>juxta</strong></span> <span class='ocrx_word' id='word_1_490' title='bbox 1419 3842 1584 3894; x_wconf 85' lang='lat' dir='ltr'><strong>genus</strong></span> <span class='ocrx_word' id='word_1_491' title='bbox 1627 3828 1893 3894; x_wconf 67' lang='lat' dir='ltr'><strong>seiunxit?</strong></span> <span class='ocrx_word' id='word_1_492' title='bbox 1933 3831 2198 3897; x_wconf 89' lang='lat' dir='ltr'><strong>quomodo</strong></span> <span class='ocrx_word' id='word_1_493' title='bbox 2246 3833 2356 3882; x_wconf 84' lang='lat' dir='ltr'><strong>siu-</strong></span> 
     </span>
    </p>
   </div>
   <div class='ocr_carea' id='block_1_70' title="bbox 813 3917 2361 3987">
    <p class='ocr_par' dir='ltr' id='par_1_70' title="bbox 813 3917 2361 3987">
     <span class='ocr_line' id='line_1_70' title="bbox 813 3917 2361 3987; baseline 0.004 -17"><span class='ocrx_word' id='word_1_494' title='bbox 813 3919 932 3987; x_wconf 78' lang='lat' dir='ltr'><strong>gula</strong></span> <span class='ocrx_word' id='word_1_495' title='bbox 993 3917 1264 3970; x_wconf 76' lang='lat' dir='ltr'><strong>distinctis</strong></span> <span class='ocrx_word' id='word_1_496' title='bbox 1323 3917 1738 3984; x_wconf 85' lang='lat' dir='ltr'><strong>proprietatibus</strong></span> <span class='ocrx_word' id='word_1_497' title='bbox 1802 3921 2116 3984; x_wconf 74' lang='lat' dir='ltr'><strong>insignivit?</strong></span> <span class='ocrx_word' id='word_1_498' title='bbox 2178 3921 2361 3976; x_wconf 83' lang='lat' dir='ltr'><strong>Deficit</strong></span> 
     </span>
    </p>
   </div>
   <div class='ocr_carea' id='block_1_71' title="bbox 812 4007 2360 4074">
    <p class='ocr_par' dir='ltr' id='par_1_71' title="bbox 812 4007 2360 4074">
     <span class='ocr_line' id='line_1_71' title="bbox 812 4007 2360 4074; baseline 0.005 -14"><span class='ocrx_word' id='word_1_499' title='bbox 812 4026 898 4062; x_wconf 87' lang='lat' dir='ltr'><strong>me</strong></span> <span class='ocrx_word' id='word_1_500' title='bbox 934 4012 1048 4062; x_wconf 85' lang='lat' dir='ltr'><strong>dies</strong></span> <span class='ocrx_word' id='word_1_501' title='bbox 1093 4011 1234 4062; x_wconf 83' lang='lat' dir='ltr'><strong>aeria</strong></span> <span class='ocrx_word' id='word_1_502' title='bbox 1263 4009 1415 4063; x_wconf 89' lang='lat' dir='ltr'><strong>vobis</strong></span> <span class='ocrx_word' id='word_1_503' title='bbox 1445 4007 1703 4061; x_wconf 88' lang='lat' dir='ltr'><strong>miracula</strong></span> <span class='ocrx_word' id='word_1_504' title='bbox 1746 4021 2123 4074; x_wconf 81' lang='lat' dir='ltr'><strong>exponentem.</strong></span> <span class='ocrx_word' id='word_1_505' title='bbox 2175 4013 2360 4068; x_wconf 82' lang='lat' dir='ltr'><strong>Invitat</strong></span> 
     </span>
    </p>
   </div>
   <div class='ocr_carea' id='block_1_72' title="bbox 811 4099 2360 4170">
    <p class='ocr_par' dir='ltr' id='par_1_72' title="bbox 811 4099 2360 4170">
     <span class='ocr_line' id='line_1_72' title="bbox 811 4099 2360 4170; baseline 0.002 -15"><span class='ocrx_word' id='word_1_506' title='bbox 811 4115 912 4156; x_wconf 81' lang='lat' dir='ltr'><strong>nos</strong></span> <span class='ocrx_word' id='word_1_507' title='bbox 945 4103 1054 4168; x_wconf 85' lang='lat' dir='ltr'><strong>ipsa</strong></span> <span class='ocrx_word' id='word_1_508' title='bbox 1099 4102 1381 4153; x_wconf 88' lang='lat' dir='ltr'><strong>continens</strong></span> <span class='ocrx_word' id='word_1_509' title='bbox 1421 4104 1485 4154; x_wconf 88' lang='lat' dir='ltr'><strong>ad</strong></span> <span class='ocrx_word' id='word_1_510' title='bbox 1531 4099 1672 4153; x_wconf 74' lang='lat' dir='ltr'><strong>feras</strong></span> <span class='ocrx_word' id='word_1_511' title='bbox 1717 4099 2031 4167; x_wconf 90' lang='lat' dir='ltr'><strong>reptiliaque</strong></span> <span class='ocrx_word' id='word_1_512' title='bbox 2070 4113 2122 4155; x_wconf 80' lang='lat' dir='ltr'><strong>et</strong></span> <span class='ocrx_word' id='word_1_513' title='bbox 2167 4119 2360 4170; x_wconf 91' lang='lat' dir='ltr'><strong>pecora</strong></span> 
     </span>
    </p>
   </div>
   <div class='ocr_carea' id='block_1_73' title="bbox 813 4191 2361 4261">
    <p class='ocr_par' dir='ltr' id='par_1_73' title="bbox 813 4191 2361 4261">
     <span class='ocr_line' id='line_1_73' title="bbox 813 4191 2361 4261; baseline 0.002 -16"><span class='ocrx_word' id='word_1_514' title='bbox 813 4192 868 4245; x_wconf 88' lang='lat' dir='ltr'><strong>in</strong></span> <span class='ocrx_word' id='word_1_515' title='bbox 898 4192 1130 4244; x_wconf 85' lang='lat' dir='ltr'><strong>medium</strong></span> <span class='ocrx_word' id='word_1_516' title='bbox 1161 4191 1476 4258; x_wconf 86' lang='lat' dir='ltr'><strong>proferenda</strong></span> <span class='ocrx_word' id='word_1_517' title='bbox 1505 4210 1516 4242; x_wconf 92' lang='lat'><em>:</em></span> <span class='ocrx_word' id='word_1_518' title='bbox 1543 4191 1972 4260; x_wconf 87' lang='lat' dir='ltr'><strong>quandoquidem</strong></span> <span class='ocrx_word' id='word_1_519' title='bbox 2000 4191 2198 4260; x_wconf 88' lang='lat' dir='ltr'><strong>aliquid</strong></span> <span class='ocrx_word' id='word_1_520' title='bbox 2225 4197 2361 4261; x_wconf 87' lang='lat' dir='ltr'><strong>quod</strong></span> 
     </span>
    </p>
   </div>
   <div class='ocr_carea' id='block_1_74' title="bbox 813 4281 2364 4350">
    <p class='ocr_par' dir='ltr' id='par_1_74' title="bbox 813 4281 2364 4350">
     <span class='ocr_line' id='line_1_74' title="bbox 813 4281 2364 4350; baseline 0.004 -18"><span class='ocrx_word' id='word_1_521' title='bbox 813 4282 1013 4349; x_wconf 80' lang='lat' dir='ltr'><strong>plantis</strong></span> <span class='ocrx_word' id='word_1_522' title='bbox 1040 4290 1092 4335; x_wconf 91' lang='lat' dir='ltr'><strong>et</strong></span> <span class='ocrx_word' id='word_1_523' title='bbox 1121 4282 1426 4334; x_wconf 84' lang='lat' dir='ltr'><strong>natatilium</strong></span> <span class='ocrx_word' id='word_1_524' title='bbox 1479 4283 1660 4350; x_wconf 79' lang='lat' dir='ltr'><strong>generi</strong></span> <span class='ocrx_word' id='word_1_525' title='bbox 1702 4293 1756 4336; x_wconf 89' lang='lat' dir='ltr'><strong>et</strong></span> <span class='ocrx_word' id='word_1_526' title='bbox 1805 4281 2013 4336; x_wconf 86' lang='lat' dir='ltr'><strong>cunctis</strong></span> <span class='ocrx_word' id='word_1_527' title='bbox 2063 4283 2364 4339; x_wconf 87' lang='lat' dir='ltr'><strong>volatilibus</strong></span> 
     </span>
    </p>
   </div>
   <div class='ocr_carea' id='block_1_75' title="bbox 813 4373 2364 4443">
    <p class='ocr_par' dir='ltr' id='par_1_75' title="bbox 813 4373 2364 4443">
     <span class='ocr_line' id='line_1_75' title="bbox 813 4373 2364 4443; baseline 0.003 -19"><span class='ocrx_word' id='word_1_528' title='bbox 813 4374 984 4441; x_wconf 85' lang='lat' dir='ltr'><strong>impar</strong></span> <span class='ocrx_word' id='word_1_529' title='bbox 1013 4388 1117 4426; x_wconf 92' lang='lat' dir='ltr'><strong>non</strong></span> <span class='ocrx_word' id='word_1_530' title='bbox 1151 4373 1241 4434; x_wconf 89' lang='lat' dir='ltr'><strong>sit,</strong></span> <span class='ocrx_word' id='word_1_531' title='bbox 1274 4374 1508 4428; x_wconf 81' lang='lat' dir='ltr'><strong>vicissim</strong></span> <span class='ocrx_word' id='word_1_532' title='bbox 1553 4374 1808 4428; x_wconf 72' lang='lat' dir='ltr'><strong>exhibere</strong></span> <span class='ocrx_word' id='word_1_533' title='bbox 1856 4385 2040 4443; x_wconf 86' lang='lat' dir='ltr'><strong>parata</strong></span> <span class='ocrx_word' id='word_1_534' title='bbox 2085 4383 2183 4427; x_wconf 88' lang='lat' dir='ltr'><strong>est.</strong></span> <span class='ocrx_word' id='word_1_535' title='bbox 2231 4373 2364 4428; x_wconf 88' lang='lat' dir='ltr'><strong>Pro-</strong></span> 
     </span>
    </p>
   </div>
   <div class='ocr_carea' id='block_1_76' title="bbox 809 4465 2362 4532">
    <p class='ocr_par' dir='ltr' id='par_1_76' title="bbox 809 4465 2362 4532">
     <span class='ocr_line' id='line_1_76' title="bbox 809 4465 2362 4532; baseline 0.003 -16"><span class='ocrx_word' id='word_1_536' title='bbox 809 4469 964 4517; x_wconf 84' lang='lat' dir='ltr'><strong>ducat</strong></span> <span class='ocrx_word' id='word_1_537' title='bbox 989 4474 1129 4518; x_wconf 84' lang='lat' dir='ltr'><strong>terra</strong></span> <span class='ocrx_word' id='word_1_538' title='bbox 1161 4465 1389 4516; x_wconf 85' lang='lat' dir='ltr'><strong>animam</strong></span> <span class='ocrx_word' id='word_1_539' title='bbox 1418 4466 1664 4517; x_wconf 74' lang='lat' dir='ltr'><strong>virentem</strong></span> <span class='ocrx_word' id='word_1_540' title='bbox 1707 4483 1950 4532; x_wconf 82' lang='lat' dir='ltr'><strong>pecorum</strong></span> <span class='ocrx_word' id='word_1_541' title='bbox 1989 4477 2035 4520; x_wconf 78' lang='lat' dir='ltr'><strong>et</strong></span> <span class='ocrx_word' id='word_1_542' title='bbox 2081 4467 2362 4520; x_wconf 72' lang='lat' dir='ltr'><strong>bestiarum</strong></span> 
     </span>
    </p>
   </div>
   <div class='ocr_carea' id='block_1_77' title="bbox 2461 3371 4014 3446">
    <p class='ocr_par' dir='ltr' id='par_1_77' title="bbox 2461 3371 4014 3446">
     <span class='ocr_line' id='line_1_77' title="bbox 2461 3371 4014 3446; baseline -0.002 -18"><span class='ocrx_word' id='word_1_543' title='bbox 2461 3377 2583 3446; x_wconf 80' lang='grc' dir='ltr'>φῆς,</span> <span class='ocrx_word' id='word_1_544' title='bbox 2617 3377 2868 3429; x_wconf 77' lang='grc' dir='ltr'>συλλαϐαί</span> <span class='ocrx_word' id='word_1_545' title='bbox 2909 3377 3049 3437; x_wconf 87' lang='grc' dir='ltr'>τινές</span> <span class='ocrx_word' id='word_1_546' title='bbox 3091 3377 3195 3426; x_wconf 90' lang='grc' dir='ltr'>εἰσι</span> <span class='ocrx_word' id='word_1_547' title='bbox 3245 3377 3432 3444; x_wconf 86' lang='grc' dir='ltr'>μικραί</span> <span class='ocrx_word' id='word_1_548' title='bbox 3471 3375 3610 3444; x_wconf 80' lang='lat'><strong>(89)°</strong></span> <span class='ocrx_word' id='word_1_549' title='bbox 3653 3371 4014 3443; x_wconf 75' lang='grc' dir='ltr'>Ἐξαταγέτω</span> 
     </span>
    </p>
   </div>
   <div class='ocr_carea' id='block_1_78' title="bbox 2461 3462 4013 3531">
    <p class='ocr_par' dir='ltr' id='par_1_78' title="bbox 2461 3462 4013 3531">
     <span class='ocr_line' id='line_1_78' title="bbox 2461 3462 4013 3531; baseline -0.003 -13"><span class='ocrx_word' id='word_1_550' title='bbox 2461 3471 2532 3518; x_wconf 81' lang='grc' dir='ltr'>τὰ</span> <span class='ocrx_word' id='word_1_551' title='bbox 2556 3464 2737 3518; x_wconf 76' lang='grc' dir='ltr'>ὕδατα</span> <span class='ocrx_word' id='word_1_552' title='bbox 2763 3464 2994 3516; x_wconf 78' lang='grc' dir='ltr'>πετεινὰ</span> <span class='ocrx_word' id='word_1_553' title='bbox 3032 3465 3319 3531; x_wconf 81' lang='grc' dir='ltr'>πετόμενα</span> <span class='ocrx_word' id='word_1_554' title='bbox 3348 3464 3443 3514; x_wconf 80' lang='grc' dir='ltr'><strong>ἐπὶ</strong></span> <span class='ocrx_word' id='word_1_555' title='bbox 3493 3463 3598 3527; x_wconf 78' lang='grc' dir='ltr'>τῆς</span> <span class='ocrx_word' id='word_1_556' title='bbox 3629 3462 3740 3529; x_wconf 73' lang='grc' dir='ltr'>γῆς</span> <span class='ocrx_word' id='word_1_557' title='bbox 3771 3466 3918 3514; x_wconf 83' lang='grc' dir='ltr'>κατὰ</span> <span class='ocrx_word' id='word_1_558' title='bbox 3948 3463 4013 3514; x_wconf 85' lang='grc' dir='ltr'>τὸ</span> 
     </span>
    </p>
   </div>
   <div class='ocr_carea' id='block_1_79' title="bbox 2461 3552 4014 3624">
    <p class='ocr_par' dir='ltr' id='par_1_79' title="bbox 2461 3552 4014 3624">
     <span class='ocr_line' id='line_1_79' title="bbox 2461 3552 4014 3624; baseline -0.003 -15"><span class='ocrx_word' id='word_1_559' title='bbox 2461 3555 2757 3623; x_wconf 82' lang='grc' dir='ltr'>στερέωμα</span> <span class='ocrx_word' id='word_1_560' title='bbox 2785 3554 2888 3608; x_wconf 87' lang='grc' dir='ltr'>τοῦ</span> <span class='ocrx_word' id='word_1_561' title='bbox 2914 3553 3168 3622; x_wconf 80' lang='grc' dir='ltr'>οὐρανοῦ</span> <span class='ocrx_word' id='word_1_562' title='bbox 3192 3571 3205 3584; x_wconf 78' lang='grc'><em>’</em></span> <span class='ocrx_word' id='word_1_563' title='bbox 3237 3554 3603 3624; x_wconf 82' lang='grc' dir='ltr'>ἐρευνωμένης</span> <span class='ocrx_word' id='word_1_564' title='bbox 3628 3552 3683 3604; x_wconf 83' lang='grc' dir='ltr'>δὲ</span> <span class='ocrx_word' id='word_1_565' title='bbox 3709 3555 3808 3622; x_wconf 75' lang='grc' dir='ltr'><strong>τῆς</strong></span> <span class='ocrx_word' id='word_1_566' title='bbox 3829 3555 3884 3605; x_wconf 81' lang='grc' dir='ltr'><strong>ἐν</strong></span> <span class='ocrx_word' id='word_1_567' title='bbox 3905 3557 4014 3616; x_wconf 85' lang='grc' dir='ltr'>τοῖς</span> 
     </span>
    </p>
   </div>
   <div class='ocr_carea' id='block_1_80' title="bbox 2464 3643 4013 3718">
    <p class='ocr_par' dir='ltr' id='par_1_80' title="bbox 2464 3643 4013 3718">
     <span class='ocr_line' id='line_1_80' title="bbox 2464 3643 4013 3718; baseline -0.001 -21"><span class='ocrx_word' id='word_1_568' title='bbox 2464 3648 2666 3718; x_wconf 75' lang='grc' dir='ltr'>ῥήμασι</span> <span class='ocrx_word' id='word_1_569' title='bbox 2709 3644 2960 3708; x_wconf 84' lang='grc' dir='ltr'>διανοίας,</span> <span class='ocrx_word' id='word_1_570' title='bbox 3003 3644 3123 3697; x_wconf 87' lang='grc' dir='ltr'>τότε</span> <span class='ocrx_word' id='word_1_571' title='bbox 3174 3646 3485 3713; x_wconf 76' lang='grc' dir='ltr'>ἐκφαῖνεται</span> <span class='ocrx_word' id='word_1_572' title='bbox 3533 3644 3594 3696; x_wconf 80' lang='grc' dir='ltr'>τὸ</span> <span class='ocrx_word' id='word_1_573' title='bbox 3649 3643 3789 3714; x_wconf 85' lang='grc' dir='ltr'>μέγα</span> <span class='ocrx_word' id='word_1_574' title='bbox 3833 3643 4013 3712; x_wconf 80' lang='grc' dir='ltr'>θαῦμα</span> 
     </span>
    </p>
   </div>
   <div class='ocr_carea' id='block_1_81' title="bbox 2460 3735 4010 3809">
    <p class='ocr_par' dir='ltr' id='par_1_81' title="bbox 2460 3735 4010 3809">
     <span class='ocr_line' id='line_1_81' title="bbox 2460 3735 4010 3809; baseline -0.002 -19"><span class='ocrx_word' id='word_1_575' title='bbox 2460 3739 2555 3809; x_wconf 82' lang='grc' dir='ltr'>τῆς</span> <span class='ocrx_word' id='word_1_576' title='bbox 2578 3738 2764 3806; x_wconf 80' lang='grc' dir='ltr'>σοφίας</span> <span class='ocrx_word' id='word_1_577' title='bbox 2796 3737 2887 3790; x_wconf 79' lang='grc' dir='ltr'>τοῦ</span> <span class='ocrx_word' id='word_1_578' title='bbox 2918 3737 3214 3800; x_wconf 85' lang='grc' dir='ltr'>κτίσαντος.</span> <span class='ocrx_word' id='word_1_579' title='bbox 3249 3738 3424 3801; x_wconf 88' lang='grc' dir='ltr'>Πόσας</span> <span class='ocrx_word' id='word_1_580' title='bbox 3457 3736 3728 3807; x_wconf 86' lang='grc' dir='ltr'>προείδετο</span> <span class='ocrx_word' id='word_1_581' title='bbox 3756 3735 4010 3807; x_wconf 75' lang='grc' dir='ltr'>διαφοράς</span> 
     </span>
    </p>
   </div>
   <div class='ocr_carea' id='block_1_82' title="bbox 2462 3825 4011 3899">
    <p class='ocr_par' dir='ltr' id='par_1_82' title="bbox 2462 3825 4011 3899">
     <span class='ocr_line' id='line_1_82' title="bbox 2462 3825 4011 3899; baseline -0.003 -18"><span class='ocrx_word' id='word_1_582' title='bbox 2462 3828 2708 3899; x_wconf 88' lang='grc' dir='ltr'>πτηνῶν;</span> <span class='ocrx_word' id='word_1_583' title='bbox 2742 3831 2887 3891; x_wconf 78' lang='grc' dir='ltr'>ὅπως</span> <span class='ocrx_word' id='word_1_584' title='bbox 2920 3827 3054 3880; x_wconf 83' lang='grc' dir='ltr'><strong>αὑτά</strong></span> <span class='ocrx_word' id='word_1_585' title='bbox 3089 3827 3228 3879; x_wconf 86' lang='grc' dir='ltr'><strong>κατά</strong></span> <span class='ocrx_word' id='word_1_586' title='bbox 3269 3827 3419 3894; x_wconf 87' lang='grc' dir='ltr'>γένος</span> <span class='ocrx_word' id='word_1_587' title='bbox 3465 3827 3740 3895; x_wconf 80' lang='grc' dir='ltr'>διέστησεν</span> <span class='ocrx_word' id='word_1_588' title='bbox 3791 3827 3884 3878; x_wconf 77' lang='grc' dir='ltr'>ἀπ’</span> <span class='ocrx_word' id='word_1_589' title='bbox 3921 3825 4011 3878; x_wconf 87' lang='grc' dir='ltr'>ἀλ-</span> 
     </span>
    </p>
   </div>
   <div class='ocr_carea' id='block_1_83' title="bbox 2461 3917 4013 3991">
    <p class='ocr_par' dir='ltr' id='par_1_83' title="bbox 2461 3917 4013 3991">
     <span class='ocr_line' id='line_1_83' title="bbox 2461 3917 4013 3991; baseline -0.003 -19"><span class='ocrx_word' id='word_1_590' title='bbox 2461 3920 2673 3991; x_wconf 78' lang='grc' dir='ltr'>λήλων;</span> <span class='ocrx_word' id='word_1_591' title='bbox 2708 3920 2822 3981; x_wconf 86' lang='grc' dir='ltr'><strong>πῶς</strong></span> <span class='ocrx_word' id='word_1_592' title='bbox 2868 3919 3091 3971; x_wconf 76' lang='grc' dir='ltr'>ἕκαστον</span> <span class='ocrx_word' id='word_1_593' title='bbox 3135 3917 3550 3988; x_wconf 86' lang='grc' dir='ltr'>κεχωρισμένοις</span> <span class='ocrx_word' id='word_1_594' title='bbox 3592 3918 4013 3988; x_wconf 80' lang='grc' dir='ltr'>ἐχαρακτήρισεν</span> 
     </span>
    </p>
   </div>
   <div class='ocr_carea' id='block_1_84' title="bbox 2465 4005 4013 4078">
    <p class='ocr_par' dir='ltr' id='par_1_84' title="bbox 2465 4005 4013 4078">
     <span class='ocr_line' id='line_1_84' title="bbox 2465 4005 4013 4078; baseline -0.002 -17"><span class='ocrx_word' id='word_1_595' title='bbox 2465 4010 2774 4078; x_wconf 71' lang='grc' dir='ltr'>ἱδιώμασινς</span> <span class='ocrx_word' id='word_1_596' title='bbox 2826 4008 3118 4059; x_wconf 80' lang='grc' dir='ltr'>Ἐπιλείπει</span> <span class='ocrx_word' id='word_1_597' title='bbox 3151 4007 3256 4074; x_wconf 74' lang='grc' dir='ltr'>(θθ)</span> <span class='ocrx_word' id='word_1_598' title='bbox 3312 4023 3376 4076; x_wconf 88' lang='grc' dir='ltr'><strong>με</strong></span> <span class='ocrx_word' id='word_1_599' title='bbox 3405 4008 3436 4074; x_wconf 83' lang='grc' dir='ltr'>ἡ</span> <span class='ocrx_word' id='word_1_600' title='bbox 3465 4006 3660 4074; x_wconf 75' lang='grc' dir='ltr'>ἡμέρα,</span> <span class='ocrx_word' id='word_1_601' title='bbox 3698 4005 3766 4058; x_wconf 74' lang='grc' dir='ltr'><strong>τά</strong></span> <span class='ocrx_word' id='word_1_602' title='bbox 3798 4007 4013 4076; x_wconf 85' lang='grc' dir='ltr'>ἐναέρια</span> 
     </span>
    </p>
   </div>
   <div class='ocr_carea' id='block_1_85' title="bbox 2462 4095 4014 4168">
    <p class='ocr_par' dir='ltr' id='par_1_85' title="bbox 2462 4095 4014 4168">
     <span class='ocr_line' id='line_1_85' title="bbox 2462 4095 4014 4168; baseline -0.001 -18"><span class='ocrx_word' id='word_1_603' title='bbox 2462 4101 2586 4167; x_wconf 91' lang='grc' dir='ltr'>ὑμῖν</span> <span class='ocrx_word' id='word_1_604' title='bbox 2618 4098 2865 4165; x_wconf 89' lang='grc' dir='ltr'>θαύματα</span> <span class='ocrx_word' id='word_1_605' title='bbox 2880 4095 3245 4164; x_wconf 87' lang='grc' dir='ltr'>διηγούμενον.</span> <span class='ocrx_word' id='word_1_606' title='bbox 3276 4096 3444 4148; x_wconf 84' lang='grc' dir='ltr'>Καλεῖ</span> <span class='ocrx_word' id='word_1_607' title='bbox 3467 4098 3610 4164; x_wconf 73' lang='grc' dir='ltr'>ἡμᾶς</span> <span class='ocrx_word' id='word_1_608' title='bbox 3630 4097 3866 4166; x_wconf 77' lang='grc' dir='ltr'>ἠχέρσος</span> <span class='ocrx_word' id='word_1_609' title='bbox 3883 4099 4014 4168; x_wconf 71' lang='grc' dir='ltr'>πρὸς</span> 
     </span>
    </p>
   </div>
   <div class='ocr_carea' id='block_1_86' title="bbox 2460 4185 4012 4260">
    <p class='ocr_par' dir='ltr' id='par_1_86' title="bbox 2460 4185 4012 4260">
     <span class='ocr_line' id='line_1_86' title="bbox 2460 4185 4012 4260; baseline -0.002 -18"><span class='ocrx_word' id='word_1_610' title='bbox 2460 4191 2558 4260; x_wconf 68' lang='grc' dir='ltr'><strong>τὴν</strong></span> <span class='ocrx_word' id='word_1_611' title='bbox 2581 4188 2685 4239; x_wconf 88' lang='grc' dir='ltr'><strong>τῶν</strong></span> <span class='ocrx_word' id='word_1_612' title='bbox 2722 4187 2921 4256; x_wconf 82' lang='grc' dir='ltr'>Θηρίων</span> <span class='ocrx_word' id='word_1_613' title='bbox 2955 4188 3046 4240; x_wconf 73' lang='grc' dir='ltr'><strong>καὶ</strong></span> <span class='ocrx_word' id='word_1_614' title='bbox 3089 4185 3327 4255; x_wconf 76' lang='grc' dir='ltr'>ἑρπετῶν</span> <span class='ocrx_word' id='word_1_615' title='bbox 3367 4189 3459 4238; x_wconf 70' lang='grc' dir='ltr'><strong>καὶ</strong></span> <span class='ocrx_word' id='word_1_616' title='bbox 3507 4187 3861 4255; x_wconf 83' lang='grc' dir='ltr'>βοσκημάτων</span> <span class='ocrx_word' id='word_1_617' title='bbox 3896 4190 4012 4241; x_wconf 81' lang='grc' dir='ltr'>ἐπί-</span> 
     </span>
    </p>
   </div>
   <div class='ocr_carea' id='block_1_87' title="bbox 2461 4277 4015 4348">
    <p class='ocr_par' dir='ltr' id='par_1_87' title="bbox 2461 4277 4015 4348">
     <span class='ocr_line' id='line_1_87' title="bbox 2461 4277 4015 4348; baseline -0.001 -16"><span class='ocrx_word' id='word_1_618' title='bbox 2461 4279 2642 4344; x_wconf 81' lang='grc' dir='ltr'>δειξιν,</span> <span class='ocrx_word' id='word_1_619' title='bbox 2678 4277 2904 4347; x_wconf 78' lang='grc' dir='ltr'>ἑτοίμως</span> <span class='ocrx_word' id='word_1_620' title='bbox 2949 4277 3140 4347; x_wconf 73' lang='grc' dir='ltr'>ἔχουσα</span> <span class='ocrx_word' id='word_1_621' title='bbox 3176 4277 3406 4346; x_wconf 82' lang='grc' dir='ltr'>ὁμότιμα</span> <span class='ocrx_word' id='word_1_622' title='bbox 3445 4279 3554 4338; x_wconf 83' lang='grc' dir='ltr'>τοῖς</span> <span class='ocrx_word' id='word_1_623' title='bbox 3598 4281 3780 4344; x_wconf 83' lang='grc' dir='ltr'>φυτοῖς</span> <span class='ocrx_word' id='word_1_624' title='bbox 3823 4282 3914 4330; x_wconf 77' lang='grc' dir='ltr'><strong>καὶ</strong></span> <span class='ocrx_word' id='word_1_625' title='bbox 3943 4279 4015 4348; x_wconf 83' lang='grc' dir='ltr'>τῷ</span> 
     </span>
    </p>
   </div>
   <div class='ocr_carea' id='block_1_88' title="bbox 2465 4367 4012 4440">
    <p class='ocr_par' dir='ltr' id='par_1_88' title="bbox 2465 4367 4012 4440">
     <span class='ocr_line' id='line_1_88' title="bbox 2465 4367 4012 4440; baseline -0.001 -18"><span class='ocrx_word' id='word_1_626' title='bbox 2465 4370 2654 4440; x_wconf 86' lang='grc' dir='ltr'>πλωτῷ</span> <span class='ocrx_word' id='word_1_627' title='bbox 2682 4369 2824 4437; x_wconf 81' lang='grc' dir='ltr'>γένει</span> <span class='ocrx_word' id='word_1_628' title='bbox 2855 4369 2946 4420; x_wconf 72' lang='grc' dir='ltr'><strong>καὶ</strong></span> <span class='ocrx_word' id='word_1_629' title='bbox 2964 4372 3072 4431; x_wconf 88' lang='grc' dir='ltr'>τοῖς</span> <span class='ocrx_word' id='word_1_630' title='bbox 3103 4371 3320 4437; x_wconf 78' lang='grc' dir='ltr'>πτηνοῖς</span> <span class='ocrx_word' id='word_1_631' title='bbox 3347 4369 3509 4419; x_wconf 80' lang='grc' dir='ltr'>πᾶσιν</span> <span class='ocrx_word' id='word_1_632' title='bbox 3535 4367 4012 4430; x_wconf 80' lang='grc' dir='ltr'>ἀντεπιδείξασθαι.</span> 
     </span>
    </p>
   </div>
   <div class='ocr_carea' id='block_1_89' title="bbox 2476 4458 4013 4532">
    <p class='ocr_par' dir='ltr' id='par_1_89' title="bbox 2476 4458 4013 4532">
     <span class='ocr_line' id='line_1_89' title="bbox 2476 4458 4013 4532; baseline -0.01 -15"><span class='ocrx_word' id='word_1_633' title='bbox 2476 4462 2833 4532; x_wconf 75' lang='grc' dir='ltr'>Ἑξαγαγέτω</span> <span class='ocrx_word' id='word_1_634' title='bbox 2875 4464 2912 4530; x_wconf 76' lang='grc' dir='ltr'>ἡ</span> <span class='ocrx_word' id='word_1_635' title='bbox 2956 4461 3029 4532; x_wconf 71' lang='grc' dir='ltr'>γῆ</span> <span class='ocrx_word' id='word_1_636' title='bbox 3070 4460 3279 4530; x_wconf 68' lang='grc' dir='ltr'><strong>ψυχὴν</strong></span> <span class='ocrx_word' id='word_1_637' title='bbox 3309 4459 3498 4520; x_wconf 76' lang='grc' dir='ltr'>ζῶσαν</span> <span class='ocrx_word' id='word_1_638' title='bbox 3526 4458 3758 4525; x_wconf 78' lang='grc' dir='ltr'>κτηνῶν</span> <span class='ocrx_word' id='word_1_639' title='bbox 3786 4460 3882 4512; x_wconf 75' lang='grc' dir='ltr'>καὶ</span> <span class='ocrx_word' id='word_1_640' title='bbox 3912 4464 4013 4528; x_wconf 83' lang='grc' dir='ltr'>θη-</span> 
     </span>
    </p>
   </div>
   <div class='ocr_carea' id='block_1_90' title="bbox 807 4551 2490 4644">
    <p class='ocr_par' dir='ltr' id='par_1_90' title="bbox 807 4555 2490 4644">
     <span class='ocr_line' id='line_1_90' title="bbox 807 4555 2490 4644; baseline -0.001 -35"><span class='ocrx_word' id='word_1_641' title='bbox 807 4567 855 4609; x_wconf 82' lang='lat' dir='ltr'><strong>et</strong></span> <span class='ocrx_word' id='word_1_642' title='bbox 884 4555 1139 4622; x_wconf 80' lang='lat' dir='ltr'><strong>replilium</strong></span> <span class='ocrx_word' id='word_1_643' title='bbox 1165 4555 1324 4622; x_wconf 74' lang='lat' dir='ltr'><strong>juxta</strong></span> <span class='ocrx_word' id='word_1_644' title='bbox 1358 4571 1535 4621; x_wconf 73' lang='lat' dir='ltr'><strong>genus.</strong></span> <span class='ocrx_word' id='word_1_645' title='bbox 1569 4556 1704 4620; x_wconf 82' lang='lat' dir='ltr'><strong>Quid</strong></span> <span class='ocrx_word' id='word_1_646' title='bbox 1739 4556 1915 4609; x_wconf 88' lang='lat' dir='ltr'><strong>dicitis</strong></span> <span class='ocrx_word' id='word_1_647' title='bbox 1950 4573 2040 4610; x_wconf 89' lang='lat' dir='ltr'><strong>vos</strong></span> <span class='ocrx_word' id='word_1_648' title='bbox 2069 4560 2156 4626; x_wconf 90' lang='lat' dir='ltr'><strong>qui</strong></span> <span class='ocrx_word' id='word_1_649' title='bbox 2199 4558 2354 4609; x_wconf 82' lang='lat' dir='ltr'><strong>fidem</strong></span> <span class='ocrx_word' id='word_1_650' title='bbox 2389 4590 2430 4644; x_wconf 71' lang='grc' dir='ltr'>υ</span> <span class='ocrx_word' id='word_1_651' title='bbox 2455 4573 2490 4623; x_wconf 71' lang='grc' dir='ltr'><strong>ρ</strong></span> 
     </span>
    </p>
   </div>
   <div class='ocr_carea' id='block_1_91' title="bbox 2330 4551 4013 4644">
    <p class='ocr_par' dir='ltr' id='par_1_91' title="bbox 2330 4551 4013 4644">
     <span class='ocr_line' id='line_1_91' title="bbox 2330 4551 4013 4644; baseline -0.002 -36"><span class='ocrx_word' id='word_1_652' title='bbox 2330 4574 2354 4608; x_wconf 84' lang='grc' dir='ltr'><strong>ιι</strong></span> <span class='ocrx_word' id='word_1_653' title='bbox 2389 4590 2430 4644; x_wconf 79' lang='lat' dir='ltr'><strong>D</strong></span> <span class='ocrx_word' id='word_1_654' title='bbox 2455 4557 2600 4623; x_wconf 80' lang='grc' dir='ltr'>ρίων</span> <span class='ocrx_word' id='word_1_655' title='bbox 2633 4557 2728 4608; x_wconf 79' lang='grc' dir='ltr'>καὶ</span> <span class='ocrx_word' id='word_1_656' title='bbox 2763 4554 3022 4621; x_wconf 79' lang='grc' dir='ltr'>ἑρπετῶν</span> <span class='ocrx_word' id='word_1_657' title='bbox 3058 4553 3204 4606; x_wconf 78' lang='grc' dir='ltr'>κατὰ</span> <span class='ocrx_word' id='word_1_658' title='bbox 3259 4551 3446 4621; x_wconf 77' lang='grc' dir='ltr'>γένος.</span> <span class='ocrx_word' id='word_1_659' title='bbox 3490 4551 3552 4601; x_wconf 86' lang='grc' dir='ltr'>Τί</span> <span class='ocrx_word' id='word_1_660' title='bbox 3587 4567 3738 4618; x_wconf 85' lang='grc' dir='ltr'>φατε,</span> <span class='ocrx_word' id='word_1_661' title='bbox 3793 4553 3843 4604; x_wconf 87' lang='grc' dir='ltr'>οἱ</span> <span class='ocrx_word' id='word_1_662' title='bbox 3893 4554 4013 4605; x_wconf 79' lang='grc' dir='ltr'>ἀπι-</span> 
     </span>
    </p>
   </div>
   <div class='ocr_carea' id='block_1_92' title="bbox 809 4645 2358 4715">
    <p class='ocr_par' dir='ltr' id='par_1_92' title="bbox 809 4645 2358 4715">
     <span class='ocr_line' id='line_1_92' title="bbox 809 4645 2358 4715; baseline 0 -15"><span class='ocrx_word' id='word_1_663' title='bbox 809 4665 915 4700; x_wconf 88' lang='lat' dir='ltr'><strong>non</strong></span> <span class='ocrx_word' id='word_1_664' title='bbox 954 4648 1161 4701; x_wconf 89' lang='lat' dir='ltr'><strong>habetis</strong></span> <span class='ocrx_word' id='word_1_665' title='bbox 1190 4645 1374 4704; x_wconf 86' lang='lat' dir='ltr'><strong>Paulo,</strong></span> <span class='ocrx_word' id='word_1_666' title='bbox 1414 4648 1555 4698; x_wconf 88' lang='lat' dir='ltr'><strong>circa</strong></span> <span class='ocrx_word' id='word_1_667' title='bbox 1591 4664 1708 4700; x_wconf 90' lang='lat' dir='ltr'><strong>eam</strong></span> <span class='ocrx_word' id='word_1_668' title='bbox 1739 4663 1856 4715; x_wconf 74' lang='lat' dir='ltr'><strong>qnze</strong></span> <span class='ocrx_word' id='word_1_669' title='bbox 1881 4648 1930 4700; x_wconf 92' lang='lat' dir='ltr'><strong>in</strong></span> <span class='ocrx_word' id='word_1_670' title='bbox 1969 4650 2358 4701; x_wconf 86' lang='lat' dir='ltr'><strong>resurrectione</strong></span> 
     </span>
    </p>
   </div>
   <div class='ocr_carea' id='block_1_93' title="bbox 811 4738 2360 4801">
    <p class='ocr_par' dir='ltr' id='par_1_93' title="bbox 811 4738 2360 4801">
     <span class='ocr_line' id='line_1_93' title="bbox 811 4738 2360 4801; baseline -0.002 -9"><span class='ocrx_word' id='word_1_671' title='bbox 811 4741 903 4792; x_wconf 81' lang='lat' dir='ltr'><strong>flet</strong></span> <span class='ocrx_word' id='word_1_672' title='bbox 946 4738 1318 4801; x_wconf 89' lang='lat' dir='ltr'><strong>mutationem,</strong></span> <span class='ocrx_word' id='word_1_673' title='bbox 1375 4753 1497 4789; x_wconf 79' lang='lat' dir='ltr'><strong>cum</strong></span> <span class='ocrx_word' id='word_1_674' title='bbox 1546 4739 1708 4789; x_wconf 88' lang='lat' dir='ltr'><strong>multa</strong></span> <span class='ocrx_word' id='word_1_675' title='bbox 1769 4740 1912 4792; x_wconf 90' lang='lat' dir='ltr'><strong>aeria</strong></span> <span class='ocrx_word' id='word_1_676' title='bbox 1964 4739 2162 4793; x_wconf 86' lang='lat' dir='ltr'><strong>formas</strong></span> <span class='ocrx_word' id='word_1_677' title='bbox 2212 4756 2360 4794; x_wconf 90' lang='lat' dir='ltr'><strong>com-</strong></span> 
     </span>
    </p>
   </div>
   <div class='ocr_carea' id='block_1_94' title="bbox 809 4829 2361 4895">
    <p class='ocr_par' dir='ltr' id='par_1_94' title="bbox 809 4829 2361 4895">
     <span class='ocr_line' id='line_1_94' title="bbox 809 4829 2361 4895; baseline 0.001 -11"><span class='ocrx_word' id='word_1_678' title='bbox 809 4831 1072 4884; x_wconf 87' lang='lat' dir='ltr'><strong>mutantia</strong></span> <span class='ocrx_word' id='word_1_679' title='bbox 1114 4831 1380 4884; x_wconf 88' lang='lat' dir='ltr'><strong>videatis?</strong></span> <span class='ocrx_word' id='word_1_680' title='bbox 1419 4829 1604 4895; x_wconf 84' lang='lat' dir='ltr'><strong>Qualia</strong></span> <span class='ocrx_word' id='word_1_681' title='bbox 1653 4832 1812 4883; x_wconf 86' lang='lat' dir='ltr'><strong>etiam</strong></span> <span class='ocrx_word' id='word_1_682' title='bbox 1861 4833 1924 4884; x_wconf 92' lang='lat' dir='ltr'><strong>de</strong></span> <span class='ocrx_word' id='word_1_683' title='bbox 1966 4831 2144 4886; x_wconf 89' lang='lat' dir='ltr'><strong>lmlico</strong></span> <span class='ocrx_word' id='word_1_684' title='bbox 2179 4847 2361 4886; x_wconf 88' lang='lat' dir='ltr'><strong>verme</strong></span> 
     </span>
    </p>
   </div>
   <div class='ocr_carea' id='block_1_95' title="bbox 806 4917 2357 4988">
    <p class='ocr_par' dir='ltr' id='par_1_95' title="bbox 806 4917 2357 4988">
     <span class='ocr_line' id='line_1_95' title="bbox 806 4917 2357 4988; baseline -0.001 -13"><span class='ocrx_word' id='word_1_685' title='bbox 806 4921 1086 4988; x_wconf 81' lang='lat' dir='ltr'><strong>cornigero</strong></span> <span class='ocrx_word' id='word_1_686' title='bbox 1137 4930 1442 4982; x_wconf 66' lang='lat' dir='ltr'><strong>narrantur,</strong></span> <span class='ocrx_word' id='word_1_687' title='bbox 1491 4917 1598 4988; x_wconf 82' lang='lat'><strong>79</strong></span> <span class='ocrx_word' id='word_1_688' title='bbox 1643 4921 1730 4986; x_wconf 89' lang='lat' dir='ltr'><strong>qui</strong></span> <span class='ocrx_word' id='word_1_689' title='bbox 1761 4924 1986 4987; x_wconf 82' lang='lat' dir='ltr'><strong>primum</strong></span> <span class='ocrx_word' id='word_1_690' title='bbox 2036 4923 2086 4974; x_wconf 88' lang='lat' dir='ltr'><strong>io</strong></span> <span class='ocrx_word' id='word_1_691' title='bbox 2141 4938 2357 4976; x_wconf 65' lang='lat' dir='ltr'><strong>erucmn</strong></span> 
     </span>
    </p>
   </div>
   <div class='ocr_carea' id='block_1_96' title="bbox 806 5009 2361 5082">
    <p class='ocr_par' dir='ltr' id='par_1_96' title="bbox 806 5009 2361 5082">
     <span class='ocr_line' id='line_1_96' title="bbox 806 5009 2361 5082; baseline 0.01 -33"><span class='ocrx_word' id='word_1_692' title='bbox 806 5021 1222 5072; x_wconf 66' lang='grc' dir='ltr'>ιηηεηιυιειιυε,</span> <span class='ocrx_word' id='word_1_693' title='bbox 1251 5010 1441 5063; x_wconf 55' lang='lat' dir='ltr'><strong>deinde</strong></span> <span class='ocrx_word' id='word_1_694' title='bbox 1474 5009 1729 5077; x_wconf 80' lang='lat' dir='ltr'><strong>temporis</strong></span> <span class='ocrx_word' id='word_1_695' title='bbox 1763 5027 2038 5078; x_wconf 82' lang='lat' dir='ltr'><strong>progressu</strong></span> <span class='ocrx_word' id='word_1_696' title='bbox 2064 5011 2361 5082; x_wconf 67' lang='lat' dir='ltr'><strong>bomhijus</strong></span> 
     </span>
    </p>
   </div>
   <div class='ocr_carea' id='block_1_97' title="bbox 810 5099 2358 5162">
    <p class='ocr_par' dir='ltr' id='par_1_97' title="bbox 810 5099 2358 5162">
     <span class='ocr_line' id='line_1_97' title="bbox 810 5099 2358 5162; baseline 0.004 -6"><span class='ocrx_word' id='word_1_697' title='bbox 810 5107 909 5158; x_wconf 90' lang='lat' dir='ltr'><strong>lit:</strong></span> <span class='ocrx_word' id='word_1_698' title='bbox 945 5117 1042 5156; x_wconf 87' lang='lat' dir='ltr'><strong>nec</strong></span> <span class='ocrx_word' id='word_1_699' title='bbox 1073 5103 1124 5154; x_wconf 93' lang='lat' dir='ltr'><strong>in</strong></span> <span class='ocrx_word' id='word_1_700' title='bbox 1171 5103 1272 5154; x_wconf 88' lang='lat' dir='ltr'><strong>hac</strong></span> <span class='ocrx_word' id='word_1_701' title='bbox 1315 5099 1480 5153; x_wconf 88' lang='lat' dir='ltr'><strong>forma</strong></span> <span class='ocrx_word' id='word_1_702' title='bbox 1528 5111 1731 5162; x_wconf 86' lang='lat' dir='ltr'><strong>manet,</strong></span> <span class='ocrx_word' id='word_1_703' title='bbox 1780 5101 1872 5153; x_wconf 82' lang='lat' dir='ltr'><strong>sed</strong></span> <span class='ocrx_word' id='word_1_704' title='bbox 1921 5101 2068 5158; x_wconf 84' lang='lat' dir='ltr'><strong>laxas</strong></span> <span class='ocrx_word' id='word_1_705' title='bbox 2117 5113 2168 5154; x_wconf 85' lang='lat' dir='ltr'><strong>et</strong></span> <span class='ocrx_word' id='word_1_706' title='bbox 2223 5105 2358 5157; x_wconf 80' lang='lat' dir='ltr'><strong>lalas</strong></span> 
     </span>
    </p>
   </div>
   <div class='ocr_carea' id='block_1_98' title="bbox 809 5192 2357 5263">
    <p class='ocr_par' dir='ltr' id='par_1_98' title="bbox 809 5192 2357 5263">
     <span class='ocr_line' id='line_1_98' title="bbox 809 5192 2357 5263; baseline -0.001 -14"><span class='ocrx_word' id='word_1_707' title='bbox 809 5199 1051 5249; x_wconf 89' lang='lat' dir='ltr'><strong>hracteas</strong></span> <span class='ocrx_word' id='word_1_708' title='bbox 1084 5208 1179 5263; x_wconf 88' lang='lat' dir='ltr'><strong>pro</strong></span> <span class='ocrx_word' id='word_1_709' title='bbox 1225 5192 1322 5245; x_wconf 88' lang='lat' dir='ltr'><strong>alis</strong></span> <span class='ocrx_word' id='word_1_710' title='bbox 1370 5193 1613 5260; x_wconf 85' lang='lat' dir='ltr'><strong>suscipit.</strong></span> <span class='ocrx_word' id='word_1_711' title='bbox 1656 5194 1786 5247; x_wconf 85' lang='lat' dir='ltr'><strong>Cum</strong></span> <span class='ocrx_word' id='word_1_712' title='bbox 1834 5192 1996 5258; x_wconf 75' lang='lat' dir='ltr'><strong>igitur</strong></span> <span class='ocrx_word' id='word_1_713' title='bbox 2031 5210 2123 5247; x_wconf 87' lang='lat' dir='ltr'><strong>vos</strong></span> <span class='ocrx_word' id='word_1_714' title='bbox 2167 5195 2357 5248; x_wconf 86' lang='lat' dir='ltr'><strong>mulie-</strong></span> 
     </span>
    </p>
   </div>
   <div class='ocr_carea' id='block_1_99' title="bbox 809 5284 2357 5349">
    <p class='ocr_par' dir='ltr' id='par_1_99' title="bbox 809 5284 2357 5349">
     <span class='ocr_line' id='line_1_99' title="bbox 809 5284 2357 5349; baseline 0 -11"><span class='ocrx_word' id='word_1_715' title='bbox 809 5288 898 5339; x_wconf 82' lang='lat' dir='ltr'><strong>rés</strong></span> <span class='ocrx_word' id='word_1_716' title='bbox 923 5287 1140 5347; x_wconf 86' lang='lat' dir='ltr'><strong>sedetis,</strong></span> <span class='ocrx_word' id='word_1_717' title='bbox 1171 5284 1358 5337; x_wconf 90' lang='lat' dir='ltr'><strong>horum</strong></span> <span class='ocrx_word' id='word_1_718' title='bbox 1408 5298 1567 5349; x_wconf 90' lang='lat' dir='ltr'><strong>opera</strong></span> <span class='ocrx_word' id='word_1_719' title='bbox 1612 5294 1820 5347; x_wconf 88' lang='lat' dir='ltr'><strong>nentes,</strong></span> <span class='ocrx_word' id='word_1_720' title='bbox 1864 5284 1946 5335; x_wconf 88' lang='lat' dir='ltr'><strong>tila</strong></span> <span class='ocrx_word' id='word_1_721' title='bbox 1992 5285 2195 5338; x_wconf 72' lang='lat' dir='ltr'><strong>scilicet</strong></span> <span class='ocrx_word' id='word_1_722' title='bbox 2236 5286 2357 5338; x_wconf 87' lang='lat' dir='ltr'><strong>dico</strong></span> 
     </span>
    </p>
   </div>
   <div class='ocr_carea' id='block_1_100' title="bbox 806 5375 2356 5447">
    <p class='ocr_par' dir='ltr' id='par_1_100' title="bbox 806 5375 2356 5447">
     <span class='ocr_line' id='line_1_100' title="bbox 806 5375 2356 5447; baseline -0.001 -16"><span class='ocrx_word' id='word_1_723' title='bbox 806 5391 926 5447; x_wconf 72' lang='lat' dir='ltr'><strong>qua:</strong></span> <span class='ocrx_word' id='word_1_724' title='bbox 972 5377 1037 5431; x_wconf 88' lang='lat' dir='ltr'><strong>ad</strong></span> <span class='ocrx_word' id='word_1_725' title='bbox 1080 5393 1174 5430; x_wconf 89' lang='lat' dir='ltr'><strong>vos</strong></span> <span class='ocrx_word' id='word_1_726' title='bbox 1217 5375 1585 5428; x_wconf 88' lang='lat' dir='ltr'><strong>transmittunt</strong></span> <span class='ocrx_word' id='word_1_727' title='bbox 1636 5378 1793 5430; x_wconf 82' lang='lat' dir='ltr'><strong>Seres</strong></span> <span class='ocrx_word' id='word_1_728' title='bbox 1833 5375 1898 5428; x_wconf 88' lang='lat' dir='ltr'><strong>ad</strong></span> <span class='ocrx_word' id='word_1_729' title='bbox 1944 5376 2129 5430; x_wconf 85' lang='lat' dir='ltr'><strong>molles</strong></span> <span class='ocrx_word' id='word_1_730' title='bbox 2183 5387 2356 5430; x_wconf 83' lang='lat' dir='ltr'><strong>vestes</strong></span> 
     </span>
    </p>
   </div>
   <div class='ocr_carea' id='block_1_101' title="bbox 878 5557 2362 5634">
    <p class='ocr_par' dir='ltr' id='par_1_101' title="bbox 878 5557 2362 5634">
     <span class='ocr_line' id='line_1_101' title="bbox 878 5557 2362 5634; baseline -0.005 -15"><span class='ocrx_word' id='word_1_731' title='bbox 878 5561 992 5634; x_wconf 73' lang='lat'><strong>(89)</strong></span> <span class='ocrx_word' id='word_1_732' title='bbox 1019 5560 1116 5634; x_wconf 79' lang='lat' dir='ltr'><strong>Sic</strong></span> <span class='ocrx_word' id='word_1_733' title='bbox 1147 5560 1314 5615; x_wconf 81' lang='lat' dir='ltr'><strong>codex</strong></span> <span class='ocrx_word' id='word_1_734' title='bbox 1364 5557 1606 5634; x_wconf 69' lang='lat' dir='ltr'><strong>Qnmbcf.</strong></span> <span class='ocrx_word' id='word_1_735' title='bbox 1654 5573 1776 5612; x_wconf 89' lang='lat' dir='ltr'><strong>cum</strong></span> <span class='ocrx_word' id='word_1_736' title='bbox 1822 5559 1942 5614; x_wconf 88' lang='lat' dir='ltr'><strong>aliis</strong></span> <span class='ocrx_word' id='word_1_737' title='bbox 1971 5567 2196 5628; x_wconf 84' lang='lat' dir='ltr'><strong>quatuor</strong></span> <span class='ocrx_word' id='word_1_738' title='bbox 2231 5573 2362 5614; x_wconf 87' lang='lat' dir='ltr'><strong>mss.</strong></span> 
     </span>
    </p>
   </div>
   <div class='ocr_carea' id='block_1_102' title="bbox 807 5630 1426 5701">
    <p class='ocr_par' dir='ltr' id='par_1_102' title="bbox 807 5630 1426 5701">
     <span class='ocr_line' id='line_1_102' title="bbox 807 5630 1426 5701; baseline -0.011 -12"><span class='ocrx_word' id='word_1_739' title='bbox 807 5630 1028 5689; x_wconf 65' lang='grc' dir='ltr'>Δι’μάιιὶ</span> <span class='ocrx_word' id='word_1_740' title='bbox 1062 5633 1164 5683; x_wconf 66' lang='grc' dir='ltr'>εἰσὶ</span> <span class='ocrx_word' id='word_1_741' title='bbox 1203 5630 1426 5701; x_wconf 85' lang='grc' dir='ltr'>μακραί.</span> 
     </span>
    </p>
   </div>
   <div class='ocr_carea' id='block_1_103' title="bbox 880 5698 2358 5768">
    <p class='ocr_par' dir='ltr' id='par_1_103' title="bbox 880 5698 2358 5768">
     <span class='ocr_line' id='line_1_103' title="bbox 880 5698 2358 5768; baseline -0.001 -14"><span class='ocrx_word' id='word_1_742' title='bbox 880 5704 988 5768; x_wconf 86' lang='grc'><strong>(90)</strong></span> <span class='ocrx_word' id='word_1_743' title='bbox 1028 5701 1174 5754; x_wconf 79' lang='lat' dir='ltr'><strong>Unus</strong></span> <span class='ocrx_word' id='word_1_744' title='bbox 1207 5698 1620 5766; x_wconf 56' lang='grc' dir='ltr'>ιιιβζέπιλείψει.</span> <span class='ocrx_word' id='word_1_745' title='bbox 1653 5699 1932 5763; x_wconf 80' lang='lat' dir='ltr'><strong>Aliquanto</strong></span> <span class='ocrx_word' id='word_1_746' title='bbox 1963 5710 2074 5764; x_wconf 84' lang='lat' dir='ltr'><strong>post</strong></span> <span class='ocrx_word' id='word_1_747' title='bbox 2107 5715 2236 5753; x_wconf 89' lang='lat' dir='ltr'><strong>mss.</strong></span> <span class='ocrx_word' id='word_1_748' title='bbox 2267 5714 2358 5752; x_wconf 81' lang='lat' dir='ltr'><strong>sex</strong></span> 
     </span>
    </p>
   </div>
   <div class='ocr_carea' id='block_1_104' title="bbox 809 5770 2120 5842">
    <p class='ocr_par' dir='ltr' id='par_1_104' title="bbox 809 5770 2120 5842">
     <span class='ocr_line' id='line_1_104' title="bbox 809 5770 2120 5842; baseline -0.007 -13"><span class='ocrx_word' id='word_1_749' title='bbox 809 5774 964 5834; x_wconf 70' lang='grc' dir='ltr'>καλεῖ</span> <span class='ocrx_word' id='word_1_750' title='bbox 993 5773 1138 5842; x_wconf 77' lang='grc' dir='ltr'>ἡμᾶς</span> <span class='ocrx_word' id='word_1_751' title='bbox 1169 5773 1199 5839; x_wconf 77' lang='grc' dir='ltr'><strong>ἡ</strong></span> <span class='ocrx_word' id='word_1_752' title='bbox 1235 5773 1440 5842; x_wconf 83' lang='grc' dir='ltr'>χέρσος.</span> <span class='ocrx_word' id='word_1_753' title='bbox 1481 5771 1614 5822; x_wconf 70' lang='grc' dir='ltr'><strong>Εειίίὶ</strong></span> <span class='ocrx_word' id='word_1_754' title='bbox 1648 5770 1790 5836; x_wconf 81' lang='grc' dir='ltr'>ἡμᾶς</span> <span class='ocrx_word' id='word_1_755' title='bbox 1819 5771 1850 5838; x_wconf 80' lang='grc' dir='ltr'><strong>ἡ</strong></span> <span class='ocrx_word' id='word_1_756' title='bbox 1883 5770 2120 5837; x_wconf 69' lang='grc' dir='ltr'>ἠπειρος.</span> 
     </span>
    </p>
   </div>
   <div class='ocr_carea' id='block_1_105' title="bbox 886 5790 2354 5914">
    <p class='ocr_par' dir='ltr' id='par_1_105' title="bbox 886 5790 2354 5914">
     <span class='ocr_line' id='line_1_105' title="bbox 886 5790 2120 5894; baseline -0.002 -71"><span class='ocrx_word' id='word_1_757' title='bbox 886 5790 961 5834; x_wconf 71' lang='grc' dir='ltr'>Αει</span> <span class='ocrx_word' id='word_1_758' title='bbox 993 5790 1138 5894; x_wconf 64' lang='grc' dir='ltr'>ημᾶς</span> <span class='ocrx_word' id='word_1_759' title='bbox 1169 5790 1199 5839; x_wconf 77' lang='grc' dir='ltr'><strong>η</strong></span> <span class='ocrx_word' id='word_1_760' title='bbox 1235 5790 1440 5842; x_wconf 77' lang='grc' dir='ltr'>χερσος.</span> <span class='ocrx_word' id='word_1_761' title='bbox 1481 5790 1614 5849; x_wconf 67' lang='lat' dir='ltr'><strong>nutu</strong></span> <span class='ocrx_word' id='word_1_762' title='bbox 1648 5790 1790 5836; x_wconf 82' lang='grc' dir='ltr'>ημας</span> <span class='ocrx_word' id='word_1_763' title='bbox 1819 5790 1850 5838; x_wconf 81' lang='grc' dir='ltr'><strong>η</strong></span> <span class='ocrx_word' id='word_1_764' title='bbox 1883 5790 2120 5837; x_wconf 79' lang='grc' dir='ltr'>ηπειρος.</span> 
     </span>
     <span class='ocr_line' id='line_1_106' title="bbox 886 5839 2354 5914; baseline -0.005 -16"><span class='ocrx_word' id='word_1_765' title='bbox 886 5843 992 5914; x_wconf 76' lang='lat' dir='ltr'><strong>(9i)</strong></span> <span class='ocrx_word' id='word_1_766' title='bbox 1056 5843 1186 5912; x_wconf 72' lang='lat' dir='ltr'><strong>tegii</strong></span> <span class='ocrx_word' id='word_1_767' title='bbox 1227 5843 1436 5902; x_wconf 80' lang='lat' dir='ltr'><strong>tertius,</strong></span> <span class='ocrx_word' id='word_1_768' title='bbox 1478 5848 1693 5911; x_wconf 79' lang='lat' dir='ltr'><strong>quintus</strong></span> <span class='ocrx_word' id='word_1_769' title='bbox 1723 5850 1776 5894; x_wconf 93' lang='lat' dir='ltr'><strong>et</strong></span> <span class='ocrx_word' id='word_1_770' title='bbox 1806 5850 2022 5892; x_wconf 83' lang='lat' dir='ltr'><strong>octavus</strong></span> <span class='ocrx_word' id='word_1_771' title='bbox 2057 5856 2175 5893; x_wconf 67' lang='lat' dir='ltr'><strong>cum</strong></span> <span class='ocrx_word' id='word_1_772' title='bbox 2207 5839 2354 5894; x_wconf 85' lang='lat' dir='ltr'><strong>Colb.</strong></span> 
     </span>
    </p>
   </div>
   <div class='ocr_carea' id='block_1_106' title="bbox 2461 4641 4014 4714">
    <p class='ocr_par' dir='ltr' id='par_1_106' title="bbox 2461 4641 4014 4714">
     <span class='ocr_line' id='line_1_107' title="bbox 2461 4641 4014 4714; baseline -0.002 -15"><span class='ocrx_word' id='word_1_773' title='bbox 2461 4647 2704 4708; x_wconf 76' lang='grc' dir='ltr'>στοῦντες</span> <span class='ocrx_word' id='word_1_774' title='bbox 2739 4646 2812 4714; x_wconf 82' lang='grc' dir='ltr'>τῷ</span> <span class='ocrx_word' id='word_1_775' title='bbox 2855 4645 3047 4714; x_wconf 83' lang='grc' dir='ltr'>Παύλῳ</span> <span class='ocrx_word' id='word_1_776' title='bbox 3082 4646 3203 4714; x_wconf 69' lang='grc' dir='ltr'>περὶ</span> <span class='ocrx_word' id='word_1_777' title='bbox 3246 4644 3344 4711; x_wconf 74' lang='grc' dir='ltr'>τῆς</span> <span class='ocrx_word' id='word_1_778' title='bbox 3395 4641 3534 4692; x_wconf 82' lang='grc' dir='ltr'><strong>κατά</strong></span> <span class='ocrx_word' id='word_1_779' title='bbox 3577 4642 3673 4711; x_wconf 78' lang='grc' dir='ltr'><strong>τὴν</strong></span> <span class='ocrx_word' id='word_1_780' title='bbox 3721 4645 4014 4696; x_wconf 85' lang='grc' dir='ltr'>ἀνάστασιν</span> 
     </span>
    </p>
   </div>
   <div class='ocr_carea' id='block_1_107' title="bbox 2455 4731 4012 4804">
    <p class='ocr_par' dir='ltr' id='par_1_107' title="bbox 2455 4731 4012 4804">
     <span class='ocr_line' id='line_1_108' title="bbox 2455 4731 4012 4804; baseline -0.006 -15"><span class='ocrx_word' id='word_1_781' title='bbox 2455 4736 2804 4796; x_wconf 78' lang='grc' dir='ltr'>ἀλλοιώσεως,</span> <span class='ocrx_word' id='word_1_782' title='bbox 2840 4733 3070 4804; x_wconf 75' lang='grc' dir='ltr'>δρῶντες</span> <span class='ocrx_word' id='word_1_783' title='bbox 3117 4733 3282 4785; x_wconf 71' lang='grc' dir='ltr'>πολλὰ</span> <span class='ocrx_word' id='word_1_784' title='bbox 3312 4731 3417 4784; x_wconf 88' lang='grc' dir='ltr'><strong>τῶν</strong></span> <span class='ocrx_word' id='word_1_785' title='bbox 3450 4733 3644 4801; x_wconf 85' lang='grc' dir='ltr'>ἀερίων</span> <span class='ocrx_word' id='word_1_786' title='bbox 3680 4733 3777 4794; x_wconf 71' lang='grc' dir='ltr'>τὰς</span> <span class='ocrx_word' id='word_1_787' title='bbox 3803 4734 4012 4802; x_wconf 67' lang='grc' dir='ltr'>μορφὰς</span> 
     </span>
    </p>
   </div>
   <div class='ocr_carea' id='block_1_108' title="bbox 2459 4824 4010 4900">
    <p class='ocr_par' dir='ltr' id='par_1_108' title="bbox 2459 4824 4010 4900">
     <span class='ocr_line' id='line_1_109' title="bbox 2459 4824 4010 4900; baseline -0.003 -20"><span class='ocrx_word' id='word_1_788' title='bbox 2459 4826 2885 4900; x_wconf 81' lang='grc' dir='ltr'>μεταδάλλοντα;</span> <span class='ocrx_word' id='word_1_789' title='bbox 2933 4826 3119 4877; x_wconf 83' lang='grc' dir='ltr'>ὐποῖα</span> <span class='ocrx_word' id='word_1_790' title='bbox 3178 4825 3269 4878; x_wconf 74' lang='grc' dir='ltr'><strong>καὶ</strong></span> <span class='ocrx_word' id='word_1_791' title='bbox 3326 4825 3449 4892; x_wconf 79' lang='grc' dir='ltr'>περὶ</span> <span class='ocrx_word' id='word_1_792' title='bbox 3497 4825 3588 4876; x_wconf 78' lang='grc' dir='ltr'><strong>τοῦ</strong></span> <span class='ocrx_word' id='word_1_793' title='bbox 3646 4824 3866 4877; x_wconf 79' lang='grc' dir='ltr'>Ἰνδικοῦ</span> <span class='ocrx_word' id='word_1_794' title='bbox 3905 4825 4010 4894; x_wconf 84' lang='grc'><strong>(91)</strong></span> 
     </span>
    </p>
   </div>
   <div class='ocr_carea' id='block_1_109' title="bbox 2457 4917 4010 4988">
    <p class='ocr_par' dir='ltr' id='par_1_109' title="bbox 2457 4917 4010 4988">
     <span class='ocr_line' id='line_1_110' title="bbox 2457 4917 4010 4988; baseline -0.004 -14"><span class='ocrx_word' id='word_1_795' title='bbox 2457 4921 2732 4988; x_wconf 82' lang='grc' dir='ltr'>σκώληκος</span> <span class='ocrx_word' id='word_1_796' title='bbox 2763 4919 3045 4988; x_wconf 84' lang='grc' dir='ltr'>ἱστορεῖται</span> <span class='ocrx_word' id='word_1_797' title='bbox 3070 4918 3160 4971; x_wconf 77' lang='grc' dir='ltr'>τοῦ</span> <span class='ocrx_word' id='word_1_798' title='bbox 3193 4917 3554 4987; x_wconf 76' lang='grc' dir='ltr'>κερασφόρου·</span> <span class='ocrx_word' id='word_1_799' title='bbox 3579 4917 3656 4980; x_wconf 70' lang='grc' dir='ltr'>ὃς,</span> <span class='ocrx_word' id='word_1_800' title='bbox 3684 4919 3762 4979; x_wconf 79' lang='grc' dir='ltr'>εἰς</span> <span class='ocrx_word' id='word_1_801' title='bbox 3789 4919 4010 4986; x_wconf 72' lang='grc' dir='ltr'>κάμπην</span> 
     </span>
    </p>
   </div>
   <div class='ocr_carea' id='block_1_110' title="bbox 2456 5007 4005 5079">
    <p class='ocr_par' dir='ltr' id='par_1_110' title="bbox 2456 5007 4005 5079">
     <span class='ocr_line' id='line_1_111' title="bbox 2456 5007 4005 5079; baseline 0 -18"><span class='ocrx_word' id='word_1_802' title='bbox 2456 5009 2524 5061; x_wconf 80' lang='grc' dir='ltr'><strong>τά</strong></span> <span class='ocrx_word' id='word_1_803' title='bbox 2549 5010 2739 5079; x_wconf 88' lang='grc' dir='ltr'>πρῶτα</span> <span class='ocrx_word' id='word_1_804' title='bbox 2764 5009 3090 5079; x_wconf 68' lang='grc' dir='ltr'>μεταϐαλὼν,</span> <span class='ocrx_word' id='word_1_805' title='bbox 3113 5007 3228 5061; x_wconf 78' lang='grc' dir='ltr'>εἶτα</span> <span class='ocrx_word' id='word_1_806' title='bbox 3259 5009 3455 5078; x_wconf 84' lang='grc' dir='ltr'>προῖὼν</span> <span class='ocrx_word' id='word_1_807' title='bbox 3479 5009 3761 5078; x_wconf 72' lang='grc' dir='ltr'>βομϐυλιὸς</span> <span class='ocrx_word' id='word_1_808' title='bbox 3789 5007 4005 5074; x_wconf 81' lang='grc' dir='ltr'>γίνεται’</span> 
     </span>
    </p>
   </div>
   <div class='ocr_carea' id='block_1_111' title="bbox 2459 5098 4008 5171">
    <p class='ocr_par' dir='ltr' id='par_1_111' title="bbox 2459 5098 4008 5171">
     <span class='ocr_line' id='line_1_112' title="bbox 2459 5098 4008 5171; baseline -0.002 -16"><span class='ocrx_word' id='word_1_809' title='bbox 2459 5105 2550 5155; x_wconf 72' lang='grc' dir='ltr'><strong>καὶ</strong></span> <span class='ocrx_word' id='word_1_810' title='bbox 2580 5104 2696 5155; x_wconf 77' lang='grc' dir='ltr'>οὑδὲ</span> <span class='ocrx_word' id='word_1_811' title='bbox 2723 5105 2810 5154; x_wconf 76' lang='grc' dir='ltr'><strong>ἐπὶ</strong></span> <span class='ocrx_word' id='word_1_812' title='bbox 2837 5101 3036 5171; x_wconf 86' lang='grc' dir='ltr'>ταύτης</span> <span class='ocrx_word' id='word_1_813' title='bbox 3066 5103 3276 5154; x_wconf 80' lang='grc' dir='ltr'>ἵσταται</span> <span class='ocrx_word' id='word_1_814' title='bbox 3311 5100 3410 5169; x_wconf 79' lang='grc' dir='ltr'><strong>τῆς</strong></span> <span class='ocrx_word' id='word_1_815' title='bbox 3452 5101 3680 5170; x_wconf 77' lang='grc' dir='ltr'>μορφῆς,</span> <span class='ocrx_word' id='word_1_816' title='bbox 3718 5098 3852 5151; x_wconf 84' lang='grc' dir='ltr'><strong>ἀλλά</strong></span> <span class='ocrx_word' id='word_1_817' title='bbox 3881 5101 4008 5170; x_wconf 75' lang='grc' dir='ltr'><strong>χαύ-⁵</strong></span> 
     </span>
    </p>
   </div>
   <div class='ocr_carea' id='block_1_112' title="bbox 2459 5189 4009 5263">
    <p class='ocr_par' dir='ltr' id='par_1_112' title="bbox 2459 5189 4009 5263">
     <span class='ocr_line' id='line_1_113' title="bbox 2459 5189 4009 5263; baseline -0.003 -17"><span class='ocrx_word' id='word_1_818' title='bbox 2459 5213 2566 5258; x_wconf 91' lang='grc' dir='ltr'>νοις</span> <span class='ocrx_word' id='word_1_819' title='bbox 2597 5196 2689 5248; x_wconf 72' lang='grc' dir='ltr'><strong>καὶ</strong></span> <span class='ocrx_word' id='word_1_820' title='bbox 2717 5194 2938 5247; x_wconf 86' lang='grc' dir='ltr'>πλατέσι</span> <span class='ocrx_word' id='word_1_821' title='bbox 2991 5195 3239 5254; x_wconf 85' lang='grc' dir='ltr'>πετάλοις</span> <span class='ocrx_word' id='word_1_822' title='bbox 3283 5192 3695 5263; x_wconf 77' lang='grc' dir='ltr'>ὑποπτερούται.</span> <span class='ocrx_word' id='word_1_823' title='bbox 3734 5192 3899 5246; x_wconf 86' lang='grc' dir='ltr'>Ὅταν</span> <span class='ocrx_word' id='word_1_824' title='bbox 3922 5189 4009 5245; x_wconf 79' lang='grc' dir='ltr'>οὖν</span> 
     </span>
    </p>
   </div>
   <div class='ocr_carea' id='block_1_113' title="bbox 2458 5284 4007 5357">
    <p class='ocr_par' dir='ltr' id='par_1_113' title="bbox 2458 5284 4007 5357">
     <span class='ocr_line' id='line_1_114' title="bbox 2458 5284 4007 5357; baseline -0.003 -17"><span class='ocrx_word' id='word_1_825' title='bbox 2458 5287 2754 5356; x_wconf 77' lang='grc' dir='ltr'>καθέζησθε</span> <span class='ocrx_word' id='word_1_826' title='bbox 2789 5288 2882 5357; x_wconf 75' lang='grc' dir='ltr'><strong>τὴν</strong></span> <span class='ocrx_word' id='word_1_827' title='bbox 2913 5287 3111 5338; x_wconf 86' lang='grc' dir='ltr'>τούτων</span> <span class='ocrx_word' id='word_1_828' title='bbox 3147 5285 3404 5352; x_wconf 74' lang='grc' dir='ltr'>ἐργασίαν</span> <span class='ocrx_word' id='word_1_829' title='bbox 3443 5284 3922 5355; x_wconf 79' lang='grc' dir='ltr'>ἁναπηνιζόμεναι,</span> <span class='ocrx_word' id='word_1_830' title='bbox 3955 5285 4007 5336; x_wconf 88' lang='grc' dir='ltr'>αἱ</span> 
     </span>
    </p>
   </div>
   <div class='ocr_carea' id='block_1_114' title="bbox 2455 5375 4010 5449">
    <p class='ocr_par' dir='ltr' id='par_1_114' title="bbox 2455 5375 4010 5449">
     <span class='ocr_line' id='line_1_115' title="bbox 2455 5375 4010 5449; baseline -0.003 -18"><span class='ocrx_word' id='word_1_831' title='bbox 2455 5382 2725 5449; x_wconf 85' lang='grc' dir='ltr'>γυναῖκες,</span> <span class='ocrx_word' id='word_1_832' title='bbox 2756 5380 2821 5431; x_wconf 80' lang='grc' dir='ltr'><strong>τὰ</strong></span> <span class='ocrx_word' id='word_1_833' title='bbox 2849 5380 3058 5449; x_wconf 82' lang='grc' dir='ltr'>νήματα</span> <span class='ocrx_word' id='word_1_834' title='bbox 3087 5376 3193 5446; x_wconf 71' lang='grc'><strong>(92)</strong></span> <span class='ocrx_word' id='word_1_835' title='bbox 3224 5377 3384 5445; x_wconf 85' lang='grc' dir='ltr'>λέγω,</span> <span class='ocrx_word' id='word_1_836' title='bbox 3411 5377 3444 5430; x_wconf 78' lang='grc' dir='ltr'>ἃ</span> <span class='ocrx_word' id='word_1_837' title='bbox 3476 5375 3777 5446; x_wconf 85' lang='grc' dir='ltr'>πέμπουσιν</span> <span class='ocrx_word' id='word_1_838' title='bbox 3809 5379 3935 5446; x_wconf 89' lang='grc' dir='ltr'>ὑμῖν</span> <span class='ocrx_word' id='word_1_839' title='bbox 3960 5377 4010 5429; x_wconf 84' lang='lat' dir='ltr'><strong>ol.</strong></span> 
     </span>
    </p>
   </div>
   <div class='ocr_carea' id='block_1_115' title="bbox 2469 5559 4006 5616">
    <p class='ocr_par' dir='ltr' id='par_1_115' title="bbox 2469 5559 4006 5616">
     <span class='ocr_line' id='line_1_116' title="bbox 2469 5559 4006 5616; baseline 0.001 -3"><span class='ocrx_word' id='word_1_840' title='bbox 2469 5563 2703 5615; x_wconf 76' lang='lat' dir='ltr'><strong>sec-nodo</strong></span> <span class='ocrx_word' id='word_1_841' title='bbox 2737 5563 2827 5615; x_wconf 84' lang='grc' dir='ltr'>τοῦ</span> <span class='ocrx_word' id='word_1_842' title='bbox 2873 5559 3109 5615; x_wconf 82' lang='grc' dir='ltr'>Ἰνδικοῦ.</span> <span class='ocrx_word' id='word_1_843' title='bbox 3145 5560 3283 5616; x_wconf 86' lang='lat' dir='ltr'><strong>Editi</strong></span> <span class='ocrx_word' id='word_1_844' title='bbox 3314 5579 3432 5616; x_wconf 84' lang='lat' dir='ltr'><strong>cum</strong></span> <span class='ocrx_word' id='word_1_845' title='bbox 3465 5577 3570 5613; x_wconf 88' lang='lat' dir='ltr'><strong>uno</strong></span> <span class='ocrx_word' id='word_1_846' title='bbox 3601 5573 3690 5615; x_wconf 89' lang='lat' dir='ltr'><strong>aut</strong></span> <span class='ocrx_word' id='word_1_847' title='bbox 3713 5562 3881 5614; x_wconf 69' lang='lat' dir='ltr'><strong>altero</strong></span> <span class='ocrx_word' id='word_1_848' title='bbox 3909 5579 4006 5615; x_wconf 75' lang='lat' dir='ltr'><strong>ms.</strong></span> 
     </span>
    </p>
   </div>
   <div class='ocr_carea' id='block_1_116' title="bbox 2465 5631 4006 5698">
    <p class='ocr_par' dir='ltr' id='par_1_116' title="bbox 2465 5631 4006 5698">
     <span class='ocr_line' id='line_1_117' title="bbox 2465 5631 4006 5698; baseline 0.003 -16"><span class='ocrx_word' id='word_1_849' title='bbox 2465 5631 2555 5684; x_wconf 72' lang='grc' dir='ltr'>τοῦ</span> <span class='ocrx_word' id='word_1_850' title='bbox 2585 5633 2763 5685; x_wconf 78' lang='grc' dir='ltr'>Ἰνδοῦ.</span> <span class='ocrx_word' id='word_1_851' title='bbox 2790 5637 2916 5697; x_wconf 59' lang='lat' dir='ltr'><strong>Qut?</strong></span> <span class='ocrx_word' id='word_1_852' title='bbox 2950 5634 3191 5698; x_wconf 66' lang='lat' dir='ltr'><strong>leguntur</strong></span> <span class='ocrx_word' id='word_1_853' title='bbox 3211 5635 3273 5686; x_wconf 87' lang='lat' dir='ltr'><strong>de</strong></span> <span class='ocrx_word' id='word_1_854' title='bbox 3300 5647 3478 5684; x_wconf 75' lang='lat' dir='ltr'><strong>verme</strong></span> <span class='ocrx_word' id='word_1_855' title='bbox 3510 5633 3596 5682; x_wconf 88' lang='lat' dir='ltr'><strong>illo</strong></span> <span class='ocrx_word' id='word_1_856' title='bbox 3624 5635 3758 5697; x_wconf 82' lang='lat' dir='ltr'><strong>apud</strong></span> <span class='ocrx_word' id='word_1_857' title='bbox 3784 5633 4006 5686; x_wconf 83' lang='lat' dir='ltr'><strong>Ambro-</strong></span> 
     </span>
    </p>
   </div>
   <div class='ocr_carea' id='block_1_117' title="bbox 2465 5697 4006 5772">
    <p class='ocr_par' dir='ltr' id='par_1_117' title="bbox 2465 5697 4006 5772">
     <span class='ocr_line' id='line_1_118' title="bbox 2465 5697 4006 5772; baseline 0.003 -23"><span class='ocrx_word' id='word_1_858' title='bbox 2465 5703 2601 5772; x_wconf 67' lang='lat' dir='ltr'><strong>siuttt</strong></span> <span class='ocrx_word' id='word_1_859' title='bbox 2635 5716 2688 5756; x_wconf 90' lang='lat' dir='ltr'><strong>et</strong></span> <span class='ocrx_word' id='word_1_860' title='bbox 2721 5704 2854 5768; x_wconf 89' lang='lat' dir='ltr'><strong>apud</strong></span> <span class='ocrx_word' id='word_1_861' title='bbox 2895 5697 3249 5766; x_wconf 82' lang='lat' dir='ltr'><strong>Eustathium,</strong></span> <span class='ocrx_word' id='word_1_862' title='bbox 3278 5703 3484 5756; x_wconf 86' lang='lat' dir='ltr'><strong>mendis</strong></span> <span class='ocrx_word' id='word_1_863' title='bbox 3509 5717 3610 5754; x_wconf 92' lang='lat' dir='ltr'><strong>non</strong></span> <span class='ocrx_word' id='word_1_864' title='bbox 3643 5715 3848 5758; x_wconf 81' lang='lat' dir='ltr'><strong>carent.</strong></span> <span class='ocrx_word' id='word_1_865' title='bbox 3871 5697 4006 5772; x_wconf 69' lang='lat' dir='ltr'><strong>Lege</strong></span> 
     </span>
    </p>
   </div>
   <div class='ocr_carea' id='block_1_118' title="bbox 2464 5771 2915 5825">
    <p class='ocr_par' dir='ltr' id='par_1_118' title="bbox 2464 5771 2915 5825">
     <span class='ocr_line' id='line_1_119' title="bbox 2464 5771 2915 5825; baseline -0.002 0"><span class='ocrx_word' id='word_1_866' title='bbox 2464 5771 2619 5825; x_wconf 63' lang='lat' dir='ltr'><strong>Pfﬂ&#39;r.</strong></span> <span class='ocrx_word' id='word_1_867' title='bbox 2654 5789 2796 5825; x_wconf 84' lang='lat' dir='ltr'><strong>num.</strong></span> <span class='ocrx_word' id='word_1_868' title='bbox 2828 5772 2915 5824; x_wconf 71' lang='grc'><strong>28.</strong></span> 
     </span>
    </p>
   </div>
   <div class='ocr_carea' id='block_1_119' title="bbox 2535 5839 3659 5912">
    <p class='ocr_par' dir='ltr' id='par_1_119' title="bbox 2535 5839 3659 5912">
     <span class='ocr_line' id='line_1_120' title="bbox 2535 5839 3659 5912; baseline -0.004 -17"><span class='ocrx_word' id='word_1_869' title='bbox 2535 5843 2643 5910; x_wconf 67' lang='grc' dir='ltr'><strong>(θὶμ</strong></span> <span class='ocrx_word' id='word_1_870' title='bbox 2681 5841 2754 5895; x_wconf 84' lang='lat' dir='ltr'><strong>ita</strong></span> <span class='ocrx_word' id='word_1_871' title='bbox 2791 5858 2880 5896; x_wconf 72' lang='lat' dir='ltr'><strong>sex</strong></span> <span class='ocrx_word' id='word_1_872' title='bbox 2924 5855 3049 5895; x_wconf 88' lang='lat' dir='ltr'><strong>mss.</strong></span> <span class='ocrx_word' id='word_1_873' title='bbox 3091 5841 3223 5894; x_wconf 80' lang='lat' dir='ltr'><strong>Editi</strong></span> <span class='ocrx_word' id='word_1_874' title='bbox 3266 5841 3334 5892; x_wconf 79' lang='grc' dir='ltr'>τὰ</span> <span class='ocrx_word' id='word_1_875' title='bbox 3361 5843 3571 5912; x_wconf 78' lang='grc' dir='ltr'>νήματα</span> <span class='ocrx_word' id='word_1_876' title='bbox 3607 5839 3659 5892; x_wconf 78' lang='grc' dir='ltr'><strong>ἀ.</strong></span> 
     </span>
    </p>
   </div>
  </div>
