4262 6510
256 453 362 507 185

1340 446 1630 502 HOMILIA
1669 443 1781 499 Vill
1824 444 1888 497 IN
1935 439 2430 497 llEXAEM-ERON.

3395 419 3494 494 isti

253 569 429 639 Σῆρες
479 567 615 637 πρὸς
670 568 766 638 τὴν
818 568 924 620 τῶν
982 564 1235 636 μαλακῶν
1295 565 1606 635 ἐνδυμάτων
1665 578 1828 615 κατα·
1860 569 1936 625 Αι

1809 590 1828 601 -
1860 569 1907 625 Α
1935 560 2358 620 concinnandas,
2391 566 2501 609 tttttt
2545 552 2792 608 animalis
2847 553 3004 624 hujus
3044 553 3394 614 mutationem
3439 553 3490 607 itt

254 660 476 730 σκευήν,
514 660 853 730 μεμνημέναι
887 659 985 727 τῆς
1029 656 1168 710 κατὰ
1201 657 1260 709 τὸ
1308 656 1446 720 ζῶον
1473 654 1629 708 τοῦτο
1662 671 1829 724 μετα-

253 750 439 819 ϐολῆς,
487 753 686 822 ἐναργῆ
728 751 1029 821 λαμϐάνετε
1075 750 1172 820 τῆς
1219 749 1559 809 ἀναστάσεως
1601 746 1828 807 ἔννοιαν.

256 844 449 915 καὶμὴ
485 846 762 897 ἀπιστεῖτε
797 843 904 912 (95)
947 845 1012 912 τῇ
1047 841 1252 911 ἀλλαγῇ
1292 840 1356 910 ἢν
1396 837 1607 900 Παῦλος
1659 839 1831 891 ἅπασι

257 936 768 1006 κατεπαγγέλλεται.
816 936 974 988 Ἀλλὰ
1020 937 1127 1006 γὰρ
1170 932 1492 1001 αἰσθάνομαι
1531 929 1626 982 τοῦ
1669 930 1830 997 λόγου

254 1029 355 1100 τὴν
402 1027 738 1100 συμμετρίαν
775 1027 1130 1089 έκϐαίνοντος.
1163 1027 1327 1078 Ὅταν
1383 1024 1480 1094 μὲν
1526 1018 1618 1076 οῦν
1656 1021 1831 1074 ἀπίδω

255 1120 392 1188 πρὸς
429 1118 487 1170 τὸ
524 1117 723 1188 πλῆθος
767 1117 875 1170 τῶν
918 1115 1238 1186 εἰρημένων,
1288 1113 1392 1179 ἔξω
1441 1114 1673 1183 ἐμαυτὸν
1719 1109 1831 1180 ὁρῶ

251 1209 349 1262 τοῦ
398 1210 592 1280 μέτρου
630 1210 957 1282 φερόμενονο
1000 1209 1124 1259 ὅταν
1156 1206 1212 1259 δὲ
1249 1206 1409 1259 πάλιν
1449 1206 1580 1277 πρὸς
1617 1205 1675 1258 τὸ
1711 1220 1829 1256 ποι-

254 1302 405 1354 κίλον
432 1301 526 1371 τῆς
559 1301 615 1354 ὲν
644 1304 753 1363 τοῖς
797 1299 1238 1370 δημιουργήμασι
1279 1297 1468 1367 σοφίας
1517 1295 1825 1364 ἀποϐλέψω,

253 1392 374 1443 οὑδὲ
403 1388 598 1461 ἦρχθαι
633 1390 833 1460 νομίζω
877 1391 974 1459 τῆς
1022 1388 1343 1459 διηγήσεως.
1380 1386 1617 1456 ’Ἅμα-δὲ
1646 1387 1739 1438 καὶ
1769 1386 1829 1438 τὸ

257 1485 653 1554 παρακατέχειν
682 1483 823 1552 ὑμᾶς
853 1481 943 1533 ἐπὶ
970 1480 1148 1532 πλεῖον
1175 1480 1273 1532 οὑκ
1303 1479 1591 1549 ἄχρηστον.
1624 1476 1686 1528 Τί
1720 1476 1827 1547 γὰρ

253 1575 320 1628 ἄν
349 1592 434 1637 τις
481 1575 574 1628 καὶ
614 1576 754 1625 ποιοῖ
795 1572 884 1626 τὸν
944 1573 1105 1643 μέχρι
1161 1573 1257 1641 τῆς
1310 1570 1547 1640 ἑσπέρας
1594 1567 1824 1638 χρόνον;

251 1667 365 1719 Οὑκ
394 1666 696 1733 ἐπείγουσιν
743 1664 886 1734 ὑμᾶς
932 1665 982 1715 oi
1026 1665 1377 1732 ἑστιάτορες·
1424 1661 1522 1712 οὑκ
1570 1659 1826 1729 ἀναμένει

251 1740 505 1827 ὑμᾶς’τὰ
555 1756 849 1827 συμπόσια.
883 1755 1066 1818 Ὅθεν,
1118 1756 1166 1806 εἰ
1204 1754 1381 1815 δοκεῖ,
1419 1755 1484 1821 τῇ
1538 1752 1823 1820 σωματικῇ

250 1847 474 1917 νηστεία
507 1848 586 1910 είς
619 1847 714 1916 τὴν
739 1846 844 1900 τῶν
884 1846 1070 1916 ψυχῶν
1115 1843 1451 1914 εὐφροσύνην
1502 1840 1826 1912 ἀποχρησώ-

255 1939 413 2010 μεθα.
464 1939 728 2004 Πολλάκις
781 1940 1129 2009 ὑπηρετήσας
1180 1939 1244 2006 τῇ
1302 1936 1465 2007 σαρκὶ
1517 1936 1651 2006 πρὸς
1696 1933 1938 1992 ἀπό-ἰδ’

1579 1936 1651 1997 >ὸς
1696 1933 2051 1992 ἀπό-Βνὶειί
2121 1935 2275 1990 carni
2350 1934 2416 1988 ad
2501 1934 2830 2003 voluptatem
2891 1934 3262 2003 capiendam:

249 2030 460 2094 λαυσιν,
493 2032 727 2102 σήμερον
753 2035 817 2101 τῇ
854 2031 1098 2101 διακονίᾳ
1133 2029 1466 2098 παράμεινον
1499 2029 1597 2098 τῆς
1625 2028 1819 2098 ψυχῆς.

248 2125 722 2192 Κατατρύφησον
757 2121 862 2175 τοῦ
893 2124 1129 2190 Κυρίου,
1161 2119 1258 2172 καὶ
1291 2119 1466 2173 δώσει
1499 2120 1606 2190 (94)
1633 2136 1728 2173 σοι
1754 2121 1824 2174 τὰ

249 2213 541 2283 αἰτήματα
570 2212 678 2280 τῆς
703 2212 945 2280 καρδίας
968 2229 1104 2265 σου.
1133 2211 1194 2264 Ei
1220 2209 1568 2279 φιλόπλουτος
1595 2205 1663 2272 εί,
1683 2209 1823 2279 ἔχεις

248 2305 481 2359 πλοῦτον
518 2305 903 2375 πνευματικόν·
947 2305 1022 2357 Τὰ
1052 2304 1302 2371 κρίματα
1328 2302 1547 2369 Κυρίου
1583 2301 1651 2352 τὰ
1678 2302 1822 2365 ἀλη-

245 2397 402 2462 θινὰ,
458 2398 529 2452 τὰ
571 2397 991 2466 δεδικαιωμένα
1035 2393 1378 2453 ἐπιτοαυτὸ,
1416 2393 1487 2444 τὰ
1540 2392 1822 2458 ἐπιθυμη-

246 2487 322 2541 τὰ
357 2486 467 2557 (95)
499 2487 649 2556 ὑπὲρ
671 2488 927 2556 χρυσίον
958 2485 1053 2538 καὶ
1088 2486 1257 2538 λίθον
1283 2483 1476 2550 τίμιον
1499 2483 1713 2535 πολύν.
1755 2482 1819 2534 Ei

246 2578 642 2640 ἀπολαυστικὸς
672 2579 764 2630 καὶ
795 2577 1088 2646 φιλήδονος,
1113 2575 1255 2645 ἔχεις
1278 2575 1345 2627 τὰ
1373 2575 1528 2644 λόγια
1559 2575 1652 2628 τοῦ
1685 2575 1819 2629 Θεοῦ

245 2669 325 2737 τῷ
350 2668 446 2738 τὴν
477 2665 846 2736 πνευματικὴν
875 2665 1126 2735 αἴσθησιν
1159 2665 1453 2737 ἐρρωμένῳ
1491 2667 1822 2735 γλυκύτερα

247 2757 396 2811 ὄντα
420 2757 568 2825 ὑπὲρ
597 2757 735 2826 μέλι
779 2759 874 2812 καὶ
907 2759 1133 2826 κηρίον.
1171 2758 1292 2812 Ἐάν
1329 2759 1470 2828 ὑμᾶς
1501 2756 1697 2823 διαφῶ,
1726 2756 1820 2808 καὶ

246 2848 481 2901 διαλύσω
505 2849 594 2901 τὸν
627 2848 900 2918 σύλλογον,
937 2852 983 2902 οί
1022 2850 1119 2920 μὲν
1167 2850 1259 2902 ἐπὶ
1297 2851 1422 2913 τοῦς
1462 2848 1659 2910 κύϐους
1691 2847 1820 2917 δρα-

251 2939 473 3009 μοῦνται
509 2940 638 3010 (96).
666 2941 855 3010 Ὅρκοι
889 2941 1023 3004 ἐκεῖ,
1069 2939 1163 2992 καὶ
1218 2937 1536 3007 φιλονεικίαι
1565 2935 1815 3005 χαλεπαὶ,

247 3033 343 3084 καὶ
388 3033 818 3102 φιλοχρηματίας
868 3033 1072 3096 ὠδῖνες.
1099 3031 1316 3100 Δαίμων
1369 3028 1702 3098 παρέστηκε,
1733 3026 1819 3080 διὰ

245 3124 355 3176 τῶν
395 3124 830 3194 κατεστιγμένων
851 3125 1050 3177 ὀστέων
1077 3123 1173 3193 τὴν
1205 3121 1398 3192 μανίαν
1427 3120 1694 3183 ἐξάπτων,
1725 3120 1819 3174 καὶ

245 3213 317 3266 τὰ
346 3213 483 3266 αὑτὰ
529 3216 786 3285 χρήματα
822 3215 954 3285 πρὸς
986 3215 1242 3282 ἑκάτερον
1281 3211 1442 3282 μέρος
1488 3210 1814 3280 μετατιθεὶς,

1935 650 2250 704 memoriam
2322 658 2661 711 revocantes,
2735 645 3074 700 manifestam
3134 645 3494 700 resurrectio-

1934 741 2018 795 nis
2050 742 2320 795 notionem
2368 739 2668 808 accipiatis,
2705 752 2875 807 neque
2914 739 3072 792 Iidem
3114 737 3164 791 ei
3206 737 3492 791 mutationi

1932 848 2091 901 quam
2156 831 2352 886 Paulus
2410 830 2660 901 onmibus
2705 833 3009 892 annuntiat,
3061 830 3359 898 denegatis.
3400 831 3495 882 At-

1931 925 2020 992 qui
2075 925 2378 978 orationetn
2432 938 2606 977 meam
2659 923 2873 976 modum
2925 921 3184 977 excedere
3244 922 3491 976 adverto.

1933 1017 2064 1072 Cum
2099 1017 2261 1085 igitur
2282 1017 2346 1069 ad
2382 1031 2568 1071 eorum
2598 1031 2718 1085 qua
2757 1015 2895 1070 dicta
2944 1023 3068 1068 sunt
3113 1015 3318 1083 copiam
3368 1030 3494 1069 ocu-

1931 1107 2011 1161 los
2042 1107 2291 1174 conjicio,
2323 1105 2458 1159 ultra
2494 1105 2626 1161 lines
2675 1114 2730 1161 et
2769 1106 2980 1159 modum
3006 1104 3133 1158 ferri
3177 1121 3262 1160 me
3301 1105 3488 1163 video:

1931 1214 2052 1252 cum
2093 1207 2270 1252 autem
2310 1197 2505 1250 iterum
2547 1196 2612 1250 ad
2641 1197 2920 1264 sapientia:
2959 1196 3011 1249 in
3042 1197 3271 1264 upiliciis
3309 1196 3489 1265 splen-

1931 1290 2199 1345 descentis
2255 1289 2577 1344 varietatem
2624 1287 2873 1356 respicio,
2930 1301 2996 1341 ne
3047 1287 3330 1356 incmpisse
3372 1288 3494 1358 qui-

1931 1383 2049 1434 dem
2100 1381 2467 1434 narrationem
2519 1378 2778 1432 arbitror.
2840 1379 3016 1447 Atquc
3073 1379 3233 1432 etiam
3292 1378 3495 1433 diutius

1928 1471 2168 1526 detinere
2225 1486 2318 1525 vos
2375 1487 2481 1527 non
2529 1471 2692 1526 fuerit
2736 1469 2941 1524 inutile.
2991 1469 3127 1536 Quid
3178 1471 3319 1525 enim
3373 1472 3495 1540 quis

1926 1566 1992 1616 ab
2025 1564 2126 1618 hoc
2157 1574 2396 1633 tempore
2424 1566 2489 1618 ad
2529 1579 2701 1634 usque
2738 1578 3018 1632 vesperam
3059 1563 3236 1618 facere
3284 1563 3496 1632 possit?

1929 1654 2035 1710 Vos
2078 1670 2182 1710 non
2238 1665 2430 1725 urgent
2468 1658 2868 1718 convivatores,
2923 1671 3025 1708 non
3074 1671 3165 1709 vos
3221 1665 3496 1725 compotm

1930 1749 2105 1803 tiones
2133 1758 2468 1816 exspectant.
2501 1747 2674 1813 Unde,
2707 1747 2753 1802 si
2784 1749 3012 1809 videtur,
3050 1747 3315 1818 corporali
3350 1748 3492 1818 jeju-

1929 1843 2020 1897 nio
2060 1843 2126 1896 ad
2166 1841 2549 1896 exhilarandas
2596 1842 2803 1896 animas
2847 1849 3080 1896 utemur.
3127 1841 3278 1911 δίκερε
3332 1843 3494 1898 inser-

3337 1936 3495 1991 hodie

1924 2023 2118 2078 anima:
2149 2024 2357 2078 servire
2392 2038 2694 2093 persevera.
2745 2023 3008 2079 Delectare
3053 2026 3104 2079 in
3152 2024 3397 2090 Domino,
3446 2036 3494 2080 et

1924 2116 2065 2168 dabit
2101 2116 2192 2168 tibi
2231 2116 2504 2185 petitiones
2547 2116 2719 2169 cordis
2747 2116 2822 2168 tui
2853 2118 2896 2170 ⁷.
2933 2116 2988 2170 Si
3039 2117 3346 2172 divitiarum
3381 2129 3493 2172 stu-

1925 2208 2110 2263 diosus
2153 2223 2237 2272 es,
2291 2208 2459 2262 habes
2510 2207 2727 2262 divitias
2756 2208 3101 2278 spirituales:
3132 2209 3348 2264 Iudicia
3385 2210 3494 2265 Do-

1927 2299 2058 2350 mini
2083 2316 2223 2361 vera,
2249 2299 2545 2368 justi/icata
2575 2299 2629 2351 in
2675 2299 2900 2366 idipsum
2924 2316 2943 2354 .'
2987 2301 3360 2356 desiderabilia
3404 2319 3494 2356 su-

1919 2404 2015 2455 per
2049 2405 2239 2443 aurum
2280 2401 2326 2443 et
2372 2391 2596 2459 lapidem
2635 2391 2916 2457 pretiosum
2944 2393 3168 2446 multum
3196 2395 3237 2450 ⁸.
3274 2395 3329 2450 Si
3360 2396 3494 2451 doli-

1925 2479 2029 2534 ciis
2074 2483 2282 2537 deditus
2325 2497 2404 2545 es,
2452 2493 2506 2538 et
2547 2482 2839 2553 voluptatis
2879 2499 3066 2538 amans
3102 2499 3114 2536 :
3158 2485 3249 2538 tibi
3295 2497 3492 2554 praesto

1926 2583 2052 2626 sunt
2083 2573 2174 2628 Dei
2213 2575 2449 2643 eloquia,
2497 2590 2616 2644 quae
2662 2577 2776 2629 viro
2819 2576 3126 2643 Spiritnales
3167 2592 3360 2632 sensus
3401 2594 3490 2633 sa-

1920 2677 2018 2718 nos
2069 2663 2286 2718 habenti
2342 2665 2582 2718 dulciora
2651 2675 2775 2718 sunt
2822 2683 2976 2734 super
3021 2667 3121 2721 mel
3159 2677 3208 2722 et
3243 2668 3417 2737 [avum
3448 2671 3490 2725 '.

1920 2754 1977 2809 Si
2034 2755 2288 2809 dimisero
2341 2771 2458 2820 vos,
2510 2770 2572 2810 ac
2628 2757 2942 2810 concionem
2999 2759 3316 2824 dissolvcro,
3369 2772 3492 2816 sunt

1918 2845 2008 2914 qui
2034 2847 2098 2900 ad
2127 2854 2360 2902 tesseras
2393 2855 2633 2902 current.
2659 2846 2972 2902 Juramenta
3014 2861 3138 2904 sunt
3181 2851 3312 2915 illic,
3365 2868 3489 2922 gra-

1917 2953 2116 3008 vesque
2170 2940 2564 3005 contentiones,
2621 2951 2677 2996 et
2733 2941 2975 2996 avaritia:
3035 2943 3258 2998 stimuli.
3334 2947 3490 3000 Astat

1919 3031 2124 3088 daemon
2179 3048 2276 3102 per
2332 3049 2454 3089 ossa
2505 3045 2826 3104 compuncta
2878 3035 3117 3091 furorem
3163 3039 3487 3105 accendens,

1923 3132 1979 3178 et
2011 3125 2226 3179 easdem
2261 3125 2519 3195 pecunias
2560 3128 2627 3180 ad
2675 3139 2966 3196 utramque
3010 3137 3215 3197 partem
3255 3131 3488 3186 transic-

1919 3230 2064 3270 rens.
2094 3215 2250 3271 Modo
2296 3218 2450 3272 eil‘ert
2494 3219 2637 3272 hunc
2692 3220 2941 3284 victoria,
2989 3220 3148 3275 modo
3196 3220 3268 3275 illi
3320 3224 3490 3278 tristi-

244 3306 342 3360 νῦν
389 3306 575 3359 τοῦτον
627 3306 864 3374 ὲπαίρων
909 3308 972 3374 τῇ
1022 3304 1175 3376 νίκῃ,
1234 3303 1466 3372 κάκείνῳ
1518 3291 1927 3374 κατήφειανοι

1803 3320 1818 3355 ρ
1844 3291 1890 3355 C
1921 3308 2047 3362 tiam
2074 3320 2260 3373 creat;
2298 3324 2485 3364 rursus
2510 3320 2688 3363 autem
2718 3309 2864 3364 illum
2895 3313 3320 3382 superbientem,
3345 3316 3486 3372 hunc

246 3398 509 3467 ἐμποιῶν,
541 3396 700 3449 πάλιν
750 3395 804 3447 δὲ
852 3397 1055 3447 ἐκεῖνον
1102 3394 1409 3466 γαυριῶντα
1449 3395 1682 3457 δεικνὺς,
1727 3395 1818 3448 καὶ

243 3487 433 3541 τοῦτον
467 3485 913 3558 κατῃσχυμμένον
941 3485 1072 3556 (97).
1107 3485 1170 3537 Τί
1201 3484 1390 3554 ὄφελος
1429 3484 1709 3555 νηστεύειν
1740 3485 1818 3555 τῷ

247 3578 480 3648 σώματι,
509 3577 604 3648 τὴν
637 3576 692 3628 δὲ
727 3576 902 3648 ψυχὴν
935 3577 1139 3649 μυρίων
1175 3575 1358 3629 κακῶν
1397 3574 1814 3646 ὲμπεπλῆσθαι;

257 3671 317 3723 '0
346 3671 421 3740 μὴ
446 3668 710 3733 κυϐεύων,
742 3670 935 3740 σχολήν
961 3670 1015 3723 δὲ
1047 3668 1219 3731 ἄλλως
1255 3668 1421 3736 ἄγων,
1458 3667 1510 3719 τί
1546 3668 1606 3719 οὑ
1655 3667 1817 3735 φθέγ-

241 3778 399 3830 γεται
441 3760 547 3813 τῶν
583 3762 860 3831 ματαίων;
910 3760 962 3812 τί
1000 3760 1098 3811 οὑκ
1152 3757 1337 3811 ἀκούει
1387 3757 1495 3809 τῶν
1557 3757 1812 3819 ἀτόπων;

241 3853 415 3924 Σχολὴ
436 3855 544 3928 γάρ
572 3856 696 3909 ἄνευ
721 3853 880 3922 φόϐου
911 3852 1043 3906 Θεοῦ
1073 3851 1333 3922 πονηρίας
1359 3849 1674 3912 διδάσκαλος
1703 3852 1813 3914 τοῖς

241 3947 659 4018 ἀκαιρουμένοις
697 3943 831 3995 ἐστὶ.
868 3945 1020 4013 Τάχα
1071 3943 1167 4012 μὲν
1207 3939 1299 3996 οὖν
1327 3960 1379 3994 τι
1411 3941 1504 3994 καὶ
1540 3941 1728 4011 ὄφελος
1757 3944 1815 3996 ὲν

238 4039 354 4100 τοῖς
387 4036 695 4105 λεγομένοις
722 4036 1009 4106 εὑρήσεται
1038 4036 1176 4104 (98)⁹
1206 4037 1251 4088 εί
1279 4037 1334 4089 δὲ
1371 4036 1467 4107 μὴ,
1496 4036 1629 4089 ἀλλὰ
1660 4037 1722 4090 τό
1750 4054 1813 4106 γε

241 4129 317 4198 μὴ
365 4127 694 4197 ἁμαρτάνειν
743 4127 806 4180 ὲκ
851 4126 948 4197 τῆς
994 4125 1226 4178 ἐνταῦθα
1267 4127 1394 4196 ὑμῖν
1441 4127 1692 4196 ἀσχολίας
1720 4144 1814 4180 πε-

241 4220 464 4290 ρίεστιν.
493 4218 655 4272 Ὥστε
685 4218 745 4271 τὸ
775 4219 864 4271 ἐπὶ
883 4219 1044 4272 πλέον
1066 4219 1337 4290 κατέχειν,
1363 4221 1454 4272 ἐπὶ
1484 4219 1642 4272 πλέον
1667 4220 1813 4272 ἐστὶν

238 4312 384 4381 ὑμᾶς
405 4312 510 4364 τῶν
534 4313 716 4365 κακῶν
740 4311 1047 4379 ὑπεξάγειν.
1088 4312 1267 4364 Ἱκανὰ
1293 4312 1431 4383 [καὶ]
1461 4312 1527 4364 τὰ
1549 4314 1667 4384 είρη
1678 4314 1812 4383 μένα

235 4401 538 4472 εὐγνώμονι
569 4405 747 4473 κριτῇ,
784 4402 878 4454 ἐὰν
923 4403 994 4472 μή
1036 4419 1119 4466 τις
1168 4403 1302 4473 πρὸς
1333 4403 1424 4454 τὸν
1463 4401 1685 4455 πλοῦτον
1714 4403 1811 4472 τῆς

236 4493 468 4555 κτίσεως
490 4494 789 4564 ἀποϐλέπῃ,
812 4493 947 4546 ἀλλὰ
976 4494 1110 4563 πρὸς
1138 4495 1196 4545 τὸ
1230 4495 1326 4564 τῆς
1355 4494 1520 4564 ήμετὲ
1532 4511 1626 4564 ρας
1653 4495 1810 4547 δυνά-

236 4599 384 4656 μεως
418 4584 658 4647 ἀσθενὲς,
696 4586 788 4637 καὶ
820 4584 954 4655 πρὸς
980 4584 1040 4636 τὸ
1071 4581 1342 4651 αὑταρκες
1371 4586 1450 4646 εἰς
1471 4585 1807 4654 εὐφροσύνην

1918 3416 2048 3456 vero
2099 3403 2507 3457 erubescentem
2559 3402 2754 3457 reddit.
2810 3403 2946 3470 Quid
2995 3407 3233 3475 prodest,
3282 3421 3486 3476 quaeso,

1917 3508 2144 3560 corpore
2189 3493 2456 3562 ieiunare,
2499 3496 2733 3548 animam
2792 3509 2920 3548 vero
2967 3496 3268 3551 innumeris
3325 3498 3485 3553 malis

1921 3584 2171 3638 refertam
2214 3585 2377 3640 esse?
2416 3587 2514 3651 Qui
2558 3601 2686 3641 vero
2734 3586 2950 3641 tesseris
2993 3601 3098 3639 non
3143 3587 3295 3649 ludit,
3345 3587 3481 3641 alias

1916 3685 2094 3728 autem
2137 3678 2304 3730 otium
2344 3678 2471 3745 agit,
2522 3676 2648 3743 quid
2695 3692 2801 3731 non
2852 3675 3094 3747 loquitur
3138 3679 3307 3732 vani?
3350 3679 3480 3748 quid

1916 3766 2135 3820 absurdi
2203 3783 2308 3822 non
2367 3769 2674 3824 auscultat?
2728 3769 2861 3825 Nam
2912 3773 3105 3836 otium,
3151 3771 3246 3826 Dei
3288 3773 3483 3828 timore

1914 3855 2250 3922 destitutum,
2275 3858 2364 3928 iis,
2410 3862 2500 3929 qui
2543 3871 2782 3930 tempore
2818 3862 2894 3916 uti
2944 3876 3048 3916 non
3097 3873 3314 3930 norunt,
3368 3879 3480 3917 ma-

1915 3949 2082 4018 gister
2109 3960 2194 4003 est
2222 3951 2524 4019 pravitatis.
2562 3950 2832 4006 Fortassis
2883 3952 3044 4021 igitur
3092 3952 3268 4017 aliqua
3315 3954 3476 4006 etiam

1917 4041 2125 4095 utilitas
2164 4056 2230 4094 ex
2261 4041 2327 4095 iis
2360 4057 2478 4110 qua:
2504 4044 2777 4108 dicuntur,
2811 4043 3149 4112 percipienda
3174 4043 3326 4098 vobis
3355 4055 3436 4099 est
3462 4062 3476 4098 :

1915 4131 1997 4185 sin
2027 4132 2226 4196 minus,
2255 4130 2446 4186 saltem
2479 4131 2604 4188 licet
2640 4133 2792 4185 vobis
2826 4146 2921 4199 per
2956 4143 3275 4198 praesentem
3318 4150 3478 4186 occu-

1912 4221 2179 4288 pationem
2210 4236 2312 4277 non
2352 4237 2598 4292 peccare.
2636 4222 2813 4288 Quare
2847 4223 3047 4277 diutius
3075 4238 3168 4278 vos
3213 4225 3475 4285 detinere.

1911 4322 1996 4366 εει
2020 4313 2221 4368 diutius
2252 4328 2342 4369 vos
2393 4330 2422 4368 a
2476 4315 2685 4369 delictis
2728 4331 2999 4372 amovere.
3050 4319 3306 4371 Attamen
3356 4331 3474 4385 qua:

1913 4417 2208 4460 memorata
2266 4417 2412 4471 sunt,
2473 4409 2607 4463 satis
2661 4421 2785 4464 sunt
2831 4425 2985 4478 :equo
3039 4410 3371 4469 mstimatori,
3429 4409 3474 4462 si

1915 4498 2078 4550 modo
2111 4512 2218 4550 non
2251 4499 2507 4568 respiciat
2534 4500 2655 4570 quis
2683 4502 2748 4554 ad
2781 4499 2996 4553 divitias
3019 4501 3328 4567 creationis,
3380 4503 3474 4556 sed

1911 4586 1975 4639 ad
2019 4599 2325 4641 nostrarum
2375 4591 2570 4643 virium
2611 4588 3054 4652 imbecillitatem,
3085 4601 3139 4645 et
3170 4591 3236 4644 ad
3262 4606 3324 4646 ea
3355 4606 3475 4660 qua:

231 4641 344 4728 τῶν
365 4641 826 4746 συνεληλυθότων.
865 4641 949 4728 δή
974 4677 1045 4746 γῆ
1093 4641 1236 4745 ὑμᾶς
1275 4641 1395 4737 ταῖς
1426 4641 1649 4738 οἰκείάις
1681 4641 1805 4745 βλά-
1838 4641 1881 4696 D

1785 4707 1805 4716 -
1838 4641 1881 4696 Β
1914 4677 2204 4746 voluptatis
2262 4695 2392 4748 ergo
2452 4679 2893 4735 convenientibus
2936 4680 3182 4735 sullicere
3228 4691 3468 4751 possunt.

233 4784 391 4830 σταις
427 4769 534 4838 (99)
578 4766 926 4832 ἐδεξιώσατο·
985 4769 1016 4837 ἡ
1075 4768 1316 4821 Θάλασσα
1368 4771 1479 4831 τοῖς
1524 4769 1746 4838 ἰχθύσιν,
1777 4771 1805 4821 ὁ

231 4861 344 4932 ἀὴρ
371 4865 478 4925 τοῖς
509 4865 744 4933 πτηνοῖς.
785 4861 1004 4931 Ἐτοίμη
1041 4862 1072 4930 ή
1103 4861 1294 4930 χέρσος
1336 4860 1572 4931 ὁμότιμα
1599 4861 1802 4924 τούτοις

230 4954 720 5020 ἀντεπιδείξασθαι.
766 4953 922 5006 Ἀλλὰ
956 4952 1112 5005 τοῦτο
1147 4951 1341 5022 μέτρον
1372 4953 1508 5004 έστω
1530 4954 1624 5022 τῆς
1650 4952 1802 5004 ἑωθι-

311 5066 332 5098 ⁷
357 5063 496 5118 Psal.
526 5080 710 5127 xxxvi,
744 5065 795 5116 4.
870 5063 890 5094 ⁸
921 5061 1058 5116 Psal.
1092 5077 1245 5124 xvm,
1277 5062 1361 5116 10.
1437 5064 1456 5093 ⁹
1500 5061 1627 5116 ibid.
1672 5061 1753 5119 11.

304 5179 412 5250 (95)
454 5179 694 5244 Quatuor
727 5196 858 5234 mss.
904 5180 997 5232 καὶ
1026 5179 1125 5250 ,μὴ
1178 5179 1464 5250 ἀπιστῆτε.
1504 5179 1642 5233 Editi
1676 5196 1797 5234 cum

231 5264 341 5302 uno
376 5259 466 5320 aut
489 5250 676 5320 faltero
723 5265 820 5300 ms.
853 5251 946 5302 καὶ
978 5249 1050 5320 μή
1081 5252 1379 5304 ἀπιστεῖτε.
1416 5249 1533 5302 Mox
1563 5262 1800 5317 quatuor

233 5333 366 5372 mss.
399 5318 605 5382 Παῦλος
637 5319 791 5371 πᾶσι.
827 5318 1119 5373 Ειιὶιίριιιη
1155 5321 1284 5382 iieg.
1316 5321 1504 5387 quinto
1533 5321 1718 5373 άπασι.

303 5387 416 5508 (94(
453 5389 523 5439 Ita
563 5391 708 5457 Regii
748 5389 951 5458 primus
977 5401 1031 5443 et
1053 5399 1234 5444 se‘xltts
1267 5398 1319 5442 et
1350 5390 1496 5444 Colb.
1530 5393 1797 5446 secundus

306 5474 354 5508 m
413 5457 550 5508 .XX.
584 5458 724 5508 Editi
774 5475 899 5508 vero
943 5475 1063 5508 cum
1101 5459 1277 5508 Regiis
1309 5463 1468 5508 tertio
1505 5473 1559 5508 et
1610 5472 1797 5508 uctavn

230 5474 354 5512 cum
391 5457 550 5510 LXX.
584 5458 724 5512 Editi
750 5457 899 5510 ivero
943 5475 1063 5512 cum
1101 5459 1277 5526 Regiis
1309 5463 1468 5513 tertio
1505 5473 1559 5512 et
1610 5472 1797 5516 octavo

227 5531 325 5611 ita}.
356 5526 464 5611 δῴη
505 5544 607 5579 σοι.
641 5528 770 5600 Reg.
800 5530 1018 5598 quintus
1042 5531 1456 5598 κατατρύφησον
1474 5529 1552 5602 τῷ
1583 5531 1793 5603 Κυρίῳ,

229 5601 324 5652 καὶ
356 5600 515 5651 δώσει
550 5614 662 5650 σου.

303 5670 414 5734 (95)
451 5671 540 5739 Sic
573 5667 732 5720 ambo
761 5670 892 5739 Duc.
922 5676 975 5721 et
1004 5669 1090 5721 alii
1119 5679 1351 5739 quatuor
1373 5685 1492 5722 cum
1527 5669 1688 5724 LXX.
1724 5673 1794 5724 At.

229 5740 356 5791 e-liti
408 5738 794 5808 ὲπιθυμητικά.
840 5739 959 5793 Mox
1007 5738 1144 5792 editi
1184 5741 1577 5802 ἀπολαυστικός
1629 5759 1710 5804 τις
1744 5740 1796 5796 εἷ

231 5810 344 5864 καί.
381 5809 493 5867 Illa,
525 5805 606 5872 τις
637 5805 706 5874 εἳ,
736 5811 1003 5863 dcsuntin
1041 5824 1130 5862 sex
1171 5827 1300 5863 mss.

302 5880 412 5948 (9(5)
458 5879 546 5933 Sic
591 5884 824 5948 quinque
857 5898 982 5934 mss.
1033 5879 1170 5934 Editi
1207 5896 1327 5934 cum
1369 5879 1520 5934 Colb.
1553 5881 1792 5937 secundo

1911 4768 2134 4837 Excepit
2182 4785 2278 4824 vos
2318 4770 2603 4824 continens
2641 4773 2874 4840 propriis
2925 4773 3274 4842 germinibus,
3321 4789 3472 4830 mare

1909 4861 2166 4926 piscibus.
2198 4877 2290 4916 aer
2319 4862 2644 4917 volatilibus.
2692 4863 2886 4918 Parata
2915 4872 2997 4916 est
3033 4870 3175 4917 terra
3214 4879 3309 4919 sua
3355 4867 3471 4918 vice

1910 4954 1977 5010 iis
2006 4969 2108 5008 non
2140 4955 2364 5024 imparia
2404 4957 2681 5011 exhibere.
2726 4956 2832 5010 Sed
2877 4956 2966 5011 hic
3009 4956 3132 5011 linis
3173 4959 3471 5028 modusque

1898 5182 2342 5258 διαδραμοῦνται.
2377 5186 2492 5258 mox
2524 5185 2694 5258 editio
2738 5187 2899 5241 Basil.
2951 5195 3006 5239 et
3057 5187 3294 5258 quinque
3333 5206 3463 5246 mss.

1896 5253 2102 5329 δαίμων
2123 5274 2275 5329 ρπαρ.
2317 5256 2492 5329 Editio
2524 5254 2694 5329 Paris.
2727 5258 2932 5329 δαίμων
2959 5275 3040 5311 τε.

1970 5326 2078 5392 (97)
2122 5325 2258 5378 Editi
2291 5342 2410 5378 cum
2443 5325 2598 5380 Coll).
2637 5325 2870 5382 secundo
2900 5338 2952 5380 et
2985 5343 3107 5383 cum
3140 5327 3271 5396 Reg.
3301 5331 3460 5383 tertio

1897 5395 2129 5469 δεικνὺς,
2166 5398 2411 5469 κάκεῖνον
2433 5413 2591 5469 tta-tn.
2633 5400 2731 5451 Alii
2765 5408 2871 5451 tres
2905 5414 3031 5452 mss.
3068 5395 3303 5469 melioris
3330 5411 3466 5469 nota:

1894 5464 2104 5530 δεικνὺς
2140 5467 2468 5541 καὲῗῄτοῦτον.
2509 5464 2697 5541 Statim
2731 5469 2899 5523 codex
2920 5468 3159 5523 Combel‘.
3186 5483 3308 5522 cum
3329 5468 3461 5541 Reg.

1893 5549 2082 5588 Octavo
2112 5539 2298 5592 κακῶν
2331 5538 2721 5606 ἐμπίπλασθαι.

1937 5608 2076 5714 τ(98)
2115 5611 2240 5678 Reg.
2276 5612 2491 5678 quintus
2537 5610 2818 5678 εὑρήσετε.
2865 5607 3016 5663 Colb.
3060 5611 3331 5666 secundus
3368 5612 3461 5666 εὑ·

1897 5695 2161 5747 ρισκεται.

1967 5750 2086 5823 (99)
2123 5749 2247 5823 lieg.
2274 5749 2479 5817 primus
2510 5748 3148 5823 roig_oixsi0t;_$)._datov.q.
3175 5751 3463 5823 Aliquanto

1897 5832 2015 5886 post
2053 5820 2202 5875 Colb.
2238 5823 2505 5876 secundus
2538 5818 2747 5884 τούτοις
2776 5820 2895 5874 τινὰ
2925 5821 3112 5874 ἀντεπ.
