4262 6500
794 403 895 458 18⁵1

2100 409 2155 464 S.
2203 407 2442 464 BASILII
2485 407 2699 464 MAGNI

3929 413 4029 468 188

789 531 908 575 esto
935 523 1180 576 matutini
1215 522 1370 577 istius
1417 523 1672 586 convivii,
1715 535 1773 578 ut
1823 540 1888 580 ne
1927 528 2148 583 satietas
2185 529 2348 583 nimia
2380 534 2421 588 Α
2451 550 2472 583 ν

2331 545 2348 582 ι
2380 534 2421 588 Α
2451 530 2549 599 νῆς
2585 530 2898 591 ἑστιάσεως,
2928 532 3012 581 ἵνα
3050 529 3121 600 μὴ
3167 531 3194 582 ὁ
3233 527 3582 601 ὑπερϐάλλων
3619 526 3779 602 κόρος
3813 528 4014 600 ἀμϐλυ-

793 611 1094 666 hebetiores
1130 628 1224 668 vos
1253 614 1317 666 ad
1352 617 1684 684 vespertinas
1710 618 1897 686 epulas
1931 618 2042 688 80
2069 627 2352 679 sumendas

793 702 1010 757 etIiciat.
1037 704 1205 759 Porro
1233 706 1324 775 qui
1360 723 1454 760 sua
1498 709 1772 762 creatione
1821 714 2000 764 omnia
2047 714 2351 783 complevit,

795 805 957 864 atque
991 796 1040 849 in
1089 797 1341 852 omnibus
1381 799 1661 867 perspicua
1701 800 2084 856 miraculorum
2133 818 2350 858 suorum

793 898 1144 942 monumenta
1201 891 1354 943 nobis
1404 890 1658 959 reliquit,
1716 892 1922 961 repleat
1969 895 2130 950 corda
2177 907 2355 951 vestra

790 994 935 1045 omni
971 991 1151 1044 lat-tilia
1181 993 1430 1060 spiritali,
1470 994 1520 1046 in
1555 992 1767 1047 Christo
1819 989 1946 1044 Jesu
1988 991 2212 1044 Domino
2252 1004 2348 1044 nov

793 1092 928 1147 stro,
960 1085 1042 1136 cui
1077 1085 1241 1153 gloria
1273 1094 1327 1140 et
1357 1085 1638 1155 imperium
1667 1085 1720 1139 in
1752 1082 1946 1139 saecula
2013 1081 2348 1138 sarculorum.

792 1179 982 1233 Amen.

1377 1418 1650 1474 llOMlLIA
1693 1418 1782 1472 IX.

1347 1510 1419 1565 De
1453 1513 1807 1566 terrestribus.

871 1602 916 1653 Ι.
949 1600 1133 1666 Qualis
1169 1602 1319 1657 vobis
1362 1605 1622 1656 matutina
1664 1617 1970 1657 sermonum
2027 1617 2208 1657 mensa
2247 1603 2362 1655 visa

796 1692 917 1745 est?
979 1691 1107 1745 Mihi
1164 1693 1414 1760 equidem
1470 1695 1615 1746 venit
1675 1695 1725 1746 in
1781 1703 2008 1746 mentem
2062 1693 2360 1746 orationem

797 1797 970 1834 meam
1003 1799 1122 1835 cum
1164 1784 1412 1850 pauperis
1462 1782 1738 1850 cujusdam
1786 1783 2148 1838 convivatoris
2198 1783 2362 1837 bene-

2457 617 2646 684 τέρους
2681 619 2824 687 ὑμᾶς
2849 620 2984 689 πρὸς
3012 621 3108 690 τὴν
3135 621 3240 674 τῶν
3267 621 3566 693 ὲσπερινῶν
3597 622 3898 674 ἀπόλαυσιν
3927 639 4026 673 κα-

2458 714 2721 786 ταστήσῃ.
2777 714 2833 766 ὐ
2885 713 2941 766 δὲ
2993 715 3062 768 τά
3113 716 3287 769 πάντα
3338 714 3628 786 πληρώσας
3672 716 3773 785 τῆς
3831 714 4026 768 ἑαυτοῦ

2460 806 2706 870 κτίσεως,
2742 807 2834 858 καὶ
2868 808 2925 858 ἐν
2954 808 3117 858 πᾶσιν
3161 808 3290 877 ἡμῖν
3334 807 3439 859 τῶν
3485 807 3699 860 οἰκείων
3734 806 4027 876 θαυμάτων

2457 896 2658 968 ἐναργῆ
2715 897 2782 949 τὰ
2833 898 3199 967 ὑπομνήματα
3254 896 3582 962 καταλιπὼν,
3629 896 3916 968 πληρούτω
3948 897 4025 964 (l)

2461 987 2612 1056 ὑμῶν
2648 988 2746 1051 τὰς
2787 989 3010 1059 καρδίας
3046 989 3226 1060 πάσης
3272 989 3604 1059 εὐφροσύνης
3648 989 4028 1060 πνευματικῆς

2460 1079 2517 1131 ἐν
2549 1081 2764 1151 Χριστῷ
2805 1082 2976 1152 Ἰησοῦ
3008 1083 3083 1152 τῷ
3116 1083 3302 1155 Κυρίῳ
3332 1082 3506 1153 ἡμῶν,
3540 1077 3584 1150 ᾧ
3615 1085 3648 1154 ἡ
3688 1083 3814 1148 δόξα
3849 1083 4028 1138 καὶτὸ

2467 1173 2663 1244 κράτος
2695 1178 2772 1238 είς
2799 1177 2924 1238 τοὺς
2946 1176 3144 1238 αἰῶνας
3166 1175 3272 1228 τῶν
3297 1174 3523 1229 αἰώνων.
3568 1175 3754 1246 Ἀμήν.

3084 1416 3325 1468 ΟΜΙΛῙΑ
3355 1416 3432 1469 8'.

2956 1509 3089 1575 Περὶ
3116 1511 3408 1578 χερσαίων
3436 1511 3531 1578 (2).

2532 1603 2582 1654 l.
2623 1600 2745 1664 Πῶς
2779 1600 2904 1671 ὑμῖν
2944 1602 2975 1671 ἡ
3010 1602 3200 1671 ἑωθινὴ
3236 1604 3342 1655 τῶν
3397 1605 3564 1672 λόγων
3603 1603 3850 1676 τράπεζα
3895 1621 4029 1657 κατο

2460 1694 2631 1763 εφάνη
2661 1710 2673 1756 ;
2720 1693 2869 1762 Ἐμοὶ
2903 1693 2998 1763 μὲν
3030 1691 3137 1762 γάρ
3181 1694 3410 1764 ἐπῆλθεν
3452 1697 3666 1750 εἰκάσαι
3695 1695 4026 1767 τάῖέμαυτοῦ

2461 1786 2687 1856 πένητός
2717 1803 2858 1848 τινος
2898 1785 3206 1856 ἑστιάτορος
3238 1786 3618 1860 φιλοφροσύνῃ·
3665 1790 3742 1854 ὃς,
3781 1789 3889 1842 τῶν
3937 1789 4029 1840 εὑ-

797 1874 1030 1926 volentia
1063 1889 1376 1943 comparare
1407 1893 1418 1928 :
1454 1876 1543 1944 qui
1589 1875 1712 1927 dum
1761 1876 1900 1929 inter
1937 1890 2030 1928 eos
2073 1875 2164 1942 qui
2212 1889 2360 1927 mcn-
2392 1908 2432 1962 Β
2459 1895 2480 1931 τ

2342 1905 2360 1914 -
2392 1878 2745 1962 Βτραπέλων
2798 1895 2880 1941 τις
2938 1873 3075 1930 εἶναι
3132 1876 3603 1947 φιλοτιμούμενος,
3664 1881 3866 1951 ἀπορίᾳ
3917 1879 4025 1932 τῶν

797 1978 885 2016 sas
915 1964 1136 2033 opipare
1180 1973 1488 2028 exstruunt,
1545 1966 1811 2018 numerari
1859 1967 2024 2033 cupit,
2064 1964 2133 2018 ob
2178 1979 2356 2018 rerum

803 2065 1226 2122 sumptuosarum
1275 2057 1549 2122 penuriam
1596 2072 1830 2110 uitet-ore
1872 2057 2352 2113 aﬂicitconvivas:

796 2155 1016 2213 propter
1083 2161 1144 2199 ea
1209 2148 1347 2215 quod
1412 2163 1608 2201 mensae
1689 2160 2002 2215 apparatum
2070 2163 2357 2217 pauperem

798 2237 1078 2292 allluenter
1133 2239 1314 2304 infert,
1376 2241 1507 2294 adeo
1554 2251 1610 2293 nt
1660 2243 1710 2294 in
1761 2242 1967 2310 ineptire
2015 2242 2268 2309 probrum
2311 2240 2359 2295 ei

797 2330 914 2398 ejus
941 2331 1162 2384 ambitio
1186 2334 1360 2385 cedat.
1389 2332 1539 2386 Esset
1567 2344 1713 2387 certe
1741 2333 1843 2387 tale
1878 2332 2079 2401 aliquid
2123 2331 2235 2385 haec
2273 2348 2361 2384 no-

800 2430 909 2475 stra
942 2423 1130 2490 agendi
1162 2424 1316 2488 ratio,
1342 2423 1441 2476 nisi
1469 2439 1564 2478 vos
1581 2424 1707 2491 quid
1763 2423 1905 2476 aliud
1937 2425 2138 2479 dicitis.
2164 2422 2357 2476 Verum

796 2516 1190 2585 qualiacunque
1231 2518 1445 2569 tandem
1493 2518 1602 2570 sint
1657 2518 1790 2579 haec,
1845 2517 2158 2584 neutiquam
2210 2517 2360 2570 vobis

798 2617 922 2661 sunt
984 2607 1304 2677 spernenda.
1366 2607 1547 2677 Neque
1591 2609 1730 2662 enim
1777 2609 2024 2663 Elisazum
2069 2619 2125 2662 ut
2165 2611 2360 2661 malum

797 2700 1202 2753 convivatorem
1227 2700 1614 2754 aversabantur
1635 2701 1705 2754 illi
1726 2703 2042 2769 quibuscum
2066 2701 2294 2762 vivebat,
2311 2708 2365 2753 et

797 2803 976 2846 tamen
1002 2793 1239 2847 oleribus
1273 2794 1604 2849 silvestribus
1631 2796 1935 2862 excipiebat
1970 2795 2191 2849 amicos.
2227 2793 2359 2848 Novi

799 2884 943 2954 leges
968 2884 1260 2951 allegoriae,
1283 2887 1494 2939 etiamsi
1518 2901 1610 2940 eas
1632 2901 1733 2938 non
1758 2903 1824 2938 ex
1853 2902 1935 2939 me
1960 2887 2072 2953 ipso
2092 2886 2362 2956 excogita-

798 2978 923 3039 rim,
952 2977 1044 3029 sed
1096 2977 1147 3029 in
1191 2978 1415 3029 aliorum
1467 2978 1742 3030 inciderint
1778 2977 2006 3031 labores.
2037 2975 2181 3040 Quas
2215 2977 2362 3029 Scri-

798 3078 1076 3139 pturarnm
1111 3085 1431 3124 communes
1483 3073 1726 3124 notiones
1760 3070 1851 3139 qui
1898 3084 1999 3122 non
2043 3068 2363 3137 suscipiunt,

798 3175 991 3229 aquam
1039 3176 1141 3214 non
1187 3176 1380 3228 aquam
1412 3161 1614 3225 dicunt,
1639 3162 1731 3214 sed
1766 3161 1924 3214 aliam
1960 3159 2246 3229 quamdam
2279 3175 2367 3211 na-

2463 1971 2927 2041 πολυτελεστέρων
2988 1969 3270 2023 ἀποκναίει
3337 1971 3459 2031 τοὺς
3515 1971 3875 2043 δαιτυμόνας,
3929 1971 4027 2041 τὴν

2463 2062 2722 2131 πενιχρὰν
2780 2062 3129 2133 παρασκευὴν
3184 2060 3416 2130 δαψιλῶς
3468 2063 3737 2134 ἐπιφέρων
3777 2067 3844 2134 τῇ
3891 2081 4026 2134 τρα-

2464 2154 2601 2228 πέζῃ
2630 2170 2641 2182 °
2689 2155 2828 2206 ὥστε
2875 2155 3251 2226 περιίστασθαι
3309 2152 3455 2223 αὑτῷ
3516 2157 3593 2217 εἰς
3644 2156 4029 2227 ἀπειροκαλίας

2461 2245 2659 2308 ὄνειδος
2690 2245 2748 2298 τὸ
2783 2246 3080 2316 φιλότιμον.
3117 2245 3366 2300 Τοιοῦτον
3395 2246 3458 2317 δή
3507 2263 3560 2298 τι
3598 2247 3690 2298 καὶ
3727 2248 3786 2300 τὸ
3830 2248 4030 2318 ἡμέτε-

2464 2359 2576 2411 ρον,
2612 2342 2659 2392 εί
2697 2341 2769 2410 μή
2808 2358 2860 2391 τι
2907 2340 3062 2408 ὑμεῖς
3105 2340 3230 2393 ἄλλο
3266 2340 3470 2408 λέγετε.
3525 2337 3670 2408 Πλὴν
3707 2341 3866 2393 ὁποῖά
3909 2340 4028 2392 ποτ’

2461 2432 2526 2484 ἂν
2610 2433 2706 2502 (5),
2730 2433 2828 2484 οὑκ
2859 2430 3234 2495 ἐξουδενωτέον
3256 2432 3283 2483 ὑ
3293 2434 3402 2502 μῖν.
3430 2430 3562 2484 Οὑδὲ
3587 2427 3692 2500 γάρ
3730 2428 4035 2483 Ἐλισσαῖον

2463 2523 2537 2584 ὡς
2574 2523 2771 2590 φαῦλον
2802 2523 3086 2594 ἑστιάτορα
3114 2523 3452 2593 παρῃτοῦντο
3485 2523 3532 2575 οἱ
3557 2520 3696 2582 τότε,
3733 2521 3828 2572 καὶ
3859 2520 4034 2574 ταῦτα.

2464 2611 2712 2681 λαχάνοις
2756 2615 2964 2683 ἀγρίοις
3020 2614 3279 2668 ἑστιῶντα
3335 2616 3458 2677 τοὺς
3511 2612 3714 2682 φίλους.
3771 2605 3900 2663 Οἶδα
3943 2612 4030 2663 v6-

2468 2720 2598 2772 μους
2632 2702 2973 2772 ἀλληγορίας,
3002 2704 3049 2754 εἰ
3094 2705 3186 2755 καὶ
3230 2704 3302 2774 μὴ
3339 2704 3414 2773 (4)
3458 2703 3585 2774 παρ’
3615 2700 3854 2772 ἐμαυτοῦ
3877 2700 4029 2764 ἐξευ-

2469 2794 2594 2866 ρὼν,
2636 2794 2770 2848 ἀλλὰ
2812 2798 2922 2856 τοῖς
2956 2794 3082 2863 παρ’
3123 2795 3319 2863 ἐτέρων
3362 2793 3755 2863 πεπονημένοις
3801 2809 4031 2864 περιτυ-

2464 2887 2592 2959 χών.
2631 2888 2725 2950 “Ag
2743 2888 2790 2941 οί
2818 2888 2890 2958 μὴ
2909 2885 3325 2956 καταδεχόμενοι
3341 2886 3437 2947 τὰς
3457 2887 3638 2948 κοινὰς
3659 2887 3767 2939 τῶν
3787 2904 4033 2958 γεγραμ-

2469 2982 2640 3052 μένων
2675 2980 2876 3043 ἐννοίας
2903 2980 2962 3031 τὸ
2989 2978 3128 3049 ὕδωρ
3160 2979 3256 3048 οὑχ
3286 2977 3428 3048 ὕδωρ
3455 2977 3718 3043 λέγουσιν’
3753 2980 3890 3032 ἀλλά
3912 2995 4036 3033 τινα

2465 3073 2626 3141 ἄλλην
2655 3071 2810 3139 φύσιν
2846 3071 2942 3139 (ὅ),
2981 3070 3073 3122 καὶ
3107 3069 3270 3137 φυτὸν
3318 3068 3411 3121 καὶ
3449 3068 3597 3137 ἰχθὺν
3641 3069 3773 3138 πρὸς
3810 3071 3871 3120 τὸ
3899 3071 4030 3122 ἐαυ-

2466 3163 2574 3222 τοῖς
2626 3161 2810 3212 δοκοῦν
2851 3159 3230 3231 ἐρμηνεύουσι,
3272 3160 3362 3212 καὶ
3410 3156 3654 3228 ἑρπετῶν
3695 3157 3909 3224 γένεσιν
3937 3147 4033 3211 καὶ

801 3264 998 3314 turam,
1042 3264 1096 3304 et
1126 3253 1358 3319 plantam
1393 3263 1447 3307 et
1476 3255 1674 3321 piscem
1721 3253 2010 3308 secundum
2045 3268 2195 3305 suam
2228 3252 2370 3320 ipso.
2396 3246 2437 3302 C
2471 3253 2484 3305 ί

2347 3279 2370 3292 ο
2396 3246 2437 3302 C
2471 3253 2671 3323 Θηρίων
2705 3255 2797 3304 ἐπὶ
2823 3254 2918 3316 τὰς
2953 3253 3157 3314 οἰκείας
3186 3251 3437 3314 ὑπονοίας
3466 3249 3912 3322 παρατρέψαντες
3945 3251 4030 3316 ἐξ·

803 3361 920 3398 rum
977 3346 1303 3399 sententiam
1352 3345 1794 3415 interpretantur.
1820 3348 1955 3412 Quin
1998 3346 2160 3399 etiam
2205 3346 2367 3414 repti-

800 3433 928 3488 lium
981 3444 1032 3488 et
1085 3451 1340 3505 pecorum
1391 3435 1788 3506 generationem
1832 3438 1897 3488 ad
1929 3450 2053 3488 suas
2087 3435 2367 3505 allegorias

801 3531 1071 3583 detortum
1113 3529 1334 3596 perinde
1365 3539 1660 3597 exponunt,
1691 3537 1747 3580 ut
1788 3529 2003 3596 quidam
2038 3543 2216 3582 rerum
2247 3543 2367 3582 sese

803 3621 1173 3690 imaginationi
1205 3635 1300 3690 per
1331 3636 1578 3675 somnum
1615 3621 1986 3686 objicientium
2026 3620 2364 3688 interpretes,

805 3712 895 3780 qui
929 3727 1052 3766 suas
1085 3713 1559 3780 interpretationes
1609 3714 1671 3765 ad
1716 3713 1992 3781 proprium
2027 3727 2246 3780 scopum
2278 3729 2367 3766 ac-

803 3805 1169 3860 commodant.
1222 3804 1331 3874 Ego
1381 3820 1510 3859 vero
1559 3822 1680 3859 cum
1731 3805 1911 3859 fenum
1966 3806 2145 3869 audio,
2189 3803 2364 3858 fenum

805 3896 1076 3966 intelligo;
1123 3905 1176 3949 et
1201 3895 1458 3964 plantam,
1495 3906 1546 3948 et
1579 3899 1799 3963 piscem,
1837 3905 1890 3950 et
1929 3897 2153 3950 bestiam
2192 3904 2244 3948 et
2285 3909 2371 3962 pe-

803 4004 925 4051 cus,
967 3991 1148 4042 omnia
1192 3990 1264 4041 uti
1313 3990 1452 4043 dicta
1500 3998 1644 4050 sunt,
1679 3989 1756 4041 sic
1801 3989 2024 4055 accipio.
2072 3987 2192 4042 Non
2231 3988 2368 4040 enim

802 4081 1046 4132 erubesco
1087 4079 1425 4148 Evangelium
1454 4080 1519 4133 ¹⁰.
1554 4078 1739 4147 Neque
1773 4081 2024 4147 quoniam
2060 4081 2152 4148 qui
2188 4094 2272 4132 res
2303 4078 2367 4132 ad

805 4170 1062 4220 ninndum
1098 4170 1428 4236 pertinentes
1468 4171 1860 4237 conscripsere,
1896 4169 2059 4221 multa
2099 4173 2163 4223 de
2212 4179 2367 4222 terra:

804 4261 991 4330 ﬁguris
1045 4260 1438 4326 disseruerunt,
1481 4273 1659 4318 utrum
1713 4273 1852 4316 terra
1908 4261 2114 4329 spbatra
2171 4262 2261 4324 sit,
2299 4277 2366 4314 an

803 4354 1101 4422 cylindros,
1135 4364 1312 4408 utrum
1342 4355 1412 4408 sit
1441 4356 1591 4410 disco
1620 4356 1814 4410 similis
1845 4365 1900 4409 et
1925 4369 1992 4409 ex
2020 4368 2173 4422 aequo
2202 4355 2368 4407 unde-

804 4443 933 4498 libet
975 4455 1209 4508 tornata,
1242 4463 1306 4500 an
1350 4446 1582 4515 speciem
1634 4447 1828 4501 habeat
1879 4447 2064 4506 vanni.
2101 4447 2274 4512 sitque
2315 4447 2366 4500 in

802 4537 981 4590 medio
1018 4553 1248 4591 concava
1284 4540 1558 4607 (nimirum
1593 4540 1656 4592 ad
1697 4541 1792 4594 has
1837 4554 2027 4593 omnes
2075 4538 2367 4592 sententias

2468 3345 2748 3415 ηγοῦνται,
2791 3345 2977 3415 ὥσπερ
3017 3347 3066 3397 oi.
3110 3348 3468 3416 ovazpoxpi'tat
3513 3344 3620 3396 τῶν
3659 3343 3934 3412 φανέντων
3975 3345 4032 3395 ἐν

2467 3437 2587 3496 ταῖς
2619 3432 2737 3486 καθ’
2765 3431 2928 3486 ὕπνον
2966 3435 3279 3501 φαντασίαις
3310 3435 3442 3504 πρὸς
3477 3435 3569 3488 τὸν
3601 3437 3796 3489 οἰκεῖον
3830 3433 4034 3488 σκοπὸν

2467 3527 2562 3589 τὰς
2586 3525 2870 3595 ἐξηγήσεις
2898 3522 3225 3592 ποιούμενοι.
3271 3523 3409 3590 Ἐγὼ
3439 3525 3516 3590 δὲ,
3551 3525 3744 3596 χόρτον
3770 3524 4032 3586 ἀκούσας,

2469 3619 2655 3689 χόρτον
2699 3617 2822 3677 νοῶ,
2863 3616 2954 3669 καὶ
2999 3615 3180 3684 φυτὸν,
3229 3613 3322 3666 καὶ
3367 3613 3536 3682 ίχθὺν,
3572 3617 3664 3668 καὶ
3691 3613 3900 3686 θηρίον,
3939 3616 4036 3668 καὶ

2467 3710 2682 3778 κτῆνος,
2738 3710 2910 3762 πάντα
2949 3707 3060 3776 (6),
3106 3705 3180 3768 ὡς
3220 3705 3454 3776 εἴρηται,
3497 3703 3667 3766 οὑτως
3715 3705 4031 3775 ἐκδέχομαι.

2467 3803 2575 3854 Καὶ
2607 3801 2714 3869 γὰρ
2753 3804 2862 3854 οὐκ
2891 3801 3325 3868 ἐπαισχύνομαι
3370 3796 3435 3849 τὸ
3462 3795 3852 3864 Εὐαγγέλιον.
3899 3796 4036 3850 Οὐδὲ

2471 3896 2652 3964 ἐπειδὴ
2707 3897 2754 3947 οἱ
2795 3893 2862 3946 τά
2921 3894 3048 3962 περὶ
3096 3892 3298 3962 κόσμου
3341 3890 3647 3962 γράψαντες
3690 3886 3861 3940 πολλὰ
3908 3889 4037 3957 περὶ

2471 3991 2760 4058 σχημάτων
2793 3989 2894 4057 γῆς
2926 3985 3295 4055 διελέχθησαν,
3333 3987 3439 4038 εἴτε
3473 3985 3676 4056 σφαῖρά
3717 3983 3886 4044 ἐστιν,
3923 3983 4033 4034 εἴτε

2469 4081 2766 4151 κύλινδρος,
2809 4080 2915 4131 εἴτε
2950 4080 3042 4130 καὶ
3079 4077 3245 4146 δίσκῳ
3285 4078 3430 4131 ἐστὶν
3474 4076 3718 4147 ἐμφερὴς
3748 4079 3781 4146 ἡ
3813 4074 3908 4144 γῆ,
3941 4073 4035 4127 καὶ

2468 4172 2643 4237 ἐξίσου
2705 4170 2962 4224 πάντοθεν
3009 4171 3085 4240 (7)
3132 4169 3601 4238 ἀποτετόρνευται,
3659 4170 3693 4238 ἢ
3731 4169 4033 4236 λικνοειδής

2469 4265 2602 4326 ἐστι,
2633 4263 2724 4314 καὶ
2759 4261 3065 4331 μεσόκοιλος
3108 4262 3264 4330 (πρὸς
3308 4260 3485 4321 πάσας
3530 4259 3638 4329 γάρ
3690 4258 3893 4320 ταύτας
3935 4260 4032 4321 τάς

2469 4356 2720 4416 ὑπονοίας
2772 4356 2819 4406 οἱ
2868 4353 2936 4404 τά
2964 4353 3037 4422 (8)
3068 4355 3195 4423 περὶ
3231 4351 3322 4404 τοῦ
3354 4351 3555 4421 κόσμου
3587 4350 3900 4420 γράψαντες
3933 4351 4034 4402 ὑπο

2467 4447 2786 4519 ηνέχθησαν,
2813 4446 2880 4499 τὰ
2907 4445 3146 4518 ἀλλήλων
3172 4446 3396 4508 ἕκαστος
3422 4443 3819 4512 καταλύοντες),
3845 4443 3908 4496 οὑ
3933 4460 4033 4496 πα-

2473 4539 2538 4608 ρὰ
2559 4537 2713 4590 τοῦτο
2747 4537 3156 4608 προαχθήσομαι
3197 4535 3523 4604 ἀτιμοτέραν
3555 4536 3724 4586 εἰπεῖν
3772 4534 3870 4604 τὴν
3896 4535 4032 4606 ἠμε-

802 4629 854 4682 bi
885 4630 973 4698 qui
1009 4629 1075 4684 de
1107 4631 1306 4684 mumlo
1350 4633 1636 4699 scripsere,
1666 4631 1866 4701 delapsi
1908 4642 2050 4694 sunt,
2088 4631 2175 4684 alii
2227 4631 2363 4685 alio-
2396 4612 2439 4666 Ῑ)
2467 4649 2485 4683 ι

2349 4657 2363 4669 -
2396 4612 2439 4666 Ῑ)
2467 4632 2628 4702 τέραν
2659 4630 3031 4702 κοσμοποιίαν,
3083 4629 3265 4698 ἐπειδὴ
3301 4627 3451 4680 οὑδὲν
3494 4627 3622 4698 περὶ
3659 4627 3955 4694 σχημάτων
4004 4625 4032 4677 ό

802 4735 919 4774 rum
972 4722 1164 4791 placita
1199 4723 1597 4793 dissolventes),
1631 4725 1831 4779 idcirco
1882 4725 2117 4778 adducar
2165 4731 2222 4777 ut
2271 4739 2364 4778 no-

875 4830 916 4860 ¹⁰
943 4830 1096 4883 Rom.
1131 4846 1168 4896 ι,
1198 4832 1282 4886 16.

873 4921 946 4988 (l)
985 4922 1209 4998 Codices
1243 4939 1333 4977 sex
1369 4924 1672 4998 πληρώσαι,
1721 4934 1812 4977 aut
1855 4924 2159 4998 πληρῶσαι.
2188 4925 2363 4979 Editio

803 4991 971 5046 Paris.
1023 4994 1308 5066 πληρώτω.
1374 4991 1502 5065 Ηυξ.
1564 5001 1781 5066 quintus
1828 4991 2168 5049 καταλείπων
2226 4998 2362 5066 πλη-

886 5079 981 5117 σει.

865 5132 1268 5212 μῌιι-ῐῖεεὶἱε
1306 5147 1459 5212 se__x_to
1503 5146 1557 5190 et
1599 5147 1792 5212 octavo
1829 5140 1971 5212 ptest
2020 5141 2107 5194 hic
2152 5139 2360 5212 titulus,

795 5205 890 5278 τοῦ
920 5205 1084 5278 αὑτοῦ
1117 5209 1193 5268 εὶς
1223 5209 1318 5278 τὴν
1351 5209 1565 5260 ι’ένεσιν
1588 5208 1790 5276 ὁμιλία.
1827 5210 2037 5263 Titulus
2077 5209 2251 5261 nullus
2280 5221 2362 5261 est

797 5276 849 5328 in
882 5276 1350 5350 aliisquibusdam
1383 5295 1509 5332 mss.
1535 5280 1698 5333 Cuisl.
1733 5281 1935 5350 primus
1961 5280 2144 5350 ὁμιλία
2173 5279 2355 5349 ἐνάτη.

867 5348 942 5414 (5)
984 5345 1398 5421 Quatuorunss.
1440 5350 1600 5402 ὁποῖά
1646 5349 1760 5399 ποτ’
1810 5349 1873 5401 ἂν
1920 5345 2025 5421 εἴη.
2063 5352 2196 5421 Editi
2238 5345 2358 5402 cum

799 5415 934 5492 μσς..
962 5415 1286 5492 sexto
1322 5420 1516 5473 Ibidem
1549 5430 1781 5492 quatuor
1808 5436 1934 5473 mss.
1966 5415 2357 5488 ἐξουδενητέον.

796 5485 936 5540 Ειιιιὶ
974 5503 1094 5539 cum
1127 5485 1274 5542 (lolb'.
1310 5494 1544 5542 secundo
1567 5485 1976 5554 ἐξουδενωτέον.

868 5557 941 5629 (4)
961 5559 1029 5607 Ita
1060 5560 1225 5629 editio
1249 5559 1408 5612 Basil.
1431 5576 1549 5613 cum
1580 5562 1815 5629 quinque
1839 5578 1964 5615 mss.
1996 5561 2167 5615 Editio
2185 5558 2355 5612 Paris.

793 5628 952 5710 ei'pi;
987 5628 1098 5682 καί.
1139 5632 1330 5684 Statim
1362 5631 1512 5684 Colb.
1551 5628 1815 5685 secundus
1843 5633 2025 5700 κοινᾲς
2046 5633 2152 5685 τῶν
2178 5646 2357 5700 γραμ-

798 5713 1000 5766 ματων.

866 5769 942 5838 (5)
983 5768 1069 5822 Sic
1108 5788 1233 5824 mss.
1289 5787 1408 5826 cum
1456 5772 1688 5826 editione
1739 5771 1904 5827 Basil.
1951 5774 2128 5826 Editio
2180 5772 2356 5826 t’aris.

795 5841 1077 5894 oscitantia
1120 5845 1433 5913 typograplii
1478 5844 1640 5912 ἄλλην
1670 5843 1840 5912 χύσιν.
1881 5843 1998 5899 Mox
2035 5861 2160 5899 mss.
2197 5845 2354 5898 Uom-

2463 4722 2556 4775 τοῦ
2584 4721 2717 4774 Θεοῦ
2757 4719 3005 4790 θεράπων
3051 4717 3288 4788 Μωῦσῆς
3325 4717 3398 4786 (9)
3440 4716 3704 4788 διελέχθη,
3745 4713 3867 4767 οὑδέ
3911 4710 4032 4767 εἷπε

2466 4925 2573 4979 bet.
2624 4941 2744 4979 cum
2795 4924 2944 4979 Colb.
2993 4923 3226 4978 secundo
3267 4930 3320 4977 et
3363 4937 3483 4976 cum
3534 4922 3667 4991 Reg.
3712 4934 3908 4977 octavo
3939 4924 4033 4977 καὶ

2465 4997 2627 5064 φυτὸν
2675 4998 2767 5049 καὶ
2816 4996 2984 5065 ἰχθύν.
3035 4994 3193 5049 Deest
3240 4993 3403 5063 φυτόν
3438 4996 3489 5047 in
3523 4996 3680 5048 editis
3715 5003 3770 5048 et
3812 4996 3865 5047 in
3909 4999 4030 5064 qui-

2467 5071 2686 5120 busdam
2725 5083 2849 5120 mss.

2536 5139 2612 5203 (ϐ)
2653 5138 2801 5190 Colb.
2847 5137 3110 5191 secundus
3148 5135 3243 5188 καὶ
3285 5134 3481 5188 πάντα.
3517 5132 3715 5190 Ibidem
3745 5144 3857 5190 tres
3897 5151 4029 5192 mss.

2464 5207 2650 5278 ῶσπερ
2690 5209 2920 5277 εῐρηται.

2534 5276 2629 5345 (η’
2654 5276 2762 5331 Duo
2797 5276 2922 5332 mss.
2955 5276 3306 5346 πανταχόθεν.

2533 5351 2607 5419 (8)
2651 5349 2722 5402 Ita
2759 5364 2886 5402 mss.
2937 5350 3177 5416 plerique
3205 5359 3411 5400 omnes.
3459 5345 3618 5399 Deest
3657 5348 3726 5401 τά
3761 5347 3814 5400 in
3848 5348 4027 5402 editis.

2459 5419 2610 5472 llaud
2651 5419 2817 5473 multo
2852 5432 2971 5487 post
3008 5419 3248 5472 nonnulli
3284 5433 3412 5470 mss.
3441 5419 3921 5488 προσαχθήσομαι.

2527 5490 2600 5555 t9)
2639 5490 2789 5544 Colb.
2843 5491 3108 5543 secundus
3139 5504 3283 5559 (cum
3346 5489 3476 5554 Reg.
3536 5499 3724 5542 Octavo
3776 5490 4031 5559 θεράπων

2455 5561 2712 5629 Mei-3:73;.
2756 5562 2905 5621 Illud,
2957 5558 3217 5628 Μωῦσῆς,
3247 5562 3394 5611 deest
3429 5559 3670 5629 iuedieis
3719 5569 3774 5613 et
3818 5558 3868 5611 in
3912 5564 4032 5613 alus

2460 5646 2586 5700 mss.
2623 5627 2786 5685 Paulo
2822 5639 2939 5698 post
2974 5631 3105 5700 Reg.
3145 5627 3329 5683 Sextus
3354 5627 3579 5680 σταδίων
3610 5630 3706 5699 τὴν
3739 5629 4034 5700 διάμετρον

2457 5699 2617 5768 ἔχειν.
2664 5704 2773 5755 Duo
2823 5716 2959 5754 mss.
2994 5699 3090 5771 τὴν
3139 5701 3486 5772 περίμετρον.
3520 5701 3662 5754 Editt
3695 5718 3818 5755 cum
3858 5704 4030 5756 tribus

2457 5786 2587 5828 mss.
2616 5775 2676 5825 τὸ
2705 5772 3056 5843 περίμετρον.
