4262 6506
260 439 362 490 189

1334 446 1614 500 IIOMILIA
1656 447 1722 497 IX
1767 447 1826 496 ΙΝ
1872 448 2360 505 ιΙΕΧΛΕΜΕΙὶΟΝ.

3375 457 3472 508 i9‘d

255 555 391 608 δέκα
419 562 509 609 καὶ
539 559 678 611 ὀκτὼ
703 559 963 626 μυριάδας
992 561 1215 612 σταδίων
1246 562 1304 614 τὸ
1326 564 1654 632 περίμετρον
1678 563 1819 632 ἔχειν
1851 571 1894 624 Α
1923 578 1938 615 ε

1792 583 1819 614 ν
1851 571 1894 624 Α
1923 577 2089 615 atram
2125 565 2188 616 de
2231 566 2409 616 mundi
2451 574 2716 617 structura
2758 567 3120 619 narrationem
3171 567 3475 622 inferiorem

253 647 356 717 τῆς
388 649 492 719 γῆς
517 667 530 681 ο
573 651 666 702 καὶ
698 649 758 702 τὺ
793 651 886 705 ἀπ’
913 654 1078 721 αὐτῆς
1115 653 1352 724 σκίασμα
1399 657 1456 705 ἐν
1492 656 1556 723 τῇ
1591 655 1693 708 ὑπὸ
1719 657 1819 724 γῆν

253 739 351 792 τοῦ
373 741 524 810 ἡλίου
551 741 757 812 κινήσει
794 746 885 796 ἐπὶ
929 743 1091 795 πόσον
1119 749 1285 816 χωρεί
1328 744 1420 796 τοῦ
1457 743 1615 814 ἀέρος
1651 747 1711 798 οὑ
1746 745 1820 796 δι-

255 833 528 902 εμέτρησε
548 849 561 863 ο
597 836 687 888 καὶ
719 834 835 896 πῶς
853 833 1008 887 τοῦτο
1030 840 1096 908 τῇ
1124 838 1317 907 σελήνῃ
1340 837 1696 907 προσενεχθὲν
1719 838 1816 899 τὰς

255 923 526 991 ἐκλείψεις
575 929 734 978 ποιεῖ.
794 925 1006 997 Ἐπειδὴ
1058 927 1126 979 τά
1177 926 1341 997 μηδὲν
1390 927 1523 998 πρὸς
1567 929 1711 998 ἡμᾶς
1743 927 1818 989 ὼς

254 1015 503 1084 ἄχρηστα
534 1020 663 1088 ἡμῖν
689 1017 1098 1091 ἀπεσιώπησεν·
1141 1016 1247 1086 ἆρα
1271 1017 1458 1073 τούτου
1493 1019 1603 1090 (10)
1633 1019 1815 1072 ἕνεκεν

255 1110 553 1182 ἀτιμότερα
582 1112 852 1182 ἡγήσομαι
887 1115 982 1183 τῆς
1019 1112 1390 1183 μωρανθείσης
1424 1114 1613 1182 σοφίας
1631 1115 1697 1168 τά
1720 1114 1812 1167 τοῦ

256 1201 564 1274 Πνεύματος
588 1203 774 1270 λόγια;
819 1207 850 1275 ἢ
893 1206 1090 1276 μᾶλλον
1121 1203 1324 1267 δοξάσω
1363 1208 1450 1258 τὸν
1485 1205 1556 1274 μὴ
1586 1207 1815 1275 ἀπασχο-

252 1291 489 1364 λήσαντα
525 1294 614 1346 τὸν
643 1295 762 1347 νοῦν
800 1296 952 1367 ήμῶν
981 1297 1074 1347 ἐπὶ
1108 1295 1172 1347 τά
1202 1297 1421 1366 μάταια,
1471 1294 1607 1347 ἀλλά
1638 1296 1812 1348 πάντα

251 1388 333 1449 εἰς
389 1385 668 1459 οἰκοδομήν
712 1391 804 1442 καὶ
859 1388 1224 1458 καταρτισμὸν
1272 1389 1378 1441 τῶν
1428 1387 1615 1457 ψυχῶν
1654 1389 1810 1458 ἡμῶν

250 1477 524 1546 γραφῆναι
563 1481 1024 1550 οἰκονομήσαντα;
1067 1481 1133 1532 Ὅ
1178 1500 1266 1551 μοι
1304 1478 1519 1534 δοκοῦσι
1571 1477 1644 1549 μή
1682 1495 1810 1529 συν·

250 1569 452 1632 ειδότες
511 1574 671 1635 τινὲς,
731 1575 1081 1641 παραγωγαῖς
1139 1591 1245 1626 τισι
1295 1572 1389 1625 καὶ
1432 1570 1810 1641 τροπολογίαις

249 1660 555 1732 σεμνότητά
615 1679 734 1714 τινα
793 1664 855 1714 ἐκ
920 1665 1020 1733 τῆς
1080 1664 1279 1726 οἰκείας
1351 1663 1525 1714 αύτῶν
1573 1661 1806 1723 διανοίας

247 1753 604 1824 ἐπεχείρησαν
654 1753 762 1824 (Η)
824 1758 935 1817 τοῖς
996 1756 1400 1826 γεγραμμένοις
1454 1755 1802 1824 ἐπιφημίσαι.

259 1845 420 1897 Ἀλλά
446 1845 600 1897 τοῦτό
640 1846 784 1899 ἐστιν
830 1848 1019 1900 ἐαυτὸν
1058 1848 1358 1919 σοφώτερον
1399 1865 1671 1908 ποιοῦντος
1699 1845 1804 1898 τῶν

244 1937 439 2004 λογίων
484 1937 576 1990 τοῦ
614 1940 942 2010 Πνεύματος,
991 1941 1085 1993 καὶ
1125 1942 1178 1992 ἐν
1222 1942 1576 2011 προσποιήσει
1616 1939 1809 2008 ἐξηγή-
1841 1946 1924 2002 Bt

1258 1942 1576 2011 ςροσποιήσει
1616 1939 1809 2008 ἐξηγή-
1841 1946 1882 2002 Β
1912 1940 2039 1992 Inibi
2099 1941 2343 1995 videntur
2397 1954 2499 1993 non
2557 1939 2887 1993 intellexisse
2931 1959 2941 1994 :

245 2046 383 2090 σεως
426 2029 492 2081 τὰ
530 2033 719 2085 ἑαυτοῦ
761 2034 1202 2106 παρεισάγοντος.
1244 2033 1483 2089 Νοείσθω
1519 2033 1694 2085 τοίνυν
1730 2031 1804 2093 ὡς

242 2119 568 2188 γέγραπται.

1923 670 2042 707 esse
2071 655 2269 716 dicam,
2298 656 2421 721 quia
2460 655 2660 708 nulltnn
2691 658 2755 709 de
2787 656 2968 723 ﬁguris
2994 658 3212 708 verbum
3243 658 3334 709 Dei
3363 673 3478 710 ser-

1919 759 2018 800 vus
2051 745 2258 815 Moyses
2297 745 2421 798 fecit
2453 765 2466 799 :
2499 754 2590 798 aut
2618 747 2741 811 quia
2778 763 2878 800 non
2919 747 3050 799 dixit
3089 756 3244 800 terra:
3283 749 3480 802 circui-

1922 848 2030 891 tum
2060 849 2274 891 ccntum
2319 846 2373 890 et
2415 841 2682 906 octoginta
2710 839 3006 893 stadiorum
3041 838 3199 891 millia
3234 839 3433 892 habere
3462 857 3475 893 :

1917 941 2010 984 aut
2049 932 2169 999 quia
2203 945 2305 982 non
2343 929 2616 984 dimensus
2649 939 2729 982 est
2775 931 2825 983 in
2859 941 3116 1000 quantum
3167 934 3305 985 aeris
3350 948 3476 1000 spa-

1917 1023 2044 1077 timn
2093 1024 2347 1093 procedat
2388 1022 2503 1088 ejus
2542 1026 2725 1075 umbra
2782 1031 2888 1075 tum
2932 1039 3050 1077 cum
3094 1023 3168 1075 sol
3206 1024 3302 1076 sub
3333 1032 3477 1089 terra

1916 1127 2161 1169 movetur
2195 1134 2208 1168 :
2242 1127 2332 1169 aut
2366 1114 2632 1182 quomodo
2681 1114 2865 1168 eadem
2919 1115 3054 1170 luna:
3100 1114 3306 1182 objecta
3353 1131 3478 1183 pro-

1919 1213 2068 1258 creet
2103 1205 2358 1274 dcliquia,
2394 1203 2690 1272 prazsertim
2723 1219 2844 1256 cum
2883 1219 2944 1256 ea
2973 1221 3088 1272 qua:
3123 1207 3187 1259 ad
3223 1221 3319 1258 nos
3346 1204 3475 1258 nihil

1914 1296 2166 1356 attinent,
2203 1309 2454 1364 tanquam
2498 1295 2653 1348 nobis
2704 1297 2906 1348 inutilia
2945 1297 3050 1365 81
3093 1299 3306 1352 silentio
3339 1313 3475 1367 pra:-

1913 1387 2202 1441 termiserit
2235 1405 2247 1441 :
2281 1404 2404 1440 unm
2444 1389 2586 1450 ideo,
2623 1403 2820 1454 quzeso,
2868 1388 3100 1456 Spiritus
3148 1392 3318 1445 sancti
3361 1392 3474 1444 elo-

1912 1481 2037 1545 quia
2105 1493 2366 1532 censuero
2439 1479 2699 1533 infatuata
2758 1480 3015 1547 sapientia
3075 1496 3193 1535 esse
3248 1483 3474 1537 viliora?

1911 1570 2099 1624 Nonne
2146 1571 2322 1638 p0tius
2367 1569 2410 1622 ei
2459 1571 2652 1624 dedero
2699 1571 2945 1639 gloriam,
2979 1571 3066 1639 qui
3106 1562 3336 1626 mentem
3377 1590 3472 1626 no-

1911 1676 2076 1715 stram
2112 1663 2162 1714 in
2195 1677 2370 1713 rerum
2415 1675 2667 1713 vanarnm
2703 1665 3053 1730 occupatione
3083 1679 3186 1718 non
3220 1664 3468 1728 detinuit,

1909 1756 2000 1808 sed
2023 1755 2198 1808 omnia
2232 1752 2295 1805 ad
2328 1752 2733 1806 mdilicationcm
2770 1764 2821 1807 et
2850 1757 3228 1820 perfectionem
3265 1757 3471 1808 anima-

1909 1862 2023 1899 rum
2056 1858 2360 1902 nostrarum
2407 1847 2669 1899 conscribi
2719 1848 2931 1900 sanxit?
2977 1848 3032 1900 1d
3074 1852 3210 1917 quod
3248 1851 3466 1919 quidam

2985 1941 3073 2010 qui
3130 1943 3466 2008 captionibus

1912 2030 2227 2098 quibusdam
2266 2043 2426 2099 atque
2466 2032 2771 2101 tropologiis
2802 2048 2864 2085 ex
2899 2046 2995 2085 suo
3042 2033 3277 2100 ipsorum
3320 2031 3468 2099 inge-

1929 2121 2000 2175 iio
2033 2120 2230 2189 aliquid
2274 2120 2565 2190 Scripturis
2607 2126 2872 2178 asciscere
2906 2123 3243 2178 auctoritatis
3284 2123 3464 2178 conati

243 2220 390 2262 sunt.
419 2208 610 2264 Verum
646 2211 696 2265 id
722 2213 770 2266 ei
836 2215 1110 2282 competit,
1174 2217 1263 2285 qui
1313 2233 1368 2270 se
1421 2219 1593 2286 ipsum
1637 2219 1868 2286 Spiritus
1908 2213 2076 2268 sancti
2122 2211 2351 2265 oraculis
2396 2214 2674 2266 constituit
2719 2215 3121 2280 sapientiorem,
3148 2216 3346 2285 quique
3378 2217 3464 2270 in-

240 2307 645 2373 terpretationis
675 2317 928 2376 praztextu
959 2321 1256 2364 commenta
1295 2328 1387 2364 sua
1419 2313 1643 2368 inducit.
1684 2313 1805 2366 [huc
1841 2313 2040 2374 itaque,
2071 2317 2128 2361 ut
2156 2308 2352 2375 scripta
2379 2316 2524 2367 sunt,
2559 2307 2940 2375 intelligantur.

315 2397 366 2452 Ξ.
421 2399 781 2470 Ἐξίιγαγέτω
826 2404 864 2471 ἠ
921 2402 996 2472 γῆ
1055 2403 1265 2472 ψυχὴν
1325 2403 1518 2464 ζῶσαν
1569 2401 1800 2470 κτηνῶν

237 2492 338 2542 καὶ
377 2493 590 2555 θηρίων
641 2495 735 2546 καὶ
778 2495 1056 2561 ἑρπετῶν.
1111 2497 1317 2567 Νόησον
1349 2499 1496 2567 ῥῆμα
1529 2495 1661 2549 Θεοῦ
1711 2495 1798 2548 διά

236 2579 336 2649 τῆς
367 2579 592 2643 κτίσεως
617 2583 826 2651 τρέχον,
871 2587 961 2636 καὶ
999 2586 1116 2638 τότε
1148 2587 1468 2657 ἀρξάμενον,
1511 2587 1604 2640 καὶ
1637 2586 1799 2657 μέχρι

237 2670 333 2723 νῦν
367 2672 636 2742 ἐνεργοῦν,
673 2674 764 2725 καὶ
793 2677 871 2736 είς
902 2676 1047 2738 τέλος
1080 2677 1267 2741 δεξιὸν,
1311 2680 1412 2740 ἕως
1449 2679 1514 2732 ἂν
1544 2681 1571 2731 ὁ
1597 2679 1799 2746 κόσμος

238 2765 629 2836 συμπληρωθῇ.
669 2767 753 2829 Ὠς
781 2767 887 2838 γάρ
932 2770 963 2838 ή
1001 2771 1219 2838 σφαῖρα,
1268 2771 1484 2822 ἐπειδάν
1525 2771 1626 2822 ὑπό
1656 2789 1797 2833 τινος

235 2856 462 2926 ἀπωσθῇ
507 2860 638 2925 (12),
694 2857 810 2912 εἶτα
856 2861 1089 2932 πρανοῦς
1135 2879 1276 2924 τινος
1325 2862 1570 2932 λάϐηται,
1608 2863 1709 2914 ὑπό
1740 2881 1795 2914 τε

234 2947 338 3016 τῆς
367 2949 569 3010 οίκείας
596 2954 936 3020 κατασκευῆς
985 2953 1078 3005 καὶ¹
1118 2954 1214 3024 τῆς
1245 2954 1676 3025 ἐπιτηδειότητος
1705 2955 1796 3008 τοῦ

235 3040 431 3110 χωρίου
459 3041 678 3113 φέρεται
707 3043 839 3113 πρὸς
865 3044 925 3096 τὸ
959 3047 1236 3111 κάταντες,
1272 3049 1332 3100 ού
1355 3049 1614 3119 πρότερον
1645 3054 1794 3102 ίστα-

236 3133 372 3204 μένη
424 3135 550 3205 πρὶν
597 3135 660 3187 ἄν
706 3153 759 3187 τι
797 3135 906 3188 τῶν
943 3138 1195 3192 ίσοπέδων
1232 3140 1398 3210 αὐτὴν
1441 3139 1790 3211 ὑποδέξηταιο

1970 2401 2024 2452 ‘2.
2068 2398 2333 2453 Producat
2381 2407 2520 2452 terra
2574 2399 2801 2451 animam
2845 2400 3094 2453 viventem
3135 2416 3376 2468 pecorum
3415 2411 3464 2454 et

1902 2489 2178 2540 bestiarum
2228 2501 2272 2541 et
2321 2489 2582 2554 reptilium
2614 2491 2677 2545 “.
2708 2489 2993 2544 Considera
3029 2491 3118 2545 Dei
3155 2506 3337 2545 vocem
3369 2509 3464 2562 per
3509 2480 3514 2486 ’

1901 2594 1986 2633 res
2032 2587 2243 2632 creatas
2288 2584 2686 2644 pervadentem,
2719 2597 2835 2648 qua:
2893 2590 2948 2634 et
2990 2590 3116 2636 tunc
3159 2583 3378 2652 incepit,
3409 2595 3464 2640 et

1903 2687 2072 2742 usque
2103 2673 2274 2726 adhuc
2307 2671 2491 2726 efﬁcax
2521 2683 2623 2736 est,
2654 2689 2716 2728 ac
2747 2675 2797 2728 in
2831 2674 2986 2728 ﬁnem
3027 2677 3313 2730 transitura
3357 2689 3458 2742 est,

1901 2766 2075 2835 quoad
2109 2775 2509 2819 consummatus
2546 2763 2703 2819 fuerit
2733 2771 2981 2821 mundus.
3005 2768 3458 2833 Quemadmodum

1901 2858 2044 2910 enim
2070 2855 2282 2924 globus,
2311 2872 2430 2910 cum
2465 2871 2494 2910 a
2521 2857 2764 2926 quopiam
2799 2857 2957 2912 fuerit
2984 2870 3179 2924 motus,
3213 2875 3275 2914 ac
3305 2861 3461 2914 dein-

1902 2961 2029 3015 ceps
2057 2947 2313 3000 declivem
2365 2947 2595 3016 aliquem
2637 2948 2807 3002 locum
2857 2958 3047 3004 nactus
3089 2950 3267 3013 fuerit,
3302 2957 3355 3002 et
3391 2964 3458 3002 ex

1900 3039 2112 3107 propria
2175 3050 2464 3104 structura,
2496 3050 2548 3092 et
2591 3055 2653 3093 ex
2706 3040 2805 3093 loci
2853 3041 3251 3108 opportunitate
3299 3042 3458 3094 deor-

1900 3146 2018 3185 sum
2061 3131 2250 3192 l'ertur,
2281 3147 2380 3186 nec
2427 3131 2575 3199 prius
2617 3133 2866 3198 quiescit,
2892 3147 3052 3201 quam
3086 3133 3332 3200 planities
3364 3113 3457 3186 ali-

229 3223 373 3276 οῦτω
402 3228 433 3294 ή
464 3226 620 3294 φύσις
652 3227 758 3280 τῶν
779 3227 965 3290 ὄντων,
998 3229 1077 3280 ἐνὶ
1112 3231 1488 3301 προστάγματι
1513 3233 1618 3300 (15)
1655 3251 1796 3302 κινη-
1820 3233 1862 3288 C
1897 3240 1912 3277 (

1768 3264 1796 3302 γ-
1820 3233 1862 3288 c
1897 3240 2002 3291 qua
2043 3225 2213 3292 ipsum
2253 3225 2524 3292 exceperit
2555 3241 2568 3287 ;
2600 3223 2667 3276 ita
2712 3237 2886 3276 rerum
2937 3234 3126 3276 natura
3173 3239 3278 3277 uno
3316 3241 3451 3294 pra!-

232 3313 408 3378 θεῖσα,
440 3317 535 3385 τὴν
582 3320 637 3369 ἐν
679 3321 742 3388 τῇ
782 3319 992 3386 γενέσει
1025 3321 1116 3373 καὶ
1152 3320 1324 3391 φθορᾷ
1363 3321 1538 3372 κτίσιν
1580 3322 1797 3389 ὁμαλῶς

225 3403 583 3475 διεξέρχεται,
610 3407 706 3470 τὰς
734 3409 839 3461 τῶν
866 3409 1036 3477 γενῶν
1062 3411 1375 3474 ἀκολουθίας
1400 3411 1466 3462 δι’
1485 3413 1797 3482 ὁμοιότητος

228 3495 513 3560 ἁποσὼζου
526 3515 610 3561 σα,
641 3498 747 3562 ἕως
778 3501 842 3552 ἂν
878 3503 1010 3571 πρὸς
1037 3503 1166 3555 αὐτὸ
1195 3505 1504 3575 καταντήσῃ
1535 3504 1594 3556 τὸ
1621 3503 1791 3567 τέλος.

228 3587 425 3639 Ἵππον
471 3588 568 3657 μὲν
610 3590 716 3661 γάρ
747 3591 911 3643 ἵππου
940 3597 1166 3645 ποιεῖται
1189 3595 1448 3664 διάδοχον,
1484 3595 1577 3648 καὶ
1609 3594 1795 3648 λέοντα

226 3677 460 3741 λέοντος,
492 3678 584 3730 καὶ
611 3680 765 3732 ἀετὸν
792 3681 947 3734 ἀετοῦ
969 3700 981 3712 ’
1014 3685 1104 3736 καὶ
1125 3685 1350 3736 ἕκαστον
1369 3683 1475 3736 τῶν
1499 3683 1650 3748 ζώων
1676 3689 1792 3751 ταῖς

225 3769 421 3840 ἐφεξῆς
442 3771 703 3840 διαδοχαῖς
733 3773 1158 3845 συντηρούμενον
1186 3776 1343 3846 μέχρι
1365 3775 1463 3846 τῆς
1486 3777 1791 3841 συντελείας

221 3861 317 3912 τοῦ
351 3863 546 3926 παντὸς
575 3867 952 3936 παραπέμπει.
986 3868 1171 3930 Οὐδεὶς
1205 3870 1391 3939 χρόνος
1420 3869 1786 3941 διεφθαρμένα

219 3948 255 4019 ἢ
276 3950 493 4020 ἐξίτηλα
510 3957 650 4005 ποιεῖ
667 3956 776 4024 (14)
791 3955 894 4008 τῶν
915 3955 1065 4019 ζώων
1087 3958 1152 4010 τὰ
1171 3957 1453 4027 ἰδιώματα,
1472 3957 1584 4011 ἀλλ’
1603 3959 1788 4028 ὥσπερ

219 4042 346 4108 ἄρτι
370 4043 734 4112 καθισταμένη
773 4048 804 4115 ἡ
840 4046 995 4114 φύσις
1024 4048 1108 4100 ἀεὶ
1136 4049 1304 4118 νεαρὰ
1335 4048 1411 4117 τῷ
1440 4048 1612 4116 χρόνῳ
1655 4064 1789 4115 συμ-

219 4135 574 4205 παρατρέχει.
619 4135 973 4204 Ἑξαγαγέτω
1007 4141 1044 4206 ἡ
1077 4138 1151 4206 γνῆ
1179 4139 1390 4206 ψυχὴν
1411 4138 1620 4198 ζῶσαν.
1654 4137 1780 4189 Τοῦο

217 4244 282 4280 το
312 4228 630 4297 ἐναπέμεινε
663 4231 728 4299 τῇ
752 4231 821 4298 γῇ
853 4229 1195 4299 πρόσταγμα,
1238 4231 1329 4281 καὶ
1353 4227 1408 4282 ού
1441 4228 1668 4282 παύεται
1699 4229 1786 4294 ἐξ-

221 4318 632 4388 υπηρετουμένη
671 4318 747 4389 τῷ
779 4320 1018 4372 κτίσαντι
1044 4319 1174 4388 (15).
1209 4319 1288 4371 Τά
1324 4321 1418 4389 μὲν
1453 4321 1558 4389 γάρ
1593 4321 1654 4370 ἐκ
1686 4318 1786 4386 τῆς

215 4409 469 4478 διαδοχῆς
510 4411 614 4463 τῶν
647 4411 1102 4483 προϋπαρχόντων
1132 4413 1464 4484 παράγεται·
1501 4410 1566 4462 τά
1615 4410 1669 4462 δὲ
1706 4409 1783 4461 ἔτι

215 4501 312 4552 καὶ
351 4501 445 4553 νῦν
494 4501 551 4565 ἐξ
583 4504 750 4573 αὐτῆς
781 4505 878 4574 τῆς
909 4505 1011 4573 γῆς
1045 4503 1448 4574 ζωογονούμενα
1489 4503 1779 4555 δείκνυται.

1897 3325 2052 3381 cepto
2101 3317 2341 3377 incitata,
2380 3331 2465 3368 res
2511 3316 2756 3370 conditas
2790 3316 3120 3383 a‘quabiliter
3151 3317 3201 3369 in
3230 3333 3455 3385 genera-

1897 3405 2040 3457 tione
2069 3414 2119 3458 et
2156 3405 2208 3456 in
2243 3406 2585 3473 corruptione
2634 3415 2897 3474 penetrat,
2927 3417 3208 3476 servatque
3249 3425 3341 3476 per
3378 3413 3456 3463 si-

1894 3494 2250 3548 militudinem
2280 3496 2648 3549 successiones
2674 3511 2952 3566 generum,
2982 3499 3150 3551 donec
3181 3499 3246 3552 ad
3279 3500 3452 3568 ipsum

1894 3587 2198 3655 pervenerit
2255 3586 2433 3642 ﬁnem.
2473 3586 2604 3640 Nam
2657 3603 2852 3656 equum
2907 3590 3028 3657 equi
3083 3604 3452 3645 successorem

1894 3679 2043 3742 facit,
2080 3679 2288 3732 leonem
2335 3679 2524 3744 leonis,
2554 3679 2787 3743 aquilam
2825 3680 3016 3750 aquilae
3048 3703 3058 3735 :
3099 3680 3205 3734 imo
3246 3682 3451 3750 singula

1891 3771 2141 3824 animalia
2173 3773 2618 3840 consequentibus
2649 3774 3078 3828 successionibus
3105 3784 3448 3838 conservata,

1891 3875 2060 3926 usque
2121 3861 2186 3913 ad
2249 3861 2481 3913 universi
2541 3861 3055 3914 consummationem
3115 3863 3445 3918 transmittit.

1890 3949 2118 4016 Tempus
2164 3950 2362 4002 nullum
2407 3950 2635 4003 destruit
2680 3949 2988 4003 animalium
3037 3953 3388 4020 proprietates

1886 4040 1980 4092 sed
2025 4048 2276 4106 tanquam
2323 4054 2490 4108 nuper
2534 4041 2823 4094 constituta
2872 4053 3059 4095 natura
3102 4043 3192 4107 sit,
3234 4060 3445 4110 semper

1889 4144 2078 4182 recens
2123 4145 2226 4181 una
2273 4144 2391 4182 cum
2436 4139 2672 4197 tempore
2701 4132 2957 4185 excurrit.
2996 4131 3261 4184 Producat
3305 4143 3447 4186 terra

1886 4223 2114 4274 animam
2161 4224 2424 4277 viventem.
2471 4222 2580 4276 lloc
2630 4232 2946 4290 praeceptum
2999 4233 3156 4277 terrae
3207 4226 3441 4290 inhaesit,

1886 4329 1986 4368 nec
2050 4329 2114 4367 ea
2164 4314 2403 4368 Creatori
2454 4313 2650 4368 desinit
2703 4314 2971 4367 famulari.
3021 4315 3137 4370 Alia
3186 4317 3326 4371 enim
3376 4331 3442 4371 ex

1887 4407 2230 4461 successione
2271 4421 2454 4460 eorum
2494 4420 2611 4475 qua:
2645 4408 2791 4475 prius
2825 4407 3100 4471 exstitere,
3134 4409 3443 4477 producun-

1887 4508 1972 4552 tur
2004 4517 2018 4553 :
2053 4499 2157 4552 alia
2184 4514 2310 4554 vero
2343 4515 2404 4553 ex
2445 4500 2553 4568 ipsa
2599 4509 2737 4553 terra
2767 4499 2928 4554 etiam
2966 4515 3108 4554 nunc
3147 4501 3321 4555 adhuc
3361 4502 3443 4554 vi-

215 4592 292 4644 υύ
323 4593 428 4662 γὰρ
461 4593 615 4662 μόνον
645 4570 892 4663 τέττιγας
923 4570 996 4650 ἐν
1036 4570 1358 4668 ἐπομϐρίαίς
1392 4597 1622 4666 ἀνίησιν,
1663 4595 1780 4649 ούδέ
1814 4587 1856 4642 D
1887 4601 1898 4647 1

1757 4595 1780 4647 ὲ
1814 4587 1856 4642 D
1887 4601 1994 4647 tam
2030 4594 2271 4662 accipere
2301 4605 2629 4662 compertum
2665 4604 2763 4647 est.
2795 4594 2910 4646 Non
2941 4570 3099 4646 enim‘
3120 4592 3292 4647 solum
3322 4593 3437 4662 plu-

213 4682 351 4737 ἄλλα
387 4685 554 4754 μυρία
579 4685 708 4755 γένη
734 4687 836 4738 τῶν
869 4688 1250 4759 ἐμφερομένων
1283 4689 1358 4759 τῷ
1385 4689 1504 4759 ἀέρι
1537 4688 1773 4758 πτηνῶν,

212 4771 290 4832 ὧν
316 4779 725 4848 ἀκατονόμαστά
749 4781 861 4831 ἐστι
882 4781 947 4831 τὰ
969 4781 1189 4833 πλεῖστα
1212 4782 1298 4834 διά
1317 4782 1636 4850 λεπτότητα,
1662 4781 1775 4834 ἀλλ’

211 4869 317 4938 ἤδη
356 4871 447 4923 καὶ
483 4871 585 4940 μῦς
630 4874 722 4924 καὶ
756 4873 1056 4943 βατράχους
1107 4872 1165 4938 ἐξ
1215 4876 1381 4945 αὐτῆς
1419 4876 1731 4928 ἀναδίδωσιν
1755 4893 1770 4906 ·

210 4961 346 5013 ὅπου
371 4979 432 5029 γε
472 4965 598 5033 περὶ
625 4964 804 5036 Θήϐας
830 4966 927 5029 τάς
952 4967 1270 5034 Αἰγυπτίας,
1297 4967 1509 5020 ἐπειδὰν
1543 4968 1641 5038 ὕσῃ
1676 4967 1770 5020 λά-

209 5052 359 5121 ϐρως
392 5055 449 5105 ὲν
481 5055 770 5124 καύμασιν,
823 5057 981 5120 εὐθὺς
1024 5058 1330 5129 ἀρουραίων
1373 5058 1522 5128 μυῶν
1555 5060 1585 5126 ὴ
1619 5057 1770 5126 χῶρα

206 5146 670 5216 καταπληροῦται.
733 5149 842 5214 Τάς
892 5152 945 5204 δὲ
989 5151 1226 5221 ἐγχέλεις
1277 5150 1385 5222 (16)
1435 5150 1552 5202 οὐδὲ
1602 5148 1773 5209 ἄλλως

271 5306 308 5336 ¹¹
333 5305 464 5361 Gen.
500 5323 539 5373 l,
564 5308 651 5362 24.

279 5424 390 5502 (10)
413 5427 562 5502 _:I‘_res
594 5444 722 5483 mss.
758 5425 865 5501 ἆρα
888 5432 1074 5486 τούτου
1095 5451 1177 5502 γε.
1200 5433 1332 5502 Reg.
1364 5442 1546 5485 sextus
1569 5430 1756 5484 τούτου

202 5495 314 5569 καί.
343 5496 487 5569 Editi
527 5513 645 5552 cum
674 5495 989 5569 quibusdam
1027 5495 1156 5557 mss.
1192 5495 1379 5556 τούτου
1412 5503 1614 5555 ἕνεκεν.

273 5565 385 5644 (ll)
428 5566 531 5620 Sex
584 5565 716 5644 mss.
762 5587 884 5644 cum
935 5589 1034 5628 ms.
1085 5575 1323 5630 Combel'.
1375 5574 1752 5644 ἐπεχείρησαν.

1886 4687 1973 4741 vio
2010 4697 2245 4756 tempore
2274 4688 2385 4742 edit
2413 4689 2646 4752 cicadas,
2675 4697 2766 4739 aut
2800 4687 2900 4739 alia
2941 4687 3217 4741 innumera
3246 4687 3439 4741 volati-

1883 4777 2009 4831 lium
2063 4778 2113 4831 in
2164 4793 2285 4832 aere
2330 4779 2639 4847 vagantium
2688 4793 2902 4846 genera,
2938 4794 3162 4848 quorum
3208 4779 3436 4848 plurima

1880 4880 2095 4940 propter
2149 4872 2462 4925 tenuitatem
2522 4881 2646 4923 sunt
2704 4886 2965 4941 anonyma
3025 4889 3038 4925 :
3100 4871 3192 4925 sed
3255 4887 3437 4924 mures

1877 4962 2036 5016 etiam
2069 4971 2119 5015 et
2154 4978 2310 5015 ranas
2342 4978 2406 5016 ex
2454 4977 2511 5016 se
2550 4963 2661 5030 ipsa
2698 4963 2919 5030 profert.
2949 4963 3081 5017 Nam
3120 4963 3266 5017 circa
3293 4962 3438 5015 Tlte-

1881 5054 1972 5107 bas
2011 5052 2314 5122 Egyptias,
2345 5054 2434 5106 ubi
2492 5054 2543 5106 in
2595 5055 2810 5108 testibus
2871 5055 3014 5122 large
3058 5054 3216 5124 pluit,
3250 5055 3433 5108 statim

1878 5144 2266 5213 campestribus
2303 5146 2540 5200 muribus
2572 5149 2715 5217 regio
2754 5149 3068 5217 completur.
3104 5147 3242 5212 Quin
3270 5147 3432 5201 etiam

1936 5447 2048 5519 (14)
2088 5447 2163 5502 Ita
2195 5449 2361 5503 codex
2408 5450 2647 5506 Combef.
2695 5468 2815 5505 cum
2859 5452 2991 5522 Reg.
3039 5465 3250 5510 octavo.
3281 5452 3427 5509 Editi

1860 5534 2140 5594 verouctnn
2178 5522 2384 5574 caeteris
2422 5537 2545 5594 mss.
2586 5523 2772 5592 χρόνος
2799 5523 3018 5594 ἐξίτηλα
3052 5527 3211 5578 ποιεῖ.

1932 5590 2042 5669 ς15)
2066 5589 2202 5677 βειζ.
2231 5601 2413 5677 sextus
2446 5589 3016 5677 ééUﬁq-ps‘routtévq‘ltt?)
3043 5595 3423 5677 προστάγματι

200 5635 352 5709 Editi
365 5638 732 5709 ἐπιχειρῆσαι,
749 5643 909 5696 male.

415 5709 506 5785 §ic
534 5707 659 5765 mss.
697 5712 867 5785 multi.
904 5713 1076 5767 Editio
1099 5713 1270 5768 Paris.
1304 5715 1518 5785 ἀπωθῇ.

267 5777 380 5846 (15)
421 5778 548 5856 Reg.
576 5793 756 5856 sextus
779 5783 952 5856 ὄντων
969 5785 1025 5837 ἐν
1059 5786 1452 5856 προστάγματι.
1471 5777 1608 5843 "Mox
1635 5786 1753 5856 plu-

199 5859 283 5902 res
319 5863 449 5904 mss.
480 5850 576 5919 τὴν
607 5854 663 5906 ἐν
688 5855 753 5923 τῇ
781 5871 892 5923 γεν.
925 5854 1081 5913 Deest
1102 5850 1178 5926 ’τῇ
1217 5850 1470 5916 ἱη-ὁιιὶιίε.

1858 5660 1960 5735 τοῦ.
1992 5661 2291 5724 κτίσαντος,
2331 5659 2439 5714 Nec
2474 5659 2740 5717 Creatoris
2767 5659 2999 5734 imperio.
3021 5659 3209 5720 desinit
3242 5659 3420 5735 famu-

1858 5730 2038 5871 ιωίιίϐ)
2076 5801 2185 5856 Duo
2215 5816 2345 5858 mss.
2380 5802 2477 5868 τὰς
2505 5803 2560 5857 δὲ
2592 5803 2834 5874 ἐγχέλυς.
