4262 6494
832 424 928 478 1οέ

2133 418 2188 474 S.
2234 417 2476 473 BASILll
2508 417 2554 469 Μ
2564 418 2721 473 AGNI

3955 415 4055 471 192

827 544 1091 616 anguillas
1129 543 1361 598 vidimus
1395 558 1498 597 non
1538 543 1699 599 aliter
1725 557 1885 612 quam
1923 557 1988 596 ex
2023 542 2150 595 limo
2189 543 2393 597 consti-
2421 549 2464 603 Α
2494 544 2510 595 ἐ

2372 570 2393 583 ο
2421 549 2464 603 Α
2494 542 2704 611 ὁρῶμεν
2736 541 2768 612 ἢ
2804 542 2865 593 ἐκ
2894 539 2989 609 τῆς
3036 539 3175 601 ίλύος
3216 539 3637 610 συνισταμένας⁸
3673 552 3749 589 ων
3786 535 3911 588 οὕτε
3954 538 4055 591 ὠὸν

829 638 939 701 tui,
990 651 1053 689 ac
1105 636 1351 705 generari
1404 654 1417 689 :
1475 649 1701 701 quarum
1766 636 2165 689 successionem
2221 650 2392 703 neque

827 742 1007 789 ovum,
1042 740 1215 795 neque
1260 727 1399 781 ullus
1442 725 1576 778 alius
1620 726 1805 779 modus
1859 725 2095 788 conﬁcit,
2127 727 2218 778 sed
2268 727 2393 795 ipsa:

827 832 895 871 ex
947 828 1087 871 terra
1134 829 1317 873 ortum
1368 816 1585 870 habent.
1635 816 1901 869 Producat
1951 824 2089 868 terra
2140 816 2389 869 animum.

833 909 1029 964 Pecora
1063 921 1191 965 sunt
1224 908 1518 968 terrestria,
1548 918 1603 962 et
1649 922 1835 961 versus
1869 918 2064 961 terram
2097 908 2345 963 inclinata
2376 926 2389 962 :

832 1000 991 1053 homo
1024 1016 1150 1054 vero
1178 999 1266 1068 qui
1296 999 1476 1067 planta
1503 998 1739 1053 caelestis
1766 1007 1870 1060 est,
1894 1008 2093 1065 quanto
2126 1014 2395 1067 corporea:

829 1090 1279 1147 conformationis
1322 1088 1514 1154 forma,
1562 1098 1707 1141 tanto
1757 1087 1918 1140 etiam
1970 1086 2164 1138 anima:
2218 1088 2393 1158 digni-

830 1192 940 1237 tate
967 1190 1200 1252 praestat.
1228 1178 1410 1247 Qualis
1435 1188 1518 1232 est
1542 1177 1947 1247 quadrupedum
1981 1176 2195 1231 forma?
2225 1182 2395 1245 Caput

828 1273 1067 1344 ipsorum
1122 1274 1172 1325 in
1226 1283 1423 1323 terram
1480 1285 1705 1339 pronum
1752 1280 1856 1332 est,
1890 1269 2109 1338 respicit
2159 1273 2223 1325 ad
2268 1286 2394 1322 ven-

833 1378 992 1427 trem,
1028 1365 1249 1432 ejusque
1297 1362 1703 1416 delectationem
1763 1363 2072 1416 omnimodo
2119 1363 2394 1433 prosequi-

831 1471 938 1513 tur.
974 1457 1221 1511 Erectum
1255 1464 1336 1509 est
1365 1455 1428 1506 ad
1460 1454 1655 1505 cuslum
1708 1464 1867 1521 caput
1910 1462 2055 1508 tuum
2092 1455 2268 1509 :oculi
2318 1453 2390 1507 tui

829 1565 1059 1619 superna
1113 1550 1405 1602 intuentur.
1438 1544 1591 1612 Quod
1646 1547 1688 1599 si
1743 1560 1976 1612 unquam
2020 1558 2074 1601 et
2118 1556 2169 1599 tu
2214 1546 2393 1600 carnis

832 1641 1205 1694 aﬂ‘ectinnibus
1244 1651 1292 1693 te
1324 1641 1433 1707 ipse
1469 1639 1903 1702 dedccoraveris,
1935 1639 2213 1705 ventrique
2246 1646 2301 1691 et
2329 1639 2394 1695 iis

829 1746 948 1799 qua:
992 1731 1092 1785 sub
1149 1740 1335 1784 ventre
1386 1741 1532 1792 sunt,
1573 1730 1827 1784 servieris
1874 1749 1888 1785 :
1934 1730 2278 1796 Comparatus
2334 1747 2393 1787 es

826 1823 1074 1893 iumentis
1128 1821 1511 1890 insipientibus,
1557 1833 1605 1875 et
1647 1823 1835 1877 similis
1881 1823 2051 1890 factus
2092 1836 2150 1875 es
2194 1822 2389 1881 illis“.

2492 632 2611 686 οὔτε
2639 649 2721 696 τις
2752 632 2905 693 ἄλλος
2931 630 3127 701 τρόπος
3171 628 3267 699 τὴν
3293 629 3537 700 διαδοχὴν
3572 627 3905 698 συνίστησιν,
3943 629 4055 681 ἀλλ’

2492 725 2558 777 ἐκ
2588 723 2685 791 τῆς
2715 728 2817 794 γῆς
2846 726 2989 775 ἐστιν
3021 724 3204 786 αὐτοῖς
3232 722 3263 791 ἡ
3294 720 3503 788 γένεσις
3525 724 3658 792 (l7).
3697 719 4058 788 Ἐξαγαγ-ἐτω

2492 818 2531 879 ἡ
2563 816 2636 886 Τῆ
2665 818 2891 885 ψυχήν.
2921 814 3000 867 Τὰ
3031 814 3199 885 κτήνη
3219 816 3381 884 γήινα
3410 817 3657 887 καὶπρὸς
3678 814 3778 885 γῆν
3810 813 4059 864 νενευκό-

2492 926 2559 959 τα
2578 925 2591 938 '
2623 906 2756 959 ἀλλά
2776 908 2834 960 16
2858 907 3103 978 οὐράνιον
3135 907 3294 975 φυτὸν
3318 906 3346 956 6
3368 904 3463 958 ἄνθ
3471 923 3651 974 ρωπος
3678 909 3798 960 ὅσον
3822 904 3899 973 τῷ
3928 905 4057 973 σχή-

2496 1017 2623 1069 ματι
2667 999 2763 1069 τῆς
2807 998 3117 1071 σωματικῆς
3163 998 3521 1059 διαπλάσεως,
3556 999 3804 1053 τοσοῦτον
3851 996 3947 1050 καὶ
3982 996 4060 1065 τῷ

2492 1090 2760 1161 ἀξιώματι
2793 1093 2892 1163 τῆς
2930 1092 3105 1161 ψυχῆς
3144 1090 3434 1163 διενήνοχε.
3469 1089 3585 1140 Τῶν
3622 1091 3965 1162 τετραπόδων
3998 1090 4057 1141 16

2494 1184 2676 1253 σχῆμα
2711 1184 2984 1245 ποταπόνς
3027 1180 3089 1231 Ἠ
3120 1180 3326 1251 κεφαλὴ
3360 1177 3666 1234 αὑτῶνέπὶ
3698 1181 3800 1250 γῆν
3831 1176 4059 1251 προσνέ-

2491 1292 2677 1330 νευκεν
2703 1274 2836 1344 (l8),
2866 1275 2955 1328 ἐπὶ
2981 1271 3218 1342 γαστέρα
3248 1272 3453 1341 βλέπει.
3487 1272 3579 1323 καὶ
3617 1272 3680 1323 τὸ
3721 1274 3923 1343 ταύτης
3960 1270 4057 1340 ἡδὺ

2492 1371 2555 1421 ἐκ
2578 1365 2774 1429 παντὸς
2798 1368 2997 1437 τρόπου
3019 1362 3220 1416 διώκει.
3258 1365 3318 1417 Ἡ
3350 1367 3416 1436 σὴ
3441 1361 3644 1431 κεφαλὴ
3674 1363 3808 1433 πρὸς
3830 1362 4059 1433 οὐρανὸν

2492 1458 2836 1528 διανέστηκεν
2856 1476 2868 1489 ’
2900 1458 2949 1509 οἱ
2971 1454 3234 1524 ὀφθαλμοί
3255 1472 3348 1506 σου
3378 1457 3444 1508 1'1
3474 1457 3583 1508 ἄνω
3610 1452 3893 1520 βλέπουσιν
3921 1451 4057 1521 (19)·

2491 1552 2583 1616 ὡς,
2617 1550 2711 1603 ἐάν
2748 1569 2874 1605 ποτε
2909 1549 3002 1603 καὶ
3036 1550 3097 1600 σὺ
3127 1550 3237 1609 τοῖς
3266 1546 3458 1599 πάθεσι
3504 1546 3604 1615 τῆς
3641 1546 3839 1615 σαρκὸς
3866 1546 4059 1598 ἐαυτὸν

2492 1642 2781 1715 ἀτιμάσῃς,
2816 1642 3011 1713 γαστρὶ
3057 1638 3320 1692 δουλεύων
3380 1642 3473 1691 καὶ
3516 1643 3626 1701 τοῖς
3663 1636 3766 1690 ὑπὸ
3793 1641 4057 1710 γαστέρα,

2492 1735 3031 1803 Παρασυνεϐλήθης
3061 1732 3184 1797 τοῖς
3217 1730 3461 1797 κτήνεσι
3484 1731 3606 1794 τοῖς
3629 1727 3925 1794 ἀνοήτοις,
3960 1731 4057 1783 καὶ

2491 1826 2789 1899 ὡμοιώθης
2813 1826 3031 1891 αὐτοῖς.
3058 1825 3225 1893 ’Ἄλλη
3264 1842 3343 1877 σοι
3391 1822 3627 1895 μέριμνα
3661 1823 3967 1893 πρέπουσα,
3989 1822 4063 1874 τὰ

834 1918 993 1971 Decet
1025 1926 1076 1970 te
1110 1916 1212 1969 alia
1241 1930 1392 1981 cura,
1420 1930 1660 1984 qumrere
1695 1916 1946 1968 nimirum
1997 1928 2061 1965 ea
2102 1912 2231 1978 Qum
2276 1931 2394 1967 sur-
2426 1924 2465 1978 Β
2495 1920 2517 1973 ἀ

2380 1946 2394 1959 -
2426 1924 2465 1978 Β
2495 1919 2612 1973 ἀνω
2659 1916 2859 1989 ζητεῖν,
2893 1914 2963 1974 οὗ
2994 1916 3101 1986 (20)
3124 1919 3154 1968 ό
3189 1918 3438 1984 Χριστός
3469 1917 3655 1979 ἐστιν,
3685 1914 3823 1985 ὑπὲρ
3847 1912 3914 1966 τά
3939 1914 4063 1982 γήι-

831 2024 945 2061 sum
977 2017 1119 2069 sunt,
1158 2008 1241 2060 ubi
1273 2007 1511 2060 Christus
1539 2018 1611 2059 est
1645 2006 1706 2067 ¹³,
1738 2019 1799 2056 ac
1828 2012 2057 2056 mentem
2090 2018 2251 2071 super
2275 2015 2395 2059 ter-

834 2101 1022 2153 restria
1078 2100 1367 2168 suriigere.
1408 2096 1475 2151 Ut
1522 2094 1891 2149 conformatus
1950 2109 2042 2158 es,
2104 2094 2177 2148 ita
2234 2096 2395 2151 etiam

832 2195 1054 2260 dispone
1087 2204 1233 2247 tuam
1282 2191 1446 2261 ipsius
1473 2189 1681 2245 .vitam.
1714 2186 2067 2242 Cunversatio
2105 2196 2194 2240 tua
2234 2189 2303 2243 sit
2344 2189 2397 2242 in

829 2285 981 2339 cmlis
1016 2287 1057 2315 ιδ
1094 2304 1105 2337 :
1139 2300 1261 2336 vera
1311 2292 1395 2335 tua
1438 2282 1609 2350 patria
1665 2289 1748 2333 est
1787 2294 2016 2347 superna
2062 2277 2392 2343 Jerusalem;

828 2378 975 2431 cives
1012 2386 1066 2428 et
1115 2374 1358 2439 tribules,
1396 2371 1736 2442 primogeniti
1791 2370 1887 2439 ipsi
1924 2389 1937 2426 :
1979 2369 2081 2436 Qui
2120 2371 2398 2438 conscripti

828 2479 949 2525 sunt
981 2471 1032 2522 in
1057 2469 1196 2522 culis
1233 2468 1298 2523 ".

902 2564 1011 2635 82
1040 2564 1093 2619 ’5.
1126 2560 1389 2616 Producat
1422 2570 1559 2615 terra
1588 2559 1816 2612 animam
1843 2559 2112 2611 viventem.
2137 2554 2263 2620 Quae
2295 2554 2397 2624 igi-

838 2667 924 2709 tur
953 2658 1230 2711 brutorum
1280 2659 1457 2708 anima
1501 2653 1745 2714 emersit,
1779 2665 1839 2703 ea
1886 2666 1987 2702 non
2019 2658 2136 2703 erat
2171 2649 2220 2701 in
2254 2656 2397 2700 terra

837 2748 1135 2810 recoodita;
1172 2746 1262 2799 sed
1297 2743 1453 2797 simul
1501 2757 1619 2794 cum
1669 2748 1934 2806 praecepto
1978 2747 2155 2788 ortum
2191 2736 2392 2788 habuit.

839 2838 950 2891 Una
979 2848 1156 2888 autem
1192 2843 1275 2886 est
1314 2835 1592 2886 brutorum
1627 2830 1843 2891 anima;
1875 2826 2137 2894 siquidem
2171 2823 2396 2877 rationis

831 2928 1078 2996 privatio,
1113 2925 1253 2979 illius
1282 2925 1567 2977 character
1593 2932 1676 2975 est
1703 2937 1717 2973 :
1743 2919 1971 2975 diversis
2000 2931 2125 2970 vero
2154 2914 2395 2983 proprie-

834 3021 1030 3073 tatibus
1078 3016 1282 3085 singula
1338 3015 1738 3083 distinguuntur
1784 3009 2058 3064 animalia.
2110 3008 2203 3060 Est
2249 3006 2392 3059 enim

833 3109 930 3163 bos
957 3116 1210 3162 constans
1241 3115 1293 3160 et
1328 3104 1536 3167 ﬁrmus,
1568 3105 1752 3158 asinus
1784 3102 1952 3172 piger,
1986 3101 2181 3153 ardens
2225 3112 2395 3166 equus

832 3201 899 3253 ad
953 3198 1304 3268 appetendam
1353 3196 1640 3259 feminam,
1698 3195 1883 3264 nequit
1932 3192 2159 3246 cicurari
2208 3188 2393 3259 lupus,

2498 2030 2561 2065 να
2589 2004 2725 2063 εἶναι
2772 2014 2835 2084 τῇ
2865 2009 3087 2079 διανοίᾳ..
3126 2008 3211 2071 Ὠς
3236 2008 3721 2080 .διεσχηματίσθης,
3762 2007 3906 2060 οὕτω
3946 2006 4062 2058 διά-

2499 2104 2588 2155 θου
2617 2103 2842 2155 σεαυτοῦ
2875 2105 2965 2155 καὶ
2984 2101 3071 2154 16v
3100 2097 3231 2169 βίον.
3264 2097 3336 2151 T6
3366 2099 3663 2169 πολίτευμα
3689 2098 3776 2169 ἔχε
3806 2102 3863 2151 ἐν
3900 2100 4065 2168 ούρα-

2499 2200 2623 2261 νοῖς.
2662 2197 2908 2267 Ἀληθινή
2946 2214 3037 2249 σου
3068 2195 3262 2261 πατρὶς
3287 2194 3320 2262 ἡ
3354 2192 3464 2245 ἄνω
3507 2191 3882 2262 Ἰερουσαλὴμ,
3916 2192 4065 2243 πολίο

2496 2307 2583 2343 ται
2608 2289 2701 2343 καὶ
2724 2289 3059 2358 συμφυλέται
3082 2290 3131 2341 οί
3162 2285 3507 2355 πρωτότοκοι,
3532 2287 3595 2337 Ol
3618 2282 4065 2352 ἀπογεγραμμέ-

2498 2401 2587 2437 νοι
2617 2384 2685 2436 ἐν
2713 2383 3008 2449 οὐρανοῖς.

2567 2568 2618 2621 3.
2667 2562 3020 2633 Ἐξαγαγέτω
3069 2564 3107 2631 ἡ
3152 2560 3226 2633 γῆ
3260 2562 3472 2632 ψυχὴν
3502 2561 3712 2623 ζῶσαν.
3765 2562 3852 2615 Οὐ·
3882 2561 4065 2613 τοίνυν

2497 2657 2889 2727 ἐναποκειμένη
2913 2659 2997 2728 -τῇ
3027 2658 3097 2727 γῇ
3144 2658 3179 2728 ἡ
3226 2655 3372 2728 ψυχὴ
3411 2655 3519 2709 τῶν
3552 2656 3757 2723 ἀλόγων
3791 2652 4027 2723 ἐξεφάνη
4050 2669 4061 2681 ·

2496 2748 2608 2799 ἀλλ’
2630 2745 2761 2817 όμοῦ
2795 2745 2872 2816 τῷ
2902 2746 3283 2818 προστάγματι
3312 2746 3633 2814 συνυπέστη.
3678 2743 3790 2796 Μία
3832 2742 3889 2795 δὲ
3919 2742 4065 2811 ψυχὴ

2494 2836 2601 2887 τῶν
2629 2837 2857 2904 ἀλόγων.
2897 2838 2991 2888 Ἓν
3024 2837 3131 2905 γὰρ
3157 2835 3322 2905 αὐτὴν
3368 2834 3429 2886 τὸ
3460 2832 3859 2904 χαρακτηρίζον
3893 2832 4063 2895 ἐστὶν,

2494 2928 2525 2996 ή
2564 2926 2771 2995 ἀλογία.
2818 2926 3087 2996 Ἰδιώμασι
3121 2926 3174 2978 δὲ
3201 2925 3471 2996 διαφόροις
3507 2925 3733 2978 ἕκαστον
3766 2923 3877 2976 τῶν
3907 2923 4064 2989 ζώων

2496 3020 2741 3090 κέκριται
2778 3019 2907 3090 (El).
2940 3018 3219 3089 Εὐσταθὴς
3252 3020 3348 3089 μὲν
3380 3018 3487 3090 γάρ
3511 3017 3538 3068 6
3570 3016 3716 3087 βοῦς,
3749 3017 3928 3089 νωθὴς
3954 3018 4008 3073 δὲ
4039 3022 4066 3071 6

2495 3114 2633 3177 6vo;,
2682 3112 2880 3186 θερμὸς
2922 3112 2979 3166 δὲ
3017 3114 3045 3166 6
3098 3112 3261 3176 ἵππος
3308 3111 3443 3182 πρὸς
3494 3111 3787 3181 ἐπιθυμίαν
3832 3111 3927 3165 τοῦ
3968 3112 4067 3183 θή-

2496 3206 2613 3270 λεος
2637 3206 2770 3277 (ἳῖ),
2801 3204 3184 3268 ἀτιθάσσευτος
3219 3207 3247 3258 6
3275 3203 3458 3269 λύκος,
3492 3204 3585 3258 καὶ
3610 3202 3825 3274 δολερὸν
3856 3206 3888 3274 ἠ
3928 3204 4069 3257 ἀλώ-

832 3289 1016 3343 dolosa
1041 3299 1124 3342 est
1145 3286 1352 3357 vulpes,
1375 3286 1595 3341 timidus
1622 3301 1832 3349 cervus,
1857 3283 2074 3339 lormica
2108 3280 2393 3348 laboriosa,
2423 3266 2465 3323 (ἒ
2498 3319 2515 3353 1

2385 3324 2393 3348 ι
2423 3266 2465 3323 C
2498 3266 2828 3371 mé,‘6ei)l6v
2858 3302 2885 3354 6
2917 3300 3132 3370 ἔλαφος,
3241 3266 3459 3369 μύρμηξ
3507 3266 3807 3366 φιλόπονος,
3848 3266 4068 3365 εύχάρι-

831 3384 984 3438 canis
1015 3392 1202 3453 gratus
1231 3390 1333 3449 est,
1366 3393 1419 3435 et
1458 3381 1707 3435 amicitiae
1750 3392 1979 3434 memor.
2010 3376 2295 3431 Enimvero
2325 3375 2399 3428 si-

836 3476 1110 3544 mulatque
1158 3474 1433 3542 quodlibet
1479 3473 1674 3525 animal
1729 3480 1966 3525 creatum
2014 3478 2134 3533 est,
2184 3468 2398 3521 inducta

834 3577 915 3620 est
946 3566 994 3620 ei
1027 3575 1234 3617 natura:
1260 3579 1370 3618 suae
1393 3570 1713 3633 proprietas.
1738 3563 2002 3616 Producta
2032 3571 2113 3615 est
2141 3577 2244 3614 una
2276 3577 2396 3614 cum

841 3654 994 3708 leone
1029 3653 1366 3708 vehementia
1397 3652 1585 3716 animi,
1609 3651 1821 3705 vivendi
1856 3650 1990 3704 ratio
2022 3648 2281 3711 solitaria,
2312 3649 2395 3699 in-

840 3746 989 3800 doles
1014 3746 1255 3815 quadam
1281 3760 1399 3798 cum
1428 3745 1539 3798 suis
1570 3744 1854 3798 tribulibus
1884 3738 2232 3797 insociabilis.
2263 3736 2395 3790 Nam

842 3838 988 3892 velut
1038 3839 1252 3908 quidam
1306 3839 1580 3893 brutarum
1634 3838 1982 3891 animantium
2024 3844 2303 3906 tyrannus,
2330 3832 2398 3885 ob

852 3940 1055 3984 natura:
1089 3930 1414 3999 superbiam,
1450 3930 1645 3982 multos
1674 3928 1773 3982 sibi
1806 3942 1960 3997 pares
1986 3940 2102 3980 esse
2130 3933 2182 3979 et
2214 3938 2397 3992 aequa-

845 4019 925 4075 les
954 4037 1057 4074 non
1087 4021 1232 4076 sinit.
1262 4020 1361 4087 Qui
1392 4036 1521 4074 sane
1550 4035 1720 4088 neque
1754 4020 2061 4073 hesternum
2090 4016 2397 4072 alimentum

834 4114 1090 4175 admittit,
1128 4129 1299 4181 neque
1342 4115 1406 4166 ad
1443 4129 1552 4166 sua:
1582 4114 1772 4181 praeda;
1819 4112 2070 4180 reliquias
2103 4111 2242 4164 redit
2270 4131 2281 4164 :
2314 4108 2396 4162 cui

834 4206 998 4257 etiam
1043 4212 1187 4257 tanta
1236 4204 1380 4257 vocis
1424 4218 1624 4272 organa
1679 4203 1865 4255 indidit
1907 4209 2117 4263 natura,
2150 4210 2208 4253 ut
2247 4200 2397 4269 plura

834 4295 1085 4349 animalia
1122 4295 1275 4365 longe
1307 4295 1422 4366 ipso
1449 4296 1739 4354 velociora,
1768 4293 1883 4347 solo
1924 4306 2064 4360 sape
2111 4291 2282 4359 rugitu
2314 4305 2397 4344 ca-

834 4390 1068 4457 piantur.
1098 4386 1402 4443 Vehemens
1434 4399 1518 4443 est
1555 4388 1837 4457 panthera,
1867 4398 1923 4440 et
1949 4387 2013 4439 ad
2050 4384 2282 4453 impetus
2312 4397 2395 4436 re-

835 4480 1082 4543 pentinos
1122 4479 1366 4547 expedita
1402 4499 1415 4533 :
1451 4494 1645 4547 corpus
1686 4478 1912 4547 agilitati
1958 4486 2014 4532 et
2053 4474 2255 4529 levitati
2291 4473 2396 4527 Μο-

2500 3409 2622 3447 στον
2650 3396 2677 3447 ὁ
2711 3395 2853 3447 κύων
2897 3394 2990 3445 καὶ
3021 3393 3157 3462 πρὸς
3188 3391 3367 3459 φιλίαν
3398 3388 3747 3459 μνημονικόν.
3788 3388 3957 3455 Ὁμοῦ
3999 3404 4063 3440 τε

2497 3483 2603 3551 γάρ
2640 3482 2859 3549 ἐκτίσθη
2889 3482 3136 3540 ἕκαστον,
3169 3480 3261 3530 καὶ
3291 3476 3696 3545 συνεπηγάγετο
3728 3473 3839 3545 (25)
3888 3475 4068 3545 ἐαυτῷ

2494 3573 2591 3640 τῆς
2622 3573 2834 3640 φύσεως
2877 3571 2936 3623 τὸ
2961 3570 3173 3640 ίδίωμα.
3216 3567 3661 3638 Συναπεγεννήθη
3711 3569 3740 3620 6
3782 3566 3957 3637 θυμὸς
3986 3567 4067 3636 τῷ

2495 3663 2688 3725 λέοντι,
2724 3663 2782 3716 16
2819 3663 3137 3733 μοναστικὸν
3170 3661 3331 3714 αὑτοῦ
3356 3660 3455 3730 τῆς
3481 3660 3642 3731 ζωῆς,
3669 3660 3732 3713 16
3758 3659 4066 3730 ἀκοινώνη-

2494 3770 2585 3806 τον
2631 3754 2768 3824 πρὸς
2816 3752 2876 3806 16
2912 3751 3198 3823 ὁμόφυλον.
3237 3747 3361 3805 Οἷον
3398 3752 3508 3823 γάρ
3539 3768 3622 3815 τις
3657 3749 3921 3821 τύραννος
3958 3751 4068 3802 τῶν

2496 3846 2731 3915 ἀλόγων,
2763 3846 2850 3900 διὰ
2875 3847 2972 3916 τὴν
3000 3848 3064 3900 ἐκ
3083 3845 3292 3915 φύσεως
3318 3844 3615 3915 ὑπεροψίαν
3645 3842 3743 3913 τὴν
3779 3842 3916 3912 πρὸς
3939 3842 4068 3905 τοτις

2499 3939 2722 4002 πολλοὺς
2744 3938 3028 4010 ὁμοτιμίαν
3068 3940 3126 3991 οὑ
3158 3937 3526 4006 καταδέχεται.
3569 3936 3666 3994 '0;
3693 3950 3757 4001 γε
3789 3934 3908 3987 οὐδὲ
3951 3934 4068 4003 χθι-

2498 4033 2595 4103 ζὴν
2622 4034 2824 4103 τροφὴν
2852 4046 3151 4101 προσιεται,
3178 4029 3288 4081 οὐδ’
3318 4028 3382 4080 ἂν
3407 4027 3475 4079 τὰ
3502 4026 3725 4095 λείψανα
3750 4028 3849 4095 τῆς
3872 4023 4066 4077 ἑαυτοῦ

2498 4125 2668 4196 θήρας
2691 4124 2903 4177 ἐπέλθοι
2919 4140 2931 4153 ο
3030 4123 3121 4175 καὶ
3141 4120 3439 4192 τηλικαῦτα
3464 4120 3561 4188 τῆς
3589 4118 3774 4189 φωνῆς
3798 4117 3869 4171 τὰ
3898 4117 4069 4187 ὀργα-

2495 4236 2562 4271 να
2606 4219 2637 4288 ἡ
2674 4217 2833 4285 φύσις
2862 4214 3137 4283 ἐνέθηκεν,
3172 4212 3332 4275 ὥστε,
3368 4211 3536 4264 πολλὰ
3572 4210 3681 4263 τῶν
3710 4209 3864 4274 ζώων
3893 4210 4067 4281 ὑπερ-

2495 4307 2753 4363 ϐάλλοντα
2783 4310 2846 4377 τῇ
2873 4307 3151 4377 ταχύτητι,
3205 4306 3350 4376 μόνῳ
3398 4304 3656 4369 πολλάκις
3682 4304 3961 4358 άλίκεσθαι

2496 4398 2824 4469 βρυχήματι.
2865 4397 3145 4465 Ῥαγδαῖον
3192 4398 3225 4465 ὴ
3278 4395 3559 4467 πάρδαλις,
3616 4395 3711 4449 καὶ
3764 4394 4069 4465 ὀξύρροπον

2492 4490 2611 4549 ταῖς
2639 4489 2867 4558 ὁρμαῖς’
2914 4485 3217 4555 ἐπιτήδειον
3247 4485 3381 4555 αὐτῇ
3421 4484 3481 4537 16
3521 4484 3678 4554 σῶμα
3712 4482 4069 4546 συνέζευκται

834 4586 1016 4634 neum,
1047 4571 1297 4639 quodque
1337 4572 1528 4624 animae
1580 4573 1810 4625 motibus
1861 4572 2126 4634 convenit,
2162 4568 2210 4622 ei
2257 4582 2389 4622 con-
2422 4611 2463 4666 υ
2494 4595 2517 4631 τ

2384 4596 2389 4605 ’
2422 4611 2463 4666 D
2494 4580 2556 4649 τῇ
2585 4578 2838 4647 ὑγρότητι
2868 4579 2962 4630 καὶ
2996 4576 3075 4647 τῷ
3101 4575 3307 4645 κούφῳ,
3335 4578 3447 4639 τοῖς
3476 4577 3570 4646 τῆς
3599 4574 3772 4643 ψυχῆς
3802 4574 4067 4643 κινήμασι

824 4659 1065 4728 junctum
1094 4672 1193 4716 est.
1216 4661 1375 4729 Pigra
1404 4672 1485 4716 est
1519 4677 1657 4715 ursae
1689 4671 1901 4724 natura,
1928 4659 2133 4713 indoles
2164 4656 2390 4727 peculia-

828 4755 925 4818 ris,
963 4769 1139 4808 morcs
1186 4755 1413 4818 subdoli,
1444 4766 1497 4808 et
1543 4754 1647 4807 alte
1688 4753 1834 4807 tecti.
1872 4752 2059 4807 induta
2103 4762 2187 4807 est
2227 4754 2387 4806 etiam

2498 4668 2881 4739 συνεπόμενον.
2905 4668 3107 4740 Νωθρά
3133 4670 3165 4739 ἠ
3192 4667 3351 4736 φύσις
3381 4668 3478 4737 τῆς
3509 4668 3729 4737 ἄρκτου,
3768 4664 4069 4733 ίδιότροπον

2496 4761 2590 4814 καὶ
2616 4758 2677 4812 16
2707 4756 2857 4830 ἦθος,
2888 4759 3137 4824 ὓπουλον,
3180 4758 3315 4830 βαθὺ
3351 4756 3629 4820 ἐνδεδυκός
3668 4754 3801 4825 (ει).
3840 4754 4068 4825 Ὅμοιον

893 4923 955 4984 ⁷⁸³
971 4953 1109 5008 Psal-
1133 4970 1317 5015 XLVIII,
1345 4955 1427 5009 l3.
1463 4954 1725 5009 "Coloss.
1768 4970 1847 5019 ιιι,
1891 4952 1940 5006 l.
2020 4951 2063 4983 "
2096 4950 2322 5020 Philipp.
2366 4966 2449 5019 ιιι,
2477 4950 2567 5006 20.

1554 4954 1725 5009 ζοιοεε.
1768 4970 1847 5019 ιιι,
1891 4952 1940 5006 l.
2020 4951 2063 4983 "
2096 4950 2322 5020 Philipp.
2366 4966 2449 5019 ιιι,
2477 4950 2567 5006 20.
2646 4954 2688 4985 ⁸⁵
2718 4951 2883 5009 Hebr.
2920 4970 3021 5020 xu,
3046 4955 3138 5020 22,
3168 4953 3237 5009 25

910 5094 1203 5169 (Πγῐζεξε.Δ
1237 5095 1456 5169 quintus
1500 5094 1681 5169 αὐτοῖς
1728 5096 1759 5163 η
1804 5092 2073 5169 γέννησις.
2108 5091 2393 5169 Aliquanto

830 5160 948 5235 post
978 5160 1156 5217 editio'
1178 5160 1335 5217 Basil.
1369 5181 1487 5235 cum
1511 5168 1690 5217 nmltts
1715 5160 1842 5217 ttiss.
1862 5166 1889 5216 6
1908 5160 2219 5235 ἄνθρωπος.
2236 5160 2397 5215 Deest

830 5234 1090 5289 articulus
1120 5236 1172 5287 in
1204 5236 1439 5286 editione
1473 5234 1650 5287 Paris.

898 5305 1008 5374 (l8)
1050 5304 1227 5357 tlodex
1260 5305 1501 5358 Combel'.
1536 5320 1656 5357 cum
1690 5304 2006 5374 quibusdam
2045 5318 2173 5355 mss.
2207 5302 2386 5374 νένευς-

828 5371 941 5428 κεν.
975 5371 1110 5427 ιζιιὶιι
1140 5392 1259 5429 cum
1285 5375 1600 5443 quihusdam
1633 5374 1751 5426 aliis
1774 5372 2187 5443 προσνένευκεν.
2207 5371 2385 5441 IConf.

831 5446 928 5499 Mel
971 5448 1098 5498 tium
1136 5446 1185 5497 in
1228 5442 1465 5499 Ciameri
1501 5444 1752 5496 Anecdot.
1793 5442 1829 5513 ι.
1853 5443 1933 5495 ΙΙΙ.
1961 5442 2109 5513 p.7.]

905 5516 1009 5581 (l9)
1043 5516 1260 5569 Veteres
1289 5517 1526 5583 quinque
1561 5514 1675 5565 libri
1715 5512 2019 5582 βλέπουσιν.
2046 5512 2178 5580 Reg.
2209 5522 2389 5566 sextus

829 5586 1118 5639 σκοποῦσιν
1152 5586 1254 5648 ἓως
1288 5586 1372 5637 ἄν.
1414 5587 1550 5637 Editi
1595 5583 1969 5635 σκοπεύουσιν.

902 5657 1012 5725 (20)
1052 5655 1202 5709 Colb.
1238 5659 1502 5708 secundus
1556 5654 1734 5723 ζητεῖν
1765 5655 1897 5707 ὅπου
1944 5654 1992 5705 6.
2025 5650 2216 5706 Statim
2258 5652 2385 5721 Reg.

829 5729 1048 5795 quintus
1079 5726 1245 5789 οὕτως
1272 5726 1453 5777 διάθου
1487 5726 1729 5777 σεαυτόν.

902 5794 1009 5865 (21)
1043 5796 1189 5850 Colb.
1231 5799 1495 5849 secundus
1530 5795 1683 5859 ζώων
1713 5794 2075 5865 διακέκριται.

903 5862 1014 5936 (22)
1055 5868 1229 5922 Editio
1275 5867 1433 5920 Bastl.
1488 5883 1610 5921 cum
1654 5881 1744 5920 sex
1773 5862 1921 5920 ωδε(
1953 5863 2243 5935 ἐπιθυμίαν
2295 5862 2386 5916 τοῦ

2501 5092 2708 5163 θήλεος.
2752 5093 2856 5146 Sed
2899 5095 3211 5163 typographi
3245 5091 3597 5153 Parisienses,
3632 5089 3773 5157 quod
3808 5089 3955 5163 hunc
3975 5090 4068 5163 Alo-

2500 5160 2621 5215 cum
2660 5160 3064 5218 vitiosum'esse
3109 5160 3379 5231 putarent,
3424 5163 3802 5231 scripserunt:
3831 5160 3936 5229 τῆς
3967 5160 4066 5231 Θή-

2499 5232 2638 5296 λεος,
2674 5237 2764 5287 sed
2797 5230 3289 5302 perperam.iGrt£ci
3319 5234 3462 5284 enim
3494 5234 3673 5283 dicunt
3699 5233 3726 5283 6
3757 5230 3927 5302 θῆλυς
3952 5230 4068 5283 ἐλέ·

2495 5321 2620 5371 φας,
2679 5303 2870 5370 femina
2898 5301 3130 5370 elephas
3157 5306 3226 5355 :6
3261 5302 3423 5372 θῆλυς
3476 5302 3662 5363 ἵππος,
3713 5318 3867 5367 equa.
3903 5301 4069 5370 Igitur

2512 5386 2614 5427 )USI.
2645 5375 2746 5444 has
2781 5389 2955 5436 Voces,
3009 5373 3101 5425 τοῦ
3146 5371 3355 5444 θήλεος,
3388 5375 3635 5444 suppleas
3670 5372 3826 5423 velim
3874 5371 4063 5444 ἵππου.

2520 5446 2691 5497 bidem
2720 5443 2869 5512 Regii
2903 5454 3083 5496 sextus
3111 5454 3162 5497 et
3197 5441 3421 5512 Octavus
3467 5441 3880 5494 ἀτιθάσσευτον.
3927 5443 4067 5494 Editi

2495 5530 2615 5566 cum
2641 5515 2759 5565 aliis
2792 5511 2915 5567 mss.
2941 5512 3344 5575 άτιθάσσευτος.
3377 5511 3517 5565 Nihil
3551 5513 3713 5564 refert
3748 5514 3848 5563 hoc
3875 5529 3943 5564 an
3979 5511 4069 5564 illo

2500 5584 2656 5636 modo
2704 5584 2866 5651 legas.
2920 5585 3115 5636 Ibidem
3154 5585 3303 5635 multi
3343 5599 3473 5636 mss.
3513 5584 3605 5635 καὶ
3637 5580 3876 5651 δολερὸν.
3909 5581 4067 5636 Deest

2497 5654 2588 5705 καί
2626 5656 2673 5703 in
2715 5649 2890 5706 editis.
2939 5653 3057 5705 Mox
3098 5654 3227 5720 Reg.
3267 5662 3450 5706 sextus
3494 5649 3716 5722 μύρμηξ
3748 5649 4062 5721 φιλόπονον.

2569 5722 2678 5793 (‘25)
2710 5722 2839 5789 Reg.
2882 5735 3064 5777 sixtns
3100 5723 3531 5791 συναπηγάγετο.

2567 5791 2677 5860 (ιιι)
2724 5794 2817 5845 Ms.
2850 5793 3093 5847 Comhef.
3138 5811 3255 5845 cum
3302 5798 3431 5862 lieg.
3464 5802 3655 5846 octavo
3684 5792 3820 5860 βαθὺ
3855 5791 3952 5846 καὶ
3978 5791 4065 5846 ἔνο

2495 5864 2732 5927 δεδυκὸς.
2770 5866 2921 5920 υυο.δι
2954 5865 3049 5916 καί
3084 5869 3136 5921 ιιι
3167 5864 3325 5919 editis
3355 5874 3406 5918 ct
3438 5865 3489 5917 in
3521 5864 3640 5919 altis
3671 5879 3800 5919 mss.
