4262 6496
769 407 867 463 195

770 615 994 670 Eosdem
1023 614 1184 667 etiam
1217 613 1470 677 exsiccat,
1507 622 1637 678 tum,
1667 629 1789 668 cum
1825 628 1918 668 eos
1948 616 2109 667 sentit
2153 614 2328 665 made-

772 706 939 762 factos
974 724 985 758 :
1020 719 1116 758 nec
1157 705 1299 758 omni
1355 714 1592 773 tempore
1632 719 1724 759 eos
1765 704 2050 774 expromit,
2086 704 2173 757 sed
2211 719 2331 757 cum

771 812 947 851 aerem
983 797 1032 849 in
1070 810 1261 850 sereno
1290 804 1428 849 statu
1461 811 1772 850 mansurum
1807 811 1928 851 esse
1971 793 2328 864 praesenserit.

775 886 888 940 Non
923 887 1105 955 utique
1141 887 1323 940 videas
1355 887 1580 940 imbrem
1623 902 1689 941 ex
1732 887 1962 942 nubibus
1992 886 2330 950 deﬂuentem,

772 988 971 1046 quanto
1025 987 1264 1046 tempore
1314 993 1342 1031 a
1390 976 1628 1032 formicis
1660 980 1961 1049 expositum
2005 978 2333 1032 frumentum

773 1079 872 1124 est.
911 1069 1043 1134 Quis
1091 1085 1268 1124 sermo
1320 1071 1432 1125 haec
1485 1072 1652 1138 possit
1708 1072 1958 1140 assequi?
1991 1073 2110 1139 quis
2161 1071 2336 1138 capiet

773 1159 1027 1214 auditus?
1067 1161 1336 1228 quodnam
1382 1171 1587 1230 tempus
1619 1164 1748 1216 satis
1777 1163 1879 1216 erit
1908 1163 2146 1217 dicendis
2175 1177 2334 1214 enar-

775 1253 1065 1321 randisque
1109 1253 1317 1321 opificis
1361 1254 1632 1308 miraculis
1674 1257 1956 1310 omnibus?
1991 1256 2239 1310 Dicamus
2280 1265 2337 1309 et

774 1357 870 1396 nos
915 1359 1036 1397 cum
1085 1343 1349 1411 Propheta
1385 1365 1396 1398 :
1430 1345 1598 1410 Quam
1648 1348 1977 1415 magni/iouia
2018 1358 2133 1400 sunt
2178 1365 2332 1412 opera

773 1445 883 1499 (ua,
925 1433 1186 1488 Domine!
1222 1438 1390 1489 omnia
1445 1439 1496 1489 in
1539 1439 1788 1505 sapientia
1838 1440 2004 1506 fecisti
2035 1441 2098 1493 ³⁸.
2154 1439 2334 1507 Itaque

775 1525 916 1579 haud
950 1528 1193 1582 excusari
1227 1530 1539 1596 poterimus,
1567 1532 1704 1597 quod
1736 1545 1794 1584 ea
1827 1546 1944 1599 qua:
1977 1531 2330 1584 conducibilia

775 1627 919 1681 sunt,
949 1616 1140 1670 litteris
1190 1635 1290 1670 non
1343 1636 1524 1672 sumus
1570 1622 1742 1675 edocti
1776 1641 1788 1674 :
1821 1622 2251 1690 quandoquidem
2283 1624 2333 1674 id

776 1705 914 1772 quod
962 1707 1090 1759 utile
1137 1718 1237 1772 est,
1276 1725 1368 1778 per
1408 1711 1574 1780 legem
1624 1724 1828 1766 naIurze
1858 1713 1991 1766 citra
2034 1714 2333 1766 doctrinam

779 1797 931 1850 nobis
963 1799 1158 1864 eligere
1187 1800 1330 1854 licet.
1368 1803 1486 1856 Scis
1517 1805 1639 1870 quid
1680 1819 1708 1856 a
1743 1815 1792 1858 te
1816 1804 1938 1858 boni
1972 1806 2333 1874 praestandum

2062 408 2118 462 S.
2162 404 2402 459 BASILII
2440 400 2655 457 MAGNI

768 529 1034 579 minantes
1073 523 1172 578 sibi
1219 523 1283 576 ad
1331 523 1720 576 nutrimentum
1758 521 1972 577 inutiles
2008 523 2322 577 reddantur.
2356 526 2398 580 Α
2431 518 2687 588 νώμενος.

3903 392 4011 446 196

2742 515 3026 570 Διακόπτει
3087 514 3191 584 γὰρ
3247 515 3366 576 ταῖς
3413 512 3603 565 ἐαυτοῦ
3650 511 3841 582 χηλαῖς
3895 511 4010 562 τῶν

2443 608 2667 676 καρπῶν
2712 608 2770 659 τὸ
2810 608 3148 677 μεσαίτατον,
3184 606 3256 667 ὡς
3296 605 3360 658 ἂν
3398 606 3472 674 μὴ
3515 605 3805 672 ἐκφυέντες
3841 602 4014 672 ἄχρη-

2443 717 2554 751 στοι
2587 700 2720 770 πρὸς
2754 701 2953 770 τροφὴν
2988 699 3132 768 αὐτῷ
3169 698 3428 766 γένοιντο.
3475 696 3582 747 Καὶ
3608 694 3855 764 διαψύχει
3885 693 4016 745 τού-

2438 811 2582 856 τους,
2637 794 2762 845 ὅταν
2808 791 3056 862 αἴσθηται
3091 790 3267 844 αὐτῶν
3309 789 3638 858 διαϐρόχωνο
3689 789 3781 839 καὶ
3814 789 3917 839 οὐκ
3952 788 4014 838 ἐν

2441 885 2603 938 παντὶ
2638 883 2926 955 προϐάλλει
2962 882 3153 954 καιρῷ,
3193 881 3305 934 ἀλλ’
3347 881 3474 932 ὅταν
3510 877 3870 948 προαίσθηται
3911 876 4009 928 τοῦ

2441 976 2596 1046 ἀέρος
2653 977 2711 1027 ἐν
2775 974 2951 1044 εὐδινῇ
3016 974 3125 1041 (54)
3185 971 3513 1026 καταστάσει
3578 968 4009 1039 φυλαττομένου.

2455 1067 2666 1136 Ἀμέλει
2715 1068 2812 1118 οὐκ
2852 1066 2918 1118 ἂν
2954 1065 3079 1127 ἴδοις
3110 1063 3310 1135 ὄμϐρον
3357 1083 3420 1116 εκ
3463 1063 3637 1132 νεφῶν
3678 1060 4012 1131 ἐπιρρυέντα

2443 1161 2571 1228 παρ’
2597 1160 2716 1211 ὅσον
2747 1159 2934 1228 χρόνον
2977 1157 3040 1208 ἐκ
3079 1155 3182 1207 τῶν
3221 1157 3521 1226 μυρμήκων
3566 1157 3594 1206 ὁ
3635 1156 3776 1216 σῖτος
3809 1151 4012 1222 προϐέ-

2444 1249 2652 1320 ϐληται.
2713 1249 2805 1312 Τίς
2855 1250 3109 1318 ἐφίκηται
3157 1247 3266 1316 (55)
3314 1247 3503 1315 λόγος;
3572 1245 3698 1298 ποία
3767 1245 4012 1314 χωρήσει

2441 1342 2576 1411 ἀκοή
2600 1359 2612 1404 ;
2639 1342 2718 1404 τίς
2756 1342 3037 1412 ἐξαρκέσει
3075 1339 3261 1410 χρόνος
3292 1340 3465 1392 πάντα
3494 1341 3664 1392 εἰπεῖν
3699 1338 3790 1390 καὶ
3819 1337 4018 1407 διηγή-

2443 1433 2632 1485 σασθαι
2662 1433 2752 1486 τοῦ
2769 1435 3007 1503 τεχνίτου
3031 1433 3097 1485 τὰ
3128 1431 3412 1501 Θαύματα;
3440 1432 3694 1502 Εἷπωμεν
3722 1432 3817 1485 καὶ
3847 1433 4013 1500 ἡμεῖς

2446 1523 2582 1594 μετὰ
2611 1524 2704 1577 τού
2741 1527 3015 1595 προφήτου
3037 1541 3050 1554 ο
3094 1525 3186 1589 Ὠς
3211 1524 3580 1592 aperuere"
3607 1525 3676 1578 τὰ
3701 1523 3843 1591 ἔργα
3869 1539 4010 1585 σου,

2440 1618 2644 1684 Κύριε·
2680 1616 2873 1668 πάντα
2897 1617 2964 1668 ἐν
3003 1615 3189 1684 σοφίᾳ
3221 1615 3529 1682 ἐποίησας.
3567 1614 3640 1666 Οὐ
3690 1613 3870 1665 τοίνυν
3898 1611 4012 1680 (56)

2443 1710 2571 1776 ἡμῖν
2599 1707 2733 1778 πρὸς
2762 1707 3053 1772 ἀπολογίαν
3095 1707 3365 1776 αὔταρκες
3407 1706 3466 1758 τὸ
3499 1705 3571 1776 μὴ
3600 1706 3888 1775 γράμμασι
3935 1705 4014 1755 δι-

2443 1797 2700 1867 δαχθῆναι
2755 1799 2822 1851 τὰ
2885 1801 3250 1870 συμφέροντα,
3305 1797 3380 1867 τῷ
3432 1796 3696 1866 ἀδιδάκτῳ
3745 1799 3843 1867 τῆς
3910 1796 4015 1864 φύ-

775 1889 843 1942 sit
896 1891 1176 1956 proximo?
1228 1891 1377 1955 Quod
1430 1893 1520 1946 tibi
1578 1894 1674 1962 ipsi
1725 1896 1791 1949 ab
1844 1897 2014 1951 altero
2061 1897 2139 1952 vis
2194 1896 2330 1950 lieri.
2367 1880 2407 1932 Β
2439 1905 2458 1939 ο

2328 1938 2330 1948 ,
2367 1880 2407 1932 Β
2439 1905 2573 1951 σεως
2621 1892 2767 1961 νόμῳ
2816 1891 2913 1961 τὴν
2959 1893 3051 1944 τοῦ
3087 1890 3486 1951 λυσιτελοῦντος
3529 1890 3736 1958 αἵρεσιν
3781 1888 4011 1956 δεξαμέ-

777 1977 926 2029 Nosti
959 1979 1082 2044 quid
1121 1980 1190 2033 sit
1224 1981 1454 2035 malum?
1487 1984 1635 2048 Quod
1663 1985 1773 2053 ipse
1804 1986 1938 2040 nolis
1972 1987 2038 2040 ab
2072 1986 2176 2040 alio
2208 1987 2335 2053 pali.

778 2068 928 2122 Nulla
964 2072 1313 2125 secandarum
1371 2075 1608 2126 radicum
1659 2092 1770 2139 ars,
1813 2077 2012 2130 nullum
2049 2077 2337 2130 herbarum

776 2161 1206 2226 experimentum
1256 2162 1426 2214 brutis
1473 2165 1797 2219 animalibus
1831 2166 2040 2219 utilium
2085 2168 2339 2235 cognitio-

781 2267 899 2301 nem
930 2252 1157 2305 contulit
1184 2270 1196 2305 :
1227 2254 1319 2306 sed
1351 2256 1663 2309 naturaliter
1694 2258 2109 2328 unumquodque
2141 2261 2339 2313 animal

779 2343 965 2396 salutis
1014 2346 1382 2414 comparanda:
1434 2349 1694 2403 rationem
1751 2352 2020 2420 cognovit,
2067 2353 2336 2421 habetque

780 2433 1191 2488 inenarrabilem
1238 2438 1522 2502 quamdam
1575 2453 1693 2492 cum
1744 2452 1806 2494 eo
1858 2441 1997 2508 quod
2047 2442 2339 2496 secundum

780 2531 1023 2575 naturam
1055 2535 1136 2578 est
1167 2526 1634 2581 necessitudinem.

848 2798 900 2850 4.
942 2796 1179 2852 Insident
1225 2808 1401 2851 autem
1452 2807 1507 2853 et
1561 2799 1713 2855 nobis
1766 2800 1993 2854 virtutes
2044 2802 2336 2858 secundum

779 2897 1045 2952 naturam,
1071 2904 1190 2941 cum
1217 2890 1408 2957 quibus
1434 2890 1573 2944 inest
1596 2893 1787 2946 animze
1827 2892 2057 2947 aﬂ’nitas
2087 2894 2334 2962 quaedam

781 2995 888 3033 non
937 2995 1003 3034 ex
1049 2979 1290 3034 doctrina
1341 2981 1656 3048 hominum,
1708 2985 1801 3038 sed
1850 3000 1913 3040 ex
1961 2985 2073 3054 ipsa
2127 2996 2335 3040 natura.

778 3073 1237 3138 Quemadmodum
1288 3075 1428 3127 enim
1491 3076 1634 3129 nulla
1681 3077 1961 3146 disciplina
2008 3094 2105 3133 nos
2153 3081 2340 3133 edocet

780 3165 1028 3215 morbum
1078 3165 1277 3228 odisse,
1314 3165 1405 3217 sed
1453 3182 1515 3218 ex
1561 3169 1957 3238 nobismetipsis
1989 3187 2048 3224 ea
2083 3189 2203 3241 qua:
2234 3191 2339 3225 mn-

781 3255 988 3305 lcstiam
1042 3263 1257 3317 creant,
1313 3271 1625 3309 aversamur
1655 3275 1668 3309 :
1703 3260 1773 3310 ita
1824 3271 1877 3312 et
1928 3264 2103 3313 anima
2138 3279 2166 3314 a
2203 3265 2339 3316 malo

781 3344 1013 3397 declinat
1039 3345 1170 3397 citra
1207 3345 1529 3398 doetrinam.
1558 3345 1729 3401 Omne
1761 3358 1936 3402 autem
1973 3351 2156 3404 vitium
2185 3354 2340 3422 ωενι-

781 3433 906 3486 tudo
930 3442 1014 3486 est
1041 3433 1231 3488 anima:
1265 3453 1278 3488 :
1315 3436 1483 3491 virtus
1509 3452 1634 3492 vero
1664 3438 1926 3492 rationem
1959 3442 2163 3495 obtinet
2205 3443 2341 3496 sani-

783 3525 923 3579 Ialis.
957 3525 1180 3590 Quidam
1213 3528 1354 3580 enim
1382 3529 1468 3595 qui
1502 3531 1784 3584 sanitatem
1823 3543 1964 3587 recte
1995 3534 2334 3596 deﬁnierunt.

784 3619 969 3668 dixere
993 3631 1107 3668 eam
1140 3632 1258 3670 esse
1292 3619 1560 3671 actionum
1600 3622 1921 3675 naturalium
1969 3626 2159 3678 bonam
2191 3628 2341 3681 habi-

786 3706 1041 3759 tudinem.
1078 3705 1228 3773 Quod
1261 3709 1397 3761 idem
1423 3710 1464 3761 si
1493 3711 1613 3778 quis
1644 3725 1858 3778 quoque
1893 3714 1956 3766 de
1983 3715 2120 3767 bono
2151 3720 2340 3772 anima:

788 3800 971 3852 habitu
1006 3799 1224 3866 dixerit,
1268 3817 1296 3853 a
1333 3800 1526 3855 decoro
1561 3817 1663 3855 non
1699 3803 1988 3858 abcrrabit.
2024 3804 2198 3870 Quare
2224 3811 2341 3862 ani-

787 3906 868 3940 ma
924 3891 1056 3940 citra
1114 3891 1413 3944 doctrinam
1464 3894 1513 3945 id
1573 3895 1711 3962 quod
1766 3896 1866 3949 sibi
1915 3898 2186 3966 proprium
2239 3913 2341 3960 est.

784 3980 1033 4049 quodque
1063 3980 1161 4034 sibi
1195 3991 1383 4034 natura
1416 3987 1681 4050 convenit,
1712 3990 1932 4056 appetit.
1972 3989 2105 4044 Hinc
2139 4001 2341 4057 tempe-

783 4073 952 4125 rantia
1000 4072 1066 4125 ab
1105 4073 1354 4127 omnibus
1407 4074 1668 4140 laudatur,
1715 4082 2040 4148 approbatur
2081 4084 2290 4153 justitia
2327 4102 2340 4138 :

782 4163 1041 4218 forIitudo
1075 4176 1156 4220 est
1190 4167 1529 4222 admirationi
1564 4187 1576 4223 :
1609 4174 1888 4238 prudentia
1923 4176 2075 4230 valde
2116 4188 2341 4246 exopta-

784 4265 888 4308 Iur.
939 4257 1066 4322 Quae
1112 4258 1336 4313 virtutes
1380 4261 1548 4329 magis
1598 4264 1811 4331 proprie
1843 4264 1954 4335 84.
1997 4269 2061 4320 ad
2106 4271 2341 4322 animam

781 4349 1072 4416 pertinent,
1103 4366 1261 4418 quam
1306 4353 1370 4406 ad
1416 4369 1610 4423 corpus
1654 4357 1877 4410 sanitas.
1917 4359 2019 4413 Vos
2067 4361 2180 4426 ﬁlii,
2219 4363 2340 4415 dili-

786 4438 892 4504 gite
941 4449 1204 4505 parentes.
1250 4439 1348 4492 Vos
1387 4452 1646 4508 parentes,
1685 4444 1841 4497 nolite
1897 4444 1963 4496 ad
2012 4447 2338 4501 iracundiam

2444 1997 2570 2041 νοις.
2631 1977 2788 2044 Οἶδας
2852 1983 2902 2035 τί
2966 1985 3207 2055 ποιήσεις
3267 1982 3344 2053 τῷ
3404 1980 3625 2050 πλησίον
3690 1981 3887 2040 καλῶς
3945 1984 4013 2033 Ὀ

2446 2071 2652 2141 σεαυτῷ
2712 2073 2885 2141 βούλει
2941 2079 3065 2144 παρ’
3122 2075 3305 2147 ἐτέρου
3355 2072 3624 2141 γενέσθαι.
3679 2069 3838 2136 Οἶδας
3881 2075 3909 2124 'o
3959 2072 4014 2126 τι

2443 2164 2572 2216 ποτέ
2641 2167 2754 2216 ἐστι
2820 2167 2879 2216 τὸ
2932 2167 3145 2230 κακόν;
3201 2169 3265 2219 Ὃ
3316 2168 3414 2219 οὐκ
3471 2165 3537 2218 ἂν
3591 2165 3750 2228 αὐτὸς
3817 2165 4014 2217 παθεῖν

2440 2257 2580 2310 ἕλοιο
2608 2257 2734 2328 παρ’
2767 2257 2973 2327 ἐτέρου.
3025 2259 3258 2329 Οὐδεμία
3303 2257 3617 2329 ῥιζοτομικὴ
3658 2256 3842 2328 τέχνη,
3889 2257 4014 2310 οὐδέ

2441 2350 2700 2420 ἐμπειρία
2763 2349 3014 2420 βοτανικὴ
3081 2350 3188 2402 τῶν
3259 2351 3547 2421 ὠφελίμων
3613 2353 3725 2412 τοῖς
3794 2350 4014 2418 ἀλόγοις

2440 2439 2536 2509 τὴν
2569 2440 2906 2494 διδασκαλίαν
2934 2440 3149 2512 ἐξεῦρεν
3173 2460 3184 2472 ·
3221 2443 3355 2496 ἀλλὰ
3380 2442 3622 2512 φυσικῶς
3651 2443 3879 2495 ἕκαστον
3903 2443 4014 2494 τῶν

2444 2530 2596 2593 ζώων
2625 2533 2722 2601 τῆς
2749 2535 2954 2596 οἰκείας
2984 2535 3098 2587 ἐστὶ
3131 2536 3399 2606 σωτηρίας
3429 2535 3763 2606 ποριστικὸν,
3789 2535 3884 2588 καὶ
3915 2535 4016 2606 ἀῤ-

2445 2622 2607 2692 ρητόν
2653 2640 2772 2674 τινα
2815 2624 3072 2693 κέκτηται
3109 2627 3205 2695 τὴν
3250 2628 3382 2698 πρὸς
3433 2629 3492 2680 τὸ
3535 2625 3673 2679 κατὰ
3718 2627 3881 2694 φύσιν
3937 2627 4019 2678 οἰ-

2443 2715 2683 2769 κείωσιν.

2510 2805 2569 2862 4.
2599 2806 2719 2858 Εἰσὶ
2758 2806 2814 2858 δὲ
2860 2806 2952 2859 καὶ
2988 2805 3115 2876 παρ’
3152 2809 3281 2876 ἡμῖν
3321 2809 3374 2859 αἱ
3421 2810 3611 2877 όιρετσ)⁸
3646 2808 3786 2861 κατὰ
3826 2807 4011 2874 φύσιν,

2442 2899 2576 2970 πρὸς
2611 2899 2676 2962 ἃς
2711 2900 2742 2970 ἡ
2772 2898 3042 2961 οἰκείωσις
3069 2898 3167 2968 τῆς
3193 2898 3368 2970 ψυχῆς
3398 2900 3508 2969 (57)
3536 2901 3635 2952 οὐκ
3665 2901 3727 2950 ἐκ
3753 2897 4014 2949 διδασκαο

2442 2991 2560 3052 λίας
2585 2989 2904 3061 ἀνθρώπων,
2941 2989 3054 3045 ἀλλ’
3090 2989 3149 3054 ἐξ
3183 2991 3350 3061 αὐτῆς
3384 2990 3483 3060 τῆς
3523 2991 3732 3059 φύσεως
3777 2991 4017 3061 ἐνυπάρ-

2443 3099 2548 3151 χει.
2597 3082 2682 3143 Ὠς
2725 3080 2833 3151 γὰρ
2868 3081 3041 3145 οὐδεὶς
3089 3083 3234 3152 ἡμᾶς
3271 3081 3425 3150 λόγος
3461 3081 3699 3135 διδάσκει
3732 3081 3830 3152 τήν
3859 3082 4018 3135 νόσον

2449 3175 2642 3242 μισεῖν,
2680 3173 2790 3225 ἀλλ’
2821 3173 3122 3243 αὐτόματον
3147 3174 3339 3244 ἔχομεν
3367 3175 3466 3245 τὴν
3493 3174 3626 3244 πρὸς
3654 3173 3721 3226 τὰ
3744 3173 4018 3225 λυποῦντα

2442 3266 2708 3334 διαϐολήν·
2743 3266 2881 3318 οὕτω
2923 3268 3014 3319 καὶ
3044 3270 3110 3337 τῇ
3143 3266 3285 3338 ψυχῇ
3327 3268 3438 3338 (58)
3479 3267 3590 3320 ἔστι
3629 3285 3712 3330 τις
3733 3265 4017 3330 ἀδίδακτος

2444 3357 2680 3418 ἔκκλισις
2707 3357 2799 3407 τοῦ
2831 3359 3016 3409 κακοῦ.
3048 3360 3230 3411 Κακὸν
3267 3360 3324 3412 δέ
3355 3361 3461 3412 πᾶν
3492 3359 3769 3430 ἀρρωστία
3794 3358 3975 3429 ψυχῆς
3997 3375 4010 3387 ·

2443 3447 2558 3516 ὴδέ
2591 3446 2757 3517 ἀρετὴ
2808 3445 2960 3512 λόγον
3001 3450 3206 3515 ὑγιείας
3249 3451 3451 3520 ἐπέχει.
3503 3450 3697 3513 Καλῶς
3726 3451 3835 3520 γὰρ
3879 3450 4013 3520 ὠρί-

2447 3540 2602 3593 σαντό
2631 3556 2772 3601 τινες
2810 3539 3014 3606 ὑγίειαν
3051 3536 3187 3593 εἶναι
3238 3543 3333 3613 τὴν
3377 3544 3696 3597 εὐστάθειαν
3736 3543 3845 3595 τῶν
3874 3541 4019 3596 κατὰ

2445 3633 2603 3702 φύσιν
2638 3631 2944 3723 ἐνεδογειῶν.
2986 3632 3049 3683 Ὂ
3074 3633 3164 3683 καὶ
3191 3634 3279 3684 ἐπί
3304 3635 3402 3702 τῆς
3429 3635 3567 3688 κατά
3596 3636 3771 3705 ψυχὴν
3800 3633 4019 3701 εὐεξίας

2444 3722 2629 3784 εἰπὼν,
2665 3721 2762 3792 οὐχ
2790 3723 3091 3792 ἁμαρτήσει
3125 3721 3216 3774 τοῦ
3250 3723 3568 3792 πρέποντος.
3606 3727 3766 3778 Ὅθεν
3798 3727 4018 3796 όρεκτι·

2445 3814 2514 3881 κὴ
2550 3813 2640 3865 τοῦ
2676 3815 2873 3866 οἰκείου
2914 3816 3005 3866 καὶ
3038 3813 3176 3866 κατὰ
3204 3813 3361 3883 φύσιν
3405 3817 3538 3885 αὐτῇ
3572 3815 3680 3886 (59)
3715 3817 4018 3880 ἀδιδάκτως

2445 3905 2645 3974 ἐστἰνή
2677 3905 2841 3976 ψυχή.
2879 3908 2968 3958 Διὸ
2995 3908 3248 3977 ἐπαινετὴ
3278 3909 3438 3960 πᾶσιν
3469 3910 3501 3979 ἡ
3531 3912 3851 3980 σωφροσύνη
3873 3929 3886 3941 ·
3923 3913 4018 3963 καὶ

2446 3996 2712 4067 ἁποδεκτὴ
2766 4000 2798 4068 ή
2853 3999 3197 4068 δικαιοσύνη·
3245 4001 3337 4053 καὶ
3378 4000 3660 4071 Θαυμαστὴ
3701 4001 4012 4072 ήάνδρεία’

2446 4088 2539 4138 καὶ
2642 4090 2898 4158 φρόνησις
2931 4093 3408 4159 περισπούδαστος.
3460 4094 3525 4145 Ἀ
3553 4094 3858 4165 οἰκειότερά
3899 4096 4015 4148 ἐστι

2447 4179 2509 4246 τῇ
2535 4177 2679 4247 ψυχῇ
2714 4178 2912 4246 μᾶλλον
2964 4179 2994 4247 ἢ
3041 4181 3116 4249 τῷ
3167 4180 3374 4249 σώματι
3423 4187 3455 4253 ἡ
3503 4185 3678 4250 ὑγεία.
3714 4185 3795 4236 Τὰ
3828 4185 4012 4250 τέκνα,

2447 4268 2694 4333 ἀγαπᾶτε
2711 4269 2834 4329 τούς
2866 4268 3102 4339 πατέρας
3126 4270 3255 4340 (40).
3294 4275 3356 4322 Οἱ
3390 4272 3604 4340 γονεῖς,
3627 4271 3714 4340 μὴ
3746 4276 4018 4341 παροργί-

2447 4359 2567 4419 ζετε
2595 4359 2665 4412 τὰ
2691 4359 2889 4411 τέχνα.
2920 4361 3008 4431 Μὴ
3043 4364 3186 4432 καὶὴ
3221 4361 3378 4431 φύσις
3406 4361 3577 4415 ταῦτα
3603 4363 3663 4415 οὐ
3697 4362 3884 4430 λέγεις
3914 4364 4017 4415 Οὐ-

2445 4456 2532 4508 δὲν
2571 4455 2751 4508 καινὸν
2774 4458 3028 4526 παραινεῖ
3057 4454 3284 4516 Παῦλος,
3314 4455 3449 4508 ἀλλὰ
3479 4455 3545 4508 τὰ
3576 4455 3750 4527 δεσμὰ
3780 4456 3883 4526 τῆς
3916 4456 4017 4524 φύ-

783 4544 1061 4596 proI-ocare
1093 4529 1228 4594 ﬁlios
1264 4530 1326 4584 ¹⁷.
1362 4529 1610 4601 Nunquid
1670 4535 1782 4590 haec
1831 4551 1936 4589 non
1985 4537 2113 4590 dicit
2147 4550 2201 4593 et
2247 4556 2342 4594 na-
2376 4571 2419 4624 ι)
2449 4563 2466 4598 c

2331 4571 2342 4580 -
2376 4571 2419 4624 ι)
2449 4563 2585 4608 σεως
2641 4546 2972 4614 ἐπισφίγγει.
3025 4546 3086 4596 Εἰ
3132 4547 3164 4614 ἡ
3211 4545 3392 4596 λέαινα
3443 4546 3658 4615 στέργει
3708 4547 3776 4598 τὰ
3819 4547 3880 4611 ἐξ
3926 4548 4014 4600 αὐ-

783 4628 899 4673 tura
938 4621 1087 4687 ipsa?
1126 4619 1266 4674 Nihil
1319 4624 1439 4675 novi
1496 4635 1674 4680 monet
1714 4626 1911 4681 Paulus
1944 4644 1958 4680 :
1998 4629 2089 4681 sed
2139 4641 2342 4686 natura:

781 4713 990 4764 vincula
1032 4713 1364 4783 constringit.
1412 4711 1468 4768 Si
1517 4715 1677 4771 lerena
1721 4729 1866 4773 amat
1915 4719 2054 4776 fetus
2108 4736 2255 4782 suos.
2290 4737 2342 4779 et

866 4829 908 4857 ¹⁶
941 4828 1079 4882 Psal.
1111 4846 1226 4896 CIII,
1259 4831 1348 4884 9.4.
1428 4831 1469 4861 ¹⁷
1503 4831 1697 4900 Ephes.
1734 4849 1804 4895 VI,
1836 4837 1888 4889 4.

853 4946 1246 5020 (f’iiiNnunulli
1284 4966 1411 5002 mss.
1455 4954 1510 5004 ἐν
1538 4952 1788 5020 εὐδιεινῇ.
1828 4953 1945 5008 Mox
1982 4973 2072 5012 sex
2104 4974 2231 5012 mss.
2271 4962 2332 5014 ἐκ

777 5016 953 5092 νεφξζῇ
976 5018 1318 5092 ἐῖρῤυέντα.
1360 5023 1493 5074 Εύίιί
1525 5016 1886 5092 ἀπορρυέντα.

853 5085 962 5156 (55)
1003 5085 1140 5166 neg.
1185 5100 1406 5166 octavus
1441 5108 1560 5166 cum
1613 5085 2046 5166 Cdlbasecundo
2101 5097 2180 5160 τίς
2235 5101 2331 5166 ἐφ-

788 5156 976 5232 ίκοιτο.
1000 5156 1144 5232 Editi
1185 5172 1304 5232 cum
1332 5160 1596 5232 aliquibus
1621 5177 1748 5218 mss.
1779 5161 2053 5232 ἐφίκηται.

851 5225 959 5295 (56)
999 5225 1145 5298 Regii
1197 5225 1433 5294 primus,
1480 5231 1688 5292 tertius,
1720 5225 1940 5298 quintus
1989 5244 2039 5284 et
2091 5249 2331 5296 octaVus,

781 5295 1013 5368 itemque
1040 5295 1494 5368 Colb._secuudus
1525 5295 1783 5368 ἐποίησας
1804 5318 1815 5330 ·
1853 5303 1914 5353 οὐ
1949 5303 2145 5358 τοίνυν.
2195 5295 2329 5358 Εειίιί

780 5364 1038 5440 ἐποίησας
1057 5383 1083 5440 '_
1113 5365 1216 5418 πού
1256 5367 1452 5440 τοίνυν.
1494 5364 1783 5438 Aliquanto
1820 5383 1938 5439 post
1981 5371 2110 5440 Reg.
2149 5386 2334 5428 sextus

778 5433 1008 5508 φύσεως-
1027 5435 1168 5505 λόγῳ
1200 5437 1338 5508 :sed
1369 5433 1783 5507 geIIuina'leetiu
1821 5433 2034 5508 'legitur
2062 5433 2124 5496 ’Ῑιι
2189 5462 2331 5496 Inar-

778 5507 923 5573 giue,
945 5505 1157 5572 φύσεως
1187 5507 1354 5575 νόμῳ.

850 5577 957 5643 (57)
986 5576 1295 5648 Μιιιιιιιιεε.
1325 5578 1421 5648 τῆς
1467 5577 1663 5646 ψυχῆς.
1699 5579 1837 5633 Editi
1872 5595 1998 5634 vero
2023 5597 2140 5634 cum
2181 5585 2332 5638 (Jolb.

779 5649 1012 5715 secundo
1040 5648 1104 5712 τῇ

850 5714 957 5780 (58)
1002 5715 1071 5766 Ita
1116 5730 1206 5790 sex
1251 5732 1379 5790 mss.
1438 5718 1573 5790 Eiliti
1627 5717 1765 5790 οὕτω
1819 5722 1912 5773 καὶ
1960 5721 2157 5790 ψυχῆς.
2218 5724 2334 5777 ΜοΧ

781 5779 912 5849 Reg.
948 5795 1129 5836 sextus
1161 5784 1494 5856 ἀρρώστημα
1531 5787 1726 5854 ψυχῆς.

2447 4636 2546 4705 τῆς
2573 4635 2704 4706 (ἀί),
2728 4636 2832 4710 ,καὶ
2878 4635 3038 4699 λύκος
3077 4635 3214 4705 ὑπὲρ
3244 4635 3526 4689 σκυλάκων
3560 4639 3811 4706 μάχεται,
3846 4639 3900 4690 τί
3939 4639 4014 4689 εἴ-

2451 4748 2524 4799 πῃ
2557 4729 2665 4798 (42)
2698 4729 2979 4799 ἄνθρωπος
3028 4729 3120 4782 καὶ
3171 4729 3269 4799 τῆς
3311 4731 3527 4802 ἐντολῆς
3557 4731 3886 4803 παρακούων
3923 4733 4013 4785 καὶ

2515 4962 2625 5030 (59)
2660 4960 2755 5015 Ms.
2779 4962 3019 5034 Combel.
3046 4978 3165 5016 cum
3201 4963 3385 5034 Regiis
3409 4965 3604 5031 primo.
3628 4967 3840 5033 quinto,
3861 4977 4011 5020 sexto

2440 5042 2492 5084 ct
2521 5043 2710 5104 Octavo
2749 5032 2889 5084 κατὰ
2914 5035 3072 5101 φύσιν
3107 5035 3266 5104 αὐτή.
3289 5032 3443 5086 ἘιΙίιὶ
3484 5049 3610 5088 vero
3648 5032 3770 5088 cum
3802 5038 4010 5090 duobus

2443 5118 2576 5152 :nss.
2603 5103 2763 5171 αὐτῇ.

2514 5171 2624 5242 (Mi)
2653 5172 2866 5239 Legitur
2915 5173 3107 5236 EplIes.
3141 5188 3211 5234 vI,
3247 5173 3294 5235 1,
3333 5173 3632 5226 ὑπακούετε
3679 5177 3792 5237 τοῖς
3825 5176 4011 5242 γονεύς

2444 5256 2516 5293 σι.
2557 5239 2754 5292 obedite
2791 5244 3112 5306 parentibus.

2514 5309 2623 5383 (Η)
2659 5309 2952 5383 ΕιΙὶιίνςιιιιι
2991 5311 3132 5383 Reg.
3190 5313 3346 5383 tertio
3376 5313 3442 5366 τὰ
3488 5314 3545 5378 ἐξ
3605 5315 3776 5383 αὐτῆς
3823 5318 4007 5369 τέκνα.

2441 5378 2590 5428 Coll).
2630 5382 2895 5433 secundus
2946 5380 3011 5429 τὰ
3058 5382 3255 5450 ἑαυτῆς
3299 5385 3485 5436 τέκνα.
3534 5385 3636 5436 Sed
3686 5378 3785 5437 tux
3847 5389 4011 5438 τέκνα

2449 5451 2596 5500 deest
2632 5451 2680 5500 in
2713 5449 2860 5500 Bmll.
2892 5458 2942 5500 et
2987 5451 3035 5499 ιιι
3071 5449 3346 5504 υιιιΙίὸιιιυδ
3399 5456 3639 5506 quliuris
3688 5467 3849 5508 mitte.
3907 5456 4011 5509 Nec

2447 5519 2598 5594 valde
2640 5520 2925 5594 :IIlIIi0._!IIIn
2960 5519 3141 5594 Iluhitu
3172 5525 3513 5594 qIIiII_IIIi':lIIIs
3539 5526 3699 5585 absit,
3733 5537 3847 5577 tIIIII
3869 5529 4009 5594 quod

2445 5587 2648 5652 ellipsis
2684 5591 2780 5640 hoc
2810 5589 2940 5658 loco
2961 5589 3240 5656 elegantiw
3266 5592 3465 5657 aliquid
3505 5595 3703 5648 habere
3734 5587 4007 5658 videatur,

2447 5668 2555 5735 tum
2589 5660 2727 5725 quod
2755 5672 2851 5708 ναι
2888 5656 3048 5708 τέκνα
3089 5675 3115 5710 a
3156 5656 3391 5723 quolibet
3425 5662 3581 5716 facile
3621 5665 3858 5731 suppleri
3892 5656 4012 5735 pos-

2447 5739 2532 5778 Sil.

2526 5797 2627 5859 (ιέ)
2665 5797 2881 5852 Codices
2926 5801 3158 5868 quinque
3183 5799 3329 5869 εἴπῃ.
3368 5802 3502 5856 Editi
3534 5805 3700 5856 εἴποι.
