4262 6540
287 507 386 563 197

1374 501 1648 557 HOMILIA
1698 504 1759 556 l.\'
1808 503 1869 556 ΙΝ
1916 503 2408 565 ΙίΕΧΧΙίΜΕῘὶΟΝ.

3423 501 3524 560 ἐθὸ

302 628 386 698 τὴν
424 627 580 693 φύσιν
612 629 1068 697 παραχαράσσων,
1103 627 1224 678 inv
1263 627 1293 696 ἦ
1326 631 1450 689 παῖς
1489 629 1729 702 ἀτιμάζῃ
1762 630 1857 697 γῆ-
1890 638 1931 689 Α
1966 629 1976 681 Ι

1842 658 1857 666 -
1890 638 1931 689 Α
1966 629 2118 697 lupus
2175 647 2270 699 pro
2322 633 2434 684 suis
2481 634 2669 688 catulis
2729 639 2962 699 pugnat,
3017 630 3269 698 quidnam
3332 628 3525 680 dixerit

293 736 393 794 ρας
426 718 646 789 πατρὸς,
687 718 716 788 ἢ
750 719 931 791 πατὴρ
959 718 1046 770 διά
1075 719 1339 790 δευτέρων
1371 721 1563 788 γάμων
1594 721 1698 772 τῶν
1733 737 1862 791 προ-

288 810 463 879 τέρων
513 811 710 866 παίδων
752 811 1210 881 ἐπιλανθάνηταις
1277 812 1579 882 Ἀμήχανός
1629 814 1774 865 ἐστιν
1827 814 1860 878 ἡ

295 900 496 970 στοργὴ
521 905 633 965 τοῖς
663 903 875 968 ἀλόγοις
900 902 1101 956 τέκνων
1132 905 1223 955 καὶ
1256 905 1458 970 γονέων
1483 903 1618 972 πρὸς
1642 905 1860 974 ἄλληλα,

291 989 424 1041 διότι
453 993 481 1043 ὁ
504 992 910 1063 δημιουργήσας
934 995 1070 1047 αὐτὰ
1099 994 1230 1055 Θεδς
1256 995 1352 1064 τὴν
1383 995 1474 1046 τού
1505 993 1662 1059 λόγου
1693 997 1861 1048 ἔλλει-

292 1077 383 1146 ψιν
419 1080 506 1133 διὰ
532 1085 626 1152 τῆς
656 1081 761 1132 τῶν
799 1082 1164 1152 αἰσθητηρίων
1191 1087 1504 1155 περιουσίας
1547 1088 1863 1156 παρεμυθή-

295 1187 443 1226 σατο.
487 1173 655 1226 Πόθεν
687 1174 793 1245 γὰρ
836 1176 892 1226 ἐν
941 1175 1151 1244 μυρίοις
1189 1178 1481 1248 προϐάτοις
1518 1178 1728 1246 ἀρνειὸς
1757 1180 1863 1230 τῶν

292 1265 474 1335 σηκῶν
509 1264 854 1335 ἐξαλλόμενος
879 1262 984 1318 οἶδε
1012 1268 1109 1338 μὲν
1130 1270 1226 1340 τὴν
1248 1269 1435 1339 χροιάν
1459 1268 1627 1339 αύτὴν
1650 1274 1741 1324 καὶ
1767 1273 1862 1343 τὴν

292 1360 476 1426 φωνὴν
512 1358 619 1426 (45)
644 1360 741 1430 τῆς
770 1359 991 1430 μητρὸς,
1037 1365 1128 1416 καὶ
1172 1364 1306 1432 πρὸς
1346 1363 1517 1432 αὐτὴν
1561 1365 1860 1434 ἐπείγεται,

292 1448 540 1518 ἐπιζητεῖ
581 1449 636 1500 δέ
690 1449 788 1512 τὰς
832 1453 1032 1516 οἰκείας
1067 1453 1247 1521 πηγὰς
1289 1451 1380 1504 τοῦ
1410 1453 1713 1520 γάλακτος;
1747 1456 1863 1509 Κᾶν

292 1540 574 1607 πενιχραῖς
603 1542 720 1604 ταῖς
745 1543 1025 1614 μητρῴαις
1061 1543 1325 1614 περιτύχῃ
1349 1545 1459 1614 (44)
1493 1545 1698 1614 θηλαῖς,
1724 1547 1864 1600 ἐκεί-

292 1645 411 1690 ναις
431 1631 700 1699 ἀρκεῖται,
731 1634 897 1687 πολλὰ
932 1634 1303 1705 παραδραμὼν
1338 1635 1538 1688 οὔθατα
1564 1638 1863 1709 βαρυνόμε-

293 1736 378 1774 να.
411 1721 573 1793 Καὶή
605 1726 782 1797 μήτηρ
822 1728 877 1778 ἐν
913 1726 1124 1794 μυρίοις
1157 1727 1381 1797 ἀρνάσιν
1418 1730 1768 1795 ἐπιγινώσκει
1803 1732 1864 1782 τὸ

294 1809 448 1877 tam;
479 1818 630 1887 Φωνὴ
669 1818 784 1886 μία,
822 1819 956 1886 χρόα
1078 1819 1236 1890 αὐτὴ,
1269 1820 1410 1889 ὀσμὴ
1460 1822 1609 1892 παρὰ
1651 1826 1864 1876 πάντων

289 1904 470 1973 ὁμοία,
517 1907 637 1957 ὅσον
669 1910 732 1975 τῇ
770 1907 1010 1977 ἡμετέρα
1052 1909 1314 1980 ὀσφρήσει
1349 1912 1713 1981 παρίσταται·
1751 1915 1862 1967 ἀλλ’

290 1996 438 2064 ὅμως
488 1996 602 2048 ἔστι
635 2015 717 2060 τις
761 1999 941 2063 αὐτοῖς
976 2001 1225 2072 αἴσθησις
1261 2004 1360 2075 τῆς
1396 2006 1669 2076 ἡμετέρας
1701 2025 1860 2060 κατα·

290 2085 501 2156 ὶεήψεως
555 2088 797 2160 ὀξυτέρα,
849 2093 967 2145 καθ’
1018 2095 1083 2165 ἢν
1134 2097 1348 2166 ἑκάστῳ
1387 2099 1649 2169 πάρεστιν
1697 2102 1729 2171 ή
1772 2101 1863 2153 τοῦ

290 2179 488 2232 οἰκείου
522 2181 807 2249 διάγνωσις
836 2185 966 2254 (45).
997 2187 1161 2241 Οὔπω
1193 2191 1240 2241 οἱ
1273 2190 1480 2253 ὀδόντες
1511 2191 1587 2260 τῷ
1613 2193 1862 2252 σκύλακι,

291 2271 385 2324 καὶ
431 2273 578 2344 ὅμως
625 2273 714 2327 διά
765 2275 858 2328 τοῦ
916 2278 1180 2347 στόματος
1234 2280 1499 2348 ἀμύνεται
1550 2283 1641 2333 τὸν
1690 2284 1863 2352 λυπή-

293 2381 480 2420 σαντα.
537 2365 700 2420 Οΰπω
743 2367 812 2420 τά
872 2368 1076 2438 κέρατα
1121 2369 1196 2439 τῷ
1234 2371 1439 2441 μόσχῳ,
1480 2373 1572 2425 καὶ
1611 2369 1717 2425 οἶδε
1765 2378 1864 2428 πού

287 2457 358 2509 τά
400 2460 540 2513 ὅπλα
585 2460 730 2532 αύτῷ
784 2462 1141 2532 ἐμφυήσεται.
1200 2463 1384 2518 Ταῦτα
1435 2465 1711 2531 ἀπόδειξιν
1756 2467 1866 2537 ἔχει

287 2547 383 2601 τοῦ
416 2548 723 2615 ἀδιδάκτους
756 2549 1015 2617 εἶναιτὰς
1044 2554 1232 2622 φύσεις
1257 2554 1536 2616 ἁπάντων,
1569 2558 1662 2609 καὶ
1701 2558 1866 2627 μηδὲν

289 2638 426 2695 εἶναι
478 2641 704 2697 ἄτακτον
751 2646 883 2718 μηδὲ
937 2646 1185 2718 ἀόριστον
1234 2649 1292 2699 ἐν
1344 2651 1456 2711 τοῖς
1507 2645 1674 2707 οὖσιν,
1733 2649 1866 2702 ἀλλά

291 2735 468 2788 πάντα
520 2737 637 2806 ἴχνη
696 2738 882 2809 φέρειν
919 2741 1016 2810 τῆς
1057 2740 1150 2792 τοῦ
1189 2741 1512 2810 ποιήσαντος
1547 2744 1755 2811 σοφίας,
1811 2749 1865 2798 ἐν

289 2822 500 2886 ἑαυτοῖς
546 2826 846 2890 δεικνύντα,
898 2828 978 2878 ὃτι
1014 2829 1406 2896 ἐμπαράσκευα
1455 2829 1588 2898 πρὸς
1628 2832 1726 2900 τὴν
1770 2850 1866 2900 ιρυ-

288 2916 462 2986 λακὴν
507 2918 604 2985 τῆς
642 2918 847 2980 οἰκείας
888 2919 1065 2972 αὐτῶν
1127 2921 1398 2990 σωτηρίας
1441 2923 1718 2993 παρήχθη.
1767 2926 1866 2976 A6-

289 3023 388 3074 γου
422 3006 520 3078 μὲν
550 3007 771 3079 ἄμοιρος
798 3009 826 3061 ὁ
861 3009 1026 3073 κύων,
1071 3010 1492 3080 ίσοδυναμούσαν
1531 3010 1588 3063 δὲ
1617 3013 1764 3082 ὅμως
1791 3013 1867 3082 τῷ

289 3101 432 3172 λόγῳ
455 3101 553 3172 τὴν
578 3101 828 3172 αἴσθησιν
861 3101 993 3174 ἔχει.
1025 3105 1089 3156 "A
1132 3105 1236 3175 γὰρ
1282 3104 1495 3156 οἱκατὰ
1518 3103 1714 3174 πολλὴν
1749 3123 1867 3174 σχο-

288 3189 387 3262 λὴν
420 3192 514 3244 τοῦ
561 3192 675 3262 βίου
716 3193 1067 3264 καθεζόμενοι
1102 3195 1254 3265 μόλις
1293 3194 1514 3266 ἐξεῦρον
1566 3197 1612 3247 οἱ
1642 3196 1734 3248 τού
1772 3198 1864 3249 κό-

293 3300 428 3352 σμου
455 3287 625 3352 σοφοὶ,
644 3287 741 3348 τὰς
763 3289 870 3341 τῶν
896 3290 1265 3362 συλλογισμῶν
1288 3291 1429 3360 λέγω
1447 3291 1668 3358 πλοκὰς,
1695 3293 1866 3346 ταῦτα

290 3372 563 3427 δείκνυται
612 3379 762 3446 παρὰ
803 3382 901 3448 τῆς
934 3381 1146 3449 φύσεως
1173 3385 1199 3435 ὁ
1237 3383 1381 3436 κύων
1415 3383 1859 3454 πεπαιδευμένος.

292 3466 366 3520 Τὸ
394 3467 498 3539 γὰρ
539 3469 682 3538 ἴχνος
713 3470 806 3522 τοῦ
837 3471 1023 3541 θηρίου
1053 3474 1487 3544 διερευνώμενος,
1523 3477 1743 3530 ἐπειδὰν
1776 3477 1863 3529 εὖ-

294 3574 362 3628 ρῃ
390 3558 500 3627 (46)
528 3559 657 3612 αύτὸ
685 3561 1036 3632 πολυτρόπως
1061 3563 1392 3632 σχιζόμενον,
1429 3567 1526 3629 τὰς
1563 3569 1862 3636 ἑκασταχού

293 3649 562 3720 φερούσας
593 3653 862 3722 ἐκτροπὰς
892 3654 1153 3716 ἐπελθὼν,
1184 3657 1464 3726 μονονουχὶ
1492 3659 1590 3729 τὴν
1625 3659 1865 3728 συλλογι-

295 3741 484 3811 στικὴν
511 3742 688 3812 φωνὴν
723 3744 910 3813 ἀφίησι
945 3746 1009 3798 δι’
1044 3742 1118 3800 ὧν
1161 3747 1425 3817 πράσσει·
1458 3750 1527 3801 Ἢ
1558 3750 1734 3820 τήνδε,
1765 3768 1866 3822 φη-

295 3839 399 3898 σὶν,
433 3836 643 3907 ἐτράπη
676 3838 734 3890 τὺ
769 3839 974 3908 θηρίον,
1002 3830 1231 3912 ἢτήνδε,
1267 3843 1298 3911 ἦ
1323 3843 1414 3896 ἐπὶ
1440 3844 1631 3896 τόδετὸ
1663 3844 1827 3916 μέρος
1847 3863 1862 3876 ·

293 3929 428 3981 ἀλλά
481 3929 586 4001 μὴν
631 3929 751 3982 οὔτε
785 3931 963 4001 τήνδε,
1021 3931 1144 3985 οὔτε
1185 3935 1359 4004 τήνδε,
1394 3934 1710 4006 λειπόμενόν
1751 3941 1866 3992 ἐστι

295 4021 416 4090 τῇδε
461 4021 750 4094 ὡρμῆσθαι
778 4023 884 4094 (47)
919 4023 1084 4076 αὐτόν
1145 4026 1238 4077 και¹
1277 4026 1447 4089 οὕτως
1485 4031 1548 4097 τῇ
1592 4031 1866 4100 ἀναιρέσει

293 4111 401 4163 τῶν
422 4113 630 4182 ψευδῶν
650 4116 888 4187 εὑρίσκει
911 4117 968 4169 τὸ
991 4117 1278 4186 magna
1296 4120 1678 4191 περισσότερον
1697 4123 1869 4175 ποιού-

297 4219 382 4256 σιν
413 4205 462 4256 οἱ
496 4206 587 4258 ἐπὶ
624 4205 729 4259 τῶν
760 4209 1189 4281 διαγραμμάτων
1236 4210 1447 4281 σεμνῶς
1489 4211 1864 4282 καθεζόμενοι,

297 4296 392 4349 καὶ
422 4296 520 4366 τὴν
573 4297 717 4350 κόνιν
754 4302 1280 4372 καταχαράσσοντες,
1322 4303 1488 4374 τριῶν
1555 4305 1868 4375 προτάσεων

298 4388 648 4459 ἀναιροῦντες
701 4391 798 4454 τὰς
824 4392 934 4460 (48)
969 4393 1082 4455 δύο,
1133 4394 1227 4447 καὶ
1269 4395 1326 4447 ὲν
1365 4397 1428 4464 τῇ
1464 4395 1761 4470 λειπομένῃ
1809 4399 1869 4450 τὸ

296 4479 493 4548 ἀληθὲς
516 4478 916 4550 ἐξευρίσκοντες
939 4497 952 4545 ;
990 4483 1066 4534 Τὸ
1087 4482 1142 4535 δὲ
1173 4486 1504 4554 μνημονικὸν
1525 4487 1622 4556 τῆς
1645 4488 1867 4558 χάριτος

297 4570 390 4624 τοῦ
409 4569 546 4636 ζώου
564 4572 682 4625 τίνα
703 4572 810 4625 τῶν
845 4573 1153 4644 ἀχαρίστων
1176 4575 1309 4646 πρὸς
1340 4576 1630 4646 εὐεργέτας
1659 4580 1717 4630 ού
1746 4597 1871 4630 κατ-

1966 722 2151 785 homo,
2185 723 2272 789 qui
2321 731 2371 775 et
2419 737 2680 792 prmeepto
2731 740 2837 778 non
2871 725 3223 789 obtemperat,
3254 733 3308 775 et
3355 719 3524 788 ipsam

1967 814 2237 868 adulterat
2273 823 2540 877 naturam,
2570 832 2687 868 cum
2723 825 2813 870 aut
2851 815 2988 869 ﬁlius
3019 814 3325 868 inhonestat
3357 810 3526 882 patris

1966 915 2320 970 senectutem,
2375 917 2467 959 aut
2529 917 2677 973 pater
2727 917 2944 978 propter
2999 907 3263 962 secundas
3315 905 3526 971 nuptias

1966 1000 2202 1063 priurum
2232 998 2460 1050 ﬁliorum
2510 999 2882 1054 obliviscitur?
2925 999 3174 1053 Summus
3203 1005 3283 1052 est
3317 995 3366 1047 in
3405 997 3527 1049 hru-

1970 1091 2033 1141 tis
2069 1091 2431 1142 animantibus
2466 1091 2662 1142 sobolis
2699 1105 2762 1143 ac
2794 1102 3073 1156 parentqu
3103 1090 3237 1143 inter
3267 1104 3324 1142 se
3352 1101 3523 1148 amor,

1972 1183 2110 1244 quod
2149 1182 2287 1233 Deus
2326 1180 2565 1247 ipsorum
2600 1179 2800 1247 opifex,
2838 1181 3058 1234 rationis
3105 1176 3367 1231 defectum
3404 1191 3525 1230 cum

1972 1270 2173 1335 majore
2202 1271 2466 1325 sentiendi
2503 1269 2755 1323 facultate
2793 1268 3175 1337 compensavit.
3209 1266 3355 1320 Unde
3383 1267 3525 1321 enim

1969 1360 2106 1412 inter
2157 1362 2467 1415 innumeras
2518 1376 2646 1414 oves
2703 1374 2869 1429 agnus
2921 1374 2949 1412 e
2997 1358 3220 1414 stabulis
3274 1355 3527 1410 exsiliens

1969 1451 2141 1516 ipsum
2176 1453 2362 1507 matris
2394 1452 2628 1506 colorem
2663 1465 2955 1518 vocemque
2990 1452 3154 1511 novit,
3179 1463 3231 1504 et
3259 1449 3322 1503 ad
3357 1447 3525 1514 ipsam

1968 1539 2207 1606 festinat,
2243 1549 2294 1594 et
2327 1543 2572 1612 proprios
2612 1541 2768 1594 lactis
2817 1539 2988 1591 l'nntes
3027 1539 3284 1606 inquit-it?
3335 1538 3446 1591 imo
3483 1535 3528 1588 si

1969 1633 2019 1686 in
2052 1648 2252 1702 egenas
2282 1636 2469 1688 matris
2509 1650 2770 1688 mammas
2802 1631 3073 1693 inciderit,
3107 1641 3280 1683 tamen
3313 1640 3395 1685 est
3427 1628 3530 1682 illis

1968 1735 2273 1789 contentus,
2315 1725 2479 1777 multa
2510 1725 2663 1791 plena
2697 1737 2750 1778 et
2778 1724 2960 1793 gravia
2997 1723 3159 1777 ubera
3190 1729 3529 1791 praetergres-

1968 1831 2078 1870 sus.
2121 1817 2272 1871 Unde
2305 1817 2486 1870 itidem
2521 1826 2694 1870 mater
2723 1818 2861 1869 inter
2890 1831 3055 1884 agnos
3083 1829 3242 1883 quam
3276 1811 3529 1880 plurimos

1970 1912 2240 1978 proprium
2300 1911 2579 1981 agnoscit?
2631 1910 2734 1962 an
2788 1925 2912 1974 una,
2964 1909 3101 1962 idem
3139 1908 3305 1969 color,
3339 1906 3532 1960 similis

1969 2007 2206 2058 omnium
2237 2009 2391 2069 odor,
2434 2015 2694 2074 quantum
2730 2004 2970 2058 odoratui
3013 2013 3196 2055 nostro
3228 2001 3480 2070 obiicitur
3515 2023 3527 2054 :

1967 2095 2057 2148 sed
2114 2107 2290 2152 tamen
2346 2099 2561 2166 quidam
2627 2099 2765 2152 inest
2811 2098 2861 2148 in
2917 2097 3044 2165 ipsis
3094 2109 3304 2157 sensus,
3348 2102 3530 2146 nostra

1966 2189 2451 2255 comprehensione
2496 2191 2724 2253 acutior,
2780 2204 2884 2258 quo
2937 2190 3128 2256 cuique
3182 2184 3323 2256 quod
3376 2200 3530 2239 suum

1965 2289 2046 2332 est
2077 2280 2393 2348 dignoscere
2424 2281 2569 2334 licet.
2596 2282 2840 2336 Nondum
2872 2291 2998 2335 sunt
3027 2279 3217 2333 dentes
3248 2277 3442 2342 catulo,
3480 2286 3534 2331 et

1968 2381 2142 2426 tamen
2191 2375 2451 2429 adversus
2501 2389 2594 2427 eos
2641 2374 2728 2441 qui
2782 2374 3081 2428 molestiam
3128 2372 3229 2427 sibi
3281 2368 3530 2432 afferunt,

1966 2481 2083 2520 sese
2125 2483 2220 2535 per
2260 2483 2320 2522 os
2375 2479 2574 2523 tuetur.
2630 2467 2874 2521 Nondum
2909 2483 3107 2520 cornua
3151 2475 3278 2520 sunt
3314 2463 3476 2518 vitulo
3517 2480 3530 2517 ι

1970 2568 2144 2611 tamen
2191 2563 2336 2614 novit
2384 2565 2470 2617 ubi
2530 2562 2629 2617 sibi
2679 2577 2825 2616 arma
2872 2570 3211 2615 enascentur.
3247 2560 3323 2613 Ex
3358 2559 3535 2614 1ιίειὶδ

1971 2657 2120 2718 quet,
2152 2667 2257 2720 quo
2291 2654 2340 2705 in
2371 2655 2621 2709 omnibus
2653 2656 2792 2709 inest
2820 2665 3035 2720 natura,
3069 2654 3119 2708 id
3150 2652 3390 2708 doctrina
3430 2666 3533 2706 non

1969 2746 2294 2813 comparari,
2324 2745 2566 2814 nihilque
2593 2747 2644 2799 in
2681 2747 2838 2800 rebus
2868 2762 2988 2800 esse
3019 2755 3110 2800 aut
3145 2746 3532 2810 inordinatum,

1966 2844 2057 2889 aut
2105 2836 2458 2905 improvidum
2497 2855 2508 2890 :
2552 2837 2645 2892 sed
2704 2852 2786 2891 res
2840 2852 3028 2891 omnes
3081 2837 3359 2904 sapientia:
3408 2851 3536 2891 rem

1966 2925 2156 2979 ditoris
2185 2927 2265 2980 sui
2294 2929 2518 2997 vestigia
2557 2944 2666 2996 pra:
2698 2943 2757 2982 se
2789 2927 2928 2982 ferre
2957 2945 2970 2993 ;
2998 2943 3117 2982 eum
3143 2942 3201 2982 se
3238 2928 3308 2982 ita
3335 2929 3536 2998 produ-

1968 3027 2080 3074 ctas
2114 3035 2233 3074 esse
2256 3021 2547 3087 declarent,
2579 3033 2635 3076 ut
2665 3024 2775 3078 sint
2802 3031 3004 3091 parata:
3033 3021 3099 3076 ad
3128 3036 3278 3077 suam
3302 3021 3532 3076 salutem

1967 3112 2304 3166 servandam.
2341 3112 2405 3166 Et
2455 3116 2668 3182 quidem
2715 3117 2864 3169 canis
2900 3130 3093 3185 expers
3141 3115 3363 3169 rationis
3407 3125 3533 3168 est:

1969 3210 2203 3256 attamen
2247 3217 2462 3255 sensum
2504 3202 2694 3256 rationi
2719 3205 2858 3256 haud
2899 3205 3158 3272 imparem
3192 3204 3375 3257 habet.
3407 3203 3537 3270 Quae

1966 3294 2109 3347 enim
2148 3293 2327 3346 mundi
2359 3292 2626 3361 sapientes
2653 3309 2747 3363 per
2773 3293 2994 3348 multum
3028 3294 3148 3348 vitae
3187 3294 3355 3347 otium
3393 3294 3538 3348 desi-o

1969 3383 2155 3438 dentes
2214 3385 2303 3438 vix
2370 3385 2731 3448 invenerunt,
2772 3384 3018 3438 videlicet
3068 3385 3539 3439 ratiocinationunt

1965 3474 2238 3543 ambages,
2267 3475 2379 3528 haec
2419 3475 2488 3528 ab
2527 3474 2641 3542 ipsa
2679 3483 2874 3527 natura
2910 3475 3131 3529 edoctus
3168 3475 3319 3528 canis
3359 3475 3542 3543 perhi-

1964 3566 2141 3623 betur.
2170 3566 2300 3620 Cum
2333 3567 2475 3621 enim
2511 3566 2638 3621 fera:
2672 3567 2885 3634 indagat
2910 3566 3216 3635 vestigium,
3243 3565 3329 3620 ubi
3361 3565 3538 3636 ipsum

1967 3657 2332 3725 multipliciter
2383 3659 2564 3713 ﬁssum
2625 3661 2920 3729 repererit,
2962 3659 3278 3714 diverticula
3322 3674 3540 3727 quoquo

1968 3763 2182 3802 versum
2228 3748 2450 3802 ferentia
2519 3751 2762 3813 rimatus,
2803 3761 3010 3803 tantum
3061 3764 3163 3804 non
3207 3750 3539 3804 ratiocinatia

1966 3857 2087 3894 vam
2119 3855 2303 3894 vocem
2334 3856 2427 3908 per
2465 3855 2524 3895 ea
2555 3855 2672 3910 qua:
2704 3841 2831 3910 agit,
2865 3840 3100 3894 emittit:
3142 3841 3301 3905 Fera,
3343 3841 3538 3910 inquit,

1968 3941 2058 3986 aut
2111 3935 2230 3999 hac,
2287 3942 2380 3985 attt
2438 3932 2557 3986 illac
2594 3933 2834 3995 divertit,
2869 3942 2963 3986 aut
3007 3933 3060 3985 in
3090 3932 3230 3988 hanc
3279 3946 3483 4004 partem
3520 3953 3537 3988 :

1969 4027 2112 4093 atqui
2151 4041 2323 4093 neque
2380 4025 2502 4088 hac,
2531 4041 2703 4094 neque
2744 4025 2865 4078 illae
2904 4042 2918 4077 :
2961 4025 3225 4095 reliquum
3255 4036 3357 4091 est,
3391 4036 3448 4080 ut
3475 4043 3539 4082 ea

1971 4116 2102 4168 istac
2134 4115 2369 4181 digressa
2405 4118 2564 4168 tuerit
2594 4133 2605 4166 ι
2649 4126 2812 4184 atque
2837 4118 2929 4180 ita,
2968 4117 3118 4170 falsis
3147 4116 3413 4178 rescissis,
3449 4132 3539 4171 ve-

1973 4221 2088 4257 rum
2126 4205 2346 4258 invenit.
2375 4204 2512 4269 Quid
2565 4205 2790 4273 amplius
2822 4205 3048 4270 faciunt,
3105 4206 3192 4272 qui
3229 4205 3279 4258 in
3319 4207 3538 4260 theore-

1972 4296 2202 4351 matibus
2239 4297 2674 4351 demonstrandis
2706 4313 2825 4351 cum
2848 4300 3110 4368 gravitate
3133 4298 3395 4363 desident,
3419 4300 3542 4368 quia

1971 4401 2076 4454 que
2113 4386 2265 4440 lineis
2312 4386 2514 4456 pulveri
2547 4387 2850 4456 insculptis,
2885 4403 2948 4441 ex
3003 4391 3172 4445 tribus
3214 4390 3538 4460 propositio-

1971 4477 2128 4532 nibus
2161 4479 2291 4532 duas
2320 4479 2637 4549 rejicientes,
2667 4479 2716 4532 in
2746 4493 2807 4533 ea
2841 4494 2958 4546 qua:
2984 4479 3187 4549 reliqua
3218 4492 3317 4544 est,
3352 4497 3540 4536 verum

1971 4571 2249 4625 inveniunt
2276 4571 2298 4624 ?
2327 4571 2493 4625 Porro
2517 4571 2760 4625 beneficii
2794 4573 3048 4625 memoria
3083 4573 3150 4625 ab
3178 4572 3280 4626 hoc
3316 4573 3540 4627 animali

297 4663 574 4732 αισχῦνειζ
634 4665 765 4717 ὅπου
811 4681 872 4732 γε
937 4666 1030 4718 καὶ
1080 4665 1382 4732 φονευθεῖσι
1422 4667 1706 4732 δεσπόταις
1751 4670 1868 4722 κατ’
1905 4678 1980 4730 υς

1856 4670 1868 4688 ’
1905 4678 1945 4730 υ
1974 4674 2312 4728 conservata,
2345 4665 2427 4717 cui
2466 4664 2577 4716 viro
2631 4664 2681 4715 in
2724 4665 2992 4718 beneficos
3046 4664 3252 4732 ingrato
3281 4665 3537 4731 pudorem

299 4757 532 4826 ἐρημίαν
587 4755 772 4808 πολλοὶ
813 4755 918 4808 τῶν
962 4755 1140 4810 κυνῶν
1191 4755 1626 4820 ἐπαποθανόντες
1665 4777 1869 4829 μνημοο

301 4849 710 4918 νεύονται.”Ηδη
725 4849 780 4902 δέ
799 4866 942 4911 τινες
960 4849 1052 4901 ἐπὶ
1073 4848 1260 4921 θερμῷ
1280 4850 1357 4920 τῷ
1384 4850 1542 4902 πάθει
1573 4853 1664 4904 καὶ
1685 4853 1869 4922 ὁδηγοὶ

300 4943 410 5003 τοῖς
436 4940 719 5010 ὲκζητοῦσι
765 4941 890 5003 τοὺς
935 4940 1129 5007 φονέας
1177 4942 1443 5008 ἐγένοντο,
1492 4944 1584 4995 καὶ
1617 4945 1721 4995 ὑπὸ
1771 4944 1870 5014 τὴν

300 5033 455 5102 δίκην
482 5032 708 5102 ἀχθῆναι
729 5034 851 5096 τοὺς
877 5033 1216 5103 κακούργους
1239 5034 1521 5104 ἐποίησαν.
1555 5035 1619 5086 Τί
1645 5035 1870 5088 εἴπωσιν

303 5125 348 5175 oi
377 5121 469 5175 τὸν
491 5125 786 5194 ποιήσαντα
815 5125 1008 5187 αὐτοὺς
1037 5125 1129 5176 καὶ
1155 5125 1418 5194 τρέφοντα
1443 5125 1646 5197 Κύριον
1674 5127 1731 5178 ού
1772 5127 1868 5195 μό-

308 5232 388 5269 νον
417 5216 517 5268 ούκ
551 5216 868 5285 ἀγαπῶντες
900 5216 1029 5285 (49),
1060 5214 1194 5269 ἀλλὰ
1219 5217 1309 5268 καὶ
1344 5217 1514 5283 φίλοις
1542 5219 1869 5288 κεχρημένοι

375 5484 488 5554 (45)
525 5483 617 5536 Sic
644 5478 1220 5554 inss._tlombef._cum
1270 5476 1402 5554 Reg.
1461 5487 1671 5532 octavo.
1731 5480 1870 5534 Editi

301 5546 424 5611 cum
448 5546 566 5606 aliis
596 5567 722 5605 mss.
759 5546 869 5604 οἶδε
899 5550 995 5619 μὲν
1031 5549 1126 5618 τὴν
1150 5550 1350 5617 φωνήν.

375 5625 486 5689 (ιιι
527 5621 602 5676 Ita
633 5637 725 5675 sex
760 5618 1057 5689 mss.Editi
1090 5618 1393 5688 περιτύχοι,
1438 5618 1559 5674 Mox
1596 5618 1745 5673 Colb.
1787 5634 1872 5673 se-

305 5690 513 5750 cundus
537 5692 704 5745 πολλὰ
728 5691 782 5742 δὲ
807 5688 1004 5759 παραδ.

377 5763 486 5832 (ιό)
541 5763 668 5817 Mss.
717 5757 956 5832 quinque
1005 5759 1312 5828 διάγνωσις.
1366 5759 1509 5814 Editi
1560 5757 1871 5826 ἐπίγνωσις.

308 5830 438 5901 Reg.
469 5830 657 5888 sextus
685 5830 906 5900 γνῶσις.

377 5899 487 5985 (Mi)
525 5904 630 5958 Sex
665 5899 789 5957 mss.
827 5900 1045 5985 ἐπειδάν
1078 5899 1228 5985 εὕρῃ.
1252 5900 1406 5985 ~Editi
1448 5899 1616 5985 εύροι.

379 5971 490 6048 (47)
524 5976 654 6043 Reg.
704 5983 886 6028 sextus
921 5971 1073 6041 τήνδε
1122 5971 1428 6042 ὡρμῆσθαι.
1489 5971 1620 6039 lteg.
1683 5972 1874 6024 tertius

1975 4773 2081 4810 non
2114 4755 2348 4809 incutit?
2382 4755 2655 4823 Siquidem
2701 4771 2865 4810 canes
2899 4755 3070 4819 multi,
3103 4757 3332 4810 dominis
3364 4758 3413 4810 in
3443 4758 3537 4810 de-

1974 4860 2120 4907 serto
2159 4848 2272 4901 loco
2321 4848 2635 4911 interiectis,
2665 4857 2718 4902 et
2745 4849 2843 4917 ipsi
2895 4849 3164 4902 immortui
3223 4849 3386 4904 fuisse
3429 4864 3543 4902 mea

1975 4950 2271 4995 morantur.
2311 4937 2447 5003 Qnin
2476 4939 2636 4992 etiam
2686 4953 2849 4992 canes
2899 4939 3161 5005 nonnulli,
3194 4943 3318 4993 dum
3350 4957 3546 4998 recens

1973 5042 2120 5088 esset
2172 5032 2378 5096 cades,
2416 5030 2483 5084 iis
2537 5030 2626 5099 qui
2678 5031 2970 5086 homicidas
3018 5032 3394 5100 inquirebant,
3445 5038 3550 5089 via

1974 5125 2134 5179 etiam
2170 5127 2333 5177 duces
2359 5124 2702 5187 exstiterunt,
2735 5123 2842 5194 85
2880 5133 3040 5193 atque
3069 5124 3122 5177 in
3177 5139 3338 5178 causa
3371 5125 3540 5190 fuere,

1975 5235 2070 5273 cur
2116 5219 2181 5272 ad
2228 5231 2443 5286 pmnam
2495 5217 2719 5271 malelici
2774 5227 3110 5271 raperentur.
3158 5217 3293 5281 Quid
3347 5219 3543 5273 dicturi

1975 5478 2129 5549 τήνδε
2159 5475 2450 5549 ὁρμᾶσθαι.
2484 5478 2603 5531 Mox
2645 5476 2776 5549 Reg.
2815 5478 2836 5529 1
2897 5477 2985 5529 ἐπὶ
3025 5475 3138 5549 τῶν,
3181 5479 3544 5549 γραμμάτων.

2049 5550 2156 5616 (48)
2194 5547 2327 5629 Reg.
2364 5559 2548 5630 sextus
2574 5547 3048 5630 καθεζόμενοιηκαὶ
3075 5547 3177 5630 γῆν
3199 5547 3545 5630 κατήαχαράσν

1979 5636 2160 5678 σοντες
2183 5617 2349 5687 τριῶν
2382 5619 2698 5686 προτάσεων
2745 5617 3026 5688 ἀναιροῦσι
3084 5617 3203 5682 τάς,
3240 5617 3434 5671 (errant
3468 5621 3545 5672 si-

2011 5702 2209 5740 nantes.

2121 5706 2131 5727 ¹
2199 5727 2209 5738 ι

1976 5706 2277 5826 Ψιῗιίέὶῗὸἰο
2309 5755 2457 5824 Regii
2494 5770 2674 5810 sextus
2709 5767 2762 5812 et
2807 5767 3051 5812 octavus.
3096 5757 3234 5811 Editi
3264 5772 3384 5810 cum
3426 5757 3548 5810 aliis

1981 5843 2111 5882 mss.
2145 5826 2466 5898 simpliciter
2497 5827 2700 5898 Κύριον
2728 5829 2826 5880 οὐκ
2855 5828 3201 5895 ἀγαπῶντες.
3236 5828 3355 5881 Mox
3397 5827 3545 5881 multi

1984 5914 2110 5951 mss.
2143 5897 2242 5965 τῆς
2269 5897 2437 5969 αὐτῆς
2465 5897 2646 5960 αὐτοῖς
2677 5898 2986 5968 τραπέζης·
3022 5915 3142 5969 qua:
3180 5900 3338 5955 verba
3391 5899 3545 5953 aliter

1985 5971 2344 6037 disponuntur
2377 5968 2429 6021 in
2457 5969 2644 6022 editis.
