4262 6524
797 473 894 526 199
2083 469 2137 521 S.

2183 467 2420 520 BASILH
2463 466 2674 519 MAGNI

3906 457 4012 510 200

788 599 931 652 sunt,
959 588 1046 655 qui
1083 587 1357 641 Dominum
1388 587 1715 640 conditorem
1746 599 1806 638 ac
1841 589 2154 641 nutritorem
2191 602 2342 639 suum
2374 587 2415 641 Α
2444 600 2469 633 τ

2331 603 2342 636 ι
2374 587 2415 641 Α
2444 585 2552 645 τοῖς
2591 581 2809 635 λαλοῦσι
2849 579 2984 632 κατὰ
3025 578 3114 632 τοῦ
3159 578 3291 632 Θεοῦ
3327 577 3557 639 ἀδικίαν,
3602 579 3693 629 καὶ
3720 578 3819 647 τῆς
3843 574 4010 642 αὐτῆς

787 692 889 732 non
923 676 1089 730 solum
1136 691 1238 730 non
1280 676 1523 743 diligunt,
1551 677 1645 730 sed
1695 675 1880 732 amicis
1925 680 2084 732 etiam
2119 687 2342 731 utuntur

786 769 868 831 iis,
896 769 984 837 qui
1008 768 1261 820 adversus
1294 767 1460 820 Deum
1487 765 1779 836 loquuntur
1802 765 2157 837 iniquitatem,
2184 777 2341 834 atque

782 860 1017 928 ejusdem
1044 875 1162 914 eum
1199 860 1327 928 ipsis
1383 874 1580 913 mensae
1615 859 1903 929 participes
1946 867 2091 923 sunt,
2116 873 2176 913 ae
2203 859 2341 911 inter

783 952 950 1020 ipsum
985 955 1302 1005 sumendum
1331 951 1505 1003 cibum
1548 950 1707 1020 impia
1761 960 1814 1002 et
1859 948 2240 1005 contumeliosa
2286 948 2338 1001 iu

781 1044 1095 1096 nutritorem
1122 1042 1282 1096 verba
1315 1041 1587 1096 tolerant?

847 1135 896 1189 5.
934 1135 1002 1188 Αῐ
1056 1150 1178 1190 νθιο
1212 1135 1277 1188 ad
1333 1150 1511 1188 rerum
1556 1139 1859 1187 crealarum
1907 1131 2185 1187 redeamus
2214 1145 2339 1185 COD-

780 1229 1196 1296 templationem.
1257 1227 1517 1282 Animalia
1575 1240 1695 1293 quae
1755 1225 1962 1281 facilius
2017 1223 2333 1292 capiuntur,

778 1330 900 1375 sunt
930 1320 1261 1373 fecundiora.
1296 1319 1554 1387 Quocirca
1577 1320 1786 1391 lepores
1813 1327 1866 1372 et
1892 1327 2127 1385 agreStes
2162 1328 2336 1383 capra:

777 1410 971 1465 multos
999 1421 1282 1480 procreant
1310 1412 1481 1479 fetus,
1511 1426 1744 1482 ovesque
1787 1409 2061 1463 silvestres
2094 1407 2335 1478 geminos

775 1511 958 1570 partus
983 1501 1164 1567 edunt,
1194 1513 1250 1556 ut
1278 1516 1343 1556 ne
1375 1518 1543 1573 genus
1583 1505 1647 1558 ab
1676 1501 1999 1556 animalibus
2022 1500 2182 1556 cruda
2215 1514 2335 1552 car-

773 1608 840 1648 ne
868 1595 1205 1651 vescentibus
1253 1606 1625 1664 consumptum
1650 1634 1664 1658 ,
1705 1593 1940 1648 deticiat.
1973 1591 2075 1647 Sed
2102 1605 2177 1644 ea:
2208 1589 2334 1644 ferae

773 1701 890 1753 quae
924 1696 1145 1741 caeteras
1195 1697 1403 1749 vorant,
1443 1700 1628 1754 parum
1665 1694 1790 1738 sunt
1844 1683 2105 1739 fecundae.
2154 1681 2332 1746 Quare

771 1770 933 1825 leazna
980 1771 1064 1824 vix
1115 1773 1272 1827 unius
1311 1772 1480 1827 leonis
1547 1782 1719 1826 mater
1774 1772 2020 1828 elIieitur.
2063 1769 2221 1833 Nam,
2276 1780 2334 1824 ut

771 1861 938 1924 aiunt,
970 1860 1200 1916 lacerato
1233 1863 1486 1932 unguium
1524 1863 1640 1919 acie
1677 1872 1849 1927 utero,
1879 1861 2056 1931 prodit
2091 1876 2104 1911 :
2136 1861 2331 1929 vipera:

765 1969 997 2024 quoque,
1027 1970 1183 2011 eroso
1210 1966 1383 2024 utero,
1410 1965 1720 2020 nascuntur,
1752 1957 1994 2011 meritam
2024 1956 2324 2009 mercedem

766 2049 971 2118 parenti
1023 2049 1390 2118 rependentes.
1438 2050 1585 2102 Adeo
1631 2047 1765 2100 nihil
1798 2061 1903 2101 non
1953 2046 2234 2115 providum
2272 2047 2321 2100 in

769 2143 927 2194 rebus
947 2152 1046 2201 est,
1077 2139 1206 2192 nihil
1239 2148 1322 2193 est
1371 2153 1513 2193 curre
1569 2139 1647 2194 eis
1689 2139 1882 2193 debita:
1929 2153 2143 2208 expers.
2176 2138 2323 2203 Quod

762 2232 804 2284 si
840 2232 949 2300 ipsa
974 2231 1284 2285 animalium
1321 2231 1559 2286 membra
1596 2231 2045 2297 consideraveris,
2071 2231 2200 2284 nihil
2231 2244 2321 2282 su-

764 2319 1018 2390 perﬂuum
1050 2338 1077 2374 a
1109 2321 1400 2375 Conditore
1443 2320 1729 2390 adjectum,
1784 2321 1919 2376 nihil
1961 2319 2320 2375 necessarium

760 2415 1057 2466 detractum
1089 2412 1252 2467 fuisse
1297 2413 1616 2483 comperies.
1656 2411 1969 2466 Carnivoris
2003 2409 2322 2465 animalibus

760 2511 948 2559 acutos
984 2503 1190 2573 aptavit
1237 2503 1425 2558 dentes
1463 2522 1476 2557 :
1513 2502 1704 2556 talibus
1753 2502 1895 2556 enim
1942 2517 2075 2572 opus
2101 2511 2216 2557 erat
2254 2502 2322 2555 ob

758 2592 999 2649 alimenti
1025 2593 1274 2663 speciem.
1302 2591 1432 2660 Quae
1455 2606 1582 2647 vero
1611 2592 1831 2657 dimidia
1865 2607 1929 2646 ex
1965 2600 2117 2660 parte
2147 2591 2320 2646 denti-

759 2683 857 2739 bus
877 2692 1084 2739 armata
1135 2695 1278 2750 sunt,
1322 2699 1383 2740 ea
1434 2684 1613 2739 multis
1649 2693 1701 2737 ct
1751 2685 1913 2736 variis
1947 2684 2320 2737 alimentorum

758 2775 1111 2846 receptaculis
1139 2776 1409 2830 instruxit.
1443 2774 1573 2828 Nam
1606 2775 1728 2842 quia
1765 2774 1935 2840 prima
1966 2775 2078 2826 vice
2107 2790 2207 2826 non
2237 2790 2312 2828 sa-

757 2866 825 2920 tis
847 2867 916 2921 ab
951 2865 1080 2936 ipsis
1113 2865 1494 2920 comminuitur
1528 2863 1862 2926 alimentum,
1901 2865 1979 2918 eis
2001 2865 2123 2918 data
2148 2865 2318 2917 l'aculo

756 2967 837 3013 tas
857 2966 942 3013 est
971 2957 1148 3013 cibum
1183 2956 1493 3026 deglutitum
1547 2957 1736 3011 iterum
1786 2956 2092 3021 revocandi,
2123 2965 2179 3009 ut
2226 2971 2316 3009 ru-

756 3049 1049 3104 minatione
1090 3049 1374 3116 contritus,
1405 3049 1454 3104 ei
1488 3049 1628 3117 quod
1673 3048 1834 3102 alitur
1883 3048 2316 3103 accommodatus

755 3140 842 3198 sit.
881 3139 1083 3209 Quibus
1110 3141 1433 3198 animalibus
1457 3142 1614 3212 gulae,
1644 3156 1850 3209 omasa,
1879 3141 2102 3196 reticula
2128 3151 2182 3195 et
2208 3156 2318 3194 ma-

755 3251 858 3306 gna
886 3236 1137 3291 intestina
1165 3235 1368 3300 insunt,
1396 3249 1458 3290 ea
1490 3237 1542 3290 in
1582 3236 1770 3290 iisdem
1804 3251 1908 3291 non
1943 3234 2206 3289 inutiliter
2239 3250 2318 3287 re—

755 3326 1058 3382 conduntur
1086 3340 1100 3378 :
1128 3325 1223 3380 sed
1262 3327 1683 3397 unumquodque
1716 3343 1868 3382 usum
1899 3342 1962 3379 ac
2004 3342 2196 3380 munus
2221 3341 2316 3378 ne-

753 3418 1045 3473 cessarium
1069 3417 1264 3487 explet.
1292 3417 1530 3488 Longum
1556 3427 1636 3472 est
1655 3417 1841 3471 cameli
1873 3416 2091 3480 collum,
2136 3426 2191 3468 ut
2221 3429 2316 3483 par

752 3510 823 3565 sit
852 3509 1098 3578 pedibus,
1127 3518 1180 3565 et
1222 3523 1340 3563 eam
1388 3523 1490 3577 qua
1539 3509 1771 3563 vescitur
1815 3508 2034 3562 herbam
2065 3509 2312 3576 attingat.

752 3602 924 3669 Ursae,
943 3600 1136 3668 leonis,
1154 3602 1357 3673 tigridis
1373 3611 1424 3658 et
1449 3611 1762 3657 caeterarum
1782 3601 1938 3669 hujus
1963 3601 2174 3672 generis
2199 3601 2314 3653 ani-

752 3695 967 3750 malium
1002 3695 1195 3751 collum
1229 3696 1389 3751 breve
1418 3705 1520 3761 est,
1549 3704 1602 3750 et
1632 3695 1870 3750 humeris
1903 3695 2118 3750 insitum
2147 3713 2160 3747 ;
2194 3709 2316 3763 pro-

753 3797 930 3857 pterea
967 3789 1104 3856 quod
1155 3789 1318 3842 herba
1369 3789 1499 3857 ipsis
1553 3789 1868 3842 alimentum
1924 3802 2033 3842 non
2083 3795 2183 3850 est,
2217 3801 2316 3840 nec

753 3893 971 3933 necesse
999 3879 1229 3933 habeant
1256 3880 1515 3934 inclinare
1559 3895 1616 3933 se
1651 3880 1714 3933 ad
1750 3890 1966 3940 terram,
1996 3895 2115 3933 cmn
2145 3880 2315 3932 carni-

750 3984 877 4024 vora
905 3969 1037 4035 sint,
1063 3985 1125 4024 ac
1162 3983 1281 4024 sese
1325 3984 1391 4023 ex
1428 3971 1738 4023 animalium
1776 3970 1949 4039 praeda
1988 3980 2307 4023 sustentem.

747 4060 881 4127 Quid
908 4063 1008 4117 sibi
1044 4062 1154 4117 vult
1183 4062 1462 4132 proboseis
1493 4063 1542 4116 in
1571 4062 1901 4132 elephanto?
1933 4062 2070 4130 Quia
2112 4062 2309 4115 auimal

751 4166 1021 4222 maguum,
1051 4161 1106 4208 et
1131 4154 1466 4209 terrestrium
1511 4155 1828 4218 maximum,
1854 4155 1919 4208 ad
1959 4153 2306 4223 injiciendum

749 4246 1158 4301 occurrentibus
1183 4255 1440 4302 terrorem
1466 4249 1811 4316 productum,
1839 4247 2050 4300 carnosi
2082 4256 2134 4301 et
2160 4245 2307 4300 obesi

749 4336 986 4405 corporis
1031 4351 1149 4392 esse
1191 4341 1493 4406 oportebat.
1543 4339 1676 4393 Huic
1719 4341 1762 4394 si
1800 4340 1996 4392 collum
2037 4355 2308 4408 magnum,

747 4437 800 4481 et
825 4428 1046 4496 pedibus
1079 4442 1175 4495 par
1210 4430 1465 4481 tributum
1497 4430 1704 4493 fuisset,
1734 4429 1819 4482 vix
1855 4442 2040 4498 posset
2063 4432 2305 4495 tractari,

746 4527 926 4588 utpote
951 4518 1090 4587 quod
1121 4517 1188 4572 ob
1210 4535 1240 4572 ιι
1272 4519 1429 4573 iniam
1462 4521 1779 4589 gravitatem
1808 4534 2020 4588 semper
2055 4520 2301 4574 deorsum

2444 672 2623 733 αὐτοῖς
2657 670 2930 742 τραπέζης
2991 669 3322 740 μετέχοντες,
3355 670 3448 723 καὶ
3497 668 3625 737 παρ’
3676 668 3845 738 αὐτὴν
3912 664 4009 734 τὴν

2441 761 2644 834 τροφὴν
2673 764 2778 814 τῶν
2806 761 2946 813 κατὰ
2986 761 3080 814 τοῦ
3120 759 3409 823 τρέφοντος
3442 759 3794 830 βλασφημιῶν
3825 757 4012 826 ἁλιεχό-

2445 869 2589 922 μενοι
2615 870 2626 915 ;

2509 1122 2560 1174 5,
2611 1122 2746 1172 Ἀλλ’
2785 1123 2873 1174 ἐπὶ
2906 1121 3003 1190 τὴν
3037 1120 3268 1190 Θεωρίαν
3287 1119 3384 1188 τῆς
3414 1117 3642 1180 κτίσεως
3667 1113 4002 1183 ἐπανίωμεν.

2439 1213 2517 1264 Τὰ
2552 1211 2922 1283 εὐαλωτότερα
2952 1210 3056 1263 τῶν
3091 1209 3243 1271 ζώων
3267 1205 3694 1277 πολυγονώτερα.
3731 1204 3832 1260 Διὰ
3849 1205 4007 1256 τοῦτο

2437 1303 2718 1357 πολυτόκοι
2749 1305 2968 1371 λαγωοὶ,
3015 1303 3107 1354 καὶ
3161 1299 3314 1368 αἶγες
3371 1301 3576 1371 ἄγριαι,
3625 1301 3718 1352 καὶ
3755 1296 4005 1372 πρόϐατα

2436 1397 2600 1467 ἄγρια
2631 1396 2974 1467 διδυμοτὸκα,
3014 1397 3097 1448 ἵνα
3131 1394 3202 1464 μὴ
3230 1394 3482 1464 ἐπιλείπῃ
3503 1391 3560 1444 τὸ
3591 1391 3744 1458 γένος
3767 1394 3872 1445 ὑπὸ
3897 1390 4005 1443 τῶν

2434 1487 2726 1560 ῶμοϐόρων
2751 1491 2859 1558 (50)
2893 1487 3359 1555 ἐκδαπανώμενον.
3401 1487 3478 1538 Τὰ
3512 1485 3564 1538 δέ
3596 1482 3869 1553 φθαρτικᾶ
3899 1484 4006 1537 τῶν

2436 1581 2631 1644 ἄλλων,
2671 1580 2976 1650 ὀλιγοτὸκα.
3004 1579 3164 1631 Ὅθεν
3191 1576 3398 1636 λέοντος
3429 1577 3544 1638 ἐνὸς
3578 1574 3726 1646 μόλις
3757 1575 3788 1642 ή
3820 1574 4005 1627 λέαινα

2437 1674 2616 1743 μήτηρ
2656 1673 2878 1739 γίνεται.
2927 1671 3058 1730 Ταῖς
3097 1669 3202 1738 γὰρ
3254 1669 3456 1737 ἀκμαῖς
3491 1668 3596 1719 τῶν
3640 1665 3847 1734 ὀνύχων
3890 1668 4007 1718 δια-

2434 1761 2714 1833 σπαράξας
2742 1766 2840 1836 τὴν
2872 1764 3103 1833 μήτραν,
3136 1761 3277 1812 οὕτω
3320 1760 3579 1830 πρόεισιν,
3605 1761 3678 1822 ὣς
3708 1773 3839 1826 φασι
3864 1773 3877 1785 ·
3914 1760 4008 1810 καὶ

2431 1856 2634 1925 ἔχιδναι
2678 1858 2775 1921 τὰς
2818 1858 3028 1927 μήτρας
3064 1854 3397 1922 ἐκςραγοῦσαι
3440 1855 3816 1924 προέρχονται,
3875 1850 4007 1920 πρέ-

2362 1933 2402 1987 Β
2430 1966 2626 2013 ποντας
2673 1953 2736 2020 τῇ
2784 1947 3160 2020 γεννησαμένη
3206 1949 3330 2010 τοὺς
3369 1946 3591 2017 μισθοὺς
3632 1945 4005 1999 ἐκτιννύουσαι

2429 2040 2562 2111 (Si).
2601 2041 2787 2102 Οὕτως
2833 2040 2980 2092 οὐδὲν
3021 2039 3351 2110 ἀπρονόητον
3405 2041 3461 2092 ἐν
3507 2041 3617 2102 τοῖς
3655 2035 3824 2100 οὖσιν,
3885 2035 4007 2089 οὐδὲ

2425 2133 2523 2203 τῆς
2547 2131 2908 2203 ἐπιϐαλοὺσης
2935 2133 3114 2197 αὐτοῖς
3151 2130 3463 2202 ἐπιμελείας
3486 2132 3686 2202 ἄμοιρα
3719 2132 3850 2200 (52).
3882 2129 4006 2181 Κᾶν

2426 2226 2564 2279 αὐτὰ
2601 2225 2668 2277 τὰ
2705 2225 2840 2294 μέλη
2873 2224 2979 2277 τῶν
3028 2223 3178 2288 ζώων
3223 2223 3562 2293 καταμάθῃς,
3601 2222 3871 2290 εὑρήσεις,
3922 2219 4006 2270 ὅτι

2424 2320 2548 2373 οὔτε
2575 2318 2823 2389 περιττόν
2853 2335 2902 2368 τι
2935 2321 2962 2370 ὁ
3005 2319 3194 2381 κτίσας
3245 2315 3602 2386 προσέθηκεν,
3643 2312 3764 2365 οὔτε
3811 2310 4003 2376 ἀφεῖλε

2422 2413 2529 2466 τῶν
2559 2413 2664 2483 (55)
2710 2410 3040 2479 ἀναγκαίων.
3094 2412 3216 2473 Τοῖς
3266 2410 3631 2480 σαρκοφάγοις
3667 2406 3826 2473 ζώοις
3859 2406 4005 2472 ὀξεῖς

2421 2508 2546 2568 τοὺς
2574 2504 2789 2566 ὀδόντας
2821 2504 3087 2574 ἐνήρμοσε
3109 2518 3121 2530 ·
3164 2501 3418 2553 τοιούτων
3444 2501 3551 2571 γὰρ
3583 2497 3650 2570 ἦν
3683 2500 3841 2570 χρεία
3866 2498 4005 2569 πρὸς

2422 2597 2481 2650 τὸ
2542 2597 2639 2667 τῆς
2687 2595 2891 2668 τροφῆς
2947 2591 3102 2656 εἶδος.
3140 2593 3206 2644 Ἀ
3251 2592 3305 2644 δὲ
3341 2590 3399 2655 ἐξ
3445 2593 3698 2662 ἡμισείας
3734 2591 4004 2642 ὥπλισται

2421 2693 2532 2753 τοῖς
2583 2688 2783 2753 ὀδοῦσι,
2843 2687 3063 2750 πολλαῖς
3103 2687 3193 2739 καὶ
3237 2684 3505 2747 ποικίλαις
3547 2682 3854 2750 ἀποθήκαις
3892 2680 4005 2732 τῶν

2424 2781 2533 2851 (54)
2559 2780 2771 2852 τροςῶν
2795 2779 3187 2851 παρεσκεύασε.
3214 2777 3311 2830 Διὰ
3335 2776 3440 2848 γὰρ
3463 2775 3523 2828 τὸ
3545 2773 3692 2846 παρὰ
3722 2774 3820 2843 τὴν
3853 2771 4005 2844 πρώ-

2420 2890 2518 2942 την
2572 2873 2645 2942 μὴ
2697 2871 3008 2942 ἀρκούντως
3062 2868 3566 2924 καταλεπτύνεσθαι
3613 2868 3711 2940 τὴν
3767 2867 4003 2938 τροφήν,

2421 2966 2616 3018 ἔδωκεν
2659 2964 2840 3027 αὐτοῖς
2865 2965 2924 3015 τὸ
2959 2963 3264 3016 καταποθὲν
3295 2963 3454 3016 πάλιν
3481 2960 3998 3031 ἀναπεμπὰζεσθαι,

2419 3054 2559 3108 ὥστε
2591 3055 2955 3110 καταλεανθέν
3146 3054 3222 3124 τῷ
3253 3054 3585 3125 μηρυκισμῴ
3618 3050 4000 3122 προσοικειοῦ-

2423 3146 2542 3200 σθαι
2569 3146 2646 3218 τῷ
2661 3147 2995 3217 τρεψομένῳ.
3027 3145 3317 3214 Στόμαχοι,
3346 3144 3439 3196 καὶ
3460 3145 3643 3212 ἐχῖνοι,
3673 3143 3764 3195 καὶ
3798 3141 4003 3212 κεκρύ-

2346 3273 2386 3329 C
2421 3240 2596 3308 φαλοι,
2635 3241 2727 3291 καὶ
2763 3238 3017 3308 ἕνυστρα,
3059 3238 3159 3288 οὑκ
3212 3235 3396 3308 ἀργῶς
3442 3235 3684 3304 ἐγκειται
3727 3233 3839 3305 (56)
3889 3233 4000 3286 τῶν

2425 3330 2575 3395 ζώων
2604 3334 2713 3393 τοῖς
2762 3330 2992 3399 ἔχουσιν,
3034 3329 3146 3381 ἀλλ’
3181 3328 3493 3398 ἀναγκαίων
3526 3329 3711 3400 χρείαν
3767 3327 4002 3378 ’ἑκαστον

2422 3423 2702 3493 ἐκπληροῖ.
2739 3422 2955 3493 Μακρὸς
2984 3424 3011 3475 ὁ
3041 3423 3308 3494 τράχηλος
3334 3423 3435 3492 τῆς
3467 3421 3733 3490 καμήλου,
3764 3419 3852 3472 ἵνα
3884 3421 3999 3482 τοῖς

2422 3515 2578 3567 ποσὶν
2609 3513 2922 3585 ἐξισάζηται
2953 3514 3045 3567 καὶ
3076 3514 3361 3584 ἐφικνῆται
3390 3511 3500 3582 (57)
3536 3511 3633 3578 τῆς
3673 3508 3904 3580 βοτάνης
3937 3509 3997 3577 ἐξ

2419 3601 2485 3677 ἧς
2511 3607 2709 3678 ἁποζῇ.
2761 3607 2973 3677 Βραχὺς
3005 3607 3096 3660 καὶ
3131 3609 3238 3668 τοῖς
3269 3603 3438 3673 ὤμοις
3472 3600 3764 3666 ἐνδεδυκὼς
3795 3605 3824 3655 ὁ
3856 3603 3994 3674 τρά-

2414 3699 2576 3770 χηλος
2601 3699 2702 3768 τῆς
2734 3699 2936 3770 ἄρκτου
2958 3717 2970 3729 ·
3008 3698 3101 3750 καὶ
3135 3697 3347 3759 λέοντος
3382 3695 3460 3761 δέ,
3491 3695 3582 3749 καὶ
3614 3694 3872 3767 τίγριδος,
3898 3695 3995 3748 καὶ

2412 3791 2518 3843 τῶν
2552 3789 2772 3851 λοιπῶν,
2814 3786 2919 3841 ’ὅσα
2949 3788 3135 3840 τούτου
3167 3786 3261 3840 τοῦ
3287 3786 3510 3854 γένουςο
3549 3787 3630 3838 ὅτι
3663 3787 3763 3838 οὐκ
3793 3787 3858 3838 ἐκ
3891 3784 3995 3856 τῆς

2411 3882 2543 3943 πόας
2573 3882 2756 3944 αὐτοῖς
2784 3883 2815 3952 ή
2844 3880 3038 3952 τροφὴ,
3072 3880 3191 3933 οὑδέ
3221 3880 3429 3951 ἀνάγκη
3466 3879 3600 3949 πρὸς
3631 3879 3728 3948 τὴν
3760 3879 3864 3948 γῆν
3896 3895 3995 3930 κα-

2408 3972 2720 4037 τακύπτενν,
2764 3973 3131 4044 σαρκοφάγοις
3161 3966 3301 4035 οὖσι,
3336 3971 3429 4023 καὶ
3460 3973 3523 4023 ἐκ
3553 3971 3650 4040 τῆς
3670 3970 3848 4040 ἄγρας
3878 3970 3992 4022 τῶν

2415 4063 2566 4129 ζώων
2599 4065 3025 4136 διαρκουμένοις.
3083 4066 3148 4118 Τί
3207 4065 3514 4135 βούλεταιή
3561 4062 3865 4134 προνομαία
3913 4061 3991 4133 τῷ

2410 4157 2692 4226 ἐλέφαντι;
2733 4159 2854 4211 Ὅτι
2891 4159 3035 4229 μέγα
3063 4158 3124 4212 τὸ
3160 4157 3319 4222 ζῶον,
3361 4157 3454 4210 καὶ
3484 4155 3590 4209 τῶν
3635 4156 3904 4227 χερσαίων
3929 4153 3991 4206 τὸ

2414 4251 2684 4320 μέγιστον,
2712 4252 2790 4314 είς
2821 4250 2918 4320 τὴν
2947 4250 3055 4305 τῶν
3083 4250 3517 4320 ἐντυγχανόντων
3549 4248 3822 4318 ἔκπληξιν
3842 4265 3985 4318 παρ-

2410 4340 2591 4410 αχθέν,
2637 4340 2975 4410 πολύσαρκον
3024 4341 3189 4410 ἐχρῆν
3239 4336 3376 4392 εἶναι
3429 4341 3521 4392 καὶ
3558 4337 3988 4409 συμπεφορημέ-

2413 4449 2501 4484 νον
2526 4432 2586 4484 τὸ
2612 4431 2785 4501 σῶμα.
2820 4432 3004 4501 Τούτῳ
3035 4434 3082 4483 εί
3111 4432 3283 4500 μέγας
3316 4433 3408 4483 καὶ
3440 4430 3712 4497 ἀναλογῶν
3750 4433 3862 4491 τοῖς
3889 4447 3985 4481 πο-

2415 4522 2496 4572 σὶν
2536 4522 2563 4571 ὁ
2587 4521 2854 4592 τράχηλος
2894 4523 3212 4593 προσετέθη,
3244 4522 3752 4592 δυσμεταχείριστος
3785 4521 3852 4574 ἂν
3892 4516 3982 4592 ἦν,

819 4701 931 4772 (50)
989 4701 1140 4771 Regii
1199 4703 1387 4757 tertius
1431 4711 1482 4756 et
1526 4711 1708 4754 sextus
1759 4701 1863 4755 ὑπὸ
1926 4701 2032 4755 τῶν
2081 4701 2305 4772 αίμοϐό-
2339 4704 2500 4763 οὸντ

2290 4731 2305 4740 -
2339 4707 2383 4763 ο
2409 4704 2559 4764 ὄντα,
2586 4701 2730 4755 nullo
2755 4704 2967 4770 negotio
2999 4712 3164 4772 possn
3184 4700 3438 4770 suppleri.
3464 4701 3633 4772 Legas
3659 4702 3816 4754 velim
3844 4717 3973 4753 ron-

781 4790 876 4835 ων,
902 4773 963 4823 ab
987 4773 1298 4824 uninmlibus
1329 4773 1627 4840 sanguinem
1649 4784 1951 4824 cirlerornm
1979 4776 2298 4838 sugentibus.

781 4790 876 4835 ων,
902 4789 963 4823 av
987 4789 1298 4824 immunibus
1329 4789 1627 4840 sanguinem
1649 4789 1951 4824 cit'teroritm
1979 4789 2297 4838 sugeuuous.

745 4789 942 4896 rbidem
975 4843 1104 4910 Reg.
1135 4851 1320 4912 sextus
1349 4842 1418 4894 τὰ
1438 4843 1493 4894 δέ
1521 4841 1791 4912 φθαρτικὰ
1826 4841 1932 4912 τῶν
1979 4840 2131 4907 ζώων
2161 4842 2297 4910 ὸλιγ.

745 4912 895 4967 Colb.
925 4913 1186 4965 Scenitdtts
1211 4911 1486 4982 φθαρτικὰ
1505 4913 1611 4964 τῶν
1634 4911 1807 4966 ἄλλων
1833 4911 2006 4976 ζώων.
2040 4913 2140 4965 Alii
2168 4929 2296 4968 mss.

743 4993 798 5036 et
834 4983 963 5036 editi
991 4992 1049 5036 ttt
1085 4983 1135 5034 in
1171 4993 1444 5034 contestu.
1477 4983 1590 5036 Non
1635 4994 1718 5035 est
1747 4985 1886 5050 quod
1932 4984 2298 5052 scrupulosius

742 5053 829 5106 his
867 5053 1118 5105 omnibus
1154 5052 1307 5105 iidem
1334 5053 1708 5114 adhibeamus,
1742 5068 1863 5106 cum
1895 5069 2000 5106 non
2030 5070 2194 5121 pauca
2232 5070 2295 5106 rx

743 5123 886 5191 vulgi
932 5123 1185 5191 opinione
1222 5133 1529 5175 narrentur.
1582 5122 1766 5189 Neque
1805 5132 1979 5176 tamen
2032 5136 2300 5192 repertum

745 5194 804 5246 iri
841 5203 970 5263 puto
1008 5206 1333 5261 quemquam
1374 5201 1480 5246 tam
1510 5192 1777 5263 iniquum,
1807 5194 1895 5262 qui
1931 5195 2044 5246 hate
2086 5205 2176 5246 aut
2227 5195 2300 5245 si-

744 5262 884 5316 milia
919 5276 1131 5316 summo
1152 5263 1270 5314 viro
1293 5263 1452 5316 rebus
1485 5262 1826 5332 gravioribus
1868 5264 2076 5317 intento
2101 5268 2289 5318 condo-

740 5349 869 5388 nare
891 5333 1044 5387 nolit.

812 5405 922 5476 (51)
945 5403 1122 5476 gotlex
1154 5401 1405 5476 Condief.
1428 5416 1550 5454 eum
1586 5401 1766 5476 multis
1810 5403 2086 5476 aliisimss.
2127 5403 2303 5456 ἐκτιν-

739 5471 920 5530 νῦσαιζ
949 5474 1085 5526 Editi
1117 5490 1236 5526 cum
1266 5471 1429 5527 Cnisl.
1480 5473 1712 5522 secundo
1743 5473 2136 5530 ἐκτιννύουσαι.
2185 5477 2298 5527 Sla-

741 5550 833 5615 ljttt
864 5549 970 5596 tltto
997 5561 1122 5597 mss.
1157 5543 1276 5595 οὐδὲ
1306 5541 1403 5611 τῆς
1437 5540 1849 5615 ἐπιϐαλλούσης.

812 5616 922 5683 (52)
961 5617 1182 5668 Codices
1215 5621 1416 5678 septem
1461 5612 1682 5683 ἄμοιρα.
1742 5613 1879 5666 Edili
1910 5625 1963 5667 et
1995 5614 2160 5669 (Ioisl.
2197 5614 2306 5681 pri.

744 5682 862 5740 mus
893 5687 1136 5756 ἄμοιρον.
1172 5684 1237 5737 Ει
1270 5685 1356 5756 hic
1386 5696 1599 5756 quoqpe
1634 5682 1841 5735 librarii
1885 5688 1952 5738 oh
1989 5701 2180 5736 vanum
2220 5699 2304 5735 so-

741 5751 971 5810 loecismi
1012 5751 1212 5808 metum
1248 5751 1744 5824 videnlurdpmpov
1797 5769 1889 5821 pro
1928 5756 2132 5824 ἄμοιρα
2168 5756 2303 5806 scri-

739 5829 938 5894 psisse,
972 5841 1035 5879 eo
1076 5823 1618 5895 videlicetwcmtsilto,
1670 5833 1724 5873 ut
1767 5839 1865 5876 vox
1920 5823 2148 5895 ἄμοιρον
2189 5823 2302 5895 voci

738 5893 891 5951 οὐδέν
934 5896 1302 5964 responderet.
1335 5894 1437 5948 Sed
1470 5894 1600 5945 nihil
1628 5908 1871 5959 necesse,
1899 5893 2019 5950 cum
2059 5893 2211 5957 itlud,
2237 5893 2305 5945 τὰ

2414 4787 2642 4826 textum.
2704 4771 2897 4824 Statim
2960 4771 3106 4841 Regii
3149 4775 3374 4837 primus,
3425 4771 3615 4824 tertius
3663 4781 3714 4824 et
3753 4782 3980 4825 octavus

2408 4861 2530 4897 cum
2558 4843 2706 4896 Colb.
2731 4845 2965 4897 secundo
2987 4843 3059 4896 τὰ
3084 4841 3239 4914 μέλη.
3272 4841 3544 4896 Editicum
3571 4857 3676 4897 uno
3692 4851 3786 4895 aut
3809 4845 3981 4895 altero

2408 4929 2509 4964 ms.
2539 4912 2608 4964 τὰ
2646 4912 2809 4964 μέρη.

2408 4929 2509 4967 IIIS.
2539 4929 2608 4965 τα
2646 4929 2809 4969 μερη.

2860 4982 3102 5054 Combel‘.
3145 4999 3266 5038 cum
3321 4981 3442 5036 aliis
3484 4982 3724 5052 quinque
3776 4981 3971 5050 ἀφεῖλε

2405 5054 2533 5106 τῶν.
2558 5054 2709 5106 'Editi
2740 5053 2988 5120 ἀφείλετο
3015 5054 3142 5110 τῶν.

2475 5123 2802 5194 (54)(Ζοι1εχ
2827 5122 3158 5194 (Ιοιιιὺθΐηει
3185 5123 3318 5194 Reg.
3343 5132 3580 5194 octavus
3612 5120 3825 5185 τούτοις
3861 5123 3979 5176 πολ-

2403 5193 2501 5258 λὰς
2531 5193 2626 5245 καὶ
2669 5193 2918 5257 ποικίλας
2967 5193 3251 5263 ἀποθήκας
3277 5193 3426 5258 ίτῶν,
3459 5202 3565 5247 etc.
3614 5194 3749 5263 Reg.
3787 5206 3975 5248 sexms

2405 5263 2656 5326 ποικίλας
2677 5265 2798 5326 ταῖς
2820 5267 3047 5334 τροφαῖς
3080 5263 3509 5334 παρεσκεύασεν.

2476 5336 2590 5403 (55)
2648 5331 2872 5404 (lodices
2935 5331 3184 5402 'quatuor
3253 5345 3450 5404 przeter
3530 5331 3775 5390 Combel'.
3835 5332 3972 5384 ὥστε

2405 5403 2770 5458 καταλεανθέν
2801 5403 2898 5473 τῷ.
2937 5406 3088 5460 Colb.
3129 5403 3395 5458 secundus
3418 5421 3537 5458 cum
3579 5405 3709 5472 Reg.
3743 5415 3898 5456 sexto
3922 5413 3974 5454 et

2401 5492 2524 5598 82m
2551 5473 2702 5528 Bodl.
2731 5473 2869 5526 ὥστε
2905 5473 3334 5528 καταλεανθέντα
3360 5473 3455 5545 τῷ.
3492 5475 3630 5529 Editi
3654 5473 3976 5528 καταλειαν-

2463 5561 2577 5597 ντα.

2463 5561 2577 5597 ντα.

2473 5615 2585 5684 (56)
2621 5615 2845 5686 (lodices
2873 5615 3111 5686 quinque
3146 5615 3406 5685 ἔγκειται.
3445 5614 3585 5669 Editi
3638 5627 3762 5668 cum
3814 5611 3969 5670 Coll).

2399 5686 2640 5739 secundo
2670 5685 2965 5752 ἔγκεινται.

2475 5755 2584 5825 (57)
2601 5755 2756 5828 Cum.
2792 5759 3059 5828 secuiidus
3090 5758 3190 5811 οὐκ
3224 5758 3497 5828 ἐφίκηται.
3534 5755 3822 5828 Aliquanto
3851 5760 3969 5823 post

2402 5841 2537 5898 mss.
2565 5825 2767 5898 aliquot
2798 5827 2881 5879 ὅτι
2912 5829 3030 5898 οὐχ).
3079 5829 3142 5882 ἐκ
3189 5829 3308 5898 τῆς.
3348 5825 3485 5883 Editi
3531 5843 3652 5881 cum
3683 5825 3839 5879 Colb.
3883 5839 3966 5879 se-

2402 5896 2576 5948 cundo
2606 5896 2683 5948 ὅτι
2715 5897 2832 5950 οὐκ.
