4262 6550
296 503 391 555 201

1381 501 1660 554 HOMILM
1698 503 1764 554 ιχ
1806 501 1870 554 IN
1910 500 2400 556 llEXAEMERON.

3419 503 3524 558 20%

295 617 372 686 τῷ
396 617 779 685 ὑπερϐάλλοντι
811 614 962 688 βάρει
993 617 1348 686 καταρρέπων
1382 619 1467 670 ἀεὶ¹
1506 620 1640 687 πρὸς
1674 621 1735 672 τὸ
1766 619 1862 672 κά·
1893 625 1938 678 Α
1967 633 1978 661 t

1842 649 1862 658 -
1893 625 1938 678 Α
1967 631 2233 687 vergeret.
2280 617 2431 672 Nunc
2483 627 2659 671 autem
2716 627 2876 689 caput
2925 618 3138 687 quidem
3200 632 3291 687 per
3332 634 3525 686 paucas

294 725 391 760 τω.
429 706 539 758 Νῦν
566 705 621 757 δὲ
653 706 683 770 ἡ
731 705 826 774 μὲν
879 706 1087 775 κεφαλὴ
1136 706 1200 758 δι’
1223 707 1414 777 ὀλίγων
1449 707 1554 760 τῶν
1576 708 1668 761 τοῦ
1700 709 1860 779 αὑχέ-

295 816 383 858 νος
431 794 730 864 σφονδύλων
756 799 890 868 πρὸς
928 797 1025 865 τὴν
1065 798 1219 869 ῥάχιν
1247 801 1610 853 συνάπτεται·
1645 801 1754 871 ἔχει
1805 801 1861 853 δὲ

294 887 392 954 τὴν
433 887 785 957 προνομαίαν,
828 888 925 955 τὴν
951 887 1042 940 τοῦ
1077 891 1350 960 τραχήλου
1393 889 1580 959 χρείαν
1614 891 1860 962 ἀποπλη-

298 977 517 1045 ροὺσαν,
561 977 626 1031 δι’
657 975 722 1049 ἧς
752 976 843 1030 καὶ
895 979 992 1049 τὴν
1033 985 1239 1051 τροφὴν
1287 998 1638 1052 προσαγεται,
1679 986 1770 1036 καὶ
1803 983 1864 1036 τὸ

296 1070 457 1121 ποτὸν
479 1071 755 1142 ἀνιμᾶται.
803 1070 960 1124 Ἀλλά
995 1075 1087 1125 καὶ
1133 1071 1489 1143 ἀδιάρθρωτοι
1520 1075 1666 1146 αὑτῷ
1691 1079 1738 1128 οἱ
1769 1076 1862 1127 πό·

292 1160 402 1223 δες,
433 1163 592 1216 οἱονεὶ
630 1161 804 1226 κίονες
849 1165 1134 1235 ήνωμένοι,
1170 1164 1230 1216 τὸ
1279 1164 1442 1238 βάρος
1475 1168 1862 1236 ὑποστηρίζου-

299 1269 401 1308 σιν.
445 1257 506 1308 ΕΞ
534 1253 640 1323 γὰρ
669 1254 838 1322 χαῦνα
868 1256 1014 1324 αὑτῷ
1031 1257 1133 1306 .κα“ι
1166 1255 1358 1328 δίυγρα
1392 1259 1627 1326 ὑπετέθη
1661 1259 1770 1325 (58)
1793 1260 1861 1311 τά

297 1345 463 1406 κῶλα,
489 1347 724 1412 συνεχεῖς
759 1346 822 1400 ἂν
849 1346 1086 1414 ἐγίνοντο
1111 1347 1220 1400 τῶν
1246 1349 1460 1419 ἄρθρων
1481 1349 1536 1399 αἱ
1579 1349 1860 1415 ἐκτροπαὶ,

296 1435 716 1502 συνοκλάζοντος
744 1439 839 1492 καὶ
875 1438 1278 1512 διανισταμένω
1313 1440 1589 1508 κουφίζειν
1607 1440 1668 1493 τὸ
1699 1439 1863 1511 βάρος

296 1529 372 1599 μὴ
391 1527 754 1598 ἐξαρκούντων
775 1529 905 1600 (59).
938 1531 1051 1585 Νῦν
1071 1533 1126 1585 δέ
1146 1533 1347 1602 βραχὺς
1376 1531 1711 1602 ἀστράγαλος
1735 1531 1864 1583 ὑπό-

295 1633 470 1669 κειται
494 1619 568 1688 τῷ
597 1619 716 1671 ποδὶ
743 1618 834 1670 τοῦ
869 1620 1156 1688 ἐλέφαντος
1184 1636 1196 1648 ⁸
1229 1617 1350 1671 οὔτε
1385 1619 1564 1688 μέντοι
1591 1621 1668 1684 εἰς
1695 1617 1863 1687 ἀγκύο

294 1706 395 1776 λην
428 1709 547 1761 οὗτε
579 1710 657 1771 εἰς
690 1709 816 1776 γόνυ
849 1709 1198 1780 διήρθρωται.
1237 1708 1310 1761 Οὑ
1341 1708 1446 1781 γὰρ
1488 1710 1552 1763 ἂν
1587 1711 1861 1780 ὑπήνεγκε

292 1799 354 1852 τὸ
385 1801 490 1854 τῶν
519 1800 735 1871 ἄρθρων
761 1801 1045 1872 ὀλισθηρὸν
1078 1801 1174 1873 τὴν
1203 1802 1569 1873 πολυσαρκίαν
1590 1802 1682 1854 τοῦ
1723 1802 1860 1865 ζώου

294 1892 493 1962 πολλὴν
562 1891 708 1962 αὑτῷ
771 1893 1206 1964 περικεχυμὲνην
1265 1895 1359 1946 καὶ
1409 1894 1856 1964 περιτρὲμουσαν.

1964 711 2191 765 cervicis
2241 723 2524 778 compages
2569 722 2690 762 cum
2744 709 2888 766 dorsi
2935 711 3084 780 Spina
3133 710 3520 779 coniungitur:

1965 799 2125 854 habet
2157 816 2281 855 vero
2315 801 2843 870 proboscidem,co|li
2879 802 3051 858 oflicio
3076 816 3139 856 ac
3163 817 3381 856 munere
3412 804 3528 853 fun-

1964 901 2310 964 gentem,pcr
2336 907 2493 960 quam
2517 905 2571 949 et
2612 894 2924 948 alimentum
2973 895 3217 958 assumit,
3257 901 3310 948 et
3346 902 3523 962 potum

1962 983 2228 1038 exhaurit.
2274 982 2379 1039 Sed
2422 992 2476 1038 et
2502 987 2662 1053 pedes
2693 986 2858 1054 ipsius
2905 985 3143 1040 articulis
3171 986 3389 1039 minimc
3418 984 3528 1037 dis-

1964 1075 2134 1137 tincti,
2191 1078 2337 1132 velut
2383 1075 2641 1131 columna:
2679 1078 2995 1148 conjunctae,
3031 1090 3164 1127 OIIIIS
3195 1078 3523 1131 sufiolciunt.

1964 1166 2174 1220 Etenim
2205 1168 2249 1221 si
2280 1168 2382 1222 laxi
2413 1176 2466 1221 et
2503 1166 2760 1223 ﬂexibiles
2788 1169 2950 1236 pedes
2973 1168 3021 1221 ei
3073 1166 3298 1220 fuissent
3328 1182 3520 1236 suppo‘

1959 1259 2046 1313 siti
2072 1299 2086 1324 ,
2107 1260 2307 1316 crebrae
2334 1261 2487 1314 factae
2514 1259 2736 1313 fuissent
2754 1262 3101 1314 articulorum
3122 1275 3151 1313 e
3173 1259 3284 1313 suis
3310 1259 3524 1312 sedibus

1962 1353 2225 1407 motiones
2262 1373 2274 1407 :
2311 1351 2743 1423 quandoquidem
2773 1352 2898 1405 dum
2944 1352 3094 1406 ﬂexis
3132 1353 3353 1421 genibus
3390 1364 3522 1404 con-

1961 1443 2177 1507 sideret,
2208 1455 2298 1500 aut
2352 1450 2684 1512 exsurgeret,
2721 1442 2941 1496 ferendo
2983 1442 3203 1511 ponderi
3233 1456 3386 1510 pares
3418 1454 3522 1494 nou

1963 1547 2161 1590 essent.
2196 1539 2344 1594 Nunc
2372 1555 2500 1594 vero
2522 1551 2716 1608 parvus
2751 1536 2887 1590 talus
2921 1535 3202 1605 subjicitur
3228 1534 3526 1600 elephantis

1963 1629 2078 1697 pedi
2113 1647 2126 1682 :
2161 1631 2271 1700 86
2306 1646 2476 1701 neque
2523 1642 2697 1684 tamen
2730 1629 2794 1684 ad
2839 1638 3202 1690 curvaturam,
3249 1641 3420 1694 neque
3462 1627 3526 1678 ad

1963 1736 2100 1790 genu
2129 1732 2439 1789 compactos
2484 1723 2723 1776 articulis
2761 1730 2863 1775 est.
2894 1717 3025 1773 Nam
3059 1719 3406 1772 articulorum
3443 1717 3525 1770 in-

1962 1813 2259 1868 constantia
2285 1826 2346 1866 ae
2384 1812 2649 1864 mobilitas
2677 1811 2896 1864 multam
2955 1809 3203 1862 animalis
3251 1807 3526 1876 corpulen-

1965 1906 2110 1969 tiam,
2146 1905 2242 1973 ipsi
2281 1900 2662 1956 circumfusam
2697 1917 2761 1956 ac
2794 1903 3133 1966 titubantem,
3156 1898 3294 1954 ferre
3327 1915 3528 1966 nequa-

298 1986 460 2037 Ὅθεν
491 1986 645 2056 χρεία
673 1985 860 2053 γέγονε
899 1983 992 2036 τοῦ
1034 1986 1306 2055 μυκτῆρος
1335 1985 1541 2036 ἐκείνου
1575 1984 1733 2055 μέχρι
1769 2003 1856 2037 πο·
1897 1972 1934 2023 Β
1962 2013 1978 2046 (

1847 2017 1856 2023 ·
1897 1972 1934 2023 Β
1962 2013 2120 2063 quam
2169 1997 2446 2066 potuisset.
2491 1993 2640 2048 Unde
2685 2008 2849 2047 nasus
2902 1994 2989 2048 ille
3041 1995 3104 2047 ad
3153 1990 3312 2061 pedes
3361 2003 3527 2057 usque

293 2075 398 2126 δῶν
427 2075 768 2144 καθιεμένου.
811 2076 921 2144 Οὑχ
953 2078 1081 2146 δρᾷς
1112 2078 1168 2127 ἐν
1207 2078 1316 2138 τοῖς
1349 2075 1624 2145 πολέμοις,
1674 2078 1754 2127 ὅτι
1786 2078 1863 2127 oi-

297 2167 411 2219 ονεὶ
436 2167 503 2218 mi
515 2184 630 2238 ρτοι
655 2169 796 2232 τινὲς
816 2169 1042 2239 ἔμψυχοι
1060 2168 1154 2239 τῆς
1175 2167 1448 2237 φάλαγγος
1469 2168 1826 2241 προηγοῦνται
1849 2186 1860 2233 ;

295 2257 330 2330 ἢ
363 2259 539 2328 βουνοί
559 2278 700 2324 τινες
735 2261 998 2332 σάρκινοι,
1031 2260 1397 2313 ἀνυπόστατον
1421 2261 1633 2330 ἔχοντες
1662 2259 1758 2330 τὴν
1777 2263 1866 2329 ὀρ-

298 2367 428 2420 μην,
461 2351 570 2403 τῶν
617 2352 872 2403 ἐναντίοιν
913 2351 1002 2402 τὸν
1042 2351 1411 2419 συνασπισμὸν
1445 2351 1860 2413 διακόπτουσιν;

295 2435 392 2501 Οἷς
421 2443 468 2493 ει
504 2442 576 2510 μὴ
617 2438 682 2510 ἦν
713 2441 1075 2507 ἀναλογοῦντα
1103 2440 1170 2492 τά
1196 2442 1363 2504 κάτω,
1408 2442 1542 2511 πρὸς
1584 2442 1770 2494 οὑδένα
1801 2443 1864 2494 ἂν

295 2534 489 2605 χρόνον
521 2535 580 2585 τὸ
614 2534 748 2596 ζῶον
777 2535 1049 2604 διήρκεσε.
1084 2534 1193 2588 Νῦν
1225 2535 1279 2587 δὲ
1314 2535 1412 2606 ἤδη
1436 2538 1574 2599 τινες
1599 2537 1865 2606 ἱστοροῦσι

295 2626 392 2680 καὶ
421 2627 704 2696 τριακόσια
744 2627 836 2696 ἐτη
873 2627 964 2679 καὶ
1000 2626 1167 2680 πλείω
1201 2627 1402 2681 τούτων
1435 2628 1578 2698 βιοῦν
1617 2629 1705 2681 τὸν
1755 2629 1866 2680 ἐλέ-

295 2735 473 2789 φαντα
497 2736 510 2749 ο
542 2719 627 2774 διὰ
655 2719 810 2772 τοῦτο
851 2721 1207 2792 συμπεπηγὺς
1239 2720 1349 2791 (60')
1380 2722 1471 2774 καὶ
1509 2721 1569 2774 οὑ
1598 2721 1863 2792 διηρθρω-

299 2814 460 2881 μένον
489 2813 556 2866 τά
585 2813 751 2866 κῶλα.
783 2814 892 2883 Τὴν
943 2813 999 2865 δέ
1048 2813 1273 2883 τροφὴν,
1331 2813 1519 2884 ὥσπερ
1563 2814 1793 2883 ἔφαμεν,
1830 2815 1862 2882 ἡ

299 2905 604 2974 προνομαία
631 2905 865 2974 χαμόθεν
898 2906 987 2956 ἐπί
1014 2905 1074 2955 τὸ
1107 2904 1237 2971 ὕψος
1272 2904 1595 2972 διακομίζει,
1633 2905 1865 2973 acida-.3;

298 3015 380 3059 τις
407 2992 537 3049 οὖσα
571 2999 662 3048 καὶ
706 2996 970 3066 ὑγροτέρα
1021 2997 1118 3062 τὴν
1174 2996 1352 3063 φύσιν.
1399 2995 1582 3057 Οὕτως
1613 2994 1813 3065 ἀληθὴς
1840 2997 1867 3046 ὁ

297 3087 473 3154 λόγος,
509 3087 589 3138 ὅτι
619 3085 770 3138 οὑδέν
805 3085 1055 3155 περιττὸν
1089 3085 1205 3136 οὑδέ
1243 3084 1482 3136 ἐλλεῖπον
1510 3086 1568 3136 ἐν
1600 3087 1711 3146 τοῖς
1753 3101 1866 3136 κτι-

300 3178 471 3232 σθεῐσι
503 3178 727 3230 δυνατὸν
761 3176 1069 3249 εὑρεθῆναι.
1107 3179 1148 3228 Τ
1152 3175 1274 3229 οὖτο
1318 3177 1497 3246 μέντοι
1529 3177 1778 3228 τοσοῦτον
1808 3176 1866 3228 ὃν

295 3271 376 3340 τῷ
435 3270 675 3341 μεγέθει,
719 3270 1024 3341 ὑποχείριον
1082 3271 1216 3339 ἡμῖν
1275 3268 1607 3335 κατέστησεν
1654 3269 1681 3319 ὁ
1735 3268 1866 3331 Θεὸς

299 3361 462 3431 (ὣστε
516 3365 609 3416 καὶ
650 3363 1031 3432 διδασκόμενον
1085 3361 1342 3422 συνιέναι,
1394 3361 1486 3413 καὶ
1533 3360 1862 3430 τυπτόμενον

297 3454 727 3534 καταδέχεσθαι),
759 3454 1000 3524 ἐναργῶς
1027 3457 1172 3523 ἡμᾶς
1202 3450 1549 3517 ἐκδιδάσκων,
1578 3455 1658 3506 ὅτι
1686 3454 1862 3508 πάντα

299 3545 563 3611 ὑπέταξεν
596 3549 744 3616 ἡμῖν,
780 3547 867 3598 διὰ
894 3545 955 3598 τὸ
984 3549 1100 3598 κατ’
1130 3547 1309 3599 εἰκόνα
1354 3549 1502 3616 ἡμᾶς
1537 3546 1862 3617 πεποιῆσθαι

299 3636 411 3707 (61)
441 3637 534 3689 τοῦ
562 3638 862 3700 κτίσαντος.
895 3638 968 3690 Οὑ
995 3637 1152 3706 μόνον
1177 3637 1231 3688 δὲ
1267 3639 1322 3689 ἐν
1349 3642 1457 3701 τοῖς
1478 3639 1729 3706 μεγάλοις
1759 3638 1864 3690 τῶν

298 3727 455 3796 ζώων
477 3729 572 3800 τὴν
607 3729 1002 3800 ἀνεξιχνίαστον
1030 3729 1220 3797 σοφίαν
1245 3728 1418 3794 ἔξεστι
1449 3729 1703 3792 κατιδεῖν,
1733 3729 1864 3781 ἀλλὰ

297 3821 393 3874 καὶ
421 3825 478 3874 ἐν
507 3825 618 3885 τοῖς
648 3821 990 3893 μικροτάτοις
1023 3820 1173 3873 οὑδέν
1207 3821 1420 3872 ἔλαττον
1452 3823 1766 3889 συναγεῖραι
1807 3820 1866 3870 τὸ

298 3911 503 3982 Θαὺμα.
541 3915 748 3983 ’Ὠσπερ
785 3913 892 3984 γὰρ
933 3915 993 3966 οὑ
1038 3914 1234 3984 μᾶλλον
1270 3911 1531 3982 θαυμάζω
1568 3913 1664 3975 τὰς
1701 3913 1867 3981 μεγά-

297 4005 400 4068 ἳας
426 4006 533 4057 τῶν
555 4007 694 4075 ὀρῶν
728 4006 988 4076 κορυφὰς,
1029 4007 1083 4058 αἳ
1115 4005 1192 4074 τῷ
1231 4006 1455 4076 πλησίον
1476 4001 1613 4056 εἶναι
1639 4006 1745 4056 τῶν
1780 4023 1856 4057 νε-

299 4099 418 4170 φῶν
448 4101 510 4168 τῇ
542 4101 751 4166 συνεχεῖ
776 4097 1064 4168 περιπνοία
1099 4097 1419 4161 διασώζουσι
1461 4097 1522 4148 τὸ
1569 4097 1864 4166 χειμέριον,

297 4191 334 4260 ἢ
360 4191 459 4260 τὴν
495 4191 550 4240 ἐν
584 4193 703 4252 ταῖς
741 4189 978 4259 φάραγξι
1016 4188 1318 4256 κοιλότητα,
1344 4190 1402 4239 οὑ
1428 4188 1584 4257 μόνον
1611 4186 1669 4238 τὸ
1701 4186 1864 4257 δυσή-

299 4297 463 4349 νεμον
497 4279 603 4331 τῶν
634 4279 850 4350 ὑψηλῶν
880 4278 1289 4346 διαφεύγουσαν,
1323 4277 1457 4330 ἀλλὰ
1507 4279 1598 4330 καὶ
1632 4277 1868 4329 ἀλεεινὸν

299 4369 388 4421 ἀεὶ
445 4368 533 4421 τὸν
577 4370 712 4439 ἀέρα
748 4370 1102 4438 συνέχουσαν³
1156 4369 1326 4432 οὕτως
1369 4370 1461 4421 καὶ
1506 4371 1562 4420 ἐν
1609 4371 1722 4430 ταῖς
1763 4369 1868 4420 τῶν

301 4460 455 4526 ζώων
500 4464 862 4524 κατασκευαῖς
892 4463 950 4514 οὑ
991 4461 1188 4532 μᾶλλον
1233 4461 1441 4528 ἄγαμαι
1481 4461 1570 4511 τὸν
1608 4460 1869 4524 ἐλέφαντα

297 4553 394 4606 τοῦ
429 4553 686 4623 μεγέθους
711 4554 742 4622 ἢ
765 4554 854 4606 τὸν
890 4553 1012 4622 μῦν,
1044 4555 1122 4606 ὃτι
1159 4551 1382 4621 φοϐερός
1408 4550 1619 4619 ἐστιτῷ
1650 4550 1869 4616 ἐλέφαν-

1965 2087 2247 2148 demissus,
2300 2088 2398 2140 fuit
2429 2085 2783 2142 necessarius.
2826 2083 3011 2138 Nonne
3058 2084 3204 2137 vides
3247 2084 3298 2136 in
3352 2081 3523 2146 hellis,

1965 2175 2104 2243 quod
2147 2174 2291 2228 velut
2327 2177 2575 2228 animata:
2609 2176 2854 2244 quaedam
2909 2183 3084 2227 turres
3121 2174 3291 2226 aciem
3327 2187 3528 2241 praece-

1967 2267 2089 2320 dant
2119 2266 2253 2320 iaut
2284 2267 2428 2334 quod
2479 2265 2622 2318 velut
2657 2267 2837 2320 caruei
2875 2265 3090 2334 quidam
3120 2263 3302 2328 colles,
3335 2261 3527 2318 intole-

1967 2360 2118 2414 rabili
2141 2361 2336 2430 impetu
2371 2357 2603 2429 impulsi,
2639 2360 2858 2413 densata
2886 2360 3116 2414 hostium
3155 2358 3366 2428 agmina
3403 2371 3526 2426 per-

1969 2460 2218 2519 rumpant
2245 2452 2267 2505 ?
2299 2451 2504 2517 Quibus
2531 2451 2633 2505 nisi
2663 2459 2840 2520 partes
2865 2449 3085 2504 inferna:
3121 2450 3526 2519 responderent,

1967 2552 2206 2610 tempore
2242 2543 2347 2595 ullo
2375 2544 2662 2610 persistere
2695 2540 2891 2596 animal
2923 2540 3049 2595 illud
3075 2541 3293 2594 minime
3327 2548 3526 2608 posset.

1967 2632 2117 2686 Nunc
2173 2641 2350 2686 autem
2388 2632 2626 2708 referunt
2685 2632 2924 2688 nonnulli
2983 2633 3234 2686 trecentis
3278 2631 3432 2685 annis
3478 2639 3532 2684 et

1967 2724 2192 2793 amplius
2237 2723 2416 2778 vivere
2460 2722 2841 2790 elephantem:
2889 2733 3171 2794 propterea
3211 2723 3373 2795 pedes
3414 2721 3530 2790 ejus

1966 2817 2228 2886 compacti
2263 2823 2406 2881 sunt,
2463 2829 2561 2870 nec
2599 2814 2721 2868 ttllis
2769 2815 3009 2869 articulis
3057 2817 3379 2868 dividuntur.
3416 2814 3530 2868 Cm-

1969 2919 2161 2973 tcrnm,
2197 2909 2270 2962 uti
2303 2909 2554 2970 diximus,
2589 2907 2864 2977 proboscis
2888 2921 2918 2960 e
2953 2916 3092 2961 terra
3120 2922 3328 2960 sursum
3377 2905 3530 2961 effert

1968 3004 2275 3054 alimentum
2310 3020 2322 3054 :
2357 3017 2416 3055 ea
2443 3015 2630 3068 nempe
2671 2999 2937 3068 serpentis
2975 2999 3133 3052 habet
3158 2998 3411 3068 speciem,
3445 3008 3526 3050 at-

1968 3091 2070 3160 que
2099 3107 2161 3145 ex
2193 3105 2287 3144 sua
2322 3101 2508 3143 natura
2546 3090 2753 3144 facilius
2800 3088 3047 3142 flectitur.
3089 3089 3235 3142 Adeo
3279 3102 3400 3142 vera
3440 3087 3526 3140 illa

1969 3182 2231 3236 sententia
2261 3188 2366 3244 est,
2397 3179 2523 3232 nihil
2552 3181 2690 3246 quod
2723 3189 2813 3232 aut
2851 3179 3128 3239 rcdumlet,
3165 3186 3254 3229 aut
3291 3174 3524 3237 deficiat,

1893 3299 1934 3357 ο
1971 3277 2021 3326 in
2077 3272 2234 3326 rebus
2274 3270 2468 3324 creatis
2499 3269 2725 3322 inveniri
2778 3283 2953 3336 posse.
2998 3268 3156 3336 Atqui
3204 3267 3333 3320 illud
3368 3276 3528 3320 tanta:

1971 3363 2348 3435 magnitudinis
2382 3362 2579 3416 animal
2621 3360 2773 3414 nobis
2827 3361 2963 3412 Deus
3009 3359 3280 3412 subdidit:
3312 3357 3445 3411 adeo
3472 3367 3532 3411 ut

1965 3460 2008 3510 si
2038 3460 2313 3517 doceatur,
2347 3451 2642 3521 intelligat;
2671 3452 2712 3502 si
2757 3450 3119 3518 percutiatur,
3147 3448 3400 3516 perferat.
3438 3448 3530 3501 Ni-

1967 3551 2161 3603 mirum
2190 3547 2333 3600 clare
2369 3561 2467 3599 nos
2519 3546 2707 3598 edocet
2736 3542 2875 3611 quod
2917 3542 2981 3593 ad
3015 3539 3286 3598 Creatoris
3333 3540 3524 3609 imagi-

1967 3655 2084 3691 nem
2143 3637 2339 3692 conditi
2397 3649 2619 3695 sumus,
2655 3634 2722 3685 ob
2785 3631 2834 3684 id
2876 3629 3029 3684 nobis
3082 3627 3246 3682 fuisse
3291 3627 3526 3691 subjecta

1966 3731 2161 3783 Omnia.
2197 3727 2310 3780 Non
2334 3727 2504 3780 solum
2546 3735 2720 3777 autem
2748 3729 2799 3777 iu
2835 3722 3042 3790 magnis
3070 3720 3390 3773 animalibus
3432 3720 3531 3771 im~

1968 3816 2430 3888 pervestigabilem
2460 3816 2775 3882 sapientiam
2810 3813 2993 3865 videre
3028 3819 3108 3865 est
3129 3851 3142 3873 ,
3171 3810 3262 3862 sed
3286 3811 3447 3863 etiam
3477 3809 3528 3862 in

1969 3911 2202 3964 minimis
2268 3908 2436 3962 nihilo
2490 3908 2691 3958 minora
2749 3904 3006 3956 miracula
3075 3902 3328 3970 colligere
3382 3902 3526 3954 licet.

1968 4000 2416 4069 Quemadmodum
2473 3998 2612 4052 enim
2668 4011 2858 4063 magna
2911 3995 3167 4047 montimn
3220 3992 3526 4056 cacumina,

1968 4111 2082 4162 qua:
2116 4095 2183 4149 ob
2217 4092 2435 4145 nubium
2469 4091 2796 4142 vicinitatem
2830 4104 2922 4154 per
2947 4088 3228 4139 continuos
3265 4082 3422 4136 flatus
3446 4082 3526 4135 hi-

1967 4189 2187 4238 bernum
2219 4184 2387 4252 frigus
2419 4188 2756 4240 conservant,
2795 4193 2894 4230 non
2942 4178 3105 4230 miror
3135 4175 3339 4244 magis,
3368 4188 3528 4242 quam

1970 4279 2182 4330 vallium
2228 4289 2487 4335 concava,
2525 4286 2640 4339 quae
2672 4287 2773 4322 non
2823 4268 2993 4321 solum
3033 4258 3315 4321 ventorum
3366 4265 3531 4319 subli-

1971 4370 2132 4421 mium
2154 4364 2409 4419 smvitiem
2446 4361 2731 4422 declinant,
2766 4360 2857 4409 Sed
2896 4357 3056 4410 etiam
3090 4357 3320 4424 tepidum
3349 4369 3530 4409 aerem

1969 4471 2176 4522 semper
2208 4454 2442 4507 retinent
2479 4467 2496 4504 :
2534 4451 2610 4504 sic
2638 4449 2798 4501 etiam
2837 4446 2885 4498 in
2931 4445 3238 4498 animalium
3268 4446 3530 4499 constitu-

1974 4550 2138 4608 tione,
2177 4562 2279 4598 non
2321 4544 2491 4613 magis
2545 4540 2781 4594 admiror
2833 4539 3168 4606 elephantem
3208 4536 3275 4588 ob
3325 4534 3534 4603 magni-

297 4659 354 4696 τι
374 4661 387 4673 ⁸
418 4644 530 4713 ea.
557 4643 877 4696 λεπτότατον
908 4645 998 4696 τοῦ
1028 4644 1286 4714 σκορπίου
1317 4642 1558 4711 κέντρον,
1585 4641 1700 4704 πῶς
1729 4641 1868 4693 ἐκοί-
1901 4639 1942 4690 D
1977 4657 1980 4686 ε

1852 4672 1868 4680 -
1901 4639 1942 4690 D
1977 4641 2228 4703 mdinem,
2261 4653 2419 4706 quam
2452 4651 2676 4695 murem,
2710 4634 2797 4701 qui
2830 4630 3150 4684 metuendus
3180 4636 3262 4680 est
3289 4625 3535 4696 elephan-

297 4732 459 4788 λανεν
491 4734 676 4804 ὥσπερ
709 4735 867 4786 αὑλδν
915 4736 942 4784 ὁ
1001 4734 1268 4803 τεχνίτης,
1317 4732 1455 4783 ὥστε
1484 4732 1548 4783 δι’
1584 4730 1745 4782 αὑτοῦ
1777 4731 1865 4782 τὸν

302 4825 382 4881 ιὸν
425 4829 537 4888 τοῖς
562 4824 847 4897 τρωθεῖσιν
892 4825 1145 4878 ἐνίεσθαι.
1201 4825 1310 4878 Καὶ
1343 4825 1526 4894 μηδεὶς
1569 4823 1866 4890 ἐγκαλείτω

298 4917 491 4971 τούτου
518 4919 699 4970 ἐνεκεν
727 4916 802 4986 τῷ
838 4919 1053 4985 ποιητῇ,
1089 4918 1170 4968 ὅτι
1208 4917 1385 4969 Ξοϐὁλα
1413 4915 1526 4978 ζῶα
1567 4918 1657 4967 καὶ
1695 4915 1865 4985 φθαρ-

297 5010 428 5064 τικά
453 5011 543 5062 καὶ
572 5010 801 5079 πολέμια
828 5011 894 5078 τῇ
925 5009 1034 5079 ζωῇ
1064 5008 1219 5078 ἡμῶν
1251 5010 1608 5077 ἐπεισήγαγεν
1632 5025 1642 5036 ·
1670 5007 1700 5076 ἦ
1724 5006 1864 5058 οὑτω

373 5259 486 5328 (58)
518 5257 651 5328 Reg.
715 5258 920 5326 primus
963 5254 1213 5324 ἐπετέθη.
1272 5254 1402 5321 Reg.
1460 5264 1644 5306 sextus
1700 5266 1868 5321 προσ-

299 5329 481 5383 ετέθη.

375 5346 421 5381 ευ
468 5371 481 5383 .

375 5346 488 5466 (ὄὲ)
516 5398 666 5465 Regii
701 5397 926 5465 primus,
957 5396 1177 5463 quintus
1225 5404 1279 5447 et
1318 5401 1542 5466 octavus
1582 5391 1878 5466 ἐξαρκοῦν-

299 5463 394 5523 ταζ
423 5463 566 5522 Editi
598 5463 717 5522 cum
759 5465 876 5518 aliis
901 5482 1028 5518 mss.
1062 5481 1164 5517 non
1195 5465 1382 5532 paucis
1416 5463 1814 5534 ἐξαρκούντων.

374 5539 484 5608 (60)
511 5539 622 5601 llla,
659 5538 746 5591 διὰ
777 5534 936 5588 τοῦτο
959 5534 1352 5608 συμπεπηγός,
1391 5547 1525 5608 etc..
1559 5536 1630 5586 ita
1668 5535 1878 5608 reddita

301 5603 428 5662 sunt
460 5603 488 5661 ἐι
514 5610 678 5661 veteri
715 5603 1038 5671 interprete,
1053 5618 1107 5657 ut
1129 5603 1278 5657 dicas
1307 5605 1646 5667 elephantem
1675 5603 1882 5656 idcirco

303 5689 384 5732 tot
409 5695 670 5732 annorum
711 5677 887 5744 Spatio
914 5677 1116 5737 vivere,
1146 5677 1286 5744 quod
1310 5675 1473 5744 pedes
1501 5674 1692 5727 haheat
1732 5687 1881 5726 cont-

301 5759 512 5818 pactos.
548 5765 644 5818 nec
673 5743 916 5818 articulis
951 5743 1400 5818 ullisdistinctos.
1424 5743 1530 5797 Sed
1571 5757 1765 5818 canon
1797 5750 1880 5818 est

303 5813 594 5873 verborum
625 5817 806 5870 Basilii
851 5817 1140 5869 sententia.
1182 5813 1293 5868 lloc
1332 5825 1509 5867 autem
1551 5814 1705 5876 dicit,
1755 5813 1880 5865 inde

305 5896 563 5942 constare
613 5889 775 5955 pedes
833 5884 1136 5952 elephantis
1190 5885 1482 5954 compingi,
1519 5896 1574 5936 et
1627 5883 1878 5955 articulis

309 5958 546 6025 destitui,
574 5953 715 6014 ouod
761 5957 980 6026 elephas
1021 5965 1167 6010 tanto
1201 5955 1464 6024 temporis
1500 5953 1674 6023 Spatio
1701 5953 1865 6006 vivat.

1977 4745 2027 4786 Io
2056 4752 2066 4785 :
2097 4733 2197 4794 vel,
2235 4746 2397 4800 quam
2447 4727 2814 4781 tenuissimum
2866 4720 3061 4789 scorpii
3097 4719 3358 4784 aculeum,
3402 4733 3536 4787 quo-

1975 4827 2128 4877 modo
2149 4841 2268 4875 eum
2299 4820 2490 4874 artifex
2533 4820 2646 4886 ipse
2693 4827 2943 4882 tanquam
2988 4811 3171 4866 tibiam
3221 4811 3452 4874 cavavit,
3481 4820 3536 4863 ut

1974 4932 2066 4986 per
2091 4916 2233 4967 illum
2280 4914 2426 4964 virus
2455 4909 2712 4960 sauciatis
2745 4905 3080 4959 immittatur.
3114 4902 3220 4957 Nec
3253 4902 3534 4972 quisquam

1974 5006 2177 5058 ini-nsct
2207 5001 2572 5061 Conditorem,
2600 4999 2738 5065 quod
2776 4996 3022 5048 animalia
3062 5003 3318 5048 venenata
3349 4994 3536 5047 exitio-

1991 5247 2220 5300 Pntabat
2251 5245 2391 5297 enim
2438 5243 2673 5296 futurmn
2711 5240 2892 5304 fuisse,
2931 5251 2983 5291 ut
3017 5251 3182 5294 tanta:
3223 5240 3377 5293 molis
3421 5240 3538 5292 ani-

1993 5319 2097 5370 mal
2139 5332 2242 5368 non
2285 5315 2545 5382 potuisset
2585 5326 2727 5366 stare
2766 5322 2818 5365 et
2855 5313 3170 5382 consistere,
3224 5311 3326 5382 nisi
3379 5312 3538 5376 pedes

1991 5389 2105 5453 ejus
2135 5381 2378 5438 articulis
2403 5387 2697 5437 caruissent
2737 5397 2749 5433 :
2781 5381 2869 5433 sed
2902 5381 3080 5434 Statim
3100 5381 3390 5453 suoipsius
3410 5395 3539 5453 pon-

1987 5450 2114 5509 dere
2153 5457 2440 5508 rniturum.
2486 5454 2556 5506 lta
2587 5456 2800 5522 quidem
2835 5453 3068 5522 sensisSe
3104 5450 3536 5522 Basilinmarbi-

1982 5536 2095 5580 tror
2125 5543 2137 5577 :
2170 5542 2341 5595 neque
2367 5538 2540 5595 tamen
2578 5520 2833 5595 continuo
2864 5521 3019 5595 velim
3066 5523 3202 5595 hanc
3229 5520 3533 5595 opinionem

1981 5613 2079 5664 pro
2105 5611 2228 5650 vera
2257 5589 2475 5649 haberi.
2503 5594 2676 5646 Probe
2705 5594 2847 5664 enim
2881 5593 2994 5644 scio
3026 5591 3402 5664 gravissimum
3436 5589 3534 5642 Pa-

1983 5662 2140 5730 trem,
2180 5667 2264 5719 cui
2321 5680 2405 5717 res
2435 5664 2696 5729 ejusmodi
2743 5662 3029 5731 diligenter
3079 5662 3384 5731 ettpettdere
3427 5674 3532 5713 non

1979 5740 2226 5797 vacabat,
2254 5751 2347 5787 eas
2372 5751 2490 5800 quae
2520 5748 2615 5785 sua
2641 5742 2799 5785 aetate
2837 5730 3080 5796 vigebant
3106 5730 3388 5796 opiniones
3427 5744 3533 5783 non

1979 5823 2100 5859 raro
2137 5808 2185 5858 in
2222 5805 2304 5857 his
2339 5804 2490 5856 libris
2528 5803 2794 5855 illCﬂlllt‘lS
2823 5811 3064 5851 secutum
3095 5816 3234 5852 esse.

2049 5875 2158 5942 ((51)
2198 5873 2326 5939 Reg.
2360 5873 2565 5938 primus
2602 5875 2741 5940 qui;
2772 5869 3059 5942 ποιεῖσθαι.
3085 5870 3234 5923 Coll).
3271 5869 3537 5925 secundus

1976 5946 2063 5999 διὰ
2089 5939 2147 5998 τδ
2182 5945 2301 5997 κατ’
2330 5943 2511 5997 εἰκόνα
2549 5939 2799 6011 γενέσθαι
2831 5939 2922 5994 τοῦ
2956 5941 3255 6003 κτίσαντος.
