4262 6496
781 422 882 474 ⁸205

2067 432 2125 484 S.
2172 432 2409 490 BASILII
2449 437 2662 489 MAGM

3885 448 3992 500 9.04

777 547 943 604 suque
975 548 1034 589 ac
1059 536 1177 590 vita:
1200 547 1393 603 nostra:
1420 541 1759 596 adversantia
1785 545 2035 612 produxit
2060 565 2072 601 :
2096 561 2186 604 aut
2216 555 2329 622 pari
2365 564 2400 615 Α
2433 554 2460 606 δ

2317 555 2329 608 i
2365 564 2400 615 Α
2433 554 2477 606 δ’
2535 554 2599 606 ἄν
2646 555 2758 624 (62)
2797 572 2878 618 τις
2927 556 3018 608 καὶ
3077 558 3403 629 παιδαγωγῷ
3453 559 3702 632 ἐγκαλοίη
3735 561 3813 622 εἰς
3841 563 3995 628 τάξιν

778 626 988 680 ratione
1005 627 1175 694 possit
1204 631 1322 699 quis
1351 631 1653 702 vituperare
1681 638 2045 709 paedagogum,
2076 643 2163 709 qui
2202 660 2329 711 pueo

780 731 957 768 rorutn
999 717 1266 774 levitatem
1296 723 1816 796 inconstantiamque
1839 729 1890 782 in
1921 732 2159 784 ordinem
2195 738 2332 789 redi-

779 819 946 876 geret,
971 811 1167 880 quique
1192 814 1361 884 plagis
1399 831 1460 868 ac
1489 816 1710 887 ﬂagellis
1737 835 1919 875 eorum
1964 824 2236 879 lasciviam
2272 843 2333 882 ac

775 902 1181 967 protervitatem
1211 906 1522 973 castigaret.

851 990 903 1042 6.
942 991 1085 1046 Fidei
1117 1009 1484 1065 argumentum
1514 1010 1639 1054 sunt
1675 1003 1877 1064 bestiae.
1909 1005 2133 1059 Domino
2173 1012 2337 1063 conli-

782 1081 864 1133 dis
894 1082 916 1133 ?
942 1081 1112 1152 Super
1135 1089 1361 1154 aspidem
1390 1097 1438 1145 et
1465 1090 1762 1145 basilisrum
1790 1097 2099 1161 ambulabis,
2129 1107 2176 1150 et
2211 1116 2335 1154 con-

785 1174 1010 1231 eulcabia
1066 1179 1258 1235 leonem
1310 1191 1357 1232 et
1409 1183 1683 1235 draconem
1718 1185 1777 1238 ¹⁸.
1827 1189 1996 1256 Atque
2056 1205 2149 1256 per
2179 1190 2335 1245 ﬁdem

786 1277 1097 1333 potestatem
1163 1268 1326 1330 habes
1383 1274 1683 1329 ambulandi
1743 1289 1904 1345 super
1953 1289 2231 1346 serpentes
2276 1298 2338 1336 ac

786 1362 1040 1427 scorpios.
1089 1363 1168 1412 An
1225 1376 1326 1415 non
1385 1365 1551 1423 vides.
1583 1365 1820 1433 viperam
1867 1366 2026 1421 Paulo
2069 1381 2338 1424 sarmenta

788 1449 1056 1517 colligenti
1105 1454 1483 1518 adhairentetn,
1536 1457 1844 1527 nullumque
1873 1459 1920 1510 ei
1960 1461 2337 1515 detrimentum

787 1540 1098 1595 inferentem
1149 1545 1210 1608 ¹⁹,
1236 1548 1376 1613 quod
1425 1548 1511 1601 ille
1554 1562 1770 1605 sanctus
1809 1554 2053 1606 inventus
2108 1563 2188 1606 est
2242 1556 2342 1607 title

786 1631 1188 1700 plentts?Quod
1227 1640 1268 1691 si
1303 1641 1402 1693 title
1452 1657 1625 1704 cares,
1671 1658 1774 1694 non
1828 1647 1995 1714 magis
2035 1646 2220 1700 timeas
2249 1647 2340 1697 he-

787 1724 964 1786 stiatn,
1014 1742 1170 1794 quam
1226 1739 1366 1781 tuam
1416 1732 1580 1801 ipsius
1638 1735 2095 1798 incredulitatem,
2132 1753 2236 1808 qua
2296 1751 2343 1795 le

787 1813 956 1879 ipsum
1008 1816 1154 1869 omni
1210 1821 1535 1889 corruptioni
1588 1824 1876 1879 obnoxium
1899 1825 2144 1879 elfecisti.
2181 1828 2339 1896 Atqui

2436 644 2619 710 ἄγοντι
2662 646 2758 714 τὴν
2787 646 3034 699 εὐκολίαν
3079 649 3178 717 τῆς
3226 650 3491 719 νεότητος,
3525 654 3618 705 καὶ
3646 652 3878 723 πληγαῖς
3903 654 3996 707 καὶ

2439 735 2654 803 μάστιξι
2689 735 2747 787 τὸ
2770 738 3062 790 ἀκόλαστον
3094 741 3490 810 σωφρονίζοντι.

2506 1009 2555 1058 6.
2600 1007 2836 1070 Πίστεως
2876 1013 3022 1064 ἐστιν
3060 1010 3327 1075 ἀπόδειξις
3371 1014 3438 1064 τά
3495 1013 3673 1085 θηρία.
3723 1012 3996 1078 Πὲποιθας

2438 1100 2530 1150 ἐπὶ
2558 1101 2796 1172 Κύριον;
2840 1102 2962 1153 Ἐπὶ
3005 1101 3229 1156 ἀσπίδα
3257 1103 3351 1154 καὶ
3382 1105 3754 1165 βασιλίσκων
3785 1105 3994 1172 ἐπιϐήο

2437 1208 2540 1258 σῃ.
2577 1195 2671 1245 καὶ
2698 1194 3132 1261 καταπατήσας
3166 1195 3377 1249 λέοντα
3420 1198 3512 1247 καὶ
3546 1198 3854 1265 δράκοντα.
3888 1201 4000 1250 Καὶ

2440 1283 2578 1351 ἔχεις
2609 1283 2705 1353 τὴν
2745 1283 2829 1336 διὰ
2882 1284 3115 1348 πίστεως
3146 1285 3387 1352 ἐξουσίαν
3437 1290 3624 1340 πατεῖν
3670 1288 3779 1358 (65)
3814 1287 4001 1339 ἐπάνω

2439 1376 2612 1442 ὄφεων
2653 1378 2747 1428 καὶ
2793 1375 3080 1445 σκορπίων.
3117 1380 3183 1430 "ll
3228 1379 3323 1447 οὐχ
3363 1379 3511 1447 ὁρᾷς.
3552 1380 3630 1431 ὅτι
3675 1381 4000 1452 φρυγανιζο-

2447 1469 2587 1537 μένῳ
2623 1468 2696 1536 τῷ
2735 1470 2928 1539 Παύλῳ
2964 1469 3165 1536 ἐνάψας
3206 1472 3233 1522 ὁ
3277 1471 3387 1540 ἔχις
3425 1470 3676 1539 οὐδεμίαν
3715 1472 4002 1543 προσετρί-

2442 1561 2575 1628 ψατο
2622 1560 2844 1633 βλάϐην,
2881 1563 2964 1615 διὰ
3013 1562 3073 1614 τὸ
3098 1563 3274 1634 πλήρη
3307 1564 3538 1625 πίστεως
3565 1564 3850 1635 εὑρεθῆναι
3887 1567 3998 1637 (64)

2443 1651 2529 1702 τὸν
2560 1650 2745 1716 am;
2786 1656 2847 1706 Εἰ
2873 1654 2927 1705 δέ
2957 1653 3179 1716 ἄπιστος
3207 1651 3274 1720 εἶ,
3306 1655 3465 1725 φοϐοῦ
3497 1655 3569 1725 μὴ
3602 1656 3796 1726 μᾶλλον
3822 1658 3882 1709 τὸ
3908 1659 4004 1729 θη-

2448 1741 2557 1811 ρίον
2604 1740 2635 1809 ἢ
2690 1743 2785 1811 τὴν
2840 1741 3063 1797 σεαυτοῦ
3111 1744 3384 1809 ἀπιστίαν,
3430 1745 3495 1797 δι’
3528 1740 3594 1815 ἧς
3640 1745 3788 1816 πάσῃ
3825 1746 4005 1816 φθορᾷ

2447 1833 2667 1888 σεαυτὸν
2714 1836 2976 1889 εὐάλωτον
3017 1839 3437 1902 κατεσκεύασας.
3486 1837 3641 1890 Ἀλλά
3674 1838 3780 1908 γὰρ
3811 1839 4005 1891 αἰσθά-

781 1903 1093 1971 jamdudum
1133 1910 1355 1963 adverto
1393 1930 1419 1962 a
1457 1927 1541 1965 me
1596 1918 1917 1984 expostulari
1979 1923 2341 1986 generationis
2374 1917 2411 1968 Β
2442 1943 2464 1976 ν

2320 1939 2341 1976 s
2374 1917 2411 1968 Β
2442 1942 2599 1993 νομαι
2629 1924 2793 1979 πάλαι
2832 1928 2898 1980 τὰ
2939 1926 3048 1996 (65)
3090 1927 3215 1997 περ)⁸
3247 1930 3342 1998 τῆς
3375 1930 3467 1982 τοῦ
3513 1903 3797 2000 ἀνθρώπου
3848 1928 4003 1998 γενέ-

787 1994 1018 2053 hominis
1060 2002 1510 2069 explanationem,
1540 2017 1593 2060 et
1625 2009 1751 2062 mihi
1786 2009 1966 2065 videor
1999 2022 2199 2068 tantum
2238 2032 2338 2067 non

785 2086 971 2141 audire
1024 2091 1297 2146 auditores
1345 2096 1396 2147 in
1451 2094 1698 2149 cordibus
1750 2099 2040 2156 clamantes
2089 2121 2100 2156 :
2149 2103 2338 2160 Nostra

786 2175 998 2243 quidem
1039 2182 1213 2250 qualia
1257 2199 1322 2237 ex
1355 2200 1448 2237 sua
1500 2193 1686 2240 natura
1737 2189 1845 2242 sint
1897 2193 2206 2260 edocemur,
2242 2213 2336 2251 nos

785 2281 914 2325 vero
953 2274 1096 2343 Ipsos
1124 2278 1451 2344 ignoramus.
1481 2280 1710 2339 Necesse
1747 2286 1856 2355 87
1888 2301 1969 2342 e5t
2000 2290 2180 2360 igitur,
2213 2310 2343 2349 cun-

785 2361 1015 2417 etatione
1031 2367 1173 2418 omni
1201 2382 1301 2435 qua
1321 2370 1707 2439 detinebamnr,
1738 2377 1968 2444 repulsa,
1988 2381 2051 2435 de
2070 2383 2150 2436 his
2176 2383 2342 2435 disse-

787 2467 926 2506 rere.
958 2454 1021 2508 Et
1047 2472 1174 2512 vero
1198 2475 1254 2512 se
1285 2461 1454 2530 ipsum
1482 2480 1831 2535 cognoscere,
1862 2470 2074 2528 videtur
2102 2488 2220 2526 esse
2257 2488 2342 2526 res

787 2546 1025 2601 omnium
1051 2548 1384 2609 dilIicillima.
1412 2555 1522 2610 Non
1554 2559 1694 2612 enim
1721 2563 1891 2617 solum
1929 2563 2110 2616 oculos
2146 2565 2344 2619 extrin-

783 2651 908 2700 seca
940 2645 1294 2712 prospiciens,
1325 2651 1389 2700 ad
1419 2662 1587 2704 semet
1623 2655 2057 2722 conspiciendum
2099 2657 2212 2709 visu
2239 2672 2340 2710 non

791 2729 1003 2784 utitur:
1051 2737 1141 2788 sed
1174 2747 1227 2790 et
1276 2738 1384 2806 ipsa
1437 2755 1586 2793 mens
1624 2754 1827 2809 nostra,
1873 2756 2027 2799 acute
2065 2756 2341 2812 peccatum

790 2819 1023 2879 alienum
1053 2826 1285 2902 intuens,
1316 2832 1379 2886 ad
1407 2833 1619 2908 prepria
1655 2837 1987 2903 agnoscenda
2017 2838 2207 2890 delicta
2237 2848 2346 2891 lur-

789 2909 852 2961 da
880 2922 979 2967 est.
1018 2915 1220 2972 ldcirco
1268 2932 1320 2973 et
1366 2939 1506 2976 nunc
1553 2925 1728 2980 oratio
1778 2934 1980 2990 nostra,
2017 2927 2137 2981 licet
2169 2927 2344 2982 aliena

789 3000 1070 3070 diligenter
1108 3015 1449 3079 transegerit,
1475 3016 1538 3066 ad
1571 3030 1630 3066 ea
1675 3031 1792 3081 qua:
1826 3019 1890 3072 ad
1927 3034 2021 3072 nos
2055 3021 2345 3088 pertinent,

792 3091 1183 3163 investiganda,
1217 3102 1394 3169 segnis
1421 3113 1522 3164 est,
1569 3115 1621 3155 et
1665 3107 1915 3160 tarditate
1956 3115 2104 3175 plena
2137 3125 2340 3176 :quan-

791 3206 950 3260 quam
1011 3209 1116 3252 non
1178 3195 1302 3250 licet
1363 3202 1529 3268 magis
1586 3217 1645 3254 ex
1698 3201 1834 3256 coelo
1873 3216 1922 3256 et
1973 3215 2132 3265 terra,
2188 3223 2345 3272 quam

793 3300 858 3338 ex
885 3295 1065 3342 nostra
1108 3290 1319 3359 propria
1350 3294 1726 3347 constitutione
1781 3293 1943 3347 Deum
1986 3310 2306 3361 cognoscere
2333 3338 2346 3360 ,

795 3376 844 3428 ei
895 3388 1070 3443 certe,
1111 3382 1199 3451 qui
1251 3385 1424 3452 Seipse
1470 3387 1759 3452 prudenter
1821 3397 2088 3441 scrutatus
2153 3387 2350 3454 fuerit,

796 3469 871 3523 uti
927 3473 1002 3524 ait
1039 3470 1298 3544 Propheta
1342 3495 1354 3529 :
1394 3477 1650 3531 Mirabilis
1691 3479 1831 3546 facta
1877 3491 1950 3533 est
2000 3482 2216 3535 scientia
2264 3490 2353 3534 tua

794 3574 857 3611 ea:
911 3577 988 3612 me
1035 3563 1078 3592 ¹⁰
1112 3580 1126 3614 :
1166 3565 1264 3616 hoc
1306 3574 1415 3630 est,
1449 3567 1534 3619 ubi
1587 3583 1670 3623 me
1727 3569 1836 3635 ipse
1891 3571 2056 3634 novi,
2101 3581 2354 3637 praestan-

795 3653 1058 3708 tissimam
1123 3666 1264 3708 tuam
1326 3657 1640 3725 sapientiam
1697 3661 1807 3727 ipse
1866 3661 2049 3716 didici.
2101 3662 2166 3714 Et
2222 3663 2352 3714 dixit

800 3743 933 3798 Deus
983 3760 1001 3797 :
1041 3743 1320 3800 Faciamus
1364 3749 1616 3802 hominem
1639 3752 1704 3804 ¹¹.
1737 3749 1868 3817 Ubi,
1913 3765 2113 3820 quaeso,
2142 3751 2354 3804 Judaaus

798 3843 916 3894 est.
955 3837 1044 3903 qui
1101 3841 1151 3890 in
1213 3840 1609 3907 superioribus,
1655 3843 1777 3895 dum
1841 3842 2118 3912 theologia:
2175 3843 2350 3896 lumen

797 3927 942 3987 velut
994 3943 1088 3996 per
1135 3929 1392 3984 fenestras
1445 3934 1700 4001 quasdam
1764 3935 2115 3993 illucesceret.
2161 3951 2220 3986 nc
2266 3951 2348 3987 se-

800 4017 973 4073 cunda
1026 4020 1238 4090 quidem
1301 4036 1526 4090 persona
1585 4024 1805 4093 mystice
1855 4027 2350 4090 demonstraretur,

806 4111 1028 4164 necdum
1087 4124 1259 4167 tamen
1302 4113 1443 4168 clare
1500 4113 1804 4184 ell‘ulgerct,
1853 4117 2116 4185 pugnabat
2165 4118 2352 4170 adver-

804 4218 894 4258 sos
941 4206 1248 4266 veritatem,
1277 4216 1437 4281 atque
1481 4208 1650 4276 ipsum
1688 4209 1849 4262 Deum
1895 4215 1958 4261 ad
2002 4211 2232 4279 seipsnm
2291 4211 2357 4260 ln-

802 4299 889 4365 qui
936 4298 1234 4351 allirtnahat
1269 4301 1288 4352 ί
1323 4301 1437 4368 Ipse
1481 4301 1620 4354 enim
1648 4343 1660 4363 ,
1695 4304 1900 4369 inquit,
1936 4302 2110 4367 dixit,
2145 4314 2198 4353 et
2248 4303 2358 4370 ipse

804 4389 948 4445 fecit.
976 4388 1098 4443 Fiat
1138 4391 1231 4446 lux
1254 4431 1269 4458 ,
1303 4403 1349 4445 et
1385 4394 1525 4460 facta
1577 4403 1654 4447 est
1689 4393 1780 4446 lux
1813 4394 1878 4443 ²¹.
1943 4391 2070 4445 Erat
2115 4392 2274 4461 igitur
2307 4403 2359 4445 et

808 4489 933 4533 tunc
974 4481 1025 4534 in
1057 4482 1291 4548 ipsorum
1319 4482 1498 4537 verbis
1538 4483 1692 4535 obvia
1718 4482 2108 4549 manifestaque
2138 4483 2354 4548 ineptia.

2446 2030 2576 2075 σεως
2604 2013 3018 2086 ἀπαιτούμενος,
3063 2016 3156 2068 καὶ
3193 2021 3469 2087 μονονουχὶ
3503 2020 3715 2073 ἀκούειν
3746 2020 3888 2072 δοκῶ
3913 2037 4003 2090 μοι

2439 2106 2545 2157 τῶν
2577 2108 2861 2177 ἀκροατῶν
2888 2111 2942 2162 ἐν
2966 2110 3085 2170 ταῖς
3114 2109 3358 2177 καρδίαις
3381 2112 3785 2175 καταϐοώντων,
3813 2114 3893 2166 ὅτι
3925 2115 4005 2164 τὰ

2445 2199 2538 2266 μὲν
2572 2199 2818 2270 ἡμέτερα
2847 2200 3004 2254 ὁποῖά
3030 2202 3151 2253 τινά
3171 2203 3284 2254 ἐστι
3309 2200 3405 2271 τὴν
3436 2201 3593 2270 φύσιν
3625 2203 4002 2272 διδασκόμεθα,

2441 2289 2586 2355 ἡμᾶς
2625 2288 2679 2340 δὲ
2709 2292 2903 2352 αὐτοὺς
2948 2290 3266 2361 ἀγνοοῦμεν.
3309 2291 3538 2362 Ἀνάγκη
3571 2289 3660 2344 οῦν
3694 2295 3889 2356 εἰπεῖν,
3915 2293 4004 2345 τὸν

2443 2379 2735 2449 κατέχοντα
2779 2385 2922 2453 ἡμᾶς
2956 2384 3110 2436 ὄκνον
3149 2386 3596 2456 παρωσαμένους.
3641 2384 3729 2455 Τῷ
3763 2385 3874 2437 ὄντι
3899 2386 4006 2455 γὰρ

2441 2474 2583 2527 ἕοικε
2615 2477 2828 2531 πάντων
2859 2477 2996 2531 εἶναι
3038 2479 3414 2548 χαλεπώτατον
3457 2480 3644 2531 ἐαυτὸν
3687 2479 4003 2547 ἐπιγνῶναι.

2444 2565 2516 2615 Οὐ
2544 2566 2650 2635 γὰρ
2682 2569 2837 2636 μόνον
2869 2568 2973 2636 (66)
3007 2570 3278 2638 ὀφθαλμὸς
3303 2570 3369 2621 τά
3408 2569 3509 2634 ἔξω
3540 2569 3746 2636 βλέπων
3780 2571 3860 2635 ἐφ’
3884 2571 4007 2620 ἐαυ-

2443 2655 2532 2706 τὸν
2568 2657 2626 2707 οὐ
2663 2658 2919 2727 κέχρηται
2954 2657 3029 2725 τῷ
3071 2659 3221 2727 ὁρᾷν,
3267 2657 3397 2711 ἀλλά
3451 2658 3542 2708 καὶ
3594 2657 3750 2719 αὐτὸς
3799 2658 3954 2726 ἡμῶν
3980 2662 4006 2712 ὁ

2444 2745 2585 2807 νοῦς,
2643 2746 2807 2808 ὀξέως
2863 2747 2920 2798 τὸ
2970 2747 3245 2818 ἀλλότριον
3280 2749 3576 2817 ἁμάρτημα
3629 2748 4004 2813 καταϐλέπων,

2448 2836 2642 2906 βραδύς
2694 2839 2806 2888 ἐστι
2874 2838 3008 2907 πρὸς
3054 2838 3149 2908 τὴν
3186 2838 3292 2890 τῶν
3360 2841 3571 2892 οἰκείων
3617 2839 4008 2910 ἐλαττωμάτων

2446 2931 2754 2998 ἐπίγνωσιν.
2789 2931 2884 2983 Διά
2918 2930 3071 2983 τοῦτο
3091 2932 3181 2984 καὶ
3204 2929 3297 2983 νῦν
3324 2934 3349 2984 ὁ
3377 2932 3547 3000 λόγος,
3573 2932 3736 2998 ὀξέως
3767 2932 4008 2984 ἐπελθὼν

2447 3022 2513 3074 τά
2553 3022 2826 3091 ἀλλότρια,
2885 3022 3088 3093 νωθρός
3124 3024 3237 3075 ἐστι
3299 3024 3392 3075 καὶ
3437 3025 3592 3076 ὄκνου
3628 3024 3836 3093 πλήρης
3876 3021 4010 3091 πρὸς

2447 3119 2543 3179 τὴν
2573 3117 2677 3168 τῶν
2699 3116 2911 3169 οἰκείων
2939 3114 3180 3178 ἐξέτασιν
3203 3133 3213 3144 ·
3240 3116 3412 3168 καίτοι
3437 3117 3496 3167 οὐ
3535 3115 3728 3184 μᾶλλον
3761 3114 3818 3177 ἐξ
3846 3112 4013 3180 οὐρα⁶

2449 3208 2539 3257 νοῦ
2578 3207 2668 3262 καὶ
2696 3207 2795 3274 γῆς
2827 3207 2915 3258 τὸν
2957 3206 3085 3258 Θεὸν
3122 3207 3264 3258 ἐστιν
3294 3206 3612 3272 ἐπιγνῶναι,
3649 3204 3680 3272 ἢ
3708 3204 3802 3256 καὶ
3828 3203 3892 3254 ἐκ
3916 3203 4013 3272 τῆς

2452 3295 2656 3357 οἰκείας
2705 3293 2859 3363 ἡμῶν
2910 3299 3250 3363 κατασκευῆς
3293 3295 3381 3346 τόν
3429 3311 3492 3360 γε
3549 3291 3780 3355 συνετῶς
3821 3293 4013 3345 ἐαυτὸν

2454 3384 2798 3451 ἐξετάσαντα,
2836 3383 2909 3447 ῶς
2944 3402 3104 3455 φησιν
3130 3386 3156 3435 ὁ
3196 3387 3506 3455 προφήτηςο
3554 3383 4012 3452 Ἐοαυμαστώθη

2454 3478 2491 3542 τ’)
2523 3475 2743 3546 γνῶσίς
2779 3491 2893 3529 σου
2945 3476 3012 3540 ἐξ
3050 3476 3192 3545 ἐμοῦ
3213 3493 3225 3506 °
3255 3478 3550 3539 τουτέστιν,
3581 3474 3811 3545 ἐμαυτὸν
3843 3492 4013 3528 κατα-

2459 3569 2661 3637 μαθὼν,
2702 3570 2761 3621 τὸ
2814 3570 3144 3640 ὑπερϐάλλον
3188 3570 3285 3639 τῆς
3323 3571 3379 3622 ἐν
3431 3569 3509 3620 σοὶ
3556 3568 3742 3636 σοφίας
3776 3566 4015 3631 ἐξεδιδά-

2455 3661 2608 3731 χθην.
2650 3662 2755 3714 Καὶ
2798 3657 2966 3713 εἶπεν
3005 3665 3036 3714 ὁ
3076 3662 3245 3725 Θεόςο
3289 3660 3633 3728 Ποιήσωμεν
3681 3660 4013 3727 ἄνθρωπον.

2456 3750 2563 3804 Ποῦ
2601 3767 2688 3819 μοι
2716 3753 2743 3802 ό
2793 3751 3054 3812 Ἰουδαῖος,
3095 3751 3149 3810 ὃς
3185 3752 3240 3802 ἐν
3276 3753 3385 3812 τοῖς
3424 3753 3668 3813 κατόπιν,
3713 3749 3900 3819 ὥσπερ
3929 3749 4018 3801 διὰ

2454 3840 2679 3909 θυρίδων
2734 3839 2895 3893 τινῶν
2937 3840 3028 3892 τοῦ
3082 3840 3178 3909 τῆς
3233 3840 3504 3907 θεολογὲας
3558 3838 3732 3907 φωτὸς
3787 3839 4018 3908 διαλάμ-

2455 3948 2662 3992 ποντος,
2700 3933 2789 3991 καὶ
2820 3930 3069 4002 δευτέρου
3135 3929 3422 4001 προσώπου
3477 3934 3568 3983 τοῦ
3627 3931 4020 4001 ὑποδεικνυμέ-

2454 4039 2543 4073 νου
2579 4020 2687 4090 (67)
2740 4022 2837 4093 μὲν
2869 4021 3172 4091 μυστικῶς,
3200 4020 3350 4074 οῦπω
3391 4022 3446 4074 δὲ
3477 4022 3720 4093 ἐναργῶς
3761 4024 4018 4092 ἐκφανέν-

2454 4130 2564 4177 τος,
2600 4111 2733 4182 πρὸς
2760 4113 2858 4183 τὴν
2881 4113 3135 4182 ἀλήθειαν
3167 4115 3496 4183 ἀπεμάχετο,
3530 4115 3689 4168 αὑτὸν
3722 4115 3903 4184 ἑαυτῷ
3933 4115 4022 4166 λέ-

2457 4221 2565 4270 γων
2595 4203 2684 4254 τὸν
2735 4203 2865 4255 Θεὸν
2908 4202 3278 4271 διαλέγεσθαι;
3328 4205 3496 4265 Αὐτὸς
3531 4205 3638 4275 γὰρ
3683 4201 3836 4266 εἷπε,
3865 4206 4020 4274 φησὶ,

2460 4297 2551 4354 καὶ
2585 4296 2741 4356 αὐτὸς
2793 4294 3032 4364 ἐποίησε.
3077 4295 3389 4360 Γενηθήτω
3450 4295 3608 4363 φῶς,
3646 4297 3741 4349 καὶ
3785 4297 4024 4364 ἐγένετο

2458 4387 2599 4454 φῶς.
2627 4381 2734 4438 Ἦν
2763 4386 2859 4455 μὲν
2899 4381 2989 4444 οὖν
3029 4387 3118 4443 καὶ
3161 4386 3276 4436 τότε
3319 4386 3604 4455 πρόχειρος
3644 4389 3699 4437 ἐν
3740 4389 3850 4447 τοῖς
3890 4384 4023 4454 παρ’

2458 4475 2635 4536 αὐτῶν
2659 4475 2965 4542 λεγομένοις
2995 4476 3028 4543 ή
3058 4473 3269 4524 ἀτοπία.
3301 4473 3393 4535 Τίς
3434 4472 3540 4541 γὰρ
3576 4472 3809 4540 χαλκεὺς
3830 4513 3843 4536 ,
3875 4471 3907 4540 ἢ
3939 4471 4024 4522 τέ-

806 4570 936 4641 Quis
968 4572 1110 4625 enim
1146 4571 1295 4626 laber
1334 4571 1627 4637 ferrarius,
1664 4583 1755 4627 aut
1786 4573 2079 4639 lignarius,
2114 4581 2205 4624 aut
2240 4574 2358 4639 quis
2393 4579 2432 4630 D
2462 4583 2489 4616 κ

2341 4588 2358 4625 5
2393 4579 2432 4630 ι)
2462 4582 2601 4616 κτων
2626 4603 2639 4624 ,
2667 4563 2698 4631 ἢ
2724 4562 3046 4630 σκυτοτόμος
3072 4599 3085 4621 ,
3131 4562 3217 4610 ἐπὶ
3247 4559 3352 4612 τῶν
3405 4560 3649 4629 ὁργάνων
3691 4560 3792 4628 τῆς
3830 4559 4024 4629 τέχνης

806 4669 974 4727 sutor,
1017 4663 1162 4718 solus
1208 4665 1346 4719 inter
1376 4667 1507 4727 artis
1545 4666 1896 4725 instrumenta
1947 4665 2171 4727 sedens,
2204 4663 2357 4731 adju-

807 4762 967 4813 vante
1017 4755 1188 4823 ipsum
1249 4760 1493 4818 nemine,
1535 4757 1675 4810 dicat
1711 4756 1826 4825 ipse
1878 4755 2026 4809 sibi:
2076 4754 2359 4816 Faciamus

807 4844 1061 4915 gladium,
1099 4856 1192 4900 aut
1226 4857 1464 4902 aratrum
1505 4849 1946 4918 compingamus,
1987 4855 2079 4899 aut
2105 4846 2360 4899 coniicia-

807 4951 926 4991 mus
959 4938 1425 4994 calceamentum?
1458 4944 1538 4993 An
1568 4957 1670 4996 non
1711 4941 1888 5010 potius
1910 4939 2051 5008 quod
2099 4938 2197 4992 sibi
2235 4952 2361 4990 con-

807 5027 953 5081 venit
978 5044 1112 5097 0pus
1131 5046 1250 5084 cum
1275 5032 1488 5086 silentio
1511 5031 1771 5085 absolvit?
1797 5029 1932 5083 Sunt
1958 5031 2096 5082 enim
2122 5027 2362 5099 profecto

807 5132 962 5188 puga:
983 5121 1239 5190 insignes,
1271 5123 1315 5175 si
1346 5121 1465 5189 quis
1498 5121 1715 5182 sedeat,
1747 5121 2109 5186 imperetque,
2142 5127 2194 5169 et
2225 5131 2360 5184 prae-

880 5281 923 5314 “
944 5280 1086 5337 Psal.
1113 5295 1198 5346 xc,
1238 5280 1318 5334 l5.
1408 5277 1450 5308 "
1473 5277 1589 5331 Act.
1611 5290 1802 5340 xxvttt,
1842 5274 1961 5327 3-6.

907 5427 992 5495 62)
1016 5423 1090 5495 l_ta
1118 5423 1355 5489 quinque
1379 5433 1504 5495 mss.
1537 5416 1678 5495 Editi
1709 5428 1832 5465 vero
1856 5413 1994 5495 οὕτω
2098 5411 2182 5463 ἄν.

907 5428 992 5495 62)
1017 5428 1090 5475 lta
1118 5428 1355 5489 quinque
1379 5433 1504 5471 mss.
1541 5428 1678 5469 Edttt
1709 5428 1832 5465 vero
1856 5428 1994 5463 ουτω
2020 5428 2054 5478 γ
2098 5428 2182 5463 αν.
2251 5483 2260 5491 ⁷
2292 5481 2301 5489 .

883 5428 994 5568 (65)
1017 5493 1146 5562 Reg.
1178 5503 1361 5568 sentis
1384 5487 1629 5568 ἐξρυσίαν
1666 5484 2000 5554 περιπατεῖν.
2031 5480 2146 5532 Mox
2179 5483 2303 5534 edttt
2329 5480 2360 5549 ἢ

810 5560 909 5640 οὐχ
931 5560 1083 5640 ὁρᾷς.
1103 5560 1264 5640 Deest
1291 5561 1324 5628 ἢ
1351 5562 1399 5640 in
1423 5560 1638 5640 duobus
1667 5571 1792 5606 mss.
1902 5623 1912 5639 ο
1994 5621 2051 5640 Μ
2225 5619 2264 5640 r
2287 5619 2362 5640 In:

884 5619 1251 5705 iliiqudices
1287 5619 1520 5698 q'ttinqtte
1575 5626 1813 5685 πίστεως
1864 5621 2167 5692 εὑρεθῆναι.
2225 5619 2365 5674 Editi

815 5701 1043 5766 πίστεως
1067 5701 1224 5757 εἶναι.
1399 5771 1408 5775 _
1547 5770 1557 5775 _
1605 5767 1622 5775 _
1650 5766 1659 5775 .
1922 5763 1955 5775 μ
2101 5759 2111 5774 ,

884 5780 994 5844 (65)
1034 5775 1185 5828 Colb.
1213 5771 1476 5844 secundus
1507 5766 1834 5844 καθά-λομεν
1866 5766 2023 5844 mih"
2055 5766 2139 5844 id"
2231 5826 2267 5844 ν
2292 5825 2364 5844 ··-ε

1197 5857 1322 5898 mss.
1354 5841 1562 5905 optitnze
1605 5825 1748 5891 nota?
1772 5833 1830 5884 οὑ
1874 5832 1977 5904 γὰρ
2019 5830 2197 5905 μόνος.
2229 5825 2369 5882 Editi

2038 5274 2081 5304 ’°
2108 5274 2245 5327 Psal.
2282 5270 2600 5335 cxxxvut,6.

2467 4657 2621 4724 μόνος
2668 4654 2970 4722 καθήμενος
3017 4651 3146 4721 (68),
3180 4652 3390 4714 οὐδενὸς
3433 4652 3580 4722 αὐτῷ
3614 4651 4022 4720 συνεργοῦντος,

2462 4747 2604 4814 λέγει
2635 4745 2791 4806 αὐτὸς
2816 4742 3005 4812 ἐαυτῷ⁹
3041 4744 3358 4813 Ποιήσωμεν
3378 4743 3472 4813 τὴν
3503 4745 3793 4813 μάχαιραν,
3829 4743 3860 4812 ἢ
3892 4759 4026 4811 συμ-

2463 4836 2720 4907 πήξωμεν
2746 4836 2805 4887 τὸ
2828 4835 3054 4905 ἄροτρον
3073 4874 3086 4897 ,
3115 4835 3147 4904 ἦ
3171 4834 3612 4904 ἀπεργασώμεθα
3639 4832 3697 4885 τὸ
3732 4832 3983 4903 ὑπόδημα
4008 4851 4020 4862 ⁸

2463 4929 2575 4982 ἀλλ’
2599 4929 2716 4996 οὐχὶ
2748 4929 2922 4996 σιωπῇ
2951 4927 3048 4998 τὴν
3075 4925 3462 4978 ἐπιϐάλλουσαν
3483 4925 3758 4995 ἐνέργειαν
3777 4924 3987 4985 ἐκτελεί
4009 4940 4022 4985 ;

2463 5021 2701 5090 Φλυαρία
2731 5020 2837 5089 γάρ
2870 5018 2945 5089 τῷ
2980 5019 3092 5071 am
3111 5018 3275 5087 δεινὴ,
3293 5017 3525 5088 ἄρχοντά
3556 5035 3676 5070 τινα
3707 5016 3902 5071 ἐαυτοῦ
3935 5017 4026 5069 καὶ

2463 5113 2756 5180 ἐπιστάτην
2779 5110 3068 5181 καθῆσθαι,
3092 5110 3416 5173 δεσποτικῶς
3444 5108 3633 5162 ἐαυτοῦ
3665 5109 3760 5162 καὶ
3784 5109 4027 5180 σφοδρῶς

2676 5270 2716 5302 ³³
2744 5268 2877 5323 Gen.
2904 5285 2941 5330 ι,
2967 5267 3054 5322 26.
3133 5267 3175 5298 ¹²
3210 5263 3344 5318 Gen.
3387 5279 3430 5326 ι,
3463 5264 3512 5317 5.

2469 5422 2584 5461 cum
2616 5406 2736 5459 aliis
2767 5404 3082 5472 quibusdam
3110 5417 3234 5454 mss.
3269 5400 3444 5468 μόνον.

2541 5476 2654 5540 (67)
2684 5467 2857 5527 Etliiio
2892 5467 3443 5538 Basil.cnmquinquc
3483 5485 3608 5523 mss.
3649 5479 3844 5539 praeter
3873 5467 4022 5540 Bodl.

2470 5545 2563 5597 τοῦ
2611 5539 3083 5612 ὑποδεικνυμένου.
3148 5543 3304 5593 Deest
3366 5540 3623 5593 articulus
3684 5541 3737 5592 in
3791 5539 4025 5593 editione

2491 5616 2589 5646 )...-ἷ

2491 5619 2523 5646 ).
2567 5616 2589 5639 -⁹

2471 5615 2492 5668 Ι
2682 5685 2919 5750 Quatuor
2947 5697 3075 5733 ntss.
3107 5681 3263 5749 μόνος
3303 5678 3679 5749 καθεζόμενος.
3739 5678 3880 5733 Editi
3905 5693 4022 5734 cum

2477 5757 2681 5810 duobus
2717 5769 2840 5807 mss.
2897 5751 3216 5820 καθήμενος.
