4262 6512
299 494 406 550 205

1416 493 1692 546 ll(l.\ill.l.\
1739 492 1801 544 l.\'
1849 491 1912 544 IN
1954 488 2438 544 HEXAEMERON.

3418 483 3522 538 206

304 608 756 662 κατασπεύδοντα.
801 609 936 660 ’Δλλε
968 611 1113 678 ὅμως
1153 612 1198 661 οἱ
1241 611 1398 661 αὑτὸν
1435 611 1520 660 τὸν
1551 611 1747 678 Κύριον
1783 627 1869 663 συ·
1900 615 1941 667 Α
1979 627 1987 660 ε

1847 641 1869 649 -
1900 615 1941 667 Α
1979 610 2048 662 sit
2077 609 2200 672 Sibi,
2248 616 2406 676 atque
2461 603 2659 657 domini
2717 616 2863 656 more
2911 601 3255 655 vehementer
3305 617 3362 655 se
3415 603 3525 671 ipse

303 695 636 763 κοφαντῆσαι
658 696 730 765 μὴ
759 698 1208 766 κατοκνήσαντες,
1245 697 1296 748 τί
1324 699 1420 750 οὐκ
1448 699 1511 750 ἂν
1546 699 1745 750 εἴποιεν
1769 715 1862 765 γε-

303 785 682 854 γυμνασμένην
721 786 856 855 πρὸς
881 787 941 838 τὸ
972 788 1163 855 ψεῦδος
1212 789 1306 858 τὴν
1343 789 1588 856 γλῶσσαν
1619 791 1860 858 ἕχοντεςς

315 875 374 924 'H
405 875 584 942 μέντοι
615 875 862 944 παροῦσα
891 877 1040 945 φωνὴ
1074 876 1346 940 παντελῶς
1374 878 1550 930 αὐτῶν
1592 879 1865 948 ἀποφράσ-

303 977 383 1015 σει
423 965 479 1016 τὸ
516 967 706 1035 στόμα·
744 969 852 1021 Καὶ
891 965 1057 1021 εἶπεν
1098 971 1128 1020 ό
1161 971 1333 1033 Θεός’
1375 971 1721 1038 Ποιήσωμεν
1758 971 1862 1022 ἄν·

304 1059 550 1121 θρωπον.
572 1058 661 1126 Μὴ
691 1059 783 1110 καὶ
813 1059 927 1120 νῦν,
958 1058 1076 1110 εἰπέ
1107 1076 1214 1129 μοι,
1241 1061 1622 1130 μεμονωμένον
1659 1062 1774 1112 ἐστὶ
1807 1062 1864 1112 τὸ

303 1147 589 1216 πρόσωπον
610 1165 623 1212 ;
647 1149 719 1201 Ού
751 1150 854 1220 γάρ
881 1150 1215 1218 γέγραπται·
1246 1151 1530 1220 Γενηθήτω
1559 1152 1859 1223 ἄνθρωπος,

303 1234 456 1297 ἀλλά,
484 1238 828 1305 Ποιήσωμεν
851 1237 1179 1306 ἄνθρωπον.
1204 1240 1345 1303 Ἕως
1378 1239 1529 1293 οὔπω
1560 1244 1587 1294 ὁ
1618 1242 1861 1294 διδασκό-

303 1343 459 1394 μενος
494 1327 873 1398 παρεφαίνετο,
908 1330 964 1380 ἐν
1000 1329 1149 1397 βάθει
1190 1332 1530 1384 ὲκεκάλυπτο
1557 1335 1651 1402 τῆς
1686 1331 1860 1383 θεολο-

301 1416 424 1484 γίας
451 1418 510 1470 τὸ
533 1418 640 1488 (69)
671 1420 928 1488 κήρυγμα
995 1422 1080 1472 ὅτε
1117 1421 1299 1474 λοιπὸν
1333 1422 1614 1491 ἀνθρώπου
1649 1422 1860 1489 γένεσις

299 1509 675 1578 προσδοκᾶται,
697 1527 911 1580 παραγυ
921 1511 1146 1582 μνοῦται
1168 1515 1198 1582 ἠ
1217 1513 1413 1576 πίστις,
1437 1513 1762 1583 καὶτρανότε
1771 1530 1860 1582 ρον

301 1599 696 1670 παραδηλοῦται
716 1601 815 1670 τῆς
831 1604 1084 1674 ἀληθείας
1100 1605 1159 1657 τὺ
1178 1605 1369 1674 δόγμα.
1387 1603 1732 1672 Ποιήσωμεν
1762 1605 1862 1657 ἇν-

301 1694 549 1757 θρωπον.
568 1693 828 1757 Ἀκούεις,
851 1688 894 1746 ὦ
909 1697 1271 1768 Χριστομάχε,
1297 1697 1375 1748 ὅτι
1392 1695 1468 1765 τῷ
1491 1697 1730 1767 κοινωνῴ
1750 1698 1860 1766 (70)

299 1784 394 1851 τῆς
411 1784 764 1854 δημιουργίας
791 1770 1251 1858 προσδιαλέγεται,
1272 1788 1347 1839 Δι’
1366 1784 1434 1842 οὗ
1455 1790 1548 1840 καὶ
1578 1789 1714 1854 τοὺς
1733 1789 1862 1841 αἰῶ-

299 1888 407 1936 νας
435 1872 720 1940 ἐποίησεν
740 1894 751 1905 ·
786 1877 851 1942 ὃς
879 1877 1040 1944 φέρει
1083 1877 1152 1928 τὰ
1184 1878 1502 1944 σύμπαντα
1538 1877 1614 1942 τῷ
1645 1881 1861 1946 ῥήματι

1973 710 2178 765 urgeat.
2229 699 2604 750 Verumtamen
2643 693 2732 762 qui
2775 693 2946 762 ipsum
2990 693 3270 747 Dominum
3326 692 3527 748 calum-

1971 788 2108 841 ninri
2139 787 2292 841 veriti
2324 801 2426 838 non
2457 797 2602 848 sunt,
2632 783 2758 851 quid
2797 783 2975 835 dicere
3019 796 3123 835 non
3155 779 3393 850 possint,
3427 781 3529 836 Iin~

1969 897 2124 949 gnam
2185 879 2445 932 habentes
2509 876 2570 928 ad
2628 874 2966 928 mendacium
3024 873 3411 927 exercitatam?
3458 873 3529 927 Αι

1971 986 2202 1038 praesens
2231 985 2330 1022 vox
2364 968 2584 1022 omnino
2633 981 2695 1021 os
2749 966 2984 1033 ipsorum
3030 963 3248 1032 oppilat.
3301 962 3364 1015 Et
3393 963 3524 1015 dixit

1971 1065 2105 1117 Deus
2136 1079 2153 1115 :
2178 1061 2463 1114 Faciamus
2492 1061 2771 1112 hominem.
2797 1056 3088 1125 Nuncjam,
3112 1056 3197 1109 dic
3223 1055 3374 1120 mihi,
3397 1069 3525 1108 nun-

1966 1154 2092 1222 quid
2136 1153 2288 1206 unica
2335 1159 2416 1204 est
2465 1150 2727 1219 persona?
2761 1148 2872 1202 Non
2913 1147 3056 1201 enim
3105 1147 3365 1216 scriptum
3397 1155 3520 1200 est:

1968 1246 2083 1298 Fiat
2149 1246 2349 1306 homo,
2413 1242 2546 1305 sed,
2606 1238 2888 1292 Faciamus
2958 1237 3243 1290 hominem.
3279 1237 3525 1304 Quandiu

1968 1337 2196 1388 nondum
2223 1334 2512 1403 apparebat
2551 1332 2642 1399 qui
2674 1332 2979 1389 doceretur,
3033 1327 3086 1380 in
3135 1329 3402 1395 profundo
3434 1344 3526 1382 oc-

1965 1423 2104 1476 culta
2149 1431 2268 1474 erat
2314 1419 2591 1486 theologia:
2643 1419 2953 1487 praedicatio
2992 1436 3004 1471 :
3050 1432 3171 1470 cum
3221 1427 3396 1470 autem
3433 1418 3528 1470 ho-

1966 1515 2124 1567 minis
2143 1522 2479 1581 exspectatur
2494 1511 2786 1579 generatio,
2807 1509 3103 1562 deuudatnr
3126 1508 3273 1571 ﬁdes,
3297 1508 3526 1562 clarius-

1964 1619 2066 1672 que
2107 1603 2369 1656 revelatur
2403 1600 2645 1654 veritatis
2681 1601 2893 1670 dogma.
2919 1597 3204 1651 Faciamus
3243 1599 3523 1652 hominem.

1965 1695 2152 1757 Audis,
2198 1711 2229 1746 ο
2262 1693 2463 1747 Christi
2513 1701 2872 1760 Oppugnator,
2917 1691 3090 1757 ipsum
3141 1691 3206 1744 ad
3245 1689 3402 1745 oﬂicii
3440 1705 3527 1744 so-

1964 1790 2103 1842 cium
2145 1786 2284 1853 loqui
2319 1800 2331 1837 :
2366 1782 2470 1836 Per
2513 1801 2661 1852 quem
2713 1783 2833 1850 fecit
2875 1792 2919 1835 et
2955 1781 3184 1847 sa’cula;
3227 1783 3313 1851 qui
3353 1794 3524 1850 portat

1965 1882 2135 1932 omnia
2179 1878 2326 1931 verba
2362 1877 2563 1929 virtutis
2602 1891 2713 1928 sure
2752 1875 2817 1924 ’³.
2858 1873 2964 1928 Sed
3011 1889 3116 1928 non
3161 1874 3321 1928 tacite
3364 1873 3522 1928 verba

298 1963 406 2032 τῆς
439 1965 738 2036 δυνάμεως
767 1970 971 2024 αὑτοῦ.
1021 1970 1158 2020 Ἀλλ’
1191 1970 1250 2022 ού
1279 1971 1386 2040 γὰρ
1413 1973 1586 2041 ἡσυχῆ
1624 1971 1861 2042 παραδέ-
1899 1991 1934 2042 Β
1966 1992 1981 2024 ε

1846 2001 1861 2010 -
1899 1991 1934 2042 Β
1966 1973 2166 2040 excipit
2205 1971 2419 2037 pietatis
2450 1987 2460 2021 :
2493 1980 2549 2021 at
2579 1964 3026 2036 quemadmodum
3071 1965 3255 2019 beStize
3284 1981 3402 2034 qua:
3431 1967 3525 2020 ho-

1566 2060 1588 2071 ,ο

296 2073 448 2124 χεται
469 2057 557 2108 τὸν
585 2057 738 2125 λόγον
759 2059 853 2127 τῆς
885 2059 1158 2120 εὐσεϐείας
1181 2076 1192 2088 °
1227 2058 1414 2130 ὥσπερ
1443 2061 1499 2112 δὲ
1526 2060 1630 2112 τῶν
1663 2060 1862 2130 θηρίων

296 2146 362 2198 τὰ
408 2147 926 2217 μισανθρωπὸτατα,
977 2149 1193 2200 ἐπειδὰν
1239 2153 1348 2212 τοῖς
1391 2149 1620 2217 ζωγροις
1673 2152 1864 2201 ἐναπο-

297 2232 536 2304 κλεισθῇ,
587 2236 973 2306 περιὸρύχεται
1011 2238 1121 2306 (71)
1167 2241 1274 2300 τοῖς
1322 2239 1635 2308 κυλίνδροις,
1667 2239 1724 2289 τὸ
1767 2238 1862 2306 μὲν

294 2326 492 2396 πικρὸν
521 2328 613 2378 καὶ
639 2329 909 2398 ἀνήμερον
953 2329 1049 2397 τῆς
1091 2329 1301 2396 φύσεως
1337 2330 1734 2398 ἐνδεικνύμενα,
1769 2330 1862 2380 ἐκ-

295 2416 580 2487 πληρῶσαι
632 2419 687 2471 δὲ
725 2421 823 2488 τὴν
870 2421 1066 2488 μανίαν
1107 2421 1206 2470 οὐκ
1250 2419 1472 2486 ἔχοντα’
1513 2418 1654 2470 οὕτω
1693 2419 1864 2470 καὶτὸ

296 2507 486 2579 ἐχθρὸν
515 2510 610 2578 τῆς
633 2509 888 2577 ἀληθείας
918 2510 1070 2576 γένος
1103 2511 1148 2559 οί
1189 2509 1448 2570 Ἰουδαῖοι,
1501 2508 1862 2578 στενοχωρού-

295 2617 445 2672 μενοι
480 2601 610 2669 (72),
648 2600 840 2663 Πολλὰ,
868 2601 1047 2667 φασιν,
1083 2601 1196 2652 ἔστι
1223 2601 1287 2652 τα
1317 2601 1578 2671 πρόσωπα
1607 2601 1740 2670 πρὸς
1771 2601 1863 2663 οὓς

291 2693 320 2742 ὁ
368 2691 522 2756 λόγος
577 2691 765 2758 γέγονε
805 2691 896 2744 τοῦ
930 2690 1084 2744 Θεοῦ.
1129 2693 1251 2755 Τοῖς
1289 2692 1538 2760 ἀγγέλοις
1569 2693 1676 2762 γὰρ
1718 2693 1861 2758 λέγει

290 2782 403 2842 τοῖς
429 2780 767 2850 παρεστῶσιν
795 2781 940 2852 αὐτῷ
960 2799 972 2812 ⁸
1003 2782 1352 2851 Ποιήσωμεν
1374 2783 1702 2851 ἄνθρωπον.
1735 2783 1863 2835 Ίου-

291 2870 476 2926 δαῖκὺν
507 2874 566 2925 τὸ
593 2872 836 2944 πλάσμα,
868 2875 965 2944 τῆς
998 2875 1204 2927 έκεῖθεν
1251 2876 1495 2936 εὐκολίας
1539 2876 1596 2926 τὸ
1640 2875 1862 2944 μυθολό-

291 2981 463 3035 γημαο
524 2966 608 3018 ἵνα
636 2966 724 3018 τὸν
755 2968 867 3037 (75)
917 2968 1010 3018 ἕνα
1057 2966 1129 3034 μὴ
1161 2965 1589 3034 παραδέξωνται,
1631 2965 1859 3033 μυρίους

292 3056 590 3122 εἰσάγουσι.
627 3058 733 3108 Καὶ
771 3057 859 3108 τὸν
891 3057 1016 3107 Υίὸν
1051 3054 1384 3118 ἀθετοῦντες,
1421 3057 1655 3117 οἰκέταις
1681 3056 1740 3106 τὸ
1766 3057 1860 3126 τῆς

295 3142 620 3212 συμϐουλίας
639 3145 852 3213 ἀξίωμα
871 3145 1228 3215 περιάπτουσι
1249 3162 1260 3174 ·
1289 3145 1380 3197 καὶ
1400 3147 1522 3208 τοὺς
1543 3146 1862 3215 ὁμοδούλους

291 3234 447 3304 ἡμῶν
490 3235 708 3306 κυρίους
759 3234 971 3288 ποιοῦσι
1017 3237 1113 3306 τῆς
1163 3239 1434 3307 ἡμετέρας
1484 3238 1857 3308 δημιουργίας.

1970 2064 2098 2115 mini
2125 2071 2251 2115 sunt
2282 2061 2677 2123 infensis-simre,
2713 2073 2832 2112 cum
2866 2059 2916 2112 in
2950 2058 3126 2112 caveis
3160 2057 3522 2120 includuntur,

1966 2157 2168 2207 circum
2228 2152 2520 2220 sepimenta
2571 2149 2842 2212 l'rendent,
2907 2160 3066 2218 atque
3115 2150 3524 2204 amaritudinem

1967 2245 2181 2312 quidem
2215 2259 2278 2296 ac
2311 2243 2574 2294 feritatem
2610 2250 2812 2294 natura:
2851 2242 3174 2304 ostendunt,
3216 2256 3313 2295 nec
3345 2251 3524 2294 tamen

1969 2335 2200 2388 furorem
2227 2349 2378 2387 suum
2409 2341 2632 2401 possunt
2657 2330 2873 2400 explere
2904 2348 2916 2383 :
2951 2331 3020 2382 ita
3054 2341 3104 2382 et
3129 2345 3260 2399 gens
3283 2331 3526 2386 veritatis

1968 2424 2213 2484 inimica,
2247 2421 2410 2474 Judazi
2456 2421 2519 2473 ad
2566 2423 2840 2490 angustias
2880 2419 3107 2482 redacti,
3138 2420 3331 2472 multas
3374 2423 3525 2475 aiunt

1964 2528 2082 2567 csse
2135 2526 2422 2580 personas,
2475 2510 2541 2563 ad
2593 2525 2727 2577 quas
2769 2509 2858 2562 Dei
2905 2525 3082 2562 sermo
3135 2509 3367 2561 directus
3421 2518 3522 2561 est.

1967 2599 2101 2653 Dicit
2145 2600 2284 2652 enim
2334 2597 2632 2651 astantibus
2683 2598 2781 2650 sibi
2812 2598 3046 2667 angelis:
3086 2595 3367 2651 Faciamus
3420 2600 3518 2650 Ito-

1964 2692 2150 2743 minem
2168 2688 2526 2744 “.Judaicum
2559 2698 2916 2742 commentum
2957 2700 3073 2752 est,
3099 2699 3258 2758 atque
3287 2690 3520 2744 levitatis

1965 2783 2087 2835 inde
2135 2782 2386 2849 profectae
2433 2781 2744 2834 inventum:
2786 2790 2840 2833 ut
2873 2794 2938 2833 ne
2983 2796 3143 2832 unum
3189 2781 3520 2848 suscipiant,

1965 2874 2270 2924 i..mnneros
2305 2873 2582 2924 inducunt.
2607 2870 2671 2923 Et
2697 2870 2888 2923 Filium
2921 2872 3287 2939 reprobantes,
3314 2871 3526 2926 famulis

1963 2960 2272 3026 dignitatem
2299 2959 2597 3010 attribuunt
2629 2960 2859 3022 consilii,
2889 2968 2941 3012 et
2971 2974 3258 3014 conservos
3296 2971 3511 3014 nostros

1962 3049 2194 3104 eiliciuut
2229 3049 2516 3103 creatiOnis
2568 3058 2763 3102 nostrae
2798 3052 3059 3103 dominos.
3113 3049 3284 3103 Homo
3343 3053 3522 3119 perfe-

1965 3154 2082 3194 ctus
2118 3141 2182 3196 ad
2219 3140 2528 3211 angelorum
2567 3139 2813 3195 evehitur
2842 3140 3173 3208 dignitatem.
3210 3143 3378 3206 Quale
3430 3160 3524 3194 au-

1969 3242 2070 3284 tent
2100 3232 2370 3299 opiﬁcium
2414 3245 2508 3296 par
2537 3244 2656 3283 esse
2692 3239 2868 3298 potest
2899 3230 3011 3299 88
3039 3232 3336 3284 conditori?
3379 3235 3523 3287 Con-

293 3327 678 3398 Τελειούμενος
707 3328 989 3400 ἄνθρωπος
1019 3331 1150 3400 πρὸς
1187 3331 1284 3400 τὴν
1312 3330 1417 3382 τῶν
1441 3331 1684 3397 ἀγγέλων
1709 3331 1862 3396 ἀξίαν
1890 3331 1930 3387 C
1967 3339 1976 3375 ε

1839 3350 1862 3383 ν
1890 3331 1930 3387 C
1967 3325 2141 3377 sidera
2169 3334 2345 3374 autem
2379 3331 2430 3374 et
2458 3336 2574 3389 quae
2622 3329 2954 3388 sequuntur:
2993 3324 3070 3374 Ad
3114 3325 3388 3392 imaginem
3431 3342 3522 3378 no~

293 3418 572 3486 ἀνάγεται.
610 3421 764 3472 Ποῖον
807 3419 862 3471 δὲ
900 3420 1288 3490 δημιούργημα
1333 3423 1443 3473 ἴσον
1469 3421 1687 3474 δύναται
1719 3418 1856 3475 εἶναι

290 3507 371 3577 τῷ
418 3509 696 3574 κτίσαντι;
739 3511 932 3564 Σκόπει
975 3511 1030 3563 δὲ
1089 3513 1182 3564 καὶ
1207 3511 1271 3562 τὰ
1311 3512 1420 3581 (74)
1461 3513 1654 3582 ἐφεξῆς
1679 3530 1690 3542 ⁸
1721 3516 1857 3568 Κατ’

293 3602 496 3657 εἰκόνα
528 3603 836 3670 ἡμετέραν.
869 3604 932 3655 Τί
963 3603 1137 3670 λέγεις
1172 3603 1302 3672 πρὸς
1323 3605 1512 3669 “co-310;
1543 3606 1631 3674 Μὴ
1666 3608 1756 3658 καὶ
1787 3608 1860 3658 εί·-

293 3693 405 3748 κὼν
437 3693 532 3765 μία
579 3695 712 3747 Θεοῦ
750 3697 843 3748 καὶ
881 3697 1161 3764 ἀγγέλων;
1201 3695 1328 3747 Υἱοῦ
1365 3697 1460 3764 μὲν
1499 3697 1603 3766 γὰρ
1634 3699 1724 3749 καὶ
1760 3699 1860 3749 [Ια-

290 3783 419 3854 τρὸς
455 3785 604 3837 πᾶσα
636 3785 844 3855 ἀνάγκη
871 3785 968 3854 τὴν
995 3784 1162 3853 αὐτὴν
1186 3779 1322 3836 εἶναι
1364 3786 1609 3854 μορφήνο
1645 3785 1860 3855 θεοπρεο

293 3875 412 3940 πῶς
437 3877 677 3947 δηλονότι
703 3878 801 3947 τῆς
834 3877 1039 3946 μορφῆς
1076 3876 1386 3947 νοουμένης,
1418 3876 1515 3928 οὐκ
1545 3878 1600 3928 ἐν
1624 3881 1858 3946 σχήματι

293 3969 613 4037 σωματικῷ,
645 3969 759 4019 ἀλλ’
786 3969 841 4018 ὲν
874 3967 950 4036 τῷ
987 3966 1232 4036 ἰδιώματι
1263 3969 1360 4035 τῆς
1386 3969 1859 4037 θεότητος.”Ακουε

290 4060 386 4112 καί
421 4059 484 4108 σὺ
516 4061 542 4109 ὁ
581 4059 643 4108 ὲκ
672 4059 767 4125 τῆς
801 4057 921 4119 νέας
971 4059 1279 4128 κατατομῆς
1329 4060 1470 4127 (75),
1523 4062 1549 4111 ὁ
1592 4059 1681 4111 τὸν
1729 4061 1857 4112 Ἰου·

288 4146 516 4216 δαῖσμὸν
552 4147 865 4218 πρεσϐεύων
915 4150 972 4199 ὲν
1008 4151 1431 4220 Χριστιανισμοῦ
1481 4154 1853 4220 προσποιήσει.

290 4239 408 4292 Τίνι
438 4238 600 4307 λέγει’
654 4239 791 4293 Κατ’
821 4242 1018 4292 εἰκόνα
1049 4242 1367 4308 ήμετέραιπ
1402 4242 1516 4292 Τίνι
1550 4242 1692 4311 ἄλλῳ
1734 4259 1795 4309 γε
1823 4244 1854 4310 ἦ

290 4328 367 4398 τῷ
398 4329 787 4399 ἀπαυγάσματι
816 4331 913 4398 τῆς
935 4330 1108 4400 δόξης,
1144 4333 1234 4383 καὶ
1257 4333 1558 4402 χαρακτῆρι
1594 4332 1692 4400 τῆς
1725 4334 1857 4384 ὑπο-

293 4423 534 4484 στάσεως
581 4422 743 4475 αύτοῦ
798 4424 930 4490 (76),
968 4424 1024 4485 ὃς
1077 4425 1221 4477 ἐστιν
1269 4425 1429 4477 εἰκὼν
1471 4424 1559 4476 τού
1594 4425 1726 4476 Θεοῦ
1766 4426 1858 4477 τοῦ

287 4511 557 4581 ἀοράτου;
591 4514 666 4582 Τῇ
700 4515 802 4584 ἰδίᾳ
843 4517 1016 4567 τοίνυν
1053 4517 1220 4567 εἰκόνι
1255 4520 1319 4585 τῇ
1354 4515 1534 4589 ζώσῃ,
1570 4519 1632 4584 τῇ
1676 4519 1856 4568 εἰπού-

361 4711 407 4743 ²³
438 4711 602 4766 Hebr.
639 4726 679 4775 I,
708 4711 762 4774 2,
793 4712 846 4764 ’5.
925 4715 968 4745 ³)
1007 4714 1138 4768 Gen.
1185 4730 1219 4777 ι,
1254 4712 1342 4764 26.

363 4863 732 4944 (69)ltaumss.
782 4874 1008 4944 septem.
1041 4865 1178 4944 Editi
1223 4868 1499 4944 cmn_aliis_
1525 4868 1842 4944 quihusdam
1881 4880 1919 4932 ι)

292 4950 430 5005 mss.
445 4935 754 5005 κεκάλυπτο
779 4935 874 5005 τῆς
897 4933 1316 5002 θεογνωσίαςτό.
1339 4933 1639 5004 ΤΙιευΙοέζίω
1667 4950 1842 4992 autem

291 5003 726 5075 pratdicationem
768 5003 891 5058 dicit
923 5006 1220 5058 doctrinam
1276 5023 1414 5069 eam,
1455 5003 1558 5073 qua
1603 5023 1844 5075 persotlte

291 5073 952 5144 sanctissima:iTrinitntis
982 5088 1164 5142 aperte
1189 5078 1563 5144 praedicantur.

363 5143 478 5265 (70)
532 5142 620 5196 Sic
656 5143 802 5213 Regii
842 5146 1062 5210 prinms,
1112 5142 1298 5199 tertius
1353 5156 1406 5199 et
1463 5149 1682 5213 quintus
1721 5161 1840 5198 cum

363 5215 443 5265 ib.
507 5215 760 5265 secundo.
805 5214 941 5265 Etliti
993 5231 1112 5265 cum
1155 5231 1258 5265 uno
1287 5228 1376 5265 aut
1429 5217 1595 5265 altero
1634 5232 1731 5265 ms.
1766 5216 1840 5265 τῶ

289 5212 466 5284 Colb.
507 5212 760 5284 secundo.
805 5214 941 5267 Editi
993 5231 1112 5267 CUIII
1155 5231 1258 5265 uno
1287 5228 1376 5267 aut
1429 5212 1595 5267 altero
1634 5232 1731 5267 ms.
1766 5216 1842 5284 τῷ

290 5282 470 5366 κοινῷ.
509 5282 648 5337 Infra
681 5281 812 5352 Reg.
839 5296 1018 5337 se\tus
1049 5285 1192 5339 solus
1233 5283 1385 5350 λόγον
1426 5285 1524 5353 τῆς
1566 5281 1837 5354 ἀληθείας·

290 5370 499 5406 ωσπερ.

362 5370 642 5491 (ίῂῗσιῖρκ.
672 5423 871 5495 primus
900 5423 1124 5495 ζώγροις
1157 5427 1551 5493 ἐναποσκιασθῇ
1587 5423 1846 5495 περιϐρύ-

327 5509 464 5564 εται.
498 5494 671 5564 Editio
702 5492 860 5564 Basili
901 5492 1028 5546 rum
1079 5506 1218 5547 sext.
1270 5511 1397 5548 mss.
1437 5492 1841 5564 περιὸρύχεται.

327 5509 464 5547 εται.
498 5509 671 5548 ιιιυιιιο
702 5509 839 5544 uas"
901 5512 1018 5546 rum
1079 5513 1118 5547 st

291 5509 468 5633 Edita)
499 5563 666 5633 Daris.
703 5563 1118 5633 περιϐρυχᾶται.

363 5631 478 5705 (79)
513 5631 645 5705 Reg.
703 5631 906 5705 primus
951 5634 1090 5686 οὕτω
1122 5638 1212 5687 καὶ
1260 5636 1317 5687 τὸ
1367 5634 1471 5686 τῶν
1513 5635 1718 5705 ἐχθρῶν
1750 5637 1845 5702 τῆς

293 5698 571 5776 ἀληθείας..
597 5698 860 5776 Ἰουδαίων
924 5705 1097 5776 γένος,
1149 5698 1654 5776 στενοχωρούμενοι.
1715 5698 1844 5774 Reg.

297 5769 484 5844 tertius
516 5769 656 5824 οὕτω
685 5774 776 5825 καὶ
813 5774 870 5844 τὸ
920 5774 1108 5842 ἐχθρὸν
1159 5776 1256 5843 τῆς
1304 5769 1557 5844 ἀληθείας
1586 5769 1847 5828 ’ἰουδαίῶν

294 5843 464 5908 γένος,
501 5843 1000 5915 στενοχωρούμενοι.
1033 5845 1169 5899 Editi
1195 5862 1314 5898 cum
1351 5843 1521 5901 tribus
1552 5863 1681 5900 mss.
1716 5857 1768 5898 ut
1798 5849 1846 5897 in

295 5921 566 5964 t‘Oltlt‘UH.

1455 4715 1498 4743 ²⁸
1532 4710 1683 4765 Joan.
1720 4728 1781 4778 χ,
1811 4714 1898 4766 30.

1960 3428 2140 3468 stuun.
2194 3412 2327 3478 Quid
2379 3413 2510 3466 dicis
2555 3412 2620 3465 ad
2670 3412 2798 3464 hoc?
2849 3411 2983 3465 Num
3009 3423 3062 3466 et
3093 3413 3182 3466 Dei
3221 3425 3272 3467 et
3307 3417 3522 3484 angelo-

1960 3521 2077 3559 rum
2110 3521 2210 3558 una
2251 3515 2334 3558 est
2357 3504 2572 3573 imago?
2603 3503 2719 3556 Filii
2751 3505 2964 3570 quidem
2992 3514 3046 3558 et
3079 3503 3254 3559 Patris
3280 3509 3520 3560 eamdem

1958 3613 2077 3651 esse
2115 3597 2338 3650 formam
2377 3597 2596 3648 omnino
2640 3610 2863 3648 necesse
2889 3605 3006 3658 est;
3040 3595 3208 3647 forma
3253 3597 3518 3662 videlicet,

1961 3689 2034 3740 uti
2069 3687 2233 3740 Deum
2261 3688 2434 3751 decet,
2466 3685 2757 3750 intellecta,
2803 3700 2908 3738 non
2949 3686 3000 3738 in
3038 3702 3297 3756 corporea
3327 3690 3519 3758 ﬁgura,

1960 3778 2051 3832 sed
2078 3780 2128 3830 in
2160 3777 2458 3831 di\illllaliS
2488 3777 2831 3845 proprietate.
2854 3776 2992 3831 Audi
3017 3787 3072 3832 et
3101 3786 3154 3832 tu
3178 3781 3267 3847 qui
3291 3795 3354 3834 ex
3386 3797 3519 3834 nova

1958 3871 2263 3926 concisione
2296 3886 2377 3934 es,
2404 3873 2494 3940 qui
2539 3872 2934 3928 Christianismi
2981 3875 3196 3928 nomine
3241 3887 3400 3944 atque
3447 3879 3520 3932 si-

1962 3964 2253 4018 mulatione
2291 3966 2500 4018 stabilis
2535 3964 2888 4018 Judaismum.
2928 3967 3021 4020 Cui
3058 3967 3185 4022 dicit
3225 3986 3236 4021 :
3276 3970 3354 4021 Ad
3389 3971 3520 4023 ima-

1961 4060 2128 4127 ginem
2180 4060 2452 4112 nostram?
2498 4057 2613 4119 Cui,
2655 4072 2869 4124 qumso,
2925 4058 3077 4109 alteri
3132 4073 3292 4126 quam
3340 4061 3519 4124 gloria:

1961 4150 2267 4218 splendori,
2301 4160 2356 4202 et
2403 4150 2715 4202 substantia:
2747 4149 2912 4216 ipsius
2939 4149 3239 4202 characteri
3269 4189 3281 4212 ,
3320 4151 3408 4218 qui
3435 4161 3519 4204 est

1966 4240 2056 4293 Dei
2085 4239 2365 4292 invisibilis
2412 4237 2629 4306 imago?
2669 4237 2851 4306 itaque
2895 4238 3113 4307 imagini
3153 4255 3264 4293 sua:
3296 4241 3516 4302 viventi,

1961 4347 2078 4400 qua:
2113 4333 2244 4385 dixit
2278 4349 2288 4384 :
2328 4329 2436 4400 Ego
2490 4343 2534 4384 et
2580 4330 2739 4384 Pater
2779 4348 2938 4383 unum
2976 4347 3153 4384 sumus
3183 4333 3227 4362 ’⁸
3251 4348 3263 4393 ;
3291 4342 3378 4385 et:
3413 4331 3516 4395 Qui

1964 4439 2038 4474 me
2086 4423 2233 4484 vidit,
2289 4424 2413 4475 vidit
2453 4421 2661 4475 Patrem
2695 4424 2771 4481 ²⁶;
2832 4427 2951 4478 huic
3003 4425 3174 4477 dicit:
3234 4423 3514 4478 Faciamus

1964 4515 2223 4566 hominem
2251 4514 2317 4564 ad
2349 4515 2628 4582 imaginem
2654 4528 2902 4567 uastram.
2942 4515 3039 4569 Ubi
3076 4525 3158 4570 est
3187 4517 3359 4585 imago
3383 4532 3511 4582 una,

1976 4715 2020 4742 ’⁸
2057 4713 2207 4764 Joan.
2247 4729 2351 4770 xlv,
2382 4716 2431 4764 9.

2021 4867 2132 4940 (73)
2164 4867 2313 4940 Coll».
2351 4869 2616 4922 secundus
2670 4869 2753 4921 ἵνα
2776 4870 2880 4940 γὰρ
2929 4872 3035 4923 τόν.
3097 4870 3242 4924 Bodl.
3294 4873 3378 4924 ἵνα
3421 4874 3512 4927 τὸν

1951 4937 2046 5010 ἕνα
2075 4939 2146 5007 μὴ
2175 4938 2449 5010 δέξωνται.
2486 4941 2675 4991 Statim
2729 4937 2865 4992 idem
2905 4955 3025 5010 mss.
3082 4941 3305 5010 μυρίους
3340 4944 3513 4996 ἐπεισ-

1952 5009 2196 5084 αγούσιν.
2245 5009 2480 5062 Subinde
2519 5019 2749 5084 quatuor
2792 5024 2919 5084 mss.
2954 5009 3016 5084 το
3055 5009 3507 5084 τῆςσυμδφυλῆς,

1953 5078 2088 5149 Editi
2117 5095 2238 5149 cum
2269 5093 2372 5149 uno
2397 5088 2487 5132 aut
2511 5081 2679 5132 altero
2717 5094 2842 5131 mss.
2870 5079 2927 5128 τὸ
2960 5078 3432 5149 τῆςσυμδουλίας.

2021 5147 2132 5218 (74)
2159 5147 2282 5200 Mss.
2319 5148 2559 5216 plerique
2598 5165 2784 5218 munes
2819 5147 3023 5202 καὶτὰ.
3059 5147 3197 5202 Editi
3241 5153 3331 5203 καὶ
3359 5154 3438 5206 τό.

2021 5218 2131 5290 (75)
2163 5218 2532 5285 Κατατομῆς.
2578 5217 2686 5290 Vox
2739 5227 2819 5270 est
2861 5218 3028 5282 l’auli,
3059 5219 3288 5287 Philipp.
3328 5237 3409 5287 ιιι,
3454 5227 3507 5290 ‘2,

1950 5287 2172 5354 βλέπετε
2224 5291 2551 5357 κατατομήν.
2588 5285 2770 5340 Cavete
2801 5290 3162 5340 concisionem.
3198 5285 3289 5342 Sic
3328 5285 3506 5345 autem

1949 5358 2237 5424 Apostolus
2265 5363 2483 5410 vocabat
2513 5359 2721 5410 Judzeos
2749 5373 2842 5422 per
2871 5370 3257 5425 contemptum,
3293 5377 3507 5412 eorum-

1948 5442 2050 5492 que
2080 5428 2439 5480 concisionem
2483 5429 2530 5480 in
2585 5441 2745 5479 carne
2801 5429 3025 5492 positum
3084 5439 3244 5481 tutam
3310 5445 3506 5483 nostra:

1951 5498 2346 5550 circumcisioni
2377 5497 2532 5564 plane
2559 5497 2822 5564 spirituali
2855 5500 3180 5564 opponebat.

2022 5567 2130 5636 (76)
2165 5567 2300 5618 Editi
2328 5566 2579 5636 cthOisl.
2613 5566 2818 5636 primus
2853 5580 2906 5618 et
2954 5567 3082 5634 Reg.
3116 5578 3334 5621 octavus
3376 5568 3506 5621 ὑπο-

1952 5634 2190 5696 στάσεως
2247 5634 2429 5686 αὑτοῦ.
2497 5637 2607 5688 Nec
2655 5634 2810 5688 aliter
2864 5637 3054 5702 legitur
3105 5638 3154 5689 in
3217 5638 3384 5705 Epist.
3439 5641 3506 5693 ad

1952 5707 2112 5758 Hebr.
2146 5723 2179 5777 I,
2207 5705 2256 5756 3.
2288 5708 2364 5777 _At
2397 5710 2543 5759 deest
2574 5705 2734 5757 αὑτοῦ
2770 5709 2821 5758 iu
2848 5721 2939 5760 sex
2963 5723 3086 5759 mss.
3116 5711 3504 5777 Qumsequun-

1953 5787 2037 5828 tur
2073 5776 2254 5837 verba,
2378 5776 2539 5839 ἐστιν,
2569 5785 2696 5839 ctc.,
2735 5778 3074 5843 reperiuntur
3127 5782 3175 5828 in
3220 5775 3388 5846 Episi.
3437 5782 3504 5831 ad

1951 5846 2151 5899 CUIUSS.
2181 5861 2214 5909 I,
2249 5844 2326 5896 15.
