4262 6498
738 449 840 506 207

2050 452 2108 508 S.
2150 451 2393 506 BASlLll
2435 452 2646 509 MAGNI

3871 449 3984 505 (ιτς

735 560 1006 633 quomodo
1055 558 1215 614 fuerit
1265 560 1682 617 dissimilitudo?
1726 560 1793 616 Et
1834 564 1953 633 fecit
2006 564 2145 619 Dens
2203 566 2299 618 Ιιο-
2333 572 2372 628 Α

2333 572 2373 628 Α
2409 583 2475 640 σῃ
2495 567 2607 633 (77)
2623 583 2636 598 ·
2655 564 2795 633 Ἐγὼ
2809 565 2903 617 καὶ
2927 568 2958 618 ὀ
2976 561 3175 632 Πατὴρ
3192 561 3260 616 ἕυν
3278 562 3483 629 ἐσμεν,
3498 562 3609 623 καὶ,
3629 562 3690 613 '0
3706 560 3979 629 ἑωρακὼς

732 657 922 709 minem
976 654 1039 707 ’⁷.
1088 651 1232 717 Non,
1287 652 1571 709 Fecerunt.
1618 655 1816 710 Vitavit
1860 659 1961 711 hoc
2012 659 2129 711 loco
2177 674 2299 727 per-

734 761 987 802 sonarum
1050 744 1464 800 multitudinem.
1515 746 1807 817 Postquam
1860 758 2039 802 autem
2087 763 2183 816 per
2217 748 2301 801 illa

732 834 1249 901 erudivitJudteum,
1286 851 1381 905 per
1424 838 1536 892 haec
1582 854 1707 893 vero
1758 854 1996 894 errorem
2026 840 2302 911 gentilium

733 927 1001 992 exclusit,
1060 937 1174 980 tuto
1233 930 1463 981 recurrit
1506 929 1570 982 ad
1621 931 1906 995 unitatem,
1939 941 1995 983 ut
2023 941 2076 985 et
2108 932 2301 985 Filium

736 1030 857 1071 cum
883 1014 1040 1069 Patre
1066 1015 1354 1084 intelligas,
1380 1028 1435 1070 et
1460 1018 1755 1085 periculum
1785 1020 2138 1075 multitudinis
2178 1022 2305 1075 deo-

734 1125 850 1165 rum
876 1108 1121 1178 eﬂugias.
1161 1106 1227 1161 In
1262 1110 1487 1177 imagine
1526 1109 1617 1163 Dei
1656 1112 1768 1179 fecit
1794 1112 1967 1177 ipsum
2002 1114 2066 1165 ’⁸.
2091 1112 2303 1168 Rursus

732 1214 1020 1271 personam
1048 1201 1163 1265 ejus
1203 1200 1291 1269 qui
1320 1216 1501 1254 secum
1549 1202 1707 1254 simul
1754 1204 2098 1271 operabatur,
2134 1206 2301 1260 intro-

730 1288 907 1343 duxit.
946 1285 1059 1340 Non
1093 1286 1233 1341 enim
1272 1288 1405 1341 dixit
1440 1310 1449 1341 :
1485 1288 1540 1341 In
1576 1290 1808 1359 imagine
1840 1292 1918 1343 sui
1950 1291 2147 1358 ipsius;
2184 1293 2297 1357 sed,

731 1380 799 1437 In
832 1379 926 1433 Dei
960 1381 1207 1449 imagine.
1244 1378 1299 1432 lu
1344 1396 1450 1449 quo
1485 1391 1663 1434 autem
1714 1381 1959 1450 pra-ferat
1994 1382 2085 1437 Dei
2115 1383 2300 1452 imagi-

736 1490 862 1529 nem
892 1473 1053 1526 homo
1075 1513 1089 1536 ,
1136 1481 1189 1527 ct
1214 1488 1323 1542 quo
1356 1485 1513 1540 pacto
1540 1474 1907 1529 similitudinis
1935 1476 2047 1543 ejus
2082 1476 2152 1529 sit
2180 1492 2299 1544 par-

738 1564 927 1631 ticeps,
953 1562 1003 1614 iu
1038 1563 1403 1628 sequentibus,
1435 1563 1543 1616 Deo
1566 1568 1745 1624 dante,
1774 1579 2123 1633 exponemus.
2150 1564 2299 1619 Nunc

730 1664 907 1708 autem
950 1654 1001 1707 id
1030 1652 1200 1706 solum
1228 1653 1458 1718 dieatur,
1491 1655 1535 1709 si
1571 1671 1672 1708 una
1704 1666 1785 1709 est
1812 1658 2010 1723 imago.
2045 1658 2182 1709 umle
2206 1658 2298 1711 tibi

728 1747 782 1800 in
820 1756 1053 1801 mentem
1087 1746 1233 1799 venit
1264 1748 1589 1813 impietatem
1620 1756 1725 1801 tam
1758 1746 2148 1802 intolerandam
2178 1764 2302 1816 pro—

730 1841 892 1903 titeri,
923 1849 979 1892 ut
1011 1838 1205 1892 Filium
1243 1838 1388 1892 Patri
1418 1839 1729 1893 dissimilem
1759 1839 1942 1894 dicas?
1962 1840 2005 1895 Ο
2031 1840 2296 1910 ingratum

730 1930 1006 1985 animum!
1042 1930 1477 1999 quandoquidem
1513 1931 1918 1985 similitudinem
1965 1948 2107 1997 eam,
2144 1933 2297 2002 cujus
2330 1917 2372 1973 Β

727 2020 903 2079 factus
931 2035 989 2074 es
1014 2022 1282 2088 particeps
1306 2058 1321 2080 ,
1353 2020 1597 2072 beneticii
1630 2024 1832 2075 auctori
1879 2039 1984 2076 non
2024 2022 2296 2091 rependis,

726 2125 781 2174 et
807 2130 871 2169 ea
899 2130 1017 2183 qua:
1041 2114 1180 2166 dono
1207 2126 1459 2166 concessa
1493 2122 1640 2174 sunt,
1674 2116 1766 2167 tibi
1805 2116 1901 2182 ipsi
1933 2117 2148 2180 quidem
2174 2131 2299 2183 pro-

726 2206 843 2275 pria
899 2218 1117 2257 manere
1163 2214 1359 2274 putas,
1410 2205 1502 2256 sed
1554 2222 1656 2258 nou
1695 2208 1829 2259 sinis
1866 2209 2061 2259 habere
2105 2208 2295 2261 Filium

732 2316 854 2350 cum
903 2299 1145 2366 genitore
1193 2305 1471 2363 acceptam
1528 2312 1557 2349 a
1621 2308 1809 2350 natura
1870 2298 2293 2355 similitudinem.

728 2388 923 2441 Verum
974 2389 1127 2443 nobis
1173 2387 1445 2441 silentium
1497 2390 1682 2442 indicit
1724 2400 1931 2458 tempus
1977 2390 2299 2459 advespera-

726 2496 909 2544 sccns,
934 2481 1130 2550 quippe
1156 2482 1298 2549 quod
1326 2479 1647 2550 jamdudum
1691 2482 1855 2535 solun
1878 2482 1943 2534 ad
1966 2483 2297 2536 occidentem

728 2574 1021 2627 demiserit.
1062 2575 1157 2627 llic
1194 2575 1356 2644 igitur
1397 2584 1451 2628 et
1480 2590 1577 2627 nos
1606 2574 1764 2626 dictis
1801 2574 2035 2625 contenti
2065 2615 2078 2635 ,
2101 2574 2299 2626 oratio-

733 2680 856 2718 nem
912 2666 1307 2733 consopiamus.
1352 2664 1505 2719 Nunc
1549 2666 1765 2733 quidem
1815 2676 2073 2732 quantum
2121 2667 2300 2721 studio

727 2766 912 2810 vestro
959 2756 1248 2809 excitando
1282 2758 1413 2811 Satis
1460 2756 1593 2821 fuit,
1643 2770 1945 2811 sermonem
1982 2757 2295 2825 attigimus:

727 2849 821 2902 sed
854 2848 1232 2916 perfectiorem
1265 2865 1441 2904 rerum
1475 2851 1866 2919 propositarum
1896 2850 2296 2918 inquisitionem

729 2938 782 2995 in
811 2941 1287 3008 consequentibus.
1328 2940 1529 3007 Spiritu
1570 2951 1757 2995 sancto
1790 2942 2107 3007 adiuvante,
2142 2943 2295 2995 adhi-

728 3030 997 3085 bebimus.
1028 3032 1186 3085 Abite
1226 3033 1592 3096 exsultantes,
1627 3046 1817 3085 amans
1843 3032 2039 3085 Christi
2073 3034 2296 3099 concio,

726 3132 781 3177 et
806 3124 983 3178 omnis
1010 3124 1221 3179 obsonii
1260 3124 1558 3193 sumptuosi
1587 3133 1641 3176 et
1666 3122 1937 3177 variorum
1987 3123 2298 3178 condimen-

729 3224 903 3269 torum
937 3217 1074 3283 loco,
1110 3231 1295 3269 eorum
1332 3232 1449 3282 qum
1477 3216 1712 3269 diximus
1749 3215 2006 3267 memoria
2047 3216 2297 3270 honestas

731 3318 943 3361 vestras
970 3321 1187 3361 mensas
1234 3307 1500 3359 instruite.
1533 3306 1908 3358 Cuntundatur
1941 3306 2029 3373 qui
2062 3306 2295 3359 dissimi-

730 3397 1011 3452 litudinem
1043 3396 1287 3451 inducit:
1324 3396 1525 3465 pudore
1559 3394 1823 3447 atliciatur
1860 3393 2114 3448 Judteus:
2163 3412 2297 3465 gau-

729 3491 851 3544 deat
878 3489 999 3558 pius
1049 3488 1389 3558 dogmatibus
1417 3485 1662 3541 veritatis
1699 3503 1711 3538 :
1744 3484 2073 3553 glorificetur
2116 3486 2296 3540 Domi-

729 3596 832 3645 nus
858 3620 872 3646 ,
908 3582 992 3634 cui
1034 3581 1200 3651 gloria
1233 3592 1286 3633 et
1324 3581 1603 3649 iuqterium
1643 3578 1693 3631 in
1728 3577 1922 3631 saecula
1956 3578 2273 3633 saeculorum

728 3676 921 3730 Amen.

2402 657 2525 725 ἐμὲ,
2562 655 2778 726 ἑώρακε
2808 655 2913 708 τὸν
2944 654 3174 722 Πατέρα
3193 672 3204 683 ·
3235 652 3406 722 ταύτῃ
3425 651 3591 718 λέγει·
3628 652 3981 721 Ποιήσωμεν

2404 748 2713 815 ἄνθρωπον
2736 752 2859 799 κατ’
2890 747 3087 798 εἰκόνα
3118 743 3423 813 ἡμετέραν.
3458 744 3627 795 Ὅπου
3667 744 3761 813 μία
3796 743 3976 808 eiad»,

2407 839 2505 891 ποῦ
2536 840 2593 892 τὸ
2624 840 2908 908 ἀνόμοιον;
2935 842 3037 891 Καὶ
3067 837 3356 903 ἐποίησεν
3383 838 3414 887 ό
3449 834 3590 899 Θεὸς
3623 835 3729 886 τὸν
3756 836 3979 903 ἀνθρω-

2406 946 2540 985 nor.
2594 932 2755 999 Οὐχὶ,
2805 930 3114 999 Ἑποὶησαν.
3156 929 3392 995 Ἐφυγεν
3439 924 3669 978 ἐνταῦθα
3716 926 3807 978 τὸν
3836 926 3975 998 πλη-

2406 1020 2609 1089 θνσμὺν
2637 1022 2742 1072 τῶν
2776 1019 3100 1091 προσώπων.
3125 1020 3200 1069 Δι’
3236 1018 3457 1069 ἐκείνων
3486 1018 3579 1087 μὲν
3616 1017 3705 1068 τὸν
3725 1018 3980 1071 Ἰουδαῖον

2405 1112 2688 1175 παιδεύων,
2716 1112 2801 1165 διὰ
2827 1112 3030 1165 τούτων
3060 1111 3117 1163 δὲ
3146 1110 3235 1163 τὸν
3270 1108 3616 1181 Ἑλληνισμὸν
3651 1109 3980 1175 ἀποκλείων,

2406 1203 2662 1270 agema;
2707 1204 3009 1274 ἀνέδραμεν
3056 1203 3146 1254 ἐπὶ
3185 1202 3281 1274 τὴν
3326 1201 3554 1271 μονάδα,
3590 1202 3676 1253 ἴνα
3725 1202 3820 1252 καὶ
3854 1202 3983 1253 Υἱὸν

2404 1296 2528 1362 νοῇς
2563 1292 2701 1362 μετὰ
2746 1293 2975 1361 Πατρὸς,
3003 1293 3098 1345 καὶ
3142 1293 3240 1362 τῆς
3295 1291 3576 1353 πολυθεῖας
3626 1290 3873 1362 ἐκφύγῃς
3921 1291 3985 1345 τὸ

2401 1384 2758 1437 ἐπικίνδυνον.
2822 1384 2921 1435 Ἐν
2964 1384 3147 1436 εικόνι
3189 1383 3334 1436 Θεοῦ
3379 1383 3489 1451 (78)
3533 1382 3823 1447 ἐποίησεν
3871 1384 3985 1436 αὑ-

2402 1478 2524 1529 τόν.
2556 1475 2723 1527 Πάλιν
2752 1473 2840 1526 τοῦ
2868 1474 3125 1544 συνεργοῦ
3146 1475 3205 1527 τὸ
3232 1474 3517 1544 πρόσωπον
3551 1476 3981 1544 παρεισήγαγεν.

2402 1567 2475 1618 Uti
2498 1568 2601 1637 γὰρ
2626 1563 2898 1629 εἶπεν,Ὲν
2925 1566 3087 1617 εἰκόνι
3102 1565 3314 1629 ἑαυτοῦ,
3340 1565 3475 1629 ἀλλ’,
3494 1566 3587 1617 Ἑν
3606 1568 3787 1618 εἰκόνι
3810 1564 3983 1619 Θεοῦ.

2415 1658 2499 1709 Ἐν
2521 1659 2625 1709 τίνι
2670 1659 2767 1726 μὲν
2798 1654 2889 1710 οὖν
2934 1657 3044 1726 ἔχει
3088 1656 3147 1707 τὸ
3180 1659 3296 1708 κατ’
3333 1658 3513 1709 εἰκόνα
3545 1656 3677 1708 Θεοῦ
3716 1657 3743 1707 ὁ
3772 1656 3987 1727 ἀνορω-

2404 1768 2520 1813 πος,
2564 1753 2657 1804 καὶ
2702 1751 2817 1813 πῶς
2865 1747 3267 1820 μεταλαμϐάνει
3305 1748 3397 1799 τοῦ
3428 1748 3546 1800 καθ’
3592 1749 3873 1818 ὁμοίωσιν,
3927 1749 3986 1800 ὲν

2402 1846 2512 1905 τοῖς
2538 1844 2753 1911 ἐφεξῆς,
2785 1842 2920 1895 Θεοῦ
2951 1841 3201 1903 διδόντος,
3232 1841 3539 1910 εἰρήσεται·
3579 1840 3672 1893 νῦν
3697 1840 3752 1892 δὲ
3786 1839 3985 1893 τοσοῦ·

2399 1946 2488 1982 τον
2516 1929 2770 1997 λεγέσθω,
2807 1933 2886 1983 ὅτι
2944 1933 2989 1982 εἰ
3053 1930 3151 1998 μία
3189 1927 3385 1990 εἰκὼν,
3440 1928 3600 1983 πόθεν
3636 1947 3713 1982 σοι
3747 1930 3987 2001 ἐπῆλθεν

2401 2024 2648 2096 ἀφόρητα
2691 2024 2989 2086 δυσσεϐεἶν,
3041 2024 3292 2094 ἀνόμοιον
3342 2022 3550 2090 λέγοντι
3594 2022 3683 2073 τὸν
3734 2023 3859 2075 Υἱὸν
3907 2024 3986 2093 τῷ

2402 2115 2604 2184 Πατρί;
2640 2116 2700 2165 Ὢ
2723 2116 2818 2184 τῆς
2842 2116 3163 2185 ἀχαριστίας
3187 2116 3198 2167 !
3228 2112 3293 2186 ἦς
3318 2112 3608 2185 μετέλαϐες
3641 2114 3985 2182 ὁμοιότητος,

2400 2205 2599 2276 ταύτης
2625 2206 2683 2258 οὐ
2736 2206 3024 2275 μεταδίδως
3058 2205 3133 2275 τῷ
3178 2206 3471 2279 εὐεργέτῃ
3516 2205 3608 2258 καὶ
3658 2203 3837 2273 σαυτῷ
3885 2205 3987 2273 μὲν

2401 2298 2561 2370 κύρια
2598 2300 2779 2368 μένειν
2810 2298 2876 2350 τὰ
2910 2300 2973 2350 ἐκ
3006 2297 3105 2367 τῆς
3152 2299 3371 2368 χάριτος
3420 2296 3837 2370 παρασχεοὲντα
3871 2296 3985 2364 (79)

2400 2386 2658 2459 νομίζεις,
2686 2387 2763 2457 τῷ
2794 2386 2849 2439 δὲ
2890 2385 3002 2457 Υίῷ
3036 2386 3131 2457 τὴν
3171 2389 3233 2439 ἐκ
3261 2388 3475 2455 φύσεως
3518 2387 3811 2457 ὁμοιότητα
3848 2386 3986 2457 πρὸς

2400 2481 2488 2533 τὸν
2517 2483 2853 2549 γεννήσαντα
2879 2480 3022 2550 ἔχειν
3057 2481 3154 2532 οὐκ
3180 2482 3529 2551 ὲπιτρέπεις;
3574 2481 3733 2533 Ἀλλὰ
3769 2478 3983 2549 σιωπὴν

2400 2573 2509 2642 γὰρ
2535 2575 2663 2642 ἡμῖν
2698 2576 2977 2625 ἐπιτάσσει
3008 2572 3191 2625 λοιπὸν
3222 2576 3253 2643 ἡ
3286 2574 3493 2643 ἑσπέρα
3522 2572 3685 2626 πάλαι
3723 2574 3863 2643 πρὸς
3891 2572 3985 2625 δυ-

2403 2662 2545 2731 σμὰς
2574 2662 2663 2714 τὸν
2689 2662 2838 2731 ἥλιον
2881 2662 3315 2731 παραπέμψασα.
3358 2662 3618 2715 Ἐνταῦθα
3661 2662 3723 2732 δὴ
3756 2658 3850 2713 οὖν
3889 2662 3983 2713 τὸν

2401 2753 2555 2821 λόγον
2614 2754 2707 2806 καὶ
2754 2755 2915 2822 ἡμεῖς
2963 2755 3380 2823 κατευνάσωμεν
3436 2755 3568 2822 (80),
3620 2754 3985 2825 ἀρκεσθέντες

2400 2851 2510 2912 τοῖς
2538 2847 2867 2919 εἰρημένοις.
2896 2845 3006 2897 Νῦν
3033 2844 3127 2915 μὲν
3156 2841 3247 2897 οὖν
3272 2847 3392 2897 ὅσον
3416 2846 3673 2916 διεγεῖραι
3708 2847 3860 2915 ὑμῶν
3892 2845 3985 2897 τὸν

2403 2938 2562 3007 ζῆλον
2600 2935 2692 2989 τοῦ
2752 2936 2909 3003 λόγου
2955 2932 3345 3004 παρηψὰμεθα·
3379 2934 3477 3003 τὴν
3531 2934 3587 2984 δὲ
3642 2934 3984 3002 τελειοτέραν

2404 3029 2529 3099 περὶ
2561 3028 2667 3080 τῶν
2700 3027 3075 3099 προκειμένων
3112 3024 3357 3089 ἐξέτασιν
3385 3026 3441 3076 έν
3481 3026 3588 3085 τοῖς
3616 3024 3741 3093 ἑξῆς
3772 3024 3986 3075 ἀποδεῖ)-

2403 3139 2565 3192 σομεν
2597 3125 2661 3191 τῇ
2700 3121 2960 3191 συνεργίᾳ
2990 3118 3085 3172 τοῦ
3126 3119 3463 3190 Πνεῦματος.
3501 3118 3691 3169 Ἀπιτέ
3734 3116 3845 3185 (81)
3892 3134 3984 3187 μοι

2326 3264 2366 3317 C
2401 3214 2700 3283 χαίροντες,
2727 3215 2759 3283 ή
2799 3213 3135 3282 φιλόχριστος
3166 3212 3448 3281 ἐκκλησία,
3475 3212 3591 3264 ἀντὶ
3622 3210 3824 3272 παντὸς
3842 3210 3981 3279 ὕψου

2405 3304 2727 3367 πολυτελοῦς
2753 3307 2845 3358 καὶ
2867 3322 2976 3356 των
3009 3304 3267 3357 ποικίλων
3297 3304 3726 3375 καρυκευμὰτων
3749 3307 3815 3375 τῇ
3846 3305 3984 3374 μνή-

2402 3413 2472 3464 μῃ
2504 3395 2609 3447 τῶν
2644 3395 2943 3464 εἰρημένων
2995 3397 3092 3458 τὰς
3138 3396 3339 3463 σεμνὰς
3381 3396 3532 3464 ὑμῶν
3565 3394 3982 3465 κατακοσμοῦν-

2398 3503 2485 3548 τες
2510 3487 2805 3557 τραπέζας.
2852 3486 3309 3553 Καταισχυνέσοω
3354 3489 3381 3538 ὁ
3415 3487 3683 3555 ἀνόμοιος,
3724 3486 3983 3559 ὲντρεπέ-

2399 3578 2510 3630 σθω
2540 3581 2567 3630 ὁ
2620 3576 2885 3640 Ἰουδαῖος.
2925 3577 3240 3645 ἁγαλλέσοω
3269 3581 3381 3640 τοῖς
3428 3578 3657 3647 δόγμασι
3699 3580 3800 3648 τῆς
3848 3578 3982 3647 ἀλη-

2399 3670 2546 3734 θείας
2572 3673 2599 3723 ὀ
2631 3669 2742 3739 (82)
2773 3668 3021 3740 εὐσεϐὴς,
3056 3668 3360 3732 δοξαζέσθω
3392 3672 3419 3721 ὁ
3454 3670 3677 3739 Κύριος,
3710 3664 3753 3739 ᾧ
3796 3673 3829 3740 ἡ
3858 3667 3985 3734 δόξα

2405 3764 2496 3820 καὶ
2523 3764 2581 3815 τὸ
2614 3764 2811 3833 κράτος
2838 3765 2914 3825 είς
2942 3764 3067 3826 τοὺς
3102 3761 3304 3824 αἰῶνας
3327 3761 3435 3813 τῶν
3472 3760 3699 3815 αἰώνων.
3744 3764 3942 3834 Ἀμήν.

2580 3979 2603 3984 ν
2628 3978 2991 3987 *ωη-ατ--
3034 3978 3976 4008 -.ἠ-,μπ

2022 4166 2637 4258 MONITUM.

801 4606 914 4677 89
952 4605 1135 4660 Basilii
1192 4606 1247 4659 in
1283 4606 1523 4659 Psalmoe
1573 4606 1848 4659 orationes
1902 4614 2025 4673 post
2069 4604 2217 4676 Opus
2252 4622 2344 4660 sex
2393 4609 2599 4661 dierum
2650 4606 2883 4659 edendas
2922 4619 3040 4661 esse
3080 4607 3462 4676 indicavimus.
3495 4604 3676 4658 Visum
3709 4612 3789 4657 est
3836 4604 3979 4657 enim

738 4701 1073 4771 Scripturam
1112 4716 1140 4754 a
1176 4699 1453 4769 Scriptura
1482 4714 1584 4752 non
1618 4714 1891 4769 separare.
1919 4698 2073 4767 Quod
2105 4700 2151 4755 si
2178 4709 2434 4768 utrasque
2466 4701 2737 4753 orationes
2771 4709 2823 4751 ct
2849 4700 2900 4752 in
2931 4699 3290 4755 Hexaemeron
3315 4711 3366 4755 et
3387 4702 3437 4751 in
3474 4696 3716 4750 Psalmos
3753 4696 3892 4747 inter
3922 4709 3980 4748 se

742 4810 1060 4863 comparare
1104 4794 1352 4848 volumus
1378 4833 1392 4855 ,
1432 4807 1535 4845 non
1572 4793 1777 4855 negabo
1811 4794 2025 4861 quidem
2071 4794 2282 4864 priores
2314 4794 2704 4861 posterioribus
2739 4790 2893 4862 longe
2938 4796 3076 4864 apud
3111 4795 3363 4861 antiquos
3404 4793 3570 4847 fuisse
3602 4790 3927 4845 celebriores
3960 4806 3973 4841 :

743 4887 832 4940 sed
868 4903 971 4939 non
1014 4886 1169 4941 facile
1214 4884 1507 4939 concedam
1554 4882 1795 4937 utiliores
1836 4900 1977 4941 esse.
2004 4886 2068 4939 Et
2102 4897 2162 4939 ut
2205 4885 2369 4941 semel
2410 4886 2580 4939 dicant
2622 4883 2761 4954 quod
2815 4886 3025 4951 sentio,
3058 4885 3360 4955 eloquentia
3408 4884 3450 4938 si
3497 4890 3772 4954 spectetur
3818 4892 3979 4950 atque

740 4980 979 5031 varietas
1006 4976 1329 5046 argumenti,
1364 4979 1539 5043 patiar
1569 4973 1931 5029 Hexaemeron
1955 4979 2245 5044 anteponi;
2276 4980 2318 5031 si
2364 4976 2567 5031 fruetus
2594 4987 2753 5046 atque
2778 4980 2999 5041 utilitas,
3035 4993 3138 5031 non
3173 4979 3322 5031 item.

806 5070 1050 5124 Ps-.:lmos
1086 5084 1285 5137 pauens
1312 5069 1697 5132 interpretatus
1720 5077 1794 5119 est
1825 5067 2075 5132 Basilius,
2103 5079 2195 5121 aut
2220 5078 2366 5123 certe
2393 5084 2685 5137 paucorum
2716 5071 3213 5136 interpretationem
3242 5070 3304 5122 ad
3336 5085 3432 5125 nos
3466 5083 3634 5138 usque
3659 5062 3981 5142 pervenisse

804 5229 847 5258 "
877 5226 1070 5290 Gen.t,
1105 5223 1193 5277 37.
1238 5222 1283 5252 "
1319 5223 1444 5277 ibid.

946 5386 1036 5441 Sic
1080 5386 1295 5459 codices
1324 5394 1448 5438 tres.
1472 5385 1631 5459 ΔΕειὶῑί
1664 5382 1809 5455 ζώσῃ
1843 5403 1895 5437 τε
1925 5386 2018 5437 καὶ
2052 5384 2302 5456 εἰπούσῃ*

750 5456 979 5513 Ἐνώτε
1014 5458 1109 5510 καὶ
1136 5456 1183 5507 ὁ.
1226 5456 1505 5508 Consumit
1546 5468 1721 5509 textus
1749 5473 1902 5507 sat-er
1924 5472 2042 5507 cum
2077 5470 2202 5506 mss.

804 5530 916 5599 (78)
986 5528 1073 5579 ‘Ev
1114 5525 1299 5599 Αεῐκρνι
1351 5524 1508 5578 Θεοῦ·
1573 5526 1659 5578 ubi
1720 5524 1860 5578 LXX
1917 5526 2309 5593 signiﬁcantius

732 5595 853 5657 κατ’
887 5595 1074 5652 εἰκόνα
1104 5595 1260 5649 Θεοῦ.

804 5673 913 5738 (79)
971 5672 1102 5736 Reg.
1157 5669 1377 5731 quintus
1436 5683 1517 5718 σοι
1567 5665 2000 5738 παρασχεΘέντα.
2042 5665 2309 5738 Subinde

734 5736 859 5795 orliti
893 5736 971 5810 έτῷ
995 5741 1051 5792 δὲ
1077 5738 1268 5810 Κυρίῳ
1299 5739 1424 5810 τήν.
1462 5740 1531 5789 At
1562 5736 1657 5810 sex
1688 5754 1816 5793 mss.
1852 5738 1926 5807 τῷ
1957 5736 2013 5787 δὲ
2041 5736 2153 5805 Υἱῷ
2186 5738 2304 5807 τὴν.

733 5811 872 5869 infra
915 5807 1042 5876 Reg.
1069 5807 1275 5878 primus
1309 5810 1387 5869 εἰς
1409 5807 1637 5875 δυσμάς.

808 5880 916 5951 (80)
947 5874 1083 5947 Reg:
1110 5880 1329 5947 quintus
1361 5874 1859 5947 κατιέιεινσώμεθα.
1894 5874 2026 5947 Reg.
2070 5878 2101 5931 ὅ
2133 5893 2299 5930 καταν

2423 5384 2739 5455 παύσωμεν.
2772 5384 2908 5437 Editi
2936 5399 3053 5438 cum
3081 5382 3346 5455 aliquibus
3374 5400 3500 5438 mss.
3531 5396 3587 5437 ut
3614 5386 3665 5437 in
3700 5395 3871 5443 textu.

2490 5456 2599 5525 (8i)
2625 5453 2773 5510 Etliti
2804 5455 2961 5507 ἄπιτε
3008 5453 3159 5525 γοῦν.
3198 5453 3350 5508 Deest
3380 5455 3509 5522 γοῦν
3546 5455 3596 5507 in
3633 5458 3834 5525 nostris
3879 5472 3971 5511 sex

2417 5522 2547 5578 mss.
2574 5522 2623 5577 ct
2653 5528 2701 5579 in
2744 5526 2891 5578 Bodl.
2942 5526 3004 5577 Iit
3037 5524 3249 5591 quidem
3280 5526 3537 5592 particula
3561 5522 3692 5591 γοῦν
3714 5541 3776 5576 eo
3804 5532 3970 5587 magis

2416 5606 2660 5660 suspecta
2710 5597 2874 5649 videri
2913 5595 3096 5658 debet,
3128 5596 3265 5661 quod
3302 5596 3496 5647 Basilio
3528 5610 3867 5665 nequaquam
3897 5595 3971 5648 fa-

2416 5668 2638 5719 miliaris
2672 5667 2758 5719 sit.

2487 5737 2597 5806 (82)
2628 5737 2776 5791 Culb.
2816 5733 3349 5806 εοοιιιιιίιιςᾼδόγμασι
3396 5733 3497 5803 τῆς
3542 5734 3873 5806 Ἐκκλησίας
3921 5735 3968 5789 ὁ.

2417 5804 2605 5862 Statim
2645 5809 2782 5863 idem
2812 5807 2977 5863 codex
3006 5804 3225 5876 κράτος,
3257 5808 3288 5873 ἡ
3326 5808 3457 5877 τιμὴ
3486 5806 3577 5857 καὶ
3607 5804 3973 5877 προσκύνησις

2411 5881 2509 5940 εἰς.
