4262 6498
752 452 850 506 211

2055 455 2110 508 S.
2156 455 2394 508 BASlLll
2436 455 2644 510 MAGNI

3877 451 3988 506 2l2

757 573 1000 627 morbum
1053 574 1346 627 sanattdum
1410 576 1670 628 medelam
1743 577 1970 638 seligere
2027 578 2311 645 possimus.
2347 585 2438 644 A3

2302 619 2311 630 .
2347 585 2388 638 Α
2419 580 2544 644 γὰρ,
2578 579 2729 646 φησι,
2774 577 3141 628 καταπαύσει
3176 577 3455 644 ἁμαρτίας
3488 574 3772 644 μεγάλας.
3811 572 3985 626 Ἀλλά

760 663 1020 717 Medicina
1068 666 1241 726 enim,
1279 666 1452 734 inquit
1503 665 1780 736 Scriptura
1807 708 1820 729 ,
1855 667 2050 720 sedabit
2103 681 2310 731 peccatu

756 772 944 823 inagna
979 756 1044 809 '°.
1081 757 1236 809 Aliud
1279 757 1437 826 igitur
1475 759 1740 826 prophetae
1778 760 1999 815 docent.
2046 758 2184 810 aliud
2219 759 2298 810 hi-

755 846 966 909 storici,
999 847 1141 899 aliud
1175 847 1253 901 lex
1279 889 1293 910 ,
1331 850 1474 902 aliud
1501 851 1704 917 species
1729 850 1843 916 ejus
1868 866 1982 918 qua:
2017 852 2065 902 in
2098 851 2315 904 Prover-

756 935 861 989 biis
888 935 1155 990 invenitur
1181 941 1589 994 exhortationis.
1620 943 1688 992 At
1730 941 1985 1009 quidquid
2017 941 2066 993 in
2104 943 2311 993 cactcris

760 1030 891 1082 utile
922 1039 1039 1092 est,
1073 1031 1160 1083 hic
1206 1048 1339 1084 unus
1372 1031 1702 1086 Psalmorum
1745 1033 1882 1086 liber
1924 1033 2313 1100 t-Oinplectitur.

764 1118 1096 1176 Vaticinatur
1125 1122 1323 1187 futura,
1356 1126 1563 1179 animos
1593 1135 1810 1180 revocat
1853 1126 1916 1178 ad
1947 1126 2182 1179 historice
2208 1140 2316 1178 me-

762 1214 986 1267 moriam
1011 1255 1024 1277 ,
1061 1217 1360 1283 pra'scribit
1392 1217 1513 1270 vitae
1550 1218 1889 1271 instituenda:
1918 1218 2129 1269 modum
2159 1234 2171 1270 :
2200 1231 2317 1282 quzc

761 1314 886 1358 sunt
917 1307 1119 1374 agenda
1168 1311 1426 1377 suggerit.
1457 1311 1522 1363 Et
1551 1327 1657 1365 uno
1682 1311 1868 1375 verbo,
1895 1312 2026 1365 liber
2058 1313 2141 1364 hic
2171 1327 2315 1364 com-

763 1409 924 1451 mune
951 1398 1216 1467 quoddam
1253 1411 1333 1453 est
1372 1405 1522 1454 bona:
1555 1403 1808 1456 doctrinae
1849 1403 2270 1471 promptuarium
2304 1419 2317 1455 :

762 1489 852 1556 qui
880 1489 1134 1558 quidquid
1173 1493 1390 1544 cuilibet
1425 1493 1760 1561 profuturum
1791 1496 1894 1558 sit,
1929 1495 2210 1563 diligenter
2235 1493 2318 1546 of-

760 1576 882 1630 fert.
909 1575 1041 1630 Nam
1082 1579 1319 1647 antiquis
1352 1583 1652 1636 animarum
1684 1584 1994 1638 vulneribus
2027 1585 2265 1638 medetur
2303 1602 2314 1636 :

760 1675 1060 1731 promptam
1103 1685 1267 1736 nuper
1299 1671 1569 1726 vulnerato
1607 1674 1893 1726 sanitatem
1929 1675 2101 1726 reddit
2139 1677 2318 1742 :quod

762 1769 959 1823 a‘grum
994 1768 1075 1810 est
1104 1759 1242 1813 fovet
1264 1803 1276 1822 ,
1309 1764 1447 1830 quod
1496 1779 1622 1816 vero
1655 1764 1918 1816 incolume
1943 1775 1994 1816 et
2022 1763 2312 1833 integrtun,

762 1860 1064 1899 conservat.
1097 1851 1159 1902 Et
1184 1852 1394 1903 tandem
1428 1854 1513 1905 hic
1545 1854 1694 1915 liber,
1732 1859 1901 1921 quoad
1937 1855 2047 1922 rjus
2081 1858 2191 1909 ﬁeri
2219 1870 2316 1925 po-

765 1945 870 1988 test
897 1977 910 1996 ,
945 1954 1135 2006 pravos
1169 1952 1378 1996 coercet
1411 1942 1649 2005 affectus,
1689 1948 1775 2013 qui
1810 1963 1903 2014 per
1931 1947 2200 1999 hominum
2242 1947 2316 1998 vi-

767 2037 871 2079 tam
911 2028 960 2080 in
993 2031 1199 2084 animos
1231 2034 1374 2086 varie
1409 2044 1753 2100 grassantur:
1786 2046 1943 2104 atque
1976 2037 2023 2088 id
2049 2051 2166 2089 cum
2193 2051 2320 2089 con-

763 2117 916 2168 Cinna
960 2122 1184 2185 quadam
1229 2123 1491 2176 suavitate
1532 2134 1690 2192 atque
1741 2126 2013 2192 voluptate
2041 2166 2054 2186 ,
2087 2140 2204 2192 quae
2234 2128 2322 2180 ho-

764 2219 944 2261 nestas
981 2210 1257 2275 ingenerat
1306 2213 1677 2279 cogitationes.
1722 2214 1928 2268 Etenim
1967 2216 2053 2267 ubi
2092 2216 2321 2283 Spiritus

766 2308 980 2351 Sani-tus
1029 2317 1195 2368 genus
1235 2301 1508 2356 hominum
1555 2305 1822 2373 perspexit
1864 2304 1926 2357 ad
1972 2305 2317 2358 excolendam

764 2388 1012 2441 virtutem
1038 2393 1223 2446 adduci
1255 2394 1336 2446 vix
1376 2411 1551 2461 posse,
1584 2408 1634 2450 et
1656 2415 1682 2450 ιι
1723 2399 1875 2452 nobis
1910 2399 1978 2452 ob
2003 2408 2237 2451 nostram
2267 2399 2318 2451 in

771 2480 1096 2547 voluptatem
1145 2487 1553 2552 propensionem
1598 2489 1734 2541 viam
1782 2502 1984 2543 rectam
2014 2490 2316 2554 contemni,

767 2573 894 2638 quid
935 2573 1079 2642 agit?
1107 2575 1378 2646 Dogmatis
1425 2579 1716 2632 immiscuit
1757 2583 2048 2635 harmonia:
2092 2584 2320 2636 dulcedi-

767 2675 914 2721 nem,
961 2673 1017 2715 ut
1056 2679 1234 2718 rerum
1270 2669 1569 2719 auditarum
1596 2669 1924 2734 iucunditate
1955 2688 2018 2723 ac
2045 2672 2320 2725 dulcedine

764 2752 1094 2822 eloquiorum
1149 2758 1430 2812 utilitatem
1499 2763 1799 2815 nescientes
1869 2764 2316 2833 perciperenius:

765 2843 906 2899 haud
933 2846 1089 2903 aliter
1131 2860 1291 2919 atque
1336 2851 1604 2919 sapientes
1642 2855 1869 2920 medici,
1900 2854 1992 2923 qui
2061 2870 2321 2910 nausean-

763 2939 906 2994 tibus
936 2941 1204 3007 potionem
1243 2945 1558 3000 amariorem
1602 2948 1809 3011 daturi,
1849 2949 2044 3016 saepius
2092 2949 2315 3004 calicem

767 3031 924 3085 melle
956 3033 1381 3090 circumliniunt.
1414 3038 1535 3090 ldeo
1579 3039 1828 3091 concinni
1868 3040 1940 3092 illi
1990 3041 2316 3109 psalmorum

766 3131 1063 3178 concentus
1111 3125 1399 3194 excogitati
1453 3127 1607 3180 nobis
1652 3139 1805 3191 sunt,
1837 3140 1894 3181 ut
1941 3131 1976 3183 ii
2029 3132 2118 3199 qui
2168 3133 2316 3200 pueri

763 3225 887 3266 sunt
911 3223 1085 3278 aetate,
1115 3225 1207 3268 aut
1233 3217 1392 3269 etiam
1415 3219 1633 3270 omnino
1667 3216 1905 3271 moribus
1931 3224 2313 3287 suntjuvenes,
2345 3241 2385 3299 (ς

766 3304 891 3358 dum
923 3307 974 3359 in
997 3307 1228 3375 speciem
1269 3309 1483 3377 quidem
1509 3318 1758 3373 cantant,
1790 3310 1962 3378 reipsa
1997 3319 2168 3364 tamen
2201 3314 2312 3366 ani-

771 3412 886 3450 mas
915 3399 1166 3451 erudiant
1198 3413 1343 3453 suas.
1378 3398 1475 3452 Vix
1515 3401 1658 3453 enim
1697 3416 1927 3468 unquam
1964 3415 2098 3454 unus
2133 3403 2322 3470 aliquis

764 3504 793 3541 e
824 3489 1002 3542 multis
1037 3501 1092 3543 et
1139 3506 1204 3543 ex
1246 3490 1520 3545 desidibus
1568 3492 1843 3557 discessit,
1879 3494 1968 3561 qui
2002 3503 2321 3562 praeceptum

769 3583 1121 3650 apostolicum
1155 3593 1247 3635 aut
1274 3584 1641 3651 propheticum
1675 3587 1930 3639 memoria
1967 3586 2196 3640 retineat
2225 3603 2237 3637 :
2271 3596 2325 3639 at

766 3673 1094 3742 psalmorum
1119 3673 1330 3726 oracula
1359 3686 1409 3727 et
1442 3676 1582 3728 domi
1613 3677 1966 3738 modulantur,
2000 3688 2053 3732 et
2077 3677 2128 3731 in
2150 3677 2321 3731 lorum

770 3765 1178 3821 circumferunt.
1209 3765 1274 3818 Et
1295 3765 1502 3817 etiamsi
1535 3766 1653 3831 quis
1689 3767 1738 3817 in
1774 3767 1897 3821 ferte
1933 3771 2146 3822 modum
2170 3767 2323 3823 valde

771 3867 984 3922 testuet,
1021 3857 1107 3910 ubi
1140 3855 1358 3925 psalmis
1389 3856 1678 3910 demulceri
1710 3860 1952 3925 coeperit,
1987 3861 2164 3914 statim
2191 3876 2318 3915 con-

765 3950 936 4018 sepita
963 3961 1055 4014 per
1083 3947 1360 4001 melodiam
1385 3946 1545 3999 animi
1573 3945 1783 3999 feritate
1808 3947 1941 4000 abit.

835 4040 889 4093 2.
931 4038 1175 4093 Psalmus
1229 4036 1584 4105 tranquillitas
1648 4051 1729 4089 est
1780 4038 2115 4101 animarum,
2173 4041 2322 4109 pacis

769 4131 992 4192 arbiter,
1063 4129 1412 4181 tumultuosos
1482 4128 1921 4197 turbulciitasque
1973 4131 2322 4199 cogitationes

767 4221 1081 4290 compescit.
1135 4220 1201 4275 Ut
1230 4224 1471 4289 reprimit
1511 4223 2011 4277 excandescentiam
2055 4233 2107 4276 et
2158 4223 2319 4276 animi

767 4313 1204 4374 concitationem,
1265 4311 1335 4364 ita
1400 4313 1672 4364 lasciviam
1744 4313 1997 4368 refrenat.
2046 4313 2323 4366 Amicitias

768 4407 1017 4461 conciliat
1051 4406 1316 4473 psalmus:
1360 4405 1632 4460 consociat
1666 4405 1983 4458 dissidentes
2010 4444 2023 4468 ,
2059 4405 2197 4457 inter
2227 4405 2323 4456 ini-

771 4500 938 4552 micos
991 4499 1218 4568 gratiam
1281 4496 1574 4566 componit.
1605 4494 1735 4561 Quis
1789 4494 1928 4546 cnim
1972 4496 2144 4549 adhuc
2200 4511 2320 4548 eum

2422 670 2516 735 μὲν
2545 667 2634 721 οὖν
2672 670 2942 736 προφῆται
3007 669 3333 728 παιδεύουσι,
3379 669 3469 719 καὶ
3512 667 3642 721 ἄλλα
3695 667 3983 735 ἱστορικοὶ,

2419 761 2510 810 καὶ
2542 763 2569 810 ό
2597 761 2755 828 νόμος
2788 762 2970 829 ἕτερα,
3003 760 3096 811 καὶ
3129 759 3261 812 ἄλλα
3289 760 3348 811 τὸ
3385 756 3519 822 εἶδος
3549 763 3644 829 τῆς
3690 777 3988 829 παροιμια-

2418 851 2518 916 κῆς
2545 851 2930 920 παραινέσεως.
2988 851 3049 902 'H
3083 851 3137 902 δὲ
3170 850 3275 901 τῶν
3318 849 3558 918 Ψαλμῶν
3602 849 3777 918 βίϐλος
3819 849 3881 900 τὸ
3923 850 3988 900 ὲκ

2419 942 2635 993 πάντων
2686 942 2952 1011 ιῦιγιέλιμον
2997 942 3331 1012 περιείληφε.
3378 941 3708 1010 Προφητεύει
3753 940 3820 992 τὰ
3855 939 3985 1009 μὲλ-

2417 1034 2609 1085 λονται
2649 1033 2884 1100 ἱστορίας
2919 1034 3351 1103 ὑπομιμνήσκει·
3403 1030 3678 1100 νομοθετεῖ
3721 1029 3797 1100 τῷ
3847 1031 3985 1100 βίῳ·

2420 1124 2726 1176 ὑποτίθεται
2761 1125 2827 1176 τά
2860 1125 3103 1191 πρακτέα
3126 1141 3138 1153 ·
3178 1125 3271 1176 καὶ
3321 1121 3653 1185 ἁπαξαπλῶς
3690 1123 3865 1174 κοινὸν
3894 1141 3992 1174 τα-

2423 1215 2590 1284 μιεῖόν
2625 1218 2770 1267 ἐστιν
2793 1215 3010 1282 ἀγαθῶν
3033 1215 3182 1283 διδαγ
3191 1216 3371 1285 μάτων
3391 1254 3404 1276 ,
3427 1214 3485 1266 τὸ
3514 1213 3725 1282 ἑκάστῳ
3755 1213 3854 1282 πρέ
3867 1231 3992 1280 σφο-

2422 1326 2510 1377 ρον
2556 1306 2695 1360 κατὰ
2745 1307 2842 1376 τὴν
2873 1306 3184 1374 ἐπιμέλειαν
3215 1306 3619 1377 ἐξευρίσκουσα.
3652 1306 3729 1356 Τά
3771 1320 3830 1355 τε
3879 1303 3992 1373 γὰρ

2423 1397 2623 1449 παλαιὰ
2657 1397 2940 1467 τραύματα
2991 1397 3095 1448 τῶν
3137 1398 3318 1467 ψυχῶν
3352 1398 3587 1462 eadem,
3635 1396 3727 1449 καὶ
3760 1395 3838 1464 τῷ
3874 1411 3991 1445 νεο-

2422 1488 2608 1558 τρώτῳ
2634 1491 2851 1558 ταχεῖαν
2878 1489 3070 1556 ἐπάγει
3103 1488 3211 1556 (86)
3242 1488 3335 1557 τὴν
3363 1489 3729 1559 ἐπανόρθωσιν
3751 1529 3766 1550 ,
3799 1487 3896 1538 καὶ
3929 1487 3993 1538 τὸ

2422 1579 2702 1646 νενοσηκὸς
2744 1583 3138 1650 περιποιεῖται,
3190 1580 3282 1630 καὶ
3327 1579 3386 1631 τὸ
3419 1581 3670 1650 ἀκέραιον
3702 1577 3986 1639 διασώζειο

2422 1671 2512 1720 καὶ
2543 1669 2675 1731 ὅλως
2705 1670 2909 1740 ἐξαιρεῖ
2936 1673 3002 1724 τὰ
3031 1670 3196 1740 πάθη,
3226 1669 3342 1722 καθ’
3371 1671 3491 1722 ὅσον
3523 1666 3632 1723 οἷόν
3670 1689 3749 1733 τε,
3781 1670 3850 1722 τὰ
3879 1687 3994 1722 ποι-

2422 1760 2585 1823 κίλως
2610 1765 2726 1822 ταῖς
2749 1763 2945 1831 ψυχαῖς
2975 1764 3031 1814 ὲν
3061 1763 3133 1832 τῷ
3171 1761 3268 1831 βίῳ
3303 1760 3407 1813 τῶν
3442 1762 3534 1814 ἀνθ
3547 1763 3737 1832 ρώπων
3768 1763 3988 1815 ἐνδυναο

2425 1851 2681 1903 στεύοντα
2711 1870 2720 1880 ·
2752 1854 2844 1905 καὶ
2876 1853 3030 1906 τοῦτο
3078 1852 3214 1924 μετά
3247 1870 3387 1913 τινος
3415 1853 3764 1922 ψυχαγωγίας
3811 1856 3991 1922 ἐμμε-

2422 1943 2545 2005 λοῦς
2601 1944 2691 1995 καὶ
2753 1944 2941 2014 ἡδονῆς
3007 1945 3255 2016 σώφρονα
3317 1944 3569 2012 λογισμὸν
3634 1942 3990 2011 ἐμποιούσης.

2434 2034 2649 2104 Ἐπειδὴ
2709 2034 2816 2104 γὰρ
2867 2031 2969 2089 εἶδε
3019 2037 3076 2088 τὸ
3128 2034 3346 2104 Πνεῦμα
3385 2034 3442 2085 τὸ
3485 2034 3633 2100 ἆγιον
3674 2032 3991 2099 δυσάγωγον

2422 2123 2554 2192 πρὸς
2576 2125 2775 2194 ἀρετὴν
2804 2123 2864 2174 τὸ
2891 2123 3042 2191 γένος
3069 2124 3170 2176 τῶν
3199 2123 3516 2195 ἀνθρώπων,
3539 2123 3629 2175 καὶ
3658 2121 3742 2173 διὰ
3767 2123 3827 2172 τὸ
3852 2123 3992 2191 πρὸς

2421 2215 2608 2284 ἡδονὴν
2671 2215 2966 2286 ἐπιρῤεπὲς
3019 2214 3109 2267 τοῦ
3161 2215 3318 2284 ὀρθοῦ
3383 2216 3494 2285 βίου
3551 2211 3992 2283 καταμελοῦντας

2421 2309 2598 2375 ἡμᾶς·
2661 2308 2712 2358 τί
2747 2309 2919 2372 ποιεῖ;
2955 2307 3027 2359 Τὸ
3077 2309 3140 2360 ὲκ
3176 2309 3271 2378 τῆς
3302 2308 3562 2378 μελῳδίας
3607 2305 3836 2376 τερπνὸν
3881 2307 3994 2366 τοῖς

2418 2396 2677 2466 δόγμασιν
2715 2397 3086 2466 ἐγκατέμιξεν,
3124 2397 3209 2448 ἵνα
3234 2396 3308 2465 τῷ
3340 2399 3594 2466 προσηνεῖ
3623 2397 3715 2448 καὶ
3742 2394 3868 2462 λείῳ
3892 2396 3993 2462 τῆς

2419 2488 2584 2557 ἀκοῆς
2615 2490 2672 2541 τὺ
2701 2492 2762 2541 ἐκ
2792 2489 2897 2542 τῶν
2933 2491 3103 2558 λόγων
3141 2488 3408 2557 ὠφέλιμον
3449 2487 3815 2549 λανθανόντως
3853 2486 3990 2537 ὑπο-

2418 2579 2691 2648 δεξῶμεθα
2712 2596 2722 2606 ·
2749 2580 2885 2632 κατὰ
2908 2581 3032 2643 τοὺς
3056 2581 3249 2648 σοφοὺς
3272 2579 3378 2631 τῶν
3402 2579 3614 2648 ἰατρῶν,
3636 2580 3706 2637 οἳ,
3729 2577 3836 2630 τῶν
3857 2593 3995 2647 φαρ-

2425 2671 2608 2735 μάκων
2632 2671 2698 2722 τὰ
2734 2673 3104 2741 αὑστηρότερα
3142 2672 3310 2724 πίνειν
3345 2671 3573 2732 διδόντες
3613 2673 3722 2731 τοῖς
3761 2668 3992 2721 κακοσί-

2420 2773 2552 2817 τοις,
2587 2757 2758 2825 μέλιτι
2805 2759 3059 2820 πολλάκις
3109 2760 3204 2828 τὴν
3247 2759 3440 2812 κύλικα
3483 2759 3840 2828 περιχρίουσι.
3893 2755 3994 2808 Διὰ

2418 2845 2574 2897 τοῦτο
2602 2845 2668 2896 τὰ
2709 2847 3000 2916 ἐναρμόνια
3041 2848 3210 2900 ταῦτα
3267 2850 3398 2918 μέλη
3433 2849 3540 2900 τῶν
3589 2848 3814 2917 ψαλμῶν
3860 2847 3994 2915 ἡμῖν

2419 2936 2776 3006 ἐπινενόηται,
2809 2937 2893 2988 ἵνα
2940 2937 2988 2987 οἱ
3038 2937 3145 3007 (87)
3196 2938 3380 2999 παῖδες
3415 2938 3509 3006 τὴν
3538 2939 3780 3007 ἡλικίαν,
3818 2939 3850 3006 ἧ
3900 2939 3996 2988 καὶ

2418 3027 2552 3089 ὅλως
2592 3030 2638 3079 οἱ
2667 3030 2846 3098 νεαροὶ
2874 3029 2931 3080 τὸ
2959 3024 3107 3099 ἦθος,
3129 3027 3206 3096 τῷ
3241 3029 3336 3096 μὲν
3371 3028 3542 3078 δοκεῖν
3581 3027 3888 3095 μελῳδῶσι,
3925 3029 3992 3096 τῇ

2417 3119 2474 3170 δὲ
2500 3119 2723 3188 ἀληθεία
2744 3120 2840 3182 τὰς
2870 3120 3043 3190 ψυχὰς
3070 3117 3512 3172 ἐκπαιδεύωνται.
3545 3116 3682 3172 Οὖτε
3721 3116 3829 3186 γὰρ
3855 3117 3992 3168 ἀπο-

2423 3209 2661 3262 στολικόν
2684 3228 2764 3273 τις
2795 3211 2914 3263 οὔτε
2944 3213 3273 3281 προφητικὸν
3315 3209 3681 3282 παράγγελμα
3710 3208 3816 3261 τῶν
3859 3210 3992 3260 πολ-

2423 3299 2528 3351 λῶν
2584 3299 2679 3351 καὶ
2732 3299 2986 3369 ῥᾳθύμων
3043 3301 3236 3368 ῥαδίως
3288 3300 3416 3354 ποτὲ
3471 3304 3534 3370 τῇ
3586 3302 3772 3372 μνήμῃ
3818 3317 3992 3352 κατα-

2424 3389 2562 3459 σχὼν
2610 3389 2718 3459 (88)
2780 3387 3017 3457 ἀπῆλθε·
3066 3389 3132 3440 τὰ
3175 3389 3232 3440 δὲ
3281 3390 3387 3441 τῶν
3424 3391 3649 3459 ψαλμῶν
3703 3390 3856 3458 λόγια
3896 3390 3992 3440 καὶ

2422 3483 2540 3532 κατ’
2574 3478 2719 3534 οἷκον
2754 3479 3066 3551 μελῳδοῦσι,
3122 3481 3216 3531 καὶ
3250 3481 3339 3531 ἐπὶ
3372 3482 3471 3548 τῆς
3512 3483 3714 3552 ἀγορᾶς
3763 3481 3990 3552 περιφέο

2425 3587 2575 3639 ρουσι
2595 3589 2606 3601 ’
2646 3573 2737 3625 καί
2763 3571 2861 3624 πού
2893 3589 2973 3636 τις
3004 3570 3111 3623 τῶν
3147 3569 3349 3640 σφόδρα
3377 3570 3860 3639 ὲκτεθηριωμένων
3888 3570 3992 3621 ὑπὸ

2423 3661 2614 3731 θυμοῦ,
2651 3664 2864 3716 ἐπειδὰν
2909 3665 3136 3734 ἄρξηται
3191 3661 3268 3732 τῷ
3313 3661 3510 3731 ψαλμῷ
3567 3660 3992 3730 κατεπᾲδεσθαι,

2423 3753 2659 3824 ἀπῆλθεν
2713 3755 2894 3818 εὐθὺς,
2923 3757 2982 3807 τὸ
3015 3757 3260 3826 ἀγριαίον
3305 3755 3403 3824 τῆς
3442 3755 3616 3824 ψυχῆς
3653 3757 3719 3824 τῇ
3758 3751 3993 3823 μελῳδίᾳ

2424 3844 2817 3914 κατακοιμίσας
2847 3845 2974 3914 (89).

2490 4031 2543 4083 2.
2575 4028 2802 4098 Ψαλμὸς
2835 4025 3040 4096 γαλήνη
3073 4027 3286 4096 ψυχῶν,
3317 4029 3614 4099 βρ-αὸευτης
3658 4030 3900 4100 εἰρήνης,
3933 4031 3994 4082 τὸ

2423 4123 2681 4193 θορυϐοῦν
2707 4124 2799 4174 καὶ
2847 4123 3104 4190 κυμαῖνον
3139 4120 3242 4172 τῶν
3283 4120 3552 4189 λογισμῶν
3592 4123 3990 4177 καταστέλλων.

2422 4214 2702 4266 Μαλάσσει
2741 4212 2838 4280 μὲν
2885 4211 2992 4280 γάρ
3019 4208 3116 4278 τῆς
3142 4209 3315 4279 ψυχῆς
3359 4209 3416 4260 τὸ
3445 4210 3783 4280 θυμούμενον
3802 4253 3815 4276 ,
3848 4214 3908 4265 τὸ
3937 4213 3993 4265 δὲ

2421 4306 2715 4358 ἀκόλαστον
2756 4302 3092 4373 σωφρονίζει.
3137 4301 3364 4371 Ψαλμὸς
3421 4301 3600 4369 φιλίας
3658 4305 3990 4370 συναγωγος,

2422 4398 2611 4459 ἓνωσις
2650 4396 2970 4461 διεστώτων,
3007 4395 3394 4466 ὲχθραινόντων
3437 4393 3865 4464 διαλλακτήριον.
3898 4396 3992 4457 Τίς

2423 4488 2532 4557 γὰρ
2560 4487 2637 4539 ἔτι
2664 4487 2852 4557 ἐχθρὸν
2876 4485 3122 4556 ἡγεῖσθαι
3155 4484 3374 4536 δύναται
3411 4483 3526 4552 μεθ’
3557 4478 3616 4535 οὗ
3651 4483 3778 4553 μίαν
3808 4483 3988 4551 ἀφῆκε

769 4605 998 4660 quocum
1036 4605 1194 4641 unam
1228 4588 1294 4642 ad
1331 4588 1494 4642 Deum
1531 4604 1712 4641 vocem
1743 4587 1944 4647 emisit,
1971 4587 2085 4640 loco
2123 4587 2323 4642 inimici
2362 4577 2401 4628 ὓ
2430 4596 2452 4628 τ

2311 4587 2323 4638 i
2362 4577 2401 4628 D
2430 4579 2562 4649 πρὸς
2588 4580 2714 4631 ςῠεον
2747 4579 2842 4648 τὴν
2884 4582 3103 4648 qun/qv;
3155 4579 3313 4628 Ὥστε
3348 4579 3439 4628 καὶ
3483 4578 3542 4628 τὸ
3595 4578 3854 4646 μέγιστον
3886 4579 3990 4628 τῶν

769 4685 969 4739 habere
997 4681 1198 4750 possit?
1226 4680 1406 4747 Itaque
1437 4691 1489 4733 et
1532 4681 1789 4734 bonorum
1825 4679 2112 4731 maximum
2153 4679 2325 4732 chari-

772 4785 933 4830 tatem
975 4770 1226 4826 conciliat
1256 4769 1578 4837 psalmorum
1617 4780 1804 4824 cantus
1828 4810 1842 4835 ,
1885 4769 1974 4837 qui
2005 4781 2322 4823 concentum

773 4881 874 4922 ceu
899 4864 1162 4932 quoddam
1203 4861 1308 4931 91
1339 4860 1607 4913 vinculum
1642 4862 1706 4914 ad
1753 4861 2090 4914 concordiam
2141 4862 2322 4914 ineun-

766 4959 889 5013 dam
919 4955 1186 5011 adiuvenit
1213 4994 1228 5018 ,
1276 4953 1634 5022 pepulumque
1673 4953 1740 5004 ad
1780 4951 1927 5005 chori
1976 4952 2132 5006 unius
2177 4967 2319 5023 sym-

765 5050 1021 5121 phoniam
1057 5048 1364 5116 congregat.
1425 5044 1700 5098 Dzemones
1751 5044 1986 5110 psalmus
2021 5045 2190 5114 fugat,
2229 5061 2316 5098 ac—

769 5140 935 5196 cersit
1003 5135 1312 5204 angelorum
1386 5133 1767 5201 patrocinium;
1832 5131 2100 5183 ministrat
2171 5145 2319 5184 arma

766 5238 956 5287 contra
985 5238 1278 5282 nocturnos
1325 5224 1571 5284 timores.
1618 5223 1928 5276 diurnorum
1981 5223 2213 5276 laborum
2241 5232 2322 5277 est

769 5318 1028 5386 requies:
1080 5313 1362 5368 infantium
1417 5311 1695 5375 securitas,
1747 5322 2120 5365 ornamentum
2167 5311 2320 5380 jure-

828 5451 875 5484 ³⁸
888 5452 1065 5507 Eccle.
1096 5467 1126 5504 χ
1145 5490 1160 5514 ,
1187 5451 1241 5504 4.

843 5585 955 5656 (86)
990 5587 1120 5652 Reg.
1163 5587 1427 5640 secundus
1456 5586 1733 5652 ἐπανάγει.
1769 5585 1963 5656 Ibidem
2007 5584 2319 5656 iuAutraqnc

773 5653 1011 5714 editione
1047 5656 1206 5710 Basil.
1234 5669 1285 5708 et
1330 5657 1495 5707 l’aris.
1550 5659 1616 5706 ita
1667 5656 1875 5719 legitur,
1922 5653 2312 5721 ἐπανόρθωσιν·

772 5730 870 5784 καὶ
893 5727 952 5781 τὸ
974 5728 1254 5795 νενοσηκὸς
1278 5729 1654 5795 περιποιεῖται.
1698 5726 1798 5795 Sed
1829 5725 1934 5786 illa,
1969 5723 2060 5775 καὶ
2080 5721 2157 5781 τό,
2191 5738 2319 5782 ctc..

779 5799 835 5855 in
865 5798 1063 5868 nostris
1091 5813 1222 5868 mss.
1247 5794 1357 5848 non
1399 5798 1750 5868 reperiuntur.
1783 5794 2007 5868 Undesi
2049 5795 2130 5868 cui
2180 5795 2325 5843 vidc-

782 5875 970 5924 rentur
999 5867 1358 5926 additamenta
1388 5881 1506 5921 csse
1552 5866 1912 5927 librariorum,
1947 5865 1997 5917 iu
2046 5865 2158 5928 ejus
2200 5879 2323 5915 scn-

2432 4669 2647 4737 ἀγαθῶν
2693 4671 2790 4740 τὴν
2823 4670 3041 4739 ἀγάπην
3073 4671 3105 4737 ὴ
3137 4667 3425 4737 ψαλμῳδία
3472 4669 3787 4738 παρέχεται,
3831 4671 3992 4720 οἱονεὶ

2431 4759 2720 4830 σύνδεσμον
2768 4777 2884 4811 τινα
2914 4760 3047 4830 πρὸς
3085 4760 3181 4829 τὴν
3215 4760 3402 4811 ἕνωσιν
3439 4761 3535 4829 τὴν
3573 4760 3830 4829 συνῳδίαν
3872 4763 3988 4811 ἐπι-

2428 4854 2683 4921 νοήσασα,
2745 4852 2837 4904 καὶ
2890 4853 2968 4914 εἰς
3017 4851 3131 4914 ἐνὸς
3162 4851 3321 4922 χοροῦ
3373 4851 3686 4919 συμςιωνίαν
3735 4850 3825 4903 τὸν
3866 4850 3990 4903 λαὸν

2431 4942 2859 5011 αυναρμόζουσα.
2909 4942 3134 5012 Ψαλμὸς
3195 4943 3458 5011 δαιμόνων
3530 4942 3990 5012 φυγαδευτήριον,

2423 5033 2520 5102 τῆς
2550 5032 2655 5085 τῶν
2687 5032 2931 5100 ἀγγέλων
2954 5035 3198 5104 βοηθείας
3223 5037 3481 5102 ἐπαγωγή
3501 5049 3512 5060 ⁸
3536 5033 3696 5085 ὅπλον
3724 5037 3780 5086 ὲν
3811 5038 3992 5104 φόϐοις

2427 5127 2777 5194 νυκτερινοῖς,
2826 5125 3127 5187 ἀνάπαυσις
3182 5127 3363 5176 κόπων
3413 5127 3718 5196 ἡμερινῶν·
3780 5129 3992 5196 νηπίοις

2427 5219 2688 5287 ἀσφάλεια
2711 5259 2726 5284 ,
2753 5220 3088 5288 ἀκμάζουσιν
3115 5218 3539 5290 ἐγκαλλώπισμα
3557 5261 3573 5284 ,
3601 5238 3698 5288 πρε
3711 5221 3992 5292 σϐυτέροις

2428 5311 2761 5382 παρηγορία,
2797 5313 3006 5379 γυναιξὶ
3029 5313 3226 5382 κόσμος
3257 5311 3674 5380 ἁρμοδιώτατος.
3723 5311 3834 5374 Τὰς
3869 5316 3992 5387 ἐρη-

2430 5582 2646 5634 lentiant
2675 5579 2827 5632 facile
2855 5577 3225 5628 t'OtICCtlel‘CttI.

2501 5650 2610 5716 (87)
2642 5648 2862 5699 Codices
2895 5649 2998 5698 duo
3024 5645 3097 5706 ὡς
3125 5646 3195 5696 οἱ.

2500 5713 2609 5783 (88)
2649 5718 2842 5772 Unuse
2871 5717 3194 5768 Colbcrtmis
3244 5713 3705 5784 παρακατασχὼν,

2503 5793 2611 5857 (81!)
2649 5788 2824 5843 Codex
2859 5804 2990 5839 unos
3016 5785 3434 5852 κατακοιμήσας.
