  <div class='ocr_page' id='page_1' title='image "/cluster/home/n/w/nwhite01/storage/ocr_20150623/29/uva.x004321530/526.png"; bbox 0 0 4262 6512; ppageno 0'>
   <div class='ocr_carea' id='block_1_1' title="bbox 273 453 383 512">
    <p class='ocr_par' dir='ltr' id='par_1_1' title="bbox 273 453 383 512">
     <span class='ocr_line' id='line_1_1' title="bbox 273 453 383 512; baseline 0.036 -4"><span class='ocrx_word' id='word_1_1' title='bbox 273 453 383 512; x_wconf 76' lang='grc'><strong>215</strong></span> 
     </span>
    </p>
   </div>
   <div class='ocr_carea' id='block_1_2' title="bbox 1482 453 2313 517">
    <p class='ocr_par' dir='ltr' id='par_1_2' title="bbox 1482 453 2313 517">
     <span class='ocr_line' id='line_1_2' title="bbox 1482 453 2313 517; baseline 0.012 -10"><span class='ocrx_word' id='word_1_2' title='bbox 1482 453 1766 509; x_wconf 80' lang='lat' dir='ltr'><strong>HOMILIA</strong></span> <span class='ocrx_word' id='word_1_3' title='bbox 1803 453 1870 506; x_wconf 85' lang='lat' dir='ltr'><strong>IN</strong></span> <span class='ocrx_word' id='word_1_4' title='bbox 1912 455 2239 517; x_wconf 78' lang='lat' dir='ltr'><strong>PSALMUM</strong></span> <span class='ocrx_word' id='word_1_5' title='bbox 2273 463 2313 517; x_wconf 93' lang='grc'>1.</span> 
     </span>
    </p>
   </div>
   <div class='ocr_carea' id='block_1_3' title="bbox 3396 461 3502 512">
    <p class='ocr_par' dir='ltr' id='par_1_3' title="bbox 3396 461 3502 512">
     <span class='ocr_line' id='line_1_3' title="bbox 3396 461 3502 512; baseline 0 0"><span class='ocrx_word' id='word_1_6' title='bbox 3396 461 3502 512; x_wconf 69' lang='grc'><strong>214</strong></span> 
     </span>
    </p>
   </div>
   <div class='ocr_carea' id='block_1_4' title="bbox 277 567 1960 644">
    <p class='ocr_par' dir='ltr' id='par_1_4' title="bbox 277 567 1960 642">
     <span class='ocr_line' id='line_1_4' title="bbox 277 567 1960 642; baseline 0.005 -23"><span class='ocrx_word' id='word_1_7' title='bbox 277 571 409 641; x_wconf 79' lang='grc' dir='ltr'>μίας</span> <span class='ocrx_word' id='word_1_8' title='bbox 454 570 668 634; x_wconf 76' lang='grc' dir='ltr'><strong>οἰκίζει,</strong></span> <span class='ocrx_word' id='word_1_9' title='bbox 731 567 829 630; x_wconf 76' lang='grc' dir='ltr'><strong>τὰς</strong></span> <span class='ocrx_word' id='word_1_10' title='bbox 884 567 1085 638; x_wconf 78' lang='grc' dir='ltr'>ἀγορὰς</span> <span class='ocrx_word' id='word_1_11' title='bbox 1145 567 1502 639; x_wconf 77' lang='grc' dir='ltr'><strong>σωφρονίζει·</strong></span> <span class='ocrx_word' id='word_1_12' title='bbox 1561 570 1960 642; x_wconf 77' lang='grc' dir='ltr'>εἰσαγομέ-Αι</span> 
     </span>
    </p>
   </div>
   <div class='ocr_carea' id='block_1_5' title="bbox 1818 567 3501 644">
    <p class='ocr_par' dir='ltr' id='par_1_5' title="bbox 1818 575 3501 644">
     <span class='ocr_line' id='line_1_5' title="bbox 1818 575 3501 644; baseline -0.002 -13"><span class='ocrx_word' id='word_1_13' title='bbox 1818 600 1848 617; x_wconf 53' lang='grc' dir='ltr'><strong>ν-</strong></span> <span class='ocrx_word' id='word_1_14' title='bbox 1874 576 1921 631; x_wconf 78' lang='grc' dir='ltr'><strong>Α</strong></span> <span class='ocrx_word' id='word_1_15' title='bbox 1950 591 2100 644; x_wconf 89' lang='lat' dir='ltr'><strong>num,</strong></span> <span class='ocrx_word' id='word_1_16' title='bbox 2131 593 2318 634; x_wconf 91' lang='lat' dir='ltr'><strong>senum</strong></span> <span class='ocrx_word' id='word_1_17' title='bbox 2347 578 2643 634; x_wconf 77' lang='lat' dir='ltr'><strong>consolatio</strong></span> <span class='ocrx_word' id='word_1_18' title='bbox 2665 617 2677 641; x_wconf 94' lang='lat'><strong>,</strong></span> <span class='ocrx_word' id='word_1_19' title='bbox 2710 577 3273 635; x_wconf 80' lang='lat' dir='ltr'><strong>convenientissimum</strong></span> <span class='ocrx_word' id='word_1_20' title='bbox 3309 575 3501 629; x_wconf 89' lang='lat' dir='ltr'><strong>mulie-</strong></span> 
     </span>
    </p>
   </div>
   <div class='ocr_carea' id='block_1_6' title="bbox 275 661 1842 734">
    <p class='ocr_par' dir='ltr' id='par_1_6' title="bbox 275 661 1842 734">
     <span class='ocr_line' id='line_1_6' title="bbox 275 661 1842 734; baseline 0.001 -18"><span class='ocrx_word' id='word_1_21' title='bbox 275 681 388 726; x_wconf 83' lang='grc' dir='ltr'><strong>νοις</strong></span> <span class='ocrx_word' id='word_1_22' title='bbox 409 663 518 734; x_wconf 84' lang='grc'>(90)</span> <span class='ocrx_word' id='word_1_23' title='bbox 541 661 890 731; x_wconf 83' lang='grc' dir='ltr'>στοιχείωσις,</span> <span class='ocrx_word' id='word_1_24' title='bbox 915 661 1325 731; x_wconf 80' lang='grc' dir='ltr'><strong>προκοπτόντων</strong></span> <span class='ocrx_word' id='word_1_25' title='bbox 1346 663 1590 734; x_wconf 78' lang='grc' dir='ltr'>αὔξησις,</span> <span class='ocrx_word' id='word_1_26' title='bbox 1615 665 1842 717; x_wconf 83' lang='grc' dir='ltr'>τελειου-</span> 
     </span>
    </p>
   </div>
   <div class='ocr_carea' id='block_1_7' title="bbox 279 749 1844 825">
    <p class='ocr_par' dir='ltr' id='par_1_7' title="bbox 279 749 1844 825">
     <span class='ocr_line' id='line_1_7' title="bbox 279 749 1844 825; baseline 0.003 -21"><span class='ocrx_word' id='word_1_27' title='bbox 279 757 454 825; x_wconf 75' lang='grc' dir='ltr'>μένων</span> <span class='ocrx_word' id='word_1_28' title='bbox 478 755 767 821; x_wconf 79' lang='grc' dir='ltr'><strong>στήριγμα,</strong></span> <span class='ocrx_word' id='word_1_29' title='bbox 785 749 1106 822; x_wconf 83' lang='grc' dir='ltr'>Ἐκκλησίας</span> <span class='ocrx_word' id='word_1_30' title='bbox 1134 754 1301 821; x_wconf 79' lang='grc' dir='ltr'>φωνή.</span> <span class='ocrx_word' id='word_1_31' title='bbox 1334 749 1501 818; x_wconf 72' lang='grc' dir='ltr'>Οὗτος</span> <span class='ocrx_word' id='word_1_32' title='bbox 1530 754 1625 817; x_wconf 74' lang='grc' dir='ltr'><strong>τὰς</strong></span> <span class='ocrx_word' id='word_1_33' title='bbox 1655 755 1844 825; x_wconf 83' lang='grc' dir='ltr'>έορτάς</span> 
     </span>
    </p>
   </div>
   <div class='ocr_carea' id='block_1_8' title="bbox 277 838 1840 917">
    <p class='ocr_par' dir='ltr' id='par_1_8' title="bbox 277 838 1840 917">
     <span class='ocr_line' id='line_1_8' title="bbox 277 838 1840 917; baseline 0.002 -20"><span class='ocrx_word' id='word_1_34' title='bbox 277 843 594 914; x_wconf 74' lang='grc' dir='ltr'>φαιδρύνει,</span> <span class='ocrx_word' id='word_1_35' title='bbox 622 838 772 905; x_wconf 71' lang='grc' dir='ltr'>οὗτος</span> <span class='ocrx_word' id='word_1_36' title='bbox 806 843 904 914; x_wconf 75' lang='grc' dir='ltr'>τὴν</span> <span class='ocrx_word' id='word_1_37' title='bbox 947 844 1086 898; x_wconf 88' lang='grc' dir='ltr'><strong>κατά</strong></span> <span class='ocrx_word' id='word_1_38' title='bbox 1123 843 1253 896; x_wconf 82' lang='grc' dir='ltr'>Θεὸν</span> <span class='ocrx_word' id='word_1_39' title='bbox 1295 843 1466 916; x_wconf 80' lang='grc' dir='ltr'>λύπην</span> <span class='ocrx_word' id='word_1_40' title='bbox 1505 845 1840 917; x_wconf 81' lang='grc' dir='ltr'><strong>δημιουργεῖ.</strong></span> 
     </span>
    </p>
   </div>
   <div class='ocr_carea' id='block_1_9' title="bbox 274 935 1844 1008">
    <p class='ocr_par' dir='ltr' id='par_1_9' title="bbox 274 935 1844 1008">
     <span class='ocr_line' id='line_1_9' title="bbox 274 935 1844 1008; baseline 0.003 -20"><span class='ocrx_word' id='word_1_41' title='bbox 274 935 503 1003; x_wconf 70' lang='grc' dir='ltr'>Ψαλμὸς</span> <span class='ocrx_word' id='word_1_42' title='bbox 530 935 637 1007; x_wconf 83' lang='grc' dir='ltr'>γὰρ</span> <span class='ocrx_word' id='word_1_43' title='bbox 670 936 762 988; x_wconf 75' lang='grc' dir='ltr'>καὶ</span> <span class='ocrx_word' id='word_1_44' title='bbox 787 939 850 990; x_wconf 79' lang='grc' dir='ltr'>ἐκ</span> <span class='ocrx_word' id='word_1_45' title='bbox 872 935 1076 1006; x_wconf 81' lang='grc' dir='ltr'>λιθίνης</span> <span class='ocrx_word' id='word_1_46' title='bbox 1109 936 1216 1005; x_wconf 84' lang='grc'>(91)</span> <span class='ocrx_word' id='word_1_47' title='bbox 1246 939 1470 1008; x_wconf 80' lang='grc' dir='ltr'><strong>καρδίας</strong></span> <span class='ocrx_word' id='word_1_48' title='bbox 1499 936 1729 1007; x_wconf 82' lang='grc' dir='ltr'>δάκρυον</span> <span class='ocrx_word' id='word_1_49' title='bbox 1755 941 1844 993; x_wconf 80' lang='grc' dir='ltr'><strong>ὲκ-</strong></span> 
     </span>
    </p>
   </div>
   <div class='ocr_carea' id='block_1_10' title="bbox 283 1027 1842 1103">
    <p class='ocr_par' dir='ltr' id='par_1_10' title="bbox 283 1027 1842 1103">
     <span class='ocr_line' id='line_1_10' title="bbox 283 1027 1842 1103; baseline 0.005 -25"><span class='ocrx_word' id='word_1_50' title='bbox 283 1027 551 1079; x_wconf 83' lang='grc' dir='ltr'>καλεῖται’</span> <span class='ocrx_word' id='word_1_51' title='bbox 584 1027 802 1099; x_wconf 79' lang='grc' dir='ltr'>ψαλμὸς</span> <span class='ocrx_word' id='word_1_52' title='bbox 839 1031 897 1084; x_wconf 85' lang='grc' dir='ltr'><strong>τὺ</strong></span> <span class='ocrx_word' id='word_1_53' title='bbox 940 1030 1048 1083; x_wconf 88' lang='grc' dir='ltr'><strong>τῶν</strong></span> <span class='ocrx_word' id='word_1_54' title='bbox 1093 1028 1336 1096; x_wconf 84' lang='grc' dir='ltr'>ἀγγέλων</span> <span class='ocrx_word' id='word_1_55' title='bbox 1367 1031 1546 1102; x_wconf 74' lang='grc' dir='ltr'>ἔργον,</span> <span class='ocrx_word' id='word_1_56' title='bbox 1589 1030 1649 1082; x_wconf 79' lang='grc' dir='ltr'>τὸ</span> <span class='ocrx_word' id='word_1_57' title='bbox 1677 1032 1842 1103; x_wconf 80' lang='grc' dir='ltr'>οὐρά-</span> 
     </span>
    </p>
   </div>
   <div class='ocr_carea' id='block_1_11' title="bbox 277 1119 1844 1194">
    <p class='ocr_par' dir='ltr' id='par_1_11' title="bbox 277 1119 1844 1194">
     <span class='ocr_line' id='line_1_11' title="bbox 277 1119 1844 1194; baseline 0.006 -26"><span class='ocrx_word' id='word_1_58' title='bbox 277 1135 389 1173; x_wconf 70' lang='grc' dir='ltr'>νίον</span> <span class='ocrx_word' id='word_1_59' title='bbox 420 1119 753 1190; x_wconf 84' lang='grc' dir='ltr'>πολίτευμα,</span> <span class='ocrx_word' id='word_1_60' title='bbox 787 1123 848 1174; x_wconf 83' lang='grc' dir='ltr'>τὸ</span> <span class='ocrx_word' id='word_1_61' title='bbox 897 1121 1260 1189; x_wconf 86' lang='grc' dir='ltr'>πνευματικὸν</span> <span class='ocrx_word' id='word_1_62' title='bbox 1309 1122 1576 1193; x_wconf 88' lang='grc' dir='ltr'>θυμίαμα.</span> <span class='ocrx_word' id='word_1_63' title='bbox 1639 1123 1700 1174; x_wconf 87' lang='grc' dir='ltr'>Ὢ</span> <span class='ocrx_word' id='word_1_64' title='bbox 1746 1124 1844 1194; x_wconf 82' lang='grc' dir='ltr'>τῆς</span> 
     </span>
    </p>
   </div>
   <div class='ocr_carea' id='block_1_12' title="bbox 280 1210 1843 1285">
    <p class='ocr_par' dir='ltr' id='par_1_12' title="bbox 280 1210 1843 1285">
     <span class='ocr_line' id='line_1_12' title="bbox 280 1210 1843 1285; baseline 0.004 -24"><span class='ocrx_word' id='word_1_65' title='bbox 280 1210 451 1279; x_wconf 68' lang='grc' dir='ltr'>σοιρῆς</span> <span class='ocrx_word' id='word_1_66' title='bbox 478 1212 716 1276; x_wconf 73' lang='grc' dir='ltr'>ἐπινοίας</span> <span class='ocrx_word' id='word_1_67' title='bbox 747 1213 840 1266; x_wconf 86' lang='grc' dir='ltr'><strong>τοῦ</strong></span> <span class='ocrx_word' id='word_1_68' title='bbox 874 1211 1211 1277; x_wconf 80' lang='grc' dir='ltr'><strong>διδασκάλου,</strong></span> <span class='ocrx_word' id='word_1_69' title='bbox 1245 1214 1377 1284; x_wconf 85' lang='grc' dir='ltr'>ὁμοῦ</span> <span class='ocrx_word' id='word_1_70' title='bbox 1408 1230 1467 1265; x_wconf 90' lang='grc' dir='ltr'><strong>τε</strong></span> <span class='ocrx_word' id='word_1_71' title='bbox 1516 1212 1661 1283; x_wconf 82' lang='grc' dir='ltr'>ᾄδειν</span> <span class='ocrx_word' id='word_1_72' title='bbox 1696 1217 1843 1285; x_wconf 83' lang='grc' dir='ltr'>ἡμᾶς</span> 
     </span>
    </p>
   </div>
   <div class='ocr_carea' id='block_1_13' title="bbox 280 1302 1842 1376">
    <p class='ocr_par' dir='ltr' id='par_1_13' title="bbox 280 1302 1842 1376">
     <span class='ocr_line' id='line_1_13' title="bbox 280 1302 1842 1376; baseline 0.002 -19"><span class='ocrx_word' id='word_1_73' title='bbox 280 1302 376 1357; x_wconf 66' lang='grc' dir='ltr'>καὶ</span> <span class='ocrx_word' id='word_1_74' title='bbox 419 1303 487 1358; x_wconf 84' lang='grc' dir='ltr'><strong>τά</strong></span> <span class='ocrx_word' id='word_1_75' title='bbox 512 1304 758 1374; x_wconf 80' lang='grc' dir='ltr'>λυσιτελῆ</span> <span class='ocrx_word' id='word_1_76' title='bbox 804 1303 1090 1372; x_wconf 79' lang='grc' dir='ltr'>μανθάνειν</span> <span class='ocrx_word' id='word_1_77' title='bbox 1123 1305 1545 1376; x_wconf 83' lang='grc' dir='ltr'>μηχανωμένουί</span> <span class='ocrx_word' id='word_1_78' title='bbox 1593 1305 1710 1359; x_wconf 85' lang='grc' dir='ltr'>ὅθεν</span> <span class='ocrx_word' id='word_1_79' title='bbox 1751 1308 1842 1360; x_wconf 81' lang='grc' dir='ltr'>καὶ</span> 
     </span>
    </p>
   </div>
   <div class='ocr_carea' id='block_1_14' title="bbox 283 1391 1837 1466">
    <p class='ocr_par' dir='ltr' id='par_1_14' title="bbox 283 1391 1837 1466">
     <span class='ocr_line' id='line_1_14' title="bbox 283 1391 1837 1466; baseline 0.003 -20"><span class='ocrx_word' id='word_1_80' title='bbox 283 1393 478 1462; x_wconf 72' lang='grc' dir='ltr'>μᾶλλόν</span> <span class='ocrx_word' id='word_1_81' title='bbox 504 1414 615 1456; x_wconf 77' lang='grc' dir='ltr'><strong>πως</strong></span> <span class='ocrx_word' id='word_1_82' title='bbox 637 1391 952 1450; x_wconf 83' lang='grc' dir='ltr'>ἐντυποῦται</span> <span class='ocrx_word' id='word_1_83' title='bbox 971 1393 1078 1466; x_wconf 73' lang='grc'>(92)</span> <span class='ocrx_word' id='word_1_84' title='bbox 1092 1399 1209 1460; x_wconf 86' lang='grc' dir='ltr'>ταῖς</span> <span class='ocrx_word' id='word_1_85' title='bbox 1231 1396 1424 1466; x_wconf 68' lang='grc' dir='ltr'>ψυχαῖς</span> <span class='ocrx_word' id='word_1_86' title='bbox 1436 1395 1503 1448; x_wconf 75' lang='grc' dir='ltr'><strong>τὰ</strong></span> <span class='ocrx_word' id='word_1_87' title='bbox 1519 1395 1837 1466; x_wconf 81' lang='grc' dir='ltr'><strong>διδάγματα.</strong></span> 
     </span>
    </p>
   </div>
   <div class='ocr_carea' id='block_1_15' title="bbox 280 1485 1838 1562">
    <p class='ocr_par' dir='ltr' id='par_1_15' title="bbox 280 1485 1838 1562">
     <span class='ocr_line' id='line_1_15' title="bbox 280 1485 1838 1562; baseline 0.003 -26"><span class='ocrx_word' id='word_1_88' title='bbox 280 1486 461 1536; x_wconf 82' lang='grc' dir='ltr'>Βίαιον</span> <span class='ocrx_word' id='word_1_89' title='bbox 507 1486 602 1555; x_wconf 83' lang='grc' dir='ltr'>μὲν</span> <span class='ocrx_word' id='word_1_90' title='bbox 661 1485 767 1555; x_wconf 81' lang='grc' dir='ltr'><strong>γὰρ</strong></span> <span class='ocrx_word' id='word_1_91' title='bbox 817 1485 1043 1558; x_wconf 84' lang='grc' dir='ltr'>μάθημα</span> <span class='ocrx_word' id='word_1_92' title='bbox 1093 1489 1152 1540; x_wconf 82' lang='grc' dir='ltr'>οὐ</span> <span class='ocrx_word' id='word_1_93' title='bbox 1210 1489 1416 1556; x_wconf 67' lang='grc' dir='ltr'>πέφυκε</span> <span class='ocrx_word' id='word_1_94' title='bbox 1481 1492 1838 1562; x_wconf 79' lang='grc' dir='ltr'>παραμένειν,</span> 
     </span>
    </p>
   </div>
   <div class='ocr_carea' id='block_1_16' title="bbox 280 1577 1844 1654">
    <p class='ocr_par' dir='ltr' id='par_1_16' title="bbox 280 1577 1844 1654">
     <span class='ocr_line' id='line_1_16' title="bbox 280 1577 1844 1654; baseline 0.002 -24"><span class='ocrx_word' id='word_1_95' title='bbox 280 1578 347 1630; x_wconf 63' lang='grc' dir='ltr'><strong>τὰ</strong></span> <span class='ocrx_word' id='word_1_96' title='bbox 374 1577 429 1628; x_wconf 79' lang='grc' dir='ltr'>δὲ</span> <span class='ocrx_word' id='word_1_97' title='bbox 460 1578 593 1647; x_wconf 87' lang='grc' dir='ltr'><strong>μετά</strong></span> <span class='ocrx_word' id='word_1_98' title='bbox 623 1578 862 1652; x_wconf 68' lang='grc' dir='ltr'>τέρψεως</span> <span class='ocrx_word' id='word_1_99' title='bbox 893 1583 982 1634; x_wconf 79' lang='grc' dir='ltr'>καὶ</span> <span class='ocrx_word' id='word_1_100' title='bbox 1026 1583 1243 1654; x_wconf 82' lang='grc' dir='ltr'>χάριτος</span> <span class='ocrx_word' id='word_1_101' title='bbox 1272 1581 1586 1652; x_wconf 77' lang='grc' dir='ltr'>εἰσδυόμενα</span> <span class='ocrx_word' id='word_1_102' title='bbox 1618 1585 1724 1651; x_wconf 81' lang='grc'>(95)</span> <span class='ocrx_word' id='word_1_103' title='bbox 1755 1600 1844 1652; x_wconf 88' lang='grc' dir='ltr'>μο-</span> 
     </span>
    </p>
   </div>
   <div class='ocr_carea' id='block_1_17' title="bbox 277 1668 1843 1744">
    <p class='ocr_par' dir='ltr' id='par_1_17' title="bbox 277 1668 1843 1744">
     <span class='ocr_line' id='line_1_17' title="bbox 277 1668 1843 1744; baseline 0.003 -24"><span class='ocrx_word' id='word_1_104' title='bbox 277 1668 575 1741; x_wconf 83' lang='grc' dir='ltr'>νιμώτερόν</span> <span class='ocrx_word' id='word_1_105' title='bbox 615 1687 730 1734; x_wconf 89' lang='grc' dir='ltr'><strong>πως</strong></span> <span class='ocrx_word' id='word_1_106' title='bbox 766 1676 884 1735; x_wconf 86' lang='grc' dir='ltr'>ταῖς</span> <span class='ocrx_word' id='word_1_107' title='bbox 915 1672 1112 1741; x_wconf 75' lang='grc' dir='ltr'>ψυχαῖς</span> <span class='ocrx_word' id='word_1_108' title='bbox 1157 1670 1313 1741; x_wconf 80' lang='grc' dir='ltr'>ἡμῶν</span> <span class='ocrx_word' id='word_1_109' title='bbox 1357 1672 1606 1736; x_wconf 76' lang='grc' dir='ltr'>ἐνιζάνει.</span> <span class='ocrx_word' id='word_1_110' title='bbox 1644 1673 1705 1724; x_wconf 86' lang='grc' dir='ltr'>Τί</span> <span class='ocrx_word' id='word_1_111' title='bbox 1737 1674 1843 1744; x_wconf 79' lang='grc' dir='ltr'><strong>γὰρ</strong></span> 
     </span>
    </p>
   </div>
   <div class='ocr_carea' id='block_1_18' title="bbox 275 1759 1843 1832">
    <p class='ocr_par' dir='ltr' id='par_1_18' title="bbox 275 1759 1843 1832">
     <span class='ocr_line' id='line_1_18' title="bbox 275 1759 1843 1832; baseline 0.003 -22"><span class='ocrx_word' id='word_1_112' title='bbox 275 1761 375 1815; x_wconf 69' lang='grc' dir='ltr'>οὐκ</span> <span class='ocrx_word' id='word_1_113' title='bbox 420 1759 484 1812; x_wconf 76' lang='grc' dir='ltr'>ἂν</span> <span class='ocrx_word' id='word_1_114' title='bbox 535 1761 724 1831; x_wconf 85' lang='grc' dir='ltr'><strong>μάθοις</strong></span> <span class='ocrx_word' id='word_1_115' title='bbox 788 1763 1061 1825; x_wconf 83' lang='grc' dir='ltr'>ὲντεῦθεν;</span> <span class='ocrx_word' id='word_1_116' title='bbox 1119 1761 1177 1814; x_wconf 87' lang='grc' dir='ltr'><strong>ού</strong></span> <span class='ocrx_word' id='word_1_117' title='bbox 1230 1762 1328 1832; x_wconf 83' lang='grc' dir='ltr'>τῆς</span> <span class='ocrx_word' id='word_1_118' title='bbox 1381 1763 1598 1832; x_wconf 86' lang='grc' dir='ltr'>ἀνδρίας</span> <span class='ocrx_word' id='word_1_119' title='bbox 1642 1762 1702 1815; x_wconf 85' lang='grc' dir='ltr'>τὸ</span> <span class='ocrx_word' id='word_1_120' title='bbox 1747 1780 1843 1832; x_wconf 91' lang='grc' dir='ltr'>με-</span> 
     </span>
    </p>
   </div>
   <div class='ocr_carea' id='block_1_19' title="bbox 275 1851 1838 1924">
    <p class='ocr_par' dir='ltr' id='par_1_19' title="bbox 275 1851 1838 1924">
     <span class='ocr_line' id='line_1_19' title="bbox 275 1851 1838 1924; baseline 0.002 -21"><span class='ocrx_word' id='word_1_121' title='bbox 275 1851 644 1923; x_wconf 82' lang='grc' dir='ltr'>γαλοπρεπές;</span> <span class='ocrx_word' id='word_1_122' title='bbox 696 1855 753 1905; x_wconf 73' lang='grc' dir='ltr'>οὐ</span> <span class='ocrx_word' id='word_1_123' title='bbox 793 1853 892 1922; x_wconf 79' lang='grc' dir='ltr'>τῆς</span> <span class='ocrx_word' id='word_1_124' title='bbox 953 1853 1291 1922; x_wconf 84' lang='grc' dir='ltr'>δικαιοσύνης</span> <span class='ocrx_word' id='word_1_125' title='bbox 1356 1853 1416 1904; x_wconf 87' lang='grc' dir='ltr'><strong>τὺ</strong></span> <span class='ocrx_word' id='word_1_126' title='bbox 1484 1853 1740 1924; x_wconf 79' lang='grc' dir='ltr'>ἀκριϐές;</span> <span class='ocrx_word' id='word_1_127' title='bbox 1780 1855 1838 1908; x_wconf 88' lang='grc' dir='ltr'><strong>ού</strong></span> 
     </span>
    </p>
   </div>
   <div class='ocr_carea' id='block_1_20' title="bbox 276 1943 1840 2015">
    <p class='ocr_par' dir='ltr' id='par_1_20' title="bbox 276 1943 1840 2015">
     <span class='ocr_line' id='line_1_20' title="bbox 276 1943 1840 2015; baseline 0.003 -21"><span class='ocrx_word' id='word_1_128' title='bbox 276 1944 628 2014; x_wconf 66' lang='grc' dir='ltr'>σωφροσύνης</span> <span class='ocrx_word' id='word_1_129' title='bbox 675 1944 734 1995; x_wconf 75' lang='grc' dir='ltr'>τὸ</span> <span class='ocrx_word' id='word_1_130' title='bbox 795 1944 1018 2013; x_wconf 75' lang='grc' dir='ltr'>σεμνόνς</span> <span class='ocrx_word' id='word_1_131' title='bbox 1073 1945 1133 1997; x_wconf 86' lang='grc' dir='ltr'>οὐ</span> <span class='ocrx_word' id='word_1_132' title='bbox 1175 1943 1234 1997; x_wconf 85' lang='grc' dir='ltr'>τὸ</span> <span class='ocrx_word' id='word_1_133' title='bbox 1289 1944 1386 2014; x_wconf 82' lang='grc' dir='ltr'>τῆς</span> <span class='ocrx_word' id='word_1_134' title='bbox 1429 1947 1840 2015; x_wconf 78' lang='grc' dir='ltr'>φρονήσεωςτέ-</span> 
     </span>
    </p>
   </div>
   <div class='ocr_carea' id='block_1_21' title="bbox 271 2030 1837 2109">
    <p class='ocr_par' dir='ltr' id='par_1_21' title="bbox 271 2030 1837 2109">
     <span class='ocr_line' id='line_1_21' title="bbox 271 2030 1837 2109; baseline 0.003 -22"><span class='ocrx_word' id='word_1_135' title='bbox 271 2030 451 2096; x_wconf 81' lang='grc' dir='ltr'>λειον;</span> <span class='ocrx_word' id='word_1_136' title='bbox 484 2036 543 2086; x_wconf 82' lang='grc' dir='ltr'><strong>ού</strong></span> <span class='ocrx_word' id='word_1_137' title='bbox 591 2036 874 2105; x_wconf 84' lang='grc' dir='ltr'>μετανοίας</span> <span class='ocrx_word' id='word_1_138' title='bbox 916 2037 1142 2107; x_wconf 84' lang='grc' dir='ltr'>τρόπον;</span> <span class='ocrx_word' id='word_1_139' title='bbox 1183 2038 1279 2107; x_wconf 81' lang='grc' dir='ltr'><strong>οὐχ</strong></span> <span class='ocrx_word' id='word_1_140' title='bbox 1321 2039 1592 2108; x_wconf 76' lang='grc' dir='ltr'>ὑπομονῆς</span> <span class='ocrx_word' id='word_1_141' title='bbox 1636 2041 1837 2109; x_wconf 84' lang='grc' dir='ltr'>μέτρα;</span> 
     </span>
    </p>
   </div>
   <div class='ocr_carea' id='block_1_22' title="bbox 275 2126 1837 2198">
    <p class='ocr_par' dir='ltr' id='par_1_22' title="bbox 275 2126 1837 2198">
     <span class='ocr_line' id='line_1_22' title="bbox 275 2126 1837 2198; baseline 0.003 -19"><span class='ocrx_word' id='word_1_142' title='bbox 275 2126 374 2196; x_wconf 69' lang='grc' dir='ltr'>οὐχ</span> <span class='ocrx_word' id='word_1_143' title='bbox 426 2127 454 2179; x_wconf 83' lang='grc' dir='ltr'>ὅ</span> <span class='ocrx_word' id='word_1_144' title='bbox 480 2144 531 2178; x_wconf 90' lang='grc' dir='ltr'><strong>τι</strong></span> <span class='ocrx_word' id='word_1_145' title='bbox 567 2127 631 2180; x_wconf 83' lang='grc' dir='ltr'>ἂν</span> <span class='ocrx_word' id='word_1_146' title='bbox 662 2127 832 2191; x_wconf 78' lang='grc' dir='ltr'>εἴποις</span> <span class='ocrx_word' id='word_1_147' title='bbox 857 2129 964 2197; x_wconf 71' lang='grc'>(94)</span> <span class='ocrx_word' id='word_1_148' title='bbox 995 2130 1103 2183; x_wconf 90' lang='grc' dir='ltr'><strong>τῶν</strong></span> <span class='ocrx_word' id='word_1_149' title='bbox 1148 2130 1401 2198; x_wconf 87' lang='grc' dir='ltr'>ἀγαθῶν;</span> <span class='ocrx_word' id='word_1_150' title='bbox 1451 2131 1713 2183; x_wconf 81' lang='grc' dir='ltr'>Ἐνταῦθα</span> <span class='ocrx_word' id='word_1_151' title='bbox 1763 2133 1837 2184; x_wconf 78' lang='grc' dir='ltr'>ἔνι</span> 
     </span>
    </p>
   </div>
   <div class='ocr_carea' id='block_1_23' title="bbox 279 2215 1838 2289">
    <p class='ocr_par' dir='ltr' id='par_1_23' title="bbox 279 2215 1838 2289">
     <span class='ocr_line' id='line_1_23' title="bbox 279 2215 1838 2289; baseline 0.001 -19"><span class='ocrx_word' id='word_1_152' title='bbox 279 2215 525 2283; x_wconf 82' lang='grc' dir='ltr'>θεολογία</span> <span class='ocrx_word' id='word_1_153' title='bbox 556 2216 757 2284; x_wconf 89' lang='grc' dir='ltr'>τελεία,</span> <span class='ocrx_word' id='word_1_154' title='bbox 792 2220 1090 2288; x_wconf 75' lang='grc' dir='ltr'>πρόρρησις</span> <span class='ocrx_word' id='word_1_155' title='bbox 1133 2219 1232 2286; x_wconf 80' lang='grc' dir='ltr'>τῆς</span> <span class='ocrx_word' id='word_1_156' title='bbox 1274 2218 1363 2270; x_wconf 85' lang='grc' dir='ltr'><strong>διά</strong></span> <span class='ocrx_word' id='word_1_157' title='bbox 1407 2219 1609 2288; x_wconf 81' lang='grc' dir='ltr'>σαρκὸς</span> <span class='ocrx_word' id='word_1_158' title='bbox 1653 2219 1838 2289; x_wconf 71' lang='grc' dir='ltr'>ἐπιδη-</span> 
     </span>
    </p>
   </div>
   <div class='ocr_carea' id='block_1_24' title="bbox 275 2308 1836 2380">
    <p class='ocr_par' dir='ltr' id='par_1_24' title="bbox 275 2308 1836 2380">
     <span class='ocr_line' id='line_1_24' title="bbox 275 2308 1836 2380; baseline -0.001 -20"><span class='ocrx_word' id='word_1_159' title='bbox 275 2309 408 2378; x_wconf 82' lang='grc' dir='ltr'>μίας</span> <span class='ocrx_word' id='word_1_160' title='bbox 449 2308 702 2379; x_wconf 83' lang='grc' dir='ltr'>Χριστοῦ,</span> <span class='ocrx_word' id='word_1_161' title='bbox 747 2309 938 2380; x_wconf 83' lang='grc' dir='ltr'>ἀπειλὴ</span> <span class='ocrx_word' id='word_1_162' title='bbox 981 2310 1230 2380; x_wconf 85' lang='grc' dir='ltr'>κρίσεως,</span> <span class='ocrx_word' id='word_1_163' title='bbox 1275 2310 1620 2374; x_wconf 84' lang='grc' dir='ltr'>ἀναστάσεως</span> <span class='ocrx_word' id='word_1_164' title='bbox 1663 2308 1836 2372; x_wconf 69' lang='grc' dir='ltr'>ἐλπὶς,</span> 
     </span>
    </p>
   </div>
   <div class='ocr_carea' id='block_1_25' title="bbox 274 2399 1838 2474">
    <p class='ocr_par' dir='ltr' id='par_1_25' title="bbox 274 2399 1838 2474">
     <span class='ocr_line' id='line_1_25' title="bbox 274 2399 1838 2474; baseline 0 -20"><span class='ocrx_word' id='word_1_165' title='bbox 274 2403 438 2473; x_wconf 71' lang='grc' dir='ltr'>φόϐος</span> <span class='ocrx_word' id='word_1_166' title='bbox 471 2401 761 2464; x_wconf 79' lang='grc' dir='ltr'>κολάσεως,</span> <span class='ocrx_word' id='word_1_167' title='bbox 794 2399 1112 2468; x_wconf 82' lang='grc' dir='ltr'>ἐπαγγελίαι</span> <span class='ocrx_word' id='word_1_168' title='bbox 1143 2400 1319 2471; x_wconf 80' lang='grc' dir='ltr'>δόξης,</span> <span class='ocrx_word' id='word_1_169' title='bbox 1357 2401 1667 2474; x_wconf 79' lang='grc' dir='ltr'>μυστηρίων</span> <span class='ocrx_word' id='word_1_170' title='bbox 1701 2402 1838 2455; x_wconf 81' lang='grc' dir='ltr'>ἀπο-</span> 
     </span>
    </p>
   </div>
   <div class='ocr_carea' id='block_1_26' title="bbox 272 2491 1839 2564">
    <p class='ocr_par' dir='ltr' id='par_1_26' title="bbox 272 2491 1839 2564">
     <span class='ocr_line' id='line_1_26' title="bbox 272 2491 1839 2564; baseline -0.003 -18"><span class='ocrx_word' id='word_1_171' title='bbox 272 2493 566 2562; x_wconf 52' lang='grc' dir='ltr'>καλύψεις</span> <span class='ocrx_word' id='word_1_172' title='bbox 607 2493 802 2556; x_wconf 83' lang='grc' dir='ltr'>πάντα,</span> <span class='ocrx_word' id='word_1_173' title='bbox 837 2491 1022 2564; x_wconf 85' lang='grc' dir='ltr'>ὥσπερ</span> <span class='ocrx_word' id='word_1_174' title='bbox 1051 2493 1106 2544; x_wconf 85' lang='grc' dir='ltr'>ὲν</span> <span class='ocrx_word' id='word_1_175' title='bbox 1144 2492 1361 2563; x_wconf 85' lang='grc' dir='ltr'>μεγάλῳ</span> <span class='ocrx_word' id='word_1_176' title='bbox 1393 2493 1500 2546; x_wconf 77' lang='grc' dir='ltr'>τινὶ</span> <span class='ocrx_word' id='word_1_177' title='bbox 1548 2494 1639 2545; x_wconf 78' lang='grc' dir='ltr'>καὶ</span> <span class='ocrx_word' id='word_1_178' title='bbox 1679 2492 1839 2563; x_wconf 85' lang='grc' dir='ltr'>κοινῷ</span> 
     </span>
    </p>
   </div>
   <div class='ocr_carea' id='block_1_27' title="bbox 271 2584 1834 2656">
    <p class='ocr_par' dir='ltr' id='par_1_27' title="bbox 271 2584 1834 2656">
     <span class='ocr_line' id='line_1_27' title="bbox 271 2584 1834 2656; baseline 0.001 -20"><span class='ocrx_word' id='word_1_179' title='bbox 271 2585 523 2655; x_wconf 82' lang='grc' dir='ltr'>ταμιείῳ,</span> <span class='ocrx_word' id='word_1_180' title='bbox 558 2589 622 2656; x_wconf 82' lang='grc' dir='ltr'>τῇ</span> <span class='ocrx_word' id='word_1_181' title='bbox 662 2585 824 2656; x_wconf 78' lang='grc' dir='ltr'>βίϐλῳ</span> <span class='ocrx_word' id='word_1_182' title='bbox 858 2584 964 2638; x_wconf 90' lang='grc' dir='ltr'><strong>τῶν</strong></span> <span class='ocrx_word' id='word_1_183' title='bbox 999 2584 1241 2655; x_wconf 79' lang='grc' dir='ltr'>Ψαλμῶν</span> <span class='ocrx_word' id='word_1_184' title='bbox 1270 2584 1712 2656; x_wconf 87' lang='grc' dir='ltr'>τεθησαύρισται,</span> <span class='ocrx_word' id='word_1_185' title='bbox 1748 2586 1834 2656; x_wconf 87' lang='grc' dir='ltr'>ἢν,</span> 
     </span>
    </p>
   </div>
   <div class='ocr_carea' id='block_1_28' title="bbox 273 2674 1839 2748">
    <p class='ocr_par' dir='ltr' id='par_1_28' title="bbox 273 2674 1839 2748">
     <span class='ocr_line' id='line_1_28' title="bbox 273 2674 1839 2748; baseline 0.003 -24"><span class='ocrx_word' id='word_1_186' title='bbox 273 2674 484 2728; x_wconf 80' lang='grc' dir='ltr'>πολλῶν</span> <span class='ocrx_word' id='word_1_187' title='bbox 524 2676 688 2729; x_wconf 75' lang='grc' dir='ltr'>ὄντων</span> <span class='ocrx_word' id='word_1_188' title='bbox 721 2676 964 2745; x_wconf 84' lang='grc' dir='ltr'>ὀργάνων</span> <span class='ocrx_word' id='word_1_189' title='bbox 998 2677 1293 2748; x_wconf 85' lang='grc' dir='ltr'>μουσικῶν,</span> <span class='ocrx_word' id='word_1_190' title='bbox 1343 2676 1478 2746; x_wconf 85' lang='grc' dir='ltr'>πρὸς</span> <span class='ocrx_word' id='word_1_191' title='bbox 1511 2677 1572 2729; x_wconf 81' lang='grc' dir='ltr'>τὸ</span> <span class='ocrx_word' id='word_1_192' title='bbox 1613 2677 1839 2746; x_wconf 85' lang='grc' dir='ltr'>λεγόμε-</span> 
     </span>
    </p>
   </div>
   <div class='ocr_carea' id='block_1_29' title="bbox 271 2766 1835 2839">
    <p class='ocr_par' dir='ltr' id='par_1_29' title="bbox 271 2766 1835 2839">
     <span class='ocr_line' id='line_1_29' title="bbox 271 2766 1835 2839; baseline 0.001 -20"><span class='ocrx_word' id='word_1_193' title='bbox 271 2783 362 2820; x_wconf 87' lang='grc' dir='ltr'><strong>νον</strong></span> <span class='ocrx_word' id='word_1_194' title='bbox 403 2766 694 2837; x_wconf 75' lang='grc' dir='ltr'>ψαλτήριον</span> <span class='ocrx_word' id='word_1_195' title='bbox 736 2767 976 2836; x_wconf 79' lang='grc' dir='ltr'>ἥρμοσεν</span> <span class='ocrx_word' id='word_1_196' title='bbox 1023 2771 1052 2819; x_wconf 88' lang='grc' dir='ltr'>ὁ</span> <span class='ocrx_word' id='word_1_197' title='bbox 1101 2771 1381 2839; x_wconf 65' lang='grc' dir='ltr'>προφήτης</span> <span class='ocrx_word' id='word_1_198' title='bbox 1407 2808 1421 2831; x_wconf 90' lang='grc'><strong>,</strong></span> <span class='ocrx_word' id='word_1_199' title='bbox 1466 2768 1566 2838; x_wconf 80' lang='grc' dir='ltr'>τὴν</span> <span class='ocrx_word' id='word_1_200' title='bbox 1610 2770 1835 2832; x_wconf 80' lang='grc' dir='ltr'>ἄνωθεν,</span> 
     </span>
    </p>
   </div>
   <div class='ocr_carea' id='block_1_30' title="bbox 272 2857 1836 2931">
    <p class='ocr_par' dir='ltr' id='par_1_30' title="bbox 272 2857 1836 2931">
     <span class='ocr_line' id='line_1_30' title="bbox 272 2857 1836 2931; baseline 0.001 -21"><span class='ocrx_word' id='word_1_201' title='bbox 272 2860 395 2929; x_wconf 73' lang='grc' dir='ltr'>ἐμοὶ</span> <span class='ocrx_word' id='word_1_202' title='bbox 437 2858 611 2911; x_wconf 87' lang='grc' dir='ltr'>δοκεῖν</span> <span class='ocrx_word' id='word_1_203' title='bbox 642 2857 773 2927; x_wconf 80' lang='grc'>(95),</span> <span class='ocrx_word' id='word_1_204' title='bbox 817 2857 1113 2931; x_wconf 82' lang='grc' dir='ltr'>ὲνηχοῦσαν</span> <span class='ocrx_word' id='word_1_205' title='bbox 1171 2858 1317 2930; x_wconf 85' lang='grc' dir='ltr'>αύτῷ</span> <span class='ocrx_word' id='word_1_206' title='bbox 1353 2859 1512 2930; x_wconf 82' lang='grc' dir='ltr'>χάριν</span> <span class='ocrx_word' id='word_1_207' title='bbox 1554 2859 1706 2930; x_wconf 84' lang='grc' dir='ltr'><strong>παρά</strong></span> <span class='ocrx_word' id='word_1_208' title='bbox 1745 2861 1836 2912; x_wconf 90' lang='grc' dir='ltr'><strong>τοῦ</strong></span> 
     </span>
    </p>
   </div>
   <div class='ocr_carea' id='block_1_31' title="bbox 270 2949 1837 3023">
    <p class='ocr_par' dir='ltr' id='par_1_31' title="bbox 270 2949 1837 3023">
     <span class='ocr_line' id='line_1_31' title="bbox 270 2949 1837 3023; baseline 0.001 -21"><span class='ocrx_word' id='word_1_209' title='bbox 270 2949 585 3020; x_wconf 84' lang='grc' dir='ltr'>Πνεύματος</span> <span class='ocrx_word' id='word_1_210' title='bbox 636 2949 1063 3021; x_wconf 76' lang='grc' dir='ltr'>ἐνδεικνύμενος,</span> <span class='ocrx_word' id='word_1_211' title='bbox 1121 2951 1252 3006; x_wconf 84' lang='grc' dir='ltr'>διότι</span> <span class='ocrx_word' id='word_1_212' title='bbox 1305 2951 1462 3006; x_wconf 91' lang='grc' dir='ltr'>τοῦτο</span> <span class='ocrx_word' id='word_1_213' title='bbox 1517 2953 1676 3023; x_wconf 90' lang='grc' dir='ltr'>μόνον</span> <span class='ocrx_word' id='word_1_214' title='bbox 1729 2953 1837 3005; x_wconf 90' lang='grc' dir='ltr'><strong>τῶν</strong></span> 
     </span>
    </p>
   </div>
   <div class='ocr_carea' id='block_1_32' title="bbox 276 3041 1836 3118">
    <p class='ocr_par' dir='ltr' id='par_1_32' title="bbox 276 3041 1836 3118">
     <span class='ocr_line' id='line_1_32' title="bbox 276 3041 1836 3118; baseline 0.004 -26"><span class='ocrx_word' id='word_1_215' title='bbox 276 3041 548 3118; x_wconf 78' lang='grc' dir='ltr'>μουσικῶν</span> <span class='ocrx_word' id='word_1_216' title='bbox 577 3041 819 3112; x_wconf 84' lang='grc' dir='ltr'>ὀργάνων</span> <span class='ocrx_word' id='word_1_217' title='bbox 853 3043 946 3114; x_wconf 77' lang='grc' dir='ltr'>τὴν</span> <span class='ocrx_word' id='word_1_218' title='bbox 978 3043 1157 3096; x_wconf 79' lang='grc' dir='ltr'>αἰτίαν</span> <span class='ocrx_word' id='word_1_219' title='bbox 1189 3044 1295 3097; x_wconf 88' lang='grc' dir='ltr'><strong>τῶν</strong></span> <span class='ocrx_word' id='word_1_220' title='bbox 1327 3044 1574 3112; x_wconf 80' lang='grc' dir='ltr'>φθόγγων</span> <span class='ocrx_word' id='word_1_221' title='bbox 1618 3047 1682 3099; x_wconf 82' lang='grc' dir='ltr'>ἐκ</span> <span class='ocrx_word' id='word_1_222' title='bbox 1729 3046 1836 3099; x_wconf 88' lang='grc' dir='ltr'><strong>τῶν</strong></span> 
     </span>
    </p>
   </div>
   <div class='ocr_carea' id='block_1_33' title="bbox 271 3129 1834 3205">
    <p class='ocr_par' dir='ltr' id='par_1_33' title="bbox 271 3129 1834 3205">
     <span class='ocr_line' id='line_1_33' title="bbox 271 3129 1834 3205; baseline 0.004 -23"><span class='ocrx_word' id='word_1_223' title='bbox 271 3129 477 3182; x_wconf 67' lang='grc' dir='ltr'>ἄνωθεν</span> <span class='ocrx_word' id='word_1_224' title='bbox 507 3130 639 3199; x_wconf 76' lang='grc' dir='ltr'>ἔχει.</span> <span class='ocrx_word' id='word_1_225' title='bbox 667 3132 743 3200; x_wconf 83' lang='grc' dir='ltr'><strong>Τῇ</strong></span> <span class='ocrx_word' id='word_1_226' title='bbox 777 3131 977 3203; x_wconf 77' lang='grc' dir='ltr'>κιθάρᾳ</span> <span class='ocrx_word' id='word_1_227' title='bbox 1005 3134 1102 3203; x_wconf 83' lang='grc' dir='ltr'>μὲν</span> <span class='ocrx_word' id='word_1_228' title='bbox 1131 3134 1238 3204; x_wconf 80' lang='grc' dir='ltr'><strong>γὰρ</strong></span> <span class='ocrx_word' id='word_1_229' title='bbox 1270 3135 1362 3188; x_wconf 82' lang='grc' dir='ltr'>καὶ</span> <span class='ocrx_word' id='word_1_230' title='bbox 1393 3138 1458 3204; x_wconf 80' lang='grc' dir='ltr'>τῇ</span> <span class='ocrx_word' id='word_1_231' title='bbox 1486 3135 1623 3205; x_wconf 68' lang='grc' dir='ltr'><strong>λύρᾳ⁴</strong></span> <span class='ocrx_word' id='word_1_232' title='bbox 1656 3137 1834 3189; x_wconf 86' lang='grc' dir='ltr'>κάτω-</span> 
     </span>
    </p>
   </div>
   <div class='ocr_carea' id='block_1_34' title="bbox 1945 668 3500 739">
    <p class='ocr_par' dir='ltr' id='par_1_34' title="bbox 1945 668 3500 739">
     <span class='ocr_line' id='line_1_34' title="bbox 1945 668 3500 739; baseline -0.001 -19"><span class='ocrx_word' id='word_1_233' title='bbox 1945 684 2059 722; x_wconf 89' lang='lat' dir='ltr'><strong>rum</strong></span> <span class='ocrx_word' id='word_1_234' title='bbox 2091 672 2274 734; x_wconf 84' lang='lat' dir='ltr'><strong>decus,</strong></span> <span class='ocrx_word' id='word_1_235' title='bbox 2313 669 2618 738; x_wconf 78' lang='lat' dir='ltr'><strong>frequentat</strong></span> <span class='ocrx_word' id='word_1_236' title='bbox 2642 669 2989 739; x_wconf 88' lang='lat' dir='ltr'><strong>solitudines,</strong></span> <span class='ocrx_word' id='word_1_237' title='bbox 3025 670 3198 725; x_wconf 80' lang='lat' dir='ltr'><strong>forum</strong></span> <span class='ocrx_word' id='word_1_238' title='bbox 3231 668 3500 721; x_wconf 83' lang='lat' dir='ltr'><strong>emendat.</strong></span> 
     </span>
    </p>
   </div>
   <div class='ocr_carea' id='block_1_35' title="bbox 1947 757 3502 829">
    <p class='ocr_par' dir='ltr' id='par_1_35' title="bbox 1947 757 3502 829">
     <span class='ocr_line' id='line_1_35' title="bbox 1947 757 3502 829; baseline 0 -21"><span class='ocrx_word' id='word_1_239' title='bbox 1947 757 2192 816; x_wconf 84' lang='lat' dir='ltr'><strong>Psalmus</strong></span> <span class='ocrx_word' id='word_1_240' title='bbox 2239 761 2619 829; x_wconf 77' lang='lat' dir='ltr'><strong>incipientibus</strong></span> <span class='ocrx_word' id='word_1_241' title='bbox 2666 760 2875 815; x_wconf 90' lang='lat' dir='ltr'><strong>initium</strong></span> <span class='ocrx_word' id='word_1_242' title='bbox 2933 770 3049 826; x_wconf 85' lang='lat' dir='ltr'><strong>est,</strong></span> <span class='ocrx_word' id='word_1_243' title='bbox 3115 763 3502 816; x_wconf 76' lang='lat' dir='ltr'><strong>incrementum</strong></span> 
     </span>
    </p>
   </div>
   <div class='ocr_carea' id='block_1_36' title="bbox 1947 849 3506 934">
    <p class='ocr_par' dir='ltr' id='par_1_36' title="bbox 1947 849 3506 934">
     <span class='ocr_line' id='line_1_36' title="bbox 1947 849 3506 934; baseline -0.001 -31"><span class='ocrx_word' id='word_1_244' title='bbox 1947 850 2374 920; x_wconf 82' lang='lat' dir='ltr'><strong>proﬁcientibus,</strong></span> <span class='ocrx_word' id='word_1_245' title='bbox 2414 853 2664 921; x_wconf 79' lang='lat' dir='ltr'><strong>perfectis</strong></span> <span class='ocrx_word' id='word_1_246' title='bbox 2689 853 3129 934; x_wconf 58' lang='lat' dir='ltr'><strong>ﬁrmamentum;</strong></span> <span class='ocrx_word' id='word_1_247' title='bbox 3166 869 3266 909; x_wconf 77' lang='lat' dir='ltr'><strong>vox</strong></span> <span class='ocrx_word' id='word_1_248' title='bbox 3293 861 3374 906; x_wconf 87' lang='lat' dir='ltr'><strong>est</strong></span> <span class='ocrx_word' id='word_1_249' title='bbox 3404 849 3506 902; x_wconf 85' lang='lat' dir='ltr'><strong>Ec-</strong></span> 
     </span>
    </p>
   </div>
   <div class='ocr_carea' id='block_1_37' title="bbox 1945 943 3502 1012">
    <p class='ocr_par' dir='ltr' id='par_1_37' title="bbox 1945 943 3502 1012">
     <span class='ocr_line' id='line_1_37' title="bbox 1945 943 3502 1012; baseline -0.004 -14"><span class='ocrx_word' id='word_1_250' title='bbox 1945 943 2123 998; x_wconf 71' lang='lat' dir='ltr'><strong>clesiae</strong></span> <span class='ocrx_word' id='word_1_251' title='bbox 2157 962 2170 998; x_wconf 87' lang='lat'><strong>:</strong></span> <span class='ocrx_word' id='word_1_252' title='bbox 2206 945 2438 999; x_wconf 75' lang='lat' dir='ltr'><strong>la:tiﬁcat</strong></span> <span class='ocrx_word' id='word_1_253' title='bbox 2485 944 2598 999; x_wconf 86' lang='lat' dir='ltr'><strong>dies</strong></span> <span class='ocrx_word' id='word_1_254' title='bbox 2630 945 2793 1000; x_wconf 77' lang='lat' dir='ltr'><strong>festos</strong></span> <span class='ocrx_word' id='word_1_255' title='bbox 2825 961 2838 998; x_wconf 93' lang='lat'><strong>:</strong></span> <span class='ocrx_word' id='word_1_256' title='bbox 2883 957 3004 998; x_wconf 90' lang='lat' dir='ltr'><strong>eam</strong></span> <span class='ocrx_word' id='word_1_257' title='bbox 3041 958 3162 1012; x_wconf 70' lang='lat' dir='ltr'><strong>quae</strong></span> <span class='ocrx_word' id='word_1_258' title='bbox 3211 943 3502 999; x_wconf 86' lang='lat' dir='ltr'><strong>secundum</strong></span> 
     </span>
    </p>
   </div>
   <div class='ocr_carea' id='block_1_38' title="bbox 1944 1033 3505 1103">
    <p class='ocr_par' dir='ltr' id='par_1_38' title="bbox 1944 1033 3505 1103">
     <span class='ocr_line' id='line_1_38' title="bbox 1944 1033 3505 1103; baseline 0.001 -15"><span class='ocrx_word' id='word_1_259' title='bbox 1944 1033 2109 1089; x_wconf 89' lang='lat' dir='ltr'><strong>Deum</strong></span> <span class='ocrx_word' id='word_1_260' title='bbox 2130 1045 2229 1100; x_wconf 90' lang='lat' dir='ltr'><strong>est,</strong></span> <span class='ocrx_word' id='word_1_261' title='bbox 2249 1035 2518 1091; x_wconf 92' lang='lat' dir='ltr'><strong>tristitiam</strong></span> <span class='ocrx_word' id='word_1_262' title='bbox 2536 1047 2704 1090; x_wconf 89' lang='lat' dir='ltr'><strong>creat.</strong></span> <span class='ocrx_word' id='word_1_263' title='bbox 2729 1037 3020 1090; x_wconf 84' lang='lat' dir='ltr'><strong>Enimvero</strong></span> <span class='ocrx_word' id='word_1_264' title='bbox 3040 1034 3278 1103; x_wconf 88' lang='lat' dir='ltr'><strong>psalmus</strong></span> <span class='ocrx_word' id='word_1_265' title='bbox 3298 1051 3327 1088; x_wconf 89' lang='lat' dir='ltr'><strong>e</strong></span> <span class='ocrx_word' id='word_1_266' title='bbox 3343 1035 3505 1090; x_wconf 77' lang='lat' dir='ltr'><strong>corde</strong></span> 
     </span>
    </p>
   </div>
   <div class='ocr_carea' id='block_1_39' title="bbox 1947 1127 3502 1199">
    <p class='ocr_par' dir='ltr' id='par_1_39' title="bbox 1947 1127 3502 1199">
     <span class='ocr_line' id='line_1_39' title="bbox 1947 1127 3502 1199; baseline -0.003 -19"><span class='ocrx_word' id='word_1_267' title='bbox 1947 1127 2155 1196; x_wconf 84' lang='lat' dir='ltr'><strong>lapideo</strong></span> <span class='ocrx_word' id='word_1_268' title='bbox 2177 1129 2284 1182; x_wconf 91' lang='lat' dir='ltr'><strong>eiet</strong></span> <span class='ocrx_word' id='word_1_269' title='bbox 2317 1129 2600 1199; x_wconf 84' lang='lat' dir='ltr'><strong>Iacrymas.</strong></span> <span class='ocrx_word' id='word_1_270' title='bbox 2631 1127 2871 1182; x_wconf 88' lang='lat' dir='ltr'><strong>Psalmus</strong></span> <span class='ocrx_word' id='word_1_271' title='bbox 2899 1127 3208 1198; x_wconf 78' lang='lat' dir='ltr'><strong>angelorum</strong></span> <span class='ocrx_word' id='word_1_272' title='bbox 3237 1139 3371 1192; x_wconf 90' lang='lat' dir='ltr'><strong>opus</strong></span> <span class='ocrx_word' id='word_1_273' title='bbox 3398 1135 3502 1188; x_wconf 84' lang='lat' dir='ltr'><strong>est,</strong></span> 
     </span>
    </p>
   </div>
   <div class='ocr_carea' id='block_1_40' title="bbox 1947 1213 3508 1288">
    <p class='ocr_par' dir='ltr' id='par_1_40' title="bbox 1947 1213 3508 1288">
     <span class='ocr_line' id='line_1_40' title="bbox 1947 1213 3508 1288; baseline -0.003 -16"><span class='ocrx_word' id='word_1_274' title='bbox 1947 1216 2187 1272; x_wconf 67' lang='lat' dir='ltr'><strong>caelestis</strong></span> <span class='ocrx_word' id='word_1_275' title='bbox 2212 1219 2575 1282; x_wconf 73' lang='lat' dir='ltr'><strong>conversatio,</strong></span> <span class='ocrx_word' id='word_1_276' title='bbox 2601 1217 2878 1286; x_wconf 90' lang='lat' dir='ltr'><strong>spirituale</strong></span> <span class='ocrx_word' id='word_1_277' title='bbox 2902 1218 3215 1288; x_wconf 81' lang='lat' dir='ltr'><strong>thymiama.</strong></span> <span class='ocrx_word' id='word_1_278' title='bbox 3233 1213 3277 1268; x_wconf 85' lang='lat'><strong>0</strong></span> <span class='ocrx_word' id='word_1_279' title='bbox 3293 1215 3508 1283; x_wconf 81' lang='lat' dir='ltr'><strong>sapiens</strong></span> 
     </span>
    </p>
   </div>
   <div class='ocr_carea' id='block_1_41' title="bbox 1950 1310 3505 1381">
    <p class='ocr_par' dir='ltr' id='par_1_41' title="bbox 1950 1310 3505 1381">
     <span class='ocr_line' id='line_1_41' title="bbox 1950 1310 3505 1381; baseline -0.005 -15"><span class='ocrx_word' id='word_1_280' title='bbox 1950 1310 2190 1381; x_wconf 77' lang='lat' dir='ltr'><strong>magistri</strong></span> <span class='ocrx_word' id='word_1_281' title='bbox 2219 1312 2519 1377; x_wconf 88' lang='lat' dir='ltr'><strong>inventum,</strong></span> <span class='ocrx_word' id='word_1_282' title='bbox 2550 1312 2638 1379; x_wconf 87' lang='lat' dir='ltr'><strong>qui</strong></span> <span class='ocrx_word' id='word_1_283' title='bbox 2664 1321 2835 1364; x_wconf 86' lang='lat' dir='ltr'><strong>artem</strong></span> <span class='ocrx_word' id='word_1_284' title='bbox 2861 1325 2965 1379; x_wconf 87' lang='lat' dir='ltr'><strong>qua</strong></span> <span class='ocrx_word' id='word_1_285' title='bbox 2988 1310 3143 1364; x_wconf 88' lang='lat' dir='ltr'><strong>simul</strong></span> <span class='ocrx_word' id='word_1_286' title='bbox 3167 1321 3505 1370; x_wconf 87' lang='lat' dir='ltr'><strong>caneremus,</strong></span> 
     </span>
    </p>
   </div>
   <div class='ocr_carea' id='block_1_42' title="bbox 1941 1394 3508 1471">
    <p class='ocr_par' dir='ltr' id='par_1_42' title="bbox 1941 1394 3508 1471">
     <span class='ocr_line' id='line_1_42' title="bbox 1941 1394 3508 1471; baseline -0.003 -15"><span class='ocrx_word' id='word_1_287' title='bbox 1941 1414 1994 1457; x_wconf 90' lang='lat' dir='ltr'><strong>et</strong></span> <span class='ocrx_word' id='word_1_288' title='bbox 2040 1402 2188 1456; x_wconf 86' lang='lat' dir='ltr'><strong>utilia</strong></span> <span class='ocrx_word' id='word_1_289' title='bbox 2226 1402 2580 1465; x_wconf 83' lang='lat' dir='ltr'><strong>disceremus,</strong></span> <span class='ocrx_word' id='word_1_290' title='bbox 2634 1402 2992 1471; x_wconf 77' lang='lat' dir='ltr'><strong>excogitavit;</strong></span> <span class='ocrx_word' id='word_1_291' title='bbox 3052 1403 3190 1455; x_wconf 87' lang='lat' dir='ltr'><strong>unde</strong></span> <span class='ocrx_word' id='word_1_292' title='bbox 3240 1408 3294 1452; x_wconf 79' lang='lat' dir='ltr'><strong>et</strong></span> <span class='ocrx_word' id='word_1_293' title='bbox 3339 1394 3508 1468; x_wconf 87' lang='lat' dir='ltr'><strong>magis</strong></span> 
     </span>
    </p>
   </div>
   <div class='ocr_carea' id='block_1_43' title="bbox 1942 1488 3508 1566">
    <p class='ocr_par' dir='ltr' id='par_1_43' title="bbox 1942 1488 3508 1566">
     <span class='ocr_line' id='line_1_43' title="bbox 1942 1488 3508 1566; baseline -0.004 -15"><span class='ocrx_word' id='word_1_294' title='bbox 1942 1495 2336 1566; x_wconf 86' lang='lat' dir='ltr'><strong>quodammodo</strong></span> <span class='ocrx_word' id='word_1_295' title='bbox 2390 1494 2585 1548; x_wconf 91' lang='lat' dir='ltr'><strong>animis</strong></span> <span class='ocrx_word' id='word_1_296' title='bbox 2638 1505 2897 1563; x_wconf 72' lang='lat' dir='ltr'><strong>praecepta</strong></span> <span class='ocrx_word' id='word_1_297' title='bbox 2953 1493 3352 1561; x_wconf 88' lang='lat' dir='ltr'><strong>imprinutntur.</strong></span> <span class='ocrx_word' id='word_1_298' title='bbox 3407 1488 3508 1545; x_wconf 76' lang='lat' dir='ltr'><strong>Vix</strong></span> 
     </span>
    </p>
   </div>
   <div class='ocr_carea' id='block_1_44' title="bbox 1947 1580 3509 1651">
    <p class='ocr_par' dir='ltr' id='par_1_44' title="bbox 1947 1580 3509 1651">
     <span class='ocr_line' id='line_1_44' title="bbox 1947 1580 3509 1651; baseline -0.005 -12"><span class='ocrx_word' id='word_1_299' title='bbox 1947 1589 2090 1640; x_wconf 92' lang='lat' dir='ltr'><strong>enim</strong></span> <span class='ocrx_word' id='word_1_300' title='bbox 2124 1586 2321 1640; x_wconf 86' lang='lat' dir='ltr'><strong>durare</strong></span> <span class='ocrx_word' id='word_1_301' title='bbox 2346 1583 2480 1638; x_wconf 85' lang='lat' dir='ltr'><strong>solet</strong></span> <span class='ocrx_word' id='word_1_302' title='bbox 2503 1583 2644 1651; x_wconf 85' lang='lat' dir='ltr'><strong>quod</strong></span> <span class='ocrx_word' id='word_1_303' title='bbox 2677 1582 2871 1635; x_wconf 90' lang='lat' dir='ltr'><strong>invitus</strong></span> <span class='ocrx_word' id='word_1_304' title='bbox 2899 1580 3154 1635; x_wconf 87' lang='lat' dir='ltr'><strong>didiceris</strong></span> <span class='ocrx_word' id='word_1_305' title='bbox 3187 1599 3201 1634; x_wconf 87' lang='lat'><strong>:</strong></span> <span class='ocrx_word' id='word_1_306' title='bbox 3244 1581 3386 1649; x_wconf 90' lang='lat' dir='ltr'><strong>quod</strong></span> <span class='ocrx_word' id='word_1_307' title='bbox 3413 1594 3509 1632; x_wconf 90' lang='lat' dir='ltr'><strong>au-</strong></span> 
     </span>
    </p>
   </div>
   <div class='ocr_carea' id='block_1_45' title="bbox 1947 1671 3505 1746">
    <p class='ocr_par' dir='ltr' id='par_1_45' title="bbox 1947 1671 3505 1746">
     <span class='ocr_line' id='line_1_45' title="bbox 1947 1671 3505 1746; baseline -0.002 -20"><span class='ocrx_word' id='word_1_308' title='bbox 1947 1683 2048 1730; x_wconf 90' lang='lat' dir='ltr'><strong>tem</strong></span> <span class='ocrx_word' id='word_1_309' title='bbox 2083 1676 2319 1746; x_wconf 88' lang='lat' dir='ltr'><strong>jucunde</strong></span> <span class='ocrx_word' id='word_1_310' title='bbox 2347 1673 2690 1742; x_wconf 85' lang='lat' dir='ltr'><strong>suaviterque</strong></span> <span class='ocrx_word' id='word_1_311' title='bbox 2723 1683 3002 1741; x_wconf 84' lang='lat' dir='ltr'><strong>acceptum</strong></span> <span class='ocrx_word' id='word_1_312' title='bbox 3031 1680 3146 1734; x_wconf 88' lang='lat' dir='ltr'><strong>est,</strong></span> <span class='ocrx_word' id='word_1_313' title='bbox 3192 1673 3429 1725; x_wconf 76' lang='lat' dir='ltr'><strong>tenacius</strong></span> <span class='ocrx_word' id='word_1_314' title='bbox 3452 1671 3505 1723; x_wconf 92' lang='lat' dir='ltr'><strong>in</strong></span> 
     </span>
    </p>
   </div>
   <div class='ocr_carea' id='block_1_46' title="bbox 1948 1763 3509 1828">
    <p class='ocr_par' dir='ltr' id='par_1_46' title="bbox 1948 1763 3509 1828">
     <span class='ocr_line' id='line_1_46' title="bbox 1948 1763 3509 1828; baseline -0.001 -10"><span class='ocrx_word' id='word_1_315' title='bbox 1948 1768 2138 1822; x_wconf 87' lang='lat' dir='ltr'><strong>animis</strong></span> <span class='ocrx_word' id='word_1_316' title='bbox 2193 1769 2391 1822; x_wconf 91' lang='lat' dir='ltr'><strong>nostris</strong></span> <span class='ocrx_word' id='word_1_317' title='bbox 2443 1765 2658 1819; x_wconf 90' lang='lat' dir='ltr'><strong>insidet.</strong></span> <span class='ocrx_word' id='word_1_318' title='bbox 2717 1763 2854 1828; x_wconf 88' lang='lat' dir='ltr'><strong>Quid</strong></span> <span class='ocrx_word' id='word_1_319' title='bbox 2916 1765 3058 1816; x_wconf 87' lang='lat' dir='ltr'><strong>enim</strong></span> <span class='ocrx_word' id='word_1_320' title='bbox 3129 1763 3252 1817; x_wconf 90' lang='lat' dir='ltr'><strong>inde</strong></span> <span class='ocrx_word' id='word_1_321' title='bbox 3301 1764 3509 1816; x_wconf 87' lang='lat' dir='ltr'><strong>discere</strong></span> 
     </span>
    </p>
   </div>
   <div class='ocr_carea' id='block_1_47' title="bbox 1951 1853 3509 1926">
    <p class='ocr_par' dir='ltr' id='par_1_47' title="bbox 1951 1853 3509 1926">
     <span class='ocr_line' id='line_1_47' title="bbox 1951 1853 3509 1926; baseline -0.001 -17"><span class='ocrx_word' id='word_1_322' title='bbox 1951 1872 2054 1911; x_wconf 89' lang='lat' dir='ltr'><strong>non</strong></span> <span class='ocrx_word' id='word_1_323' title='bbox 2146 1861 2347 1926; x_wconf 82' lang='lat' dir='ltr'><strong>queas?</strong></span> <span class='ocrx_word' id='word_1_324' title='bbox 2420 1872 2598 1913; x_wconf 90' lang='lat' dir='ltr'><strong>nonne</strong></span> <span class='ocrx_word' id='word_1_325' title='bbox 2681 1856 3016 1910; x_wconf 76' lang='lat' dir='ltr'><strong>fortitudinis</strong></span> <span class='ocrx_word' id='word_1_326' title='bbox 3098 1853 3509 1908; x_wconf 74' lang='lat' dir='ltr'><strong>claritudinem?</strong></span> 
     </span>
    </p>
   </div>
   <div class='ocr_carea' id='block_1_48' title="bbox 1945 1947 3504 2020">
    <p class='ocr_par' dir='ltr' id='par_1_48' title="bbox 1945 1947 3504 2020">
     <span class='ocr_line' id='line_1_48' title="bbox 1945 1947 3504 2020; baseline -0.001 -18"><span class='ocrx_word' id='word_1_327' title='bbox 1945 1949 2352 2018; x_wconf 74' lang='lat' dir='ltr'><strong>nonnejustitia:</strong></span> <span class='ocrx_word' id='word_1_328' title='bbox 2373 1951 2756 2020; x_wconf 79' lang='lat' dir='ltr'><strong>integritatem,</strong></span> <span class='ocrx_word' id='word_1_329' title='bbox 2779 1951 3093 2019; x_wconf 85' lang='lat' dir='ltr'><strong>gravitatem</strong></span> <span class='ocrx_word' id='word_1_330' title='bbox 3115 1947 3504 2016; x_wconf 69' lang='lat' dir='ltr'><strong>temperantiae,</strong></span> 
     </span>
    </p>
   </div>
   <div class='ocr_carea' id='block_1_49' title="bbox 1941 2037 3507 2110">
    <p class='ocr_par' dir='ltr' id='par_1_49' title="bbox 1941 2037 3507 2110">
     <span class='ocr_line' id='line_1_49' title="bbox 1941 2037 3507 2110; baseline -0.003 -16"><span class='ocrx_word' id='word_1_331' title='bbox 1941 2040 2238 2110; x_wconf 64' lang='lat' dir='ltr'><strong>prudentia!</strong></span> <span class='ocrx_word' id='word_1_332' title='bbox 2262 2040 2641 2108; x_wconf 83' lang='lat' dir='ltr'><strong>perfectionem</strong></span> <span class='ocrx_word' id='word_1_333' title='bbox 2664 2042 2687 2093; x_wconf 68' lang='grc' dir='ltr'><strong>ἰ</strong></span> <span class='ocrx_word' id='word_1_334' title='bbox 2716 2055 2890 2095; x_wconf 88' lang='lat' dir='ltr'><strong>nonne</strong></span> <span class='ocrx_word' id='word_1_335' title='bbox 2914 2038 3244 2109; x_wconf 65' lang='lat' dir='ltr'><strong>patuitentiaa</strong></span> <span class='ocrx_word' id='word_1_336' title='bbox 3266 2037 3507 2100; x_wconf 91' lang='lat' dir='ltr'><strong>modum,</strong></span> 
     </span>
    </p>
   </div>
   <div class='ocr_carea' id='block_1_50' title="bbox 1940 2129 3510 2201">
    <p class='ocr_par' dir='ltr' id='par_1_50' title="bbox 1940 2129 3510 2201">
     <span class='ocr_line' id='line_1_50' title="bbox 1940 2129 3510 2201; baseline -0.001 -15"><span class='ocrx_word' id='word_1_337' title='bbox 1940 2142 2034 2187; x_wconf 87' lang='lat' dir='ltr'><strong>aut</strong></span> <span class='ocrx_word' id='word_1_338' title='bbox 2094 2132 2362 2201; x_wconf 61' lang='lat' dir='ltr'><strong>patientia;</strong></span> <span class='ocrx_word' id='word_1_339' title='bbox 2422 2133 2765 2185; x_wconf 88' lang='lat' dir='ltr'><strong>mensuram?</strong></span> <span class='ocrx_word' id='word_1_340' title='bbox 2823 2147 2997 2185; x_wconf 89' lang='lat' dir='ltr'><strong>nonne</strong></span> <span class='ocrx_word' id='word_1_341' title='bbox 3056 2131 3268 2184; x_wconf 88' lang='lat' dir='ltr'><strong>tandem</strong></span> <span class='ocrx_word' id='word_1_342' title='bbox 3326 2129 3510 2184; x_wconf 80' lang='lat' dir='ltr'><strong>omnia</strong></span> 
     </span>
    </p>
   </div>
   <div class='ocr_carea' id='block_1_51' title="bbox 1944 2219 3507 2293">
    <p class='ocr_par' dir='ltr' id='par_1_51' title="bbox 1944 2219 3507 2293">
     <span class='ocr_line' id='line_1_51' title="bbox 1944 2219 3507 2293; baseline -0.001 -17"><span class='ocrx_word' id='word_1_343' title='bbox 1944 2238 2272 2293; x_wconf 65' lang='lat' dir='ltr'><strong>quaecunque</strong></span> <span class='ocrx_word' id='word_1_344' title='bbox 2325 2222 2552 2293; x_wconf 78' lang='lat' dir='ltr'><strong>proferri</strong></span> <span class='ocrx_word' id='word_1_345' title='bbox 2613 2232 2834 2290; x_wconf 91' lang='lat' dir='ltr'><strong>possunt</strong></span> <span class='ocrx_word' id='word_1_346' title='bbox 2889 2223 3068 2275; x_wconf 86' lang='lat' dir='ltr'><strong>bona?</strong></span> <span class='ocrx_word' id='word_1_347' title='bbox 3124 2221 3220 2274; x_wconf 85' lang='lat' dir='ltr'><strong>Hic</strong></span> <span class='ocrx_word' id='word_1_348' title='bbox 3271 2219 3507 2289; x_wconf 85' lang='lat' dir='ltr'><strong>perlecta</strong></span> 
     </span>
    </p>
   </div>
   <div class='ocr_carea' id='block_1_52' title="bbox 1942 2310 3510 2384">
    <p class='ocr_par' dir='ltr' id='par_1_52' title="bbox 1942 2310 3510 2384">
     <span class='ocr_line' id='line_1_52' title="bbox 1942 2310 3510 2384; baseline -0.003 -17"><span class='ocrx_word' id='word_1_349' title='bbox 1942 2317 2225 2384; x_wconf 76' lang='lat' dir='ltr'><strong>theologia,</strong></span> <span class='ocrx_word' id='word_1_350' title='bbox 2255 2317 2343 2370; x_wconf 93' lang='lat' dir='ltr'><strong>hic</strong></span> <span class='ocrx_word' id='word_1_351' title='bbox 2372 2315 2436 2369; x_wconf 88' lang='lat' dir='ltr'><strong>de</strong></span> <span class='ocrx_word' id='word_1_352' title='bbox 2467 2314 2668 2370; x_wconf 87' lang='lat' dir='ltr'><strong>Christi</strong></span> <span class='ocrx_word' id='word_1_353' title='bbox 2702 2313 2754 2368; x_wconf 92' lang='lat' dir='ltr'><strong>in</strong></span> <span class='ocrx_word' id='word_1_354' title='bbox 2795 2327 3014 2368; x_wconf 88' lang='lat' dir='ltr'><strong>carnem</strong></span> <span class='ocrx_word' id='word_1_355' title='bbox 3058 2312 3289 2366; x_wconf 82' lang='lat' dir='ltr'><strong>adventu</strong></span> <span class='ocrx_word' id='word_1_356' title='bbox 3320 2310 3510 2363; x_wconf 79' lang='lat' dir='ltr'><strong>vatici-</strong></span> 
     </span>
    </p>
   </div>
   <div class='ocr_carea' id='block_1_53' title="bbox 1943 2404 3503 2477">
    <p class='ocr_par' dir='ltr' id='par_1_53' title="bbox 1943 2404 3503 2477">
     <span class='ocr_line' id='line_1_53' title="bbox 1943 2404 3503 2477; baseline -0.003 -17"><span class='ocrx_word' id='word_1_357' title='bbox 1943 2406 2112 2472; x_wconf 87' lang='lat' dir='ltr'><strong>nium,</strong></span> <span class='ocrx_word' id='word_1_358' title='bbox 2148 2408 2234 2460; x_wconf 87' lang='lat' dir='ltr'><strong>hic</strong></span> <span class='ocrx_word' id='word_1_359' title='bbox 2271 2407 2614 2462; x_wconf 85' lang='lat' dir='ltr'><strong>comminatio</strong></span> <span class='ocrx_word' id='word_1_360' title='bbox 2649 2407 2858 2477; x_wconf 87' lang='lat' dir='ltr'><strong>judicii,</strong></span> <span class='ocrx_word' id='word_1_361' title='bbox 2903 2404 3316 2461; x_wconf 86' lang='lat' dir='ltr'><strong>resurrectionis</strong></span> <span class='ocrx_word' id='word_1_362' title='bbox 3358 2417 3503 2473; x_wconf 87' lang='lat' dir='ltr'><strong>spes,</strong></span> 
     </span>
    </p>
   </div>
   <div class='ocr_carea' id='block_1_54' title="bbox 1943 2496 3505 2566">
    <p class='ocr_par' dir='ltr' id='par_1_54' title="bbox 1943 2496 3505 2566">
     <span class='ocr_line' id='line_1_54' title="bbox 1943 2496 3505 2566; baseline -0.003 -14"><span class='ocrx_word' id='word_1_363' title='bbox 1943 2497 2104 2552; x_wconf 90' lang='lat' dir='ltr'><strong>timor</strong></span> <span class='ocrx_word' id='word_1_364' title='bbox 2140 2497 2410 2566; x_wconf 86' lang='lat' dir='ltr'><strong>supplicii,</strong></span> <span class='ocrx_word' id='word_1_365' title='bbox 2453 2496 2632 2564; x_wconf 77' lang='lat' dir='ltr'><strong>gloria:</strong></span> <span class='ocrx_word' id='word_1_366' title='bbox 2676 2497 3080 2565; x_wconf 90' lang='lat' dir='ltr'><strong>promissiones,</strong></span> <span class='ocrx_word' id='word_1_367' title='bbox 3123 2496 3505 2566; x_wconf 88' lang='lat' dir='ltr'><strong>mysteriorum</strong></span> 
     </span>
    </p>
   </div>
   <div class='ocr_carea' id='block_1_55' title="bbox 1939 2587 3508 2650">
    <p class='ocr_par' dir='ltr' id='par_1_55' title="bbox 1939 2587 3508 2650">
     <span class='ocr_line' id='line_1_55' title="bbox 1939 2587 3508 2650; baseline -0.004 -6"><span class='ocrx_word' id='word_1_368' title='bbox 1939 2589 2229 2650; x_wconf 77' lang='lat' dir='ltr'><strong>revelatio;</strong></span> <span class='ocrx_word' id='word_1_369' title='bbox 2274 2588 2451 2641; x_wconf 86' lang='lat' dir='ltr'><strong>omnia</strong></span> <span class='ocrx_word' id='word_1_370' title='bbox 2497 2589 2546 2640; x_wconf 87' lang='lat' dir='ltr'><strong>itt</strong></span> <span class='ocrx_word' id='word_1_371' title='bbox 2581 2587 2912 2641; x_wconf 81' lang='lat' dir='ltr'><strong>Psalmorum</strong></span> <span class='ocrx_word' id='word_1_372' title='bbox 2951 2588 3090 2641; x_wconf 88' lang='lat' dir='ltr'><strong>libro</strong></span> <span class='ocrx_word' id='word_1_373' title='bbox 3119 2587 3261 2639; x_wconf 79' lang='lat' dir='ltr'><strong>velut</strong></span> <span class='ocrx_word' id='word_1_374' title='bbox 3298 2588 3348 2639; x_wconf 92' lang='lat' dir='ltr'><strong>in</strong></span> <span class='ocrx_word' id='word_1_375' title='bbox 3389 2602 3508 2638; x_wconf 88' lang='lat' dir='ltr'><strong>ma-</strong></span> 
     </span>
    </p>
   </div>
   <div class='ocr_carea' id='block_1_56' title="bbox 1932 2678 3504 2750">
    <p class='ocr_par' dir='ltr' id='par_1_56' title="bbox 1932 2678 3504 2750">
     <span class='ocr_line' id='line_1_56' title="bbox 1932 2678 3504 2750; baseline -0.001 -16"><span class='ocrx_word' id='word_1_376' title='bbox 1932 2680 2041 2750; x_wconf 71' lang='lat' dir='ltr'><strong>gno</strong></span> <span class='ocrx_word' id='word_1_377' title='bbox 2066 2681 2296 2750; x_wconf 87' lang='lat' dir='ltr'><strong>quodam</strong></span> <span class='ocrx_word' id='word_1_378' title='bbox 2323 2691 2375 2733; x_wconf 91' lang='lat' dir='ltr'><strong>et</strong></span> <span class='ocrx_word' id='word_1_379' title='bbox 2403 2678 2674 2732; x_wconf 90' lang='lat' dir='ltr'><strong>communi</strong></span> <span class='ocrx_word' id='word_1_380' title='bbox 2717 2680 3084 2747; x_wconf 88' lang='lat' dir='ltr'><strong>promptuario</strong></span> <span class='ocrx_word' id='word_1_381' title='bbox 3122 2679 3504 2732; x_wconf 91' lang='lat' dir='ltr'><strong>reconduntur.</strong></span> 
     </span>
    </p>
   </div>
   <div class='ocr_carea' id='block_1_57' title="bbox 1938 2769 3507 2838">
    <p class='ocr_par' dir='ltr' id='par_1_57' title="bbox 1938 2769 3507 2838">
     <span class='ocr_line' id='line_1_57' title="bbox 1938 2769 3507 2838; baseline -0.002 -13"><span class='ocrx_word' id='word_1_382' title='bbox 1938 2773 2105 2837; x_wconf 84' lang='lat' dir='ltr'><strong>Quem</strong></span> <span class='ocrx_word' id='word_1_383' title='bbox 2157 2773 2371 2838; x_wconf 86' lang='lat' dir='ltr'><strong>librum,</strong></span> <span class='ocrx_word' id='word_1_384' title='bbox 2427 2771 2638 2825; x_wconf 87' lang='lat' dir='ltr'><strong>tametsi</strong></span> <span class='ocrx_word' id='word_1_385' title='bbox 2695 2771 2905 2824; x_wconf 86' lang='lat' dir='ltr'><strong>diversa</strong></span> <span class='ocrx_word' id='word_1_386' title='bbox 2970 2777 3097 2824; x_wconf 91' lang='lat' dir='ltr'><strong>sunt</strong></span> <span class='ocrx_word' id='word_1_387' title='bbox 3155 2769 3507 2823; x_wconf 84' lang='lat' dir='ltr'><strong>instrumenta</strong></span> 
     </span>
    </p>
   </div>
   <div class='ocr_carea' id='block_1_58' title="bbox 1939 2860 3507 2933">
    <p class='ocr_par' dir='ltr' id='par_1_58' title="bbox 1939 2860 3507 2933">
     <span class='ocr_line' id='line_1_58' title="bbox 1939 2860 3507 2933; baseline -0.003 -15"><span class='ocrx_word' id='word_1_388' title='bbox 1939 2865 2172 2926; x_wconf 89' lang='lat' dir='ltr'><strong>musica,</strong></span> <span class='ocrx_word' id='word_1_389' title='bbox 2232 2864 2296 2915; x_wconf 87' lang='lat' dir='ltr'><strong>ad</strong></span> <span class='ocrx_word' id='word_1_390' title='bbox 2357 2864 2699 2930; x_wconf 86' lang='lat' dir='ltr'><strong>psalterium,</strong></span> <span class='ocrx_word' id='word_1_391' title='bbox 2755 2863 2897 2933; x_wconf 90' lang='lat' dir='ltr'><strong>quod</strong></span> <span class='ocrx_word' id='word_1_392' title='bbox 2957 2871 3176 2922; x_wconf 86' lang='lat' dir='ltr'><strong>vocant,</strong></span> <span class='ocrx_word' id='word_1_393' title='bbox 3241 2860 3507 2928; x_wconf 81' lang='lat' dir='ltr'><strong>Propheta</strong></span> 
     </span>
    </p>
   </div>
   <div class='ocr_carea' id='block_1_59' title="bbox 1938 2951 3511 3024">
    <p class='ocr_par' dir='ltr' id='par_1_59' title="bbox 1938 2951 3511 3024">
     <span class='ocr_line' id='line_1_59' title="bbox 1938 2951 3511 3024; baseline -0.001 -16"><span class='ocrx_word' id='word_1_394' title='bbox 1938 2954 2157 3024; x_wconf 87' lang='lat' dir='ltr'><strong>aptavit.</strong></span> <span class='ocrx_word' id='word_1_395' title='bbox 2208 2952 2414 3021; x_wconf 86' lang='lat' dir='ltr'><strong>Quippe</strong></span> <span class='ocrx_word' id='word_1_396' title='bbox 2467 2954 2718 3021; x_wconf 78' lang='lat' dir='ltr'><strong>gratiam,</strong></span> <span class='ocrx_word' id='word_1_397' title='bbox 2773 2964 2831 3007; x_wconf 91' lang='lat' dir='ltr'><strong>ut</strong></span> <span class='ocrx_word' id='word_1_398' title='bbox 2878 2953 3006 3007; x_wconf 91' lang='lat' dir='ltr'><strong>mihi</strong></span> <span class='ocrx_word' id='word_1_399' title='bbox 3064 2953 3298 3013; x_wconf 87' lang='lat' dir='ltr'><strong>videtur,</strong></span> <span class='ocrx_word' id='word_1_400' title='bbox 3349 2951 3400 3005; x_wconf 90' lang='lat' dir='ltr'><strong>in</strong></span> <span class='ocrx_word' id='word_1_401' title='bbox 3443 2964 3511 3006; x_wconf 82' lang='lat' dir='ltr'><strong>eo</strong></span> 
     </span>
    </p>
   </div>
   <div class='ocr_carea' id='block_1_60' title="bbox 1939 3042 3510 3117">
    <p class='ocr_par' dir='ltr' id='par_1_60' title="bbox 1939 3042 3510 3117">
     <span class='ocr_line' id='line_1_60' title="bbox 1939 3042 3510 3117; baseline -0.006 -14"><span class='ocrx_word' id='word_1_402' title='bbox 1939 3049 2169 3117; x_wconf 91' lang='lat' dir='ltr'><strong>desuper</strong></span> <span class='ocrx_word' id='word_1_403' title='bbox 2214 3059 2242 3098; x_wconf 89' lang='lat' dir='ltr'><strong>a</strong></span> <span class='ocrx_word' id='word_1_404' title='bbox 2296 3054 2482 3098; x_wconf 91' lang='lat' dir='ltr'><strong>sancto</strong></span> <span class='ocrx_word' id='word_1_405' title='bbox 2523 3042 2726 3112; x_wconf 85' lang='lat' dir='ltr'><strong>Spiritu</strong></span> <span class='ocrx_word' id='word_1_406' title='bbox 2779 3058 3031 3098; x_wconf 90' lang='lat' dir='ltr'><strong>resonare</strong></span> <span class='ocrx_word' id='word_1_407' title='bbox 3079 3043 3334 3104; x_wconf 84' lang='lat' dir='ltr'><strong>ostendit,</strong></span> <span class='ocrx_word' id='word_1_408' title='bbox 3387 3056 3510 3110; x_wconf 84' lang='lat' dir='ltr'><strong>pro-</strong></span> 
     </span>
    </p>
   </div>
   <div class='ocr_carea' id='block_1_61' title="bbox 1936 3130 3510 3208">
    <p class='ocr_par' dir='ltr' id='par_1_61' title="bbox 1936 3130 3510 3208">
     <span class='ocr_line' id='line_1_61' title="bbox 1936 3130 3510 3208; baseline -0.006 -14"><span class='ocrx_word' id='word_1_409' title='bbox 1936 3149 2118 3208; x_wconf 88' lang='lat' dir='ltr'><strong>pterea</strong></span> <span class='ocrx_word' id='word_1_410' title='bbox 2171 3139 2311 3207; x_wconf 91' lang='lat' dir='ltr'><strong>quod</strong></span> <span class='ocrx_word' id='word_1_411' title='bbox 2372 3137 2474 3190; x_wconf 80' lang='lat' dir='ltr'><strong>hoc</strong></span> <span class='ocrx_word' id='word_1_412' title='bbox 2517 3134 2687 3189; x_wconf 93' lang='lat' dir='ltr'><strong>solum</strong></span> <span class='ocrx_word' id='word_1_413' title='bbox 2742 3148 2804 3187; x_wconf 81' lang='lat' dir='ltr'><strong>ex</strong></span> <span class='ocrx_word' id='word_1_414' title='bbox 2861 3133 3082 3187; x_wconf 90' lang='lat' dir='ltr'><strong>musicis</strong></span> <span class='ocrx_word' id='word_1_415' title='bbox 3135 3130 3510 3186; x_wconf 89' lang='lat' dir='ltr'><strong>instrumentis</strong></span> 
     </span>
    </p>
   </div>
   <div class='ocr_carea' id='block_1_62' title="bbox 273 3221 1956 3301">
    <p class='ocr_par' dir='ltr' id='par_1_62' title="bbox 273 3221 1956 3301">
     <span class='ocr_line' id='line_1_62' title="bbox 273 3221 1956 3301; baseline 0.003 -28"><span class='ocrx_word' id='word_1_416' title='bbox 273 3221 363 3274; x_wconf 85' lang='grc' dir='ltr'><strong>θεν</strong></span> <span class='ocrx_word' id='word_1_417' title='bbox 395 3225 421 3274; x_wconf 86' lang='grc' dir='ltr'>ὁ</span> <span class='ocrx_word' id='word_1_418' title='bbox 455 3222 653 3291; x_wconf 83' lang='grc' dir='ltr'>χαλκὸς</span> <span class='ocrx_word' id='word_1_419' title='bbox 693 3223 891 3292; x_wconf 80' lang='grc' dir='ltr'>ὑπηχεῖ</span> <span class='ocrx_word' id='word_1_420' title='bbox 925 3223 1058 3295; x_wconf 82' lang='grc' dir='ltr'>πρὸς</span> <span class='ocrx_word' id='word_1_421' title='bbox 1090 3224 1150 3276; x_wconf 83' lang='grc' dir='ltr'><strong>τὺ</strong></span> <span class='ocrx_word' id='word_1_422' title='bbox 1184 3224 1456 3296; x_wconf 81' lang='grc' dir='ltr'>πλῆκτρον</span> <span class='ocrx_word' id='word_1_423' title='bbox 1476 3243 1489 3256; x_wconf 83' lang='grc'><em>’</em></span> <span class='ocrx_word' id='word_1_424' title='bbox 1526 3227 1585 3283; x_wconf 83' lang='grc' dir='ltr'>τὸ</span> <span class='ocrx_word' id='word_1_425' title='bbox 1629 3226 1832 3297; x_wconf 75' lang='grc' dir='ltr'>ψαλτή-</span> <span class='ocrx_word' id='word_1_426' title='bbox 1861 3243 1904 3301; x_wconf 75' lang='lat' dir='ltr'><strong>C</strong></span> <span class='ocrx_word' id='word_1_427' title='bbox 1937 3247 1956 3286; x_wconf 73' lang='grc' dir='ltr'>ε</span> 
     </span>
    </p>
   </div>
   <div class='ocr_carea' id='block_1_63' title="bbox 1822 3221 3505 3301">
    <p class='ocr_par' dir='ltr' id='par_1_63' title="bbox 1822 3221 3505 3301">
     <span class='ocr_line' id='line_1_63' title="bbox 1822 3221 3505 3301; baseline -0.006 -15"><span class='ocrx_word' id='word_1_428' title='bbox 1822 3243 1904 3301; x_wconf 74' lang='grc' dir='ltr'><strong>-α</strong></span> <span class='ocrx_word' id='word_1_429' title='bbox 1937 3231 2062 3286; x_wconf 92' lang='lat' dir='ltr'><strong>editi</strong></span> <span class='ocrx_word' id='word_1_430' title='bbox 2107 3231 2222 3285; x_wconf 88' lang='lat' dir='ltr'><strong>soni</strong></span> <span class='ocrx_word' id='word_1_431' title='bbox 2264 3242 2480 3282; x_wconf 87' lang='lat' dir='ltr'><strong>causam</strong></span> <span class='ocrx_word' id='word_1_432' title='bbox 2534 3230 2601 3280; x_wconf 87' lang='lat' dir='ltr'><strong>ab</strong></span> <span class='ocrx_word' id='word_1_433' title='bbox 2648 3225 2838 3279; x_wconf 90' lang='lat' dir='ltr'><strong>altiore</strong></span> <span class='ocrx_word' id='word_1_434' title='bbox 2876 3224 2994 3278; x_wconf 91' lang='lat' dir='ltr'><strong>loco</strong></span> <span class='ocrx_word' id='word_1_435' title='bbox 3039 3224 3218 3278; x_wconf 89' lang='lat' dir='ltr'><strong>habet.</strong></span> <span class='ocrx_word' id='word_1_436' title='bbox 3262 3221 3395 3276; x_wconf 77' lang='lat' dir='ltr'><strong>Nam</strong></span> <span class='ocrx_word' id='word_1_437' title='bbox 3431 3224 3505 3277; x_wconf 90' lang='lat' dir='ltr'><strong>ci-</strong></span> 
     </span>
    </p>
   </div>
   <div class='ocr_carea' id='block_1_64' title="bbox 273 3313 1835 3388">
    <p class='ocr_par' dir='ltr' id='par_1_64' title="bbox 273 3313 1835 3388">
     <span class='ocr_line' id='line_1_64' title="bbox 273 3313 1835 3388; baseline 0.004 -22"><span class='ocrx_word' id='word_1_438' title='bbox 273 3331 386 3388; x_wconf 91' lang='grc' dir='ltr'>ριον</span> <span class='ocrx_word' id='word_1_439' title='bbox 433 3313 487 3366; x_wconf 82' lang='grc' dir='ltr'>δὲ</span> <span class='ocrx_word' id='word_1_440' title='bbox 526 3313 682 3366; x_wconf 86' lang='grc' dir='ltr'>τοῦτο</span> <span class='ocrx_word' id='word_1_441' title='bbox 718 3313 824 3367; x_wconf 90' lang='grc' dir='ltr'><strong>τῶν</strong></span> <span class='ocrx_word' id='word_1_442' title='bbox 864 3315 1172 3385; x_wconf 81' lang='grc' dir='ltr'>ἁρμονικῶν</span> <span class='ocrx_word' id='word_1_443' title='bbox 1208 3315 1430 3386; x_wconf 78' lang='grc' dir='ltr'>ῥυθμῶν</span> <span class='ocrx_word' id='word_1_444' title='bbox 1472 3317 1674 3371; x_wconf 81' lang='grc' dir='ltr'>ἄνωθεν</span> <span class='ocrx_word' id='word_1_445' title='bbox 1721 3318 1835 3388; x_wconf 79' lang='grc' dir='ltr'>ἔχει</span> 
     </span>
    </p>
   </div>
   <div class='ocr_carea' id='block_1_65' title="bbox 270 3407 1836 3481">
    <p class='ocr_par' dir='ltr' id='par_1_65' title="bbox 270 3407 1836 3481">
     <span class='ocr_line' id='line_1_65' title="bbox 270 3407 1836 3481; baseline 0.003 -21"><span class='ocrx_word' id='word_1_446' title='bbox 270 3407 370 3470; x_wconf 77' lang='grc' dir='ltr'>τὰς</span> <span class='ocrx_word' id='word_1_447' title='bbox 402 3407 652 3479; x_wconf 84' lang='grc' dir='ltr'>ἀφορμάς</span> <span class='ocrx_word' id='word_1_448' title='bbox 673 3424 686 3436; x_wconf 86' lang='lat'>&#39;</span> <span class='ocrx_word' id='word_1_449' title='bbox 724 3408 808 3460; x_wconf 75' lang='grc' dir='ltr'>ἵνα</span> <span class='ocrx_word' id='word_1_450' title='bbox 838 3409 929 3464; x_wconf 80' lang='grc' dir='ltr'>καὶ</span> <span class='ocrx_word' id='word_1_451' title='bbox 963 3409 1122 3480; x_wconf 74' lang='grc' dir='ltr'>ἡμεῖς</span> <span class='ocrx_word' id='word_1_452' title='bbox 1150 3408 1217 3461; x_wconf 84' lang='grc' dir='ltr'>τὰ</span> <span class='ocrx_word' id='word_1_453' title='bbox 1243 3407 1354 3461; x_wconf 78' lang='grc' dir='ltr'>ἄνω</span> <span class='ocrx_word' id='word_1_454' title='bbox 1385 3407 1567 3479; x_wconf 77' lang='grc' dir='ltr'>ζητεῖν</span> <span class='ocrx_word' id='word_1_455' title='bbox 1602 3410 1836 3481; x_wconf 89' lang='grc' dir='ltr'>μελετῶ-</span> 
     </span>
    </p>
   </div>
   <div class='ocr_carea' id='block_1_66' title="bbox 274 3499 1835 3574">
    <p class='ocr_par' dir='ltr' id='par_1_66' title="bbox 274 3499 1835 3574">
     <span class='ocr_line' id='line_1_66' title="bbox 274 3499 1835 3574; baseline 0.004 -25"><span class='ocrx_word' id='word_1_456' title='bbox 274 3516 396 3574; x_wconf 79' lang='grc' dir='ltr'>μεν,</span> <span class='ocrx_word' id='word_1_457' title='bbox 434 3501 524 3552; x_wconf 78' lang='grc' dir='ltr'>καὶ</span> <span class='ocrx_word' id='word_1_458' title='bbox 557 3500 629 3570; x_wconf 81' lang='grc' dir='ltr'>μὴ</span> <span class='ocrx_word' id='word_1_459' title='bbox 662 3502 726 3568; x_wconf 79' lang='grc' dir='ltr'><strong>τῇ</strong></span> <span class='ocrx_word' id='word_1_460' title='bbox 763 3500 918 3572; x_wconf 78' lang='grc' dir='ltr'>ἡδονῇ</span> <span class='ocrx_word' id='word_1_461' title='bbox 951 3499 1041 3552; x_wconf 87' lang='grc' dir='ltr'><strong>τοῦ</strong></span> <span class='ocrx_word' id='word_1_462' title='bbox 1076 3499 1267 3570; x_wconf 79' lang='grc' dir='ltr'>μέλους</span> <span class='ocrx_word' id='word_1_463' title='bbox 1292 3501 1382 3554; x_wconf 75' lang='grc' dir='ltr'><strong>ἐπὶ</strong></span> <span class='ocrx_word' id='word_1_464' title='bbox 1416 3502 1482 3554; x_wconf 90' lang='grc' dir='ltr'><strong>τά</strong></span> <span class='ocrx_word' id='word_1_465' title='bbox 1507 3502 1605 3571; x_wconf 80' lang='grc' dir='ltr'>τῆς</span> <span class='ocrx_word' id='word_1_466' title='bbox 1634 3503 1835 3574; x_wconf 80' lang='grc' dir='ltr'>σαρκὸς</span> 
     </span>
    </p>
   </div>
   <div class='ocr_carea' id='block_1_67' title="bbox 271 3590 1834 3670">
    <p class='ocr_par' dir='ltr' id='par_1_67' title="bbox 271 3590 1834 3670">
     <span class='ocr_line' id='line_1_67' title="bbox 271 3590 1834 3670; baseline 0.001 -25"><span class='ocrx_word' id='word_1_467' title='bbox 271 3592 420 3662; x_wconf 79' lang='grc' dir='ltr'>πάθη</span> <span class='ocrx_word' id='word_1_468' title='bbox 448 3592 902 3663; x_wconf 81' lang='grc' dir='ltr'>καταφερώμεθα.</span> <span class='ocrx_word' id='word_1_469' title='bbox 945 3594 1176 3646; x_wconf 85' lang='grc' dir='ltr'>Κάκείνο</span> <span class='ocrx_word' id='word_1_470' title='bbox 1203 3594 1258 3646; x_wconf 85' lang='grc' dir='ltr'>δὲ</span> <span class='ocrx_word' id='word_1_471' title='bbox 1296 3590 1446 3664; x_wconf 70' lang='grc' dir='ltr'>οἶμαι</span> <span class='ocrx_word' id='word_1_472' title='bbox 1491 3595 1579 3647; x_wconf 81' lang='grc' dir='ltr'>τὸν</span> <span class='ocrx_word' id='word_1_473' title='bbox 1620 3614 1834 3670; x_wconf 78' lang='grc' dir='ltr'>προφηο</span> 
     </span>
    </p>
   </div>
   <div class='ocr_carea' id='block_1_68' title="bbox 271 3684 1833 3759">
    <p class='ocr_par' dir='ltr' id='par_1_68' title="bbox 271 3684 1833 3759">
     <span class='ocr_line' id='line_1_68' title="bbox 271 3684 1833 3759; baseline 0.002 -20"><span class='ocrx_word' id='word_1_474' title='bbox 271 3684 422 3740; x_wconf 73' lang='grc' dir='ltr'>τικδν</span> <span class='ocrx_word' id='word_1_475' title='bbox 447 3685 602 3752; x_wconf 88' lang='grc' dir='ltr'>λόγον</span> <span class='ocrx_word' id='word_1_476' title='bbox 636 3684 842 3754; x_wconf 82' lang='grc' dir='ltr'>βαθέως</span> <span class='ocrx_word' id='word_1_477' title='bbox 873 3687 999 3754; x_wconf 81' lang='grc' dir='ltr'>ἡμῖν</span> <span class='ocrx_word' id='word_1_478' title='bbox 1026 3685 1115 3736; x_wconf 75' lang='grc' dir='ltr'>καὶ</span> <span class='ocrx_word' id='word_1_479' title='bbox 1135 3685 1309 3752; x_wconf 74' lang='grc' dir='ltr'>σοφῶς</span> <span class='ocrx_word' id='word_1_480' title='bbox 1329 3685 1416 3738; x_wconf 85' lang='grc' dir='ltr'>διὰ</span> <span class='ocrx_word' id='word_1_481' title='bbox 1431 3687 1526 3757; x_wconf 78' lang='grc' dir='ltr'>τῆς</span> <span class='ocrx_word' id='word_1_482' title='bbox 1548 3688 1640 3740; x_wconf 90' lang='grc' dir='ltr'><strong>τοῦ</strong></span> <span class='ocrx_word' id='word_1_483' title='bbox 1667 3690 1833 3759; x_wconf 78' lang='grc' dir='ltr'>ὀργά-</span> 
     </span>
    </p>
   </div>
   <div class='ocr_carea' id='block_1_69' title="bbox 271 3776 1834 3848">
    <p class='ocr_par' dir='ltr' id='par_1_69' title="bbox 271 3776 1834 3848">
     <span class='ocr_line' id='line_1_69' title="bbox 271 3776 1834 3848; baseline 0 -14"><span class='ocrx_word' id='word_1_484' title='bbox 271 3798 365 3835; x_wconf 87' lang='grc' dir='ltr'><strong>νου</strong></span> <span class='ocrx_word' id='word_1_485' title='bbox 383 3778 725 3847; x_wconf 79' lang='grc' dir='ltr'>κατασκευῆς</span> <span class='ocrx_word' id='word_1_486' title='bbox 764 3776 1103 3845; x_wconf 75' lang='grc' dir='ltr'>ἐνδεδεῖχθαι,</span> <span class='ocrx_word' id='word_1_487' title='bbox 1126 3778 1206 3829; x_wconf 83' lang='grc' dir='ltr'>ὅτι</span> <span class='ocrx_word' id='word_1_488' title='bbox 1237 3780 1284 3829; x_wconf 89' lang='grc' dir='ltr'><strong>οί</strong></span> <span class='ocrx_word' id='word_1_489' title='bbox 1319 3779 1576 3848; x_wconf 84' lang='grc' dir='ltr'>ἐμμελεῖς</span> <span class='ocrx_word' id='word_1_490' title='bbox 1619 3782 1713 3833; x_wconf 73' lang='grc' dir='ltr'>καὶ</span> <span class='ocrx_word' id='word_1_491' title='bbox 1741 3783 1834 3834; x_wconf 79' lang='grc' dir='ltr'>εύ-</span> 
     </span>
    </p>
   </div>
   <div class='ocr_carea' id='block_1_70' title="bbox 273 3869 1836 3945">
    <p class='ocr_par' dir='ltr' id='par_1_70' title="bbox 273 3869 1836 3945">
     <span class='ocr_line' id='line_1_70' title="bbox 273 3869 1836 3945; baseline 0 -19"><span class='ocrx_word' id='word_1_492' title='bbox 273 3873 534 3945; x_wconf 82' lang='grc' dir='ltr'>άρμοστοι</span> <span class='ocrx_word' id='word_1_493' title='bbox 552 3871 830 3940; x_wconf 69' lang='grc' dir='ltr'>τάςψυχάς</span> <span class='ocrx_word' id='word_1_494' title='bbox 854 3869 1038 3941; x_wconf 70' lang='grc' dir='ltr'>ῥᾳδίαν</span> <span class='ocrx_word' id='word_1_495' title='bbox 1058 3869 1237 3940; x_wconf 77' lang='grc' dir='ltr'>ἔχουσι</span> <span class='ocrx_word' id='word_1_496' title='bbox 1265 3869 1373 3939; x_wconf 85' lang='grc'>(96)</span> <span class='ocrx_word' id='word_1_497' title='bbox 1408 3871 1503 3940; x_wconf 82' lang='grc' dir='ltr'>τὴν</span> <span class='ocrx_word' id='word_1_498' title='bbox 1532 3875 1609 3934; x_wconf 88' lang='grc' dir='ltr'><strong>εἰς</strong></span> <span class='ocrx_word' id='word_1_499' title='bbox 1639 3873 1706 3925; x_wconf 79' lang='grc' dir='ltr'><strong>τά</strong></span> <span class='ocrx_word' id='word_1_500' title='bbox 1726 3875 1836 3941; x_wconf 61' lang='grc' dir='ltr'>ἄνευ</span> 
     </span>
    </p>
   </div>
   <div class='ocr_carea' id='block_1_71' title="bbox 272 3949 1832 4038">
    <p class='ocr_par' dir='ltr' id='par_1_71' title="bbox 272 3949 1832 4038">
     <span class='ocr_line' id='line_1_71' title="bbox 272 3949 1832 4038; baseline -0.001 -18"><span class='ocrx_word' id='word_1_501' title='bbox 272 3967 518 4038; x_wconf 85' lang='grc' dir='ltr'>πορείαν.</span> <span class='ocrx_word' id='word_1_502' title='bbox 530 3964 754 4034; x_wconf 85' lang='grc' dir='ltr'>Ἰδωμεν</span> <span class='ocrx_word' id='word_1_503' title='bbox 767 3963 821 4015; x_wconf 77' lang='grc' dir='ltr'>δὲ</span> <span class='ocrx_word' id='word_1_504' title='bbox 839 3949 1022 4015; x_wconf 74' lang='grc' dir='ltr'>λοιπὸν</span> <span class='ocrx_word' id='word_1_505' title='bbox 1040 3963 1130 4015; x_wconf 76' lang='grc' dir='ltr'>καὶ</span> <span class='ocrx_word' id='word_1_506' title='bbox 1142 3962 1239 4033; x_wconf 81' lang='grc' dir='ltr'>τὴν</span> <span class='ocrx_word' id='word_1_507' title='bbox 1257 3963 1429 4033; x_wconf 83' lang='grc' dir='ltr'>ἀρχὴν</span> <span class='ocrx_word' id='word_1_508' title='bbox 1445 3963 1552 4016; x_wconf 90' lang='grc' dir='ltr'><strong>τῶν</strong></span> <span class='ocrx_word' id='word_1_509' title='bbox 1568 3965 1832 4035; x_wconf 77' lang='grc' dir='ltr'>Ψαλμῶν.</span> 
     </span>
    </p>
   </div>
   <div class='ocr_carea' id='block_1_72' title="bbox 1941 3316 3509 3388">
    <p class='ocr_par' dir='ltr' id='par_1_72' title="bbox 1941 3316 3509 3388">
     <span class='ocr_line' id='line_1_72' title="bbox 1941 3316 3509 3388; baseline -0.004 -12"><span class='ocrx_word' id='word_1_510' title='bbox 1941 3324 2109 3376; x_wconf 66' lang='lat' dir='ltr'><strong>tharm</strong></span> <span class='ocrx_word' id='word_1_511' title='bbox 2167 3336 2230 3375; x_wconf 90' lang='lat' dir='ltr'><strong>ac</strong></span> <span class='ocrx_word' id='word_1_512' title='bbox 2269 3321 2395 3388; x_wconf 75' lang='lat' dir='ltr'><strong>lyrae</strong></span> <span class='ocrx_word' id='word_1_513' title='bbox 2433 3334 2506 3372; x_wconf 58' lang='lat' dir='ltr'><strong>ass</strong></span> <span class='ocrx_word' id='word_1_514' title='bbox 2544 3331 2608 3372; x_wconf 79' lang='lat' dir='ltr'><strong>ex</strong></span> <span class='ocrx_word' id='word_1_515' title='bbox 2655 3317 2896 3372; x_wconf 82' lang='lat' dir='ltr'><strong>inferiori</strong></span> <span class='ocrx_word' id='word_1_516' title='bbox 2947 3327 3102 3386; x_wconf 80' lang='lat' dir='ltr'><strong>parte</strong></span> <span class='ocrx_word' id='word_1_517' title='bbox 3131 3316 3363 3370; x_wconf 84' lang='lat' dir='ltr'><strong>sonitum</strong></span> <span class='ocrx_word' id='word_1_518' title='bbox 3398 3316 3509 3370; x_wconf 86' lang='lat' dir='ltr'><strong>edit</strong></span> 
     </span>
    </p>
   </div>
   <div class='ocr_carea' id='block_1_73' title="bbox 1939 3409 3506 3482">
    <p class='ocr_par' dir='ltr' id='par_1_73' title="bbox 1939 3409 3506 3482">
     <span class='ocr_line' id='line_1_73' title="bbox 1939 3409 3506 3482; baseline -0.004 -14"><span class='ocrx_word' id='word_1_519' title='bbox 1939 3415 2006 3468; x_wconf 86' lang='lat' dir='ltr'><strong>ad</strong></span> <span class='ocrx_word' id='word_1_520' title='bbox 2064 3413 2353 3482; x_wconf 85' lang='lat' dir='ltr'><strong>plectrum;</strong></span> <span class='ocrx_word' id='word_1_521' title='bbox 2409 3410 2721 3478; x_wconf 87' lang='lat' dir='ltr'><strong>psalterium</strong></span> <span class='ocrx_word' id='word_1_522' title='bbox 2780 3423 2911 3461; x_wconf 89' lang='lat' dir='ltr'><strong>vero</strong></span> <span class='ocrx_word' id='word_1_523' title='bbox 2961 3423 2987 3459; x_wconf 89' lang='lat' dir='ltr'><strong>a</strong></span> <span class='ocrx_word' id='word_1_524' title='bbox 3042 3417 3192 3476; x_wconf 86' lang='lat' dir='ltr'><strong>parte</strong></span> <span class='ocrx_word' id='word_1_525' title='bbox 3240 3409 3506 3477; x_wconf 79' lang='lat' dir='ltr'><strong>superiori</strong></span> 
     </span>
    </p>
   </div>
   <div class='ocr_carea' id='block_1_74' title="bbox 1940 3497 3508 3566">
    <p class='ocr_par' dir='ltr' id='par_1_74' title="bbox 1940 3497 3508 3566">
     <span class='ocr_line' id='line_1_74' title="bbox 1940 3497 3508 3566; baseline -0.004 -7"><span class='ocrx_word' id='word_1_526' title='bbox 1940 3505 2218 3560; x_wconf 73' lang='lat' dir='ltr'><strong>concinna:</strong></span> <span class='ocrx_word' id='word_1_527' title='bbox 2263 3516 2372 3556; x_wconf 71' lang='lat' dir='ltr'><strong>sua:</strong></span> <span class='ocrx_word' id='word_1_528' title='bbox 2413 3499 2794 3554; x_wconf 90' lang='lat' dir='ltr'><strong>modulationis</strong></span> <span class='ocrx_word' id='word_1_529' title='bbox 2832 3498 3092 3566; x_wconf 79' lang='lat' dir='ltr'><strong>originem</strong></span> <span class='ocrx_word' id='word_1_530' title='bbox 3129 3497 3269 3553; x_wconf 89' lang='lat' dir='ltr'><strong>ducit</strong></span> <span class='ocrx_word' id='word_1_531' title='bbox 3305 3514 3318 3552; x_wconf 90' lang='lat'><strong>:</strong></span> <span class='ocrx_word' id='word_1_532' title='bbox 3361 3509 3418 3550; x_wconf 92' lang='lat' dir='ltr'><strong>ut</strong></span> <span class='ocrx_word' id='word_1_533' title='bbox 3451 3506 3508 3552; x_wconf 86' lang='lat' dir='ltr'><strong>et</strong></span> 
     </span>
    </p>
   </div>
   <div class='ocr_carea' id='block_1_75' title="bbox 1939 3591 3505 3665">
    <p class='ocr_par' dir='ltr' id='par_1_75' title="bbox 1939 3591 3505 3665">
     <span class='ocr_line' id='line_1_75' title="bbox 1939 3591 3505 3665; baseline -0.008 -12"><span class='ocrx_word' id='word_1_534' title='bbox 1939 3613 2038 3653; x_wconf 85' lang='lat' dir='ltr'><strong>nos</strong></span> <span class='ocrx_word' id='word_1_535' title='bbox 2083 3611 2201 3665; x_wconf 72' lang='lat' dir='ltr'><strong>qua:</strong></span> <span class='ocrx_word' id='word_1_536' title='bbox 2243 3607 2454 3647; x_wconf 86' lang='lat' dir='ltr'><strong>sursum</strong></span> <span class='ocrx_word' id='word_1_537' title='bbox 2491 3602 2614 3645; x_wconf 90' lang='lat' dir='ltr'><strong>sunt</strong></span> <span class='ocrx_word' id='word_1_538' title='bbox 2657 3605 2898 3660; x_wconf 57' lang='lat' dir='ltr'><strong>quaerere</strong></span> <span class='ocrx_word' id='word_1_539' title='bbox 2939 3591 3270 3649; x_wconf 85' lang='lat' dir='ltr'><strong>studeamus,</strong></span> <span class='ocrx_word' id='word_1_540' title='bbox 3301 3598 3357 3642; x_wconf 92' lang='lat' dir='ltr'><strong>et</strong></span> <span class='ocrx_word' id='word_1_541' title='bbox 3401 3604 3505 3641; x_wconf 86' lang='lat' dir='ltr'><strong>non</strong></span> 
     </span>
    </p>
   </div>
   <div class='ocr_carea' id='block_1_76' title="bbox 1940 3680 3502 3752">
    <p class='ocr_par' dir='ltr' id='par_1_76' title="bbox 1940 3680 3502 3752">
     <span class='ocr_line' id='line_1_76' title="bbox 1940 3680 3502 3752; baseline -0.009 -6"><span class='ocrx_word' id='word_1_542' title='bbox 1940 3699 2233 3747; x_wconf 86' lang='lat' dir='ltr'><strong>concentus</strong></span> <span class='ocrx_word' id='word_1_543' title='bbox 2274 3687 2554 3742; x_wconf 90' lang='lat' dir='ltr'><strong>dulcedine</strong></span> <span class='ocrx_word' id='word_1_544' title='bbox 2604 3685 2670 3738; x_wconf 88' lang='lat' dir='ltr'><strong>ad</strong></span> <span class='ocrx_word' id='word_1_545' title='bbox 2711 3684 2889 3738; x_wconf 83' lang='lat' dir='ltr'><strong>carnis</strong></span> <span class='ocrx_word' id='word_1_546' title='bbox 2928 3682 3217 3752; x_wconf 85' lang='lat' dir='ltr'><strong>spurcitias</strong></span> <span class='ocrx_word' id='word_1_547' title='bbox 3264 3680 3502 3734; x_wconf 76' lang='lat' dir='ltr'><strong>devolva-</strong></span> 
     </span>
    </p>
   </div>
   <div class='ocr_carea' id='block_1_77' title="bbox 1941 3772 3504 3846">
    <p class='ocr_par' dir='ltr' id='par_1_77' title="bbox 1941 3772 3504 3846">
     <span class='ocr_line' id='line_1_77' title="bbox 1941 3772 3504 3846; baseline -0.007 -11"><span class='ocrx_word' id='word_1_548' title='bbox 1941 3798 2078 3836; x_wconf 91' lang='lat' dir='ltr'><strong>mur.</strong></span> <span class='ocrx_word' id='word_1_549' title='bbox 2134 3780 2271 3846; x_wconf 89' lang='lat' dir='ltr'><strong>Quin</strong></span> <span class='ocrx_word' id='word_1_550' title='bbox 2338 3787 2390 3830; x_wconf 92' lang='lat' dir='ltr'><strong>et</strong></span> <span class='ocrx_word' id='word_1_551' title='bbox 2445 3777 2754 3844; x_wconf 90' lang='lat' dir='ltr'><strong>prophetica</strong></span> <span class='ocrx_word' id='word_1_552' title='bbox 2809 3775 2968 3826; x_wconf 85' lang='lat' dir='ltr'><strong>verba</strong></span> <span class='ocrx_word' id='word_1_553' title='bbox 3021 3785 3114 3840; x_wconf 87' lang='lat' dir='ltr'><strong>per</strong></span> <span class='ocrx_word' id='word_1_554' title='bbox 3166 3772 3504 3825; x_wconf 88' lang='lat' dir='ltr'><strong>instrumenti</strong></span> 
     </span>
    </p>
   </div>
   <div class='ocr_carea' id='block_1_78' title="bbox 1943 3861 3508 3941">
    <p class='ocr_par' dir='ltr' id='par_1_78' title="bbox 1943 3861 3508 3941">
     <span class='ocr_line' id='line_1_78' title="bbox 1943 3861 3508 3941; baseline -0.008 -14"><span class='ocrx_word' id='word_1_555' title='bbox 1943 3875 2098 3941; x_wconf 84' lang='lat' dir='ltr'><strong>hujus</strong></span> <span class='ocrx_word' id='word_1_556' title='bbox 2128 3877 2459 3924; x_wconf 86' lang='lat' dir='ltr'><strong>structuram</strong></span> <span class='ocrx_word' id='word_1_557' title='bbox 2495 3866 2602 3917; x_wconf 86' lang='lat' dir='ltr'><strong>alta</strong></span> <span class='ocrx_word' id='word_1_558' title='bbox 2641 3864 2874 3932; x_wconf 85' lang='lat' dir='ltr'><strong>quadam</strong></span> <span class='ocrx_word' id='word_1_559' title='bbox 2920 3874 2974 3917; x_wconf 90' lang='lat' dir='ltr'><strong>et</strong></span> <span class='ocrx_word' id='word_1_560' title='bbox 3020 3861 3251 3930; x_wconf 82' lang='lat' dir='ltr'><strong>sapiemi</strong></span> <span class='ocrx_word' id='word_1_561' title='bbox 3296 3862 3508 3916; x_wconf 88' lang='lat' dir='ltr'><strong>ratione</strong></span> 
     </span>
    </p>
   </div>
   <div class='ocr_carea' id='block_1_79' title="bbox 1943 3954 3507 4030">
    <p class='ocr_par' dir='ltr' id='par_1_79' title="bbox 1943 3954 3507 4030">
     <span class='ocr_line' id='line_1_79' title="bbox 1943 3954 3507 4030; baseline -0.009 -11"><span class='ocrx_word' id='word_1_562' title='bbox 1943 3964 2096 4028; x_wconf 89' lang='lat' dir='ltr'><strong>illud,</strong></span> <span class='ocrx_word' id='word_1_563' title='bbox 2129 3961 2340 4030; x_wconf 92' lang='lat' dir='ltr'><strong>opinor,</strong></span> <span class='ocrx_word' id='word_1_564' title='bbox 2384 3958 2537 4012; x_wconf 87' lang='lat' dir='ltr'><strong>nobis</strong></span> <span class='ocrx_word' id='word_1_565' title='bbox 2575 3955 2884 4021; x_wconf 89' lang='lat' dir='ltr'><strong>ostendunt,</strong></span> <span class='ocrx_word' id='word_1_566' title='bbox 2918 3954 3085 4024; x_wconf 89' lang='lat' dir='ltr'><strong>quod,</strong></span> <span class='ocrx_word' id='word_1_567' title='bbox 3123 3969 3348 4023; x_wconf 88' lang='lat' dir='ltr'><strong>quorum</strong></span> <span class='ocrx_word' id='word_1_568' title='bbox 3391 3954 3507 4006; x_wconf 88' lang='lat' dir='ltr'><strong>ani-</strong></span> 
     </span>
    </p>
   </div>
   <div class='ocr_carea' id='block_1_80' title="bbox 272 4047 3504 4133">
    <p class='ocr_par' dir='ltr' id='par_1_80' title="bbox 272 4047 3504 4133">
     <span class='ocr_line' id='line_1_80' title="bbox 272 4047 3504 4133; baseline -0.005 -18"><span class='ocrx_word' id='word_1_569' title='bbox 272 4076 394 4115; x_wconf 90' lang='lat' dir='ltr'><strong>mus</strong></span> <span class='ocrx_word' id='word_1_570' title='bbox 431 4060 714 4130; x_wconf 70' lang='lat' dir='ltr'><strong>aequabilis</strong></span> <span class='ocrx_word' id='word_1_571' title='bbox 753 4069 854 4122; x_wconf 88' lang='lat' dir='ltr'><strong>est,</strong></span> <span class='ocrx_word' id='word_1_572' title='bbox 916 4059 1157 4126; x_wconf 83' lang='lat' dir='ltr'><strong>beneque</strong></span> <span class='ocrx_word' id='word_1_573' title='bbox 1201 4059 1552 4127; x_wconf 87' lang='lat' dir='ltr'><strong>compositus,</strong></span> <span class='ocrx_word' id='word_1_574' title='bbox 1616 4060 1682 4116; x_wconf 87' lang='lat' dir='ltr'><strong>iis</strong></span> <span class='ocrx_word' id='word_1_575' title='bbox 1738 4064 2044 4133; x_wconf 76' lang='lat' dir='ltr'><strong>expeditum</strong></span> <span class='ocrx_word' id='word_1_576' title='bbox 2093 4058 2195 4112; x_wconf 90' lang='lat' dir='ltr'><strong>iter</strong></span> <span class='ocrx_word' id='word_1_577' title='bbox 2249 4054 2314 4108; x_wconf 88' lang='lat' dir='ltr'><strong>ad</strong></span> <span class='ocrx_word' id='word_1_578' title='bbox 2368 4053 2647 4122; x_wconf 88' lang='lat' dir='ltr'><strong>superiora</strong></span> <span class='ocrx_word' id='word_1_579' title='bbox 2705 4059 2904 4120; x_wconf 86' lang='lat' dir='ltr'><strong>pateat.</strong></span> <span class='ocrx_word' id='word_1_580' title='bbox 2959 4048 3228 4104; x_wconf 59' lang='lat' dir='ltr'><strong>Caeterum</strong></span> <span class='ocrx_word' id='word_1_581' title='bbox 3290 4047 3504 4101; x_wconf 89' lang='lat' dir='ltr'><strong>initium</strong></span> 
     </span>
    </p>
   </div>
   <div class='ocr_carea' id='block_1_81' title="bbox 272 4151 950 4210">
    <p class='ocr_par' dir='ltr' id='par_1_81' title="bbox 272 4151 950 4210">
     <span class='ocr_line' id='line_1_81' title="bbox 272 4151 950 4210; baseline 0.006 -9"><span class='ocrx_word' id='word_1_582' title='bbox 272 4151 609 4210; x_wconf 80' lang='lat' dir='ltr'><strong>Psalmorum</strong></span> <span class='ocrx_word' id='word_1_583' title='bbox 654 4151 950 4205; x_wconf 83' lang='lat' dir='ltr'><strong>videamus.</strong></span> 
     </span>
    </p>
   </div>
   <div class='ocr_carea' id='block_1_82' title="bbox 346 4243 1841 4317">
    <p class='ocr_par' dir='ltr' id='par_1_82' title="bbox 346 4243 1841 4317">
     <span class='ocr_line' id='line_1_82' title="bbox 346 4243 1841 4317; baseline 0.004 -21"><span class='ocrx_word' id='word_1_584' title='bbox 346 4243 398 4296; x_wconf 81' lang='lat'><strong>5.</strong></span> <span class='ocrx_word' id='word_1_585' title='bbox 430 4244 727 4311; x_wconf 75' lang='grc' dir='ltr'>Μακάριος</span> <span class='ocrx_word' id='word_1_586' title='bbox 766 4245 940 4312; x_wconf 77' lang='grc' dir='ltr'>ἀνὴρ,</span> <span class='ocrx_word' id='word_1_587' title='bbox 989 4245 1056 4309; x_wconf 81' lang='grc' dir='ltr'>ὃς</span> <span class='ocrx_word' id='word_1_588' title='bbox 1083 4247 1191 4299; x_wconf 78' lang='grc' dir='ltr'>οὐκ</span> <span class='ocrx_word' id='word_1_589' title='bbox 1228 4246 1516 4314; x_wconf 79' lang='grc' dir='ltr'>ἐπορεύθη</span> <span class='ocrx_word' id='word_1_590' title='bbox 1550 4247 1620 4300; x_wconf 79' lang='grc' dir='ltr'><strong>ἐν</strong></span> <span class='ocrx_word' id='word_1_591' title='bbox 1639 4245 1841 4317; x_wconf 73' lang='grc' dir='ltr'>βου.λῂ</span> 
     </span>
    </p>
   </div>
   <div class='ocr_carea' id='block_1_83' title="bbox 2008 4233 3502 4308">
    <p class='ocr_par' dir='ltr' id='par_1_83' title="bbox 2008 4233 3502 4308">
     <span class='ocr_line' id='line_1_83' title="bbox 2008 4233 3502 4308; baseline -0.01 -6"><span class='ocrx_word' id='word_1_592' title='bbox 2008 4247 2062 4302; x_wconf 78' lang='lat'><strong>3.</strong></span> <span class='ocrx_word' id='word_1_593' title='bbox 2112 4246 2270 4300; x_wconf 70' lang='lat' dir='ltr'><strong>Vens.</strong></span> <span class='ocrx_word' id='word_1_594' title='bbox 2305 4244 2355 4298; x_wconf 82' lang='grc'>1.</span> <span class='ocrx_word' id='word_1_595' title='bbox 2395 4241 2591 4296; x_wconf 76' lang='lat' dir='ltr'><strong>Beatus</strong></span> <span class='ocrx_word' id='word_1_596' title='bbox 2621 4239 2718 4303; x_wconf 84' lang='lat' dir='ltr'><strong>vir,</strong></span> <span class='ocrx_word' id='word_1_597' title='bbox 2753 4238 2840 4308; x_wconf 83' lang='lat' dir='ltr'><strong>qui</strong></span> <span class='ocrx_word' id='word_1_598' title='bbox 2886 4253 2987 4289; x_wconf 83' lang='lat' dir='ltr'><strong>non</strong></span> <span class='ocrx_word' id='word_1_599' title='bbox 3027 4236 3154 4288; x_wconf 84' lang='lat' dir='ltr'><strong>abiit</strong></span> <span class='ocrx_word' id='word_1_600' title='bbox 3198 4235 3252 4288; x_wconf 77' lang='lat' dir='ltr'><strong>in</strong></span> <span class='ocrx_word' id='word_1_601' title='bbox 3287 4233 3502 4288; x_wconf 65' lang='lat' dir='ltr'><strong>concilio</strong></span> 
     </span>
    </p>
   </div>
   <div class='ocr_carea' id='block_1_84' title="bbox 269 4327 1952 4411">
    <p class='ocr_par' dir='ltr' id='par_1_84' title="bbox 269 4332 1952 4410">
     <span class='ocr_line' id='line_1_84' title="bbox 269 4332 1952 4410; baseline 0.004 -22"><span class='ocrx_word' id='word_1_602' title='bbox 269 4333 524 4394; x_wconf 80' lang='grc' dir='ltr'>ἀσεϐῶν.</span> <span class='ocrx_word' id='word_1_603' title='bbox 559 4335 842 4404; x_wconf 87' lang='grc' dir='ltr'>Οἰκοδόμοι</span> <span class='ocrx_word' id='word_1_604' title='bbox 873 4335 970 4405; x_wconf 82' lang='grc' dir='ltr'>μὲν</span> <span class='ocrx_word' id='word_1_605' title='bbox 998 4332 1092 4388; x_wconf 82' lang='grc' dir='ltr'><strong>οῦν</strong></span> <span class='ocrx_word' id='word_1_606' title='bbox 1137 4337 1340 4407; x_wconf 88' lang='grc' dir='ltr'>μεγέθη</span> <span class='ocrx_word' id='word_1_607' title='bbox 1387 4340 1843 4410; x_wconf 66' lang='grc' dir='ltr'>κατασκευασμάο</span> <span class='ocrx_word' id='word_1_608' title='bbox 1936 4343 1952 4394; x_wconf 81' lang='lat' dir='ltr'><strong>i</strong></span> 
     </span>
    </p>
   </div>
   <div class='ocr_carea' id='block_1_85' title="bbox 1819 4327 3502 4411">
    <p class='ocr_par' dir='ltr' id='par_1_85' title="bbox 1819 4327 3502 4411">
     <span class='ocr_line' id='line_1_85' title="bbox 1819 4327 3502 4411; baseline -0.01 -15"><span class='ocrx_word' id='word_1_609' title='bbox 1819 4370 1843 4386; x_wconf 68' lang='grc' dir='ltr'><strong><em>ο</em></strong></span> <span class='ocrx_word' id='word_1_610' title='bbox 1936 4342 2236 4411; x_wconf 82' lang='lat' dir='ltr'><strong>impiorum.</strong></span> <span class='ocrx_word' id='word_1_611' title='bbox 2291 4337 2433 4391; x_wconf 89' lang='lat' dir='ltr'><strong>Sane</strong></span> <span class='ocrx_word' id='word_1_612' title='bbox 2484 4333 2763 4387; x_wconf 87' lang='lat' dir='ltr'><strong>architecti</strong></span> <span class='ocrx_word' id='word_1_613' title='bbox 2817 4345 2935 4384; x_wconf 89' lang='lat' dir='ltr'><strong>cum</strong></span> <span class='ocrx_word' id='word_1_614' title='bbox 2985 4329 3035 4382; x_wconf 92' lang='lat' dir='ltr'><strong>in</strong></span> <span class='ocrx_word' id='word_1_615' title='bbox 3083 4327 3247 4381; x_wconf 91' lang='lat' dir='ltr'><strong>altum</strong></span> <span class='ocrx_word' id='word_1_616' title='bbox 3292 4327 3502 4396; x_wconf 89' lang='lat' dir='ltr'><strong>erigunt</strong></span> 
     </span>
    </p>
   </div>
   <div class='ocr_carea' id='block_1_86' title="bbox 268 4423 1838 4501">
    <p class='ocr_par' dir='ltr' id='par_1_86' title="bbox 268 4423 1838 4501">
     <span class='ocr_line' id='line_1_86' title="bbox 268 4423 1838 4501; baseline 0.004 -22"><span class='ocrx_word' id='word_1_617' title='bbox 268 4444 381 4479; x_wconf 87' lang='grc' dir='ltr'><strong>των</strong></span> <span class='ocrx_word' id='word_1_618' title='bbox 425 4427 504 4490; x_wconf 87' lang='grc' dir='ltr'><strong>είς</strong></span> <span class='ocrx_word' id='word_1_619' title='bbox 542 4425 672 4495; x_wconf 79' lang='grc' dir='ltr'>ὕψος</span> <span class='ocrx_word' id='word_1_620' title='bbox 718 4423 979 4495; x_wconf 77' lang='grc' dir='ltr'>αἴροντες.</span> <span class='ocrx_word' id='word_1_621' title='bbox 1010 4426 1404 4495; x_wconf 88' lang='grc' dir='ltr'>ἀναλογοῦντας</span> <span class='ocrx_word' id='word_1_622' title='bbox 1432 4431 1510 4500; x_wconf 83' lang='grc' dir='ltr'>τῷ</span> <span class='ocrx_word' id='word_1_623' title='bbox 1556 4430 1678 4501; x_wconf 75' lang='grc' dir='ltr'>ῦψει</span> <span class='ocrx_word' id='word_1_624' title='bbox 1711 4433 1838 4496; x_wconf 86' lang='grc' dir='ltr'>τοὺς</span> 
     </span>
    </p>
   </div>
   <div class='ocr_carea' id='block_1_87' title="bbox 1935 4418 3502 4489">
    <p class='ocr_par' dir='ltr' id='par_1_87' title="bbox 1935 4418 3502 4489">
     <span class='ocr_line' id='line_1_87' title="bbox 1935 4418 3502 4489; baseline -0.011 -2"><span class='ocrx_word' id='word_1_625' title='bbox 1935 4432 2129 4487; x_wconf 91' lang='lat' dir='ltr'><strong>molem</strong></span> <span class='ocrx_word' id='word_1_626' title='bbox 2180 4429 2549 4489; x_wconf 69' lang='lat' dir='ltr'><strong>mdiﬁciorum,</strong></span> <span class='ocrx_word' id='word_1_627' title='bbox 2600 4425 2942 4478; x_wconf 77' lang='lat' dir='ltr'><strong>fundamenta</strong></span> <span class='ocrx_word' id='word_1_628' title='bbox 2988 4418 3256 4474; x_wconf 91' lang='lat' dir='ltr'><strong>altitudini</strong></span> <span class='ocrx_word' id='word_1_629' title='bbox 3307 4433 3502 4472; x_wconf 89' lang='lat' dir='ltr'><strong>conve-</strong></span> 
     </span>
    </p>
   </div>
   <div class='ocr_carea' id='block_1_88' title="bbox 270 4512 1953 4596">
    <p class='ocr_par' dir='ltr' id='par_1_88' title="bbox 270 4517 1953 4596">
     <span class='ocr_line' id='line_1_88' title="bbox 270 4517 1953 4596; baseline 0.004 -28"><span class='ocrx_word' id='word_1_630' title='bbox 270 4517 550 4588; x_wconf 76' lang='grc' dir='ltr'>θεμελίους</span> <span class='ocrx_word' id='word_1_631' title='bbox 595 4518 1016 4572; x_wconf 70' lang='grc' dir='ltr'><strong>ὑποϐάλλονται⁸</strong></span> <span class='ocrx_word' id='word_1_632' title='bbox 1049 4519 1138 4570; x_wconf 73' lang='grc' dir='ltr'><strong>καὶ</strong></span> <span class='ocrx_word' id='word_1_633' title='bbox 1183 4521 1470 4590; x_wconf 74' lang='grc' dir='ltr'>ναυπηγοὶ,</span> <span class='ocrx_word' id='word_1_634' title='bbox 1510 4526 1833 4596; x_wconf 79' lang='grc' dir='ltr'>μυριοφόρον</span> <span class='ocrx_word' id='word_1_635' title='bbox 1866 4540 1908 4594; x_wconf 77' lang='grc' dir='ltr'>ι)</span> <span class='ocrx_word' id='word_1_636' title='bbox 1938 4540 1953 4575; x_wconf 91' lang='lat' dir='ltr'><strong>l</strong></span> 
     </span>
    </p>
   </div>
   <div class='ocr_carea' id='block_1_89' title="bbox 1816 4512 3499 4596">
    <p class='ocr_par' dir='ltr' id='par_1_89' title="bbox 1816 4512 3499 4594">
     <span class='ocr_line' id='line_1_89' title="bbox 1816 4512 3499 4594; baseline -0.008 -18"><span class='ocrx_word' id='word_1_637' title='bbox 1816 4523 2135 4594; x_wconf 69' lang='lat' dir='ltr'><strong>anientia</strong></span> <span class='ocrx_word' id='word_1_638' title='bbox 2194 4520 2441 4588; x_wconf 78' lang='lat' dir='ltr'><strong>iaciunt;</strong></span> <span class='ocrx_word' id='word_1_639' title='bbox 2504 4517 2738 4586; x_wconf 87' lang='lat' dir='ltr'><strong>itemque</strong></span> <span class='ocrx_word' id='word_1_640' title='bbox 2801 4515 3015 4568; x_wconf 88' lang='lat' dir='ltr'><strong>navium</strong></span> <span class='ocrx_word' id='word_1_641' title='bbox 3079 4512 3316 4566; x_wconf 84' lang='lat' dir='ltr'><strong>artiﬁces</strong></span> <span class='ocrx_word' id='word_1_642' title='bbox 3376 4527 3499 4564; x_wconf 90' lang='lat' dir='ltr'><strong>eum</strong></span> 
     </span>
    </p>
   </div>
   <div class='ocr_carea' id='block_1_90' title="bbox 272 4610 1833 4686">
    <p class='ocr_par' dir='ltr' id='par_1_90' title="bbox 272 4610 1833 4686">
     <span class='ocr_line' id='line_1_90' title="bbox 272 4610 1833 4686; baseline 0.005 -26"><span class='ocrx_word' id='word_1_643' title='bbox 272 4611 688 4681; x_wconf 69' lang='grc' dir='ltr'>συμπηγνύντες</span> <span class='ocrx_word' id='word_1_644' title='bbox 718 4610 937 4674; x_wconf 86' lang='grc' dir='ltr'>ὁλκάδα,</span> <span class='ocrx_word' id='word_1_645' title='bbox 975 4611 1374 4681; x_wconf 79' lang='grc' dir='ltr'>συμϐαίνουσαν</span> <span class='ocrx_word' id='word_1_646' title='bbox 1408 4612 1485 4683; x_wconf 81' lang='grc' dir='ltr'>τῷ</span> <span class='ocrx_word' id='word_1_647' title='bbox 1531 4613 1682 4686; x_wconf 85' lang='grc' dir='ltr'>βάρει</span> <span class='ocrx_word' id='word_1_648' title='bbox 1727 4616 1833 4668; x_wconf 88' lang='grc' dir='ltr'><strong>τῶν</strong></span> 
     </span>
    </p>
   </div>
   <div class='ocr_carea' id='block_1_91' title="bbox 270 4703 1834 4776">
    <p class='ocr_par' dir='ltr' id='par_1_91' title="bbox 270 4703 1834 4776">
     <span class='ocr_line' id='line_1_91' title="bbox 270 4703 1834 4776; baseline 0.004 -22"><span class='ocrx_word' id='word_1_649' title='bbox 270 4703 566 4772; x_wconf 74' lang='grc' dir='ltr'>ἀγωγίμων</span> <span class='ocrx_word' id='word_1_650' title='bbox 605 4704 699 4775; x_wconf 79' lang='grc' dir='ltr'>τὴν</span> <span class='ocrx_word' id='word_1_651' title='bbox 731 4704 922 4774; x_wconf 85' lang='grc' dir='ltr'>τρόπιν</span> <span class='ocrx_word' id='word_1_652' title='bbox 955 4705 1273 4774; x_wconf 83' lang='grc' dir='ltr'>πήγνυνται.</span> <span class='ocrx_word' id='word_1_653' title='bbox 1305 4704 1416 4757; x_wconf 69' lang='grc' dir='ltr'>Καὶ</span> <span class='ocrx_word' id='word_1_654' title='bbox 1446 4706 1502 4757; x_wconf 86' lang='grc' dir='ltr'>ὲν</span> <span class='ocrx_word' id='word_1_655' title='bbox 1533 4708 1597 4776; x_wconf 81' lang='grc' dir='ltr'>τῇ</span> <span class='ocrx_word' id='word_1_656' title='bbox 1627 4707 1834 4775; x_wconf 80' lang='grc' dir='ltr'>γενέσει</span> 
     </span>
    </p>
   </div>
   <div class='ocr_carea' id='block_1_92' title="bbox 269 4793 1833 4868">
    <p class='ocr_par' dir='ltr' id='par_1_92' title="bbox 269 4793 1833 4868">
     <span class='ocr_line' id='line_1_92' title="bbox 269 4793 1833 4868; baseline 0.014 -29"><span class='ocrx_word' id='word_1_657' title='bbox 269 4793 381 4850; x_wconf 81' lang='grc' dir='ltr'><strong>τῶν</strong></span> <span class='ocrx_word' id='word_1_658' title='bbox 408 4793 559 4856; x_wconf 79' lang='grc' dir='ltr'>ζώων</span> <span class='ocrx_word' id='word_1_659' title='bbox 592 4796 623 4864; x_wconf 79' lang='grc' dir='ltr'><strong>ἡ</strong></span> <span class='ocrx_word' id='word_1_660' title='bbox 654 4796 847 4865; x_wconf 86' lang='grc' dir='ltr'>καρδία</span> <span class='ocrx_word' id='word_1_661' title='bbox 881 4794 1065 4866; x_wconf 81' lang='grc' dir='ltr'>πρώτη</span> <span class='ocrx_word' id='word_1_662' title='bbox 1104 4794 1500 4867; x_wconf 76' lang='grc' dir='ltr'>καταϐληθεῖσα</span> <span class='ocrx_word' id='word_1_663' title='bbox 1544 4797 1692 4868; x_wconf 84' lang='grc' dir='ltr'><strong>παρά</strong></span> <span class='ocrx_word' id='word_1_664' title='bbox 1737 4799 1833 4868; x_wconf 80' lang='grc' dir='ltr'>τῆς</span> 
     </span>
    </p>
   </div>
   <div class='ocr_carea' id='block_1_93' title="bbox 271 4883 1834 4957">
    <p class='ocr_par' dir='ltr' id='par_1_93' title="bbox 271 4883 1834 4957">
     <span class='ocr_line' id='line_1_93' title="bbox 271 4883 1834 4957; baseline 0.001 -22"><span class='ocrx_word' id='word_1_665' title='bbox 271 4883 506 4952; x_wconf 81' lang='grc' dir='ltr'>φύσεως,</span> <span class='ocrx_word' id='word_1_666' title='bbox 538 4883 903 4952; x_wconf 76' lang='grc' dir='ltr'>ἀναλογοῦσαν</span> <span class='ocrx_word' id='word_1_667' title='bbox 935 4883 1012 4953; x_wconf 78' lang='grc' dir='ltr'>τῷ</span> <span class='ocrx_word' id='word_1_668' title='bbox 1059 4884 1298 4953; x_wconf 79' lang='grc' dir='ltr'>μέλλοντι</span> <span class='ocrx_word' id='word_1_669' title='bbox 1343 4886 1687 4940; x_wconf 88' lang='grc' dir='ltr'>συνίστασθαι</span> <span class='ocrx_word' id='word_1_670' title='bbox 1714 4885 1834 4957; x_wconf 79' lang='grc' dir='ltr'><strong>ζώῳ</strong></span> 
     </span>
    </p>
   </div>
   <div class='ocr_carea' id='block_1_94' title="bbox 269 4975 1831 5047">
    <p class='ocr_par' dir='ltr' id='par_1_94' title="bbox 269 4975 1831 5047">
     <span class='ocr_line' id='line_1_94' title="bbox 269 4975 1831 5047; baseline 0 -19"><span class='ocrx_word' id='word_1_671' title='bbox 269 4976 370 5047; x_wconf 81' lang='grc' dir='ltr'>τὴν</span> <span class='ocrx_word' id='word_1_672' title='bbox 409 4975 559 5047; x_wconf 88' lang='grc' dir='ltr'><strong>παρά</strong></span> <span class='ocrx_word' id='word_1_673' title='bbox 608 4975 705 5045; x_wconf 79' lang='grc' dir='ltr'>τῆς</span> <span class='ocrx_word' id='word_1_674' title='bbox 750 4975 961 5043; x_wconf 86' lang='grc' dir='ltr'>φύσεως</span> <span class='ocrx_word' id='word_1_675' title='bbox 1001 4975 1264 5044; x_wconf 75' lang='grc' dir='ltr'>λαμϐάνει</span> <span class='ocrx_word' id='word_1_676' title='bbox 1317 4976 1642 5046; x_wconf 77' lang='grc' dir='ltr'>καταϐολήνο</span> <span class='ocrx_word' id='word_1_677' title='bbox 1697 4977 1831 5029; x_wconf 88' lang='grc' dir='ltr'>διότι</span> 
     </span>
    </p>
   </div>
   <div class='ocr_carea' id='block_1_95' title="bbox 270 5067 1832 5138">
    <p class='ocr_par' dir='ltr' id='par_1_95' title="bbox 270 5067 1832 5138">
     <span class='ocr_line' id='line_1_95' title="bbox 270 5067 1832 5138; baseline 0.001 -17"><span class='ocrx_word' id='word_1_678' title='bbox 270 5069 599 5138; x_wconf 82' lang='grc' dir='ltr'>συμμέτρως</span> <span class='ocrx_word' id='word_1_679' title='bbox 616 5069 734 5130; x_wconf 88' lang='grc' dir='ltr'>ταῖς</span> <span class='ocrx_word' id='word_1_680' title='bbox 754 5067 980 5130; x_wconf 82' lang='grc' dir='ltr'>οἰκείαις</span> <span class='ocrx_word' id='word_1_681' title='bbox 1009 5068 1202 5138; x_wconf 84' lang='grc' dir='ltr'>ἀρχαῖς</span> <span class='ocrx_word' id='word_1_682' title='bbox 1235 5069 1716 5138; x_wconf 79' lang='grc' dir='ltr'>περιυφαινομένου</span> <span class='ocrx_word' id='word_1_683' title='bbox 1740 5071 1832 5123; x_wconf 89' lang='grc' dir='ltr'><strong>τοῦ</strong></span> 
     </span>
    </p>
   </div>
   <div class='ocr_carea' id='block_1_96' title="bbox 269 5157 1832 5229">
    <p class='ocr_par' dir='ltr' id='par_1_96' title="bbox 269 5157 1832 5229">
     <span class='ocr_line' id='line_1_96' title="bbox 269 5157 1832 5229; baseline 0.001 -15"><span class='ocrx_word' id='word_1_684' title='bbox 269 5157 540 5228; x_wconf 83' lang='grc' dir='ltr'>σώματος,</span> <span class='ocrx_word' id='word_1_685' title='bbox 576 5161 632 5211; x_wconf 86' lang='grc' dir='ltr'><strong>αἰ</strong></span> <span class='ocrx_word' id='word_1_686' title='bbox 678 5158 821 5212; x_wconf 86' lang='grc' dir='ltr'><strong>κατά</strong></span> <span class='ocrx_word' id='word_1_687' title='bbox 869 5158 936 5211; x_wconf 85' lang='grc' dir='ltr'>τὰ</span> <span class='ocrx_word' id='word_1_688' title='bbox 987 5159 1189 5229; x_wconf 86' lang='grc' dir='ltr'>μεγέθη</span> <span class='ocrx_word' id='word_1_689' title='bbox 1230 5160 1480 5229; x_wconf 73' lang='grc' dir='ltr'>διαφοραὶ</span> <span class='ocrx_word' id='word_1_690' title='bbox 1525 5161 1630 5213; x_wconf 89' lang='grc' dir='ltr'><strong>τῶν</strong></span> <span class='ocrx_word' id='word_1_691' title='bbox 1682 5161 1832 5225; x_wconf 80' lang='grc' dir='ltr'>ζώων</span> 
     </span>
    </p>
   </div>
   <div class='ocr_carea' id='block_1_97' title="bbox 268 5245 1830 5322">
    <p class='ocr_par' dir='ltr' id='par_1_97' title="bbox 268 5245 1830 5322">
     <span class='ocr_line' id='line_1_97' title="bbox 268 5245 1830 5322; baseline 0.001 -19"><span class='ocrx_word' id='word_1_692' title='bbox 268 5249 675 5310; x_wconf 77' lang='grc' dir='ltr'>ἀποτελοῦνται.</span> <span class='ocrx_word' id='word_1_693' title='bbox 713 5251 888 5320; x_wconf 87' lang='grc' dir='ltr'>Ὅπερ</span> <span class='ocrx_word' id='word_1_694' title='bbox 919 5245 1010 5303; x_wconf 76' lang='grc' dir='ltr'><strong>οῦν</strong></span> <span class='ocrx_word' id='word_1_695' title='bbox 1042 5250 1153 5318; x_wconf 76' lang='grc'>(97)</span> <span class='ocrx_word' id='word_1_696' title='bbox 1183 5250 1424 5320; x_wconf 84' lang='grc' dir='ltr'>θεμέλιος</span> <span class='ocrx_word' id='word_1_697' title='bbox 1465 5253 1518 5304; x_wconf 82' lang='grc' dir='ltr'>ὲν</span> <span class='ocrx_word' id='word_1_698' title='bbox 1552 5254 1700 5322; x_wconf 81' lang='grc' dir='ltr'>οἴκῳ,</span> <span class='ocrx_word' id='word_1_699' title='bbox 1737 5254 1830 5305; x_wconf 77' lang='grc' dir='ltr'>καὶ</span> 
     </span>
    </p>
   </div>
   <div class='ocr_carea' id='block_1_98' title="bbox 345 5425 1822 5504">
    <p class='ocr_par' dir='ltr' id='par_1_98' title="bbox 345 5425 1822 5504">
     <span class='ocr_line' id='line_1_98' title="bbox 345 5425 1822 5504; baseline -0.003 -18"><span class='ocrx_word' id='word_1_700' title='bbox 345 5427 624 5504; x_wconf 76' lang='lat' dir='ltr'><strong>(90)_Editi</strong></span> <span class='ocrx_word' id='word_1_701' title='bbox 656 5437 711 5504; x_wconf 80' lang='lat' dir='ltr'><strong>et</strong></span> <span class='ocrx_word' id='word_1_702' title='bbox 739 5428 973 5496; x_wconf 82' lang='lat' dir='ltr'><strong>quinque</strong></span> <span class='ocrx_word' id='word_1_703' title='bbox 1013 5441 1142 5482; x_wconf 88' lang='lat' dir='ltr'><strong>mss.</strong></span> <span class='ocrx_word' id='word_1_704' title='bbox 1178 5425 1566 5495; x_wconf 84' lang='grc' dir='ltr'>εἰσαγομένοις.</span> <span class='ocrx_word' id='word_1_705' title='bbox 1594 5427 1694 5481; x_wconf 86' lang='lat' dir='ltr'><strong>Alii</strong></span> <span class='ocrx_word' id='word_1_706' title='bbox 1719 5430 1822 5482; x_wconf 92' lang='lat' dir='ltr'><strong>duo</strong></span> 
     </span>
    </p>
   </div>
   <div class='ocr_carea' id='block_1_99' title="bbox 270 5497 811 5568">
    <p class='ocr_par' dir='ltr' id='par_1_99' title="bbox 270 5497 811 5568">
     <span class='ocr_line' id='line_1_99' title="bbox 270 5497 811 5568; baseline -0.013 -12"><span class='ocrx_word' id='word_1_707' title='bbox 270 5497 400 5560; x_wconf 75' lang='lat' dir='ltr'><strong>mss.</strong></span> <span class='ocrx_word' id='word_1_708' title='bbox 426 5497 811 5568; x_wconf 83' lang='grc' dir='ltr'>εἰσαγομένων.</span> 
     </span>
    </p>
   </div>
   <div class='ocr_carea' id='block_1_100' title="bbox 342 5567 1225 5638">
    <p class='ocr_par' dir='ltr' id='par_1_100' title="bbox 342 5567 1225 5638">
     <span class='ocr_line' id='line_1_100' title="bbox 342 5567 1225 5638; baseline -0.007 -12"><span class='ocrx_word' id='word_1_709' title='bbox 342 5572 452 5638; x_wconf 72' lang='grc'>(91)</span> <span class='ocrx_word' id='word_1_710' title='bbox 483 5567 705 5624; x_wconf 86' lang='lat' dir='ltr'><strong>Codices</strong></span> <span class='ocrx_word' id='word_1_711' title='bbox 731 5569 834 5620; x_wconf 89' lang='lat' dir='ltr'><strong>duo</strong></span> <span class='ocrx_word' id='word_1_712' title='bbox 862 5569 968 5620; x_wconf 73' lang='grc' dir='ltr'><strong>ἀπὸ</strong></span> <span class='ocrx_word' id='word_1_713' title='bbox 999 5567 1225 5635; x_wconf 87' lang='grc' dir='ltr'>λιθίνης.</span> 
     </span>
    </p>
   </div>
   <div class='ocr_carea' id='block_1_101' title="bbox 341 5637 1822 5709">
    <p class='ocr_par' dir='ltr' id='par_1_101' title="bbox 341 5637 1822 5709">
     <span class='ocr_line' id='line_1_101' title="bbox 341 5637 1822 5709; baseline -0.003 -13"><span class='ocrx_word' id='word_1_714' title='bbox 341 5637 454 5709; x_wconf 66' lang='grc' dir='ltr'>(9Ξ)</span> <span class='ocrx_word' id='word_1_715' title='bbox 472 5640 570 5693; x_wconf 84' lang='lat' dir='ltr'><strong>Alii</strong></span> <span class='ocrx_word' id='word_1_716' title='bbox 595 5653 722 5691; x_wconf 87' lang='lat' dir='ltr'><strong>mss.</strong></span> <span class='ocrx_word' id='word_1_717' title='bbox 740 5653 857 5690; x_wconf 87' lang='lat' dir='ltr'><strong>cum</strong></span> <span class='ocrx_word' id='word_1_718' title='bbox 872 5643 957 5692; x_wconf 87' lang='lat' dir='ltr'><strong>ed.</strong></span> <span class='ocrx_word' id='word_1_719' title='bbox 978 5638 1312 5692; x_wconf 79' lang='grc' dir='ltr'>ὲντυποῦται.</span> <span class='ocrx_word' id='word_1_720' title='bbox 1331 5638 1430 5693; x_wconf 80' lang='lat' dir='ltr'><strong>Alii</strong></span> <span class='ocrx_word' id='word_1_721' title='bbox 1453 5642 1572 5692; x_wconf 80' lang='grc' dir='ltr'>ἐντυ</span> <span class='ocrx_word' id='word_1_722' title='bbox 1583 5637 1822 5691; x_wconf 81' lang='grc' dir='ltr'>ποῦνται.</span> 
     </span>
    </p>
   </div>
   <div class='ocr_carea' id='block_1_102' title="bbox 345 5709 1824 5778">
    <p class='ocr_par' dir='ltr' id='par_1_102' title="bbox 345 5709 1824 5778">
     <span class='ocr_line' id='line_1_102' title="bbox 345 5709 1824 5778; baseline -0.004 -14"><span class='ocrx_word' id='word_1_723' title='bbox 345 5713 457 5778; x_wconf 81' lang='lat'><strong>(93)</strong></span> <span class='ocrx_word' id='word_1_724' title='bbox 489 5711 577 5763; x_wconf 85' lang='lat' dir='ltr'><strong>Sic</strong></span> <span class='ocrx_word' id='word_1_725' title='bbox 624 5709 791 5773; x_wconf 77' lang='lat' dir='ltr'><strong>major</strong></span> <span class='ocrx_word' id='word_1_726' title='bbox 816 5724 940 5774; x_wconf 87' lang='lat' dir='ltr'><strong>pars</strong></span> <span class='ocrx_word' id='word_1_727' title='bbox 992 5724 1118 5761; x_wconf 86' lang='lat' dir='ltr'><strong>mss.</strong></span> <span class='ocrx_word' id='word_1_728' title='bbox 1162 5712 1229 5761; x_wconf 83' lang='lat' dir='ltr'><strong>At</strong></span> <span class='ocrx_word' id='word_1_729' title='bbox 1252 5709 1376 5761; x_wconf 86' lang='lat' dir='ltr'><strong>editi</strong></span> <span class='ocrx_word' id='word_1_730' title='bbox 1415 5721 1468 5764; x_wconf 90' lang='lat' dir='ltr'><strong>et</strong></span> <span class='ocrx_word' id='word_1_731' title='bbox 1513 5725 1642 5762; x_wconf 87' lang='lat' dir='ltr'><strong>mss.</strong></span> <span class='ocrx_word' id='word_1_732' title='bbox 1691 5725 1824 5759; x_wconf 88' lang='lat' dir='ltr'><strong>thtI-</strong></span> 
     </span>
    </p>
   </div>
   <div class='ocr_carea' id='block_1_103' title="bbox 272 5778 1035 5848">
    <p class='ocr_par' dir='ltr' id='par_1_103' title="bbox 272 5778 1035 5848">
     <span class='ocr_line' id='line_1_103' title="bbox 272 5778 1035 5848; baseline -0.012 -11"><span class='ocrx_word' id='word_1_733' title='bbox 272 5783 401 5837; x_wconf 89' lang='lat' dir='ltr'><strong>nulli</strong></span> <span class='ocrx_word' id='word_1_734' title='bbox 435 5780 494 5832; x_wconf 75' lang='grc' dir='ltr'><strong>τὸ</strong></span> <span class='ocrx_word' id='word_1_735' title='bbox 524 5780 645 5832; x_wconf 84' lang='grc' dir='ltr'>δὲ...</span> <span class='ocrx_word' id='word_1_736' title='bbox 679 5778 1035 5848; x_wconf 53' lang='grc' dir='ltr'>εἰσδυόμενοι).</span> 
     </span>
    </p>
   </div>
   <div class='ocr_carea' id='block_1_104' title="bbox 347 5847 1818 5920">
    <p class='ocr_par' dir='ltr' id='par_1_104' title="bbox 347 5847 1818 5920">
     <span class='ocr_line' id='line_1_104' title="bbox 347 5847 1818 5920; baseline -0.003 -15"><span class='ocrx_word' id='word_1_737' title='bbox 347 5851 454 5920; x_wconf 68' lang='lat' dir='ltr'><strong>(9i)</strong></span> <span class='ocrx_word' id='word_1_738' title='bbox 495 5851 645 5903; x_wconf 74' lang='lat' dir='ltr'><strong>Coll).</strong></span> <span class='ocrx_word' id='word_1_739' title='bbox 673 5867 805 5900; x_wconf 81' lang='lat' dir='ltr'><strong>unus</strong></span> <span class='ocrx_word' id='word_1_740' title='bbox 834 5847 1006 5918; x_wconf 59' lang='grc' dir='ltr'>εἴπῃς.</span> <span class='ocrx_word' id='word_1_741' title='bbox 1046 5848 1145 5901; x_wconf 69' lang='lat' dir='ltr'><strong>Nec</strong></span> <span class='ocrx_word' id='word_1_742' title='bbox 1185 5854 1253 5903; x_wconf 79' lang='lat' dir='ltr'><strong>ila</strong></span> <span class='ocrx_word' id='word_1_743' title='bbox 1308 5851 1470 5902; x_wconf 86' lang='lat' dir='ltr'><strong>multo</strong></span> <span class='ocrx_word' id='word_1_744' title='bbox 1519 5859 1633 5915; x_wconf 76' lang='lat' dir='ltr'><strong>post</strong></span> <span class='ocrx_word' id='word_1_745' title='bbox 1689 5847 1818 5915; x_wconf 65' lang='lat' dir='ltr'><strong>Reg.</strong></span> 
     </span>
    </p>
   </div>
   <div class='ocr_carea' id='block_1_105' title="bbox 1940 4602 3500 4683">
    <p class='ocr_par' dir='ltr' id='par_1_105' title="bbox 1940 4602 3500 4683">
     <span class='ocr_line' id='line_1_105' title="bbox 1940 4602 3500 4683; baseline -0.008 -17"><span class='ocrx_word' id='word_1_746' title='bbox 1940 4611 2306 4683; x_wconf 67' lang='lat' dir='ltr'><strong>praegrandem</strong></span> <span class='ocrx_word' id='word_1_747' title='bbox 2343 4619 2396 4662; x_wconf 90' lang='lat' dir='ltr'><strong>et</strong></span> <span class='ocrx_word' id='word_1_748' title='bbox 2425 4608 2729 4663; x_wconf 85' lang='lat' dir='ltr'><strong>onerariam</strong></span> <span class='ocrx_word' id='word_1_749' title='bbox 2765 4621 2954 4660; x_wconf 84' lang='lat' dir='ltr'><strong>navem</strong></span> <span class='ocrx_word' id='word_1_750' title='bbox 2985 4612 3326 4666; x_wconf 88' lang='lat' dir='ltr'><strong>construunt,</strong></span> <span class='ocrx_word' id='word_1_751' title='bbox 3363 4602 3500 4655; x_wconf 76' lang='lat' dir='ltr'><strong>eari-</strong></span> 
     </span>
    </p>
   </div>
   <div class='ocr_carea' id='block_1_106' title="bbox 1941 4695 3500 4772">
    <p class='ocr_par' dir='ltr' id='par_1_106' title="bbox 1941 4695 3500 4772">
     <span class='ocr_line' id='line_1_106' title="bbox 1941 4695 3500 4772; baseline -0.006 -16"><span class='ocrx_word' id='word_1_752' title='bbox 1941 4719 2061 4756; x_wconf 83' lang='lat' dir='ltr'><strong>nam</strong></span> <span class='ocrx_word' id='word_1_753' title='bbox 2091 4718 2211 4772; x_wconf 69' lang='lat' dir='ltr'><strong>qua:</strong></span> <span class='ocrx_word' id='word_1_754' title='bbox 2243 4701 2605 4756; x_wconf 87' lang='lat' dir='ltr'><strong>vehendarum</strong></span> <span class='ocrx_word' id='word_1_755' title='bbox 2646 4698 2904 4753; x_wconf 90' lang='lat' dir='ltr'><strong>mercium</strong></span> <span class='ocrx_word' id='word_1_756' title='bbox 2943 4696 3093 4749; x_wconf 89' lang='lat' dir='ltr'><strong>oneri</strong></span> <span class='ocrx_word' id='word_1_757' title='bbox 3140 4710 3236 4762; x_wconf 89' lang='lat' dir='ltr'><strong>par</strong></span> <span class='ocrx_word' id='word_1_758' title='bbox 3269 4695 3338 4752; x_wconf 92' lang='lat' dir='ltr'><strong>sit</strong></span> <span class='ocrx_word' id='word_1_759' title='bbox 3368 4709 3500 4763; x_wconf 88' lang='lat' dir='ltr'><strong>sup-</strong></span> 
     </span>
    </p>
   </div>
   <div class='ocr_carea' id='block_1_107' title="bbox 1938 4787 3498 4861">
    <p class='ocr_par' dir='ltr' id='par_1_107' title="bbox 1938 4787 3498 4861">
     <span class='ocr_line' id='line_1_107' title="bbox 1938 4787 3498 4861; baseline -0.004 -15"><span class='ocrx_word' id='word_1_760' title='bbox 1938 4801 2160 4861; x_wconf 86' lang='lat' dir='ltr'><strong>ponunt.</strong></span> <span class='ocrx_word' id='word_1_761' title='bbox 2223 4791 2358 4858; x_wconf 90' lang='lat' dir='ltr'><strong>Quin</strong></span> <span class='ocrx_word' id='word_1_762' title='bbox 2405 4801 2459 4844; x_wconf 91' lang='lat' dir='ltr'><strong>et</strong></span> <span class='ocrx_word' id='word_1_763' title='bbox 2511 4791 2560 4843; x_wconf 92' lang='lat' dir='ltr'><strong>in</strong></span> <span class='ocrx_word' id='word_1_764' title='bbox 2612 4788 2964 4843; x_wconf 89' lang='lat' dir='ltr'><strong>animantium</strong></span> <span class='ocrx_word' id='word_1_765' title='bbox 3021 4787 3367 4855; x_wconf 87' lang='lat' dir='ltr'><strong>generatione</strong></span> <span class='ocrx_word' id='word_1_766' title='bbox 3403 4801 3498 4840; x_wconf 87' lang='lat' dir='ltr'><strong>cor</strong></span> 
     </span>
    </p>
   </div>
   <div class='ocr_carea' id='block_1_108' title="bbox 1939 4879 3493 4953">
    <p class='ocr_par' dir='ltr' id='par_1_108' title="bbox 1939 4879 3493 4953">
     <span class='ocr_line' id='line_1_108' title="bbox 1939 4879 3493 4953; baseline -0.004 -17"><span class='ocrx_word' id='word_1_767' title='bbox 1939 4883 2078 4953; x_wconf 90' lang='lat' dir='ltr'><strong>quod</strong></span> <span class='ocrx_word' id='word_1_768' title='bbox 2136 4883 2365 4952; x_wconf 89' lang='lat' dir='ltr'><strong>primum</strong></span> <span class='ocrx_word' id='word_1_769' title='bbox 2427 4880 2747 4934; x_wconf 86' lang='lat' dir='ltr'><strong>naturaliter</strong></span> <span class='ocrx_word' id='word_1_770' title='bbox 2815 4879 3107 4940; x_wconf 83' lang='lat' dir='ltr'><strong>formatur,</strong></span> <span class='ocrx_word' id='word_1_771' title='bbox 3169 4887 3493 4930; x_wconf 89' lang='lat' dir='ltr'><strong>structuram</strong></span> 
     </span>
    </p>
   </div>
   <div class='ocr_carea' id='block_1_109' title="bbox 1937 4969 3498 5046">
    <p class='ocr_par' dir='ltr' id='par_1_109' title="bbox 1937 4969 3498 5046">
     <span class='ocr_line' id='line_1_109' title="bbox 1937 4969 3498 5046; baseline -0.004 -18"><span class='ocrx_word' id='word_1_772' title='bbox 1937 4975 2152 5030; x_wconf 87' lang='lat' dir='ltr'><strong>animali</strong></span> <span class='ocrx_word' id='word_1_773' title='bbox 2201 4975 2476 5046; x_wconf 90' lang='lat' dir='ltr'><strong>ﬁgurando</strong></span> <span class='ocrx_word' id='word_1_774' title='bbox 2519 4975 2764 5026; x_wconf 89' lang='lat' dir='ltr'><strong>idoneam</strong></span> <span class='ocrx_word' id='word_1_775' title='bbox 2801 4988 2828 5024; x_wconf 89' lang='lat' dir='ltr'><strong>a</strong></span> <span class='ocrx_word' id='word_1_776' title='bbox 2873 4979 3057 5024; x_wconf 86' lang='lat' dir='ltr'><strong>natura</strong></span> <span class='ocrx_word' id='word_1_777' title='bbox 3100 4969 3311 5037; x_wconf 85' lang='lat' dir='ltr'><strong>accipit.</strong></span> <span class='ocrx_word' id='word_1_778' title='bbox 3353 4969 3498 5034; x_wconf 88' lang='lat' dir='ltr'><strong>Qua-</strong></span> 
     </span>
    </p>
   </div>
   <div class='ocr_carea' id='block_1_110' title="bbox 1938 5061 3497 5136">
    <p class='ocr_par' dir='ltr' id='par_1_110' title="bbox 1938 5061 3497 5136">
     <span class='ocr_line' id='line_1_110' title="bbox 1938 5061 3497 5136; baseline -0.003 -16"><span class='ocrx_word' id='word_1_779' title='bbox 1938 5077 2153 5136; x_wconf 90' lang='lat' dir='ltr'><strong>propter</strong></span> <span class='ocrx_word' id='word_1_780' title='bbox 2175 5083 2296 5124; x_wconf 88' lang='lat' dir='ltr'><strong>cum</strong></span> <span class='ocrx_word' id='word_1_781' title='bbox 2321 5081 2521 5136; x_wconf 90' lang='lat' dir='ltr'><strong>corpus</strong></span> <span class='ocrx_word' id='word_1_782' title='bbox 2554 5065 2937 5120; x_wconf 87' lang='lat' dir='ltr'><strong>convenienter</strong></span> <span class='ocrx_word' id='word_1_783' title='bbox 2962 5063 3194 5133; x_wconf 87' lang='lat' dir='ltr'><strong>propriis</strong></span> <span class='ocrx_word' id='word_1_784' title='bbox 3221 5061 3497 5129; x_wconf 82' lang='lat' dir='ltr'><strong>principiis</strong></span> 
     </span>
    </p>
   </div>
   <div class='ocr_carea' id='block_1_111' title="bbox 1935 5151 3494 5223">
    <p class='ocr_par' dir='ltr' id='par_1_111' title="bbox 1935 5151 3494 5223">
     <span class='ocr_line' id='line_1_111' title="bbox 1935 5151 3494 5223; baseline -0.003 -13"><span class='ocrx_word' id='word_1_785' title='bbox 1935 5160 2283 5213; x_wconf 87' lang='lat' dir='ltr'><strong>constitutum</strong></span> <span class='ocrx_word' id='word_1_786' title='bbox 2316 5166 2420 5222; x_wconf 89' lang='lat' dir='ltr'><strong>est,</strong></span> <span class='ocrx_word' id='word_1_787' title='bbox 2450 5167 2559 5210; x_wconf 90' lang='lat' dir='ltr'><strong>tum</strong></span> <span class='ocrx_word' id='word_1_788' title='bbox 2599 5156 2908 5209; x_wconf 90' lang='lat' dir='ltr'><strong>animalium</strong></span> <span class='ocrx_word' id='word_1_789' title='bbox 2948 5153 3258 5223; x_wconf 88' lang='lat' dir='ltr'><strong>magnitudo</strong></span> <span class='ocrx_word' id='word_1_790' title='bbox 3285 5151 3494 5205; x_wconf 86' lang='lat' dir='ltr'><strong>diversa</strong></span> 
     </span>
    </p>
   </div>
   <div class='ocr_carea' id='block_1_112' title="bbox 1932 5243 3491 5321">
    <p class='ocr_par' dir='ltr' id='par_1_112' title="bbox 1932 5243 3491 5321">
     <span class='ocr_line' id='line_1_112' title="bbox 1932 5243 3491 5321; baseline -0.008 -11"><span class='ocrx_word' id='word_1_791' title='bbox 1932 5253 2180 5310; x_wconf 85' lang='lat' dir='ltr'><strong>ellicitur.</strong></span> <span class='ocrx_word' id='word_1_792' title='bbox 2209 5250 2325 5318; x_wconf 88' lang='lat' dir='ltr'><strong>Quo</strong></span> <span class='ocrx_word' id='word_1_793' title='bbox 2349 5251 2510 5321; x_wconf 88' lang='lat' dir='ltr'><strong>igitur</strong></span> <span class='ocrx_word' id='word_1_794' title='bbox 2540 5249 2698 5303; x_wconf 88' lang='lat' dir='ltr'><strong>modo</strong></span> <span class='ocrx_word' id='word_1_795' title='bbox 2729 5248 2794 5302; x_wconf 92' lang='lat' dir='ltr'><strong>ad</strong></span> <span class='ocrx_word' id='word_1_796' title='bbox 2823 5246 3041 5301; x_wconf 86' lang='lat' dir='ltr'><strong>domum</strong></span> <span class='ocrx_word' id='word_1_797' title='bbox 3079 5259 3138 5299; x_wconf 90' lang='lat' dir='ltr'><strong>se</strong></span> <span class='ocrx_word' id='word_1_798' title='bbox 3171 5243 3329 5298; x_wconf 86' lang='lat' dir='ltr'><strong>habet</strong></span> <span class='ocrx_word' id='word_1_799' title='bbox 3369 5243 3491 5298; x_wconf 78' lang='lat' dir='ltr'><strong>lun-</strong></span> 
     </span>
    </p>
   </div>
   <div class='ocr_carea' id='block_1_113' title="bbox 1931 5427 2581 5496">
    <p class='ocr_par' dir='ltr' id='par_1_113' title="bbox 1931 5427 2581 5496">
     <span class='ocr_line' id='line_1_113' title="bbox 1931 5427 2581 5496; baseline -0.006 -14"><span class='ocrx_word' id='word_1_800' title='bbox 1931 5429 2196 5483; x_wconf 84' lang='lat' dir='ltr'><strong>secundus</strong></span> <span class='ocrx_word' id='word_1_801' title='bbox 2228 5427 2581 5496; x_wconf 72' lang='grc' dir='ltr'>ἀποκάλυψις.</span> 
     </span>
    </p>
   </div>
   <div class='ocr_carea' id='block_1_114' title="bbox 2003 5491 3492 5566">
    <p class='ocr_par' dir='ltr' id='par_1_114' title="bbox 2003 5491 3492 5566">
     <span class='ocr_line' id='line_1_114' title="bbox 2003 5491 3492 5566; baseline -0.005 -14"><span class='ocrx_word' id='word_1_802' title='bbox 2003 5499 2112 5566; x_wconf 76' lang='grc'>(95)</span> <span class='ocrx_word' id='word_1_803' title='bbox 2145 5498 2283 5551; x_wconf 89' lang='lat' dir='ltr'><strong>Editi</strong></span> <span class='ocrx_word' id='word_1_804' title='bbox 2305 5507 2359 5551; x_wconf 82' lang='lat' dir='ltr'><strong>et</strong></span> <span class='ocrx_word' id='word_1_805' title='bbox 2390 5491 2519 5552; x_wconf 77' lang='lat' dir='ltr'><strong>mss.</strong></span> <span class='ocrx_word' id='word_1_806' title='bbox 2544 5497 2746 5564; x_wconf 89' lang='lat' dir='ltr'><strong>aliquot</strong></span> <span class='ocrx_word' id='word_1_807' title='bbox 2771 5491 3109 5562; x_wconf 77' lang='grc' dir='ltr'>ἐμοὶδοκεῖν.</span> <span class='ocrx_word' id='word_1_808' title='bbox 3139 5491 3241 5545; x_wconf 88' lang='lat' dir='ltr'><strong>Alii</strong></span> <span class='ocrx_word' id='word_1_809' title='bbox 3274 5491 3492 5560; x_wconf 86' lang='lat' dir='ltr'><strong>quidam</strong></span> 
     </span>
    </p>
   </div>
   <div class='ocr_carea' id='block_1_115' title="bbox 1933 5566 2409 5636">
    <p class='ocr_par' dir='ltr' id='par_1_115' title="bbox 1933 5566 2409 5636">
     <span class='ocr_line' id='line_1_115' title="bbox 1933 5566 2409 5636; baseline 0 -16"><span class='ocrx_word' id='word_1_810' title='bbox 1933 5583 2062 5621; x_wconf 85' lang='lat' dir='ltr'><strong>mss.</strong></span> <span class='ocrx_word' id='word_1_811' title='bbox 2099 5568 2221 5636; x_wconf 74' lang='grc' dir='ltr'>ἐμοὶ</span> <span class='ocrx_word' id='word_1_812' title='bbox 2247 5566 2409 5620; x_wconf 86' lang='grc' dir='ltr'>δοκεῖ.</span> 
     </span>
    </p>
   </div>
   <div class='ocr_carea' id='block_1_116' title="bbox 2003 5630 3488 5706">
    <p class='ocr_par' dir='ltr' id='par_1_116' title="bbox 2003 5630 3488 5706">
     <span class='ocr_line' id='line_1_116' title="bbox 2003 5630 3488 5706; baseline -0.004 -16"><span class='ocrx_word' id='word_1_813' title='bbox 2003 5637 2114 5706; x_wconf 85' lang='grc'>(96)</span> <span class='ocrx_word' id='word_1_814' title='bbox 2131 5630 2283 5689; x_wconf 76' lang='grc' dir='ltr'>Ἐιίίιί</span> <span class='ocrx_word' id='word_1_815' title='bbox 2313 5652 2432 5690; x_wconf 90' lang='lat' dir='ltr'><strong>cum</strong></span> <span class='ocrx_word' id='word_1_816' title='bbox 2467 5636 2638 5689; x_wconf 83' lang='lat' dir='ltr'><strong>tribus</strong></span> <span class='ocrx_word' id='word_1_817' title='bbox 2685 5649 2814 5687; x_wconf 88' lang='lat' dir='ltr'><strong>mss.</strong></span> <span class='ocrx_word' id='word_1_818' title='bbox 2844 5634 2923 5686; x_wconf 81' lang='grc' dir='ltr'>ὅτι</span> <span class='ocrx_word' id='word_1_819' title='bbox 2957 5632 3076 5687; x_wconf 71' lang='lat' dir='ltr'><strong>oi...</strong></span> <span class='ocrx_word' id='word_1_820' title='bbox 3131 5631 3331 5701; x_wconf 75' lang='grc' dir='ltr'>έχουσι.</span> <span class='ocrx_word' id='word_1_821' title='bbox 3386 5630 3488 5684; x_wconf 86' lang='lat' dir='ltr'><strong>Alii</strong></span> 
     </span>
    </p>
   </div>
   <div class='ocr_carea' id='block_1_117' title="bbox 1935 5706 2673 5773">
    <p class='ocr_par' dir='ltr' id='par_1_117' title="bbox 1935 5706 2673 5773">
     <span class='ocr_line' id='line_1_117' title="bbox 1935 5706 2673 5773; baseline -0.004 -13"><span class='ocrx_word' id='word_1_822' title='bbox 1935 5718 2042 5760; x_wconf 82' lang='lat' dir='ltr'><strong>tres</strong></span> <span class='ocrx_word' id='word_1_823' title='bbox 2073 5720 2199 5758; x_wconf 86' lang='lat' dir='ltr'><strong>mss.</strong></span> <span class='ocrx_word' id='word_1_824' title='bbox 2235 5707 2318 5757; x_wconf 82' lang='grc' dir='ltr'>ἵνα</span> <span class='ocrx_word' id='word_1_825' title='bbox 2343 5707 2460 5760; x_wconf 81' lang='grc' dir='ltr'>οἰ...</span> <span class='ocrx_word' id='word_1_826' title='bbox 2492 5706 2673 5773; x_wconf 84' lang='grc' dir='ltr'>ἔχωσι.</span> 
     </span>
    </p>
   </div>
   <div class='ocr_carea' id='block_1_118' title="bbox 1941 5768 3489 5864">
    <p class='ocr_par' dir='ltr' id='par_1_118' title="bbox 1941 5768 3489 5864">
     <span class='ocr_line' id='line_1_118' title="bbox 1941 5768 3489 5864; baseline -0.003 -36"><span class='ocrx_word' id='word_1_827' title='bbox 1941 5848 1959 5859; x_wconf 35' lang='grc' dir='ltr'><strong>η</strong></span> <span class='ocrx_word' id='word_1_828' title='bbox 2004 5774 2114 5844; x_wconf 86' lang='grc'>(97)</span> <span class='ocrx_word' id='word_1_829' title='bbox 2146 5775 2281 5864; x_wconf 53' lang='grc' dir='ltr'><strong>Ιξάίιί</strong></span> <span class='ocrx_word' id='word_1_830' title='bbox 2331 5787 2381 5830; x_wconf 85' lang='lat' dir='ltr'><strong>et</strong></span> <span class='ocrx_word' id='word_1_831' title='bbox 2441 5768 2670 5844; x_wconf 71' lang='lat' dir='ltr'><strong>quatuor</strong></span> <span class='ocrx_word' id='word_1_832' title='bbox 2728 5791 2852 5828; x_wconf 75' lang='lat' dir='ltr'><strong>mss.</strong></span> <span class='ocrx_word' id='word_1_833' title='bbox 2903 5776 3038 5841; x_wconf 72' lang='grc' dir='ltr'>ὅπερ</span> <span class='ocrx_word' id='word_1_834' title='bbox 3097 5768 3208 5824; x_wconf 75' lang='grc' dir='ltr'>οὖν.</span> <span class='ocrx_word' id='word_1_835' title='bbox 3247 5770 3348 5825; x_wconf 82' lang='lat' dir='ltr'><strong>Alii</strong></span> <span class='ocrx_word' id='word_1_836' title='bbox 3387 5773 3489 5824; x_wconf 86' lang='lat' dir='ltr'><strong>tlttu</strong></span> 
     </span>
    </p>
   </div>
   <div class='ocr_carea' id='block_1_119' title="bbox 1930 5863 2244 5919">
    <p class='ocr_par' dir='ltr' id='par_1_119' title="bbox 1930 5863 2244 5919">
     <span class='ocr_line' id='line_1_119' title="bbox 1930 5863 2244 5919; baseline 0.003 -22"><span class='ocrx_word' id='word_1_837' title='bbox 1930 5865 2074 5899; x_wconf 58' lang='lat' dir='ltr'><strong>(U777?</strong></span> <span class='ocrx_word' id='word_1_838' title='bbox 2087 5863 2114 5919; x_wconf 87' lang='grc' dir='ltr'>ρ</span> <span class='ocrx_word' id='word_1_839' title='bbox 2139 5863 2244 5899; x_wconf 79' lang='grc' dir='ltr'>ουν.</span> 
     </span>
    </p>
   </div>
  </div>
