4262 6552
730 448 834 500 215

2022 441 2080 493 S.
2121 437 2360 494 BASILII
2401 433 2613 487 MAGNI

3853 429 3962 480 216

723 565 1054 622 damentutn,
1085 567 1138 612 et
1176 557 1241 610 ad
1277 557 1454 610 navim
1485 558 1690 622 carina,
1716 566 1772 612 et
1797 560 1860 613 ad
1893 557 2140 612 animalis
2167 573 2287 612 cor-
2317 561 2360 615 Α

2279 586 2287 596 .
2317 561 2360 615 Α
2389 553 2446 604 ἐν
2478 549 2646 618 πλοίῳ
2675 551 2884 618 τρόπις,
2920 546 3012 598 καὶ
3060 547 3116 595 ἐν
3161 546 3368 615 σώματι
3404 541 3538 607 ζώω
3577 547 3790 614 κέρδεα,
3829 544 3962 597 ταδ’

725 668 824 722 pus
860 665 973 715 cor,
1015 650 1202 704 eodem
1241 648 1307 702 ad
1340 647 1676 702 Psalmorum
1720 648 1969 718 generale
1997 662 2288 716 argumen-

727 754 836 796 tum
861 755 918 795 se
946 740 1105 794 habet
1128 741 1286 794 etiarn
1317 739 1424 809 92
1449 740 1609 794 breve
1633 737 1761 792 illud
1786 738 2128 810 prooemium.
2155 739 2288 793 Nam

727 849 850 888 cum
898 833 1062 888 David
1106 831 1171 884 ad
1224 832 1410 894 multa,
1457 843 1629 900 eaque
1673 833 1860 896 ardua,
1906 842 1959 883 et
1997 829 2293 885 innumeris

730 923 1019 978 sudoribus
1065 935 1129 974 ac
1179 921 1450 973 laboribus
1505 918 1702 973 referta
1756 921 1806 973 in
1850 918 1991 972 serie
2033 919 2294 972 orationis

730 1026 873 1070 esset
919 1014 1321 1074 exhortatnrus,
1374 1008 1425 1062 in
1477 1018 1814 1064 antecessum
1870 1006 2030 1060 tinem
2081 1006 2293 1061 beatmn

733 1105 945 1174 pietatis
977 1099 1461 1170 propugnatoribus
1496 1099 1975 1162 commonstravit;
2021 1105 2077 1150 ttt
2123 1100 2293 1152 bono-

733 1207 849 1244 rum
901 1189 1054 1242 nobis
1094 1187 1453 1257 repositorum
1501 1206 1594 1259 spe
1639 1189 1910 1244 molestias
1953 1188 2074 1241 vitae
2119 1190 2296 1242 animo

730 1295 885 1348 atquo
914 1278 1361 1347 perferamusSic
1385 1283 1544 1335 etiam
1570 1295 1816 1347 asperum
1841 1293 1906 1333 ac
1927 1277 2295 1333 difﬁcillimum

737 1375 839 1428 iter
874 1373 1198 1427 facientibus
1240 1375 1305 1426 ad
1349 1372 1697 1426 sustinendos
1745 1370 1954 1426 labores
2001 1374 2298 1425 levamento

733 1475 817 1518 est
865 1467 1208 1518 commodum
1266 1472 1648 1530 speratumque
1705 1461 2094 1524 diversorium;
2141 1469 2300 1527 atque

737 1555 1126 1610 mercatoribus
1175 1556 1240 1606 ad
1292 1553 1681 1622 peragraudtttn
1729 1566 1878 1606 mare
1924 1553 2129 1604 animos
2178 1549 2302 1602 facit

737 1647 1098 1715 parandarum
1133 1644 1389 1698 mercium
1419 1642 1744 1697 desiderium
1771 1661 1785 1696 :
1814 1642 1941 1712 quin
1971 1650 2023 1694 et
2051 1639 2302 1710 agricolis

738 1740 980 1790 laborum
1020 1751 1236 1790 sensum
1278 1736 1673 1804 quodammodo
1711 1751 1834 1805 spes
1867 1733 2056 1787 messis
2095 1732 2300 1786 adimit.

737 1829 1096 1893 Quamobrem
1134 1837 1188 1880 et
1232 1827 1535 1880 communis
1581 1827 1700 1880 vita:
1747 1824 2078 1888 emendator,
2119 1822 2304 1877 doctor

739 1936 984 1991 magnus,
1017 1921 1237 1989 spiritus
1265 1921 1528 1985 veritatis,
1560 1921 1830 1988 sapienter
1862 1935 1924 1972 ac
1958 1919 2094 1972 scite
2128 1920 2305 1972 statim

741 2018 808 2069 ah
851 2015 1003 2069 initio
1040 2015 1335 2068 mercedem
1381 2014 1681 2080 proposuit,
1720 2022 1775 2063 ut
1813 2027 1970 2080 stt-pra
2019 2021 2310 2080 praesentes

742 2106 953 2157 labores
979 2103 1170 2166 evecti,
1199 2102 1380 2154 animo
1413 2104 1477 2152 ad
1515 2108 1841 2154 aeternorum
1883 2103 2142 2153 bonorum
2184 2115 2311 2168 gau-

742 2196 828 2249 dia
869 2209 1234 2264 properemus.
1271 2192 1461 2246 Beatus
1497 2193 1591 2258 vir,
1624 2192 1712 2262 qui
1753 2210 1854 2246 non
1895 2193 2022 2245 abiit
2057 2194 2108 2243 in
2137 2190 2310 2243 comi-

745 2288 815 2340 lio
854 2287 1153 2354 impiorum.
1190 2288 1339 2351 Quod
1379 2301 1506 2352 ergo
1540 2301 1659 2338 rere
1701 2285 1897 2336 bonum
1949 2282 2177 2344 exsistit,
2216 2281 2308 2331 im-

745 2381 934 2451 primis
963 2379 1310 2445 :tept'teeipue
1359 2378 1570 2428 lteatnnt
1621 2376 2014 2442 praedicandum
2055 2381 2156 2424 cst.
2201 2371 2313 2424 Hoc

746 2481 922 2526 autem
956 2472 1092 2522 Deus
1135 2478 1236 2520 est.
1279 2465 1426 2519 Unde
1455 2476 1506 2517 et
1558 2463 1753 2516 Paulus
1796 2463 1861 2515 de
1890 2461 2104 2514 Christo
2153 2475 2306 2512 men-

750 2565 947 2617 tionem
998 2559 1263 2620 facturus,
1317 2557 1439 2610 ait:
1495 2551 1790 2608 Secundum
1842 2550 2316 2619 numifestationem

755 2654 891 2708 beati
927 2655 1040 2718 Dei,
1077 2664 1121 2707 et
1156 2650 1446 2707 Saluatoris
1486 2648 1649 2701 nostri
1697 2645 1823 2700 Jesu
1858 2643 2052 2698 Christi
2077 2644 2144 2700 ".
2180 2645 2317 2699 Bea-

753 2761 865 2800 tum
895 2747 1037 2802 enim
1070 2760 1192 2799 vere
1214 2752 1313 2807 est,
1347 2744 1487 2812 quod
1519 2756 1612 2809 per
1639 2755 1696 2794 se
1719 2743 1915 2794 bonum
1951 2749 2054 2804 est,
2084 2738 2149 2792 ad
2178 2739 2318 2806 quod

754 2837 1044 2903 respiciunt
1073 2835 1273 2896 omnia,
1303 2833 1442 2901 quod
1480 2833 1730 2884 universa
1757 2831 2090 2892 desideraui,
2123 2841 2316 2881 natura

751 2928 1123 2990 immutabilis,
1149 2925 1331 2978 herilis
1353 2924 1601 2993 dignitas,
1629 2925 1734 2975 vita
1775 2922 2166 2991 perturbati0ui
2194 2921 2322 2972 rnlli

748 3023 1000 3081 obnoxia.
1028 3018 1217 3074 hilaris
1238 3017 1445 3071 vivendi
1471 3013 1996 3084 ratio,qu:ealterari
2026 3024 2115 3065 aut
2142 3013 2325 3065 immn-

758 3113 858 3166 tari
878 3113 1078 3179 nequit,
1095 3108 1214 3164 fons
1231 3111 1555 3172 scaturiens,
1572 3108 1840 3161 uberrima
1860 3106 2052 3174 gratia,
2075 3105 2328 3157 inexhau-

2388 659 2487 712 την
2523 657 2610 710 μοι
2651 641 2797 692 δοκεῖ
2828 639 2922 707 τὴν
2951 636 3177 704 δύναμιν
3207 637 3347 707 ἔχειν
3378 636 3510 708 πρὸς
3549 634 3643 705 τὴν
3676 637 3804 708 ὃλην
3851 637 3964 690 τῶν

2391 731 2634 802 Ψαλμῶν
2685 731 3025 801 κατασκευὴν
3055 726 3192 798 [καὶ]
3245 730 3306 781 τὸ
3355 729 3523 800 βραχὺ
3575 725 3730 778 τοῦτο
3770 729 3965 799 προοί-

2395 842 2534 894 μιον.
2586 822 2801 891 Ἐπειδὴ
2851 823 2958 893 γαρ
3002 819 3168 873 πολλὰ
3213 821 3305 871 καὶ
3352 823 3579 875 ἐπίπονα
3622 818 3713 873 καὶ
3750 822 3968 887 μυρίων

2397 916 2632 986 ἱδρώτων
2653 916 2742 967 καὶ
2767 913 2942 966 πόνων
2963 915 3196 985 γέμοντα
3218 917 3500 980 παραινεῖν
3529 912 3728 984 μέλλει,
3747 913 3969 978 προῖόν-

2395 1024 2484 1067 τος
2516 1006 2609 1057 τοῦ
2643 1006 2822 1071 λόγου,
2869 1007 2982 1066 τοῖς
3011 1006 3110 1074 τῆς
3154 1001 3429 1064 εὑσεϐείας
3460 1004 3786 1070 ἀγωνισταῖς
3823 1017 3966 1069 προσ

2395 1097 2572 1151 λαϐὼν
2604 1096 2844 1162 ὑπέδειξε
2871 1095 2929 1147 τὸ
2954 1098 3220 1168 μακάριον
3246 1094 3417 1155 τέλος,
3447 1094 3532 1144 ἵνα
3558 1099 3621 1165 τῇ
3653 1093 3826 1147 ἐλπίδι
3855 1091 3969 1142 τῶν

2398 1191 2767 1259 ἀποκειμένων
2818 1186 3034 1254 ἀγαθῶν
3088 1188 3304 1246 ἀλύπως
3346 1182 3439 1236 τοῦ
3482 1184 3596 1253 βίου
3641 1187 3708 1238 τὰ
3739 1183 3974 1253 ἀλγεινὰ

2397 1283 2737 1354 διαφέρωμεν
2766 1282 2894 1350 (98).
2922 1279 3108 1344 Οὕτως
3132 1284 3224 1334 καὶ
3253 1277 3545 1347 ὁδοιπόροις
3567 1283 3822 1348 τραχεῖαν
3848 1275 3974 1329 ὁδὸν

2400 1376 2780 1445 πορευομένοις
2815 1372 2905 1426 καὶ
2938 1371 3197 1426 δύσϐατον
3226 1369 3466 1437 κουφίζει
3500 1370 3589 1421 τὸν
3623 1371 3818 1439 μόχθον
3851 1371 3979 1422 ὲπι-

2399 1468 2607 1537 τήδειον
2649 1468 2832 1529 αὐτοῖς
2869 1465 3235 1535 προσδοκηθὲν
3269 1461 3607 1529 καταγώγιον
3628 1478 3640 1489 ·
3676 1464 3769 1514 καὶ
3799 1459 3979 1533 ἐμπό-

2408 1573 2529 1626 ρους
2560 1559 2702 1616 ποιεῖ
2725 1556 2821 1625 τῆς
2847 1552 3118 1621 Θαλάσσης
3141 1552 3482 1621 κατατολμᾷν
3513 1553 3544 1620 ἡ
3576 1549 3838 1619 ἐπιθυμία
3864 1551 3978 1604 τῶν

2405 1647 2730 1715 ἀγωγίμων·
2772 1645 2862 1697 καὶ
2907 1643 3165 1712 γεωργῶν
3213 1640 3662 1708 ὑποκλ.έπτει(99)
3698 1640 3824 1702 τοὺς
3873 1640 3979 1693 τέο

2406 1757 2527 1801 νους
2573 1741 2605 1807 ἡ
2649 1739 2746 1807 τῆς
2795 1735 3126 1814 ἐπικαρπίας
3160 1736 3328 1799 ἐλπίς.
3374 1735 3462 1786 Διὸ
3502 1737 3591 1785 καὶ
3617 1734 3644 1784 ὁ
3671 1733 3848 1794 κοινὸς
3879 1733 3979 1786 τοῦ

2411 1831 2521 1900 βίου
2555 1829 2863 1900 διορθωτὴς,
2899 1830 2926 1880 ὁ
2962 1827 3133 1898 μέγας
3169 1827 3502 1890 διδάσκαλος,
3532 1826 3591 1878 τὸ
3629 1825 3844 1895 πνεῦμα
3880 1827 3986 1895 τῆς

2410 1922 2681 1992 ἀληθείας,
2724 1921 2901 1991 σοφῶς
2928 1921 3021 1973 καὶ
3050 1920 3310 1991 ἐντέχνως
3337 1921 3462 1979 τοὺς
3495 1919 3717 1990 μισθοὺς
3743 1916 3986 1988 προεϐἀὲ

2408 2015 2528 2066 λετο
2563 2016 2656 2083 (ἕ),
2701 2015 2807 2077 ἵνα,
2841 2011 3275 2082 ὑπερκύπτοντες
3320 2014 3441 2075 τοὺς
3475 2015 3531 2064 ὲν
3559 2013 3712 2084 χερσὶ
3759 2013 3983 2074 πόνους,

2408 2110 2473 2176 τῇ
2522 2106 2726 2178 διανοίᾳ
2769 2104 2901 2174 πρὸς
2941 2105 3040 2174 τὴν
3083 2103 3383 2156 ἀπόλαυσιν
3428 2104 3534 2156 τῶν
3568 2106 3800 2156 αἰωνίων
3845 2105 3989 2168 ἀγα-

2412 2199 2518 2251 θῶν
2549 2199 2622 2268 (⁸-2.)
2655 2196 3021 2267 ἐπειγώμεθα.
3062 2194 3364 2263 Μακάριος
3393 2197 3566 2262 ἀνὴρ,
3608 2194 3674 2258 ὃς
3703 2197 3813 2247 οὐκ
3838 2195 3988 2246 ἐπο-

2410 2297 2589 2362 ρεύθη
2622 2295 2690 2346 ἐν
2712 2290 3190 2360 ,Βου.1ῇάσεϐὡν.
3230 2292 3382 2343 Ἔστι
3420 2291 3514 2359 μὲν
3548 2285 3638 2341 οὖν
3679 2288 3740 2339 τὸ
3779 2288 3993 2358 κυρίως

2415 2388 2507 2438 καὶ
2539 2385 2767 2455 πρώτως
2802 2384 3155 2455 μακαριστὸν,
3187 2382 3246 2434 τὸ
3279 2380 3544 2450 ἀληθινῶς
3571 2380 3790 2447 ἀγαθόν.
3815 2377 3993 2431 Τοῦτο

2415 2480 2470 2532 δέ
2499 2481 2643 2528 ἐστιν
2675 2479 2702 2528 ό
2753 2476 2901 2538 Θεός.
2951 2476 3113 2527 Ὅθεν
3159 2475 3253 2526 καὶ
3303 2471 3530 2533 Παῦλος,
3578 2472 3884 2541 ὑπόμνησιν
3911 2469 3990 2539 (5)

2422 2569 2624 2641 μέλλων
2658 2567 2924 2619 ποιεῖσθαι
2974 2564 3229 2635 Χριστοῦι
3275 2565 3432 2618 Κατά
3468 2562 3582 2629 τὴν
3611 2563 3990 2632 ἐπιέεάτέίω”

2421 2662 2570 2731 φησὶ,
2601 2658 2704 2712 τοῦ
2724 2658 3017 2727 μακαρίου
3050 2655 3217 2720 Θεοῦ,
3247 2655 3345 2709 καὶ
3370 2654 3642 2724 Σωτῆρος
3677 2653 3845 2723 ήμῶν
3885 2655 3997 2722 ’1η-

2421 2753 2534 2806 σοῦ
2569 2751 2840 2819 Χριστοῦ.
2878 2750 3161 2820 Μακάριόν
3191 2749 3300 2822 γὰρ
3329 2748 3406 2820 τῷ
3437 2748 3549 2821 όντι
3580 2749 3641 2801 τὸ
3669 2747 3994 2805 αὑτόκαλον,

2423 2844 2558 2912 προς
2577 2843 2604 2895 ὃ
2631 2843 2804 2895 πάντα
2833 2840 3148 2902 ἀποϐλέπει,
3175 2832 3236 2893 οῦ
3266 2841 3440 2894 πάντα
3466 2841 3696 2908 ἐφίεται,
3742 2841 3775 2909 ἡ
3833 2839 4000 2908 ἄτρε-

2425 2951 2554 2994 πτος
2586 2933 2766 3001 φύσις,
2795 2934 2854 2985 τὸ
2883 2934 3197 2986 δεσποτικὸν
3227 2933 3460 3001 ἀξίωμα,
3511 2934 3542 3001 ἡ
3572 2930 3827 3000 aiam-.0;
3855 2928 3995 2998 ζωὴ,

2423 3028 2456 3092 ἡ
2486 3025 2685 3086 ἄλυπος
2724 3024 3044 3094 διεξαγωγὴ,
3093 3024 3220 3091 περὶ
3252 3025 3317 3093 ἣν
3350 3025 3448 3076 οὑκ
3495 3023 3636 3074 ἐστιν
3666 3022 3953 3083 ἀλλοίωσις
3980 3059 3995 3080 ,

2426 3110 2492 3185 ἦς
2528 3115 2623 3184 οὑχ
2647 3113 2873 3166 ἅπτεται
2902 3112 3166 3183 μεταϐολή
3188 3129 3200 3142 ⁸
3227 3115 3258 3182 ὴ
3294 3113 3532 3182 βρύουσα
3564 3113 3734 3181 πηγὴ,
3763 3113 3796 3181 ἡ
3828 3111 3999 3178 ἀφθοο

759 3216 876 3258 stus
918 3209 1220 3257 thesaurus.
1281 3203 1440 3271 Atqui
1489 3202 1734 3256 homines
1774 3199 1946 3269 ignari
1981 3238 1996 3264 ,
2040 3198 2328 3265 mundique
2357 3226 2398 3285 ο
2431 3224 2442 3252 η

2315 3214 2398 3285 ἑο
2431 3224 2518 3269 νος
2574 3207 2751 3276 χάρις,
2809 3206 2838 3257 ὁ
2894 3203 3232 3274 ἀδαπάνητος
3284 3204 3572 3274 θησαυρός.
3635 3201 3891 3271 Ἀμαθεῖς
3941 3202 3998 3254 δὲ

757 3295 1135 3364 ιιιιιαιιιίιε,(ιιιί
1159 3294 1281 3347 boni
1312 3295 1478 3363 ipsius
1510 3294 1755 3362 ignorant
1783 3300 2052 3353 naturatn,
2081 3306 2163 3342 res
2180 3287 2328 3340 nihili

758 3388 952 3457 sa'pius
977 3387 1268 3453 aesumant,
1301 3387 1537 3450 divitias,
1575 3386 1880 3448 sanitatem,
1908 3383 2027 3435 vita:
2079 3381 2332 3449 splendo-

761 3497 909 3538 rem:
942 3497 1164 3550 quarutn
1195 3497 1370 3534 rerum
1411 3482 1540 3532 nihil
1570 3487 1651 3531 est
1678 3493 1771 3531 sua
1808 3477 1973 3545 ipsius
2005 3486 2194 3528 natura
2227 3475 2326 3528 bo-

763 3588 888 3626 num
919 3588 932 3633 ;
964 3584 1065 3622 non
1103 3568 1273 3622 solum
1306 3572 1446 3636 quod
1474 3565 1630 3620 facile
1661 3581 1711 3619 tn
1740 3562 2010 3618 contraria
2035 3570 2327 3622 mutentur,

759 3667 854 3719 sed
884 3663 1026 3733 quod
1059 3678 1124 3718 ne
1174 3663 1340 3716 b0nos
1367 3661 1576 3729 quidem
1615 3660 1823 3713 valeant
1850 3671 2186 3728 possessores
2208 3669 2331 3710 suos

763 3758 1004 3812 reddere.
1043 3754 1173 3820 Quis
1201 3755 1343 3809 enim
1367 3754 1436 3809 ob
1466 3753 1682 3808 divitias
1707 3751 1927 3821 justus?
1960 3749 2081 3820 quis
2111 3757 2332 3819 propter

760 3848 1047 3901 sanitatem
1104 3845 1450 3915 temperans?
1506 3845 1614 3897 lmo
1644 3859 1772 3898 sane
1813 3844 1928 3898 hanc
1955 3843 2134 3896 omnia
2197 3840 2334 3895 male

767 3938 1039 3991 utentibus
1083 3937 1148 3989 ad
1191 3937 1518 4004 peccandum
1569 3949 1712 4001 saepe
1745 3933 2071 3986 inserviunt.
2139 3933 2334 3986 Beatus

770 4032 933 4099 igitur
992 4030 1100 4097 ille,
1159 4030 1250 4099 qui
1308 4043 1370 4082 ea
1427 4043 1545 4097 qua:
1607 4024 1825 4093 plurimi
1883 4035 2009 4078 sunt
2069 4027 2332 4086 habenda,

769 4123 1026 4192 possidet,
1055 4122 1255 4191 quique
1282 4135 1490 4183 eorum,
1522 4135 1639 4188 qua:
1676 4126 1945 4186 nequeunt
1992 4115 2210 4178 auferri,
2242 4116 2336 4168 lto-

769 4230 961 4269 norum
1015 4214 1284 4283 particeps
1332 4224 1433 4268 est.
1466 4213 1571 4268 Sed
1602 4227 1709 4282 quo
1742 4221 1900 4280 pacto
1951 4211 2092 4264 hunc
2145 4223 2337 4278 cOguo-

768 4305 1020 4360 st-enms?
1081 4305 1184 4369 Qui
1218 4321 1322 4356 non
1393 4306 1517 4357 abiit
1582 4305 1638 4356 in
1695 4303 1910 4356 consilio
1945 4302 2240 4370 impiorum.
2270 4297 2338 4351 Et

771 4397 1079 4468 priusuuam
1111 4410 1374 4462 exponam
1411 4395 1535 4462 quid
1567 4405 1639 4446 s.t
1668 4411 1771 4447 non
1802 4395 2001 4448 abiisse
2029 4393 2083 4446 in
2113 4390 2336 4445 consilio

774 4489 1085 4559 impiorum,
1104 4487 1206 4542 loci
1233 4486 1391 4556 hujus
1415 4484 1765 4554 quaestionem
1791 4485 1942 4538 vobis
1967 4484 2174 4539 solvere
2197 4485 2334 4538 volo.

2431 3297 2704 3369 ἄνθρωποι
2727 3297 2818 3350 καὶ
2841 3296 3176 3365 φιλόκοσμοι,
3209 3295 3526 3363 ἀγνοοῦντες
3554 3292 3716 3346 αὑτοῦ
3741 3293 3834 3344 τοῦ
3861 3293 4002 3361 ἀγά-

2432 3389 2523 3441 Θοῦ
2579 3389 2675 3458 τὴν
2729 3388 2906 3455 φύσιν,
2964 3387 3323 3459 μακαρίζουσι
3367 3386 3627 3449 πολλάκις
3669 3385 3737 3437 τὰ
3773 3385 4002 3455 μηδενὸς

2431 3480 2572 3544 ἀξια,
2624 3478 2867 3544 πλοῦτον,
2919 3480 3146 3549 ὑγίειαν,
3180 3480 3530 3551 περιφάνειαν
3564 3478 3676 3549 βίου
3698 3495 3710 3508 ·
3743 3471 3819 3531 ὧν
3847 3477 4002 3532 οὐδέν

2431 3573 2574 3623 ἐστιν
2605 3570 2804 3638 ἀγαθὸν
2839 3574 2902 3641 τῇ
2939 3570 3131 3624 ἑαυτοῦ
3169 3571 3360 3642 φύσει·
3396 3573 3455 3626 οὑ
3493 3571 3651 3643 μόνον
3688 3569 3878 3624 καθότι
3905 3572 4005 3639 ῥα-

2430 3664 2547 3718 δίαν
2589 3663 2698 3732 ἔχει
2728 3663 2824 3735 τὴν
2856 3665 2991 3736 πρὸς
3021 3666 3089 3720 τὰ
3136 3666 3351 3720 ἐναντία
3385 3666 3739 3737 περιτροπὴν,
3779 3663 3894 3715 ἀλλ’
3922 3661 4004 3713 ὅτι

2437 3756 2566 3828 μηδὲ
2599 3755 2831 3824 ἀγαθοὺς
2863 3755 3084 3810 δύναται
3135 3760 3260 3822 τοὺς
3303 3757 3668 3826 κεκτημένους
3698 3752 4000 3807 ἀποτελεῖν.

2434 3851 2528 3915 Τίς
2581 3849 2689 3922 γὰρ
2751 3849 2954 3912 δίκαιος
3005 3850 3092 3902 διὰ
3141 3852 3430 3920 χρήματας
3489 3849 3572 3908 τίς
3630 3843 3859 3914 σώφρων
3913 3842 4003 3896 διὰ

2436 3943 2672 4011 ὑγίειανς
2704 3944 3019 3996 Τοὺναντίον
3062 3942 3157 4010 μὲν
3186 3936 3297 4000 οὖν,
3334 3939 3423 3990 καὶ⁸
3447 3935 3713 4006 ὑπηρεσία
3743 3933 4004 3997 πολλάκις

2435 4035 2572 4103 πρὸς
2600 4034 2872 4103 ἁμαρτίαν
2910 4035 3022 4093 τοῖς
3054 4029 3236 4090 κακῶς
3280 4028 3580 4097 χρωμένοις
3619 4026 3823 4078 τούτων
3874 4027 4004 4079 ἓκα-

2438 4143 2560 4178 στον
2579 4127 2800 4192 γίνεται.
2829 4124 3110 4194 Μακάριος
3128 4119 3218 4176 οῦν
3243 4121 3352 4175 ότά
3379 4121 3629 4173 πλείστου
3658 4120 3781 4184 ἄξια
3808 4137 4008 4188 κεκτη-

2439 4216 2615 4286 μένος,
2650 4217 2678 4267 ό
2704 4215 2810 4269 τῶν
2855 4214 3230 4286 ἀναφαιρέτων
3263 4213 3482 4282 ἀγαθῶν
3520 4214 3763 4283 μέτοχος.
3806 4211 4006 4264 Τοῦτον

2435 4308 2490 4360 δὲ
2523 4308 2634 4371 πῶς
2661 4308 3103 4378 ὲπιγνωσόμεθα;
3137 4310 3241 4371 Ὃς
3269 4309 3378 4360 οὐκ
3405 4306 3696 4372 ἐπορεύθη
3725 4298 4005 4367 ἔνθ-,ϐουλῇ

2436 4400 2688 4454 ἀσεϐῶν.
2724 4402 2832 4455 Καὶ
2875 4402 3004 4472 πρίν
3050 4418 3113 4469 γε
3151 4402 3341 4460 εἰπεῖν,
3373 4400 3424 4451 τί
3468 4399 3527 4451 τὸ
3560 4397 3632 4467 μὴ
3676 4393 4004 4465 πορευθῆναι

2439 4493 2494 4543 ὲν
2526 4491 2683 4562 βουλῇ
2721 4491 2956 4555 ἀσεϐῶν,
2989 4491 3242 4561 βούλομαι
3279 4491 3403 4558 ὑμῖν
3430 4489 3492 4540 τὸ
3535 4489 3590 4538 ὲν
3622 4485 3697 4554 τῷ
3731 4485 3882 4554 τόπῳ
3912 4483 4005 4551 ζη-

777 4581 885 4634 Cur
931 4579 1218 4650 PrOpheta,
1279 4578 1476 4647 inquis,
1518 4580 1688 4631 solum
1740 4576 2010 4628 hominem
2066 4575 2231 4645 eligit,
2273 4592 2336 4628 ac
2368 4565 2412 4621 D
2439 4600 2460 4635 τ

2322 4565 2412 4628 3D
2439 4582 2698 4652 τούμενον
2739 4582 3006 4636 διαλῦσαι.
3053 4581 3151 4633 Διά
3194 4581 3267 4642 τί,
3302 4580 3485 4649 φησιν,
3527 4580 3556 4630 ὁ
3605 4577 3889 4646 προφήτης
3921 4573 4005 4624 τὸν

776 4670 1034 4741 praedicat
1109 4670 1368 4724 beatum?
1433 4685 1557 4723 num
1616 4667 1865 4720 mulieres
1917 4681 1947 4717 a
2009 4667 2337 4720 beatitudine

776 4763 1045 4817 exclusit?
1078 4765 1229 4817 Absit
1258 4764 1269 4817 !
1296 4763 1582 4817 Enimvero
1614 4762 1711 4813 viri
1746 4771 1798 4814 et
1854 4758 2094 4813 mulieris
2125 4775 2226 4812 una
2257 4770 2338 4812 est

778 4857 949 4910 virtus
974 4869 988 4908 :
1017 4855 1449 4925 quandoquidem
1480 4857 1758 4920 utriusque
1785 4852 1993 4906 creatio
2017 4851 2217 4904 honore
2244 4868 2340 4918 par

777 4963 882 5013 est,
915 4967 977 5006 ac
1001 4953 1223 5021 proinde
1250 4952 1530 5019 utriusque
1560 4964 1772 5018 quoque
1799 4962 2002 5001 merces
2018 4956 2101 4999 est
2125 4945 2334 4999 eadem.

779 5045 915 5104 Audi
961 5043 1250 5098 Genesitn:
1294 5041 1434 5094 Fecit
1491 5043 1626 5094 Deus
1677 5041 1970 5102 hominem,
2027 5037 2232 5106 inquit;
2269 5039 2337 5088 ad

851 5201 891 5232 ⁸³
920 5201 1022 5257 Tit.
1053 5217 1111 5262 tt.
1148 5203 1227 5255 l5.

855 5338 965 5401 (98)
997 5337 1174 5390 Cttlhet
1195 5339 1334 5386 littus
1364 5351 1499 5385 unus
1529 5333 1912 5401 ὑποφέρωςιεν.

857 5398 965 5467 (993
989 5407 1089 5461 Pro
1113 5405 1441 5458 ὑποκλέπτει
1478 5421 1519 5457 5.
1543 5398 1736 5455 rthttnr
1772 5398 2091 5467 simpliciter
2133 5398 2184 5450 in
2211 5398 2344 5451 duo-

785 5481 886 5534 bus
918 5493 1043 5531 mss.
1076 5477 1316 5529 κλέπτει.

855 5548 929 5618 (1)
960 5547 1136 5618 gotlex
1164 5563 1303 5618 unus
1328 5541 1708 5618 προεϐάλλετο.

862 5607 938 5681 12⁷)
963 5617 1134 5670 Editio
1163 5616 1231 5668 Pa
1244 5617 1332 5668 ris.
1365 5607 1470 5666 τῶν
1492 5609 1864 5680 ἀποκειμένων
1895 5607 2135 5681 ἀγαθῶν.
2170 5616 2236 5660 At
2267 5622 2350 5681 v_a-

790 5676 935 5743 riant
963 5687 1082 5740 libri
1111 5701 1268 5739 manu
1301 5683 1527 5742 exarati,
1554 5676 1778 5736 duorum
1807 5682 1856 5731 in
1889 5682 2007 5731 aliis
2036 5680 2227 5745 legitur
2243 5676 2350 5728 τῶν

788 5755 1170 5824 ἀποκειμένων
1195 5755 1423 5808 αἰωνίων
1444 5752 1694 5824 quem:
1751 5749 1803 5802 in
1848 5748 2353 5824 aliis_vero_sirr_rpli-

795 5832 911 5881 eius
941 5817 1046 5880 τῶν
1073 5826 1301 5878 αἰωνίων
1325 5817 1560 5892 ἀγαθῶνσ
1608 5832 1661 5875 et
1685 5821 1753 5873 ila
1791 5821 2073 5884 scripsisse
2100 5817 2353 5892 Basilinm

790 5909 1066 5968 putamus,
1108 5914 1172 5952 ne
1199 5910 1352 5951 vores
1374 5884 1445 5948 ἰιι
1472 5910 1546 5946 ων
1580 5891 1887 5947 desinentes
1919 5892 2116 5943 lrustt'a
2172 5884 2350 5941 multi-

2442 4674 2608 4744 ἄνδρα
2660 4675 2818 4744 μόνον
2870 4673 3224 4742 ἐκλεξάμενος
3269 4668 3596 4740 μακαρίζει;
3642 4663 3750 4736 ἆρα
3802 4665 3875 4736 μὴ
3917 4662 4006 4716 τοῦ

2446 4765 2794 4837 μακαρισμοῦ
2837 4765 2932 4826 τὰς
2972 4765 3232 4832 γυναῖκας
3283 4758 3603 4822 ἀπέκλεισε;
3643 4756 3734 4825 Μὴ
3768 4754 4004 4822 γένοιτοι

2444 4861 2557 4912 Μία
2602 4860 2708 4930 γὰρ
2738 4859 2905 4930 ἀρετὴ
2950 4857 3139 4927 ἀνδρὸς
3172 4856 3262 4908 καὶ
3300 4853 3577 4923 γυναικὸς,
3621 4850 3807 4918 ἐπειδὴ
3853 4849 4004 4918 καὶὴ

2444 4950 2617 5011 κτίσις
2646 4948 2972 5019 ἀμφοτέροις
2999 4947 3278 5016 ὁμότιμος,
3304 4944 3442 4996 ὥστε
3469 4943 3562 4994 καὶ
3590 4943 3618 4993 ὁ
3645 4939 3834 5011 μισθὸς
3863 4941 3890 4991 ό
3920 4938 4010 4988 αὑ-

2443 5040 2530 5100 τὸς
2569 5039 2913 5109 ἀμφοτέροις.
2967 5038 3164 5089 Ἀκουε
3216 5036 3312 5105 τῆς
3354 5033 3642 5095 Γενέσεως·
3707 5031 4006 5097 Ἐποίησε.

2471 5329 2803 5381 )Iiettrentnr.

2471 5347 2520 5380 )Il
2545 5347 2803 5379 ‘ill'cllllll'.

2453 5347 2466 5397 1
2526 5348 2603 5467 (LE)
2641 5397 2692 5448 In
2734 5394 2946 5467 duobus
2986 5407 3120 5467 mss.
3169 5403 3264 5467 pro
3312 5386 3617 5455 ὑπόμνησιν
3666 5383 3865 5449 legitur
3900 5381 4009 5462 ἐπί-

2457 5456 2672 5541 μνὴσιν.
2711 5465 2804 5518 llic
2835 5466 2999 5526 locus,
3031 5462 3081 5512 id
3115 5459 3254 5528 quod
3289 5471 3666 5541 t'tttnnnnqnatn
3708 5468 3803 5505 trsn
3840 5456 4002 5511 νρηίι,

2455 5526 2717 5591 ἶνιιιήιιιιιε
2769 5545 2847 5585 est
2903 5549 2964 5584 ex
3021 5526 3246 5583 tlttohus.
3297 5526 3475 5578 Prima
3530 5539 3655 5590 pars
3695 5531 3905 5588 sumpta
3951 5537 4010 5572 ex

2457 5609 2624 5663 Enist.
2653 5605 2670 5657 l
2695 5607 2758 5655 atl
2789 5603 3024 5656 Tirnoth.
3056 5617 3092 5659 l,
3135 5599 3193 5652 11
3238 5614 3248 5648 :
3281 5594 3438 5649 Κατά
3465 5595 3524 5646 τὺ
3565 5591 3896 5663 Εὑαγγέλιον
3921 5591 4011 5663 τῆς

2455 5661 2608 5748 δόξης
2635 5673 2726 5728 τοῦ
2751 5672 3015 5748 μακαρίου
3040 5669 3213 5748 ,Θεοῷ
3269 5667 3434 5718 altera
3449 5678 3594 5748 ἔοι-ρ
3639 5677 3704 5714 ex
3733 5661 4011 5748 'EiLiSl."atl

2459 5729 2635 5802 Tiiiiiu
2670 5729 2825 5802 "315
2859 5759 2871 5795 :
2905 5729 3012 5796 Καὶ
3037 5739 3423 5808 ἐπιφάνειαν...
3449 5733 3698 5803 Σωτῆρος
3723 5729 3879 5800 ἡμῶν
3918 5732 4012 5800 ’1η-

2462 5818 2552 5872 σοῦ
2581 5813 2832 5886 Χριστοῦ.
