4262 6512
279 473 385 524 217

1479 465 1756 519 IIOMILIA
1794 464 1858 519 IN
1901 461 2224 514 PSALMUM
2266 462 2307 514 l.

3398 468 3504 522 εἶθ

279 583 433 654 φησι,
480 583 512 632 ό
548 583 689 646 Θεος
740 579 848 632 τὸν
896 579 1223 649 ἅνθρωποι-ο
1276 577 1400 629 κατ’
1459 573 1664 629 εὶιιόνά
1697 577 1843 630 Θεοῦ
1875 575 1962 639 Αἱ

1828 578 1843 628 3
1875 587 1915 639 Α
1949 574 2225 640 imaginem
2260 569 2355 621 Dei
2379 571 2501 637 fecit
2530 573 2719 638 illum;
2743 569 3032 624 masculum
3064 583 3109 626 et
3137 574 3387 642 feminum
3432 579 3511 646 fe-

277 671 564 735 ἐποίησεν
605 670 820 722 αὐτόν·
868 668 1054 737 ἄρσεν
1087 667 1183 722 καὶ
1224 665 1378 736 θῆλυ
1423 667 1706 731 ἐποίησεν
1738 671 1840 720 αι’)-

281 763 439 823 τοίος.
477 755 571 814 Ὧν
599 763 654 814 δὲ
684 764 716 824 ἡ
758 762 916 829 φύσις
961 765 1077 835 μία,
1118 760 1321 813 τούτων
1358 763 1450 813 καὶ
1490 761 1756 830 ἐνέργειαι
1784 763 1839 812 αἱ

279 854 552 925 αὑταίμγ
587 850 659 907 ὧν
681 854 736 905 δὲ
764 853 822 905 τὸ
857 854 1010 926 ἔργον
1047 857 1177 912 ἴσον,
1203 854 1397 905 τούτων
1427 854 1515 906 καὶ
1544 856 1570 904 ὁ
1602 849 1787 920 μισθὸς
1814 854 1842 904 ὁ

277 948 457 1010 αὐτός.
497 947 595 1000 Διὰ
643 945 695 997 τί
745 942 856 1010 οὖν,
913 946 1101 1016 ἀνδρὸς
1152 944 1424 1015 μνησθεὶς,
1477 945 1576 1012 τὴν
1613 945 1844 1009 γυναῖκα

278 1039 693 1108 ἁπεσιώπησεν;
739 1040 857 1092 ’Ότι
887 1040 1074 1110 ἀρκεῖν
1103 1038 1364 1108 ἡγήσατο,
1403 1037 1529 1107 μιᾶς
1557 1034 1721 1105 οὔσης
1745 1035 1840 1102 τῆς

281 1131 511 1200 φύσεως.
540 1130 602 1181 ἐκ
627 1129 718 1182 τοῦ
760 1129 1226 1200 ἡγεμονικωτέρου
1254 1131 1314 1182 τὸ
1343 1129 1461 1180 ὅλον
1491 1123 1838 1190 ἐνδείξασθαι.

277 1219 576 1286 Μακάριος
587 1217 880 1285 οῦκ-ἁνὴρ,
899 1218 1084 1284 ὅςούκ
1102 1220 1393 1288 ἐπορεύθη
1410 1218 1691 1286 ἐνβουλῇ
1703 1218 1844 1271 ἀσε-

279 1312 414 1366 ϐῶν.
437 1313 630 1365 Σκόπει
653 1312 757 1365 τῶν
789 1312 1046 1382 ῥημάτων
1065 1312 1122 1365 τὸ
1149 1313 1371 1384 ἀκριϐὲς
1389 1312 1484 1380 (5),
1504 1312 1616 1374 πῶς
1637 1313 1839 1380 ἑκάστη

279 1403 422 1469 λέξις
459 1403 739 1472 δογμάτων
783 1404 1151 1475 πεπλήρωται.
1183 1407 1294 1458 Οὐκ
1321 1399 1491 1466 εἶπεν,
1533 1406 1627 1468 Ὃς
1657 1405 1716 1456 οὐ
1749 1419 1842 1455 πο.

281 1497 493 1566 ρεύεται
527 1497 583 1546 ἐν
614 1495 770 1568 βουλῇ
799 1496 1029 1561 ἀσεϐῶν,
1076 1497 1210 1560 ἀλλ’,
1257 1498 1353 1559 Ὃς
1393 1498 1500 1549 οὐκ
1531 1497 1837 1564 ἐπορεύθη.

291 1584 349 1637 Ὀ
386 1586 481 1654 μὲν
514 1586 618 1657 γὰρ
665 1589 719 1640 ἐν
755 1588 834 1657 ’τῷ
879 1589 975 1657 βίῳ
1002 1588 1282 1658 τυγχάνων
1311 1585 1459 1641 οὔπω
1488 1587 1838 1658 μακαριστὸς,

277 1677 366 1730 διὰ
398 1678 457 1730 τὸ
498 1679 687 1751 ἄδηλον
716 1682 811 1752 τῆς
854 1681 1155 1742 ἐκϐάσεως·
1187 1681 1214 1731 ὁ
1252 1678 1307 1732 δὲ
1343 1679 1745 1751 συμπληρώσας
1774 1680 1841 1733 τὰ

276 1771 646 1836 ἐπιϐάλλοντα,
677 1774 768 1824 καὶ
808 1772 1180 1843 ἀναντιρρήτῳ
1211 1771 1350 1825 τέλει
1374 1774 1469 1845 τὴν
1502 1773 1645 1842 ζωὴν
1670 1789 1840 1824 κατα-

274 1863 513 1925 κλείσας,
544 1858 696 1924 οὗτος
731 1863 827 1934 ἠδη
859 1861 1112 1930 ἀσφαλῶς
1144 1864 1521 1936 μακαρίζεται.
1551 1863 1647 1916 Διὰ
1671 1863 1722 1915 τί
1750 1859 1840 1916 οὖν

1945 664 2015 716 cit
2073 680 2156 715 eos
2178 661 2242 713 ³³.
2283 659 2518 726 Quorum
2578 675 2755 720 autem
2812 671 3005 717 natura
3060 680 3187 732 una,
3219 667 3407 721 bormu
3454 680 3508 722 et

1943 755 2184 808 actiones
2210 756 2406 808 eadem
2437 771 2450 818 ;
2480 768 2705 822 quorum
2746 767 2828 812 est
2858 756 3064 824 :equale
3114 773 3268 828 Opus,
3317 765 3505 816 borum

1942 854 1997 898 et
2025 857 2231 898 merces
2255 846 2465 898 eadem.
2498 846 2673 910 Quare
2699 862 2848 917 ergo,
2881 846 2980 901 viri
3019 847 3157 901 facta
3209 852 3505 913 mentione,

1945 935 2221 991 mulierem
2271 937 2766 1002 tacuit?Quoniam
2804 943 2936 995 satis
2988 955 3109 994 esse
3155 942 3506 1005 existimavit,

1943 1045 2062 1084 cum
2084 1042 2184 1080 una
2209 1029 2278 1081 sit
2303 1039 2493 1080 natura
2514 1028 2814 1090 amborum,
2845 1045 2939 1096 per
2965 1032 3282 1101 praecipuam
3301 1045 3505 1099 partem

1945 1132 2111 1175 totum
2139 1120 2463 1188 signiﬁcare.
2489 1119 2679 1174 Beatus
2703 1120 2809 1190 93
2836 1120 2993 1189 igitur
3021 1127 3115 1184 uir,
3140 1125 3228 1195 qui
3257 1139 3356 1177 non
3382 1125 3507 1176 abiit

1941 1215 1995 1267 in
2021 1216 2242 1269 consilio
2289 1215 2590 1283 impiorum.
2631 1213 2921 1267 Cm.sidera
2959 1218 3240 1270 verborum
3284 1231 3507 1271 acetira-

1945 1306 2144 1360 tionem
2180 1325 2195 1362 :
2236 1306 2499 1371 quomodo
2525 1305 2774 1373 quaelibet
2805 1304 2970 1359 dictio
2995 1310 3275 1362 sententiis
3305 1311 3502 1364 referta

1943 1397 2034 1452 sit.
2071 1396 2184 1449 Non
2212 1397 2364 1463 dixit,
2397 1398 2497 1463 Qui
2536 1410 2640 1448 non
2677 1397 2788 1449 abit
2838 1397 2889 1448 in
2922 1397 3145 1450 consilio
3177 1397 3458 1465 impiorum
3491 1419 3505 1467 ;

1945 1491 2062 1554 sed,
2099 1489 2201 1554 Qui
2232 1507 2333 1542 non
2365 1492 2515 1543 abiit.
2563 1489 2662 1556 Qui
2697 1489 2836 1542 enim
2869 1491 2919 1542 in
2967 1491 3064 1543 bac
3095 1491 3200 1543 vita
3243 1503 3508 1555 versatur,

1945 1582 2178 1635 nondum
2213 1590 2429 1649 propter
2461 1583 2724 1634 incertum
2770 1582 2972 1635 exitum
3019 1583 3204 1635 beatus
3235 1592 3320 1635 est
3365 1598 3504 1650 pra:-

1946 1673 2242 1728 dicandus:
2278 1672 2364 1740 qui
2394 1687 2520 1724 vern
2547 1687 2698 1725 suum
2724 1673 3289 1740 exl‘rleveritoﬂicium,
3319 1677 3511 1728 vitant-

1943 1780 2045 1834 que
2075 1777 2222 1820 ccrto
2263 1764 2368 1817 ﬁne
2399 1764 2675 1827 clauserit,
2710 1766 2751 1818 is
2793 1765 2902 1831 jam
2932 1766 3118 1820 beatus
3153 1777 3265 1821 tuto
3290 1769 3507 1822 dicitur.

1943 1856 2052 1911 Cur
2083 1859 2245 1929 igitur
2279 1855 2418 1911 beati
2458 1857 2545 1923 qui
2573 1855 2848 1910 ambulant
2878 1857 2926 1908 in
2960 1856 3076 1924 lege
3111 1856 3362 1910 Domini?
3403 1874 3507 1912 non

278 1954 533 2022 μακάριοι
582 1954 627 2002 οἱ
675 1950 1025 2021 πορευόμενοι
1070 1954 1126 2005 ἐν
1157 1953 1304 2024 νόμῳ
1357 1953 1590 2024 Κυρίους
1640 1953 1699 2004 οὐ
1732 1953 1838 2026 γὰρ
1872 1942 1913 2002 Β
1941 1964 1961 2002 c

1826 1971 1838 2004 ι
1872 1942 1913 2002 Β
1941 1949 2080 2002 enim
2109 1951 2197 2004 hic
2248 1948 2525 2017 Scriptura
2561 1962 2654 2001 eos
2683 1950 2770 2016 qui
2817 1947 3247 2012 ambulaverunt,
3281 1951 3373 2002 sed
3415 1964 3509 2003 eos

271 2045 398 2106 τοὺς
431 2044 789 2114 πορευθέντας
833 2045 965 2107 ἐκεῖ,
999 2045 1138 2097 ἀλλὰ
1163 2048 1288 2108 τοὺς
1328 2046 1405 2098 ἔτι
1445 2047 1840 2115 πορευομένους

277 2137 642 2206 μακαριστοὺς
693 2138 720 2187 ὁ
763 2136 914 2204 λόγος
948 2137 1196 2190 τίθεται·
1229 2137 1310 2189 ὅτι
1344 2140 1391 2190 οί
1421 2139 1482 2190 τὸ
1518 2138 1718 2204 ἀγαθὸν
1751 2141 1842 2210 ἐρ-

273 2229 583 2299 γαζόμενοι,
612 2233 667 2282 ἐν
715 2230 860 2299 αὐτῷ
891 2229 966 2299 τῷ
1003 2229 1148 2299 ἔργω
1182 2228 1242 2281 τὸ
1278 2231 1568 2283 ἀπόδεκτον
1593 2230 1804 2300 ἔχουσιν
1825 2250 1838 2262 ·

272 2323 322 2373 οἱ
350 2322 406 2373 δὲ
441 2322 498 2373 τὸ
527 2323 692 2374 κακὸν
724 2322 1011 2390 φεύγοντες
1037 2321 1156 2382 οὐκ,
1185 2319 1277 2372 ἐὰν
1303 2320 1448 2386 ἅπαξ
1481 2337 1579 2374 που
1608 2323 1640 2391 ἢ
1665 2321 1843 2374 δεύτε-

279 2431 368 2485 ρον
399 2413 683 2466 ἐκκλίνωσι
731 2415 829 2485 τὴν
883 2415 1174 2485 ἁμαρτίαν,
1229 2414 1520 2478 ἐπαινετοὶ,
1581 2413 1695 2466 ἀλλ’
1748 2413 1842 2465 ἐὰν

269 2505 537 2577 δυνηθῶσι
563 2505 656 2558 τοῦ
687 2506 855 2559 κακοῦ
885 2508 982 2577 τὴν
1014 2509 1203 2578 πεῖραν
1237 2507 1316 2568 είς
1343 2504 1402 2557 τὸ
1432 2505 1692 2567 παντελὲς
1716 2504 1834 2557 δια-

270 2600 480 2672 δρᾶναι.
524 2601 616 2653 Ἐκ
643 2601 696 2654 δὲ
727 2602 820 2672 τῆς
837 2601 927 2654 τοῦ
953 2601 1109 2669 λόγου
1161 2598 1475 2662 ἀκολουθίας
1525 2600 1619 2654 καὶ
1660 2600 1840 2669 ἕτερον

270 2699 404 2764 ἡμῖν
435 2694 635 2764 ἄπορον
658 2695 898 2762 ἀνεφάνη
915 2695 1013 2763 (6).
1030 2695 1126 2745 Δια
1147 2695 1197 2745 τί
1217 2693 1335 2760 οὐχ).
1350 2693 1440 2746 τὸν
1480 2693 1840 2763 κατορθοῦντα

273 2785 370 2855 τὴν
401 2787 600 2855 ἀρετὴν
628 2784 940 2855 μακαρίζει,
968 2784 1103 2836 ἀλλὰ
1127 2784 1216 2836 τὸν
1255 2785 1327 2854 μὴ
1355 2783 1689 2852 πεποιηκότα
1745 2782 1840 2852 τὴν

273 2877 580 2947 ἁμαρτίαν;
615 2874 798 2938 Οὕτως
825 2873 932 2945 γὰρ
955 2875 1047 2927 καὶ
1079 2875 1260 2938 ἵππος,
1292 2874 1383 2926 καὶ
1407 2871 1552 2942 βοῦς,
1583 2871 1674 2923 καὶ
1700 2869 1842 2932 λίθος

274 2969 761 3042 μακαρισθήσεται.
779 2968 934 3020 Ποῖον
957 2968 1063 3039 γὰρ
1087 2966 1288 3036 ἄψυχον
1307 2965 1435 3035 ἔστη
1460 2967 1517 3018 ἐν
1539 2962 1642 3032 6δῴ
1667 2965 1840 3032 ἁμαρ-

270 3063 455 3116 τωλῶν
478 3065 705 3133 ,ἣ-ποῖον
720 3061 909 3129 ἄλογον
923 3061 1012 3113 ἐπὶ
1029 3077 1082 3113 κς
1102 3059 1263 3130 θέδρᾳ
1279 3058 1351 3129 (7)
1371 3056 1572 3128 λοιμῶν
1591 3055 1836 3118 ἐκάθισες

270 3156 480 3226 Μικρὸν
512 3155 608 3223 μὲν
637 3150 727 3207 οὖν
775 3152 1068 3222 ἀναμείνας
1091 3195 1102 3209 ,
1150 3151 1399 3221 εὑρήσεις
1435 3149 1488 3202 τὲ
1520 3149 1674 3217 ἴαμα.
1721 3147 1842 3198 Ἐπ-

269 3246 391 3313 άγει
421 3245 545 3316 γάρ·
566 3243 716 3297 Ἀλλ’
737 3244 772 3310 ἢ
798 3244 867 3296 ἐν
891 3243 962 3312 (8)
983 3241 1060 3304 τῷ
1095 3241 1253 3308 νόμῳ
1281 3240 1500 3306 Κυρίου
1527 3240 1590 3291 τὸ
1615 3237 1838 3305 θέλημα

1943 2038 2032 2108 qui
2061 2039 2235 2092 adhuc
2262 2038 2557 2099 ambulant,
2586 2037 2838 2104 prmdical
2871 2036 3055 2090 beatOs
3089 2053 3103 2089 :
3138 2039 3387 2104 quoniam
3416 2039 3507 2106 qui

1943 2132 2145 2188 faciunt
2173 2133 2390 2196 bonum,
2421 2132 2472 2183 in
2501 2131 2612 2196 ipsa
2645 2133 2853 2183 actione
2885 2142 3288 2199 consequuntur
3316 2146 3362 2198 οι
3388 2148 3419 2200 p
3451 2148 3512 2186 o-

1941 2225 2253 2286 bationem;
2292 2220 2386 2274 sed
2458 2220 2548 2288 qui
2604 2220 2776 2272 vitant
2828 2220 3045 2282 malum,
3104 2221 3352 2274 laudandi
3402 2240 3507 2275 non

1940 2326 2083 2379 sunt,
2113 2317 2156 2371 si
2193 2315 2333 2371 forte
2350 2312 2514 2368 semel
2537 2324 2629 2366 aut
2655 2315 2847 2367 iterum
2873 2324 3145 2382 peccatum
3167 2315 3508 2380 evitarei-int,

1941 2409 2030 2462 sed
2066 2410 2108 2462 si
2136 2409 2356 2462 omnino
2391 2408 2516 2461 mali
2546 2407 2936 2474 experientiam
2965 2406 3237 2462 declinare
3278 2410 3504 2476 possint.

1939 2494 2114 2561 Atque
2145 2495 2302 2546 etiam
2331 2494 2496 2546 altera
2531 2493 2818 2547 dillicnltas
2841 2508 2903 2547 ex
2929 2494 3189 2547 orationis
3215 2499 3354 2548 serie
3387 2509 3508 2548 sese

1942 2585 2098 2638 nobis
2146 2585 2390 2636 obtulit:
2428 2585 2535 2636 Cur
2582 2600 2703 2636 eum
2751 2586 2837 2652 qui
2892 2585 3021 2637 colit
3075 2586 3348 2648 virtutem,
3400 2603 3504 2638 nos:

1943 2675 2086 2728 dicat
2116 2673 2354 2738 beatum,
2382 2673 2476 2725 sed
2519 2688 2662 2736 eum,
2705 2673 2793 2742 qui
2822 2683 3098 2735 peccatum
3141 2689 3246 2725 non
3273 2674 3504 2730 admisit.

1939 2763 2050 2818 Hac
2080 2766 2221 2818 enim
2251 2767 2461 2819 ratione
2481 2779 2670 2833 equus,
2692 2766 2785 2818 bos
2813 2774 2866 2817 et
2899 2764 3032 2833 lapis
3057 2763 3235 2819 felices
3261 2775 3509 2834 poterunt

1939 2857 2217 2924 appellari.
2265 2859 2394 2924 Qua:
2445 2859 2589 2912 enim
2643 2871 2728 2910 res
2781 2857 3070 2910 inanimata
3126 2858 3273 2910 stetit
3324 2858 3374 2910 in
3422 2859 3506 2910 via

1939 2951 2318 3018 peccatorum?
2341 2960 2426 3003 ant
2450 2966 2568 3017 quae
2595 2964 2680 3005 res
2708 2949 2930 3004 rationis
2953 2963 3147 3018 expers
3171 2949 3222 3002 iu
3250 2949 3504 3003 cathedra

1939 3042 2253 3112 pestilentia:
2279 3043 2457 3097 sedit?
2490 3042 2736 3096 Profecto
2762 3043 2803 3096 si
2839 3042 3111 3108 paululum
3151 3052 3511 3108 exspectave-

1939 3133 2033 3198 ris,
2069 3133 2362 3186 remedium
2389 3131 2649 3186 invenies.
2685 3130 2849 3184 Infert
2883 3131 3025 3183 enim
3061 3129 3252 3200 (vt-:tts.
3279 3130 3368 3198 2):
3400 3129 3506 3183 Sed

1939 3224 1992 3277 in
2049 3225 2159 3294 lege
2215 3223 2432 3277 Domini
2486 3222 2729 3278 voluntas
2773 3221 2905 3290 ejus.
2957 3219 3124 3274 Porro
3152 3221 3345 3273 divinae
3374 3220 3506 3288 legis

269 3305 476 3392 αθτοῧ.
491 3305 645 3390 Galea
662 3337 715 3390 δὲ
732 3305 1107 3406 νόμουμελέτη
1125 3305 1217 3383 ἐπὶ
1247 3331 1337 3384 τὸν
1361 3305 1573 3398 λογικὸν
1593 3329 1746 3400 μόνον
1766 3329 1839 3400 (9)
1869 3305 1908 3361 C
1945 3333 1952 3368 ¹

1821 3329 1839 3400 )
1869 3305 1908 3361 C
1945 3313 2220 3370 meditatio
2242 3316 2290 3370 ei
2321 3314 2445 3378 soli,
2488 3315 2577 3383 qui
2608 3313 2874 3384 partici:ps
2900 3309 3125 3365 rationis
3157 3319 3262 3376 est,
3301 3324 3501 3362 conve-

272 3431 480 3486 πίπτει.
505 3431 693 3501 Ἡμεῖς
715 3429 770 3482 δὲ
795 3431 1010 3482 κάκεῖνο
1030 3426 1138 3497 (10)
1161 3425 1407 3494 λέγομεν,
1438 3424 1517 3476 ὅτι
1551 3419 1690 3492 ἀρχὴ
1709 3423 1841 3491 πρὸς

268 3520 365 3591 τὴν
405 3521 666 3590 ἀνάληψιν
696 3524 800 3572 τῶν
830 3518 1027 3583 καλῶν,
1069 3519 1100 3588 ἡ
1137 3513 1478 3585 ἀναχώρησις
1503 3513 1610 3565 τῶν
1635 3511 1838 3565 κακῶν.

272 3616 601 3668 Ἔκκλινον
633 3614 760 3686 γὰρ,
798 3615 983 3685 φησὶν,
1024 3612 1141 3666 ἀπὸ
1195 3609 1405 3673 κακοῦ,
1441 3609 1539 3664 καὶ
1581 3609 1842 3676 ποίησον

269 3707 515 3775 ἀγαθόν.

338 3792 391 3846 4.
411 3793 596 3862 Σοφῶς
612 3789 701 3847 οὖν
729 3794 818 3845 καὶ
851 3793 1108 3863 ἐντέχνως
1129 3796 1419 3864 προσάγων
1449 3794 1592 3864 ἡμᾶς
1623 3793 1702 3854 είς
1728 3792 1837 3861 (Η)

267 3884 488 3956 ἀρετὴν,
519 3885 616 3955 τὴν
642 3885 986 3955 ἀναχώρησιν
1009 3887 1106 3954 τῆς
1131 3886 1328 3948 κακίας
1353 3887 1525 3956 ἀρχὴν
1548 3886 1840 3953 ἐποιήσατο

272 3974 375 4027 τῶν
425 3973 622 4027 καλῶν.
669 3974 730 4026 Εἰ
761 3973 867 4044 γὰρ
907 3971 1065 4034 εὐθὺς
1118 3970 1383 4042 προέϐαλε
1420 3987 1500 4022 σοι
1536 3970 1604 4022 τὰ
1637 3968 1836 4034 τέλεια,

266 4067 600 4137 ἁπώκνησας
640 4066 704 4120 ἂν
732 4066 866 4137 πρὸς
910 4063 1006 4136 τὴν
1037 4064 1374 4134 ἐγχείρησιν-
1413 4061 1505 4112 νῦν
1531 4060 1588 4112 δὲ
1617 4061 1729 4122 τοῖς
1759 4060 1842 4112 εὑ-

269 4157 616 4228 ληπτοτὲροις
670 4174 727 4209 σε
768 4155 1096 4227 προσεθίζει,
1144 4155 1229 4207 ἵνα
1275 4151 1691 4224 κατατολμήσῃς
1731 4150 1840 4202 τῶν

268 4246 484 4316 ἐφεξῆς.
520 4248 759 4317 Κλίμακι
799 4248 906 4316 γὰρ
955 4244 1328 4318 προσεοικέναι
1363 4243 1525 4314 φαίην
1559 4242 1623 4297 ἂν
1667 4241 1839 4309 ἔγωγε

267 4350 365 4418 τῆς
393 4346 671 4410 εὐσεϐείας
712 4355 809 4418 την
838 4347 1067 4415 ἄσκησιν
1092 4361 1104 4373 °
1156 4344 1381 4414 κλίμακι
1407 4340 1609 4412 ἐκείνῃ,
1635 4339 1702 4409 ἢν
1727 4335 1835 4390 εἷδέ

276 4473 396 4508 ποτε
431 4456 459 4506 ὁ
489 4453 752 4525 μακάριος
794 4449 1005 4511 Ἰακὼϐ,
1034 4445 1102 4519 ἦς
1128 4447 1196 4499 τὰ
1238 4446 1334 4517 μὲν
1383 4441 1450 4516 ἧν
1476 4441 1742 4513 πρόσγειά
1780 4458 1837 4493 τε

270 4559 365 4612 καὶ
395 4557 505 4628 (12)
540 4554 870 4627 χαμαίζηλα,
897 4554 963 4607 τά
996 4553 1051 4606 δὲ
1081 4552 1223 4623 ὑπὲρ
1253 4549 1413 4603 αὐτὸν
1437 4549 1536 4618 ἤδη
1573 4547 1663 4600 τὸν
1687 4547 1841 4598 obea-

267 4658 356 4710 νὺν
386 4657 705 4710 ἁνετείνετο.
735 4655 895 4706 Ὥστε
921 4653 998 4705 δεῖ
1022 4654 1146 4715 τοὺς
1175 4650 1558 4721 εἰσαγομένους
1589 4647 1694 4718 πρὸ

269 4759 390 4811 κατ’
429 4757 627 4829 ἀρετὴν
653 4757 764 4826 βίον
796 4757 906 4817 τοῖς
937 4750 1172 4824 πρώτοις
1200 4751 1426 4823 βαθμοῖς
1455 4746 1762 4803 ἐπιϐάλλειν
1781 4746 1842 4799 τὸ

272 4865 438 4936 ἴχνος,
468 4863 720 4918 κάκεῖθεν
747 4861 834 4916 ἀεὶ
866 4859 974 4913 τῶν
1015 4858 1209 4928 ἐφεξῆς
1254 4857 1575 4918 ἐπιϐαίνειν,
1626 4853 1732 4916 ἕως
1773 4853 1838 4906 ἂν

270 4975 408 5047 πρὸς
435 4974 495 5027 τὸ
534 4973 750 5043 ἐφικτὸν
781 4971 913 5040 ὕψος
951 4971 1018 5040 τῇ
1063 4966 1370 5038 ἀνθρωπίνῃ
1418 4963 1575 5034 φύσει
1620 4960 1708 5014 διὰ
1737 4961 1834 5029 τῆς

270 5083 388 5135 κατ’
421 5080 596 5150 ὀλίγον
623 5078 904 5152 προκοπῆς
932 5074 1223 5130 ἀναϐῶσιν.
1260 5073 1468 5143 Ὥσπερ
1494 5065 1586 5123 οὖν
1616 5068 1706 5120 ἐπὶ
1737 5067 1834 5134 τῆς

339 5220 383 5249 ³¹
424 5216 614 5271 Cenes.
652 5232 692 5280 ι,
717 5214 807 5268 27.
881 5214 925 5246 ³³
964 5211 1107 5268 Psal.
1140 5222 1330 5273 xxxvr,
1364 5206 1454 5258 27.

345 5359 420 5428 (ί)
450 5358 541 5411 Sic
570 5371 698 5428 mss.
723 5354 984 5428 plerique.
1011 5352 1170 5428 Abest
1207 5346 1467 5428 articulus
1499 5345 1565 5428 a‘b
1584 5343 1817 5428 excusis.

342 5412 418 5490 (5)
450 5428 622 5480 Editiu
652 5412 822 5478 Paris.
855 5412 1043 5476 σκόπει
1065 5417 1457 5490 τῶνρημάτων
1490 5415 1550 5467 τὸ
1578 5412 1821 5490 άκριϐὲς,

268 5485 461 5552 σκόπει
488 5497 626 5560 πῶς,
674 5508 779 5549 elc.
827 5492 930 5547 Sed
963 5507 1059 5545 vox
1103 5485 1289 5560 σκόπει
1339 5485 1535 5560 ριςὶιιιοΔ
1565 5487 1826 5560 duntaxat

268 5568 385 5623 loco
417 5568 467 5620 in
499 5554 624 5620 mss
661 5565 874 5633 legitur,
893 5576 992 5615 nec
1012 5560 1211 5633 mirum
1240 5559 1290 5611 id
1311 5554 1478 5608 videri
1505 5554 1684 5615 debet,
1704 5567 1822 5604 cum

266 5639 504 5693 seenmlo
535 5640 650 5689 loco
681 5631 1211 5704 prorsnsredundet.

341 5706 418 5772 (6)
452 5706 627 5759 Codex
663 5702 799 5760 tinus
831 5702 1025 5772 ἐφάνη.

339 5760 413 5844 (‘7j
446 5777 580 5828 eam
613 5785 668 5829 et
707 5789 837 5830 mss.
868 5760 1071 5840 aliquot
1102 5766 1357 5837 καθέδρᾳ.
1373 5763 1499 5826 Alii,
1533 5760 1818 5831 καθέδρας.

266 5846 392 5907 Alii,
425 5845 708 5916 καθέδραν.
819 5911 850 5916 _
968 5909 988 5916 _
1184 5905 1314 5916 η...
1410 5902 1543 5916 ...η

336 5900 412 5988 (ιι)
442 5917 532 5972 Sic
558 5900 713 5984 uiss.,
743 5911 935 5985 quibus
963 5909 1145 5967 favent
1184 5905 1370 5962 Biblia.
1410 5902 1548 5958 eum
1577 5900 1712 5956 ἀλλά
1738 5901 1815 5956 ἐν.

1698 4665 1725 4710 ς
1749 4646 1837 4699 τὸν
1869 4659 1912 4712 D
1940 4627 2047 4712 que
2100 4612 2246 4666 humi
2280 4614 2553 4712 depressa,

1943 3406 2040 3459 nit.
2065 3404 2171 3459 Nos
2201 3413 2381 3459 autem
2416 3414 2468 3460 et
2499 3401 2626 3458 illud
2681 3403 2928 3466 dicimus,
2966 3402 3286 3470 principium
3330 3400 3503 3454 bono-

1944 3511 2057 3549 rum
2091 3497 2560 3564 acquirendorum,
2591 3510 2861 3550 recessum
2891 3508 3012 3548 esse
3041 3508 3069 3546 a
3098 3493 3256 3546 malo.
3288 3491 3504 3546 Declina

1941 3605 1972 3642 α
2005 3588 2166 3653 malo,
2200 3589 2388 3652 inquit,
2420 3599 2467 3642 et
2496 3589 2580 3656 fac
2609 3589 2798 3640 bonum
2820 3587 2882 3638 ⁸³.

2010 3786 2062 3840 4.
2099 3786 2281 3857 Itaque
2322 3801 2445 3841 cum
2498 3787 2566 3840 ad
2621 3786 2873 3840 virtutem
2907 3799 3004 3839 nos
3057 3784 3354 3847 induceret,
3411 3797 3501 3837 sa-

1940 3879 2153 3947 pienter
2176 3893 2237 3931 ac
2272 3877 2406 3932 scite
2435 3877 2685 3931 vitiorum
2736 3873 2936 3946 fugam,
2974 3875 3233 3928 bonorum
3281 3875 3491 3927 initium

1941 3971 2098 4024 fecit.
2130 3969 2340 4024 Etenim
2377 3970 2422 4024 si
2454 3970 2632 4024 statim
2681 3983 2741 4024 ea
2787 3981 2907 4037 qua:
2953 3974 3074 4020 sunt
3119 3963 3375 4034 perfecta,
3406 3963 3500 4018 tibi

1940 4063 2320 4132 proposuisset,
2371 4061 2440 4114 ad
2465 4075 2529 4114 ea
2583 4062 2833 4114 tentanda
2891 4058 3084 4111 fuisses
3120 4054 3499 4119 cunctantior;

1941 4169 2080 4208 nunc
2105 4168 2234 4208 vero
2271 4151 2337 4206 ad
2361 4165 2423 4206 ea
2453 4165 2572 4220 quas
2599 4160 2754 4220 captu
2788 4149 3024 4204 faciliora
3055 4156 3196 4210 sunt,
3235 4157 3284 4202 te
3317 4161 3502 4200 assue-

1940 4245 2086 4308 facit,
2118 4251 2258 4298 utea
2275 4258 2392 4313 qua:
2408 4249 2724 4312 sequuntur,
2750 4239 3083 4310 aggrediare.
3117 4238 3228 4307 Ego
3251 4237 3498 4307 equidem

1941 4335 2156 4406 pietatis
2183 4335 2629 4390 exercitationem
2662 4331 2821 4387 scala:
2853 4329 3187 4386 consimilem
3216 4343 3337 4383 esse
3376 4342 3497 4382 cre-

1940 4428 2190 4492 diderim,
2233 4427 2477 4482 videlicet
2498 4427 2654 4481 scalae
2677 4425 2770 4489 illi,
2802 4439 2963 4494 quam
2984 4422 3168 4478 beatus
3184 4420 3349 4477 Jacob
3367 4420 3498 4475 olim

1945 4520 2091 4588 vidit,
2145 4519 2298 4591 cujus
2342 4519 2554 4588 quidem
2606 4534 2730 4588 pars
2773 4530 2976 4571 terram
3035 4516 3309 4581 tangebat,
3361 4520 3502 4564 erat-

2609 4625 2733 4679 pars
2765 4623 2893 4662 vero
2932 4607 3102 4659 altera
3143 4604 3281 4656 ultra
3325 4603 3498 4670 ipsum

1940 4705 2131 4759 ctelum
2161 4705 2550 4773 porrigebatur.
2589 4701 2766 4768 Quare
2798 4713 3018 4753 necesse
3059 4704 3164 4760 est,
3214 4703 3272 4748 ut
3326 4693 3361 4747 ii
3405 4691 3496 4760 qui

1937 4803 2064 4847 sunt
2129 4795 2195 4847 ad
2249 4795 2502 4848 virtutem
2567 4790 2932 4854 instituendi,
2988 4787 3176 4857 primis
3242 4785 3500 4854 gradibus

1935 4885 2254 4941 admoveant
2283 4885 2593 4955 vestigium,
2620 4884 2850 4951 indeque
2874 4884 2939 4936 ad
2989 4890 3275 4950 sequentes
3302 4879 3498 4948 gradus

1933 4993 2143 5047 semper
2165 4979 2457 5047 progressi,
2485 4979 2697 5031 tandem
2727 4975 2978 5043 paulatim
3000 4971 3406 5043 progrediendo,
3431 4970 3496 5023 ad

1931 5066 2266 5121 altitudinem
2308 5066 2555 5120 humana:
2600 5077 2803 5120 naturas
2851 5081 2954 5119 non
3001 5065 3256 5132 imparem
3307 5076 3494 5130 perve-

2000 5340 2075 5410 (9)
2104 5335 2663 5410 RemAsecnndusértt
2709 5334 2817 5387 τῶν
2848 5331 3078 5402 λογικῶν
3129 5332 3306 5401 μόνον,
3340 5329 3490 5383 Cnlb.

1929 5407 2259 5482 ρι’ἱξιιιιιε-ἐπὶ
2287 5407 2347 5460 τὸ
2373 5407 2606 5482 λογικόν.

2002 5477 2114 5550 (10)
2147 5479 2270 5532 Post
2303 5471 2482 5532 vocem
2520 5479 2742 5530 κάκεῖνο
2785 5475 2834 5528 in
2880 5474 3049 5528 tribus
3097 5487 3227 5525 lth.
3279 5471 3495 5523 additur

1936 5550 2115 5687 μόῖῗῖ)
2144 5617 2413 5685 Scriptum
2461 5616 2732 5687 invenitur
2782 5616 2833 5669 in
2881 5614 3054 5687 tribus
3089 5625 3218 5664 mss.
3259 5609 3496 5687 εί-σάγων

1931 5679 2076 5771 ἡμᾶς
2098 5679 2483 5771 ἆῳόςίΙίιίύειξι
2514 5686 2640 5771 Reg.
2673 5687 2862 5771 tertius
2887 5680 3230 5766 άκθαηὶιρησιν
3258 5679 3365 5732 τῶν
3394 5696 3494 5732 κα-

1930 5754 2042 5813 κῶν
2080 5754 2419 5827 ποιούμενος,
2444 5755 2615 5826 ἀρχὴν
2637 5757 2744 5810 τῶν
2773 5754 2952 5809 καλῶν
2984 5754 3196 5827 εὕρατοἸ

1998 5827 2107 5898 (ίὲ)
2131 5816 2266 5883 ΕιΙὶίὶ
2295 5816 2558 5898 πρόσγειοι
2575 5816 2772 5884 καί.Αι
2804 5841 2932 5881 mss.
2964 5816 3198 5878 nonnulli
3231 5816 3496 5891 πρόσγειά

1929 5917 1985 5953 τε
2017 5898 2126 5952 καί.
