4262 6508
772 434 870 485 219

2065 448 2121 502 S.
2167 446 2405 502 BASILII
2440 448 2655 503 MAGNI

3901 457 4011 512 220

772 550 938 604 niant.
974 549 1437 615 Quemadmodum
1463 555 1696 626 igiturin
1717 559 1858 615 scala
1895 561 2098 629 primus
2120 567 2332 635 gradus,
2368 570 2404 621 Α
2436 584 2455 617 ι

2324 606 2332 629 ,
2368 570 2404 621 Α
2436 565 2699 635 κλίμακος
2733 566 2920 638 πρώτη
2975 567 3236 630 ἀνάϐασις
3271 570 3303 638 ἡ
3349 569 3446 640 τῆς
3490 569 3591 640 γῆς
3638 570 4007 645 ἀναχώρησις,

763 655 1011 696 recessus
1063 643 1129 696 ab
1166 643 1328 696 humu
1377 655 1460 700 est
1492 666 1504 699 :
1551 649 1622 702 ita
1675 649 1727 704 in
1765 651 1886 705 vita:
1916 652 2160 710 instituto
2191 655 2329 724 quod

766 733 1058 787 secundum
1092 734 1254 788 Deum
1287 736 1377 801 sit,
1407 740 1682 806 profectus
1737 744 1970 805 initium,
2005 743 2272 802 discessus
2300 761 2327 798 a

770 822 908 875 malo
931 833 1036 876 est.
1070 823 1298 880 Prorsus
1330 839 1508 883 autem
1543 829 1756 888 facilius
1782 844 1863 888 est
1893 836 2117 892 omnino
2148 838 2328 901 otiari,

766 924 924 977 quam
944 913 1165 980 quodvis
1193 916 1542 982 Opusfacere:
1569 921 1714 974 verbi
1735 924 1936 992 gratia:
1963 923 2080 978 Non
2094 928 2331 990 occides;

768 1017 869 1054 non
914 1005 1281 1070 mae/iuberis;
1320 1025 1418 1060 non
1450 1010 1706 1075 [uraberis
1732 1016 1796 1070 “.
1832 1016 2027 1070 Horum
2062 1019 2334 1088 quodlibet

769 1105 970 1145 meram
1021 1097 1251 1150 actionis
1290 1107 1342 1150 et
1379 1109 1556 1156 motus
1602 1104 1954 1170 privationem
1988 1112 2236 1175 postulat.
2271 1109 2334 1162 Il-

769 1181 856 1234 lud
887 1199 1032 1248 vero,
1055 1186 1250 1254 Diliges
1279 1193 1571 1257 proximum
1601 1204 1747 1248 tuum
1776 1199 1904 1250 sicut
1935 1200 2222 1266 leipsum”;
2248 1209 2328 1253 et:

780 1271 952 1331 Vende
982 1295 1096 1346 qum
1118 1281 1296 1346 habes,
1331 1295 1378 1336 et
1407 1286 1472 1335 da
1498 1289 1890 1354 pauperibus";
1924 1299 1977 1342 et
2004 1308 2016 1343 :
2041 1291 2102 1346 Si
2135 1293 2250 1362 quis
2285 1301 2332 1344 le

769 1370 1112 1435 angariaverit
1151 1375 1291 1426 mille
1313 1391 1518 1441 passus,
1548 1383 1674 1434 vade
1701 1399 1815 1435 cum
1845 1380 1933 1433 illo
1961 1383 2064 1435 duo
2083 1385 2145 1448 ⁸⁷,
2175 1384 2328 1448 digna

769 1459 982 1513 athletis
1028 1477 1187 1530 opera
1233 1476 1390 1530 sunt,
1439 1471 1633 1538 quibus
1687 1473 1960 1541 patrandis
2019 1476 2329 1544 auimojam

772 1550 890 1602 furti
933 1565 984 1606 et
1017 1565 1233 1610 strenuo
1264 1574 1398 1628 Opus
1428 1572 1528 1617 est.
1561 1565 1740 1630 Quare
1791 1565 1935 1618 illius
1991 1569 2188 1622 mirare
2240 1583 2330 1622 sa-

771 1643 1045 1709 pientiam,
1079 1650 1166 1716 qui
1218 1667 1310 1720 per
1366 1669 1426 1706 ea
1468 1670 1586 1723 quae
1620 1653 1861 1709 faciliora
1914 1667 1967 1711 et
2002 1661 2332 1728 expeditiora

770 1745 915 1796 sunt,
949 1738 1012 1790 ad
1043 1740 1422 1807 perfectionem
1470 1761 1564 1798 nos
1600 1745 1837 1800 deducit.
1874 1747 1998 1802 Tria
2034 1762 2211 1804 autem
2240 1767 2334 1805 no-

769 1835 850 1890 bis
890 1843 1164 1905 proposuit
1192 1844 1382 1897 merito
1412 1845 1671 1913 cavenda,
1706 1863 1773 1902 ne
1806 1847 2055 1905 videlicet
2082 1852 2332 1908 abeamus

769 1927 819 1979 in
856 1933 1078 1983 consilio
1104 1932 1409 2000 impiorum,
1439 1950 1504 1989 ne
1526 1946 1728 1993 stemus
1755 1941 1807 1993 in
1847 1942 1925 1995 via
1962 1954 2326 2011 peccaturum,
2367 1927 2407 1982 Β

768 2034 835 2072 ne
863 2021 910 2072 in
947 2024 1198 2077 cathedra
1236 2026 1556 2093 pestilentiae
1590 2033 1897 2088 sedeamus.
1939 2035 2137 2090 Rerum
2177 2047 2333 2093 natu-

769 2124 881 2162 ram
913 2123 1148 2177 secutus,
1166 2114 1438 2187 94verba
1465 2120 1564 2176 hoc
1584 2124 1771 2178 ordine
1795 2125 2074 2194 disposuit.
2097 2127 2330 2186 Primum

767 2204 908 2257 cnim
937 2205 1329 2276 deliberamus;
1354 2212 1545 2268 deinde
1569 2214 2006 2270 deliberationem
2031 2219 2328 2290 (irruamus;

770 2305 1039 2361 postremo
1071 2299 1227 2353 rebus
1268 2301 1579 2358 deliberatis
1609 2305 1933 2362 insistimus.
1959 2309 2098 2366 Ante
2147 2315 2328 2367 omnia

769 2387 932 2452 igitur
961 2390 1152 2444 mentis
1172 2403 1365 2446 nostra:
1383 2395 1642 2449 munditia
1670 2398 1991 2454 declaranda
2017 2418 2132 2457 erat
2153 2405 2329 2471 beata,

767 2479 1018 2544 quoniam
1110 2483 1288 2538 cordis
1366 2488 1698 2553 propositum
1781 2493 2054 2549 actionum
2140 2512 2329 2565 corpo-

769 2583 982 2622 rearum
1072 2574 1220 2626 radix
1313 2578 1545 2635 exsistit.
1621 2579 1962 2640 Adulterium
2053 2589 2196 2642 enim
2278 2589 2328 2640 in

764 2659 1062 2730 voluptuosi
1132 2666 1306 2720 anima
1377 2670 1552 2738 primo
1631 2671 1909 2729 incensum
1967 2715 1982 2740 ,
2063 2678 2134 2729 ita
2211 2692 2330 2731 eam

766 2757 1166 2824 corruptionem
1235 2778 1351 2830 qua:
1426 2779 1520 2832 per
1571 2781 1767 2834 corpus
1852 2768 1946 2831 lit,
2002 2771 2156 2836 parit.
2219 2769 2327 2823 Un-

767 2841 833 2894 de
891 2853 944 2897 et
995 2847 1250 2901 Dominus
1303 2852 1445 2903 intus
1494 2868 1615 2906 esse
1671 2855 1745 2906 ait
1806 2871 1922 2923 quae
1983 2859 2333 2927 coinquinant

768 2931 1039 2988 hominem
1069 2937 1132 2990 ³⁸.
1179 2938 1438 3001 Quoniam
1501 2953 1677 2995 autent
1728 2944 2018 3000 admissum
2075 2948 2126 3002 in
2168 2950 2330 3004 Deum

767 3035 1079 3092 peccatum,
1132 3027 1379 3096 impietas
1419 3033 1634 3099 proprie
1681 3034 1899 3100 dicitur,
1938 3039 2078 3092 absit
2128 3049 2184 3093 ut
2235 3058 2335 3094 un-

769 3131 929 3186 quam
970 3119 1035 3173 de
1084 3120 1193 3176 Deo
1238 3137 1333 3188 per
1375 3123 1800 3181 incredulitatem
1844 3130 2180 3186 dubitemus!
2222 3134 2332 3188 lloc

773 3224 1005 3279 namque
1040 3223 1122 3268 est
1169 3216 1358 3268 abiisse
1398 3219 1451 3269 in
1492 3219 1706 3270 consilio
1745 3221 2041 3288 impiorum,
2083 3227 2124 3275 si
2159 3226 2206 3277 in
2243 3236 2333 3279 tuo

771 3305 937 3356 corde
962 3304 1158 3357 dixeris
1185 3323 1197 3357 :
1224 3305 1355 3358 Num
1392 3307 1527 3361 Deus
1549 3318 1652 3374 est,
1681 3308 1769 3376 qui
1806 3312 2054 3366 universa
2091 3315 2332 3368 modere-
2361 3286 2401 3342 Ο

772 3401 861 3446 tur
888 3403 940 3446 et
969 3393 1265 3464 gubernet?
1292 3395 1426 3452 Num
1454 3399 1592 3455 Deus
1618 3402 1670 3454 in
1695 3401 1845 3456 ctelis
1872 3413 1973 3467 est,
1999 3405 2088 3473 qui
2119 3405 2333 3475 dispen-

774 3493 858 3540 set
886 3485 1132 3556 singula?
1156 3497 1308 3543 estne
1343 3488 1642 3558 judicium?
1668 3493 1804 3547 Num
1834 3495 2121 3566 unicuique
2143 3512 2334 3552 secun-

771 3577 898 3630 dum
933 3593 1094 3646 opera
1144 3596 1236 3633 sua
1285 3584 1628 3636 retribnenda
1663 3595 1745 3640 est
1783 3590 2028 3643 merces?
2061 3591 2167 3643 Cur
2197 3607 2327 3662 ergo

765 3665 892 3733 justi
935 3676 1111 3734 egent,
1161 3677 1473 3736 peccatores
1520 3689 1647 3726 vero
1703 3677 1980 3730 abundant
2023 3681 2249 3749 opibus?
2280 3682 2331 3735 hi

767 3770 930 3825 :egra,
965 3757 1036 3809 illi
1080 3756 1233 3810 ﬁrma
1275 3771 1398 3812 sunt
1437 3760 1781 3816 valetudine?
1812 3765 1862 3817 hi
1897 3767 2221 3834 inhonorati,
2260 3772 2332 3824 illi

767 3855 891 3901 sunt
920 3851 1152 3903 maxime
1179 3851 1230 3903 in
1251 3851 1487 3906 honore?
1509 3851 1755 3921 Nunquid
1791 3854 2009 3910 fortuito
2048 3859 2217 3912 fertur
2245 3861 2332 3916 hic

768 3941 1022 4005 mundus,
1058 3952 1112 3996 et
1145 3943 1418 3999 temerarii
1454 3945 1670 4013 quidam
1715 3962 1874 4002 casus
1914 3950 2331 4022 uniuscujusque

769 4034 937 4088 vitam
969 4046 1167 4090 temere
1192 4037 1530 4105 partiuntur?
1562 4040 1684 4094 Haec
1706 4039 1750 4094 si
1773 4042 2118 4111 cogitaveris,
2148 4045 2330 4099 abiisti

768 4125 822 4180 in
859 4129 1087 4182 consilio
1139 4131 1446 4200 impiorum.
1497 4133 1694 4188 Beatus
1733 4134 1920 4205 igitur,
1960 4136 2049 4204 qui
2102 4137 2167 4190 de
2220 4137 2330 4192 Deo

770 4216 908 4270 nihil
939 4218 1123 4271 habuit
1145 4221 1518 4291 dubitationis,
1546 4224 1637 4293 qui
1660 4225 1800 4279 circa
1825 4226 2109 4295 praesentia
2140 4227 2330 4296 pusillo

766 4328 873 4367 non
905 4324 986 4368 est
1010 4316 1211 4376 animo.
1247 4318 1339 4372 sed
1370 4329 1650 4389 exSpeetat
1695 4321 1870 4376 futura
1897 4339 1910 4386 ;
1943 4324 2028 4378 cui
2061 4323 2331 4380 incredula

766 4405 834 4459 de
862 4420 947 4470 eo,
967 4407 1054 4473 qui
1089 4422 1187 4460 nos
1212 4411 1440 4472 creavit,
1469 4411 1707 4478 suspicio
1747 4428 1850 4466 non
1890 4413 2105 4467 insedit.
2136 4414 2330 4471 Beatus

766 4506 945 4551 autem
979 4509 1032 4551 et
1070 4497 1175 4564 ille,
1199 4499 1286 4566 qui
1323 4503 1375 4553 in
1403 4501 1485 4554 via
1509 4513 1851 4570 peccatorum
1882 4519 1984 4557 non
2015 4505 2179 4558 stetit.
2210 4505 2326 4560 Vita

2431 655 2599 718 οὕτως
2619 657 2709 709 ἐπὶ
2735 657 2833 727 τῆς
2862 658 3000 710 κατά
3031 659 3161 712 Θεὸν
3188 658 3479 728 πολιτείας,
3507 658 3647 731 ἀρχὴ
3667 662 3775 730 (15)
3805 683 4011 736 προκο-

2432 747 2538 817 πῆς
2571 751 2599 800 6
2623 750 2898 820 χωρισμὸς
2926 749 3017 802 τοῦ
3050 750 3241 805 κακοῦ.
3269 751 3446 817 ’Ὀλως
3473 754 3528 806 δὲ
3555 754 3699 806 πᾶσα
3719 754 3886 825 ἀργία
3914 762 4012 815 καὶ

2431 841 2531 909 τῆς
2559 843 2824 912 τυχούσης
2852 842 3104 913 πράξεώς
3133 847 3279 897 ἐστιν
3303 845 3681 918 εὐμαρεστέρα
3701 861 3714 874 ·
3752 841 3889 913 οἷον,
3922 854 4008 903 Οὐ

2432 936 2876 1001 φοιέὐσειςόὺ
2910 938 3281 1004 μοιχεύσεις·
3335 937 3406 988 οὐ
3465 940 3728 1008 κλέψεις.
3787 939 4012 1010 Ἀργίας

2431 1023 2630 1075 τούτων
2649 1025 2873 1078 ἕκαστον
2894 1025 2988 1078 καὶ
3005 1029 3292 1099 ἀκινησίας
3312 1025 3502 1082 δεῖται.
3532 1029 3880 1098 Ἀγαπήσεις
3895 1034 4010 1102 (14)

2431 1117 2537 1169 τὸν
2568 1120 2835 1185 πλησίοι·
2868 1135 2982 1173 σου
3009 1119 3090 1185 ὡς
3117 1122 3378 1175 σεαυτόν
3404 1137 3417 1149 ·
3444 1121 3556 1186 καὶ,
3575 1125 3868 1194 [minam-
3889 1139 4011 1178 σου

2433 1209 2503 1262 τὰ
2536 1209 2896 1277 ὑπάρχοντα,
2947 1213 3044 1266 καὶ
3107 1212 3210 1278 δὸς
3260 1213 3549 1284 πτωχοῖς·
3586 1217 3699 1282 καὶ,
3747 1217 3882 1272 Ἐάν
3915 1216 4012 1283 τίς

2434 1316 2506 1352 σε
2535 1303 2899 1371 ἀγγαριεύοή
2927 1305 3130 1374 μίλιον
3169 1305 3255 1369 ἓν,
3283 1309 3470 1377 ὕπαγε
3506 1309 3630 1372 μετ’
3658 1313 3842 1366 αὑτοῦ
3876 1312 4011 1375 δύο,

2434 1391 2779 1462 ἐνεργήματά
2805 1395 2949 1447 ἐστιν
2979 1394 3236 1464 ἀθληταῖς
3264 1398 3558 1467 πρέποντα,
3587 1398 3679 1449 καὶ
3707 1399 3884 1470 ψυχῆς
3909 1403 4011 1474 ἥδη

2433 1484 2689 1553 νεανικῆς
2715 1483 2944 1553 δεόμενα
2982 1485 3117 1555 πρὸς
3142 1486 3495 1556 κατόρθωσιν.
3539 1489 3697 1540 Ὥστε
3730 1489 4014 1560 θαύμασον

2432 1576 2530 1646 τὴν
2562 1577 2751 1645 σοφίαν
2778 1576 2869 1629 τοῦ
2923 1580 3010 1634 διὰ
3043 1579 3150 1632 τῶν
3178 1579 3596 1652 εὐμαρεστέρων
3626 1582 3717 1634 καὶ
3746 1582 4009 1653 εὐληπτό-

2433 1665 2490 1717 τέ
2502 1684 2605 1736 ρων
2618 1668 2897 1734 ἐνάγοντος
2912 1671 2942 1739 ἡ
2955 1673 3059 1739 μᾶς
3075 1671 3208 1742 πρὸς
3226 1669 3320 1740 τὴν
3333 1671 3447 1723 τελε
3458 1672 3769 1743 ίωσιν.Τρία
3795 1673 3850 1724 δὲ
3886 1693 4015 1745 προ-ι

2436 1757 2623 1811 ἐϐαλεν
2643 1761 2770 1830 ἡμῖν
2787 1761 2853 1812 τά
2877 1760 3122 1832 φυλακῆς
3139 1763 3281 1829 ἄξια,
3309 1761 3381 1833 μὴ
3406 1765 3733 1834 πορευθῆναι
3760 1767 3816 1816 ἐν
3842 1765 4012 1838 βουλῇ

2435 1850 2664 1914 ἀσεϐῶν,
2699 1853 2770 1923 μὴ
2803 1854 2993 1923 στῆναι
3040 1858 3096 1906 ἐν
3125 1854 3226 1925 ὁδῷ
3255 1854 3610 1925 ἁμαρτωλῶν,
3650 1855 3723 1924 μὴ
3748 1856 4016 1927 καθεσθῆ-

2436 1960 2522 1996 ναι
2561 1944 2651 1996 ἐπὶ
2695 1943 2956 2014 καθέδρας
2993 1946 3102 2014 (15)
3137 1946 3358 2016 λοιμῶν.
3406 1947 3481 2016 Τῇ
3531 1946 3687 2015 φύσει
3727 1948 3835 2001 τῶν
3877 1967 4018 2021 πρα-

2436 2035 2658 2103 γμάτων
2681 2035 2963 2105 ἑπόμενος,
3009 2036 3106 2105 τὴν
3136 2037 3286 2102 τάξιν
3320 2036 3516 2107 ταύτην
3547 2040 3656 2099 τοῖς
3698 2041 4015 2110 εἰρημένοις

2435 2125 2718 2197 ἐπέθηκεν.
2755 2126 3123 2197 Βουλευόμεθα
3153 2129 3259 2201 γὰρ
3300 2131 3557 2200 πρότερον
3577 2171 3590 2194 ,
3626 2125 3744 2184 εἶτα
3772 2133 4013 2200 ἱστῶμεν

2436 2220 2493 2272 τὸ
2527 2220 2795 2292 βούλευμα
2818 2263 2832 2284 ,
2865 2218 2981 2274 εἶτα
3028 2223 3140 2284 τοῖς
3182 2221 3540 2292 βουλευθεῖσιν
3575 2223 4009 2296 ὲναπομένομεν.

2437 2311 2674 2380 Πρώτως
2705 2310 2796 2366 οὖν
2840 2313 3172 2383 μακαριστὸν
3207 2315 3265 2367 τὸ
3296 2318 3351 2368 ἐν
3396 2317 3459 2386 τῇ
3489 2315 3696 2388 διανοίᾳ
3728 2319 3758 2386 ἡ
3771 2315 3886 2386 μῶν
3917 2331 4014 2367 κα-

2436 2401 2618 2474 θαρὸν,
2651 2405 2833 2473 ἐπειδὴ
2869 2404 2992 2473 ρίξα
3032 2404 3139 2458 τῶν
3178 2405 3264 2458 διὰ
3295 2407 3388 2459 τοῦ
3424 2406 3672 2477 σώματος
3715 2407 4010 2476 ἐνεργειῶν

2436 2495 2493 2546 τὸ
2519 2497 2575 2547 ἐν
2613 2495 2806 2564 καρδίᾳ
2839 2494 3126 2566 βούλευμα.
3174 2498 3234 2550 Ἦ
3267 2499 3373 2569 γὰρ
3403 2499 3635 2569 μοιχεία,
3680 2502 3736 2552 ἐν
3760 2502 3825 2568 τῇ
3857 2499 4009 2571 ψυχῇ

2433 2584 2527 2638 τοῦ
2552 2586 2657 2656 (16)
2697 2586 2974 2656 φιληδόνου
3011 2588 3224 2659 πρῶτον
3269 2590 3682 2660 ἀναφλεχθεῖσα,
3723 2590 3864 2643 οὕτω
3908 2592 4010 2662 τὴν

2435 2676 2520 2728 διὰ
2560 2677 2652 2729 τοῦ
2690 2676 2936 2746 σώματος
2983 2679 3187 2747 φθορὰν
3227 2680 3617 2749 ἀπεργάζεται.
3653 2681 3816 2734 Ὅθεν
3852 2684 3948 2735 καὶ
3979 2686 4008 2737 6

2437 2767 2516 2818 Κύ
2528 2768 2635 2836 ριός
2656 2785 2815 2837 φησιν
2836 2768 3042 2821 ἔνδοθεν
3063 2765 3200 2822 εἶναι
3216 2769 3282 2822 τὰ
3300 2771 3578 2826 κοινοῦντα
3592 2773 3680 2825 τὸν
3697 2773 3792 2828 ἄνθ
3803 2792 4003 2846 ρωπον.

2448 2859 2660 2930 Ἐπειδὴ
2685 2860 2741 2913 δὲ
2763 2861 2984 2915 ἀσέϐεια
3000 2862 3200 2934 κυρίως
3218 2862 3429 2932 λέγεται
3447 2866 3479 2937 ὴ
3502 2866 3581 2930 ei;
3593 2865 3723 2920 Θεὸν
3739 2868 4008 2939 ἁμαρτία⁹

2442 2953 2514 3024 μὴ
2532 2953 2740 3021 γένοιτο
2754 2955 3006 3021 δέξασθαι
3024 2958 3170 3027 ἡμᾶς
3190 2956 3247 3022 ἐξ
3267 2958 3518 3023 ἀπιστίας
3537 2959 3662 3013 ποτὲ
3677 2961 4007 3030 ἀμφιϐολίαν

2441 3046 2568 3114 περὶ
2599 3045 2731 3098 Θεοῦ
2760 3049 2771 3098 !
2803 3047 2971 3099 Τοῦτο
2993 3049 3100 3118 γάρ
3125 3050 3237 3101 ἐστι
3257 3050 3315 3101 τὸ
3342 3051 3698 3118 πορευθῆναι
3721 3050 4010 3118 ἑνβουλῆ

2438 3135 2691 3196 ἀσεϐῶν,
2730 3136 2825 3188 ὲάν
2873 3140 3032 3209 εἴπῃς
3081 3139 3138 3189 ὲν
3190 3141 3254 3208 τῇ
3303 3142 3498 3213 καρδία
3531 3160 3657 3194 σουο
3697 3139 3845 3210 Ἀρα
3889 3141 4008 3194 ἔστι

2437 3225 2567 3288 Θεὸς
2597 3227 2873 3297 κυϐερνῶν
2905 3229 2974 3281 τά
3008 3230 3334 3301 σύμπαντα;
3366 3230 3475 3304 ἆρα
3507 3234 3620 3286 ἔστι
3649 3233 3780 3295 Θεὸς
3825 3235 3882 3285 ὲν
3924 3235 4010 3286 οὑ-

2437 3317 2599 3387 ρανῴ,
2614 3321 2907 3390 οἰκονομῶν
2923 3322 2990 3376 τά
3005 3324 3116 3394 (17)
3131 3326 3252 3378 καθ’
3265 3327 3490 3379 ἕκαστον
3507 3342 3519 3388 ;
3543 3321 3648 3395 ἆρα
3667 3324 3873 3396 κρίσιςς
3896 3322 4009 3398 ἆρα.

2435 3407 2788 3472 ἁνταπὸδοσις
2822 3411 3035 3483 ἑκάστῳ
3056 3414 3196 3467 κατά
3228 3415 3286 3466 τὸ
3308 3415 3462 3484 ἔργον
3487 3412 3650 3466 αὑτοῦ
3672 3431 3684 3478 ;
3716 3416 3812 3468 Διά
3837 3416 3889 3467 τί
3913 3413 4008 3468 οὖν

2438 3497 2637 3552 δίκαιοι
2673 3503 2944 3571 πένονται,
2993 3507 3084 3558 καὶ
3139 3505 3450 3575 ἁμαρτωλοὶ
3481 3505 3830 3570 πλουτοῦσιν;
3859 3503 4004 3561 οὗτοι

2435 3585 2991 3651 ἀσθενοῦσι,κάκεῖνοι
3022 3593 3284 3663 ἔρρωνται
3309 3608 3322 3656 ;
3359 3588 3501 3647 οὗτοι
3532 3595 3734 3666 ἄτιμοι,
3762 3597 4010 3650 κάκεῖνοι

2435 3678 2665 3743 ἕνδοξοις
2703 3684 2924 3752 Μήποτε
2953 3683 3270 3752 αὐτομάτως
3296 3685 3323 3736 6
3365 3687 3566 3756 κόσμος
3614 3688 3861 3758 φέρεται,
3907 3690 4003 3742 καὶ

2438 3772 2715 3839 συντυχίαι
2767 3773 2910 3835 τινὲς
2966 3773 3148 3842 ἄλογοι
3202 3775 3450 3839 ἀτάκτως
3498 3779 3709 3848 ἑκάστῳ
3759 3780 4007 3851 ἀποκλη-

2436 3861 2586 3932 ροῦσι
2633 3863 2740 3932 (18)
2786 3865 2912 3925 τοὺς
2948 3864 3122 3934 βίους;
3160 3867 3284 3919 Ἐάν
3317 3867 3487 3920 ταῦτα
3531 3868 3839 3940 διανοηθῇς,
3873 3873 4004 3926 ἐπο-

2436 3952 2629 4021 ρεύθης
2659 3955 2715 4004 ἐν
2749 3952 2906 4024 βουλῇ
2932 3955 3162 4009 ἀσεϐῶν.
3196 3957 3480 4028 Μακάριος
3512 3955 3603 4012 οὖν
3635 3959 3693 4022 ὃς
3712 3961 3813 4013 οὐκ
3841 3961 4006 4016 ἔλαϐε

2432 4044 2559 4113 περὶ
2612 4043 2746 4096 Θεοῦ
2779 4045 3094 4116 δισταγμὸν,
3135 4047 3163 4099 6
3198 4048 3273 4118 μὴ
3305 4048 3720 4120 μικροψυχήσας
3754 4054 3887 4123 περὶ
3928 4054 4002 4110 τὰ

2431 4135 2691 4204 παρόντα,
2725 4136 2839 4189 ἀλλ’
2871 4138 3155 4208 ἀναμένων
3183 4139 3252 4192 τά
3283 4142 3708 4214 προσδοκώμενα
3727 4161 3740 4174 ·
3791 4146 3852 4210 ὃς
3899 4149 4001 4202 οὑκ

2431 4229 2556 4297 ἔσχε
2611 4231 2738 4299 περὶ
2786 4229 2878 4283 τοῦ
2927 4231 3210 4296 κτίσαντος
3241 4235 3388 4304 ἡμᾶς
3433 4235 3698 4307 ὑπόληψιν
3746 4239 3998 4294 ἄπιστον.

2430 4321 2715 4392 Μακάριος
2749 4322 2803 4374 δὲ
2841 4323 3112 4387 κάκεῖνος,
3167 4324 3225 4388 ὃς
3260 4327 3316 4379 ὲν
3369 4326 3471 4397 6δῴ
3516 4329 3854 4399 ἁμαρτωλῶν
3897 4331 4002 4383 οὐκ.

2432 4412 2581 4484 ἔστη.
2632 4414 2778 4476 Ὁδὸς
2804 4415 2901 4484 μὲν
2933 4411 3023 4468 οὖν
3055 4419 3083 4469 6
3115 4415 3227 4485 βίος
3275 4417 3487 4488 εἴρηται
3521 4420 3606 4472 διὰ
3635 4421 3735 4489 τὴν
3769 4423 3906 4490 πρὸς
3936 4422 3996 4473 τὸ

2429 4504 2580 4568 τέλος
2601 4505 2828 4558 ἑκάστου
2858 4506 2962 4559 τῶν
3001 4507 3364 4575 γεννηθέντων
3384 4507 3608 4572 ἕπειξιν,
3644 4511 3856 4582 ’Ὠσπερ
3885 4512 3999 4584 γὰρ

764 4589 953 4658 utique
998 4591 1190 4643 dicitur
1229 4592 1336 4657 via,
1369 4593 1511 4661 quod
1550 4593 1776 4663 quilibet
1814 4594 1865 4645 in
1901 4595 2061 4647 vitam
2115 4595 2322 4661 ingres-
2356 4617 2400 4672 Ι)
2429 4613 2447 4647 c

2310 4626 2322 4636 -
2356 4617 2400 4672 Ι)
2429 4595 2476 4647 οἱ
2523 4598 2578 4646 ἐν
2622 4598 2732 4659 τοῖς
2765 4595 2967 4659 πλοίοις
3007 4597 3355 4660 καθεύδοντες
3397 4599 3717 4671 αὐτομάτως
3750 4603 3855 4655 ὑπὸ
3898 4599 3993 4656 τοῦ

763 4696 879 4747 sus,
926 4682 990 4734 ad
1031 4683 1188 4738 tinem
1230 4693 1496 4752 properet.
1542 4684 2001 4750 Quemadmodum
2048 4687 2189 4738 enim
2235 4688 2327 4754 qui

767 4775 820 4830 in
852 4776 1078 4846 navigiis
1106 4779 1396 4844 dormiunt,
1425 4787 1617 4848 sponte
1641 4792 1669 4832 a
1708 4789 1869 4832 vento
1913 4779 1965 4832 in
2015 4789 2203 4847 portus
2235 4778 2326 4831 de-

766 4869 1054 4935 ducuntur,
1116 4879 1172 4924 et
1217 4870 1464 4938 quamvis
1518 4869 1618 4940 ipsi
1666 4885 2002 4941 nequaquam
2064 4872 2323 4937 sentiant,

763 4976 954 5015 cursus
1005 4969 1179 5015 tamen
1222 4977 1314 5016 eos
1360 4964 1426 5017 ad
1468 4963 1752 5018 terminum
1801 4964 2103 5033 urgetzsic
2141 4972 2197 5017 et
2224 4979 2324 5019 nos

764 5052 1035 5108 diﬂluente
1064 5052 1187 5105 vitae
1210 5065 1408 5107 nostra:
1437 5063 1697 5124 tempore,
1739 5054 2035 5109 insensibili
2073 5055 2197 5109 vitae
2224 5069 2319 5110 no-

766 5157 891 5202 stt-az
937 5162 1096 5201 cursu
1149 5145 1294 5200 velut
1345 5146 1604 5200 continuo
1647 5147 1878 5216 quodam
1933 5158 1987 5203 et
2027 5147 2320 5218 irrequieto

774 5250 919 5294 motu
971 5239 1333 5308 unusquisque
1373 5239 1438 5293 ad
1483 5240 1761 5309 proprium
1790 5240 1949 5294 tinem
1986 5240 2318 5296 festinamus.

839 5401 882 5433 ³⁸
921 5399 1090 5456 Exod.
1126 5419 1192 5455 xx
1225 5443 1240 5461 ,
1297 5403 1365 5457 15
1389 5431 1416 5444 -
1450 5400 1536 5456 15.
1613 5402 1656 5434 ³⁸
1706 5400 1893 5456 Matth.
1929 5418 2016 5456 xu.
2051 5445 2067 5470 ,
2117 5403 2202 5459 19.

837 5543 954 5615 (15)
983 5545 1111 5615 Beg.
1134 5545 1399 5599 secundus
1435 5544 1676 5615 ἀπαρχὴ.

838 5613 951 5685 (id)
983 5613 1114 5685 tm.
1147 5615 1413 5668 secundus
1435 5614 1494 5667 τὸ
1517 5613 1597 5676 δὲ,
1631 5613 1980 5685 Ἀγαπήσεις.

837 5683 949 5753 (15)
987 5683 1052 5736 Ει
1082 5685 1167 5738 hic
1197 5699 1410 5752 quoque
1440 5685 1494 5738 in
1531 5685 1796 5753 aliquibus
1831 5683 1969 5738 mss.
1997 5684 2195 5753 legitur
2224 5685 2317 5738 ἐπὶ

763 5752 1050 5824 καθέδραν.
1085 5753 1188 5824 Nec
1221 5757 1292 5807 ita
1325 5754 1489 5824 multo
1516 5752 1634 5822 post
1690 5769 1818 5808 mss.
1864 5752 2104 5808 nonnulli
2140 5755 2317 5824 βουλόο

768 5821 970 5892 μεθα...
1008 5822 1318 5894 βούλημα...
1344 5821 1706 5895 βουληθεῖσιν.
1733 5825 1970 5881 Subinde
2023 5821 2153 5893 lteg.
2204 5838 2314 5881 ter-

767 5897 870 5948 tius
899 5895 959 5946 τὸ
991 5896 1270 5965 ἐγκάρδιον
1305 5894 1567 5965 βούλημα.

2278 5401 2322 5435 ³⁸
2363 5403 2492 5458 ibid.
2517 5403 2604 5457 21.

2431 4687 2841 4758 πνεύματοςὲπὶ
2872 4688 3094 4758 λιμένας
3128 4689 3367 4758 ἄγονται,
3403 4691 3505 4745 κάν
3531 4694 3684 4747 αὐτοὶ
3709 4695 3784 4766 μὴ
3810 4695 3998 4749 αἰσθά-

2429 4799 2646 4844 νωνται,
2674 4781 2788 4834 ἀλλ’
2810 4783 2837 4834 6
2873 4781 3069 4852 δρόμος
3096 4783 3292 4846 αὐτοὺς
3314 4784 3451 4856 πρὸς
3473 4784 3532 4837 τὺ
3556 4786 3707 4850 τέλος
3741 4788 3950 4857 ἐπείγει
3975 4808 3990 4821 ·

2428 4874 2567 4928 οὕτω
2603 4874 2696 4926 καὶ
2723 4876 2901 4943 ⁴ἡμεῖς,
2925 4874 3019 4927 τοῦ
3047 4875 3238 4948 χρόνου
3267 4875 3366 4946 τῆς
3400 4876 3544 4947 ζωῆς
3585 4878 3744 4948 ἡμῶν
3775 4886 3992 4954 παραρο

2431 4964 2660 5036 ῥέοντος,
2680 4963 2787 5018 οἷόν
2838 4983 2942 5018 τινι
2970 4967 3179 5036 κινήσει
3210 4969 3422 5037 συνεχεῖ
3452 4968 3544 5020 καὶ
3566 4968 3830 5041 ἀπαύστῳ
3858 4973 3995 5044 πρὸς

2429 5058 2488 5110 τὸ
2533 5060 2727 5110 οἰκεῖον
2755 5058 2981 5120 ἕκαστος
3024 5057 3195 5128 πέρας
3230 5057 3306 5127 τῷ
3342 5058 3656 5113 λανθάνοντι
3686 5061 3872 5134 δρόμῳ
3896 5065 3990 5133 τῆς

2428 5148 2570 5218 ζωῆς
2607 5147 2761 5218 ἡμῶν
2803 5148 3255 5218 κατεπειγὸμεθα.
3295 5143 3449 5213 Οἶον,
3487 5150 3792 5215 καθεύδεις,
3838 5155 3930 5205 καὶ
3963 5155 3991 5205 6

2428 5243 2616 5311 χρόνος
2649 5257 2707 5293 σε
2742 5240 3066 5310 παρατρέχει
3093 5256 3106 5270 ·
3161 5242 3497 5312 ὲγρήγορας,
3549 5245 3643 5296 καὶ
3685 5244 3913 5314 ἄσχολος
3943 5240 3994 5296 εἴ

2681 5402 2723 5432 ³⁷
2748 5400 2933 5454 Matth.
2961 5416 3012 5466 v,
3035 5401 3122 5454 41.
3165 5402 3208 5434 ³⁸
3237 5400 3428 5458 Matth.
3455 5403 3635 5470 xv,i8.

2488 5543 2599 5612 U6)
2632 5541 2980 5612 Codexunus
3010 5542 3067 5612 ὲν
3106 5538 3174 5610 τῇ
3217 5540 3417 5612 καρδίᾳ
3464 5539 3582 5593 τοῦ.
3627 5538 3768 5592 lnl'ra
3818 5540 3985 5594 codex

2416 5609 2552 5668 unus
2577 5609 2905 5682 ἀμφιβολίαν
2931 5610 3069 5663 τινά..

2486 5676 2796 5752 (ιη’(ῑριι).
2865 5689 3050 5752 δεδιυε
3099 5680 3127 5752 6
3185 5679 3486 5752 οἰκονομῶν
3519 5678 3599 5731 τό.
3635 5676 3984 5752 Statim_uuo

2417 5746 2540 5806 mss.
2578 5746 2864 5812 ἀντίδοσις.
2920 5748 3160 5805 Subinde
3193 5753 3297 5804 duo
3330 5746 3510 5806 itidem
3565 5763 3695 5803 mss.
3733 5746 3880 5801 κατὰ
3914 5748 3982 5801 τὰ

2414 5823 2549 5892 ἔργα
2572 5820 2758 5892 αύγτοῦ.

2485 5892 2594 5959 (18)
2621 5891 2751 5962 Reg.
2791 5890 3055 5947 secundus
3103 5900 3152 5946 et
3187 5889 3341 5947 Colb.
3384 5901 3566 5946 sextus
3610 5888 3978 5962 διακληρώσι.
