4262 6546
267 483 365 539 εει

1456 484 1735 540 ΙΙΟΜΙΙᾸΑ
1779 485 1839 540 IN
1881 482 2205 541 PSALMUM
2240 485 2274 539 l.

3389 485 3500 541 29.2

266 598 367 667 τὴν
397 598 631 650 διάνοιαν
653 615 664 625 ·
698 597 808 650 ἀλλ’
857 597 1003 667 ὅμως
1037 599 1068 668 ἡ
1111 596 1222 667 ζωὴ
1257 592 1579 660 δαπανᾶται,
1612 600 1714 652 κᾶν
1737 590 1834 668 τὴν
1865 611 1909 662 Α
1940 599 1949 650 1

1814 618 1834 650 ν
1865 611 1909 662 Α
1940 599 2179 667 Exempli
2227 610 2411 659 causa,
2459 597 2684 662 dormis,
2729 609 2935 665 tempus
2973 608 3024 652 te
3076 598 3244 668 fugit;
3288 599 3497 667 vigilas,

271 687 523 757 αἴσθησιν
548 688 703 756 ἡμῶν
754 687 1039 757 διαφεύγῃ.
1077 687 1284 757 Δρόμον
1309 683 1400 739 οῦν
1427 706 1543 740 τινα
1572 690 1836 760 τρέχομεν

273 779 473 842 πάντες
525 780 800 851 ἄνθρωποι
838 819 853 837 .
885 780 1018 852 πρὸς
1076 779 1135 830 τὸ
1193 782 1388 833 οἰκεῖον
1432 781 1583 843 τέλος
1613 781 1837 843 ἕκαστος

273 870 612 940 ἐπειγόμενοι
661 870 804 940 (19)·
836 871 924 922 διὰ
960 870 1116 922 τοῦτο
1149 871 1348 935 πάντες
1404 874 1569 942 ἐσμὲν
1610 875 1665 924 ἐν
1711 871 1832 940 ὁδῷ.

274 962 378 1014 Καὶ
392 961 530 1014 οὕτω
545 963 588 1014 δ’
603 963 666 1016 ἂν
685 963 867 1025 λάῦοις
891 963 986 1032 τῆς
1015 961 1135 1015 ὁδοῦ
1155 964 1252 1032 τὴν
1270 964 1494 1017 ἔννοιαν.
1531 964 1836 1035 Ὀδοιπόρος

270 1055 573 1124 ἐσέστηκας
590 1055 666 1124 τῷ
685 1055 781 1124 βίῳ
798 1057 966 1124 τούτῳ
987 1073 999 1085 ο
1025 1056 1202 1109 πάντα
1224 1057 1490 1127 παρέρχῃ,
1511 1056 1688 1108 πάντα
1715 1074 1838 1108 κατ·

274 1144 494 1196 όπινσου
528 1147 749 1212 γίνεται.
791 1141 941 1208 Εἶδες
970 1148 1058 1198 ἐπί
1085 1149 1180 1216 τῆς
1205 1146 1322 1199 ὁδοῦ
1355 1148 1537 1214 φυτὸν,
1572 1147 1602 1216 ἦ
1633 1148 1768 1199 πόαν
1799 1146 1832 1216 ἦ

276 1236 436 1306 ὓδωρ,
453 1238 483 1307 ἢ
499 1239 524 1288 ὅ
538 1256 586 1288 τι
606 1238 668 1288 ἃν
684 1238 817 1307 τύχῃ
831 1237 934 1289 τῶν
952 1238 1137 1304 ἀξίων]
1152 1238 1437 1307 θεάματος·
1466 1237 1657 1308 μικρὸν
1684 1240 1834 1310 ἐτέρ-

281 1327 438 1396 song,
477 1325 592 1380 εἶτα
646 1329 1007 1399 παρέδραμες.
1042 1330 1205 1382 Πάλιν
1238 1330 1484 1400 ἐνέτυχες
1520 1331 1703 1398 λίθοις,
1746 1335 1838 1386 καὶ

279 1422 529 1489 φάραγξι,
559 1420 652 1470 καὶ
683 1423 962 1489 κρημνοῖς,
988 1422 1079 1472 καὶ
1110 1422 1417 1486 σκοπέλοις,
1447 1424 1537 1476 καὶ
1566 1425 1836 1494 σκόλοψιν,

273 1511 383 1578 {‘20)
417 1513 564 1580 ἦπου
590 1512 681 1562 καὶ
697 1510 924 1581 θηρίοις,
945 1513 1036 1564 καὶ
1059 1513 1326 1582 ἑρπετοῖς.
1349 1515 1729 1579 καίἁκὰνθαις,
1747 1518 1837 1570 καί

274 1617 413 1653 τισιν
428 1602 601 1662 ἄλλοις
617 1601 722 1654 τῶν
737 1590 998 1672 ὀχληρῶψ
1021 1604 1214 1674 μικρὸν
1233 1605 1479 1676 ὴνιὰθης,
1498 1603 1612 1679 εἶξα
1630 1608 1837 1660 κατέλι-

278 1711 392 1755 πες.
423 1695 671 1758 Τοιοῦτος
713 1697 738 1746 6
785 1695 927 1765 βίος,
966 1695 1088 1749 οὔτε
1127 1698 1194 1750 τὰ
1219 1700 1422 1769 τερπνὰ
1469 1701 1686 1768 μόνιμα,
1714 1699 1835 1752 οὔτε

271 1788 337 1836 τὰ
379 1786 596 1857 λυπηρὰ
648 1788 846 1860 διαρκῆ
894 1791 1249 1861 κεκτημένος.
1296 1791 1357 1841 Ἦ
1409 1791 1523 1852 ὁδὸς
1572 1792 1668 1842 οὐκ
1722 1791 1834 1842 ἐστι

273 1877 361 1947 σὴ,
406 1877 517 1929 ἀλλ’
557 1879 675 1932 ουδέ
723 1880 789 1934 τὰ
830 1883 1071 1954 παρόντα
1104 1883 1193 1938 σά.
1241 1883 1360 1933 Ἐπὶ
1395 1881 1501 1933 τῶν
1523 1883 1830 1949 ὁδευόντων,

1936 699 1986 742 et
2025 689 2197 758 agitas
2236 687 2433 758 aliquid
2493 698 2703 754 mente;
2749 689 3097 744 nihilominus
3148 699 3325 744 tamen
3370 691 3494 754 vita,

1936 780 2146 834 etiamsi
2196 795 2299 833 non
2341 780 2655 846 sentiamus,
2702 781 3022 836 absumitur.
3050 780 3247 837 Omnes
3278 797 3407 852 ergo
3431 781 3496 834 ad

1936 872 2212 942 propriam
2277 873 2503 942 quisque
2569 883 2766 927 metam
2838 885 3215 943 properantes,
3279 889 3497 928 cursum

1936 966 2223 1032 quemdam
2255 964 2544 1028 currimus,
2577 967 2930 1034 quamobrem
2957 981 3141 1020 sumus
3180 967 3228 1019 in
3262 967 3346 1020 via
3383 982 3492 1018 om-

1939 1071 2055 1110 nes.
2091 1055 2204 1110 Hoc
2229 1057 2391 1110 etiam
2421 1056 2577 1110 modo
2606 1058 2745 1110 viam
2779 1057 3074 1126 intelligere
3106 1059 3297 1127 possis.
3321 1059 3375 1112 In
3400 1059 3502 1113 hac

1941 1147 2046 1199 vita
2078 1147 2255 1200 viator
2281 1162 2372 1211 es;
2405 1148 2582 1200 omnia
2623 1158 2921 1214 transeunt,
2951 1158 3071 1217 post
3112 1161 3318 1219 tergum
3353 1160 3497 1204 tuum

1945 1236 2319 1303 relinquuntur
2345 1235 2547 1289 omnia.
2579 1235 2840 1301 Plantam,
2878 1239 3118 1302 herbam,
3157 1253 3374 1307 aquam,
3411 1247 3504 1292 aut

1940 1328 2152 1396 quidvis
2190 1327 2332 1380 aliud
2382 1338 2597 1396 aspectu
2652 1329 2867 1399 dignum
2909 1331 2960 1383 in
3000 1331 3078 1381 via
3115 1330 3289 1383 vidisti
3324 1349 3335 1382 :
3369 1347 3503 1399 pau-

1945 1419 2052 1470 lum
2095 1416 2410 1482 ohlectatus,
2463 1432 2586 1469 mox
2644 1420 2908 1486 pra-teris.
2950 1419 3152 1472 Rursus
3195 1418 3244 1470 in
3274 1417 3501 1483 lapides,

1941 1508 2240 1571 convalles,
2282 1508 2596 1577 prwcipitia,
2629 1510 2878 1577 scopulos
2904 1522 2956 1565 et
2991 1511 3159 1577 palos,
3196 1519 3286 1563 aut
3337 1509 3500 1563 etiam

1942 1601 1993 1653 in
2024 1599 2192 1663 feras,
2216 1599 2266 1651 in
2309 1600 2560 1652 animalia
2593 1601 2852 1668 repenlia,
2887 1603 2937 1654 in
2969 1603 3168 1671 spinas,
3201 1611 3255 1657 et
3283 1602 3334 1655 in
3357 1601 3504 1654 aliud

1938 1692 2164 1759 quodvis
2203 1691 2557 1745 infortunium
2612 1693 2843 1746 incidisti
2873 1710 2885 1745 :
2913 1709 3191 1764 posmuam
3221 1711 3278 1748 es
3316 1694 3507 1763 paulu-

1939 1783 2045 1836 lum
2077 1782 2328 1846 aﬂlictus,
2360 1799 2482 1836 nios
2515 1785 2616 1839 ista
2644 1785 2925 1855 reliquisti.
2954 1785 3074 1840 Vita
3097 1798 3178 1842 est
3201 1785 3457 1854 ejusmodi
3485 1799 3501 1838 :

1943 1890 2116 1944 neque
2152 1875 2267 1944 ejus
2302 1876 2506 1931 delicia:
2534 1892 2709 1946 neque
2746 1880 3000 1934 molestia:
3047 1889 3354 1935 constanter
3380 1893 3503 1949 per-

269 1969 406 2039 ὁμοῦ
437 1988 492 2022 τε
516 1972 543 2022 6
573 1971 783 2043 πρῶτος
812 1973 870 2026 τὸ
901 1977 1042 2044 ἴχνος
1067 1974 1304 2043 ἐκίνησε,
1337 1973 1430 2026 καὶ
1472 1973 1631 2036 εὐθὺς
1659 1977 1686 2027 6
1718 1979 1832 2045 μετ’
1865 1950 1907 2004 Β
1936 1983 1952 2022 ε

1821 1979 1832 1995 ’
1865 1950 1907 2004 Β
1936 1977 2206 2022 severant.
2242 1966 2354 2021 'Iua
2382 1983 2489 2022 non
2523 1979 2605 2023 est
2630 1969 2743 2024 hac
2773 1970 2877 2032 via,
2917 1985 3090 2038 neque
3135 1979 3236 2025 tua:
3263 1984 3388 2025 sunt
3418 1989 3501 2028 res

273 2063 435 2114 αὑτὸν
477 2069 572 2136 τὴν
615 2065 769 2134 βάσιν
806 2067 1023 2135 ἤνεγκε,
1060 2066 1152 2119 καὶ
1199 2066 1315 2136 μετ’
1341 2067 1544 2119 ἐκεῖνον
1582 2069 1609 2119 6
1640 2069 1835 2137 ἐφεπό-

275 2170 449 2222 μενος.

344 2335 396 2387 5.
428 2335 621 2386 Σκόπει
663 2335 718 2387 δέ
751 2336 843 2388 καὶ
884 2336 949 2388 τὰ
991 2335 1080 2388 τοῦ
1122 2336 1234 2406 βίου
1270 2338 1316 2388 εί
1353 2338 1424 2407 μὴ
1464 2337 1832 2408 παραπλήσια.

271 2425 518 2496 Σήμερον
546 2426 642 2496 τὴν
673 2427 774 2497 γῆν
810 2427 872 2479 σὺ
898 2426 1265 2496 ἐγεώργησας,
1309 2428 1398 2478 καὶ
1439 2425 1622 2496 αὔριον
1659 2428 1833 2492 ἄλλος,

272 2519 368 2569 καὶ
397 2519 514 2587 μετ’
542 2520 745 2570 ἐκεῖνον
776 2518 978 2587 ἔτερος.
1023 2517 1181 2586 Ὁρᾷς
1220 2519 1343 2582 τοὺς
1387 2519 1586 2589 ἀγροὺς
1619 2519 1838 2584 τούτους

272 2613 366 2661 καὶ
411 2611 506 2670 τὰς
551 2610 855 2672 πολυτελεῖς
889 2611 1093 2674 οὶκίαςς
1145 2612 1290 2663 Πόσα
1325 2612 1422 2683 ἥδη
1468 2613 1700 2684 ὀνόματα
1746 2616 1836 2684 ἀφ’

271 2696 333 2753 οὗ
381 2703 568 2769 γέγονε
607 2703 810 2754 τούτων
837 2702 944 2774 (21)
984 2704 1209 2757 ἕκαστον
1252 2707 1487 2777 ἡμειψεῑ
1526 2707 1630 2760 Τοῦ
1671 2709 1839 2772 δεῖνος

275 2794 492 2861 ἐλέγετο
513 2836 527 2858 ,
579 2789 695 2847 εἶτα
740 2796 1128 2867 μετωνομάσθη
1165 2798 1298 2867 πρὸς
1339 2799 1521 2868 ἓτερον
1547 2815 1560 2829 ⁸
1592 2799 1726 2870 πρὸς
1750 2800 1838 2852 τὸν

272 2887 420 2938 δεῖνα
450 2886 731 2957 μετῆλθεν,
763 2883 880 2940 εἶτα
910 2888 1002 2940 νῦν
1037 2887 1192 2940 ἄλλου
1221 2889 1456 2956 λέγεται.
1477 2886 1704 2961 ⁷Αρ“οῦν
1727 2891 1837 2961 (⁸22)

273 2979 373 3046 οὐχ
402 2977 516 3040 666;
565 2979 718 3048 ἡμῶν
758 2980 784 3029 6
817 2978 948 3046 βίος,
975 2978 1160 3032 ἄλλοτε
1195 2978 1350 3032 ἄλλον
1389 2981 1836 3051 μεταλαμϐάνων,

275 3071 370 3122 καὶ
396 3071 597 3132 πάντας
633 3071 768 3140 ἔχων
796 3071 1043 3140 ἀλλήλοις
1082 3072 1488 3140 ἐρεπτομένους
1538 3072 1839 3139 Μακάριος

274 3157 368 3214 ’,ὗν
417 3161 484 3227 ὃς
525 3162 619 3214 ἐπὶ
657 3160 760 3227 τῆς
799 3161 940 3214 ὀδοῦ
970 3160 1089 3212 τῶν
1117 3161 1476 3228 ἁμαρτωλῶν
1513 3165 1621 3216 οὐκ
1665 3163 1835 3231 ἔστη.

1937 2071 2253 2128 ρτωεθιιιοε.
2301 2059 2447 2114 Inter
2484 2061 2737 2128 viatores,
2778 2061 2937 2116 simul
2971 2071 3028 2116 ut
3078 2064 3283 2131 primus
3313 2066 3502 2132 pedem

1939 2156 2123 2216 movit,
2160 2155 2280 2207 huic
2333 2154 2605 2223 proximus
2638 2154 2798 2208 infert
2828 2155 3073 2224 gradum,
3102 2164 3152 2207 et
3201 2166 3322 2223 post
3358 2158 3500 2211 hunc

1939 2241 2073 2293 alter
2099 2243 2186 2310 qui
2223 2244 2483 2310 sequitur.

2007 2332 2058 2385 5.
2104 2333 2275 2386 Velim
2316 2344 2492 2386 autem
2525 2335 2792 2397 attendas,
2830 2351 2954 2388 num
3004 2337 3168 2390 etiam
3196 2338 3317 2391 vita:
3347 2352 3506 2392 casus

1943 2422 2052 2476 sint
2078 2423 2366 2477 assimiles.
2406 2422 2575 2478 Hodie
2606 2434 2660 2477 tu
2683 2425 2892 2479 coluisti
2927 2435 3146 2494 terram,
3186 2444 3308 2482 cras
3344 2431 3501 2492 alter,

1938 2523 2057 2581 post
2087 2514 2226 2567 hunc
2253 2514 2394 2570 colet
2423 2525 2476 2571 et
2511 2516 2668 2570 alius.
2711 2516 2871 2572 Vides
2915 2533 3075 2586 agros
3107 2520 3201 2575 hos
3231 2529 3283 2575 et
3317 2520 3506 2575 domos

1939 2607 2314 2674 sumptuosas?
2369 2606 2590 2674 Quoties
2642 2608 2871 2678 singula,
2934 2626 2999 2665 ex
3054 2629 3160 2683 quo
3214 2614 3503 2678 exsistunt,

1940 2711 2133 2751 nomen
2173 2697 2283 2765 jam
2321 2701 2620 2753 mutavere!
2657 2699 2983 2754 Dicebantur
3010 2703 3166 2771 hujus
3195 2721 3332 2768 esse,
3357 2714 3506 2774 posto

1940 2801 2002 2840 ea
2044 2789 2174 2854 ipsis
2236 2788 2541 2857 impositum
2587 2799 2670 2843 est
2716 2805 2909 2845 nomen
2964 2793 3205 2861 alterius,
3244 2799 3309 2850 ad
3339 2798 3504 2850 alium

1942 2884 2313 2948 transierunt,
2348 2893 2460 2938 tum
2499 2885 2711 2939 demum
2778 2884 3001 2942 alterius
3051 2904 3169 2944 esse
3228 2891 3501 2946 dicuntur.

1942 2973 2128 3030 Nonne
2163 2991 2290 3046 ergo
2323 2977 2427 3030 vita
2471 2987 2651 3032 nostra
2681 2979 2764 3033 via
2794 2989 2899 3044 est,
2930 2981 3036 3035 alio
3076 2993 3314 3052 tempore
3340 2983 3503 3040 alium

1940 3069 2236 3137 excipiens,
2267 3079 2320 3123 et
2351 3069 2401 3122 in
2432 3085 2533 3138 qua
2565 3069 2664 3122 sibi
2697 3071 2922 3125 invicem
2952 3074 3247 3125 succedunt
3279 3075 3507 3130 omnes?

1941 3155 2134 3209 Beatus
2173 3161 2346 3226 itaque
2379 3160 2470 3227 qui
2498 3159 2553 3210 in
2586 3160 2665 3212 via
2697 3169 3030 3226 peccatorum
3199 3177 3299 3212 non
3338 3164 3501 3214 stetit.

275 3254 348 3304 T6
383 3253 459 3315 δὲ,
502 3255 620 3304 Οὐκ
650 3253 818 3317 ἔστη,
850 3252 900 3304 τί
948 3253 1133 3315 ἐστιν;
1185 3253 1300 3304 Ἔτι
1335 3253 1426 3305 ἐπὶ
1472 3255 1567 3323 τῆς
1618 3253 1838 3326 πρώτης
1867 3285 1910 3345 C
1944 3248 1958 3300 Ι

1821 3272 1910 3345 ;C
1944 3248 2074 3300 Illud
2123 3259 2322 3311 autem,
2369 3249 2490 3302 Non
2549 3251 2710 3315 stetit,
2762 3251 2890 3318 quid
2947 3250 3048 3304 sibi
3101 3251 3253 3303 vult?
3285 3250 3417 3306 Dum
3449 3253 3504 3308 in

276 3344 490 3414 ἡλικίας
517 3344 665 3404 ὄντες
696 3343 744 3393 οἱ
774 3341 1069 3413 ἄνθρωποι,
1101 3343 1222 3396 οὔτε
1253 3345 1309 3396 ἐν
1334 3345 1500 3418 κακίᾳ.
1517 3347 1700 3416 ἐσμὲν,
1719 3345 1838 3399 οὔτε

273 3438 332 3488 ἐν
371 3437 535 3504 ἁρετῇ
567 3435 932 3500 (ἀνεπίδεκτος
969 3436 1076 3507 γὰρ
1110 3438 1141 3506 ἡ
1177 3438 1358 3508 ἡλικία
1391 3439 1489 3506 τῆς
1516 3439 1678 3502 ἕξεως
1711 3441 1840 3491 ἐκα-

272 3525 459 3597 τὲρας)
487 3541 499 3555 ⁸
531 3524 748 3578 ἐπειδᾶν
795 3526 850 3578 δέ
880 3529 907 3579 6
942 3527 1094 3594 λόγος
1117 3527 1272 3597 ἡμῶν
1301 3528 1693 3600 συμπληρωθῇ,
1723 3530 1839 3582 τότε

272 3617 482 3685 γίνεται
511 3617 568 3668 τὸ
598 3618 974 3690 γεγραμμένον
997 3634 1010 3647 ο
1068 3618 1395 3684 Ἐλθούσης
1423 3619 1490 3670 δὲ
1533 3619 1642 3687 τῆς
1685 3621 1842 3674 erro-

270 3709 426 3777 λῆς,
486 3712 521 3778 ἠ
570 3711 821 3778 ἁμαρτία
873 3711 1192 3779 ἀνέζησεν,
1242 3711 1355 3779 ἐγὼ
1403 3711 1470 3763 δὲ
1518 3712 1836 3766 ἀπέῡανον.

287 3801 736 3854 Ἐπανατέλλουσι
765 3803 870 3872 γὰρ
888 3803 1133 3871 λογισμοὶ
1160 3801 1406 3870 πονηροὶ,
1427 3803 1489 3853 ἐκ
1511 3803 1615 3853 τῶν
1657 3805 1842 3858 παθῶν

271 3894 373 3962 τῆς
407 3893 603 3962 σαρκὸς
634 3897 750 3957 ταῖς
773 3894 969 3963 ψυχαῖς
995 3892 1148 3962 ἡμῶν
1187 3892 1569 3962 ἐντικτόμενοι.
1617 3893 1706 3964 Τῷ
1728 3895 1840 3948 δντι

271 3986 383 4053 γὰρ
427 3984 652 4037 ἐλθοῦσα
683 3987 714 4054 ἡ
745 3984 949 4053 ἐντολὴ,
1005 3983 1279 4036 τουτέστιν
1323 3987 1355 4054 ἡ
1405 3984 1701 4051 διάγνωσις
1732 3985 1840 4037 τῶν

274 4075 478 4139 καλῶν,
515 4075 610 4126 ἐὰν
643 4074 715 4144 μὴ
746 4075 1134 4147 κατακρατήσῃ
1166 4075 1258 4127 τοῦ
1295 4077 1532 4145 χείρονος
1561 4075 1840 4147 λογισμοῦ,

275 4166 413 4220 ἀλλὰ
449 4166 776 4237 συγχωρήσῃ
813 4165 914 4218 ὑπὸ
941 4165 1047 4218 τῶν
1082 4165 1267 4220 παθῶν
1291 4167 1842 4240 ἐξανδραποδισθῆναι

273 4260 366 4311 τὸν
393 4259 648 4328 λογισμόν
669 4275 680 4286 ·
708 4259 936 4331 ἀνέζησε
973 4260 1070 4330 μὲν
1106 4261 1138 4331 ἡ
1181 4260 1443 4330 ἁμαρτία,
1469 4261 1702 4314 ἀπέθανε
1732 4263 1786 4316 δὲ
1815 4265 1843 4316 6

273 4345 421 4410 νοῦς,
449 4347 637 4414 νεκρὸς
674 4348 957 4417 γενόμενος
983 4351 1092 4410 τοῖς
1117 4350 1537 4421 παραπτώμασι.
1563 4353 1844 4422 Μακάριος

273 4433 368 4489 οὖν
391 4440 418 4487 ὁ
446 4437 518 4506 μὴ
549 4439 862 4509 ἐγχρονίσας
886 4442 952 4509 τῇ
975 4439 1076 4508 όδῷ
1104 4440 1210 4491 τῶν
1257 4442 1677 4510 ἁμαρτανόντων
1708 4443 1840 4515 (23),

274 4529 412 4582 ἀλλὰ
448 4529 689 4599 λογισμῷ
730 4531 956 4600 βελτίονι
1013 4532 1149 4600 πρὸς
1195 4531 1290 4602 τὴν
1331 4532 1525 4602 εὐσεϐῆ
1569 4535 1842 4588 πολιτείαν

1944 3341 2111 3411 prima
2145 3342 2317 3395 adhuc
2353 3342 2695 3397 consistimus
2745 3352 2924 3406 aetate,
2961 3356 3061 3397 nec
3107 3343 3359 3412 improbi,
3408 3357 3506 3399 nec

1943 3434 2140 3485 virtute
2173 3434 2379 3500 praaditi
2416 3449 2600 3488 sumus
2631 3432 2714 3504 (ea
2740 3433 2883 3487 enim
2915 3442 3045 3487 aetas
3077 3433 3292 3488 habitus
3312 3435 3509 3489 utrius-

1942 3540 2046 3593 que
2083 3539 2250 3592 capax
2298 3540 2403 3578 non
2442 3528 2579 3594 est);
2613 3525 2702 3579 sed
2738 3536 3089 3593 posteaquam
3140 3529 3275 3580 ratio
3319 3540 3503 3583 nostra

1943 3617 2174 3684 perlecta
2203 3625 2466 3684 cstatque
2496 3616 2785 3680 cumulata,
2819 3629 2948 3671 tunc
2982 3617 3040 3670 lit
3074 3619 3214 3686 quod
3245 3623 3507 3690 scriptum

1945 3718 2028 3762 est
2057 3722 2070 3760 :
2097 3707 2162 3759 At
2199 3723 2314 3760 cum
2349 3707 2566 3760 venisset
2609 3707 2933 3774 mandatum,
2987 3719 3253 3775 peccatum
3302 3710 3508 3777 revixit,

1943 3818 2036 3870 ego
2086 3810 2260 3853 autem
2289 3811 2525 3852 mortuus
2560 3817 2673 3853 sum
2696 3799 2761 3853 ³³.
2788 3799 3047 3854 Oriuntur
3067 3801 3206 3853 enim
3245 3801 3395 3854 malm
3419 3816 3510 3856 co-

1943 3894 2243 3964 gitationes,
2285 3908 2402 3961 qua:
2443 3908 2508 3947 ex
2553 3893 2734 3946 carnis
2765 3891 3155 3960 cupiditatibus
3208 3893 3260 3945 in
3304 3893 3505 3949 animis

1945 3984 2139 4038 nostris
2175 3992 2520 4050 generantur.
2564 3980 2694 4034 Nam
2743 3983 2922 4049 reipsa
2971 3982 3059 4037 ubi
3095 3984 3239 4037 venit
3286 3985 3511 4038 manda-

1945 4086 2078 4136 tum,
2108 4075 2213 4129 hoc
2245 4082 2347 4134 est,
2382 4072 2505 4127 boni
2547 4074 2866 4144 honestique
2901 4074 3182 4140 judicium,
3215 4074 3258 4127 si
3303 4077 3509 4144 cogita-

1945 4168 2142 4220 tionem
2180 4165 2416 4235 pejorem
2447 4178 2550 4219 non
2594 4165 2808 4231 vicerit,
2844 4165 2937 4218 sed
2969 4179 2996 4217 a
3023 4164 3200 4234 pravis
3233 4164 3512 4221 aﬂectibus

1944 4263 2178 4314 animum
2225 4259 2276 4313 in
2311 4258 2622 4314 servitutem
2657 4258 2825 4328 redigi
2871 4258 3101 4311 siverit:
3145 4259 3339 4314 revixit
3381 4258 3508 4327 qui-

1942 4354 2060 4407 dem
2087 4361 2388 4422 peccatum,
2424 4365 2572 4406 mens
2613 4365 2742 4404 vero
2772 4349 3003 4419 peccatis
3040 4349 3357 4418 interempta
3392 4365 3509 4404 mo-

1946 4447 2100 4499 ritur.
2139 4445 2334 4499 Beatus
2370 4443 2551 4512 igitur,
2602 4443 2691 4510 qui
2745 4443 2798 4495 in
2851 4442 2940 4495 via
3003 4449 3346 4510 peccatorum
3400 4457 3507 4499 non

1946 4537 2259 4590 itnmoratus
2299 4543 2403 4598 est,
2446 4535 2538 4588 sed
2581 4533 2796 4587 saniore
2841 4532 3066 4586 consilio
3099 4533 3164 4586 ad
3197 4534 3338 4603 piam
3374 4551 3509 4589 con-

275 4621 684 4692 μεταπηδησας.
723 4623 824 4674 Δύο
845 4624 952 4694 γάρ
986 4625 1122 4676 εἰσιν
1148 4622 1256 4675 ὁδοὶ
1297 4624 1534 4676 ἐναντίαι
1568 4624 1840 4696 ἀλλήλαιςο
1875 4625 1919 4679 D
1948 4644 1958 4669 ι

1828 4642 1840 4655 ·
1875 4625 1919 4679 D
1948 4627 2305 4681 versationem
2337 4639 2396 4679 se
2442 4625 2664 4695 recepit.
2700 4624 2826 4678 Dua:
2874 4639 3106 4694 namque
3144 4634 3269 4679 sunt
3305 4624 3406 4681 via:
3435 4625 3511 4681 in-

271 4712 308 4782 ἡ
347 4712 444 4782 μὲν
479 4711 703 4765 πλατεῖα
718 4715 809 4764 καὶ
829 4715 1157 4786 εὐρύχωρος,
1191 4717 1223 4786 η
1246 4715 1299 4767 δέ
1325 4716 1482 4785 στενὴ
1515 4716 1606 4769 καὶ
1627 4716 1842 4788 τεθλιμ-

276 4807 436 4876 μένη.
486 4807 594 4859 Καὶ
633 4805 723 4857 δύο
763 4805 964 4876 ὁδηγοὶ,
1002 4809 1259 4878 ἑκάτερος
1306 4808 1441 4879 πρὸς
1492 4807 1680 4860 ἐαυτὸν
1718 4810 1840 4860 ἐπι-

275 4900 530 4967 στρέφειν
565 4900 674 4968 (24)
709 4899 1018 4970 ἐπιχειρῶν.
1050 4902 1198 4970 Ἔχει
1243 4896 1332 4953 οὖν
1367 4904 1398 4971 ἡ
1440 4901 1536 4970 μὲν
1578 4899 1694 4953 λεία
1725 4901 1841 4965 666;

275 4994 369 5045 καὶ
403 4991 611 5061 πρανὴς
646 4993 756 5063 (25)
788 4992 975 5064 ὁδηγὸν
1006 4992 1299 5064 ἀπατηλὸν,
1330 4993 1555 5063 δαίμονα
1585 4997 1836 5064 πονηρὸν,

267 5085 338 5136 δι’
375 5083 567 5153 ἡδονῆς
602 5084 736 5153 πρὸς
766 5085 862 5154 τὴν
906 5082 1176 5136 ἀπώλειαν
1219 5084 1344 5147 τοὺς
1393 5084 1691 5153 ἑπομένους
1722 5087 1838 5137 ἐπι-

271 5177 597 5246 συρόμενον·
633 5177 664 5245 ή
695 5176 751 5228 δὲ
783 5180 1010 5246 τραχεῖα
1050 5176 1144 5230 καὶ
1185 5176 1418 5246 ἀνάντης
1448 5174 1676 5244 ἄγγελον
1705 5177 1838 5244 ἀγα-

270 5268 384 5324 θὸν.
415 5269 500 5320 διὰ
521 5268 628 5324 τῶν
658 5269 926 5322 ἐπιπόνων
959 5271 1056 5338 τῆς
1089 5268 1290 5340 ἀρετῆς
1320 5267 1455 5339 πρὸς
1488 5268 1546 5319 τὸ
1572 5267 1837 5337 μακάριον

346 5413 390 5445 ⁸³
424 5413 580 5468 Βοιιι.
609 5431 703 5478 VII,
740 5415 792 5469 9.

345 5593 458 5662 (l9)
497 5591 632 5644 Editi
660 5591 1026 5662 ἐπειγόμενοι.
1063 5586 1130 5645 At
1178 5605 1307 5645 mss.
1345 5601 1577 5658 quatuor
1622 5585 1833 5653 ἐπειγό-

274 5680 457 5801 μείέδᾷ
499 5731 588 5785 Sic
609 5731 772 5786 editio
802 5731 960 5785 Basil.
997 5746 1115 5784 cum
1153 5731 1321 5784 tribus
1369 5743 1496 5801 mss.
1531 5727 1658 5780 lllud
1683 5768 1698 5792 ,
1740 5724 1833 5777 καὶ

273 5804 548 5872 σκόλοψιν,
575 5803 626 5856 ἱιι
658 5802 889 5856 editione
920 5802 1089 5856 Paris.
1119 5800 1548 5872 desiderabatur.

345 5866 461 5958 (21)’
486 5875 574 5928 Sic
640 5887 767 5928 mss.
816 5882 1066 5941 quatuor.
1125 5871 1297 5925 Editio
1355 5868 1527 5924 Paris.
1575 5866 1832 5936 ὀνόματα,

272 5963 493 6005 ςίουτων.

1951 4730 2029 4772 ter
2069 4731 2127 4772 se
2171 4717 2496 4774 contrariae:
2529 4733 2630 4773 una
2662 4717 2769 4772 lata
2818 4725 2872 4772 et
2920 4718 3173 4787 spatiosa,
3206 4717 3372 4771 altera
3413 4733 3510 4772 an-

1948 4821 2098 4880 gusta
2124 4819 2178 4864 et
2205 4821 2494 4866 coarctata.
2541 4812 2652 4864 Duo
2699 4812 2859 4863 etiam
2893 4818 3019 4863 sunt
3042 4811 3140 4864 via:
3169 4810 3354 4875 duces,
3374 4825 3510 4881 quo—

1951 4916 2067 4955 rum
2123 4911 2350 4970 uterque
2399 4900 2660 4952 viatorem
2716 4900 2781 4952 ad
2845 4913 2902 4954 se
2949 4899 3220 4955 attrahere
3258 4911 3506 4954 conatur.

1950 4993 2111 5046 Plana
2145 4994 2358 5062 quidem
2377 5002 2430 5046 et
2455 4991 2674 5046 declivis
2705 4992 2789 5046 via
2824 4993 2987 5046 habet
3016 4991 3256 5045 fallacem
3292 4993 3507 5059 ducem,

1945 5083 2144 5136 malum
2190 5081 2486 5136 daemonem
2518 5082 2607 5151 qui
2642 5097 2733 5135 cos
2771 5082 2860 5151 qui
2899 5097 2957 5136 se
2985 5092 3305 5149 sequuntur,
3335 5083 3387 5136 in
3425 5084 3509 5138 in-

1945 5175 2160 5227 teritum
2200 5188 2296 5242 per
2342 5174 2666 5243 voluptatem
2720 5173 2882 5226 trahit
2910 5188 2924 5225 :
2955 5189 3142 5243 aspera
3179 5190 3302 5229 vero
3335 5185 3391 5230 et
3421 5191 3502 5230 ar-

1947 5266 2045 5318 dua
2074 5265 2182 5327 via,
2219 5266 2415 5320 bonum
2447 5267 2715 5334 angelum,
2743 5267 2835 5335 qui
2857 5280 3116 5336 sequaces
3147 5281 3270 5320 suos
3303 5285 3394 5338 por
3430 5267 3508 5322 la-

2005 5587 2116 5656 (22)
2149 5585 2237 5640 Sic
2265 5600 2391 5640 mss.
2423 5586 2655 5656 plurimi.
2683 5588 2834 5640 Deest
2867 5584 2957 5638 οὖν
2990 5587 3039 5639 in
3072 5591 3133 5641 cd
3163 5589 3302 5642 tione
3335 5587 3504 5644 Paris.

2006 5659 2118 5727 ('25)
2153 5657 2284 5724 Reg.
2314 5659 2584 5709 secundus
2610 5657 2716 5709 τῶν
2743 5658 3100 5726 ἁμαρτωλῶν.

2004 5726 2359 5799 (ἳόλΝοειιό
2421 5728 2584 5780 editio
2623 5727 2792 5781 Paris.
2849 5729 3181 5797 ἐπιτρέψειν.
3247 5730 3312 5781 At
3373 5747 3501 5782 mss.

1933 5797 2302 5867 ἐπιστρέφειν.

2007 5865 2116 5936 ('25)
2153 5866 2324 5919 Hditio
2353 5873 2581 5936 utraque
2615 5865 2780 5923 Basil.
2811 5879 2863 5922 et
2898 5868 3070 5920 Paris.
3094 5867 3207 5930 662.;
3241 5870 3333 5921 καὶ
3364 5871 3491 5924 πλα.

1932 5941 2050 5992 τεία
2075 5934 2166 5991 καὶ
2197 5936 2424 6004 πρανὴς.
2463 5934 2687 5993 Brcvius
2725 5955 2848 5994 mss.
2881 5939 2994 6000 ὁδὸς
3025 5939 3114 5990 καὶ
3143 5941 3374 6009 πρανὴς-
