4262 6518
796 453 904 507 223

2100 443 2158 500 S.
2199 443 2443 499 BASlLlI
2487 437 2705 496 MAGNI

3922 436 4031 490 22-1

795 564 1012 620 boriosa
1045 559 1257 614 virtutis
1292 557 1551 612 exercitia
1601 556 1668 610 ad
1721 555 1934 610 beatum
1971 554 2129 609 linem
2165 559 2357 625 perdu-
2385 586 2430 641 Α
2459 574 2478 608 τ

2350 588 2357 597 -
2385 586 2430 641 Α
2459 555 2610 617 τέλος
2644 553 2770 616 τοὺς
2813 553 3108 623 ἑπομένους
3151 553 3374 621 ἄγοντα.
3406 553 3548 614 Ἕως
3583 552 3681 622 μὲν
3711 548 3805 606 οὖν
3836 553 4033 624 νήπιός

791 656 888 710 cit.
917 656 1046 708 Dum
1083 652 1247 720 igitur
1281 651 1508 721 quisque
1543 658 1785 703 nostrum
1821 661 1956 716 puer
1983 657 2086 710 est,
2119 662 2355 716 priesen-

793 755 872 800 tes
907 744 1248 814 persequitur
1275 743 1596 811 voluptates,
1633 754 1805 809 neque
1834 740 1997 792 habet
2027 738 2188 790 ullam
2221 748 2357 792 tem-

793 836 938 904 poris
977 833 1141 887 futuri
1187 833 1451 887 rationem
1479 873 1495 898 ,
1537 845 1712 898 neque
1758 844 1942 882 curam
1980 829 2129 897 :jam
2178 838 2358 881 autem

795 930 879 983 vir
915 928 1110 990 factus,
1143 938 1256 995 post
1277 927 1461 995 judieii
1508 926 1915 994 perfectionem,
1943 923 2122 977 videre
2149 922 2247 977 sibi
2281 921 2360 975 vi-

792 1021 948 1074 detur
984 1021 1145 1072 vitam
1186 1021 1234 1071 in
1269 1021 1522 1072 virtutem
1567 1027 1621 1071 et
1665 1016 1854 1071 vitium
1901 1014 2160 1076 divisam;
2192 1024 2359 1081 atque

790 1111 961 1165 oculis
996 1110 1159 1162 animi
1201 1112 1249 1161 in
1285 1120 1579 1177 utrumque
1617 1122 1756 1176 saepe
1797 1105 2078 1173 conjectis,
2111 1106 2358 1174 proprie-

794 1209 930 1254 tates
983 1200 1263 1266 utriusque
1326 1199 1468 1251 inter
1505 1212 1565 1250 se
1621 1196 1905 1265 aequaliter
1951 1195 2193 1249 diversas
2239 1209 2358 1248 esse

785 1289 1012 1358 judicat.
1047 1289 1111 1342 Et
1154 1289 1371 1358 quidem
1407 1297 1751 1357 peccatorum
1802 1288 1907 1342 vita
1948 1287 2184 1342 ostendit
2220 1301 2355 1340 cuu-

790 1389 908 1433 clas
961 1381 1238 1449 przesentis
1291 1379 1469 1432 saeculi
1532 1378 1830 1447 voluptates
1877 1378 2184 1447 :justorum
2231 1393 2355 1430 vero

789 1473 926 1536 vita,
967 1471 1078 1525 sola
1126 1470 1289 1524 l‘uturi
1343 1470 1441 1524 ευνί
1479 1472 1617 1525 bona
1662 1481 2070 1524 commonstrat.
2106 1469 2171 1523 Et
2213 1480 2356 1525 certe

789 1567 1167 1620 salvandorum
1216 1566 1299 1616 via
1349 1574 1552 1632 quanto
1609 1565 1916 1633 pulchriora
1964 1565 2247 1633 pollicetur
2273 1565 2356 1616 fn-

793 1667 932 1717 tura,
970 1664 1118 1708 tanto
1169 1654 1516 1708 laboriosiora
1565 1655 1787 1708 exhibet
1849 1654 2130 1721 prinsentia
2161 1672 2173 1708 :
2209 1655 2358 1707 volu-

788 1747 961 1816 ptaria
991 1757 1168 1799 autem
1195 1756 1248 1798 et
1280 1745 1486 1814 impura
1517 1746 1622 1797 vita
1660 1744 1837 1797 nonin
1871 1754 2143 1813 posterum
2172 1760 2360 1813 exspe-

789 1839 1036 1902 ctandas,
1068 1838 1161 1891 sed
1207 1837 1318 1902 jam
1353 1847 1643 1903 praesentes
1695 1835 1913 1890 delicias
1946 1837 2217 1905 proponit.
2255 1835 2360 1889 Ita-

2458 647 2605 697 ἐστιν
2635 643 2866 704 ἕκαστος
2906 641 3079 712 ἡμῶν,
3114 641 3177 694 τὸ
3207 644 3266 694 ὲν
3298 641 3376 712 τῷ
3402 642 3626 712 παρόντι
3656 641 3752 712 ἡδὺ
3792 640 4029 706 διώκων,

2458 733 2712 803 ούδεμίαν
2753 731 2848 785 τοῦ
2896 731 3179 802 μέλλοντος
3217 730 3540 801 κηδεμονίαν
3582 735 3851 784 ποιεῖται·
3890 733 4031 802 ἀνὴρ

2457 824 2512 876 δὲ
2534 823 2632 894 ἤδη
2665 821 2974 891 γενόμενος,
3001 821 3138 892 μετὰ
3160 821 3250 874 τὸν
3275 820 3619 891 ἀπαρτισμὸν
3647 822 3752 874 τῶν
3783 821 4029 883 ἐννοιῶν,

2458 910 2568 967 οἷον
2603 915 2734 984 ὁρᾷν
2777 914 2924 966 δοκεῖ
2948 914 3036 966 τὸν
3068 914 3181 983 βίον
3207 912 3354 983 αὐτῷ
3386 912 3700 982 σχιζόμενον
3730 914 3864 984 πρὸς
3901 915 4032 984 ἀρε-

2458 1004 2555 1075 τὴν
2598 1007 2689 1058 καὶ
2735 1006 2954 1069 κακίαν,
3001 1005 3095 1059 καὶ
3130 1006 3306 1060 πυκνὰ
3340 1006 3450 1076 (26)
3505 1006 3634 1076 πρὸς
3679 1007 3934 1078 ἑκάτερον
3966 1006 4030 1057 τὸ

2460 1095 2612 1165 ὄμμα
2644 1097 2740 1167 τῆς
2765 1096 2943 1167 ψυχῆς
2976 1099 3384 1168 μεταστρέφων,
3420 1096 3735 1167 παράλληλα
3766 1098 3938 1163 κρίνει
3958 1099 4030 1151 τὰ

2461 1187 2707 1258 ἑκατέρῳ
2741 1190 3031 1259 προσόντα.
3078 1189 3185 1242 Καὶ
3220 1193 3248 1243 ό
3287 1191 3385 1260 μὲν
3407 1191 3514 1243 τῶν
3552 1189 3889 1261 ἁμαρτωλῶν
3918 1190 4030 1259 βίος

2461 1280 2636 1333 πάντα
2661 1280 2894 1333 δείκνυσι
2916 1280 2984 1334 τὰ
3005 1280 3098 1335 τοῦ
3126 1282 3389 1351 παρόντος
3423 1283 3610 1345 αἰῶνος
3649 1281 3883 1351 τερπνά⁸
3914 1284 3941 1333 ό
3969 1282 4028 1333 δὲ

2457 1369 2566 1422 τῶν
2579 1369 2823 1435 δικαίων,
2864 1372 3000 1440 μόνα
3021 1372 3387 1441 ὑποφαίνειτὰ
3408 1372 3497 1424 τοῦ
3530 1372 3809 1443 μέλλοντος
3825 1371 4024 1438 ἁγαθὰ-

2458 1462 2567 1515 Kal.
2600 1464 2634 1532 ἡ
2673 1461 2770 1532 μὲν
2796 1461 2904 1513 τῶν
2947 1463 3262 1532 σωζομένων
3288 1463 3403 1526 όδός
3428 1464 3550 1515 ὅσον
3582 1462 3721 1515 καλὰ
3749 1463 4030 1531 ὑπισχνεῖ-

2457 1570 2545 1606 ται
2577 1553 2644 1606 τὰ
2694 1552 2977 1623 μέλλοντα,
3024 1553 3274 1608 τοσοῦτον
3325 1554 3555 1607 ἐπίπονα
3613 1554 3910 1624 παρέχεται
3958 1552 4030 1605 τὰ

2458 1646 2701 1718 παρόντα
2722 1662 2733 1674 ·
2769 1647 2798 1698 ὁ
2822 1644 2877 1697 δὲ
2900 1645 3028 1716 ἡδὺς
3061 1645 3152 1698 καὶ
3183 1648 3476 1709 ἀκόλαστος
3512 1646 3623 1716 βίος
3653 1647 3772 1716 οὐχὶ
3807 1644 4033 1714 προσδο-

2459 1738 2713 1808 κωμένην
2756 1739 2836 1800 εἰς
2874 1736 3122 1806 ὕστερον,
3160 1736 3272 1789 ἀλλ’
3305 1738 3404 1807 ἤδη
3449 1738 3725 1809 παροῦσαν
3751 1737 4032 1808 προτείνε-

2457 1846 2544 1881 ται
2570 1830 2680 1899 (ΞἹ)
2708 1830 2806 1898 τὴν
2834 1829 3153 1882 ἀπόλαυσιν.
3201 1827 3425 1899 Ἰλιγγιᾷ
3451 1826 3540 1882 οὖν
3566 1831 3714 1882 πᾶσα
3741 1829 3907 1899 ψυχὴ,
3934 1828 4031 1881 καὶ

790 1944 894 1997 que
917 1928 1176 1996 vertigine
1208 1928 1415 1979 laborat
1447 1927 1622 1979 anima
1652 1926 1849 1992 omnis,
1888 1937 2051 1994 atque
2085 1924 2360 1980 titubanti-
2391 1940 2430 1993 Β
2463 1938 2473 1989 ι

2346 1954 2360 1964 -
2391 1940 2430 1993 Β
2463 1921 2782 1989 μετοκλάζει
2829 1925 2941 1985 τοῖς
2985 1921 3285 1992 λογισμοῖς,
3339 1923 3464 1974 ὅταν
3499 1921 3596 1990 μὲν
3640 1923 3918 1992 ἐνθυμηθῇ
3960 1921 4029 1975 τὰ

789 2021 892 2075 bus
945 2019 1361 2089 cogitationibus
1422 2020 1844 2088 agitaturzcum
1903 2017 2117 2085 quidem
2175 2031 2355 2071 secum

794 2113 1019 2167 revolvit
1054 2123 1273 2177 :eterua,
1321 2113 1470 2178 eligit
1512 2113 1786 2173 virtutem,
1829 2125 1948 2162 cum
1979 2126 2104 2164 vero
2137 2111 2356 2178 respicit

789 2207 856 2260 ad
879 2207 1185 2274 praesentia,
1227 2205 1552 2271 voluptatem
1591 2202 1826 2270 praefert.
1858 2202 1953 2257 llic
1996 2204 2189 2258 bonam
2225 2219 2349 2258 cor-

793 2301 938 2368 poris
971 2297 1334 2352 b.ibitudineiu
1365 2297 1645 2366 conspicit,
1681 2297 1750 2351 ibi
1776 2299 1956 2352 carnis
1992 2300 2303 2354 servitutem
2336 2318 2349 2355 :

793 2392 878 2445 hic
901 2391 1241 2452 ebrietatem,
1282 2390 1351 2443 ibi
1382 2390 1643 2459 jejunium
1680 2405 1693 2440 :
1725 2389 1814 2443 hic
1837 2392 2133 2445 cachinnos
2161 2392 2355 2445 immo-

790 2480 960 2547 dicos,
983 2482 1050 2534 ibi
1078 2481 1341 2549 plurimas
1376 2477 1682 2551 lacrymas:
1714 2481 1802 2536 hic
1848 2481 2212 2545 saltationem,
2245 2484 2354 2537 illic

793 2586 1202 2639 precationem:
1234 2573 1322 2626 hic
1363 2573 1547 2636 tibias,
1589 2572 1698 2624 illic
1741 2575 1972 2641 gemitus
1999 2594 2011 2627 :
2038 2574 2127 2628 hic
2150 2585 2354 2627 scorta-

795 2666 1018 2727 tionem,
1051 2664 1160 2716 illic.
1185 2664 1565 2733 virginitatem.
1598 2661 1860 2728 Quoniam
1891 2665 2050 2733 igitur
2066 2666 2206 2734 quod
2232 2679 2355 2717 vere

791 2753 988 2809 bonum
1021 2763 1122 2814 est,
1167 2755 1218 2807 id
1264 2755 1524 2807 duntaxat
1556 2757 1766 2808 ratione
1795 2770 1890 2825 per
1921 2756 2074 2809 tidem
2108 2770 2354 2824 compre-

792 2847 950 2899 hendi
1005 2854 1178 2914 potest
1226 2845 1404 2913 (longe
1431 2844 1571 2898 enim
1616 2847 1788 2907 abest,
1826 2859 1924 2898 nec
1976 2844 2108 2897 vidit
2141 2845 2352 2908 oculus,

791 2950 890 2990 nec
936 2938 1084 2989 auris
1120 2933 1428 3002 audivit“),
1457 2937 1659 3004 peccati
1709 2949 1836 2987 vero
1887 2931 2125 2988 suavitas
2173 2950 2354 3003 prom-

792 3032 961 3091 ptam,
989 3033 1043 3075 et
1072 3039 1164 3091 per
1188 3037 1377 3076 onmes
1411 3037 1601 3076 sensus
1633 3023 1878 3075 liuentem
1906 3025 2225 3091 voluptatem
2258 3026 2353 3078 ha-

792 3115 911 3178 bet;
955 3114 1157 3168 idcirco
1204 3116 1428 3178 beatus,
1463 3115 1552 3184 qui
1605 3126 1821 3183 propter
1853 3117 2134 3184 voluptatis
2175 3117 2353 3170 illece-

792 3205 916 3260 bras
945 3221 1048 3258 uou
1079 3205 1338 3260 deducms
1364 3214 1446 3258 est
1473 3206 1539 3258 ad
1583 3206 1882 3271 interitum,
1916 3209 2011 3262 sed
2042 3224 2190 3277 Spem
2219 3210 2353 3262 salu-

2460 2012 2671 2082 αἰώνια,
2707 2014 2803 2084 τὴν
2836 2015 3037 2085 ἀρετὴν
3090 2013 3406 2086 αἱρουμένη,
3460 2015 3588 2066 ὅταν
3635 2012 3691 2065 δὲ
3745 2014 4030 2084 ἀποϐλέψῃ

2460 2105 2592 2174 πρὸς
2619 2107 2685 2158 τὰ
2717 2108 2980 2177 παρόντα,
3014 2107 3108 2179 τὴν
3136 2109 3329 2179 ἡδονὴν
3362 2104 3699 2177 προτιμῶσα.
3727 2099 3854 2156 Ὧδε
3905 2103 4030 2172 βλέ-

2457 2216 2548 2250 πει
2604 2200 2806 2269 σαρκὸς
2857 2200 3170 2263 εὐπάθειαν,
3221 2202 3337 2253 ἐκεῖ
3387 2197 3755 2266 δουλαγωγίαν
3791 2205 4024 2268 σαρκός’

2452 2285 2554 2344 ὧδε
2603 2291 2794 2363 μέθην,
2843 2294 2958 2344 ἐκεῖ
2991 2292 3272 2359 νηστείαν·
3311 2287 3411 2345 ὧδε
3458 2292 3698 2360 γέλωτας
3738 2292 4021 2360 ἀκρατεῖς,

2454 2383 2570 2435 ἐκεῖ
2597 2383 2830 2453 δάκρυον
2863 2381 3078 2449 δαψιλές
3107 2401 3119 2411 ·
3149 2382 3380 2435 ἐνταῦθα
3407 2382 3650 2452 ὄρχησιν,
3686 2382 3847 2434 κάκεῖ
3868 2397 4031 2452 προσ⁸

2454 2477 2650 2545 ευχήν·
2695 2474 2891 2539 αὐλοὺς
2940 2469 3061 2534 ὦδε.
3117 2475 3277 2528 κάκεῖ
3329 2474 3698 2544 στεναγμούς·
3747 2467 3850 2527 ὦδε
3889 2491 4026 2545 πορ-

2453 2566 2621 2629 νείαν,
2658 2566 2818 2620 κάκεῖ
2856 2568 3172 2638 παρθενίαν.
3218 2567 3368 2620 Ἐπεὶ
3402 2563 3492 2619 οὖν
3530 2568 3590 2620 τὸ
3626 2567 3722 2637 μὲν
3756 2566 4028 2636 ἀληθινῶς

2454 2657 2654 2724 ἀγαθὸν
2701 2658 2942 2728 λογισμῷ
2984 2659 3184 2727 ληπτόν
3225 2662 3339 2712 ἐστι
3373 2660 3458 2713 διὰ
3506 2659 3740 2723 πίστεως
3779 2659 4026 2729 (μακρὰν

2453 2747 2560 2819 γὰρ
2593 2748 2923 2818 ἀπῴκισται,
2956 2750 3048 2802 καὶ
3083 2751 3354 2819 ὀφθαλμὸς
3398 2752 3496 2803 οὐκ
3528 2747 3653 2814 εἶδε,
3677 2752 3770 2803 καὶ
3801 2748 3895 2814 οὖς
3927 2752 4030 2804 οὐκ

2453 2841 2695 2911 ἢκουσε),
2722 2842 2782 2894 τὸ
2811 2841 2866 2894 δὲ
2898 2840 2996 2911 τῆς
3027 2841 3297 2911 ἁμαρτίας
3336 2840 3431 2910 ἡδὺ
3467 2843 3752 2912 πρόχειρον
3792 2842 3906 2910 ἔχει
3934 2840 4029 2893 καὶ

2452 2932 2540 2985 διὰ
2568 2932 2746 3003 πάσης
2776 2932 3082 3001 αἰσθήσεως
3113 2931 3338 3002 ῥέουσαν
3362 2932 3462 3003 τὴν
3483 2932 3807 2984 ἀπόλαυσιν·
3848 2934 4027 3001 μακὰ-

2455 3042 2566 3096 ριος
2601 3028 2628 3079 ὁ
2669 3027 2742 3096 μὴ
2785 3026 3146 3098 περιτραπεὶς
3180 3027 3242 3078 ἐκ
3299 3022 3408 3094 (28)
3439 3022 3545 3075 τῶν
3582 3024 3679 3093 τῆς
3720 3023 3914 3093 ἡδονῆς
3940 3023 4026 3076 δε-

2451 3117 2773 3187 λεασμάτων
2805 3118 2941 3189 πρὸς
2988 3118 3087 3190 τὴν
3121 3115 3420 3176 ἀπώλειαν.
3473 3114 3608 3168 ἀλλὰ
3651 3114 3716 3168 δι’
3751 3116 4030 3185 ὑπομονῆς

2451 3208 2548 3277 τὴν
2583 3208 2770 3260 ἐλπίδα
2808 3209 2904 3279 τῆς
2935 3209 3205 3280 σωτηρίας
3248 3207 3702 3278 ἀπεκδεχόμενος,
3737 3206 3832 3260 καὶ
3870 3209 3928 3259 ἐν
3960 3210 4025 3278 τῇ

797 3296 866 3349 tis
895 3306 1167 3365 exspectat
1194 3311 1287 3363 per
1321 3296 1653 3363 patientiam,
1687 3313 1750 3349 ac
1812 3300 1863 3350 in
1903 3312 2128 3367 utraque
2155 3301 2238 3352 via
2271 3316 2352 3354 se-
2379 3285 2420 3342 ο
2453 3301 2478 3351 ὲ

2347 3331 2352 3343 ι
2379 3285 2420 3342 C
2453 3299 2649 3371 ἐκλογῇ
2682 3299 2788 3352 τῶν
2823 3300 2953 3352 ὁδῶν
2972 3301 3244 3372 ἑκατέρων
3269 3301 3342 3373 μὴ
3369 3299 3565 3363 ἐπιϐὰς
3587 3303 3686 3371 τῆς
3711 3297 3832 3352 ὁδοῦ
3866 3297 4030 3369 ἀγού-

789 3389 1057 3443 cerueuda
1089 3388 1227 3440 viam
1253 3388 1318 3438 ad
1353 3387 1617 3440 deteriora
1657 3387 1940 3440 ducentem
1973 3403 2075 3441 nou
2119 3393 2279 3459 capit.

862 3481 915 3536 6.
965 3478 1125 3534 Vsus.
1168 3482 1216 3533 Ι.
1248 3478 1316 3533 Et
1345 3480 1400 3533 in
1426 3479 1677 3532 cathedra
1709 3480 2018 3547 prstilentiw
2049 3497 2152 3534 non
2198 3484 2350 3535 sedit.

790 3572 927 3628 Num
960 3575 1077 3629 illas
1106 3576 1231 3628 dicit
1261 3575 1569 3639 cathedras,
1600 3576 1650 3628 in
1682 3577 1876 3644 quibus
1913 3587 2096 3630 nostra
2124 3593 2351 3647 corpora

791 3665 956 3734 quieti
999 3664 1220 3717 damus?
1256 3663 1432 3730 Ecqua
1474 3671 1556 3715 est
1596 3662 1720 3729 ligni
1754 3678 1874 3716 cum
1917 3675 2139 3730 peccato
2189 3666 2356 3720 socie-

795 3764 896 3819 tas,
929 3762 986 3806 ut
1026 3752 1337 3805 cathedram
1378 3767 1406 3803 a
1446 3759 1733 3822 peccatore
1785 3764 2207 3822 pneoccopatam
2236 3766 2353 3809 tan-

791 3861 950 3914 quam
980 3845 1248 3899 exitialem
1301 3843 1485 3913 lugere
1530 3844 1794 3899 debeam?
1826 3843 2019 3899 Nonne
2052 3845 2259 3899 ﬁrmam
2291 3862 2353 3902 ac

793 3936 1039 3989 stabilem
1065 3937 1117 3990 in
1142 3937 1251 3989 vitii
1275 3936 1667 4004 approbatione
1692 3951 1895 3990 moram
1910 3936 2020 4008 96
2041 3935 2351 3991 cathedram

792 4027 898 4081 dici
940 4026 1093 4080 nobis
1119 4030 1410 4095 putandum
1447 4029 1572 4083 est?
1602 4027 1753 4094 Quod
1781 4043 2072 4084 caveamus
2115 4037 2351 4098 oportet,

794 4130 1078 4190 propterea
1117 4120 1258 4189 quod
1302 4121 1537 4174 studiosa
1570 4122 1623 4177 iu
1661 4124 1895 4191 peccatis
1931 4139 2080 4179 mora
2112 4124 2353 4179 habitum

793 4215 1076 4284 quemdam
1111 4213 1202 4283 qui
1239 4211 1327 4266 vix
1370 4214 1549 4267 excuti
1593 4225 1786 4282 potest,
1814 4217 1864 4269 in
1907 4219 2103 4272 animis
2139 4219 2356 4288 ingene-

793 4318 896 4362 rat.
928 4305 1027 4360 Vix
1081 4307 1220 4361 enim
1256 4315 1477 4360 sanatur
1510 4306 1840 4360 inveteratus
1882 4309 2047 4361 animi
2111 4310 2350 4373 morbus,

793 4401 1025 4468 malique
1056 4400 1373 4455 exercitatio
1410 4410 1647 4469 tempore
1707 4401 2022 4454 conﬁrmata
2051 4415 2065 4451 :
2093 4401 2198 4456 imo
2229 4417 2354 4456 vero

793 4493 973 4549 sanari
1030 4491 1250 4545 oumino
1282 4506 1385 4544 non
1435 4499 1634 4560 potest,
1667 4491 1710 4545 si
1749 4489 2081 4544 consuetudo
2113 4489 2165 4543 in
2200 4502 2352 4544 natu-

2455 3407 2552 3458 σης
2585 3391 2677 3442 ἐπὶ
2707 3390 2773 3444 τὰ
2795 3391 3031 3463 χείρονα.

2523 3482 2575 3533 6.
2603 3481 2712 3534 Καὶ
2742 3482 2838 3534 ἐπὶ
2858 3483 3145 3551 καθέδρας
3168 3483 3392 3547 λοιμῶν
3420 3487 3531 3538 οὐκ
3559 3483 3860 3538 ἐκάθισεν.
3883 3479 4030 3554 Ἀρα

2451 3573 2680 3637 ταύτας·
2715 3573 2860 3641 λέγει
2916 3576 3014 3637 τὰς
3069 3576 3370 3646 καθέδρας,
3422 3578 3506 3645 ἐφ’
3553 3572 3627 3629 ὧν
3675 3576 4029 3646 ἀναπαύομεν

2451 3669 2483 3736 ἡ
2495 3665 2608 3736 μῶν
2628 3665 2695 3718 τὰ
2726 3664 2982 3736 adipata;
3009 3667 3114 3719 Καὶ
3145 3668 3228 3728 τίς
3253 3670 3285 3738 ἡ
3310 3668 3414 3720 ἀπὸ
3446 3668 3539 3720 τοῦ
3571 3667 3725 3732 ξύλου
3755 3669 3867 3739 (29)
3895 3669 4028 3740 πρὸς

2453 3758 2726 3830 ἁμαρτίαν
2757 3758 3065 3829 μετάδοσις,
3096 3756 3237 3810 ὥστε
3269 3775 3333 3828 με
3368 3761 3465 3829 τὴν
3497 3761 3601 3812 ὑπὸ
3631 3761 3724 3813 τοῦ
3765 3763 4029 3833 ἁμαρτω-⁵

2451 3847 2544 3901 λοῦ
2587 3849 3129 3920 προκαταληφθεῖσαν
3172 3849 3438 3922 καθέδραν
3469 3849 3542 3913 ὼς
3576 3851 3844 3921 βλαδερὰν
3895 3856 4032 3906 ἀπο·

2454 3939 2673 4008 φεύγειν
2701 3958 2715 4006 ;
2748 3941 2817 3993 Ἢ
2859 3942 3098 4012 νομίζειν
3144 3943 3290 4012 ἡμεῖς
3333 3941 3436 4013 χρὴ
3472 3942 3738 4014 καθέδραν
3775 3943 4030 4012 λέγεσθαι

2452 4028 2551 4099 τὴν
2595 4032 2813 4101 ἑδραίαν
2859 4035 2954 4086 καὶ
3001 4033 3225 4102 μόνιμον
3258 4034 3315 4085 ἐν
3349 4037 3413 4104 τῇ
3464 4034 3639 4105 κρίσει
3698 4034 3796 4105 τῆς
3832 4036 4030 4099 κακίας

2453 4120 2763 4192 διατριϐήν;
2808 4125 2871 4176 Ὃ
2919 4125 3217 4191 φυλακτέον
3257 4126 3406 4195 ἡμῖν,
3437 4125 3568 4178 διότι
3613 4125 3674 4178 τὸ
3726 4126 4031 4194 φιλοπόνως

2455 4212 2888 4284 προσδιατρίϐειν
2921 4216 3039 4276 ταῖς
3083 4216 3376 4284 ἁμαρτίαις
3408 4216 3517 4277 ἕξιν
3552 4216 3669 4268 τινὰ
3711 4217 4029 4287 δυσκίνητον

2451 4309 2571 4369 ταῖς
2602 4304 2800 4375 ψυχαῖς
2844 4307 3080 4375 ἐμποιεῖ.
3131 4304 3443 4358 Παλαιωθὲν
3475 4305 3579 4376 γὰρ
3618 4307 3792 4368 πάοος
3824 4308 4028 4377 ψυχῆς,

2453 4400 2548 4453 καὶ
2562 4397 2734 4452 κακοῦ
2763 4397 2960 4468 μελέτη
2991 4397 3166 4468 χρόνῳ
3191 4397 3547 4468 βεϐαιωθεῖσα
3572 4398 3825 4463 δυσίατός
3847 4401 4021 4462 ἐστιν,

2452 4493 2484 4562 ἢ
2521 4492 2615 4545 καὶ
2641 4491 2859 4555 ἀνίατος
2883 4490 3181 4556 παντελῶς,
3211 4493 3291 4555 είς
3315 4490 3496 4561 φύσιν,
3521 4491 3598 4555 ὡς
3611 4491 3681 4546 τὰ
3713 4492 3909 4559 πολλὰ,
3935 4492 4028 4546 τοῦ

791 4599 908 4641 ram
936 4592 1194 4644 transeat,
1222 4581 1273 4636 id
1307 4583 1447 4650 quod
1472 4583 1786 4652 plerumque
1817 4583 2018 4638 evenit.
2045 4581 2348 4652 Optandum
2382 4625 2425 4678 Β
2455 4585 2474 4637 έ

2346 4611 2348 4633 ι
2382 4625 2425 4678 D
2455 4583 2607 4648 ἔθους
2662 4585 3074 4655 μεθισταμένου.
3110 4584 3285 4655 Εὑχῆς
3321 4585 3417 4655 μὲν
3446 4579 3536 4638 οὖν
3563 4584 3710 4651 ἄξιον
3744 4586 3820 4658 μὴ
3857 4603 4029 4658 προσ-

792 4676 955 4747 igitur
990 4672 1173 4738 fuerit,
1206 4683 1264 4728 ut
1289 4688 1358 4730 ne
1386 4676 1712 4742 attingamus
1736 4675 1956 4728 malum.
1981 4675 2234 4729 Attamen
2267 4689 2350 4728 se-

791 4770 963 4825 cunda
1012 4777 1255 4836 superest
1298 4767 1591 4836 navigatio,
1622 4777 1678 4821 ut
1703 4767 1885 4820 statim
1918 4776 2037 4837 post
2066 4767 2354 4835 experien-

795 4847 948 4915 tiam.
966 4861 1093 4915 illud
1128 4869 1380 4927 tanquam
1410 4858 1596 4914 bestiae
1633 4871 1909 4913 venenatae
1951 4858 2159 4928 plagam
2185 4856 2352 4911 decli-

793 4967 1002 5016 nemus,
1033 4954 1328 5007 secundum
1361 4951 1705 5007 Salomouem
1743 4950 1808 5002 de
1853 4950 2088 5018 improba
2126 4948 2350 5002 muliere

791 5043 1112 5100 scribentem
1141 5061 1156 5099 :
1192 5042 1275 5098 Ne
1303 5044 1510 5112 injicias
1547 5042 1758 5097 oculum
1791 5051 1937 5094 tuum
1985 5044 2040 5094 in
2090 5058 2226 5104 eam,
2261 5041 2349 5094 sed

792 5135 969 5201 rasili;
996 5150 1059 5188 ne
1084 5133 1381 5188 moreris“.
1412 5133 1475 5188 Et
1501 5148 1628 5189 vero
1654 5131 1918 5202 quosdam
1955 5130 2100 5195 novi,
2134 5132 2222 5200 qui
2255 5143 2351 5199 per

863 5290 942 5339 “t
976 5286 1102 5343 (or.
1138 5304 1202 5352 tt,
1232 5285 1285 5343 9.
1370 5285 1414 5317 “
1438 5285 1596 5341 Prov.
1629 5302 1708 5352 ix,
1734 5284 1822 5340 18.

860 5450 974 5575 ἓῗϐ)
1026 5450 1127 5505 Pro
1167 5449 1346 5502 πυκνά
1395 5447 1588 5517 legitur
1635 5450 1686 5504 in
1746 5448 2016 5516 aliquibus
2064 5463 2189 5501 mss.
2250 5465 2350 5500 πυ-

792 5539 973 5662 mg?)
1004 5591 1142 5646 Edit.
1179 5588 1467 5658 προτείνει.
1501 5587 1569 5640 At
1597 5604 1725 5643 mss.
1774 5603 1882 5642 non
1926 5587 2080 5658 pauci
2135 5587 2352 5659 προτεί-

790 5680 976 5802 “Es;
1005 5731 1094 5786 Sic
1121 5745 1250 5785 mss.
1281 5728 1518 5799 plurimi.
1551 5725 1752 5783 Vocula
1783 5730 1846 5780 ὲκ
1874 5728 1925 5780 in
1952 5726 2111 5782 editis
2137 5726 2350 5780 deside-

792 5814 973 5944 Νίξῶ
1005 5872 1142 5928 Editi
1169 5872 1276 5926 ἀπὸ
1300 5871 1478 5926 ξύλου.
1504 5871 1569 5925 At
1603 5885 1734 5927 mss.
1762 5867 1869 5922 ἀπὸ
1904 5867 1993 5921 τοῦ
2029 5867 2203 5932 ξύλου.

2460 4675 2697 4744 ἅψασθαι
2747 4675 2840 4728 τοῦ
2882 4675 3072 4728 κακοῦ.
3113 4674 3372 4740 Δεύτερος
3399 4675 3455 4729 δὲ
3486 4675 3670 4740 πλοῦς,
3699 4677 3860 4741 εὐθὺς
3893 4679 4029 4748 μετὰ

2457 4764 2554 4834 τὴν
2584 4767 2777 4835 πεῖραν
2803 4764 2990 4836 ὧσπερ
3016 4765 3217 4817 ἰοϐόλον
3255 4764 3469 4837 πληγὴν
3495 4766 3852 4836 ἀποφεύγειν,
3890 4769 4031 4822 κατά

2450 4855 2511 4907 τὸ
2539 4857 2920 4929 γεγραμμένον
2949 4856 3100 4928 παρὰ
3129 4857 3219 4910 τοῦ
3254 4859 3594 4928 Σολομῶντος
3637 4859 3766 4931 περὶ
3794 4861 3896 4932 τῆς
3929 4879 4029 4931 γυ-

2452 4949 2636 5013 ναικὸς
2667 4951 2765 5019 τῆς
2797 4950 3028 5020 φαύλης,
3077 4951 3156 5004 ὃτι
3194 4951 3289 5020 Μὴ
3327 4950 3664 5021 ἐπιστήσῃς
3715 4953 3834 5006 σὸν
3872 4954 4028 5024 ὄμμα

2453 5042 2599 5109 πρὸς
2612 5043 2824 5111 αὐτὴν,
2838 5044 2973 5098 ἀλλ’
2989 5029 3405 5114 ἀὲτοπήδησον
3416 5043 3501 5113 μὴ
3515 5044 3879 5114 ἐγχρονίσῃς
3894 5046 4026 5116 (30).

2454 5131 2566 5187 Νῦν
2612 5135 2668 5188 δὲ
2713 5131 2830 5188 οἶδά
2873 5153 3026 5201 τινας
3064 5139 3122 5190 ὲν
3162 5138 3371 5207 νεότητι
3418 5136 3553 5209 πρὸς
3583 5136 3654 5190 τὰ
3682 5136 3784 5206 τῆς
3829 5137 4028 5208 σαρκὸς

2522 5449 2632 5519 (50)
2660 5447 2835 5521 E:lit_io
2882 5447 3052 5502 Paris.
3091 5447 3164 5519 μὴ
3193 5451 3448 5520 χρονίσῃς
3484 5450 3542 5502 ἐν
3581 5448 3660 5518 τῷ
3689 5450 3864 5521 τόπῳ.
3919 5451 4024 5506 Sed

2451 5518 2694 5578 “illihé‘l
2731 5518 2809 5587 τῷ
2835 5521 3005 5587 τόπῳ,
3043 5521 3092 5570 in
3125 5518 3362 5574 editione
3393 5518 3559 5572 Basil.
3601 5535 3650 5570 t-t
3723 5524 3775 5575 in
3816 5518 4025 5577 nostris

2449 5604 2540 5641 sex
2574 5575 2707 5642 mss.
2742 5575 2907 5642 deest.
2955 5575 3029 5642 lix
3081 5603 3186 5657 quo
3239 5593 3315 5652 tit,
3351 5600 3430 5642 ¹ιιι
3467 5606 3530 5643 ex
3564 5589 3754 5646 Bibliis
3783 5575 4023 5644 additum

2449 5658 2615 5732 fuisse
2679 5659 2824 5732 credi
2871 5662 3079 5732 merito
3103 5659 3288 5732 possit.
3326 5660 3387 5712 Et
3423 5665 3548 5732 hch
3575 5663 3904 5725 notandum,
3933 5679 4026 5732 pro

2448 5728 2701 5814 χρονίσης
2730 5728 2828 5797 ιεςί
2870 5730 2921 5783 in
2955 5730 3188 5784 editione
3222 5728 3381 5785 Basil.
3440 5743 3489 5784 et
3539 5731 3590 5785 in
3634 5733 3838 5800 aliquot
3896 5728 4024 5788 mss.-

2449 5814 2788 5870 εγχρονισῃς.
