4262 6508
307 444 413 499 9ῗὸ

1492 452 1772 503 IIUMILIA
1812 460 1871 505 LV
1916 453 2243 506 ι’δλωιωι
2286 454 2323 505 Ι.

3415 463 3518 518 9.ἰεί

306 558 450 632 πάθη
490 561 1000 631 κατολισθήσαντας,
1026 565 1119 616 καὶ
1150 562 1308 635 μέχρι
1334 562 1523 628 πολιᾶς
1556 566 1667 636 (3|)
1698 568 1865 639 αὐτῆς
1896 580 1989 633 A's

1840 588 1865 634 ς
1896 580 2119 633 A'suatn
2144 567 2481 636 iuventutem
2528 572 2581 626 in
2632 576 2809 630 carnis
2840 576 2965 630 vitia
2997 578 3225 650 delapsi,
3260 579 3325 633 ad
3357 580 3523 649 ipsam

301 649 390 706 διὰ
416 653 701 724 συνήθειαν
730 650 823 705 τοῦ
858 653 1028 713 κακοῦ
1051 657 1170 716 ταῖς
1197 655 1493 726 ἁμαρτίαις
1523 658 1864 729 παραμένον-

299 760 417 808 τας.
466 746 551 807 Ὠς
599 742 706 814 γάρ
758 745 805 796 οἱ
870 745 928 796 ἐν
1003 745 1245 817 βορϐόρῳ
1294 747 1698 819 καλινδούμενοι
1751 750 1861 819 (52)

298 838 468 906 χοῖροι
490 834 575 886 ἀεὶ
599 834 1061 903 προσπλάττουσιν
1092 839 1301 901 ἑαυτοῖς
1330 839 1420 892 τὸν
1461 840 1629 909 πηλόν
1648 856 1661 869 ⁸
1690 840 1861 904 οὕτως

299 922 442 980 οὗτοι
471 925 529 977 τὸ
552 927 614 978 ἐκ
645 928 741 997 τῆς
775 927 965 999 ἡδονῆς
997 926 1183 997 αἶσχος
1224 930 1345 984 καθ’
1380 932 1615 1001 ἑκάστην
1653 932 1863 1003 ἡμέραν

298 1019 860 1089 προσαναμάσσονται.
913 1020 1196 1090 Μακάρων
1253 1023 1350 1092 μὲν
1396 1018 1488 1074 οῦν
1520 1022 1578 1074 τὸ
1626 1021 1702 1093 μὴ
1750 1023 1863 1076 δια-

297 1106 549 1177 νοηθῆναι
582 1109 642 1161 τὸ
688 1110 951 1181 πονηρόν
996 1110 1044 1162 εί
1097 1111 1151 1164 δὲ
1197 1113 1336 1166 κατὰ
1370 1114 1722 1186 συναρπαγὴν
1766 1114 1859 1167 τοῦ

296 1195 488 1269 ἐχθροῦ
520 1198 685 1262 ἐδέξω
709 1204 772 1272 τῇ
795 1202 937 1272 ψυχῇ
969 1200 1305 1274 βουλεύματα
1332 1203 1607 1268 ἀσεϐείας,
1635 1204 1708 1276 μὴ
1732 1208 1861 1274 στῇς

296 1291 388 1344 ἐπὶ
421 1292 516 1361 τῆς
564 1292 854 1363 ἁμαρτίας.
894 1295 955 1348 Εἰ
996 1296 1051 1348 δὲ
1094 1295 1186 1347 καὶ
1230 1295 1385 1348 τοῦτο
1430 1297 1724 1360 πέπονθας,
1785 1297 1859 1367 μὴ

294 1382 603 1453 ἐνιδρυνθῇς
631 1385 707 1456 τῷ
739 1387 909 1457 κακῷ.
940 1389 1028 1457 Μὴ
1061 1386 1237 1439 τοίνυν
1270 1386 1539 1459 καθεσθῇς
1576 1389 1666 1441 ἐπὶ
1718 1389 1850 1441 καθ-

294 1474 451 1543 έδρας
470 1474 568 1543 τῆς
598 1477 704 1531 τῶν
729 1478 950 1549 λοιμῶν.
979 1478 1039 1530 El
1066 1478 1173 1550 (55)
1202 1480 1429 1551 ἐνόησας
1458 1480 1719 1555 καθέδραν
1737 1482 1858 1537 τίνα

294 1567 686 1639 φησὶνὸλὸγος,
718 1573 798 1623 ὅτι
843 1570 941 1638 τὴν
961 1568 1155 1641 διαρκῆ
1181 1571 1326 1639 λέγει
1357 1572 1447 1625 τοῦ
1476 1573 1646 1626 κακοῦ
1687 1592 1853 1645 προσ-

293 1656 493 1726 εδρίαν,
522 1659 773 1724 ἐξέτασον
798 1659 982 1714 λοιπὸν
1006 1663 1162 1724 τίνας
1192 1662 1441 1731 ὠνόμασε
1468 1662 1595 1725 τοὺς
1615 1662 1851 1732 λοιμούς.

290 1747 424 1802 Φασὶ
463 1751 525 1819 δὴ
563 1752 652 1803 τὸν
698 1751 885 1821 λοιμὸν
930 1752 978 1804 οἱ
1026 1753 1152 1821 περὶ
1196 1753 1367 1805 ταῦτα
1419 1752 1601 1816 δεινοὶ,
1639 1755 1856 1807 ἐπειδὰν

290 1839 407 1904 ἐνὸς
430 1840 711 1913 ἀνθρώπου
746 1842 776 1914 ἢ
806 1844 1032 1914 κτήνους
1065 1843 1289 1914 ἅψηται,
1322 1844 1462 1897 κατὰ
1499 1845 1732 1898 διάδοσιν
1765 1846 1855 1899 ἐπὶ

290 1935 497 1999 πάντας
546 1938 671 2001 τοὺς
716 1937 1031 2008 ἐγγίζοντας
1090 1938 1472 2007 διανέμεσθαι·
1526 1939 1686 2008 φύσιν
1744 1939 1851 2012 γὰρ

287 2024 424 2079 εἶναι
459 2029 556 2097 τῆς
583 2028 735 2081 νόσου
763 2030 1035 2102 τοιαύτην,
1059 2030 1119 2084 τὸ
1151 2030 1209 2096 ἐξ
1233 2030 1475 2102 ἀλλήλων
1500 2032 1705 2095 πάντας
1733 2032 1854 2085 ἁνα-

286 2117 593 2187 πιμπλάναι
623 2119 719 2187 τῆς
747 2122 1071 2191 ἀρρωστίας.
1109 2122 1349 2176 Τοιοῦτοι
1376 2122 1433 2174 δέ
1455 2123 1597 2186 τινές
1631 2125 1734 2177 είσι
1762 2124 1853 2176 καὶ

284 2209 333 2260 oi
376 2208 602 2280 ἐργάται
624 2210 725 2279 τῆς
746 2212 993 2281 ἀνομίας.
1036 2214 1227 2277 ’Ἄλλος
1257 2215 1365 2286 γὰρ
1391 2215 1534 2286 ἁλλῳ
1562 2216 1661 2285 τῆς
1690 2217 1847 2271 νόσου

287 2302 654 2372 μεταδιδόντες
688 2303 1028 2357 συννοσοῦσιν
1053 2305 1302 2376 ἀλλήλοις
1322 2350 1336 2373 ,
1367 2309 1462 2362 καὶ
1492 2310 1853 2363 συναπόλλυν-

282 2410 389 2447 ται.
430 2394 499 2446 Ἢ
523 2396 619 2465 οὐχ
659 2397 788 2466 δρᾷς
818 2398 942 2458 τοὺς
979 2396 1206 2468 πόρνους
1238 2401 1358 2463 τοὺς
1388 2403 1479 2453 ἐπὶ
1517 2403 1614 2473 τῆς
1649 2404 1853 2475 ἀγορᾶς

283 2486 643 2559 καθημένους,
686 2489 780 2541 καὶ
824 2489 1239 2557 καταγελῶντας
1272 2491 1378 2544 τῶν
1412 2496 1849 2565 σωφρονούντων,

282 2580 377 2632 καὶ
408 2580 792 2651 διηγουμένους
826 2582 1035 2636 ἑαυτῶν
1064 2582 1130 2636 τὰ
1155 2584 1254 2654 τῆς
1286 2585 1547 2655 αἰσχύνης
1580 2587 1741 2657 ἔργα,
1785 2591 1852 2643 τὰ

281 2669 373 2721 τοῦ
402 2671 622 2733 σκότους
645 2674 1073 2745 ἐπιτηδεύματα,
1115 2675 1209 2728 καὶ
1235 2676 1301 2729 τὰ
1325 2676 1466 2749 πάθη
1498 2679 1597 2749 τῆς
1630 2682 1850 2752 ἀτιμίας

283 2762 795 2833 ἁπαριθμουμένους
817 2766 889 2830 ὡς
918 2769 1213 2838 ἀριστείας,
1245 2771 1277 2841 ἡ
1301 2788 1452 2834 τινας
1482 2772 1646 2836 ἄλλας
1666 2774 1853 2845 ἀνδρα-

280 2855 508 2923 γαθία;;
545 2849 702 2909 Οὗτοί
732 2860 868 2909 εἰσιν
896 2862 942 2910 οί
975 2859 1151 2930 λοιμοὶ
1182 2864 1231 2915 οἱ
1266 2862 1327 2915 τὸ
1371 2863 1500 2916 ἴδιον
1545 2864 1710 2917 κακὸν
1760 2866 1852 2919 ἐπὶ

282 2949 486 3010 πάντας
503 2948 653 3015 ἄγειν
670 2948 1114 3017 φιλονεικοῦντες,
1146 2954 1238 3004 καὶ
1255 2954 1481 3020 πολλοὺς
1508 2957 1718 3021 ἑαυτοῖς
1739 2958 1850 3029 (54)

280 3039 692 3110 παραπλησίους
720 3040 972 3108 γενέσθαι
1025 3043 1487 3116 φιλοτιμούμενοι,
1536 3049 1622 3101 ἴνα
1676 3050 1733 3102 ἐν
1784 3052 1847 3121 τῇ

280 3131 532 3202 κοινωνία
553 3132 661 3184 τῶν
688 3133 873 3186 κακῶν
903 3134 1207 3204 διαφύγωσι
1237 3138 1304 3191 τὰ
1332 3140 1527 3211 ὀνείδη.
1572 3140 1707 3195 Οῦτε
1744 3142 1849 3213 γὰρ

1968 675 2139 731 usque
2180 662 2430 717 canitiem
2464 663 2515 715 in
2549 667 2785 733 peccatis
2821 678 3037 736 propter
3078 673 3203 724 ntali
3238 682 3525 726 consuetu-

1966 757 2145 809 dinem
2191 767 2693 824 perseveraverunt.
2728 758 3186 827 Quemadmodum
3225 766 3366 821 enim
3402 780 3526 820 sues

1966 851 2056 915 qui
2095 862 2218 903 sese
2250 847 2300 901 in
2335 864 2491 905 emno
2539 850 2847 917 obvolvunt,
2889 868 3102 923 semper
3124 857 3289 925 magis
3318 873 3380 913 ac
3411 874 3526 912 ma-

1967 940 2045 1007 gis
2073 940 2185 995 luto
2212 952 2573 1010 asperguntur
2599 962 2611 996 .'
2645 944 2724 999 sic
2755 944 2791 999 ii
2842 947 3079 1014 quotidie
3112 949 3282 1018 magis
3308 965 3371 1004 ac
3412 968 3524 1004 ma-

1966 1028 2046 1096 gis
2079 1030 2370 1101 voluptatis
2402 1033 2502 1085 sibi
2526 1035 2757 1090 dedecus
2787 1036 3029 1091 inurunt.
3053 1037 3334 1095 Beatitudo
3365 1042 3525 1112 igitur

1963 1129 2044 1171 est
2075 1122 2273 1177 malum
2330 1136 2435 1177 non
2487 1128 2797 1193 cogitasse:
2832 1128 2875 1183 si
2929 1137 3106 1182 tamen
3154 1132 3355 1187 inimici
3404 1135 3525 1188 dolo

1963 1208 2183 1263 consilia
2234 1210 2522 1281 impietatis
2568 1217 2835 1283 receperis
2878 1218 2929 1271 in
2978 1220 3177 1282 anima,
3215 1236 3282 1275 ne
3309 1228 3523 1280 steteris

1964 1298 2012 1349 in
2042 1310 2280 1367 peccato.
2320 1304 2470 1371 Quod
2518 1306 2561 1361 si
2592 1306 2756 1361 etiam
2805 1306 2857 1361 id
2887 1308 2977 1362 tibi
3010 1311 3258 1379 contigit,
3292 1312 3343 1368 in
3382 1318 3523 1370 malo

1963 1405 2027 1442 ne
2061 1406 2394 1459 permaneas.
2427 1396 2501 1449 Ne
2540 1398 2705 1467 igitur
2733 1398 2939 1455 sederis
2971 1401 3019 1456 in
3071 1405 3323 1459 cathedra
3354 1411 3523 1477 peSti-

1960 1484 2270 1539 lentiarum.
2315 1485 2371 1540 Si
2414 1488 2735 1545 intellexisti
2767 1509 3053 1563 quamnam
3093 1498 3409 1553 cathedram
3436 1502 3518 1555 di-

1958 1588 2044 1631 cat
2072 1578 2371 1650 Scriptura,
2404 1580 2655 1635 nimirum
2692 1583 2899 1653 longam
2931 1588 2981 1640 in
3010 1592 3149 1646 malo
3175 1607 3509 1663 perseverat;

1959 1670 2105 1735 tiam,
2138 1673 2203 1727 de
2253 1683 2449 1728 caetero
2496 1675 2750 1744 exquiras
2798 1677 2955 1732 velim
3010 1695 3141 1749 quas
3184 1685 3510 1752 pestilentia:

1959 1762 2218 1815 nominet.
2265 1765 2428 1820 Aiunt
2462 1766 2718 1823 harumce
2754 1782 2931 1822 rerum
2974 1772 3127 1840 periti
3175 1784 3397 1842 pestem,
3426 1779 3512 1831 ubi

1959 1865 2119 1903 ttnum
2155 1852 2446 1919 hominem,
2474 1867 2565 1911 aut
2587 1858 2889 1926 jumentum
2913 1863 3170 1932 attigerit,
3199 1865 3250 1919 in
3276 1882 3517 1938 quosque

1957 1944 2228 2011 proximos
2280 1961 2372 2011 per
2417 1949 2563 2004 vices
2600 1966 2844 2021 serpere;
2900 1957 3232 2010 contendunt
3280 1973 3515 2029 namque

1956 2034 2111 2101 hujus
2168 2038 2337 2091 morbi
2391 2048 2637 2093 naturam
2699 2044 2853 2097 talem
2914 2058 3055 2112 esse,
3089 2059 3144 2103 ut
3177 2065 3362 2107 omnes
3396 2068 3515 2109 sese

1955 2139 2139 2183 mutuo
2183 2132 2502 2201 aegritudine
2543 2135 2804 2204 repleant.
2839 2138 2996 2195 Tales
3043 2144 3223 2210 itaque
3265 2156 3391 2201 sunt
3421 2149 3517 2201 ini-

1955 2221 2182 2290 quitatis
2228 2226 2482 2293 operarii.
2526 2225 2659 2281 Nam
2689 2228 2827 2283 alter
2864 2231 3016 2286 alteri
3042 2236 3285 2289 morbum
3318 2237 3513 2307 imper-

1959 2313 2153 2368 tientes
2201 2327 2462 2386 aegrotant
2505 2320 2684 2385 simul,
2733 2322 3001 2393 simulque
3048 2338 3293 2398 pereunt.
3326 2329 3512 2385 Nonne

1954 2404 2185 2459 cinaedos
2215 2407 2481 2478 conspicis
2509 2411 2559 2463 in
2587 2410 2704 2467 foro
2733 2416 3006 2478 sedentes,
3043 2419 3131 2487 qui
3166 2430 3347 2475 castos
3379 2438 3510 2491 quo-

1953 2512 2057 2564 que
2093 2496 2339 2565 irrident,
2368 2503 2565 2571 quique
2592 2519 2686 2557 sua
2721 2507 3063 2573 turpitudinis
3096 2526 3255 2580 opera
3284 2527 3509 2568 narran-

1954 2599 2056 2655 tes,
2104 2591 2449 2647 tenebrarum
2497 2596 2671 2649 studia
2702 2607 2755 2651 et
2786 2600 3102 2666 cupiditates
3132 2602 3511 2671 ignominiosos

1954 2690 2203 2751 tanquam
2243 2684 2507 2752 praeclare
2547 2696 2717 2756 gesta,
2756 2698 2846 2742 aut
2890 2689 2994 2743 alia
3029 2694 3271 2761 quzedam
3297 2698 3510 2767 egregia

1952 2770 2189 2827 facinora
2219 2776 2681 2832 commemorant?
2711 2776 2895 2835 Pestes
2923 2792 3050 2837 sunt
3089 2784 3145 2851 ii,
3172 2786 3262 2856 qui
3309 2788 3363 2841 in
3396 2805 3510 2844 om-

1953 2880 2048 2919 nes
2082 2867 2458 2924 transfundere
2485 2881 2747 2924 conantur
2777 2874 3048 2942 proprium
3089 2877 3351 2944 morbum,
3378 2882 3511 2934 ntul-

1954 2962 2141 3022 tosque
2173 2954 2271 3007 sibi
2309 2956 2515 3011 similes
2544 2961 2656 3013 lieri
2691 2977 3015 3033 magnopere
3041 2966 3283 3035 cupiunt,
3313 2979 3370 3023 ut
3416 2988 3510 3041 per

1958 3040 2097 3096 hanc
2133 3044 2393 3097 malorum
2427 3052 2966 3107 communicationem
3002 3055 3274 3113 infantiam
3318 3040 3508 3118 vitent.

1952 3130 2085 3184 Nam
2138 3147 2310 3202 neque
2364 3134 2502 3203 ignis
2556 3139 2835 3193 materiam
2873 3145 3227 3213 suscipienda:
3281 3147 3511 3207 ﬂamma:

278 3221 389 3293 πῦρ
417 3224 866 3296 εὐκαταπρήστου
890 3225 1020 3297 ὕλης
1047 3227 1320 3297 ἁψάμενον
1347 3229 1571 3283 δυνατὸν
1622 3231 1697 3302 μὴ
1728 3233 1847 3302 οὐχ).
1876 3256 1916 3313 C

1827 3233 1916 3313 γε
1954 3223 2194 3277 idoneam
2232 3234 2441 3291 nactus,
2478 3228 2719 3283 cohiberi
2769 3243 2961 3298 potest,
2993 3230 3282 3305 quominus
3333 3242 3510 3297 subsi-

278 3316 368 3367 ἐπὶ
419 3318 599 3370 πᾶσαν
646 3319 814 3387 αὐτὴν
852 3319 1121 3387 διαϐῆναι,
1167 3320 1340 3382 ἄλλως
1374 3338 1433 3373 τε
1468 3321 1567 3375 κᾶν
1618 3324 1845 3394 ἐπιτύχῃ

276 3408 584 3479 πνεύματος
611 3410 868 3480 ὲπιφόρου
897 3412 995 3481 τὴν
1024 3411 1195 3479 φλόγα
1252 3412 1659 3482 διακομίζοντος
1682 3431 1693 3442 ·
1722 3414 1845 3467 οὔτε

274 3500 372 3571 τὴν
415 3502 705 3571 ἁμαρτίαν,
746 3500 863 3564 ἐνὸς
904 3503 1207 3573 ἁψαμένην,
1257 3504 1331 3574 μὴ
1361 3504 1480 3575 οὐχὶ
1515 3507 1605 3559 ἐπὶ
1642 3505 1847 3571 πάντας

273 3592 399 3653 τοὺς
443 3590 757 3659 ἑγγίζοντας
813 3591 1059 3657 διελθεῖν,
1117 3593 1457 3658 ἐξαπτόντων
1514 3596 1682 3665 αὐτὴν
1739 3596 1846 3649 τῶν

274 3684 599 3753 πνευμάτων
657 3684 755 3753 τῆς
818 3685 1102 3756 πονηρίας.
1155 3684 1227 3737 Τὸ
1278 3684 1387 3757 γὰρ
1437 3687 1537 3756 τῆς
1593 3684 1845 3757 πορνείας

276 3776 491 3845 πνεῦμα
518 3778 617 3830 οὐκ
641 3777 888 3847 ἀνέχεται
917 3779 973 3829 ἐν
1010 3776 1087 3848 τῷ
1115 3777 1197 3830 ἐνὶ
1241 3778 1431 3849 στῆναι
1463 3778 1572 3849 (55)
1610 3778 1708 3851 τὴν
1731 3779 1845 3832 άτι-

276 3865 426 3934 μίαν,
446 3866 557 3919 ἀλλ’
579 3867 737 3931 εὐθὺς
759 3868 1040 3939 ἡλικιῶται
1060 3869 1613 3941 συμπαρελήφθησαψ
1646 3868 1840 3940 κῶμοι,

272 3958 369 4012 καὶ
386 3958 577 4029 μέθαι,
595 3961 687 4012 καὶ
708 3962 905 4031 αἰσχρὰ
935 3962 1264 4032 διηγήματαδ
1294 3963 1483 4033 ἑταίρα
1509 3961 1623 4032 (56)
1643 3962 1843 4033 συμπί-

271 4069 457 4113 νουσα,
491 4051 663 4122 τούτῳ
695 4054 1119 4123 προσμειδιῶσα,
1158 4056 1407 4108 κάκεῖνον
1444 4055 1839 4126 διερεθίζουσα,

272 4146 367 4197 καὶ
393 4145 601 4207 πάντας
633 4144 767 4215 πρὸς
794 4145 892 4215 τὴν
915 4145 1082 4214 αὐτὴν
1109 4146 1384 4216 ἁμαρτίαν
1435 4148 1837 4216 συμφλέγουσα.

269 4229 417 4303 ’Δρα
459 4234 652 4304 μικρὸς
675 4236 702 4286 ὁ
727 4234 914 4304 λοιμὸς
942 4230 1114 4299 οὗτος,
1151 4235 1183 4306 ἢ
1212 4237 1383 4306 μικρὰ
1429 4237 1461 4306 ἡ
1491 4237 1723 4301 διάδοσις
1746 4238 1840 4291 τοῦ

270 4325 474 4392 taxat);
507 4326 570 4378 Τί
610 4326 685 4393 δὲ,
726 4327 754 4377 ὁ
800 4327 889 4378 τὸν
932 4326 1257 4396 πλεονέκτην
1292 4325 1489 4397 ζηλῶν,
1519 4328 1550 4398 ἢ
1586 4327 1614 4378 ὁ
1646 4328 1735 4381 τὸν
1781 4329 1839 4393 ἐξ

272 4416 437 4488 ἄλλης
460 4417 601 4481 τινὸς
631 4417 893 4489 πονηρίας
926 4419 1195 4489 περιφανῆ
1222 4436 1343 4471 τινα
1385 4419 1665 4490 πολιτικὴν
1686 4420 1838 4473 δυνα-

273 4509 453 4561 στείαν
509 4508 985 4581 περιϐεϐλημένον,
1032 4509 1063 4580 ἢ
1125 4509 1292 4563 ἐθνῶν
1348 4510 1642 4580 ἡγεμονίαν
1692 4511 1839 4582 ἔχον-

1951 3311 2045 3365 liat
2086 3313 2150 3366 ad
2200 3316 2504 3370 universam
2537 3340 2549 3374 :
2587 3320 2844 3387 maxime,
2889 3322 2940 3379 si.
2980 3326 3271 3384 vehemens
3321 3343 3507 3391 ventus

1952 3404 2584 3460 translundatllammatn
2616 3425 2630 3462 :
2663 3424 2838 3481 neque
2863 3412 2979 3469 ﬁeri
3006 3426 3198 3485 potest,
3230 3430 3289 3476 ut
3316 3437 3507 3493 pecca-

1951 3506 2082 3565 tum,
2120 3498 2261 3566 quod
2293 3514 2456 3553 unum
2492 3500 2723 3571 aliquem
2772 3506 3033 3578 attigerit,
3070 3510 3135 3565 ad
3162 3527 3349 3569 omnes
3378 3515 3510 3571 vici-

1946 3604 2043 3645 nos
2075 3606 2176 3645 non
2215 3600 2468 3661 transeat,
2516 3595 2560 3649 si
2614 3600 2866 3667 nequitia:
2894 3604 3115 3669 spiritus
3154 3603 3281 3657 illud
3316 3619 3509 3661 accen-

1944 3684 2091 3738 dant.
2130 3682 2345 3739 Manere
2386 3687 2526 3740 enim
2576 3687 2629 3741 in
2685 3706 2791 3743 uno
2840 3692 3173 3761 iniquitatem
3225 3711 3329 3751 non
3380 3699 3507 3756 sinit

1944 3774 2164 3840 Spiritus
2214 3778 2408 3844 stupri,
2458 3778 2550 3830 sed
2623 3780 2806 3832 statim
2859 3784 3024 3836 coaevi
3091 3788 3502 3859 consociantur;

1944 3867 2406 3933 comessationes,
2484 3868 2815 3937 ebrietates,
2900 3889 3175 3933 sermones
3250 3880 3503 3949 obsceni;

1943 3968 2181 4007 scortum
2233 3965 2589 4025 compotans,
2628 3958 2751 4015 huic
2795 3963 3059 4031 arridens,
3118 3967 3267 4023 illttm
3320 3985 3507 4039 provo-

1944 4062 2094 4110 cans,
2139 4048 2203 4101 ad
2257 4048 2394 4102 idem
2426 4062 2707 4117 peccatmn
2756 4057 3065 4112 accendens
3102 4074 3313 4118 omnes.
3361 4062 3499 4119 Num

1945 4154 2106 4206 parva
2159 4140 2273 4195 haec
2326 4143 2666 4208 pestilentia,
2717 4160 2845 4200 num
2897 4149 3106 4205 modica
3150 4150 3335 4210 istbtec
3382 4173 3503 4227 pec-

1942 4232 2043 4283 cati
2099 4234 2385 4303 contagio?
2419 4234 2556 4301 Quid
2602 4250 2751 4303 vero,
2779 4238 3022 4308 quisquis
3077 4259 3295 4302 avarum
3338 4265 3500 4306 annu-

1942 4322 2099 4386 latur,
2148 4334 2239 4375 aut
2301 4339 2471 4389 eum,
2537 4325 2627 4393 qui
2687 4341 2783 4394 per
2853 4330 3068 4401 aliquod
3117 4338 3259 4393 aliud
3324 4343 3501 4399 scelus

1940 4413 2284 4480 conspicuam
2337 4418 2625 4483 quamdam
2703 4436 2766 4477 ac
2844 4423 3055 4478 civilem
3122 4431 3498 4489 auctoritatem

1941 4503 2166 4571 adeptus
2206 4513 2322 4571 est,
2378 4518 2470 4559 aut
2520 4510 2756 4575 gentium
2820 4514 2985 4569 habet
3056 4516 3363 4587 imperium,
3409 4532 3502 4577 aut

269 4620 358 4663 τα,
416 4602 449 4673 ἢ
510 4603 880 4673 στρατοπέδων
930 4602 1182 4673 ἄρχοντα,
1224 4598 1343 4655 εἶτα
1383 4607 1494 4667 τοῖς
1540 4605 1835 4673 αἰσχίστοις
1871 4611 1952 4666 Di

1817 4623 1835 4668 ς
1871 4613 1910 4666 υ
1940 4598 2272 4651 exercituum
2312 4598 2415 4651 dux
2450 4610 2554 4663 est,
2582 4604 2773 4657 deinde
2822 4607 2865 4659 si
2919 4606 3200 4665 allectibus
3256 4614 3500 4683 turpissi-

270 4694 497 4747 πάθεσιν
562 4695 964 4766 ἐμφυρόμενον,
1021 4697 1139 4765 οὐχὶ
1207 4698 1340 4767 αὐτῇ
1398 4700 1462 4769 τῇ
1536 4697 1679 4767 ψυχῇ
1740 4696 1829 4749 τὸν

268 4782 452 4853 λοιμὸν
522 4784 851 4856 παρεδέξατο
882 4823 896 4845 ,
963 4783 1021 4835 τὸ
1084 4784 1177 4837 τοῦ
1256 4785 1585 4855 ζηλουμένου
1664 4785 1827 4838 κακὸν

266 4878 464 4928 οἰκεῖον
517 4875 877 4945 ποιούμενος;
918 4876 982 4927 Αἱ
1031 4875 1137 4946 γὰρ
1189 4875 1328 4927 κατὰ
1378 4877 1468 4928 τὸν
1523 4876 1637 4944 βίον
1688 4876 1827 4945 λαμ-

268 4968 533 5039 πρότητες
588 4968 1066 5035 συναναφαίνουσιν
1120 4967 1231 5037 (57)
1291 4967 1510 5029 ἑαυταῖς
1568 4967 1829 5029 καὶτοὺς

270 5060 415 5130 βίους
442 5058 549 5111 τῶν
583 5060 980 5129 περιϐλέπτωνο
1027 5059 1121 5111 καὶ
1162 5057 1486 5128 στρατιῶται
1532 5059 1629 5128 μὲν
1662 5058 1736 5121 ὠς
1768 5059 1835 5111 τὰ

270 5151 437 5205 πολλὰ
475 5153 584 5212 τοῖς
625 5151 1117 5222 στρατοπεδάρχαις
1148 5149 1549 5220 ἐξομοιοῦνταιο
1594 5152 1642 5202 oi
1685 5150 1740 5202 δὲ
1774 5153 1833 5203 ἐν

336 5308 446 5392 t5!)
481 5305 617 5359 Editi
644 5303 803 5375 μέχρι
823 5304 1096 5375 τελευτῆς.
1123 5306 1191 5359 At
1222 5322 1350 5362 mss.
1400 5316 1629 5376 quatuor
1661 5304 1825 5376 μέχρι

264 5396 617 5515 ποῗέῗὶῖῐῖθπ.
671 5448 857 5499 tertius
908 5456 966 5499 et
1006 5444 1185 5517 Coisl.
1228 5445 1654 5517 κυλινδούμενοι.
1707 5446 1821 5517 Vox

263 5522 438 5594 χοῖροι
478 5519 628 5570 deest
685 5519 742 5594 in_
795 5532 926 5594 mss.
960 5516 1290 5594 _ttpnn.nllis._
1322 5518 1610 5594 Aliquanto
1658 5516 1818 5594 inira,

266 5584 406 5641 κατὰ
442 5587 791 5665 συναρπαγην
826 5584 916 5638 τοῦ
940 5584 1183 5665 ἐχθροῦ,
1228 5586 1292 5639 ad
1342 5589 1581 5665 verbum,
1620 5589 1820 5665 ,Πάρι-ς-

264 5661 435 5725 ptione
465 5656 665 5711 inimici
694 5672 711 5709 :
745 5659 843 5710 huc
873 5663 971 5716 est.
1003 5656 1218 5722 fallacia
1271 5666 1318 5709 et
1360 5656 1495 5708 malo
1541 5657 1662 5709 dolo
1712 5658 1817 5708 ini-

265 5742 445 5858 ³⁷1ιίῖῗζῦ)
472 5793 560 5848 Sic
584 5809 710 5847 mss.
748 5794 931 5847 nostri.
970 5796 1037 5847 At
1060 5795 1186 5846 editi
1220 5794 1339 5845 ἐπεὶ
1361 5791 1428 5845 εἰ.

335 5866 447 5936 154)
476 5866 565 5919 Sic
616 5876 742 5917 tttss.
776 5868 841 5916 At
897 5879 1025 5918 vero
1053 5864 1181 5917 editi
1229 5864 1524 5927 αὐτοῖς.....
1550 5865 1813 5935 γίνεσθαι.

577 5958 843 6017 ΡΑτιιοι..
892 5955 1009 6017 Gn.
1056 5955 1293 6016 XXIX.

1941 4688 2043 4740 mis
2087 4690 2483 4746 contaminatus
2537 4692 2721 4759 fuerit,
2771 4712 2950 4751 nonne
3002 4698 3052 4751 in
3081 4702 3258 4754 anitno
3286 4708 3498 4776 excepit

1935 4779 2041 4849 97
2064 4789 2287 4849 pestem,
2316 4793 2449 4849 tum,
2481 4800 2603 4838 cum
2637 4787 2833 4841 tnalum
2866 4787 2981 4855 ejus
3005 4805 3160 4859 quem
3190 4796 3495 4862 tumulatur,

1937 4874 2209 4941 preprium
2261 4876 2364 4928 sibi
2425 4877 2691 4931 reddidit?
2726 4878 2857 4933 Nam
2894 4891 2944 4935 et
2991 4882 3155 4938 vitam
3186 4901 3372 4941 eorum
3406 4890 3498 4959 qui

1937 4964 2160 5029 clarent,
2188 4978 2370 5019 secum
2398 4968 2686 5023 ostendunt
2717 4969 2819 5024 illa:
2853 4972 2984 5042 ipsa:
3009 4975 3303 5044 dignitates
3329 4980 3449 5035 vita:
3479 5000 3493 5036 :

1938 5064 1991 5109 et
2023 5055 2219 5110 milites
2255 5058 2467 5125 quidem
2508 5059 2817 5131 plerumque
2842 5066 3148 5122 consimiles
3184 5078 3308 5123 sunt
3338 5071 3492 5127 duci-

1939 5148 2073 5215 bus;
2108 5148 2289 5217 populi
2327 5164 2457 5204 vero
2486 5149 2538 5204 in
2568 5151 2875 5211 civitatibus
2899 5157 3180 5213 imitantur
3207 5162 3494 5231 magistra-

1928 5303 2186 5377 Mottiduo
2214 5320 2343 5361 mss.
2372 5306 2722 5377 διαφεύγωσι.

1998 5375 2111 5451 (55)
2139 5375 2480 5453 Οοίει.9ιιιιι⁷
2510 5375 2641 5453 ῌεὲε.
2705 5382 2861 5435 tertio
2916 5385 3125 5453 στῆναι.
3181 5385 3322 5444 Etliti
3369 5407 3490 5447 cum

1927 5444 2045 5532 aliis
2097 5461 2227 5532 mss.
2261 5447 2471 5532 στῆσαι.
2518 5444 2753 5532 _lu't.n.ss.
2792 5444 3057 5532 nonnullis
3107 5472 3216 5532 pro
3249 5444 3491 5532 empta;

1927 5515 2427 5596 legiturgpaprlav
2462 5536 2476 5572 :
2516 5519 2568 5596 in
2597 5520 2721 5596 aliis
2748 5522 3063 5596 quibusdam
3095 5515 3347 5596 ἇνομίαν.

1997 5586 2108 5666 ςῦϐ)
2145 5586 2283 5653 Reg.
2314 5590 2499 5666 tertius
2538 5587 2733 5666 ἑταίρα
2767 5586 2948 5663 ’τούτῳ
2995 5586 3354 5666 συμπίνουσα,
3393 5602 3490 5655 κὰ-

1925 5653 2098 5724 κείνῳ
2120 5656 2541 5726 προσμειδιῶσα,
2580 5653 2751 5730 τούτῳ
2809 5653 3249 5737 προσομιλοῦσα,

1924 5740 2032 5787 νον,
2072 5736 2178 5778 etc.

2000 5794 2112 5883 ($7)
2162 5796 2250 5853 Sic
2307 5812 2437 5855 mss.
2478 5798 2719 5871 plerique
2774 5816 2983 5859 omnes.
3027 5806 3165 5863 Editi
3193 5812 3492 5883 συνεμφαί-

1927 5882 2126 5922 νουσιν.

3120 5970 3157 6030 8
