4260 6492
824 417 920 466 227
2112 412 2164 460 ὁ.
2211 411 2447 461 B.\Sll.ll
2487 410 2695 459 MACNI

3929 412 4031 463 2:28

809 543 911 585 tus.
950 532 1012 583 Et
1044 531 1091 581 in
1119 543 1344 589 sumina,
1381 529 1464 580 tibi
1492 527 1646 576 ttnitls
1676 525 1849 577 scelus
1879 525 2016 591 plebi
2046 525 2216 575 visum
2244 524 2356 578 fue-
2390 535 2429 585 Α
2463 541 2489 573 τ

2349 535 2429 585 ρΑ
2463 527 2576 584 ταῖς
2628 525 2810 576 πόλεσι
2868 524 3026 591 δῆμοι
3075 520 3289 592 ζηλοῦσι
3333 524 3458 586 τοὺς
3513 523 3570 576 ὲν
3620 522 3866 592 δυνάμει.
3922 524 4031 577 Καὶ

803 620 872 670 rit
908 618 1204 671 imitatione
1234 617 1450 685 dignum
1474 657 1486 676 ,
1526 616 1741 683 proprie
1771 623 1821 666 ct
1856 625 1999 668 recte
2029 614 2206 681 aliqua
2236 616 2355 668 ani—

798 721 1003 758 marum
1029 707 1193 772 pestis
1218 708 1267 759 in
1298 708 1398 758 vita
1426 717 1642 760 exstare
1661 706 1887 759 dicetur.
1916 704 2192 760 Claritudo
2214 707 2354 761 enim

797 792 1354 862 improbitatijuucta,
1392 793 1586 846 multos
1613 808 1796 846 eorum
1839 794 1926 862 qui
1975 793 2130 848 facile
2171 794 2359 851 labun-

796 893 903 946 tur,
941 886 1006 939 ad
1053 887 1229 939 simile
1269 887 1501 940 studium
1551 889 1736 940 trahit.
1774 887 2036 952 Quoniam
2075 887 2256 958 itaque
2290 890 2353 941 ab

795 979 899 1032 alio
925 980 987 1030 ad
1021 979 1248 1030 alterum
1287 981 1561 1047 corruptio
1587 988 1785 1042 manat,
1827 981 2006 1033 talium
2049 982 2244 1036 anima:
2271 983 2353 1035 di-

797 1080 986 1119 cantur
1012 1077 1159 1134 peste
1187 1067 1410 1122 allectze.
1441 1070 1515 1122 Ne
1549 1071 1704 1138 igitur
1737 1072 1785 1123 in
1817 1071 2071 1125 cathedra
2101 1075 2354 1142 pestilen-

800 1164 996 1212 tiarum
1029 1162 1254 1222 sederis,
1301 1178 1433 1216 neve
1467 1164 1650 1232 judicii
1685 1176 2058 1234 corruptorum
2103 1178 2156 1222 et
2189 1166 2354 1237 pesti-

799 1252 1031 1304 ferorum
1064 1252 1159 1304 fias
1189 1255 1474 1320 particeps,
1505 1269 1680 1323 neque
1712 1257 1761 1308 in
1790 1257 1943 1309 malis
1971 1257 2209 1310 consiliis
2240 1270 2353 1324 pero

797 1358 1033 1398 maneas.
1071 1345 1228 1413 Atqui
1260 1347 1432 1400 oratio
1467 1346 1517 1399 in
1557 1348 1684 1416 ipsis
1709 1348 1884 1401 adhuc
1922 1349 2202 1416 prooemiis
2228 1361 2350 1399 ver-

793 1446 966 1502 satur,
997 1446 1051 1492 et
1102 1447 1276 1492 tamen
1315 1438 1458 1491 illius
1489 1439 1696 1508 copiam
1730 1441 1947 1496 modum
1985 1441 2246 1497 excedere
2276 1441 2352 1492 vi-

794 1530 926 1594 deo;
951 1532 1085 1583 adeo
1111 1540 1168 1583 ut
1193 1545 1364 1597 neque
1387 1531 1536 1584 vobis
1567 1530 1720 1586 facile
1745 1533 1816 1586 sit
1840 1534 2064 1602 plurima
2096 1532 2348 1594 retinere.

794 1637 967 1690 neque
1015 1622 1165 1685 mihi,
1201 1623 1481 1676 deficiente
1526 1639 1609 1678 me
1641 1639 1793 1691 voce,
1826 1628 1894 1680 oh
1924 1634 2233 1680 consuetam
2271 1625 2351 1677 in-

793 1713 1134 1775 firmitatem,
1169 1714 1465 1767 orationem
1501 1718 1775 1786 prosequi.
1819 1717 2131 1784 Quanquam
2168 1726 2347 1771 autem

791 1815 850 1854 ea
892 1817 1011 1871 qua:
1057 1802 1324 1870 diximus,
1369 1803 1678 1874 imperfecte
1710 1809 1849 1862 dicta
1892 1806 2035 1868 sint,
2067 1820 2189 1860 cum
2225 1808 2346 1861 mali

2458 615 2611 677 ὅλως,
2648 615 2864 669 ἐπειδὰν
2892 615 2949 667 τὸ
2976 612 3067 665 τοῦ
3096 613 3210 676 ἐνὸς
3235 613 3400 666 κακὸν
3429 615 3711 687 μιμήσεως
3735 616 3886 681 ἄξιον
3919 617 4032 679 τοῖς

2461 706 2666 769 πολλοῖς
2695 707 2921 778 νομισθῇ
2944 745 2958 768 ,
2994 707 3206 770 οἰκείως
3239 705 3332 757 καὶ
3362 709 3741 780 προσηκόντως
3773 707 4034 779 λεχθήσε-

2458 812 2541 846 ται
2576 795 2759 865 λοιμός
2788 815 2870 861 τις
2898 796 3083 866 ψυχῶν
3109 794 3453 858 ἐπιπολάζειν
3481 799 3557 869 τῷ
3585 799 3701 870 βίῳ.
3733 796 3806 850 Τὸ
3835 797 3944 868 γὰρ
3973 799 4032 850 ὲν

2459 888 2623 958 κακίᾳ
2671 890 3022 960 περίϐλεπτον
3051 888 3275 951 πολλοὺς
3313 886 3418 939 τῶν
3448 890 3800 963 εὐολισθήτων
3826 889 3906 950 εὶς
3937 888 4030 940 τὸν

2455 980 2634 1049 ὅμοιον
2665 979 2824 1048 ζῆλον
2856 979 3137 1045 ἐφέλκεται
3178 980 3308 1050 (58).
3357 979 3506 1031 Ἐπεὶ
3537 979 3628 1036 οῦν
3658 983 3813 1046 ἄλλος
3843 980 3901 1046 ἐξ
3933 979 4028 1034 ἄλ-

2455 1071 2544 1123 λου
2574 1071 2669 1141 τῆς
2711 1073 2912 1143 φθορᾶς
2947 1071 3358 1141 ἀναπίμπλαται
3381 1113 3396 1139 ,
3442 1072 3764 1141 λοιμώσσειν
3798 1077 3895 1138 τὰς
3926 1072 4027 1142 ψυν

2455 1163 2553 1232 χὰς
2581 1165 2627 1215 οί
2654 1163 2880 1217 τοιοῦτοι
2914 1161 3272 1236 λεγέσθωσανε.
3452 1163 3627 1215 τοίνυν
3675 1167 3908 1239 καθίσῃς
3935 1164 4028 1218 ἐπὶ

2456 1255 2720 1325 καθέδρας
2751 1254 2952 1326 λοιμῶν
2975 1296 2986 1317 ,
3018 1256 3049 1324 ἢ
3088 1255 3160 1325 μὴ
3192 1257 3462 1326 μετάσχῃς
3501 1255 3776 1325 συνεδρίου
3813 1257 4024 1329 ἀνθρώ-

2454 1367 2567 1402 πων
2601 1347 2844 1418 φθορέων
2878 1350 2987 1418 (59)
3021 1348 3111 1400 καὶ
3151 1348 3462 1418 λυμεώνων,
3497 1348 3528 1418 ἢ
3561 1348 3634 1418 μὴ
3665 1351 4025 1423 ἐναπομείνῃς

2455 1444 2563 1513 (40)
2594 1445 2704 1505 τοῖς
2735 1444 2914 1508 κακῶς
2956 1440 3333 1512 βουλευθεῖσιν.
3384 1443 3517 1496 Ἀλλ’
3553 1443 3580 1493 ὁ
3621 1440 3719 1510 μὲν
3748 1443 3905 1512 λόγος
3942 1445 4024 1496 ἔτι

2453 1536 2510 1586 ὲν
2557 1530 2891 1601 προοιμίοις,
2930 1532 2989 1584 τδ
3038 1531 3093 1583 δὲ
3138 1529 3340 1600 πλῆθος
3377 1531 3486 1603 ὁρῶ
3530 1530 3632 1600 τὴν
3681 1533 4024 1603 συμμετρίαν

2454 1621 2725 1674 ἐκϐαῖνον·
2774 1622 2849 1684 ὡς
2888 1623 3020 1692 μήτε
3069 1619 3194 1690 ὑμῖν
3228 1620 3413 1691 ῥᾳδίαν
3450 1617 3585 1674 εἶναι
3618 1619 3727 1673 τῶν
3764 1621 4024 1675 πλειόνων

2452 1714 2543 1782 τὴν
2587 1712 2851 1783 φυλακὴν,
2906 1715 3039 1784 μήτε
3087 1710 3208 1781 ἐμοὶ
3257 1710 3354 1783 τὴν
3400 1713 3668 1766 διακονίαν
3711 1711 3805 1764 τοῦ
3839 1712 4020 1780 λόγου,

2449 1805 2534 1857 διὰ
2570 1803 2664 1873 τὴν
2700 1805 2992 1874 σύντροφον
3040 1803 3318 1857 ἀσθένειαν
3362 1804 3459 1875 τῆς
3505 1805 3686 1876 φωνῆς
3720 1805 3866 1874 ἡμᾶς
3905 1806 4024 1856 ἐπι-

791 1894 1007 1963 quidem
1043 1893 1162 1965 fuga
1210 1901 1574 1950 demonstrata
1618 1899 1724 1960 sit,
1756 1895 2013 1964 perfectio
2061 1910 2191 1952 vero
2232 1913 2348 1968 quae
2383 1881 2473 1947 Βλ

2338 1915 2348 1952 ξ
2383 1881 2420 1934 Β
2450 1895 2755 1966 λειπούσης.
2813 1897 2872 1947 ΕΞ
2908 1897 2963 1948 δὲ
3004 1898 3095 1948 καὶ
3121 1897 3324 1960 ἀτελῶς
3368 1897 3582 1969 εἴρηται
3625 1898 3693 1950 τὰ
3735 1897 4020 1968 είρημέ·.α,

792 1988 950 2042 bonis
978 1989 1228 2056 operibus
1257 1989 1569 2055 acquiritur,
1619 1990 1817 2043 omissa
1851 1989 1923 2044 sit
1955 2012 1967 2046 :
2003 1992 2351 2048 nihilominus

793 2090 970 2131 tamen
1016 2079 1301 2145 praesentia
1338 2077 1580 2150 benignis
1619 2081 1843 2137 auribus
1875 2085 2348 2146 commendantes”,

791 2169 1124 2240 pollicemur,
1160 2169 1268 2225 Deo
1310 2170 1508 2238 dante,
1553 2173 1758 2245 reliqua
1785 2184 1948 2230 etiam
1993 2177 2350 2244 completuros

793 2277 910 2326 nos,
949 2261 992 2316 si
1028 2262 1187 2316 modo
1222 2277 1326 2316 non
1355 2265 1574 2318 omnino
1602 2266 1652 2318 in
1686 2275 1956 2335 posterum
1985 2267 2049 2319 ad
2079 2265 2349 2319 silentium

791 2353 1117 2421 redigantur.
1159 2352 1383 2406 Tribuat
1426 2364 1600 2408 autem
1658 2355 1913 2408 Dominus
1963 2354 2119 2410 nobis
2162 2369 2346 2409 eorum

789 2459 906 2511 qua:
937 2445 1167 2498 diximus
1200 2446 1525 2508 mercedem,
1561 2446 1710 2501 vobis
1733 2461 1859 2501 vero
1886 2461 2071 2501 eorum
2101 2462 2219 2516 qua:
2249 2463 2345 2501 au-

791 2533 946 2588 distis
976 2533 1206 2589 fructum
1229 2578 1243 2601 ,
1277 2537 1444 2604 gratia
1484 2535 1684 2592 Christi
1727 2539 1892 2608 ipsius
1918 2579 1932 2604 ,
1963 2539 2046 2594 cui
2085 2538 2252 2608 gloria
2295 2548 2349 2593 et

793 2628 1072 2695 imperium
1101 2630 1151 2683 in
1188 2630 1377 2686 smcula
1413 2632 1746 2687 smculorum.
1781 2635 1968 2688 Amen.

1143 2943 1443 2996 EJUSllEM
1477 2945 1539 2997 ΙΝ
1579 2944 1902 3001 PSALMUM
1949 2946 2052 3001 Vll.

800 3056 1038 3108 I’snlmns
1072 3056 1167 3123 ipsi
1204 3056 1386 3127 David,
1411 3074 1557 3125 quem
1584 3059 1763 3110 cecinit
1797 3057 2036 3123 Domino,
2059 3073 2153 3127 pro
2180 3060 2342 3112 verbis

1298 3126 1457 3179 Chusi
1479 3128 1576 3195 filii
1599 3128 1821 3182 Jemeni.

870 3218 916 3270 l.
964 3218 1243 3289 Inscriptio
1296 3221 1506 3289 septimi
1555 3219 1744 3290 psalmi
1794 3220 2188 3290 quodammodo
2240 3223 2343 3281 Re-

795 3325 1017 3379 gnorum
1061 3313 1296 3366 historia:
1361 3312 1447 3366 ubi
1490 3312 1554 3366 de
1587 3311 1783 3367 Davide
1830 3323 2101 3378 narratur,
2137 3315 2344 3368 videtur

866 3472 974 3544 (38)
1007 3471 1178 3544 Editio
1202 3471 1380 3544 Paris.
1402 3474 1479 3544 εἰς
1511 3473 1599 3544 τὸν
1625 3475 1805 3544 ὅμοιον
1835 3476 1992 3544 ζῆλον
2023 3477 2128 3529 τῶν
2171 3477 2342 3528 εὑολι-

793 3539 1000 3610 σθήτων
1031 3541 1330 3610 ἐφέλκεται.
1358 3542 1435 3593 Ad
1461 3539 1678 3594 verbum
1709 3539 1989 3610 interpres,
2026 3546 2220 3597 Multos
2276 3549 2342 3596 ad

793 3612 1175 3664 wmulationem
1211 3611 1431 3664 similem
1474 3627 1674 3673 eorum,
1719 3613 1806 3678 qui
1852 3616 2000 3675 proni
2053 3630 2110 3665 ac
2156 3616 2341 3667 lubrici

795 3691 913 3732 sunt
937 3682 1002 3732 ad
1034 3683 1372 3746 peccandum,
1408 3683 1589 3733 trahit.
1626 3683 1692 3734 At
1718 3683 1880 3735 nostri
1905 3699 1995 3736 sex
2029 3698 2181 3746 mss.,
2213 3685 2341 3734 utin

797 3760 968 3808 textu.
1000 3767 1101 3803 non
1128 3752 1355 3804 diversis
1379 3751 1591 3816 quidem
1621 3753 1819 3812 verbis,
1853 3755 1946 3806 sed
1976 3754 2079 3806 alio
2104 3753 2291 3806 ordine
2329 3770 2342 3802 τ

795 3836 914 3886 qua:
964 3822 1175 3874 diversa
1234 3821 1520 3875 verborum
1583 3821 1907 3884 collocatio,
1975 3822 2229 3892 quantula
2285 3837 2343 3875 ea

795 3907 1005 3961 cunque
1032 3902 1135 3956 est,
1183 3891 1497 3946 sententiam
1523 3900 1686 3945 totam
1720 3891 2035 3960 mutaverat,
2065 3891 2147 3945 vel
2173 3894 2346 3961 potius

796 3974 1127 4030 corruperat.

869 4032 985 4104 (59)
1016 4032 1104 4104 Sic
1146 4049 1273 4088 mss.
1309 4048 1422 4088 sex.
1445 4031 1654 4088 Atediti
1682 4050 1801 4104 cum
1832 4035 2037 4088 duobus
2061 4049 2190 4089 mss.
2222 4035 2348 4104 φθο-

796 4102 1046 4173 ροποιῶν.
1082 4101 1276 4156 Ibidem
1312 4120 1440 4157 mss.
1472 4108 1574 4158 duo
1604 4103 1931 4174 λοιμεώνων.

864 4173 975 4227 HO)
1001 4173 1135 4224 Editi
1163 4174 1519 4227 ἐναποιιένης.
1550 4177 1615 4227 At
1646 4190 1769 4227 mss.
1794 4177 1930 4227 ὲναπ

876 4182 975 4228 .w)
1001 4182 1135 4224 [sum
1163 4182 1519 4228 εναπομένης.
1550 4182 1615 4227 At
1646 4190 1769 4228 mss.
1794 4182 2172 4228 ἐναπομείντιε.

864 4174 975 4241 (40)
1001 4174 1135 4224 Editi
1163 4174 1519 4246 ἐναπομένῃς.
1550 4177 1615 4227 At
1646 4190 1769 4228 mss.
1794 4177 2172 4246 ὲναπομείνῃς.

865 4243 976 4314 (Η)
1010 4242 1191 4314 Editio
1227 4254 1451 4314 utraque
1493 4245 1650 4298 Basil.
1701 4255 1748 4297 et
1802 4245 1970 4299 Paris.
2023 4245 2348 4307 τελειώσεως

795 4311 1140 4382 παρεθείσης.
1170 4315 1259 4382 Διί
1284 4311 1427 4367 Coisl
1479 4326 1531 4366 et
1581 4331 1672 4366 sex
1710 4313 1800 4366 alii
1862 4329 1984 4367 mss.
2023 4315 2347 4376 τελειώσεως

795 4381 1315 4454 παρατεθείσης.υι›ἱ
1341 4387 1631 4454 notandum
1659 4393 1760 4454 est,
1782 4383 1878 4451 legi
1903 4385 2117 4450 quidem
2140 4388 2189 4438 ιιι
2215 4385 2346 4451 Reg.

795 4451 986 4522 quarto
1015 4451 1347 4522 παραθείσης
1370 4452 1456 4520 (⁸2),
1485 4455 1575 4505 sed
1607 4453 1918 4520 particulam
1947 4454 2018 4522 μή
2051 4456 2188 4508 inter
2219 4457 2350 4508 duas

796 4524 965 4576 line'as
995 4523 1224 4576 additam
1257 4536 1396 4576 esse.
1427 4522 1498 4574 Ex
1531 4537 1635 4590 quo
1676 4522 1752 4581 fit,
1778 4530 1834 4572 ut
1865 4536 1967 4574 non
2005 4525 2230 4576 multum
2277 4524 2349 4574 la-

2449 1985 2540 2038 τοῦ
2574 1986 2669 2056 μὲν
2697 1985 2865 2038 κακοῦ
2897 1988 2994 2056 τῆς
3025 1988 3200 2059 φυγῆς
3228 1988 3632 2060 ῦποδειχθείσης
3653 2032 3667 2055 ,
3710 1988 3809 2060 τῆς
3835 1989 3892 2041 δὲ
3935 1988 4022 2042 διὰ

2450 2079 2554 2132 τῶν
2606 2079 2822 2146 ἀγαθῶν
2878 2079 3053 2151 ἔργων
3113 2081 3443 2146 τελειώσεως
3502 2082 3830 2154 παρεθείσης
3887 2083 4023 2151 (41),

2449 2173 2594 2241 ὅμως
2629 2170 2962 2242 εὐγνώμοσιν
3001 2173 3192 2237 ἀκοαῖς
3241 2173 3603 2245 παραθέμενοι
3646 2175 3713 2226 τὰ
3759 2174 4020 2243 παρόντα,

2449 2263 2916 2333 ἐπαγγελλόμεθα,
2954 2264 3087 2318 Θεοῦ
3115 2266 3361 2328 διδόντος,
3397 2263 3803 2336 ἀναπληρώσειν
3835 2267 3929 2316 καὶ
3955 2267 4022 2318 τὰ

2452 2355 2740 2425 λειπόμενα
2761 2394 2774 2417 ,
2821 2357 2914 2408 ὲάν
2958 2373 3020 2424 γε
3054 2358 3127 2428 μὴ
3159 2358 3255 2428 τὴν
3305 2357 3538 2426 παντελῆ
3564 2356 3745 2408 λοιπὸν
3775 2356 4020 2409 ὑπέλθω-

2458 2463 2553 2516 μεν
2585 2446 2811 2516 σιωπήν.
2853 2447 3128 2518 Παράσχοι
3156 2448 3210 2500 δὲ
3233 2449 3260 2500 ὁ
3289 2446 3488 2517 Κύριος
3527 2448 3618 2500 καὶ
3646 2449 3774 2518 ἡμῖν
3806 2447 3914 2500 τῶν
3943 2449 4020 2500 εί-

2459 2539 2705 2610 ρημένων
2742 2539 2959 2610 μισθὸν,
2989 2543 3080 2594 καὶ
3115 2543 3238 2610 ὑμῖν
3268 2541 3474 2610 καρπὸν
3501 2533 3575 2594 ὧν
3606 2539 3891 2610 ἠκούσατε,
3927 2542 4022 2610 χὰ-

2457 2649 2564 2703 ριτι
2589 2631 2680 2684 τοῦ
2715 2632 2947 2703 Χριστοῦ
2981 2632 3143 2685 αὑτοῦ
3175 2631 3305 2701 (42),
3335 2631 3415 2684 ὅτι
3445 2631 3589 2702 αὐτῷ
3614 2633 3645 2702 ἡ
3680 2631 3805 2698 δόξα
3839 2633 3936 2684 καὶ
3964 2630 4022 2684 τὸ

2459 2725 2652 2796 κράτος
2687 2728 2764 2791 εἰς
2797 2727 2918 2790 τοὺς
2947 2726 3143 2789 αἰῶνας
3179 2725 3285 2777 τῶν
3315 2725 3542 2779 αἰώνων.
3589 2725 3778 2795 Ἀμήν.

2675 2952 2809 3003 ΤΟΥ
2833 2952 3062 3003 ΑΥΤοΥ
3093 2951 3362 3005 ΕιΣΤΟΝ
3394 2949 3444 3003 Z'
3472 2949 3791 3004 ΨΑΛΜΟΝ.

2464 3060 2476 3072 ’
2509 3060 2748 3127 ¹ι⁶ιιλμ⁸ς
2775 3041 3066 3123 τῷᾋτιϐὶδ,
3100 3061 3170 3110 ὃν
3198 3057 3311 3130 ᾖσε
3347 3060 3422 3124 τῷ
3445 3061 3638 3128 Κυρίῳ
3667 3058 3819 3127 ὑπὲρ
3846 3058 3964 3111 τῶν

2725 3130 2920 3196 λόγων
2943 3131 3124 3180 Χουσὶ
3157 3131 3287 3182 υἱοῦ
3321 3132 3549 3197 Ἰεμενεί
3584 3132 3716 3198 (45).

2518 3221 2566 3274 Ι.
2606 3224 2761 3274 Δοκεῖ
2787 3236 2902 3283 πως
2931 3220 3183 3284 ἐναντίως
3213 3221 3353 3289 ἔχειν
3391 3221 3524 3291 πρὸς
3549 3221 3645 3291 τὴν
3678 3222 3735 3273 ἐν
3761 3223 3881 3284 ταῖς
3913 3221 4018 3276 Ba-

2448 3315 2668 3378 σιλείαις
2698 3315 2955 3386 ἱστορίαν,
2990 3313 3116 3366 ἔνθα
3147 3313 3212 3366 τὰ
3239 3313 3365 3384 περὶ
3402 3312 3494 3366 τοῦ
3519 3313 3682 3366 Δαῦὶδ
3716 3313 4017 3386 ἀναγέγρα-

2451 3481 2633 3541 faciat,
2675 3496 2737 3533 ex
2779 3481 2858 3533 cis
2920 3481 3304 3532 mutuahiimxr.
3357 3477 3480 3543 Ejus
3515 3477 3679 3546 igitur
3719 3479 3833 3532 haec
3868 3486 4016 3542 sunt,

2456 3550 2695 3602 Psalmus
2728 3566 2820 3616 pro
2870 3551 3168 3617 ignorantia
3224 3549 3318 3606 ipsi
3372 3548 3536 3600 David
3569 3588 3582 3610 ,
3627 3565 3776 3616 quem
3830 3549 4016 3602 cecinit

2454 3619 2671 3670 Domino
2729 3634 2882 3682 super
2921 3619 3084 3669 verbis
3144 3617 3411 3682 Ait/iinpis
3470 3617 3569 3682 lilii
3625 3617 3845 3672 Gemini.
3908 3618 4016 3672 Nec

2453 3689 2609 3739 aliter
2646 3687 3022 3755 Hieronymus,
3053 3687 3140 3752 qui
3162 3703 3223 3738 ex
3262 3685 3482 3738 llebrteo
3529 3689 3607 3739 sic
3635 3689 3830 3741 VPl'Ill:
3861 3687 4018 3755 Igno-

2455 3759 2586 3809 ratio
2615 3756 2801 3824 David,
2826 3755 2961 3824 quod
2985 3757 3165 3807 cecinit
3202 3755 3424 3806 Domino
3443 3769 3598 3820 super
3625 3755 3776 3808 verba
3803 3756 4017 3809 Ethio-

2453 3827 2531 3892 pis
2591 3827 2686 3892 [itii
2733 3823 2959 3878 Gemini.
3003 3825 3124 3877 llmc
3155 3833 3331 3877 autem
3368 3838 3431 3876 eo
3491 3824 3666 3882 retuli.
3701 3833 3758 3876 ut
3797 3826 4012 3893 planum

2458 3895 2714 3956 facerem,
2743 3897 3064 3962 interpretes
3087 3895 3347 3962 quosdam
3388 3908 3483 3961 pro
3528 3893 3694 3945 Χουσὶ
3733 3895 4018 3961 scripsisse

2455 3965 2747 4028 Αἰθίοπος,
2798 3959 2898 4019 nec
2967 3959 3142 4032 inepte
3199 3959 3465 4030 [Ethiopis
3524 3965 3737 4016 nomine
3795 3959 4014 4017 Stiulem

2456 4035 2776 4104 Ethiopicis
2810 4035 3046 4088 moribus
3077 4033 3448 4104 prmdituniab
3475 4033 3698 4104 eruditis
3741 4034 3874 4088 viris
3936 4034 4016 4086 in-

2458 4101 2656 4172 telligi,
2683 4107 2750 4160 ob
2789 4107 2948 4173 idque
2991 4103 3160 4158 videri
3208 4101 3461 4156 Basilium
3521 4103 3650 4173 ejus”
3701 4104 3890 4173 psalmi
3932 4105 4014 4157 in-

2457 4178 2800 4244 scriptionem
2861 4172 2982 4229 cum
3035 4175 3101 4228 iis
3125 4189 3241 4243 qua:
3272 4173 3526 4244 dicuntur
3555 4173 3594 4244 ll
3627 4172 3757 4241 Reg.
3786 4189 3921 4237 xvn,
3957 4174 4012 4238 5,

2459 4243 2613 4314 longe
2641 4247 2849 4299 facilius
2894 4246 3181 4297 conciliare
3236 4243 3490 4311 potuisse.
3531 4243 3662 4296 Nam
3701 4259 3731 4297 e
3763 4259 3822 4297 re
3851 4259 4014 4312 expe-

2457 4319 2628 4368 dierat
2661 4332 2739 4378 se,
2789 4317 2832 4367 si
2865 4315 2930 4366 de
2969 4316 3197 4375 duobus,
3244 4328 3347 4366 non
3402 4316 3466 4368 de
3519 4330 3622 4367 uno
3655 4315 3868 4368 homine
3898 4329 4018 4367 ser-

2459 4400 2666 4438 moaem
2705 4385 2888 4436 haberi
2917 4384 3160 4443 dixisset,
3184 4381 3269 4435 hic
3298 4383 3364 4434 de
3393 4383 3575 4447 Saule,
3608 4383 3712 4436 illie
3735 4384 3800 4436 de
3848 4383 4014 4437 Chusi

2460 4456 2565 4506 filio
2599 4454 2816 4506 Arachi.
2850 4451 3222 4520 Paraphrasim
3259 4451 3596 4504 Chaldaicam
3630 4453 3775 4520 legas
3833 4455 4012 4513 velim,

2456 4534 2508 4576 et
2531 4523 2702 4576 θυοιεί
2733 4532 2904 4574 notas.
2931 4519 3121 4572 Mirum
3151 4521 3320 4572 visum
3361 4531 3442 4574 est
3475 4519 4015 4574 hoinini’doctissimo

795 4593 1090 4645 borandum
1117 4595 1204 4658 sit,
1240 4600 1359 4646 utro
1385 4567 1669 4660 modo'legi
1703 4567 1910 4649 debeat.
1945 4608 2064 4643 cum
2092 4608 2156 4645 ex
2195 4601 2340 4644 utra-
2383 4567 2423 4619 θ
2457 4595 2668 4654 Ducam,
2699 4593 2839 4658 quod
2887 4589 3120 4643 Basilius
3179 4589 3448 4656 aliquanto
3496 4600 3615 4660 post
3645 4590 4014 4660 (licattneque

792 4676 896 4730 que
924 4663 1149 4715 lecnone
1174 4663 1358 4715 eadem
1385 4662 1538 4729 plane
1561 4661 1820 4714 sententia
1867 4660 2148 4714 efliciatur.
2189 4664 2337 4726 Quod

792 4731 932 4786 enim
970 4732 1267 4800 appositum
1299 4748 1400 4784 nun
1427 4739 1528 4792 est,
1564 4732 1612 4783 id
1640 4733 1898 4785 omissum
1936 4731 2100 4784 fuisse
2124 4746 2340 4784 necesse

791 4810 892 4856 est.
947 4802 1166 4855 Constat
1218 4803 1398 4869 igitur,
1447 4801 1588 4870 quod
1639 4801 1703 4870 ad
1755 4801 2073 4870 sententiam
2127 4802 2334 4865 attinet,

794 4870 922 4924 nihil
959 4873 1157 4924 referre
1189 4881 1363 4923 utrum
1415 4869 1557 4940 legas
1617 4869 1939 4930 τελειώσεως
1991 4870 2335 4940 παρεθείσης,

792 4942 1096 5012 perfectione
1150 4942 1360 5002 omissa,
1408 4956 1474 4994 an
1527 4940 1850 5003 τελειώσεως
1895 4941 1967 5012 μὴ
2022 4941 2338 5012 παρατεθεί-

795 5027 913 5080 σης,
937 5011 1245 5078 perfectione
1285 5026 1384 5065 P0"
1412 5014 1644 5077 apposita
1689 5012 1902 5080 legeris.
1933 5013 2082 5076 Quod
2121 5015 2166 5065 si
2191 5013 2333 5079 quis-

793 5084 933 5149 piam
962 5081 1072 5148 jam
1120 5097 1186 5135 ex
1232 5096 1314 5133 me
1354 5090 1579 5148 quaerat,
1609 5092 1727 5134 utra
1760 5082 1886 5134 mihi
1915 5093 2177 5149 scriptura
2217 5096 2336 5134 vera

789 5165 910 5204 esse
947 5151 1210 5212 videatur,
1239 5151 1487 5204 libentius
1517 5151 1863 5219 posteriorem
1882 5150 2183 5203 defendam.
2209 5150 2336 5204 Cum

789 5224 930 5291 enim
974 5220 1025 5291 in
1073 5221 1272 5274 nostris
1315 5231 1518 5291 septem
1579 5236 1705 5272 mss.
1762 5232 2071 5291 constanter
2101 5237 2340 5291 παρατε-

789 5289 974 5357 θείσης
1007 5290 1232 5358 legatur,
1268 5292 1338 5342 ita
1365 5290 1576 5358 quidem
1610 5289 1888 5358 scripsisse
1916 5289 2339 5343 Basilium‘arbi-

793 5371 904 5411 tror
931 5375 943 5412 :
969 5361 1061 5430 sed
1095 5361 1334 5412 voculam
1369 5360 1441 5430 μή
1463 5375 1526 5412 ex
1557 5361 1683 5430 Reg.
1715 5368 1904 5426 quarto
1943 5361 2176 5412 additam
2201 5360 2337 5412 volo.

794 5430 860 5484 Ut
886 5439 942 5481 ut
967 5429 1078 5482 haec
1109 5440 1254 5488 sunt,
1292 5425 1556 5498 vulgatam
1593 5425 1874 5482 lectionem
1913 5431 2166 5484 intactam
2219 5431 2339 5482 reli-

788 5501 1022 5567 quimus,
1049 5514 1166 5550 cum
1201 5501 1330 5551 nihil
1368 5501 1616 5560 intersit,
1656 5510 1774 5550 utro
1818 5500 1974 5552 modo
2011 5500 2234 5567 legatur.

859 5568 969 5636 (42)
1012 5569 1140 5636 Reg.
1183 5569 1370 5621 tertius
1396 5568 1575 5638 χάριτι
1599 5568 1688 5620 τοῦ
1718 5566 2107 5639 Κυρίουνήμῶν
2148 5566 2336 5637 Ἰησοῦ.

788 5637 938 5703 Illud,
972 5639 1064 5709 καὶ
1095 5640 1155 5690 τὸ
1179 5639 1394 5709 κράτος,
1427 5637 1660 5692 emultis
1689 5637 1814 5692 mss.
1847 5637 2173 5692 addtdnnti's.

863 5709 970 5778 (45)
1021 5708 1192 5773 Quam
1223 5708 1578 5778 'variemapud
1619 5711 1794 5762 varios
1857 5709 2063 5776 positus
2107 5710 2176 5762 sit
2227 5709 2339 5776 ejus

790 5776 976 5847 psalmi
1030 5779 1234 5842 titulus,
1265 5793 1329 5832 ex
1385 5776 1634 5845 nexaptn
1695 5779 1942 5847 cognosci
2008 5788 2201 5844 potest.
2235 5780 2339 5832 Sed

790 5849 996 5920 Aquilae
1050 5849 1214 5905 solius
1248 5850 1759 5917 interpretationem,
1791 5849 1934 5917 quod
1966 5851 2077 5904 sola
2132 5850 2198 5903 ad
2229 5863 2338 5903 rem

2447 4661 2633 4725 Chusi,
2676 4675 2847 4728 neque
2904 4659 3069 4712 alium
3103 4673 3430 4728 quemquam
3462 4660 3512 4711 in
3555 4659 3776 4713 historia
3805 4658 4010 4728 Regum

2444 4732 2613 4784 lilium
2681 4727 2890 4784 Gemini
2942 4729 3204 4796 reperiri,
3244 4727 3359 4781 cum
3412 4727 3588 4781 Semei
3633 4727 3937 4781 nominetur
3973 4730 4011 4782 Il

2445 4801 2577 4868 Reg.
2609 4817 2719 4860 xix,
2749 4801 2834 4862 16,
2864 4799 2973 4870 υἱὸς
3000 4797 3171 4870 Γηρὰ,
3205 4797 3319 4870 υἱοῦ
3348 4797 3578 4870 ῨΊεμινεί
3605 4839 3619 4862 ,
3654 4797 3798 4870 ﬁlius
3850 4798 4008 4857 Cera,

2442 4870 2541 4938 lilii
2573 4870 2796 4924 Gemini.
2836 4869 3025 4922 Mirum
3061 4868 3192 4923 sane
3217 4869 3267 4920 id
3313 4869 3476 4938 videri
3528 4869 3706 4938 debet,
3737 4868 4009 4922 hominem

2446 4942 2852 5008 Scripturarum
2883 4938 3266 5008 peritissimum
3331 4937 3588 5008 Basilium
3641 4937 3694 4990 in
3741 4940 4010 5007 ejusmodi

2444 5007 2686 5064 errorem
2733 5007 3028 5074 incidisse:
3072 5008 3164 5062 sed
3199 5023 3414 5062 monere
3461 5007 3614 5074 juvat
3656 5017 3824 5060 totum
3858 5008 4010 5069 illud,

2441 5082 2556 5132 ἐστὶ
2586 5081 2641 5132 δὲ
2666 5079 2790 5132 οῦτε
2826 5073 2977 5142 οὗτος
3004 5078 3123 5130 οὕτε
3156 5079 3310 5140 ἄλλος
3334 5095 3416 5141 τις
3444 5073 3552 5130 τῶν
3583 5079 3698 5130 ἐκεῖ
3747 5077 4008 5146 φαινομέ-

2441 5168 2544 5201 νων
2577 5152 2691 5212 elo;
2734 5150 2972 5218 Ίεμινεί,
3006 5149 3057 5202 in
3097 5148 3422 5202 Colbertinis
3459 5160 3652 5218 quarto
3699 5157 3753 5202 et
3780 5158 4010 5215 septimo

2449 5238 2549 5272 non
2603 5217 2838 5274 exstare.
2889 5221 3044 5274 Unde
3089 5219 3336 5271 fortassis
3387 5217 3542 5273 alicui
3591 5220 3824 5286 suspicio
3877 5217 4006 5269 oriri

2443 5291 2630 5356 possit,
2662 5294 2771 5342 haec
2808 5291 2989 5352 verba,
3022 5291 3072 5340 iu
3101 5302 3192 5341 ora
3225 5289 3344 5341 libri
3372 5290 3603 5355 primum
3653 5289 3847 5355 posita,
3876 5301 4000 5356 pro-

2441 5353 2626 5428 gressu
2685 5370 2978 5427 temporum
3037 5359 3090 5411 in
3136 5357 3307 5422 ipsum
3342 5353 3542 5411 textum
3577 5353 4004 5428 irrepsisseaSed

2443 5423 2643 5494 iniieu,
2692 5437 2750 5482 ut
2794 5423 2994 5482 'veruin
3052 5430 3243 5490 fatear,
3301 5428 3372 5480 ita
3411 5423 3698 5496 scripsisse
3750 5423 4005 5496 Basilium

2443 5509 2589 5568 puto,
2629 5513 2727 5553 nec
2761 5501 2829 5552 ob
2869 5499 3025 5551 aliam
3057 5513 3275 5552 causam
3306 5495 3732 5565 prtetermissum
3761 5497 3812 5548 id
3843 5495 4005 5568 fuisse

2444 5567 2494 5622 in
2517 5568 2835 5623 Colbertitris
2858 5568 3274 5637 exemplaribus,
3302 5584 3460 5635 quam
3515 5567 3656 5636 quod
3718 5567 4004 5637 continea-

2446 5641 2598 5692 terin
2647 5640 2749 5691 line
2776 5635 3390 5707 duaruin'periodoruui
3449 5639 3705 5706 scriptum
3772 5639 3843 5689 sit
3897 5635 4004 5697 υἱὸς

2455 5707 2688 5778 ἰεμινεί.
2720 5707 2927 5762 Norunt
2948 5709 3089 5763 enim
3120 5708 3208 5774 qui
3239 5708 3318 5760 vel
3345 5707 3609 5760 tantillum
3637 5708 3687 5759 in
3740 5707 4003 5776 ejusmodi

2446 5783 2601 5832 rebus
2627 5779 2904 5832 exercitati
2930 5787 3072 5839 sunt,
3108 5792 3215 5829 non
3246 5792 3367 5830 raro
3392 5779 3706 5846 contingere
3732 5817 3746 5842 ,
3788 5785 3844 5830 ι.ι
3879 5787 4003 5829 tunc

2444 5849 2646 5904 librarii
2671 5848 2947 5918 periodum
2974 5848 3201 5904 alterum
3233 5849 3498 5902 omittunt.
