4260 6506
735 433 831 496 251

2048 433 2102 485 S.
2152 432 2393 486 BASlLll
2435 433 2654 486 MAGNI

3891 435 4009 490 252

737 559 896 627 igitur
922 554 1113 608 mit-um
1141 551 1308 605 videri
1341 552 1515 613 debet,
1548 551 1591 604 si
1628 563 1772 602 nunc
1804 561 2019 615 quoque
2049 561 2306 616 corpora-
2341 554 2380 606 Α
2414 567 2419 576 ι

2341 554 2380 606 Α
2414 550 2542 614 γὰρ.
2585 562 2768 614 φησιν,
2799 547 2834 610 ἡ
2858 545 3041 612 σοφία
3069 543 3185 597 ἀπὸ
3219 544 3334 597 τῶν
3358 544 3586 598 τέκνων
3615 544 3810 614 αὐτῆς
3833 563 3846 576 ο
3885 547 4007 608 καὶ,

740 649 804 703 lis
850 646 966 716 ejus
1023 654 1177 714 pater
1228 652 1489 702 taceatur,
1543 642 1850 710 praecipuus
1909 652 2039 692 vero
2101 638 2315 694 Davidis

741 740 945 791 amicus
971 735 1287 789 vocatus'sit
1312 737 1542 788 dextera:
1571 732 1737 794 illius,
1759 729 1960 799 quippe
1987 729 2080 799 qui
2106 747 2133 782 a
2160 729 2317 784 factis

739 831 837 884 sibi
869 843 1167 897 congruum
1211 839 1508 895 cognomen
1542 823 1879 894 acqttisierit.

812 1102 864 1155 2.
899 1103 1059 1155 Vens.
1098 1101 1149 1154 2.
1189 1100 1409 1154 Domine
1442 1099 1581 1152 Deus
1603 1115 1766 1162 meus,
1795 1099 1850 1152 in
1876 1108 1924 1152 te
1952 1114 2182 1168 speravi,
2209 1097 2320 1151 sal-

742 1226 857 1262 vum
890 1224 966 1260 me
990 1205 1093 1274 fac.
1119 1206 1346 1259 Putatur
1370 1202 1595 1272 simplex
1625 1202 1884 1271 quiddam
1918 1215 2060 1266 esse,
2097 1210 2151 1256 et
2179 1198 2321 1268 quod

741 1325 768 1362 a
803 1309 991 1378 quovis
1033 1317 1180 1361 recte
1211 1306 1384 1374 possit
1419 1303 1673 1372 proferri,
1713 1302 1840 1357 illud
1873 1302 2124 1357 videlicet
2162 1321 2175 1356 :
2219 1301 2322 1354 Do-

743 1411 879 1462 mine
912 1409 1049 1461 Deus
1083 1423 1246 1470 meus,
1276 1407 1329 1459 in
1355 1416 1403 1459 te
1440 1409 1671 1473 speravi,
1701 1405 1905 1459 salvum
1937 1420 2018 1458 me
2047 1403 2152 1472 fac.
2185 1403 2320 1457 For-

746 1509 908 1563 tassis
940 1525 1042 1562 non
1078 1509 1146 1561 ita
1185 1523 1239 1561 se
1273 1523 1357 1559 res
1393 1507 1576 1559 habet.
1613 1504 1714 1571 Qui
1753 1517 1986 1572 namque
2023 1502 2074 1555 in
2106 1503 2322 1555 homine

745 1620 941 1679 sperat,
966 1621 1057 1663 aut
1085 1611 1170 1678 qui
1204 1609 1272 1662 ob
1306 1607 1504 1676 aliquid
1538 1606 1682 1658 aliud
1713 1604 2040 1658 mundanum
2075 1603 2319 1666 elTertttr,

744 1721 892 1781 puta,
924 1710 993 1765 oh
1046 1719 1364 1779 potestatem
1389 1749 1402 1768 .
1449 1707 1531 1762 vel
1580 1707 1648 1760 ob
1677 1706 1921 1771 divitias,
1956 1705 2037 1758 vel
2065 1706 2134 1759 ob
2167 1705 2318 1772 quid-

745 1814 887 1880 piam
916 1810 1058 1865 aliud
1087 1825 1293 1869 eorum,
1321 1823 1438 1878 quae
1465 1808 1605 1862 inter
1638 1822 1723 1862 res
1753 1808 1928 1862 claras
1955 1824 1982 1862 a
2015 1808 2206 1862 multis
2241 1824 2322 1862 re-

2433 638 2572 692 Ἐὰν
2598 633 2658 707 ᾖ,
2685 637 2866 706 φησὶν,
2893 635 3021 688 ἐκεῖ
3041 636 3171 700 υίὸς
3199 635 3459 703 ειρήνης.
3489 635 3654 690 Οὐδὲν
3678 633 3772 690 οὖν
3802 636 4007 708 Θαυμα-

2421 728 2546 780 στὸν
2591 728 2685 780 καὶ
2713 726 2807 778 νῦν
2849 724 3190 796 σιωπηθῆναι
3227 726 3325 794 μὲν
3357 725 3518 779 αὑτοῦ
3553 727 3642 781 τὸν
3690 729 4004 799 σωματικὸν

2422 819 2663 889 πατέρα,
2709 818 2888 883 δεξιᾶς
2933 818 2987 870 δὲ
3030 818 3142 870 υἱὸν
3192 816 3283 868 τὸν
3327 818 3669 890 ἀρχιεταῖρον
3714 819 3808 872 τοῦ
3838 820 4008 873 Δαὸὶδ

2421 909 2823 979 ὀνομασθῆναι,
2859 909 2966 960 ἀπὸ
3002 908 3101 976 τῆς
3129 906 3378 978 πράξεως
3405 907 3679 978 πρέποντα
3705 911 3884 981 ἑαυτῳ
3909 908 4009 962 τὸν

2423 1001 2807 1072 χρηματισμὸν
2841 999 3090 1053 λαϐόντα.

2492 1095 2544 1147 2.
2583 1095 2758 1161 Κύριε
2791 1097 2822 1148 d
2854 1093 2996 1157 Θεός
3033 1110 3184 1161 μου,
3220 1092 3315 1145 ἐπὶ
3358 1091 3454 1145 σοι
3495 1091 3760 1160 ἤλπισα,
3796 1093 4008 1147 σῶσόν

2420 1201 2515 1254 με.
2560 1184 2927 1254 Νομιζόμενον
2961 1182 3163 1235 ἁπλοῦν
3192 1179 3330 1236 εἶναι
3361 1182 3454 1235 καὶ
3487 1182 3591 1235 ὑπὸ
3622 1182 3718 1235 τοῦ
3748 1184 4007 1252 τυχόντος

2428 1275 2592 1344 ὑγιῶς
2623 1275 2984 1344 ἀναφέρεσθαι
3013 1274 3269 1327 δύνασθαι
3298 1275 3356 1326 τὸ
3380 1311 3397 1339 ,
3425 1274 3603 1341 Κύριε
3631 1276 3662 1326 ὀ
3690 1274 3833 1339 Θεός
3855 1291 4000 1342 μου,

2425 1370 2521 1421 ἐπὶ
2539 1369 2636 1420 σοὶ
2667 1368 2917 1436 ἤλπισα,
2949 1366 3156 1420 σῶσόν
3175 1385 3273 1436 με,
3302 1367 3441 1436 τάχα
3472 1368 3532 1419 οὐ
3562 1365 3803 1419 τοιοῦτόν
3831 1368 4000 1418 ἐστιν.

2437 1462 2494 1514 Ὀ
2523 1459 2629 1531 γὰρ
2677 1459 2761 1510 ἐπ’
2797 1457 3077 1528 ἄνθρωπον
3125 1457 3392 1523 ἐλπίζων,
3426 1456 3458 1526 ἢ
3513 1457 3599 1508 ἐπ’
3630 1455 3756 1510 ἄλλο
3797 1473 3847 1508 τι
3896 1456 4004 1508 τῶν

2425 1552 2567 1606 κατὰ
2600 1552 2689 1604 τὸν
2725 1549 2835 1619 βίον
2869 1549 3356 1620 μετεωριζόμενος,
3404 1544 3513 1602 οἷον
3546 1549 3637 1602 ἐπὶ
3665 1547 4002 1610 δυναστείαν,

2425 1645 2456 1717 ἢ
2495 1645 2768 1716 χρήματα,
2794 1644 2826 1713 ἡ
2857 1659 2909 1694 τι
2936 1641 3042 1694 τῶν
3076 1642 3227 1710 παρά
3246 1646 3358 1706 τοῖς
3393 1642 3605 1705 πολλοῖς
3630 1640 4005 1712 νομιζομένων

2425 1735 2563 1791 εἷναι
2611 1737 2911 1807 λαμπρῶν,
2965 1735 3024 1786 οὐ
3071 1733 3290 1787 δύναται
3344 1738 3547 1788 εἰπεῖν’
3585 1737 3759 1803 Κύριε
3799 1738 3831 1788 ὀ
3859 1736 4006 1798 Θεός

2422 1850 2559 1899 μου,
2594 1831 2692 1884 ἐπὶ
2733 1831 2831 1884 σοί
2861 1828 3112 1897 ἤλπισα.
3165 1826 3538 1898 Παράγγελμα
3582 1828 3687 1898 γάρ
3736 1830 3851 1881 ἐστι
3877 1867 3892 1890 ,
3929 1826 4006 1897 μὴ

744 1925 1021 1986 putantur,
1057 1929 1162 1967 non
1203 1922 1379 1982 potest
1417 1911 1600 1966 dicere
1644 1927 1658 1964 :
1696 1910 1917 1965 Domine
1966 1910 2102 1964 Deus
2148 1926 2314 1971 meus,
2353 1908 2426 1977 B1

2353 1908 2391 1963 Β
2422 1927 2657 1990 ἐλπίζειν
2683 1928 2768 1979 ἐπ’
2802 1926 3100 1996 ἄρχοντας·
3146 1921 3258 1985 καὶ,
3304 1921 3766 1988 Ἐπικατάρατος
3789 1918 4004 1987 ἅνθρωσ

745 2019 801 2072 in
831 2027 879 2070 te
911 2018 1111 2081 speravi
1137 2015 1202 2071 ⁸⁸.
1235 2015 1569 2082 Praeceptum
1599 2013 1741 2068 enim
1779 2022 1884 2076 est,
1922 2027 2029 2064 non
2066 2021 2318 2077 oportere

746 2109 798 2162 in
833 2106 1165 2177 principibus
1194 2118 1417 2174 sperare
1444 2101 1521 2165 l";
1554 2110 1630 2164 et,
1668 2097 1982 2152 Maledictus
2018 2097 2193 2158 homo,
2223 2096 2314 2163 qui

746 2198 964 2268 conﬁdit
1009 2198 1064 2250 in
1096 2196 1322 2249 homine.
1369 2191 1829 2259 Quemadmodum
1880 2203 1979 2242 nec
2025 2187 2316 2256 quidquam

747 2289 1126 2355 alittdtoportet
1153 2294 1343 2354 praeter
1375 2282 1539 2336 Deum
1581 2281 1759 2336 colere
1789 2298 1802 2333 :
1839 2279 1916 2334 sic
1949 2294 2047 2334 nec
2096 2279 2147 2332 in
2180 2277 2310 2339 alio,

743 2394 905 2448 quam
935 2378 986 2430 in
1018 2376 1122 2431 Deo
1154 2375 1264 2447 99
1292 2374 1533 2429 omnium
1575 2372 1802 2428 Domino
1847 2385 1996 2437 spem
2030 2385 2312 2439 reponere.

746 2471 873 2538 Spes
907 2470 1043 2524 enim
1075 2485 1208 2532 mea,
1243 2469 1433 2536 inquit,
1465 2474 1514 2521 et
1546 2467 1775 2520 cantatio
1815 2482 1929 2517 mea
1967 2463 2226 2517 Dominus
2246 2463 2312 2514 ⁸ο.

747 2563 852 2619 Sed
881 2561 1149 2630 quomodo
1179 2568 1370 2627 rogat,
1410 2569 1467 2612 ut
1499 2559 1731 2628 primum
1773 2567 2020 2610 servetur
2056 2570 2084 2607 a
2132 2568 2313 2622 perse-

748 2651 1038 2721 quentibus
1059 2689 1074 2713 ,
1103 2649 1296 2704 deinde
1319 2687 1334 2713 ,
1379 2655 1436 2700 ut
1476 2646 1774 2701 liberetur?
1806 2645 1999 2699 Puncti
2042 2644 2318 2698 distinctio

748 2745 949 2799 claram
977 2743 1162 2797 reddet
1181 2740 1525 2797 sententiam.
1553 2739 1768 2794 Salvum
1787 2755 1867 2792 me
1893 2738 1977 2802 fac
1999 2755 2063 2792 ea:
2077 2737 2318 2792 omnibus

746 2837 1169 2906 persequentibus
1195 2851 1275 2887 me
1293 2873 1306 2897 ,
1335 2843 1380 2887 et
1411 2833 1575 2886 libera
1599 2848 1699 2895 me,
1726 2829 1910 2902 (Vens.
1941 2832 1995 2902 5)
2025 2849 2086 2886 ne
2113 2833 2319 2903 quando

747 2931 916 2998 rapiat
951 2939 1005 2983 ut
1038 2930 1114 2982 leo
1151 2931 1381 2981 animam
1411 2941 1600 2979 meam.
1639 2922 1768 2989 Quae
1815 2926 1977 2994 igitur
2018 2924 2318 2980 dill'ercntia

750 3024 890 3077 inter
930 3022 1134 3075 servari
1177 3029 1230 3073 et
1278 3017 1535 3073 liberari?
1577 3016 1839 3070 Nimirum
1887 3017 2103 3087 proprie
2145 3017 2318 3072 salute

749 3130 883 3186 Opus
916 3124 998 3169 est
1026 3112 1290 3169 debilibus
1323 3129 1336 3167 :
1375 3112 1465 3183 qui
1500 3127 1627 3166 vero
1652 3110 1965 3165 detinentur
1998 3112 2050 3166 in
2095 3111 2320 3181 captivi—

753 3219 880 3273 tate,
905 3209 1144 3277 indigent
1169 3217 1226 3260 ut
1249 3206 1564 3260 liberentur.
1595 3204 1886 3274 Propterea
1918 3205 1963 3260 is
1984 3204 2199 3274 quidem
2225 3205 2314 3273 qui

750 3315 844 3370 per
875 3315 932 3354 se
953 3298 1145 3355 debilis
1175 3305 1276 3362 est,
1311 3305 1365 3349 et
1397 3305 1573 3349 tamen
1608 3295 1661 3346 in
1691 3309 1748 3348 se
1779 3295 1975 3348 retinet
2006 3294 2190 3357 tidem,
2225 3308 2317 3359 per

751 3389 1021 3459 prapt'iam
1086 3385 1245 3440 (idem
1315 3384 1381 3438 ad
1437 3383 1666 3438 salutem
1736 3392 2093 3452 praaparatur.
2154 3381 2318 3435 Fides

751 3482 919 3545 enim,
953 3480 1154 3551 inquit,
1201 3490 1291 3533 tua
1336 3488 1382 3531 te
1426 3478 1626 3532 salvam
1657 3476 1777 3545 fecit
1814 3477 1893 3542 In;
1922 3485 1996 3539 et,
2047 3473 2173 3529 Fiat
2227 3475 2319 3529 tibi

750 3572 882 3624 sicut
908 3569 1172 3622 credidisti
1196 3569 1262 3622 ".
1298 3565 1396 3634 Qui
1436 3582 1564 3621 vero
1597 3567 1904 3622 liberandus
1956 3576 2057 3628 est,
2084 3567 2315 3636 pretium

752 3679 848 3732 pro
880 3677 936 3716 se
970 3661 1181 3715 aliunde
1225 3659 1634 3729 persolvendom
1680 3667 1976 3726 exspectat.
2012 3658 2199 3726 Itaque
2231 3659 2316 3712 cui

754 3753 996 3808 imminet
1025 3761 1079 3805 et
1111 3751 1386 3820 impendet
1416 3766 1582 3811 mors,
1615 3751 1659 3804 is
1695 3766 1814 3804 cum
1845 3750 1945 3803 sibi
1977 3750 2224 3803 conscius
2252 3752 2318 3803 sit

752 3845 1076 3900 salvatorem
1109 3859 1226 3899 esse
1251 3859 1436 3909 unum,
1456 3851 1615 3912 atque
1637 3858 1797 3894 unum
1821 3841 2186 3904 liberatorem,
2209 3842 2315 3892 ait:

754 3935 819 3989 In
850 3945 896 3991 te
916 3936 1137 4004 speravi,
1166 3936 1367 3990 salvum
1399 3951 1477 3988 me
1506 3934 1590 4003 {ac
1613 3934 1678 3989 ab
1708 3933 2049 3996 infirmitate,
2081 3942 2127 3984 et
2157 3931 2318 3983 libera

752 4045 832 4081 me
881 4043 911 4081 a
961 4028 1292 4096 captivitate.
1348 4026 1616 4080 Existimo
1671 4035 1872 4090 autem,
1921 4035 2174 4080 strenuos
2231 4023 2319 4076 Dei

754 4121 1006 4185 athletas,
1037 4122 1128 4190 qui
1164 4136 1284 4174 cunt
1312 4120 1675 4174 invisibilibus
1706 4119 1941 4173 inimicis
1977 4134 2071 4189 per
2105 4131 2318 4171 onmem

755 4228 906 4268 suam
937 4215 1100 4265 vitam
1141 4212 1293 4265 valde
1320 4212 1592 4265 colluctati
1627 4221 1770 4275 sunt,
1815 4221 2097 4280 postquam
2135 4225 2318 4263 eorum

755 4321 945 4359 omnes
992 4304 1371 4359 insectationes
1423 4303 1740 4373 elTugerint,
1796 4318 1960 4369 prope
2006 4301 2128 4354 vitm
2160 4301 2319 4354 linem

757 4398 1096 4459 constitutos,
1126 4411 1154 4449 a
1192 4393 1370 4450 saculi
1406 4393 1646 4461 principe
1692 4392 2015 4451 examinari,
2056 4404 2112 4442 ut
2147 4392 2188 4443 si
2236 4406 2321 4442 re-

758 4488 1035 4555 periantur
1066 4496 1160 4540 aut
1197 4487 1419 4540 vulnera
1451 4500 1515 4539 ex
1549 4483 1968 4545 certaminibus,
1999 4491 2091 4534 aut
2117 4482 2324 4550 aliquas

2421 2030 2567 2078 πος,
2614 2015 2681 2079 ὃς
2725 2013 2839 2080 τὴν
2883 2011 3102 2065 ἐλπίδα
3136 2011 3262 2080 ἔχει
3298 2009 3390 2062 ἐπ’
3427 2010 3758 2077 ἄνθρωπον,
3790 2010 4004 2080 Ὥσπερ

2420 2107 2541 2159 οὐδὲ
2573 2106 2752 2158 σέϐειν
2782 2105 2907 2159 ἄλλο
2949 2122 3002 2157 τι
3034 2104 3184 2174 παρά
3216 2103 3305 2156 τὸν
3337 2102 3468 2155 Θεὸν
3498 2100 3795 2173 προσῆκεν,
3830 2099 4004 2165 οὕτε-ις

2421 2198 2539 2251 οὐδὲ
2572 2200 2662 2250 ἐπὶ
2719 2197 2873 2251 ἄλλον
2936 2194 3174 2261 ἐλπίζειν
3227 2196 3257 2265 ἢ
3309 2196 3400 2248 ἐπὶ
3444 2194 3534 2247 τὸν
3568 2193 3699 2246 Θεὸν
3725 2191 3834 2246 τῶν
3861 2193 4002 2248 πάν-

2418 2307 2525 2343 των
2558 2291 2778 2360 Κύριον.
2823 2289 3019 2354 Ἐλπίς
3060 2288 3169 2358 γάρ
3203 2304 3323 2356 μου
3346 2327 3359 2350 ,
3396 2286 3563 2356 φησὶ,
3595 2285 3694 2338 καὶ
3734 2284 4002 2353 ῦμνησίς

2412 2401 2531 2452 μου
2561 2383 2670 2450 (fil)
2707 2386 2739 2436 ὀ
2765 2382 2996 2450 Κύριος.
3037 2379 3160 2442 Πῶς
3186 2379 3240 2431 δὲ
3277 2378 3491 2449 πρῶτον
3525 2377 3760 2448 σωθῆναι
3785 2374 4002 2446 εὔχετέι

2419 2477 2483 2526 ὲκ
2510 2474 2616 2526 τῶν
2640 2473 2962 2536 διωκόντων,
2998 2467 3113 2523 εἶτα
3136 2470 3394 2541 ρυσθῆναι
3421 2487 3434 2534 ;
3475 2468 3534 2521 Ἠ
3562 2469 3814 2537 διαστολὴ
3855 2468 4002 2536 σαφῆ

2421 2566 2635 2632 ποιήσει
2671 2564 2758 2615 τὸν
2791 2564 2965 2630 λόγον.
3003 2561 3213 2616 Σῶσον
3244 2563 3352 2633 γάρ
3388 2579 3464 2630 με
3506 2560 3574 2614 ἐκ
3616 2559 3856 2614 πάντων
3883 2557 4004 2612 τῶν

2421 2655 2752 2707 διωκόντων
2773 2672 2868 2720 με.
2895 2654 2989 2705 καὶ
3010 2655 3198 2720 ῥῦσαί
3217 2671 3294 2722 με
3311 2692 3326 2715 ,
3366 2653 3450 2721 μή
3485 2666 3627 2705 ποτε
3652 2650 3896 2720 ἁρπάσῃ
3923 2652 4004 2717 ὡς

2419 2746 2576 2800 λέων
2611 2744 2725 2812 τὴν
2748 2743 2957 2813 ψυχήν
2979 2762 3117 2812 μου.
3166 2744 3260 2806 Τίς
3294 2740 3386 2796 οὖν
3421 2745 3452 2812 ὴ
3490 2743 3720 2814 διαφορά
3766 2741 3860 2795 τοῦ
3899 2741 4006 2795 σώ-

2421 2837 2606 2904 ζεσθαι
2653 2839 2746 2891 καὶ
2787 2837 2880 2890 τοῦ
2937 2837 3160 2908 ῥύεσθαι
3218 2836 3362 2905 (32);
3413 2837 3531 2889 Ὅτι
3579 2837 3676 2905 τῆς
3724 2835 4003 2906 σωτηρίας

2423 2933 2520 3003 μὲν
2549 2930 2750 3002 κυρίως
2777 2931 2822 2982 οἰ
2853 2926 3203 2988 ἀσθενοῦντες
3228 2924 3508 2997 χρῄζουσι,
3535 2926 3627 2978 τοῦ
3655 2924 3919 2996 ρυσΟῆναι
3944 2924 4000 2978 δὲ

2421 3027 2470 3078 οἱ
2507 3025 2563 3078 ὲν
2587 3027 2652 3094 τῇ
2685 3021 3030 3093 αἰχμαλωσίᾳ
3075 3020 3448 3090 κατεχόμενοι.
3499 3017 3597 3070 Διά
3642 3016 3797 3068 τοῦτο
3825 3018 3852 3068 ὁ
3903 3016 4003 3086 μὲν

2421 3119 2477 3170 ὲν
2517 3115 2693 3186 ἐαυτῷ
2740 3115 2877 3185 ἔχων
2914 3113 3011 3184 τὴν
3049 3113 3361 3186 ἀσθένειαν,
3421 3112 3477 3162 ἐν
3516 3107 3692 3178 ἑαυτῷ
3732 3107 3787 3158 δὲ
3821 3105 4002 3159 λαϐὰν

2423 3210 2518 3280 τὴν
2552 3211 2768 3271 πίστιν,
2817 3208 2920 3261 ὑπὸ
2960 3209 3058 3278 τῆς
3105 3207 3308 3270 οἰκείας
3358 3205 3591 3267 πίστεως
3638 3205 4002 3272 οἰκονομεῖται

2423 3302 2557 3370 πρὸς
2589 3301 2646 3352 τὸ
2674 3299 2928 3368 σωθῆναι.
2967 3299 3027 3351 Ἠ
3055 3300 3256 3363 πίστις
3276 3296 3386 3366 γάρ
3410 3313 3549 3359 σου,
3583 3293 3734 3364 φησὶ,
3765 3287 4003 3345 σέσωκέ

2421 3408 2524 3444 σε’
2579 3394 2704 3453 καὶ,
2752 3391 3068 3457 Γενηθήτω
3120 3407 3216 3443 σοι
3260 3392 3338 3455 ὼς
3395 3390 3782 3451 ἐπίστευσας.
3840 3383 3900 3435 '0
3947 3380 4004 3434 δι

2421 3483 2647 3552 ὀφείλων
2675 3481 2784 3552 (55)
2823 3481 3082 3552 ῥυσοῆναι
3111 3481 3272 3551 τιμὴν
3307 3481 3505 3545 ἔξωθεν
3538 3479 3675 3550 ὑπὲρ
3708 3474 3873 3530 αὐτοῦ
3906 3491 4005 3527 κα-

2420 3573 2708 3644 τατεθῆναι
2751 3571 3068 3640 ὀφείλουσαν
3113 3569 3394 3639 ἀναμένει.
3447 3569 3502 3622 Ὀ
3536 3568 3713 3621 τοίνυν
3758 3564 3864 3618 ὑπὸ
3913 3564 4007 3616 τὸν

2422 3667 2650 3720 Θάνατον
2680 3663 2776 3725 ῶν,
2807 3664 2982 3728 εἰδὼς,
3019 3663 3101 3716 ὅτι
3132 3656 3212 3724 εἷς
3237 3664 3264 3713 ὁ
3298 3659 3504 3725 σώζων,
3537 3657 3615 3724 εἷς
3650 3663 3677 3713 ὁ
3701 3657 4006 3731 λυτρούμε-

2420 3777 2526 3823 νσς,
2571 3758 2700 3811 Ἐπὶ
2734 3757 2832 3810 σοὶ
2855 3797 2868 3820 ,
2906 3756 3066 3828 φησὶν
3088 3795 3101 3817 ,
3131 3753 3367 3822 ἤλπισα
3388 3794 3400 3816 ,
3431 3751 3637 3805 σῶσόν
3667 3768 3743 3818 με
3774 3750 3884 3803 ἀπὸ
3908 3750 4006 3818 τῆς

2422 3852 2742 3913 ἀσῦενείας,
2793 3850 2889 3903 καὶ
2941 3849 3128 3918 ῥῦσαί
3167 3864 3243 3917 με
3291 3846 3399 3899 ἀπὸ
3448 3846 3547 3914 τῆς
3609 3843 4007 3912 αἰχμαλωσίας.

2423 3940 2587 4013 Οἶμαι
2622 3944 2675 3995 δὲ
2702 3983 2715 4007 ,
2745 3945 2824 3995 ὅτι
2857 3945 2904 3994 οἱ
2935 3945 3166 4010 γενναῖοι
3198 3940 3290 3992 τοῦ
3319 3939 3453 3992 θεοῦ
3499 3935 3763 4008 ἀθληταὶ,
3809 3933 4007 3996 ἱκανῶς

2424 4035 2573 4103 παρὰ
2622 4034 2797 4086 πάντα
2828 4034 2917 4085 τὸν
2952 4033 3158 4085 ἑαυτῶν
3201 4033 3314 4100 βίον
3355 4034 3466 4093 τοῖς
3513 4030 3765 4101 ἀοράτοις
3794 4026 4008 4098 ἐχθροῖς

2426 4121 2947 4195 προσπαλαίσαντες,
2974 4120 3192 4172 ἐπειδὰν
3219 4120 3398 4180 πάσας
3444 4118 3620 4170 αὐτῶν
3651 4116 4009 4186 ὑπεκφύγωσι

2423 4220 2520 4280 τὰς
2547 4215 2775 4279 διώξεις,
2805 4214 2939 4283 πρὸς
2979 4212 3055 4282 τῷ
3088 4211 3228 4264 τέλει
3255 4210 3348 4263 τοῦ
3375 4209 3492 4280 βίου
3521 4210 3822 4280 γενόμενοι,
3862 4211 4010 4278 ερευο

2423 4307 2619 4361 νῶνται
2657 4305 2759 4358 ὑπὸ
2794 4303 2884 4356 τοῦ
2923 4304 3179 4372 ἄρχοντος
3227 4301 3318 4354 τοῦ
3364 4302 3588 4364 αἰῶνος,
3633 4302 3755 4366 ἵνα,
3799 4299 3864 4351 ἂν
3915 4301 4008 4367 μὲν

2425 4399 2716 4470 εὑρεθῶσιν
2751 4399 2965 4467 ἔχοντες
2995 4396 3279 4468 τραύματα
3310 4395 3416 4448 ἀπὸ
3443 4394 3552 4447 τῶν
3590 4391 4008 4462 παλαισμάτων,

2425 4489 2457 4558 ἢ
2491 4488 2710 4552 σπίλους
2744 4488 2914 4550 τινας,
2953 4489 3047 4540 καὶ
3071 4487 3272 4550 τύπους
3296 4485 3393 4556 τῆς
3421 4485 3714 4557 ἁμαρτίας.
3745 4498 4013 4552 κατασχε-

759 4578 1015 4639 macnlas,
1048 4587 1139 4629 aut
1177 4578 1379 4645 peccati
1415 4575 1641 4645 vestigia
1676 4575 1968 4628 retinuisse
1997 4613 2012 4638 ,
2043 4575 2322 4626 detinean-
2361 4581 2441 4664 Β(

2361 4611 2401 4664 D
2428 4580 2593 4633 οῶσιν
2619 4599 2631 4611 ·
2673 4581 2766 4633 ἐὰν
2797 4580 2852 4632 δὲ
2895 4580 3133 4650 ,ἄτρωτοι
3187 4579 3450 4650 εὑρεθῶσι
3508 4578 3601 4630 καὶ
3643 4576 3881 4638 ἄσπιλοι,
3938 4573 4011 4636 ὡς

754 4678 843 4722 tttr
872 4687 884 4722 :
916 4669 997 4722 sitt
1033 4679 1208 4721 autem
1245 4669 1591 4722 inveniantur
1625 4666 1951 4721 invulnerati
1993 4675 2047 4721 et
2097 4667 2325 4719 inteme-

761 4758 886 4825 rati,
913 4775 940 4812 a
971 4760 1186 4814 Christo
1213 4770 1469 4827 tanquam
1505 4758 1689 4810 invicti
1725 4767 1780 4809 ct
1805 4757 1958 4810 liberi
1996 4758 2048 4808 in
2079 4758 2320 4825 requiem

762 4851 1171 4907 transferantur.
1209 4849 1342 4906 Orat
1380 4850 1545 4919 igitur
1594 4863 1688 4917 pro
1716 4847 1821 4901 vita
1859 4850 2108 4916 praesenti
2141 4862 2195 4904 et
2242 4848 2323 4901 lu-

829 5008 873 5039 "
907 5008 1099 5063 Psalm.
1127 5024 1290 5068 cxm.
1317 5008 1367 5060 9.
1450 5004 1494 5035 "
1516 5004 1714 5058 Jercm.
1745 5018 1872 5065 χιιι,
1900 5003 1949 5056 5.

833 5171 942 5243 (51.)
969 5170 1096 5243 Yon
1116 5187 1215 5238 μου
1247 5167 1426 5243 addita
1455 5178 1535 5221 est
1567 5181 1628 5243 ex
1670 5166 1800 5243 lieg.
1829 5165 2067 5243 sefttntlo
2092 5166 2322 5243 et_Collt.

759 5233 934 5299 scito:
992 5233 1189 5292 lbidom
1240 5239 1505 5292 editiones
1569 5233 1850 5290 l'arisfet
1895 5233 2056 5288 Basil.
2087 5237 2203 5299 πῶς
2245 5237 2322 5291 δέ.

762 5316 918 5366 Deest
947 5311 1002 5362 δέ
1033 5312 1084 5362 in
1125 5324 1250 5362 mss.
1287 5308 1435 5361 llaud
1471 5307 1626 5374 longe
1659 5307 1768 5369 illa,
1807 5306 1880 5376 μὴ
1916 5306 2329 5377 ὄντοςλυτρου-

761 5385 946 5454 μένου,
993 5381 1125 5450 μηδὲ
1191 5378 1500 5454 σώζοντος,
1565 5377 1838 5454 adtlnntttr
1882 5379 1934 5429 itt
2003 5376 2327 5431 Colberttnis

759 5447 953 5523 quot-to
988 5447 1294 5523 et'septimo
1323 5459 1442 5518 post
1482 5462 1640 5523 voces
1666 5447 1844 5516 ψυχήν
1878 5462 1978 5516 μου
2016 5461 2048 5523 '_
2077 5449 2170 5499 sed
2200 5463 2322 5501 eum

761 5515 936 5578 desint
970 5526 1020 5575 itt
1044 5515 1162 5573 aliis
1194 5536 1287 5572 sex
1324 5515 1458 5572 inss.
1498 5515 1887 5584 videanturqtte
1916 5533 1948 5571 e
1999 5515 2323 5585 glossemate

762 5596 1000 5652 tinxisse,
1044 5593 1246 5645 idcirco
1276 5591 1516 5641 inserere
1545 5602 1604 5639 ea
1639 5588 1913 5640 eotttextui
1951 5588 2243 5640 noluimus.

831 5666 944 5732 (5:!)
975 5663 1198 5714 Codices
1222 5661 1426 5726 aliquot
1455 5657 1739 5732 ρυησρῆναι.
1776 5658 2095 5732 Subindein
2149 5659 2322 5732 tribus

763 5727 890 5788 mss.
915 5727 1106 5803 legitur
1143 5727 1524 5803 οἰκοδομεῖται.
1557 5727 1696 5803 Editi
1731 5727 2059 5803 vero_ct“a_l_i_i
2105 5729 2319 5803 quidam

764 5821 890 5858 mss.
952 5797 1334 5870 οἶκονομεῖταιξ
1385 5799 1502 5853 Mox
1553 5799 1727 5870 editio
1765 5797 1936 5850 Paris.
1993 5797 2205 5870 Σέσωκέ
2240 5815 2318 5857 σε,

765 5873 992 5942 πορεύου
1021 5875 1097 5934 εἰς
1131 5865 1370 5941 εἰρήνην,
1416 5871 1508 5920 καὶ
1540 5867 1841 5935 γενηθήτω,
1883 5878 1987 5921 etc.
2025 5865 2121 5918 Ubi
2174 5879 2323 5920 notat

2030 5005 2073 5035 ⁵⁰
2104 5006 2240 5061 Psal.
2273 5025 2396 5072 va,
2435 5013 2488 5075 5,
2521 5017 2571 5065 ti.

2430 4674 2726 4746 ἀκράτητοι
2765 4674 2935 4737 ὄντες,
2971 4673 3047 4734 ὡς
3075 4670 3347 4742 ἐλεύθεροι
3377 4672 3482 4723 ὑπὸ
3507 4668 3741 4740 Χριστοῦ
3769 4666 4012 4720 ἀναπαύο

2433 4783 2650 4818 σωνται.
2691 4765 2922 4834 Εὖχεται
2957 4760 3050 4818 οὖν
3077 4763 3200 4834 περί
3237 4779 3296 4814 τε
3339 4764 3438 4832 τῆς
3473 4759 3703 4813 ἐνταῦθα
3740 4759 3887 4828 ζωῆς
3920 4758 4014 4810 καὶ

2432 4858 2559 4926 περὶ
2597 4858 2692 4926 τῆς
2724 4856 3039 4927 μελλούσης.
3069 4855 3276 4910 Σῶσοιο
3303 4854 3410 4925 γάρ
3433 4870 3527 4923 με,
3561 4854 3746 4925 φησιν,
3778 4850 4012 4905 ἐνταῦθα

2651 5014 2691 5041 ⁵¹
2738 5010 2866 5066 Luc.
2896 5028 2988 5076 ιιι,
3029 5009 3118 5065 50.
3195 5011 3242 5040 "
3284 5007 3472 5063 Matth.
3520 5021 3639 5071 vnt,
3679 5006 3765 5060 15.

2434 5173 2516 5224 Vir
2547 5170 2949 5225 eruditissimus
2977 5168 3202 5222 Dncznus
3236 5167 3347 5230 illa,
3382 5163 3616 5234 πορεύου
3642 5163 3722 5224 εἰς
3764 5161 4010 5231 εἰρήνην,

2433 5244 2615 5294 addita
2653 5240 2819 5296 fuisse
2871 5257 2935 5295 ex
2974 5240 3115 5292 Oliv.
3145 5249 3197 5291 et
3219 5233 3465 5305 Anglicis
3500 5250 3513 5284 :
3552 5247 3672 5305 quae
3696 5235 3862 5305 verba
3907 5233 4011 5302 legi

2430 5326 2647 5378 quoque
2679 5314 2728 5364 in
2760 5312 2967 5365 duobus
2999 5309 3182 5379 Regiis
3225 5302 3355 5379 mss.
3410 5321 3539 5379 non
3579 5302 4008 5379 dissitttulatnus.

2433 5370 2538 5435 Sed
2562 5370 2778 5444 tamen,
2807 5397 2929 5435 cum
2978 5370 3287 5433 Ittec'verba
3329 5377 3381 5430 in
3415 5375 3651 5430 editione
3704 5370 4007 5427 Basileensi

2433 5453 2635 5514 desint,
2663 5463 2718 5505 et
2743 5453 2796 5505 in
2827 5451 3072 5518 plurimis
3099 5465 3254 5510 mss.,
3273 5461 3505 5513 cumque
3524 5454 3785 5513 praeterea
3810 5444 4012 5518 seriem

2432 5523 2695 5576 orationis
2755 5515 3155 5589 interrumpere
3194 5520 3498 5579 videantur,
3533 5515 3894 5584 expungenda
3947 5525 4011 5566 ea

2432 5607 2760 5646 CQIISIIIIIHIS.

2506 5661 2619 5729 (55)
2655 5663 2745 5716 Sic
2775 5671 2979 5728 septem
3018 5675 3146 5714 mss.
3179 5673 3332 5729 atque
3357 5671 3419 5710 ac
3450 5655 3722 5729 editiones
3745 5651 3926 5729 Paris.
3954 5661 4010 5729 et

2433 5722 2611 5855 gitti;
2639 5737 2705 5788 At
2745 5722 2892 5788 Coll).
2939 5742 3164 5786 intortus
3210 5722 3265 5785 ei
3293 5728 3495 5783 Catena
3527 5725 3863 5782 Corderiana
3905 5722 4011 5778 ὁδὶ

2465 5818 2621 5855 ελων.

2465 5818 2621 5856 ελων.
