4260 6506
262 495 363 548 253

1438 488 1719 543 IIOMILIA
1757 490 1821 543 IN
1861 489 2186 544 I’SALML‘M
2230 490 2336 544 VII.

3395 482 3498 535 9.31

259 603 378 658 ἀπὸ
416 599 530 654 τῶν
566 601 900 656 διωκόντων
935 601 1044 672 (54)
1066 618 1079 632 ·
1120 602 1306 669 ῥῦσαι
1344 601 1402 654 δέ
1433 618 1509 671 με
1533 603 1646 654 ἐκεῖ
1675 605 1730 655 ἐν
1756 603 1832 674 τῷ
1863 613 1906 667 Α
1940 619 1941 634 π

1819 605 1832 656 ’i
1863 613 1906 667 Α
1940 613 2083 662 tura.
2117 606 2332 660 Salvum
2357 606 2522 670 enim,
2557 606 2748 677 tnquit,
2780 620 2856 656 tne
2881 603 2988 671 fac,
3027 600 3116 653 hic
3143 615 3172 650 a
3197 613 3501 668 persequen-

262 692 436 763 καιρῷ
469 693 567 763 τῆς
595 693 839 764 ἐρεύνης,
867 692 951 761 μή
981 709 1125 747 ποτε
1162 693 1404 763 ἁρπάσῃ
1437 694 1516 758 ὡς
1546 694 1701 747 λέων
1723 697 1835 765 τὴν

260 785 470 854 ψυχήν
490 804 630 855 μου.
667 786 775 839 Καὶ
802 785 974 837 ταῦτα
1020 785 1207 856 μάθοις
1240 787 1304 840 ἂν
1332 786 1387 852 ἐξ
1424 785 1585 838 αὑτοῦ
1614 786 1704 837 τοῦ
1728 789 1832 841 Ku-

262 879 378 947 ρίου
415 878 662 946 λέγοντος
708 877 834 946 περὶ
867 877 958 930 τὸν
999 879 1184 949 καιρὸν
1230 878 1320 932 τοῦ
1364 877 1602 939 πάΟουςσ
1643 878 1770 930 Νῦν
1802 883 1834 933 ό

260 969 456 1040 ἄρχων
497 970 601 1024 τοῦ
631 970 860 1037 κόσμου
893 971 1105 1024 τούτου
1149 972 1415 1039 ἔρχεται,
1470 968 1567 1019 καὶ
1609 969 1675 1020 ἐν
1707 971 1832 1039 ἐμοὶ

259 1061 376 1122 ἕξει
427 1059 623 1114 οὐδέν.
690 1060 828 1114 Ἀλλ’
861 1065 890 1115 ὁ
946 1064 1071 1132 μὲν,
1132 1063 1204 1132 μὴ
1262 1061 1489 1129 ποιήσας
1539 1061 1828 1132 ἁμαρτίαν,

261 1155 442 1220 ἔλεγεν
466 1152 607 1222 ἔχειν
635 1153 787 1208 οὐδέν
810 1173 821 1182 ’
855 1153 1124 1224 ἀνθρώπῳ
1152 1152 1208 1203 δέ
1243 1149 1509 1220 αῦταρκες
1535 1190 1548 1213 ,
1588 1154 1681 1208 ἐὰν
1711 1152 1832 1204 τολ-

265 1249 413 1316 μήσῃ
441 1249 611 1300 εἰπεῖν
637 1286 650 1309 ,
684 1249 764 1299 ὅτι
792 1247 1042 1315 Ἔρχεται
1073 1245 1101 1294 ὁ
1134 1244 1312 1312 ἄρχων
1341 1242 1434 1295 τοῦ
1471 1245 1672 1316 κόσμου
1713 1243 1834 1295 τού-

260 1356 376 1403 του,
408 1340 501 1393 καὶ
530 1341 587 1391 ἐν
630 1338 751 1407 ἐμοὶ
800 1335 909 1399 ἕξει
949 1335 1103 1402 ὀλίγα
1137 1335 1231 1386 καὶ
1276 1335 1464 1405 μικρά.
1493 1336 1745 1396 Κίνδυνος
1777 1334 1832 1386 δὲ

259 1429 431 1484 ταῦτα
465 1430 673 1490 παθεῖν,
706 1426 798 1479 ἐὰν
829 1426 902 1496 μὴ
925 1426 1134 1496 ἔχωμεν
1159 1425 1248 1478 τὸν
1280 1424 1636 1498 λυτρούμενον
1661 1425 1828 1495 ἡμᾶς,

265 1523 397 1593 μηδέ
431 1522 520 1572 τὸν
551 1517 808 1582 σώζοντα.
862 1518 1003 1589 Πρὸς
1032 1519 1100 1571 τά
1127 1517 1219 1571 δύο
1260 1519 1325 1571 τά
1368 1521 1698 1589 προκείμενα
1741 1516 1832 1566 δύο

261 1614 376 1665 ἐστὶ
406 1610 476 1662 τά
505 1611 845 1682 ἐπαγόμενα·
877 1609 1085 1664 Σῶσόν
1099 1626 1173 1678 με
1196 1609 1262 1661 ἐκ
1293 1608 1396 1661 τοῦ
1425 1609 1693 1675 πλήθους
1716 1604 1832 1656 τῶν

260 1701 596 1754 διωκόντων
621 1718 716 1769 με,
749 1700 846 1752 καὶ
867 1699 1050 1766 ῥῦσαι
1084 1699 1194 1768 (55)
1221 1739 1233 1762 ,
1271 1699 1356 1750 ἵνα
1386 1699 1458 1768 μή
1489 1714 1617 1749 ποτε
1648 1697 1827 1764 ἁρπα-

264 1791 396 1855 σθῶ,
425 1792 498 1856 ὡς
525 1793 598 1863 μὴ
625 1792 774 1855 ὄντος
798 1791 1185 1860 λυτρουμένου.

329 1883 382 1936 5.
406 1885 577 1950 Κύριε
596 1886 626 1936 ό
651 1883 792 1946 Θεός
809 1898 946 1949 μου,
979 1883 1028 1934 εὶ
1061 1881 1318 1945 ἐποίησα
1355 1880 1546 1943 τοῦτο,
1573 1884 1624 1934 εὶ
1660 1882 1830 1935 ἐστιν

260 1972 460 2026 ἀδικία
490 1974 559 2025 ἐν
601 1974 772 2041 χερσί
808 1989 946 2041 μου,
979 1973 1031 2024 ει
1077 1969 1460 2024 ἀπαπὲδωκα
1498 1972 1618 2036 τοῖς
1647 1975 1825 2026 ἀντα-

261 2063 580 2118 ποδιόοῦσί
606 2082 706 2134 μοι
765 2064 938 2125 κακὰ,
989 2061 1347 2130 ἀποπέσοιμι
1401 2062 1512 2129 ἄρα
1553 2064 1669 2116 ἀπὸ
1715 2064 1831 2117 τῶν

257 2153 487 2223 ἐχθρῶν
503 2173 622 2224 μου
667 2154 858 2220 κενός.
889 2151 1250 2215 Καταδιώξαι
1284 2151 1397 2219 ἄρα
1428 2155 1459 2204 ό
1489 2151 1698 2219 ἐχθρὸς
1720 2154 1832 2218 τὴν

260 2245 474 2314 ψυχήν
490 2264 628 2316 μου,
663 2246 758 2299 καὶ
783 2243 1124 2299 καταλάϐοι.
1167 2242 1398 2313 ξύνηθες
1428 2244 1492 2312 τῇ
1543 2243 1727 2313 Γραφῇ
1773 2243 1832 2296 τὸ

257 2337 361 2407 τῆς
403 2340 804 2401 άνταποδόσεως
841 2339 1010 2407 δνομα
1037 2337 1134 2388 οὐκ
1168 2337 1259 2388 ἐπὶ
1297 2335 1404 2388 τῶν
1437 2335 1826 2406 νομιζομένων.

259 2429 336 2490 ῶς
363 2429 702 2500 ὑπάρξαντὸς
727 2446 872 2490 τινος
902 2427 1105 2494 ἀγαθοῦ
1137 2428 1168 2496 ἢ
1200 2427 1393 2490 κακοῦ,
1438 2429 1594 2497 μόνον
1628 2428 1831 2498 λαμϐά-

257 2536 392 2582 νειν,
421 2519 557 2573 ἀλλά
602 2521 695 2573 καὶ
749 2517 976 2572 ἐπὶτῶν
1026 2519 1567 2590 προκαταρχομένων·
1619 2519 1692 2581 ὡς
1739 2521 1831 2571 ἐπὶ

256 2611 374 2676 τοῦ,
416 2611 765 2678 Ἀνταπόὸος
790 2611 868 2678 τῷ
894 2612 1091 2678 δούλῳ
1113 2627 1249 2665 σου.
1291 2609 1435 2662 Ἀντὶ
1479 2609 1587 2679 γὰρ
1625 2609 1716 2662 τοῦ
1751 2612 1830 2662 εί-

258 2705 403 2764 πεῖν,
438 2704 555 2766 Δὸς,
583 2703 818 2775 εἴρηται,
858 2703 1231 2768 Ἀνταπόδος.
1260 2701 1412 2764 Δόσις
1439 2702 1535 2771 μὲν
1557 2697 1649 2753 οὖν
1688 2703 1832 2753 ἐστιν

258 2794 292 2863 ἡ
327 2795 572 2863 καταρχὴ
616 2795 712 2864 τῆς
745 2795 1010 2856 εὐποιίας,
1037 2793 1287 2856 ἀπόδοσις
1311 2793 1416 2862 δὲὴ
1445 2791 1539 2845 τοῦ
1583 2794 1695 2846 ἴσου
1735 2794 1833 2846 ἀν·-

256 2886 577 2955 τιμέτρησις
600 2885 750 2955 παρά
777 2884 870 2936 τοῦ
899 2881 955 2937 εὖ
981 2884 1302 2946 πεπονθότος
1326 2885 1452 2953 (56)’
1486 2886 1830 2948 ἀνταπόδοσις

257 2978 316 3030 δὲ
349 2977 577 3046 δευτέρα
603 2993 686 3040 τις
717 2975 858 3047 ἀρχὴ
893 2976 987 3028 καὶ
1016 2975 1259 3046 περίοδος
1293 2975 1398 3026 τῶν
1430 2976 1830 3046 καταϐαλλομέ-

257 3088 365 3122 νων
391 3070 470 3132 εῐς
496 3087 646 3132 τινας
680 3069 898 3137 ἀγαθῶν
931 3070 963 3138 ἢ
996 3067 1199 3120 κακῶν.
1245 3064 1406 3137 Οἶμαι
1447 3068 1524 3129 δὲ,
1557 3069 1681 3120 ὅταν
1713 3070 1832 3120 ἀντὶ

255 3161 357 3229 τῆς
381 3161 645 3231 αἰτήσεως
684 3161 847 3213 οἱονεὶ
874 3160 1167 3228 ἀπαίτησίν
1207 3177 1324 3211 τινα
1352 3157 1670 3228 ποιούμενος
1701 3161 1728 3210 ό
1756 3159 1833 3209 λό·

256 3270 353 3322 γος
375 3255 472 3325 τὴν
502 3256 852 3309 ἀνταπόδοσιν
870 3255 1120 3325 ἐπιζητῇ,
1148 3253 1381 3307 τοιοίτόν
1401 3270 1520 3306 τινα
1544 3253 1666 3306 νοῦν
1687 3271 1828 3324 παρ-
1857 3292 1899 3348 C

259 3347 402 3416 ιστᾷ·
433 3347 533 3410 ὅτι,
579 3349 650 3401 Τὸ
689 3349 840 3420 παρά
880 3351 977 3421 τῆς
1017 3351 1227 3418 φύσεως
1279 3345 1587 3414 ἀναγκαίως
1622 3346 1830 3415 ὀφειλό-

259 3455 422 3508 μενον
454 3440 550 3509 τῆς
584 3441 892 3510 ἐπιμελείας
917 3443 1072 3512 χρέος
1106 3443 1216 3503 τοῖς
1250 3441 1488 3507 ἐγγόνοις
1527 3439 1672 3506 παρά
1723 3440 1828 3492 τῶν

255 3531 659 3600 γεννησάντων,
693 3533 850 3584 τοῦτό
880 3550 964 3602 μοι
1005 3533 1305 3602 παράσχου.
1331 3533 1692 3602 Χρεωστεῖται
1721 3531 1827 3603 γὰρ

254 3627 466 3690 τέκνοις
497 3627 645 3697 παρά
679 3628 881 3697 πατρὸς
931 3625 1071 3678 κατά
1103 3627 1200 3694 τὴν
1245 3626 1474 3695 φυσικὴν
1528 3625 1755 3696 στοργήν
1793 3628 1824 3696 ἡ

256 3717 387 3786 περὶ
433 3716 526 3769 τοῦ
555 3716 670 3786 βίου
727 3718 970 3788 πρόνοια.
1018 3717 1316 3788 Ὀφείλουσι
1360 3715 1486 3786 γὰρ,
1551 3717 1730 3786 φησιν,
1779 3719 1824 3768 οἱ

254 3812 434 3877 γονεῖς
455 3811 567 3872 τοῖς
600 3809 809 3871 τέκνοις
841 3807 1209 3879 θησαυρίζειν,
1246 3809 1330 3859 ἵνα
1365 3807 1498 3878 πρὸς
1528 3806 1602 3876 τῷ
1626 3806 1722 3876 ζῇν
1748 3807 1825 3858 ἔτι

255 3902 352 3954 καὶ
378 3901 472 3964 τὰς
503 3901 642 3954 κατὰ
671 3901 760 3953 τὸν
793 3899 904 3969 βίον
929 3901 1109 3962 αὐτοῖς
1141 3899 1390 3970 ἀφορμὰς
1419 3898 1823 3968 παράσχωνται.

256 3990 508 4043 Τοιοῦτόν
543 3993 657 4044 ἐστι
690 3990 944 4053 πολλάκις
977 3990 1068 4042 ἐπὶ
1081 3989 1180 4059 τῆς
1211 3989 1427 4059 Γραφῆς
1459 3990 1514 4040 ἐν
1544 3992 1661 4051 ταῖς
1693 4005 1825 4058 προ-

257 4085 648 4149 καταρκτικαῖς
665 4082 964 4152 ἐνεργείαις
982 4081 1040 4134 τὸ
1066 4081 1310 4150 ἁπόδομα
1333 4082 1363 4150 ἢ
1396 4080 1454 4134 τὸ
1483 4081 1826 4152 ἀνταπόδομα

258 4171 840 4244 παραλαμϐανόμενον.
869 4174 980 4225 Νῦν
1018 4174 1073 4224 δὲ
1105 4173 1245 4225 ἔοικε
1271 4174 1532 4244 θαρρεῖνὸ
1563 4173 1733 4241 λέγων
1751 4175 1826 4244 τῷ

260 4265 335 4335 μὴ
371 4264 771 4318 ἀντιδεδωκὲναι
817 4267 928 4327 τοῖς
963 4265 1367 4317 ἀνταποδιδοῦσι
1399 4264 1562 4331 κακὰ,
1594 4265 1666 4335 μὴ
1701 4268 1825 4318 ἀντ-

255 4356 646 4410 αποδεδωκέναι
668 4357 737 4410 τὰ
753 4357 1010 4426 ὃμοια.Εὶ
1033 4351 1144 4410 οὖν
1175 4357 1428 4421 ἐποίησα
1459 4356 1826 4417 τοῦτο,καὶεί

254 4447 643 4501 ἁνταπέὂωκα
667 4447 787 4512 τοῖς
802 4447 1269 4501 ἁνταποδιὸοῡσί
1290 4464 1389 4514 μοι
1414 4447 1583 4511 κακὰ,
1605 4448 1826 4501 ἀποπέ-

254 4551 418 4604 σοιμι
451 4536 562 4604 ἄρα
593 4539 710 4592 ἀπὸ
731 4538 847 4592 τῶν
876 4537 1103 4606 ἐχθρῶν
1125 4554 1241 4605 μου
1267 4537 1457 4601 κενός.
1499 4539 1666 4600 Κενὸς
1693 4540 1826 4591 ἀποι-

256 4629 444 4680 πίπτει
499 4629 606 4682 ἀπὸ
635 4630 740 4682 τῶν
798 4630 1006 4701 ἐχθρῶν
1053 4629 1081 4680 ὁ
1127 4629 1222 4698 τῆς
1265 4630 1479 4700 χάριτος
1514 4630 1611 4700 τῆς
1643 4632 1704 4682 ἐκ
1728 4631 1818 4684 τοῦ
1853 4662 1897 4717 D

255 4718 616 4790 πληρώματος
641 4721 733 4773 τοῦ
752 4721 987 4791 Χριστοῦ
1023 4721 1288 4776 ἐκπεσών.
1323 4721 1681 4784 Καταδιώξαι
1709 4722 1822 4790 ἆρα

253 4816 287 4865 ό
313 4812 521 4881 ἐχθρὸς
546 4813 658 4881 τὴν
683 4815 892 4882 ψυχήν
913 4833 1050 4883 μου,
1085 4815 1179 4868 καὶ
1208 4814 1549 4877 καταλάϐοι,
1584 4817 1679 4868 καὶ
1713 4834 1818 4866 κα-

252 4904 590 4971 ταπατῆσαι
621 4909 707 4970 εἰς
733 4906 849 4975 γῆν
873 4906 986 4974 τὴν
1005 4906 1154 4971 (lativ-
1179 4925 1316 4976 μου.
1347 4907 1452 4959 Τοῦ
1487 4910 1581 4977 μὲν
1610 4907 1814 4960 δικαίου

253 4993 289 5063 ἡ
337 4993 501 5064 ψυχὴν
559 4998 897 5068 χωριζομένη
945 4997 1042 5066 τῆς
1095 4999 1228 5068 πρὸς
1279 4999 1339 5050 τὸ
1397 4999 1551 5069 σῶμα
1599 5016 1814 5068 συμπα-

253 5082 403 5146 θείας
435 5086 566 5155 (57),
596 5090 692 5160 τὴν
717 5089 857 5158 ζωὴν
887 5087 999 5157 ἔχει
1043 5089 1426 5160 κεκρυμμένην
1461 5091 1554 5142 σὺν
1578 5089 1654 5160 τῷ
1682 5092 1816 5160 Χρι-

327 5199 372 5230 ³³
407 5197 560 5254 Joan.
608 5218 715 5268 xw,
757 5201 844 5256 50,
939 5201 983 5233 ⁵⁸
1024 5201 1164 5255 ΓεειΙ.
1211 5218 1399 5266 cxvm,
1446 5204 1529 5256 17.

328 5293 441 5359 (54)
467 5291 555 5345 Sic
583 5295 817 5362 quinque
849 5309 977 5348 mss.
1007 5292 1136 5361 Reg.
1173 5309 1309 5347 unus
1351 5304 1404 5348 et
1445 5295 1594 5349 Coll).
1629 5309 1812 5350 sextus

249 5362 714 5416 καταδιωκόντων.
747 5365 1016 5417 Editioues
1047 5362 1210 5416 Basil.
1243 5374 1297 5415 et
1321 5364 1489 5416 Paris.
1527 5377 1580 5417 et
1607 5367 1806 5420 Catena

251 5437 474 5486 tiorder.
510 5433 949 5486 καταδιωκόντων
985 5450 1049 5502 με
1081 5451 1092 5486 :
1119 5434 1208 5486 sed
1247 5433 1396 5494 illud,
1441 5452 1531 5502 με,
1567 5436 1619 5488 in
1667 5436 1809 5489 nullo

252 5453 474 5486 Luruer.
510 5453 949 5486 καταοιωκοντων
985 5453 1049 5502 με
1081 5453 1092 5486 2
1119 5453 1208 5486 seu
1247 5453 1396 5494 Illlltl,
1484 5453 1531 5492 Ξ,
1568 5453 1619 5488 In
1667 5453 1809 5489 IIIIIIO

252 5516 355 5575 tus.
383 5505 664 5575 reperitur,
695 5504 795 5556 nisi
839 5505 976 5575 forte
1011 5506 1061 5556 in
1095 5518 1221 5556 uno.
1276 5502 1393 5558 Mox
1441 5453 1578 5575 Itieg.
1620 5508 1811 5559 tertius

252 5572 413 5643 habet
443 5573 684 5643 εὑρίσκει
715 5589 809 5642 pro
833 5574 963 5639 ἕξει.

324 5642 436 5710 (55)
498 5642 916 5716 (ΣοΙὺηιιιιίιγιιιβ
969 5643 1302 5716 διωκόντων,
1349 5647 1441 5697 καὶ
1501 5645 1660 5715 ρῦσαί
1723 5664 1810 5716 με.

253 5710 450 5762 Ibidem
509 5710 773 5782 reperitur
817 5713 907 5765 τοῦ
969 5715 1019 5766 in
1063 5710 1331 5783 aliquibus
1375 5710 1512 5768 mss;
1560 5730 1686 5769 ante
1716 5710 1809 5768 λυο

250 5783 570 5853 ⁸τρουμένου.
607 5783 746 5836 Infra
789 5785 837 5835 in
877 5800 982 5836 uno
1015 5801 1114 5839 ms.
1151 5789 1368 5853 perinde
1396 5803 1457 5838 ac
1494 5791 1543 5838 in
1607 5787 1811 5839 Catena

249 5851 470 5970 (intidem
541 5868 636 5922 pro
687 5852 1056 5923 νομιζομένων
1118 5851 1314 5926 legitur
1371 5855 1776 5925 ἀντιδιδομένων

253 5935 331 5970 IIII
359 5939 404 5970 (Σ.

253 5935 404 5973 "HIC.

1617 5205 1664 5235 "
1704 5205 1740 5259 II
1774 5206 1895 5261 Cor.

1940 698 2078 750 tibus
2106 715 2221 761 me;
2251 698 2417 750 libera
2452 713 2530 750 nte
2563 713 2690 752 vero
2718 697 2828 754 illic
2856 705 3098 765 tempore
3123 691 3410 754 examinis,
3440 707 3502 744 ne

1939 798 2146 855 quando
2171 791 2339 856 rapiat
2373 798 2428 842 ut
2451 790 2530 843 leo
2571 791 2796 843 animam
2833 803 3025 842 meam.
3057 787 3120 840 Et
3146 785 3260 839 haec
3288 799 3353 837 ex
3387 788 3501 852 ipso

1938 879 2163 936 Domino
2211 881 2419 934 discere
2460 892 2633 949 potes,
2667 881 2808 934 circa
2847 893 2957 934 suae
2989 877 3256 945 passionis
3292 883 3500 940 tempus

1935 972 2145 1026 dicente
2174 993 2186 1027 :
2222 970 2381 1025 Nunc
2410 972 2648 1039 princeps
2677 971 2833 1038 hujus
2867 971 3046 1024 mundi
3073 971 3229 1031 venit,
3262 979 3306 1022 et
3339 970 3391 1022 in
3420 985 3500 1020 me

1943 1079 2047 1114 non
2065 1066 2268 1117 habebit
2287 1062 2647 1133 quidquam".
2674 1061 2958 1114 Enimvero
2975 1064 3061 1132 qui
3088 1069 3363 1131 peccatum
3392 1076 3496 1111 non

1935 1156 2252 1221 admiserat,
2287 1155 2420 1210 nihil
2467 1155 2668 1208 habere
2700 1153 2909 1207 dicebat
2935 1169 2948 1215 ;
2979 1156 3107 1207 satis
3133 1162 3311 1207 autem
3338 1148 3498 1202 fuerit

1937 1245 2172 1309 homini,
2220 1249 2261 1300 si
2306 1248 2502 1300 audeat
2539 1244 2718 1298 dicere
2766 1265 2777 1297 :
2833 1245 2991 1297 Venit
3034 1246 3281 1312 princeps
3313 1243 3495 1296 mundi

1938 1335 2116 1402 hujus,
2152 1347 2205 1389 et
2235 1339 2284 1389 in
2319 1353 2404 1392 me
2435 1336 2650 1391 habehit
2697 1351 2863 1402 pauca
2899 1345 2950 1388 et
2979 1349 3159 1404 parva.
3193 1337 3258 1387 At
3289 1335 3497 1400 pericu-

1936 1428 2042 1479 lum
2080 1437 2253 1481 estne
2301 1428 2412 1481 haec
2445 1428 2718 1490 accidant,
2754 1427 2854 1480 nisi
2887 1427 3024 1478 adsit
3048 1425 3135 1493 qui
3167 1425 3411 1486 redimat,
3445 1435 3497 1475 et

1935 1519 2110 1570 salvos
2137 1532 2233 1571 nos
2265 1517 2444 1570 iaciat.
2488 1517 2704 1570 Duobus
2730 1519 3016 1587 prepositis
3040 1519 3142 1569 duo
3166 1516 3496 1584 suhjnngun-

1936 1619 2039 1662 tur.
2065 1608 2283 1662 Salvum
2307 1623 2385 1659 nte
2413 1610 2498 1675 fac
2525 1624 2589 1660 ea:
2607 1611 2942 1662 multitudine
2966 1608 3376 1677 persequentium
3398 1621 3494 1666 me,

1933 1709 1983 1751 et
2016 1699 2179 1752 libera
2230 1715 2330 1758 me,
2379 1713 2443 1750 ne
2473 1703 2688 1756 attendo
2723 1701 2918 1769 rapiar,
2954 1703 3105 1766 quasi
3141 1714 3244 1752 non
3288 1699 3358 1749 sit
3405 1697 3496 1763 qui

1935 1793 2176 1845 redimat.

2002 1885 2054 1936 3.
2099 1883 2260 1939 Vens.
2291 1884 2405 1938 4-6.
2448 1882 2665 1936 Domine
2699 1883 2836 1936 Deus
2865 1900 3028 1945 mens,
3062 1884 3109 1935 si
3138 1882 3232 1947 feci
3272 1883 3493 1940 istud,si

1933 1987 2004 2028 est
2035 1977 2284 2046 iniquitas
2316 1979 2372 2031 in
2414 1977 2656 2030 manibus
2683 1975 2832 2040 meis,
2861 1975 2904 2028 si
2939 1976 3141 2026 reddidi
3168 1973 3499 2025 retribuenti~

1933 2069 2026 2120 bus
2052 2069 2180 2120 mihi
2213 2068 2375 2130 mala,
2401 2071 2633 2121 decidam
2658 2083 2778 2138 ergo
2807 2069 2870 2119 ab
2902 2067 3127 2118 inimicis
3152 2066 3275 2118 meis
3298 2064 3494 2116 inanis.

1941 2161 2288 2228 Perseqnatur
2332 2177 2453 2227 ergo
2483 2161 2727 2214 inimicus
2767 2161 2997 2213 animant
3040 2174 3236 2219 nteant,
3270 2166 3315 2210 et
3351 2172 3496 2209 com-

1930 2253 2237 2321 prehendat.
2279 2251 2558 2322 Scriptura
2601 2266 2706 2303 non
2755 2250 2925 2304 solum
2975 2259 3192 2318 recepto
3221 2263 3367 2301 more
3408 2263 3494 2300 re-

1932 2344 2236 2398 tributionis
2261 2359 2454 2399 nomen
2481 2356 2744 2412 usurpare
2785 2342 2940 2404 solet,
2973 2357 3092 2393 cum
3128 2341 3372 2394 videlicet
3406 2339 3498 2392 bo-

1932 2451 2056 2489 num
2107 2435 2320 2504 aliquod
2357 2444 2450 2487 aut
2501 2433 2700 2486 malum
2741 2433 3051 2500 prmcessit,
3102 2433 3194 2486 sed
3240 2433 3292 2484 in
3342 2431 3498 2486 initio

1929 2528 2089 2580 etiam
2136 2527 2442 2586 actionum;
2497 2534 2553 2575 ut
2587 2523 2638 2576 in
2687 2524 2788 2577 hoc
2833 2523 2950 2578 loco
2993 2541 3004 2574 :
3063 2521 3307 2574 lletribue
3349 2535 3496 2572 servo

1931 2629 2016 2670 tuo
2045 2617 2108 2670 “.
2141 2615 2275 2669 Cum
2303 2614 2443 2668 enim
2475 2613 2654 2668 dicere
2683 2614 2990 2677 debuisset,
3048 2613 3258 2666 tribue:
3293 2612 3493 2665 dictum

1931 2719 2030 2770 est,
2064 2706 2329 2762 Retribue.
2369 2707 2503 2760 Dare
2529 2705 2716 2777 igitur,
2740 2705 2952 2758 initium
2979 2715 3061 2759 est
3084 2705 3492 2759 benefaciendi:

1934 2799 2152 2853 reddere
2178 2812 2324 2862 vero,
2353 2799 2491 2851 actio
2520 2798 2634 2865 ejus
2655 2797 2748 2865 qui
2788 2795 3103 2852 benelicium
3133 2795 3363 2862 accepit,
3398 2810 3496 2864 par

1930 2894 2041 2963 pari
2097 2891 2414 2955 referentis;
2454 2891 2736 2944 retributio
2777 2900 2952 2943 autem
2987 2889 3278 2943 secundum
3319 2888 3493 2956 quod-

1931 2989 2049 3041 dam
2098 2995 2179 3039 est
2227 2984 2572 3054 principium,
2617 2996 2681 3036 ac
2729 2981 3045 3034 vicissitudo
3095 2981 3354 3032 bonorum
3401 2987 3493 3030 aut

1933 3080 2189 3130 malorum
2231 3077 2389 3146 100
2419 3077 2468 3129 in
2495 3074 2755 3144 quosdam
2781 3072 3115 3127 collatorum.
3142 3070 3252 3123 Mea
3276 3071 3493 3139 quidem

1931 3169 2218 3231 sententia,
2251 3183 2374 3221 cum
2406 3181 2585 3220 sermo
2623 3180 2722 3234 pro
2756 3163 3016 3233 petitione
3050 3178 3245 3216 nomen
3271 3161 3492 3214 adhibet

1933 3257 2083 3322 quasi
2110 3257 2444 3326 repetitionis
2467 3256 2713 3324 alicujus,
2731 3265 2782 3311 et
2806 3255 3214 3308 retributionem
3245 3253 3488 3322 requirit,

1935 3348 2093 3401 talem
2120 3348 2404 3415 quemdam
2431 3363 2664 3411 ,scnsum
2712 3348 2930 3416 prrelert
2977 3363 2990 3399 :
3047 3344 3403 3399 Providentia:
3430 3358 3494 3396 ac

1931 3455 2073 3493 mra:
2105 3439 2366 3503 debitum,
2398 3438 2539 3506 quod
2573 3446 2761 3490 natura
2797 3437 3102 3491 necessario
3123 3452 3148 3487 a
3175 3436 3492 3504 parentibus

1933 3531 2052 3584 liliis
2079 3530 2322 3594 debetur,
2346 3531 2446 3584 hoc
2473 3529 2601 3583 mihi
2631 3528 2845 3584 exhibe.
2879 3529 3086 3583 Liberis
3110 3528 3254 3582 enim
3282 3543 3308 3581 a
3342 3536 3495 3596 patre

1929 3623 2220 3677 secundum
2249 3621 2544 3675 naturalem
2577 3636 2817 3674 amorem
2846 3622 3068 3674 debetur
3096 3634 3271 3673 rerum
3305 3620 3372 3672 ad
3409 3619 3491 3669 vi-

1930 3727 2035 3769 tam
2057 3712 2436 3782 pertinentium
2467 3726 2617 3764 cura.
2650 3709 2852 3764 Debent
2878 3710 3042 3773 enim,
3074 3710 3270 3778 inquit,
3300 3722 3501 3776 paren-

1930 3816 2010 3859 tes
2043 3805 2166 3858 ﬁliis
2210 3804 2576 3857 thesaurizare
2602 3805 2668 3866 ",
2701 3813 2758 3856 ut
2783 3813 2976 3872 praater
3000 3802 3195 3861 vitam,
3226 3802 3400 3852 adhuc
3439 3808 3494 3852 et

1927 3897 2135 3951 vivendi
2167 3897 2403 3950 subsidia
2439 3897 2517 3950 eis
2551 3898 2985 3950 subministrent.
3018 3892 3074 3946 In
3108 3893 3292 3962 primis
3323 3892 3489 3946 actio-

1930 3991 2084 4042 nibus
2113 4004 2250 4057 szepe
2279 3991 2344 4041 ad
2380 3991 2520 4044 hunc
2548 3991 2764 4040 modum
2797 3987 2850 4040 in
2883 3985 3163 4054 Scriptura
3202 3995 3490 4054 usurpatur

1930 4078 2180 4141 redditio,
2211 4093 2302 4132 seu
2335 4079 2636 4130 retributio.
2672 4075 2822 4130 Nunc
2855 4086 3030 4129 autem
3060 4075 3315 4144 propheta
3346 4076 3396 4128 in
3425 4090 3488 4128 eo

1927 4172 2134 4224 videtur
2163 4168 2457 4235 condidere,
2492 4171 2634 4238 quod
2678 4185 2773 4224 nec
2816 4168 3110 4223 reddiderit
3141 4167 3490 4220 retribuenti-

1929 4263 2029 4316 bus
2066 4262 2234 4328 mala,
2283 4276 2381 4316 nec
2427 4262 2624 4315 similia
2667 4261 2977 4316 reddiderit.
3027 4259 3238 4326 Itaque,
3289 4256 3347 4311 Si
3389 4258 3489 4317 feci

1927 4356 2088 4417 istud,
2112 4366 2158 4409 et
2187 4357 2232 4408 si
2256 4356 2458 4408 reddidi
2482 4355 2882 4408 retribuentibtts
2907 4354 3033 4406 mihi
3058 4354 3221 4416 mala,
3251 4352 3488 4405 decidant

1927 4463 2049 4515 ergo
2085 4448 2148 4499 ab
2185 4447 2415 4500 inimicis
2450 4449 2574 4500 meis
2607 4448 2801 4499 inanis.
2836 4444 3009 4499 Inanis
3040 4451 3105 4500 ab
3135 4445 3368 4499 inimicis
3395 4447 3486 4498 de-

1926 4540 2055 4591 cidit
2083 4540 2156 4601 is,
2191 4539 2280 4606 qui
2322 4552 2387 4591 ex
2423 4538 2616 4607 gratia,
2650 4553 2769 4606 qua:
2802 4554 2865 4592 ex
2914 4538 3247 4606 plenitudine
3279 4539 3484 4591 Christi

1927 4642 2037 4691 est,
2085 4630 2303 4682 excidit.
2365 4627 2716 4697 Persequatur
2765 4631 2927 4697 igitur
2959 4631 3202 4683 inimicus
3255 4632 3487 4682 animam

1929 4739 2117 4782 meant,
2156 4732 2203 4774 et
2237 4722 2632 4787 comprehendat
2675 4731 2722 4774 et
2763 4721 3026 4773 conculcet
3063 4723 3113 4772 in
3156 4732 3294 4774 terra
3327 4723 3486 4774 vitam

1928 4832 2116 4870 meam.
2150 4813 2284 4869 Justi
2315 4815 2532 4883 quidem
2561 4815 2737 4868 anima
2774 4815 2840 4865 ab
2878 4812 3155 4866 ali'ecdhus
3186 4825 3236 4866 et
3267 4829 3488 4868 consor-

1928 4912 2000 4962 tio
2039 4910 2285 4975 corporis
2322 4920 2527 4960 secreta
2552 4947 2565 4969 ,
2596 4907 2756 4958 \itam
2799 4905 3098 4958 habetcum
3128 4904 3342 4959 Christo
3366 4907 3484 4960 abs-

1923 5003 2194 5054 conditam
2245 5001 2296 5053 iu
2336 5001 2479 5062 Deo,
2519 5008 2575 5050 ut
2613 5013 2733 5050 cum
2780 4996 3030 5064 Apostolo
3063 4997 3239 5050 dicere
3279 5007 3482 5064 queat:

1942 5090 2062 5144 Viro
2089 5101 2260 5144 autem
2297 5091 2409 5159 jam
2436 5106 2536 5142 non
2559 5105 2671 5156 ego,
2696 5088 2816 5140 vivit
2845 5104 2961 5141 vero
2979 5087 3032 5140 in
3059 5104 3135 5141 me
3159 5087 3399 5142 Christus
3417 5089 3483 5154 '6;

1934 5222 2031 5270 Ill,
2067 5206 2150 5258 Η.
2227 5205 2272 5234 ⁸⁸
2307 5204 2424 5258 Gal.
2459 5218 2516 5268 tt,
2548 5202 2634 5256 20.

1991 5297 2103 5366 (56)
2141 5296 2228 5348 Sic
2267 5296 2560 5350 (Inlbertini
2589 5305 2814 5362 quartus
2833 5303 2885 5348 et
2908 5295 3166 5368 septimus
3199 5312 3318 5348 cum
3352 5298 3479 5368 Reg.

1918 5379 2088 5420 Sexto.
2141 5369 2242 5419 Alii
2296 5377 2526 5434 quatuor
2583 5382 2709 5418 mss.
2764 5380 2883 5434 cum
2939 5366 3096 5419 editis
3133 5366 3481 5433 πεπονθότος.

1919 5436 2080 5489 Paulo
2114 5448 2232 5504 post
2268 5433 2415 5489 cum.
2450 5447 2675 5503 quartus
2703 5433 2965 5503 ἐπιζητεῖ.
3003 5437 3195 5488 Ibidem
3222 5438 3270 5488 in
3296 5441 3482 5493 eodem

1919 5525 2018 5559 ms.
2051 5507 2249 5577 legitur
2282 5506 2630 5577 παριστάναι.
2668 5505 2785 5556 Mox
2825 5509 2927 5577 duo
2963 5506 3324 5577 ιιιδδγητέκνῳ.
3373 5509 3485 5566 IIec

1919 5578 2034 5644 ipso
2069 5578 2120 5628 in
2152 5576 2263 5628 loco
2298 5578 2450 5630 Culh.
2483 5576 2746 5642 septimus
2777 5576 2904 5644 περὶ
2936 5576 3039 5626 τῶν
3061 5576 3195 5643 βίου.

1985 5648 2096 5712 (57)
2131 5646 2223 5699 I‘lic
2255 5647 2462 5698 variant
2495 5658 2706 5697 veteres
2740 5646 3020 5698 111111ιιὶιρῐ⁵
3052 5664 3128 5700 se.
3159 5650 3211 5698 In
3236 5647 3318 5698 his
3347 5649 3481 5714 legi-

1922 5728 2005 5768 tur
2036 5717 2321 5782 συναφείας
2353 5734 2364 5768 :
2425 5717 2474 5768 in
2511 5716 2634 5774 illis,
2668 5717 2742 5766 uti
2783 5719 2832 5766 in
2888 5716 3065 5776 editis,
3115 5715 3478 5784 συμπαθείας.

1920 5785 2120 5838 Ibidem
2166 5789 2329 5838 editio
2362 5786 2534 5837 Paris.
2594 5784 2705 5852 ἔχει
2737 5787 2835 5854 τήν
2877 5803 2889 5837 :
2935 5787 3026 5837 sed
3085 5786 3172 5839 illa
3235 5791 3481 5854 repetitio

1922 5855 2137 5907 articuli
2175 5871 2274 5906 non
2328 5857 2596 5926 reperitur
2651 5860 2700 5908 in
2750 5872 2880 5910 mss.
2933 5857 2984 5908 In
3033 5857 3300 5926 aliquibus
3348 5876 3475 5914 mss.

1925 5928 2119 5994 legitur
2154 5927 2248 5978 σῦν
2288 5924 2504 5996 Χριστῷ
