4260 6498
773 447 875 503 355

2087 448 2142 500 S.
2189 446 2435 501 BASlLll
2473 447 2685 502 MAGNI

3911 447 4019 500 256

772 572 855 626 at,
895 561 1047 626 Quod
1082 571 1253 615 autem
1291 577 1427 616 nunc
1460 562 1568 616 rivo
1602 564 1656 618 in
1687 579 1872 629 carne,
1903 565 1957 620 in
1996 563 2098 633 [ide
2132 562 2243 616 vivo
2272 562 2336 616 ⁸⁷.
2370 571 2409 625 Α
2442 580 2454 613 ε

2370 571 2409 625 Α
2442 560 2550 631 στῷ
2581 562 2637 612 ὲν
2664 560 2740 632 τῷ
2760 562 2898 629 Θεῳ·
2930 560 3070 613 ὥστε
3085 560 3342 616 δύνασθαι
3372 558 3548 627 λέγειν
3581 560 3720 616 κατὰ
3756 560 4019 614 τὸνἊπό-

770 652 1081 707 Peccatoris
1116 662 1317 718 autem,
1357 664 1411 710 et
1452 653 1607 721 ejus,
1648 656 1737 726 qui
1786 658 2080 713 secundum
2119 670 2335 709 carnem

768 743 924 810 vivit,
958 743 1346 814 corporeisque
1377 743 1735 815 voluptatibus
1767 747 2097 819 inquinatur,
2132 747 2335 814 anima,

767 836 824 892 in
858 837 1042 892 carnis
1066 838 1455 907 cupiditatibus
1490 849 1743 911 tanquam
1778 841 1830 896 in
1874 843 1985 897 luto
2025 839 2333 895 volutatur:

768 942 928 996 quam
975 928 1341 985 conculcatam
1379 932 1550 1003 magis
1579 946 1641 985 ac
1683 934 1855 1000 magis
1895 932 2143 987 inimicus
2188 946 2338 985 com-

769 1018 1062 1085 maculare,
1098 1030 1153 1075 et
1184 1020 1345 1074 veluti
1379 1020 1543 1077 humo
1580 1021 1784 1089 ingesta
1814 1026 2045 1079 obruere
2082 1032 2328 1087 conatur,

768 1110 982 1167 irruens
1020 1111 1073 1165 in
1098 1112 1387 1180 jacentem,
1419 1125 1472 1168 et
1503 1113 1614 1168 suis
1653 1114 1881 1180 pedibus
1928 1114 2075 1166 illum
2108 1113 2161 1166 in
2190 1122 2331 1168 terra

770 1212 1071 1272 proterens,
1098 1204 1198 1259 hoc
1223 1214 1323 1267 est,
1364 1206 1416 1259 in
1450 1206 1564 1275 ipso
1588 1218 1814 1273 corpore
1844 1206 2168 1259 conculcans
2192 1204 2332 1274 ejus,

767 1294 858 1362 qui
885 1295 1065 1363 lapsus
1093 1304 1196 1361 est,
1229 1296 1413 1351 vitam.
1445 1296 1507 1349 Et
1535 1294 1757 1364 gloriam
1798 1312 1963 1348 meum
1991 1296 2046 1348 in
2073 1294 2334 1362 pulverem

768 1386 1012 1439 deducat.
1049 1384 1370 1442 Sanctorum
1399 1387 1541 1441 enim
1590 1388 1680 1455 qui
1723 1386 1774 1439 in
1817 1385 1969 1440 caelis
2005 1400 2331 1440 conversan-

770 1486 878 1542 tur,
918 1486 974 1533 et
1020 1478 1121 1533 sibi
1168 1480 1219 1532 in
1270 1478 1535 1532 thesauris
1578 1477 1921 1546 sempiternis
1964 1474 2101 1528 bona
2138 1492 2335 1545 conge-

771 1577 916 1637 runt,
944 1568 1109 1637 gloria
1135 1572 1185 1621 in
1214 1570 1351 1622 caalo
1373 1582 1491 1633 est;
1527 1581 1863 1624 terrenorum
1895 1583 2022 1621 vero
2050 1575 2103 1621 et
2138 1584 2333 1624 secun-

767 1659 893 1710 dum
922 1675 1133 1713 carnem
1181 1662 1472 1715 viventium
1518 1662 1687 1729 gloria
1715 1664 1766 1716 in
1806 1660 2023 1730 pulvere
2062 1661 2332 1717 demorari

767 1750 982 1804 dicitur.
1027 1752 1125 1817 Qui
1174 1755 1317 1807 enim
1364 1754 1414 1806 in
1454 1756 1646 1824 opibus
1694 1754 1921 1807 terrenis
1952 1752 2236 1822 gloriatur,
2281 1764 2337 1807 et

768 1841 1045 1897 hominum
1073 1844 1331 1897 honorem
1369 1845 1515 1899 brevi
1561 1856 1802 1913 tempore
1848 1844 2167 1899 duraturum
2209 1860 2333 1911 pro-

2442 652 2643 717 στολον,
2678 655 2757 707 ὅτι
2786 652 2874 705 Ζῶ
2912 652 2980 705 δὲ
3016 654 3216 708 οὐκέτι
3246 655 3379 725 ἐγὼ,
3406 652 3470 721 ζῇ
3507 652 3575 704 δὲ
3606 655 3675 706 ἐν
3700 656 3825 725 ἐμοὶ
3879 654 4017 721 Χρο-

2440 745 2604 811 στός’
2643 746 2756 807 καὶ,
2818 746 2886 796 Ὃ
2917 743 2985 798 δὲ
3009 744 3125 798 νῦν
3156 744 3227 804 ζῶ
3248 747 3316 798 ἐν
3346 744 3547 815 σαρκὶ,
3586 744 3656 795 ἐν
3684 748 3883 801 πίστει
3920 742 4012 805 ζῶ.

2439 834 2544 887 Τοῦ
2566 835 2621 888 δὲ
2653 834 2979 907 ἀμαρτωλοῦ
3012 835 3105 888 καὶ
3138 834 3279 887 κατά
3326 836 3500 907 σάρκα
3530 833 3728 898 ζῶντος
3755 838 3845 891 καὶ
3876 854 4017 907 συμ-

2439 927 2787 998 πεφυρμένου
2812 929 2932 989 ταῖς
2953 926 3041 979 τοῦ
3066 924 3313 995 σώματος
3353 927 3563 996 ⁴ἡδοναῖς
3584 927 3615 997 ἡ
3648 924 3791 997 ψυχὴ
3815 923 3927 983 οἷον
3956 928 4015 980 ὲν

2442 1017 2688 1089 βορϐόρῳ
2743 1020 2854 1080 τοῖς
2892 1018 3087 1071 πάθεσι
3129 1017 3229 1087 τῆς
3275 1019 3477 1088 σαρκὸς
3511 1017 3911 1089 ἐγκεκύλισται’
3947 1020 4015 1090 ἦν

2438 1110 2529 1162 καὶ
2592 1108 2921 1163 καταπατῶν
2955 1110 2982 1159 ό
3021 1109 3212 1181 ἐχθρὸς
3245 1107 3335 1161 ἐπὶ
3371 1109 3533 1164 πλέον
3562 1108 3876 1182 ὲκμολῦνειν
3920 1112 4016 1167 καὶ

2436 1202 2599 1254 οἱονεὶ
2631 1201 3027 1272 καταχωννύειν
3057 1202 3674 1269 φιλονεικεῖ,ὲπι6αίνων
3695 1202 3770 1273 τῷ
3802 1220 4017 1256 πεπτω-

2435 1295 2570 1357 κότι,
2594 1296 2686 1347 καὶ
2714 1298 2822 1358 τοῖς
2852 1292 3041 1347 ἑαυτοῦ
3070 1294 3195 1345 ποσὶ
3231 1293 3556 1346 καταπατῶν
3580 1297 3658 1359 εἰς
3699 1294 3822 1364 γῆν,
3857 1311 4017 1346 τουτ-

2436 1387 2601 1446 έστιν,
2636 1387 2713 1449 εἰς
2741 1386 2800 1438 τὸ
2832 1386 2988 1456 σῶμα
3042 1382 3138 1453 τὴν
3171 1384 3314 1455 ζωὴν
3350 1383 3441 1438 τοῦ
3477 1384 3874 1455 ὀλισθήσαντος.
3900 1386 4010 1439 Καὶ

2436 1478 2548 1543 τὴν
2575 1478 2763 1540 δόξαν
2790 1497 2908 1546 μου
2938 1479 3023 1542 εἰς
3052 1476 3203 1543 χοῦν
3243 1475 3722 1542 κατασκηνώσαι.
3759 1480 3879 1533 Τῶν
3914 1477 4015 1549 μὲν

2434 1568 2601 1635 ἀγίων
2629 1570 2688 1619 τὸ
2724 1567 3021 1639 πολίτευμα
3049 1566 3278 1635 ἐχόντων
3303 1568 3360 1619 ὲν
3393 1568 3658 1637 οὐρανοῖς,
3696 1571 3789 1621 καὶ
3819 1571 4017 1640 θησαυ-

2436 1657 2694 1729 ριζόντων
2728 1660 2942 1723 ἑαυτοῖς
2973 1661 3029 1713 ἐν
3051 1660 3161 1720 τοῖς
3194 1660 3432 1721 αἰωνίοις
3462 1660 3754 1730 θησαυροῖς
3782 1664 3849 1714 τά
3882 1666 4017 1732 ἀγα-

2434 1752 2522 1814 θὲ,
2552 1755 2584 1822 ἡ
2610 1751 2735 1815 δόξα
2756 1752 2901 1806 ἐστὶν
2933 1754 2988 1805 ἐν
3015 1755 3127 1814 τοῖς
3145 1751 3410 1823 οὐρανοῖς·
3466 1752 3574 1805 τῶν
3611 1752 3665 1804 δὲ
3695 1754 3891 1823 χοῖκῶν
3921 1755 4015 1807 καὶ

2436 1845 2576 1897 κατὰ
2606 1846 2780 1914 σάρκα
2818 1844 3054 1907 ζώντων,
3088 1844 3119 1914 ἠ
3159 1844 3285 1910 δόξα
3319 1844 3497 1898 αὐτῶν
3527 1844 3901 1915 κατασκηνοῦν
3935 1848 4015 1909 εἰς

768 1936 1033 2001 sequitur,
1064 1949 1127 1989 ac
1166 1950 1344 1989 rermn
1379 1936 1736 2005 corporalium
1787 1937 1940 2004 copia
1988 1936 2244 1997 conlidit,
2285 1935 2333 1989 is
2364 1921 2450 1985 B‘l

2332 1974 2333 1979 η
2364 1921 2409 1981 Β
2437 1937 2526 1988 τὸν
2561 1936 2684 2005 χοῦν
2706 1934 2942 2001 λέγεται.
2992 1936 3047 1989 'U
3079 1934 3187 2006 γὰρ
3214 1937 3304 1988 ἐπὶ
3329 1937 3406 2007 τῷ
3433 1936 3598 2007 χοῖκῷ
3623 1936 3835 2006 πλούτῳ
3859 1936 4014 2003 δοξα-

767 2025 869 2079 sibi
903 2027 1127 2093 gloriam
1171 2026 1459 2094 conciliat,
1504 2043 1609 2081 non
1660 2028 1712 2082 in
1761 2027 1957 2084 ctelum
1995 2029 2329 2092 tendentem,

765 2118 856 2179 sed
889 2118 939 2171 in
969 2118 1187 2186 pulvere
1218 2133 1641 2183 permanentem.

837 2398 999 2455 Vens.
1042 2402 1092 2453 7.
1138 2402 1397 2473 Exsurge,
1434 2403 1673 2465 Domine,
1708 2403 1763 2455 in
1807 2403 1887 2455 ira
1919 2414 2007 2455 tua
2045 2418 2063 2458 :
2098 2406 2331 2458 exaltare

764 2493 819 2546 in
846 2491 1036 2561 ﬁnibus
1066 2493 1396 2547 inimicorum
1423 2511 1677 2552 meorum.
1726 2494 2037 2567 Mysterinm
2085 2512 2330 2552 resurre-

764 2584 961 2641 ctionis
995 2583 1105 2654 jam
1135 2586 1391 2657 compleri
1424 2582 1644 2658 exoptat
1686 2587 1970 2657 Pmpheta,
2014 2589 2078 2642 ad
2125 2588 2329 2656 peccati

764 2692 952 2732 eorum
980 2679 1361 2744 abolitionem;
1390 2692 1481 2733 attt
1507 2696 1621 2734 eam
1649 2681 1699 2733 in
1734 2696 1894 2733 cruce
1922 2681 2326 2747 exultationem,

761 2757 882 2837 quin
914 2769 1088 2824 futura
1125 2782 1276 2835 erat,
1316 2782 1593 2840 postquam
1643 2771 1707 2822 ad
1753 2772 1995 2823 ultimum
2043 2773 2327 2828 terminum

761 2870 910 2915 esset
957 2862 1297 2916 inimicorum
1338 2862 1539 2916 malitia
1580 2875 1785 2918 evecta.
1824 2864 1927 2917 Aut
1953 2866 2115 2919 etiam
2153 2868 2332 2923 verbis

764 2950 892 3016 illis,
929 2949 1180 3006 Exultare
1208 2954 1263 3005 in
1302 2952 1495 3020 ﬁnibus
1539 2956 1872 3008 inimicorum
1906 2973 2168 3022 meorum,
2211 2959 2332 3013 talis

761 3042 1008 3109 quaedam
1034 3044 1274 3113 subjecta
1306 3057 1388 3100 est
1412 3048 1596 3100 notio:
1632 3048 1907 3109 nimirum,
1933 3050 2329 3115 quantumlibet

762 3133 1067 3187 ascenderit
1103 3136 1325 3198 malitia,
1359 3136 1573 3188 etiamsi
1608 3138 1672 3188 ad
1710 3138 2031 3190 innuenSnm
2065 3154 2327 3207 pervene-

766 3223 855 3289 rit,
888 3238 1054 3294 seque
1099 3225 1151 3279 in
1183 3226 1451 3283 inﬁnitum
1480 3228 1751 3293 eﬂuderit,
1779 3245 1840 3285 ea
1877 3247 1979 3299 qua
2018 3232 2183 3302 polles
2216 3233 2323 3286 vir-

2438 2030 2678 2098 ζόμενος,
2717 2028 2848 2080 καὶὸ
2876 2028 2974 2099 τὴν
2999 2030 3353 2101 ὀλιγοχρόνιον
3370 2030 3533 2100 τιμὴν
3572 2030 3678 2082 τῶν
3709 2028 4015 2101 ἀνθρώπων

2437 2120 2730 2191 περιέπων,
2768 2120 2861 2173 καὶ
2890 2122 2917 2173 ὁ
2943 2122 3033 2173 ἐπὶ
3052 2126 3163 2184 τοῖς
3210 2126 3538 2191 σωματικοῖς
3578 2124 4013 2191 πλεονεκτήμασι

2439 2211 2731 2279 πεποιθὼς,
2782 2214 2939 2279 δόξαν
2993 2213 3170 2283 ἐαυτῷ
3205 2212 3336 2281 ἔχει,
3377 2212 3475 2264 οὐκ
3527 2213 3888 2265 ἀνανεύουσαν
3930 2213 4012 2275 εἰς

2434 2305 2679 2373 οὐρανὸν,
2706 2306 2818 2358 ἀλλ’
2846 2310 2924 2364 εἰς
2949 2308 3039 2359 τὸν
3072 2304 3198 2373 χοῦν
3234 2304 3688 2375 ἐναπομένουσαν.

2515 2397 2840 2465 Ἀνάστηθι,
2866 2400 3060 2464 Κύριε,
3102 2397 3170 2449 ἐν
3209 2395 3355 2466 ὀργῇ
3399 2415 3534 2451 σου·
3587 2396 3852 2466 ὑψώθητι
3892 2396 4009 2467 (58)

2433 2490 2501 2541 ἐν
2528 2487 2649 2554 τοῖς
2676 2490 2889 2556 πέρασι
2913 2487 3031 2541 τῶν
3056 2487 3285 2557 ἐχθρῶν
3308 2506 3445 2558 μου.
3480 2489 3553 2542 Τὸ
3595 2490 3888 2558 μυστήριον
3912 2489 4009 2555 τῆς

2433 2579 2781 2644 ἀναστάσεως
2805 2580 2904 2651 ἤδη
2946 2579 3282 2651 ἐνεργεῖσθαι
3314 2580 3526 2649 εὔχεται
3552 2582 3580 2631 ὁ
3613 2579 3903 2647 Προφήτης
3931 2580 4009 2638 εἰς

2434 2673 2687 2745 ἀθέτησιν
2714 2672 2813 2741 τῆς
2843 2672 3115 2742 ἁμαρτίας
3142 2670 3339 2723 αὐτῶν*
3370 2669 3516 2738 ἢτὴν
3541 2668 3633 2719 ἐπὶ
3653 2666 3745 2718 τοῦ
3771 2666 4007 2737 σταυροῦ

2435 2766 2661 2837 ῦψωσιν,
2690 2766 2811 2835 ἣτις
2838 2763 3161 2833 γενήσεσθαι
3184 2760 3373 2832 ἔμελλε
3408 2760 3543 2831 μετά
3559 2759 3618 2812 τὸ
3644 2760 3723 2823 εἰς
3737 2759 3827 2812 τὸν
3847 2758 4002 2829 ἔσχα-

2433 2877 2522 2912 τον
2553 2859 2674 2930 ὅρον
2702 2857 2797 2925 τὴν
2827 2855 3025 2908 κακίαν
3064 2854 3170 2907 τῶν
3213 2854 3421 2925 ἐχθρῶν
3468 2852 3767 2923 ὑψωθῆναι.
3804 2854 3874 2905 Ἢ
3911 2852 4007 2905 καὶ

2432 2951 2509 3015 τὸ,
2572 2947 2849 3017 ’Υψώθητι
2900 2948 2970 3000 ἐν
3018 2947 3143 3015 τοῖς
3190 2947 3404 3015 πέρασι
3451 2947 3567 3001 τῶι⁴
3614 2944 3842 3016 ἐχθρῶν
3860 2963 4005 3013 μου,

2432 3040 2667 3093 τοιοῦτόν
2695 3058 2818 3093 τινα
2844 3039 3132 3095 ὑποϐάλλει
3158 3041 3300 3095 νοῦν·
3320 3042 3401 3094 δτι
3429 3041 3550 3093 ὅσον
3574 3041 3637 3092 ἂν
3657 3038 3945 3108 κορυφωθῇ
3965 3039 3997 3105 ἡ

2434 3134 2617 3196 κακία,
2645 3134 2739 3187 καὶ
2756 3134 2992 3207 προέλθῃ
3015 3134 3105 3188 ἐπὶ
3138 3134 3197 3187 τὸ
3223 3134 3455 3203 ἄμετρον
3490 3132 3581 3184 καὶ
3611 3129 3994 3197 ἀπεριόριστον

2433 3226 2676 3297 χυθεῖσα,
2711 3230 2776 3298 τῇ
2830 3226 3113 3298 περιουσίᾳ
3161 3225 3259 3293 τῆς
3294 3222 3571 3291 δυνάμεως
3616 3219 3838 3271 δύνασαι
3868 3218 4002 3287 (59),

762 3317 895 3373 tutis
937 3319 1263 3374 abundantia
1287 3362 1301 3385 ,
1335 3333 1484 3391 potes
1516 3333 1569 3376 tu
1594 3363 1609 3388 ,
1653 3296 2104 3393 quemadmodum
2158 3328 2328 3383 bonus
2355 3296 2395 3350 Ο
2431 3296 2444 3371 ί

2320 3296 2395 3383 ,C
2431 3296 2618 3390 ῶσπερ
2650 3296 2852 3387 ἀγαθὸς
2905 3296 3089 3388 ῖατρὸς
3122 3312 3546 3385 προκαταλαϐὼν
3577 3311 3675 3380 τῆς
3723 3311 3890 3381 νομῆς
3934 3310 4002 3363 τὰ

762 3407 1005 3464 medicus
1049 3411 1387 3478 depascentis
1412 3414 1582 3466 morbi
1620 3415 1877 3469 terminos
1910 3432 2286 3484 pra-occupans
2312 3461 2326 3479 ,

759 3497 953 3552 sistere
996 3504 1244 3553 morbum
1292 3515 1626 3566 grassantem
1672 3519 1734 3554 ac
1771 3518 2097 3571 serpentem,
2122 3521 2173 3560 et
2209 3512 2327 3576 ejus

758 3587 1167 3644 continuitatem
1197 3589 1366 3659 plagis
1393 3591 1497 3644 tuis
1525 3589 1903 3660 obiurgatoriis
1932 3597 2269 3651 exscindere.

832 3680 887 3735 ι.
930 3679 996 3735 Et
1036 3697 1291 3751 exsurge,
1326 3682 1542 3735 Domine
1588 3682 1723 3737 Deus
1771 3701 1936 3748 meus,
1972 3687 2025 3740 in
2068 3703 2323 3755 pra’cepto

758 3778 897 3841 quod
929 3776 1209 3828 mandasti.
1257 3775 1431 3829 l’otest
1481 3777 1564 3829 hic
1597 3792 1775 3829 serunt
1845 3791 1900 3833 et
1972 3781 2037 3833 ad
2084 3798 2323 3837 resurre—

760 3865 957 3919 ctionis
980 3865 1293 3935 mysterium
1322 3867 1538 3919 referri:
1564 3870 1697 3922 adeo
1720 3878 1776 3921 ut
1802 3868 2064 3935 Propheta
2086 3871 2321 3940 judicem

757 3959 1094 4021 exhortetur,
1120 3968 1177 4013 ut
1209 3970 1465 4028 exsurgat
1496 3960 1563 4014 ad
1606 3962 1972 4031 cujuscunque
2008 3968 2210 4033 peceati
2246 3969 2322 4021 ul-

763 4055 962 4106 tionem
988 4092 1002 4117 ,
1031 4060 1085 4105 et
1119 4051 1182 4105 ad
1214 4054 1459 4107 mandata
1494 4069 1611 4121 qua:
1651 4055 1802 4108 nobis
1842 4067 1967 4109 ante
2002 4058 2324 4129 praiscripsit

760 4142 1109 4211 perﬁcienda.
1146 4144 1298 4217 ιοι
1328 4144 1511 4199 Potest
1546 4161 1758 4215 qtioque
1792 4159 1846 4203 et
1881 4149 1944 4202 de
1974 4160 2117 4205 statu
2148 4168 2323 4208 rerum

760 4232 1066 4300 l‘ropltetzr,
1094 4246 1150 4286 ut
1182 4245 1307 4288 tunc
1332 4244 1469 4300 erat,
1494 4236 1686 4304 accipi,
1711 4252 1773 4290 ac
1806 4238 1848 4292 si
1882 4240 2045 4293 Deum
2071 4253 2239 4312 reget,
2272 4254 2327 4297 ut

760 4328 824 4379 ad
857 4326 1143 4380 vindictam
1210 4329 1456 4396 przecepti
1504 4331 1643 4397 quod
1696 4332 1987 4395 mandavit,
2051 4348 2321 4404 exsurgat.

760 4416 1091 4486 S’rzeceptum
1110 4428 1285 4470 autem
1317 4428 1481 4471 erata
1513 4420 1618 4473 Deo
1636 4419 1816 4472 datum
1846 4438 1857 4472 :
1886 4420 2103 4476 Honora
2126 4438 2324 4494 patrem

759 4519 909 4561 tuum
936 4520 984 4563 et
1015 4520 1231 4563 matrem
1250 4510 1316 4577 '3;
1345 4512 1484 4578 quod
1512 4512 1683 4580 ipsum
1703 4511 1819 4578 ejus
1854 4512 1991 4565 [ilius
2016 4515 2124 4583 jam
2150 4516 2325 4571 fuerat

2432 3410 2663 3480 πέρατα,
2703 3409 2897 3476 στῆσαι
2920 3409 3015 3477 τὴν
3048 3406 3198 3457 νόσον
3240 3403 3544 3473 νεμομένην
3582 3402 3670 3453 καὶ
3703 3401 3999 3472 ἓρπουσαν,

2432 3505 2523 3555 καὶ
2562 3500 2813 3569 διακόψαι
2848 3500 3015 3569 αὐτῆς
3053 3498 3151 3568 τὴν
3180 3499 3457 3567 συνέχειαν
3494 3498 3612 3558 ταῖς
3636 3493 4002 3556 παιδευτικαῖς

2430 3611 2519 3645 σου
2552 3593 2804 3664 πληγαῖς.

2497 3685 2551 3737 4.
2587 3686 2693 3739 Καὶ
2726 3682 3087 3753 ἐξεγέρθητι,
3119 3685 3293 3750 Κύριε
3330 3686 3360 3737 ό
3387 3682 3528 3748 Θεός
3555 3698 3695 3750 μου,
3722 3681 3999 3747 ἑνπροσ-

2429 3777 2669 3847 τάγματι
2694 3770 2741 3843 ᾧ
2761 3777 3054 3830 ἐνετείλω.
3092 3777 3321 3829 Δύναται
3354 3775 3449 3844 μὲν
3477 3774 3569 3826 καὶ
3594 3773 3684 3824 ἐπὶ
3713 3771 3772 3823 τὸ
3798 3771 4004 3841 μυστή-

2429 3889 2541 3941 ριον
2567 3871 2667 3940 τῆς
2702 3870 3048 3930 ἀναστάσεως
3077 3870 3104 3920 ὁ
3138 3868 3291 3935 λόγος
3334 3864 3723 3935 ἀναφέρεσθαι,
3752 3880 4002 3934 παρακα-

2425 3965 2638 4026 λοῦντος
2668 3962 2759 4015 τοῦ
2794 3962 3077 4032 Προιρήτου
3100 3959 3447 4029 ἐξεγερθῆναι
3472 3958 3561 4009 τὸν
3593 3957 3783 4027 κριτὴν
3808 3957 3885 4019 εἱς
3908 3957 4000 4008 ὲκ-

2428 4059 2638 4128 δῖκησιν
2681 4056 2880 4119 παντὸς
2923 4055 3335 4125 ἁμαρτήματος,
3373 4052 3467 4105 καὶ
3519 4050 3615 4113 τὰς
3648 4050 4000 4122 προδιατετα-

2429 4151 2633 4220 μένας
2658 4151 2790 4221 ἡμῖν
2835 4147 3053 4210 ἐντολὰς
3084 4146 3417 4217 τελεσθῆναι·
3448 4144 3669 4198 δύναται
3698 4144 3755 4196 δὲ
3786 4144 3882 4195 καὶ
3910 4142 4000 4194 ἐπὶ

2428 4246 2525 4314 τὴν
2554 4242 2673 4295 τότε
2702 4241 3032 4295 κατάστασιν
3078 4238 3184 4291 τῶν
3230 4239 3567 4310 πραγμάτων
3591 4236 3682 4288 τοῦ
3711 4237 3999 4305 Προφήτου

2432 4335 2817 4405 λαμϐάνεσθαι,
2870 4332 3310 4405 παρακαλοῦντος
3341 4331 3686 4401 ἐξεγερθῆναι
3726 4328 3816 4381 τὸν
3870 4326 4000 4379 Θεὸν

2429 4432 2509 4491 εἰς
2538 4428 2812 4497 ἐκδίκησιν
2834 4426 2925 4477 τοῦ
2956 4424 3373 4495 προστάγματος
3400 4418 3458 4476 οὗ
3484 4420 3803 4473 ἐνετείλατο.
3824 4418 3999 4487 Πρόσ-

2428 4537 2611 4589 ταγμα
2660 4519 2716 4571 δὲ
2746 4514 2834 4587 ἦν,
2873 4517 3013 4584 Τίμα
3042 4515 3150 4567 τὸν
3182 4514 3404 4581 πατέρα
3438 4530 3552 4565 σου
3576 4510 3673 4563 καὶ
3696 4509 3809 4575 τὴν
3830 4507 4002 4577 μητέ-

758 4610 1148 4670 tranSgressus.
1188 4602 1310 4657 Ideo
1345 4602 1511 4657 Deum
1556 4605 1893 4668 adhortatur,
1947 4616 2004 4659 ut
2046 4624 2148 4662 non
2187 4625 2322 4664 cun-
2358 4639 2400 4691 Ι)
2423 4635 2440 4680 Α

2318 4642 2322 4649 -
2358 4639 2400 4691 Ι)
2423 4630 2502 4680 μι
2530 4610 2664 4681 (60),
2696 4606 2845 4679 παρά
2884 4606 3018 4659 Θεοῦ
3068 4605 3368 4675 δεδομένον,
3412 4604 3547 4673 ὅπερ
3594 4600 3810 4673 παρέϐη
3839 4601 4000 4661 ὁυὶὺς

757 4703 970 4748 ctanter
1015 4707 1069 4749 et
1123 4695 1266 4749 illunt
1346 4699 1516 4765 ipsum
1576 4699 1829 4765 corrigat,
1881 4709 1934 4753 et
1980 4703 2175 4756 multos
2231 4718 2317 4757 re-

757 4788 935 4842 frenet
969 4807 984 4844 :
1016 4789 1107 4843 sed
1152 4800 1407 4859 exsurgat
1463 4792 1514 4845 in
1564 4791 1665 4857 ira,
1718 4802 1771 4845 et
1828 4809 2144 4863 exsurgens,
2203 4811 2330 4864 pro-

758 4881 933 4949 prium
984 4881 1218 4937 vindicet
1253 4890 1584 4939 mandatum.
1619 4884 1732 4939 Non
1781 4888 1947 4948 enim,
2005 4889 2197 4955 inquit,
2241 4905 2327 4943 me

758 4973 1066 5037 ulcisceris,
1100 4976 1192 5029 sed
1240 4988 1560 5044 prmceptum
1601 4988 1748 5030 tuum
1794 4984 2095 5047 neglectum
2128 5019 2144 5043 ,
2184 4982 2327 5050 quod

756 5065 870 5131 ipse
934 5067 1219 5119 mandasti.
1266 5067 1426 5127 Vens.
1474 5068 1529 5121 8.
1587 5068 1655 5121 Et
1709 5087 1971 5139 synagoga
2023 5071 2327 5138 populorum

756 5159 1106 5210 circumdabit
1136 5169 1203 5213 te.
1240 5159 1462 5214 Constat
1487 5161 1630 5215 enim
1662 5161 1793 5228 fore,
1825 5173 1902 5225 ut,
1928 5166 2192 5234 castigato
2228 5164 2329 5217 im-

755 5249 924 5319 probo
943 5266 1069 5317 uno,
1104 5252 1257 5307 multi
1278 5265 1686 5309 convertantur.
1718 5256 1901 5324 Itaque
1927 5258 2044 5326 ejus
2069 5256 2324 5311 malitiam

830 5371 873 5402 "
914 5368 1032 5425 Gal.
1069 5387 1126 5433 ιι,
1160 5371 1249 5424 20.
1326 5372 1371 5401 ⁸⁸
1406 5372 1573 5425 Exod.
1606 5389 1693 5431 xx.
1742 5375 1825 5429 12.

830 5489 949 5611 (ὅδὲ
996 5489 1089 5545 Sic
1141 5489 1446 5543 Culbertini
1509 5500 1736 5557 quartus
1788 5501 1841 5542 et
1890 5492 2173 5565 septimus.
2222 5490 2334 5553 Illa,

830 5559 918 5611 ιιώ
956 5578 1065 5611 τιτι.
1107 5573 1236 5611 etc“
1302 5560 1682 5611 desiderantur
1724 5562 1773 5611 in
1818 5561 1999 5611 editis.
2037 5560 2334 5611 Theodotio

771 5552 1065 5643 ’Υιξώθητμ
1099 5573 1236 5643 ρισγ
1302 5552 1682 5643 desiderantur
1724 5562 1773 5643 i‘n
1818 5552 1999 5643 editis.
2037 5552 2335 5640 Théodutio

757 5637 815 5688 ἐν
842 5629 1000 5701 θυμῷ
1028 5632 1120 5683 ἐπὶ
1142 5632 1274 5701 τοὺς
1314 5629 1541 5701 ἐχθρούς
1578 5647 1700 5699 μου,
1731 5631 1792 5681 In
1835 5631 2013 5695 furore
2041 5647 2195 5696 super
2245 5632 2339 5682 ini-

756 5710 917 5760 micos
950 5700 1108 5755 meos.
1140 5700 1272 5767 Reg.
1307 5700 1512 5760 sextus,
1540 5701 1647 5751 τῶν
1671 5700 1878 5770 ἐχθρῶν
1910 5718 2025 5753 σου.
2054 5702 2337 5767 Aliquanto

755 5785 877 5843 post
908 5774 1075 5843 editio
1115 5772 1287 5827 Paris.
1314 5782 1370 5825 et
1399 5770 1531 5840 Reg.
1570 5771 2006 5843 σετιιιεὲχθρῶν
2042 5788 2135 5822 σου
2165 5771 2337 5824 τοιοῦ-

754 5842 864 5897 τον.
902 5842 1185 5910 Vulgatani
1220 5855 1271 5896 et
1303 5844 1436 5895 alios
1462 5858 1590 5893 mss.
1619 5842 1785 5893 sccuti
1816 5859 2023 5894 sumus.

828 5916 939 5986 {59)
970 5912 1067 5968 Hzc
1101 5915 1249 5968 locus
1283 5924 1391 5968 tum
1434 5915 1482 5967 in
1515 5914 1691 5979 editis,
1724 5925 1832 5967 tum
1864 5914 1913 5965 in
1954 5914 2155 5968 Catena
2204 5913 2337 5969 Cor-

2429 4701 2612 4755 αῦτοῦ.
2642 4700 2733 4752 Διὸ
2766 4697 3071 4767 παρακαλεῖ
3110 4699 3187 4758 εἰς
3220 4694 3381 4747 αὑτοῦ
3415 4712 3473 4747 τε
3522 4694 3728 4746 ἐκείνου
3771 4692 4001 4761 ἐπανόρ-

2434 4799 2598 4849 θωσιν
2632 4794 2725 4846 καὶ
2752 4791 3125 4863 σωφρονισμὸν
3151 4790 3257 4842 τῶν
3281 4788 3488 4840 πολλῶν
3524 4789 3596 4858 μὴ
3627 4786 3998 4857 μακροθυμεῖν

2422 4887 2513 4939 τὸν
2546 4886 2697 4947 Θεὸν,
2740 4884 2854 4937 ἀλλ’
2902 4884 3189 4954 ἐγερθῆναι
3237 4884 3293 4933 ὲν
3317 4883 3474 4951 ὀργῇ,
3520 4880 3615 4931 καὶ
3644 4879 4000 4933 διαναστάντα

2425 4977 2711 5046 ἐκδικῆσαι
2740 4977 2837 5045 τὴν
2868 4975 3003 5028 ἰδίαν
3032 4974 3268 5045 ἐντολήν.
3307 4973 3380 5026 Οὐ
3408 4972 3513 5040 γὰρ
3548 4972 3669 5041 ἐμὲ,
3700 4971 3885 5041 φησιν,
3910 4972 4000 5024 ὲκ-

2425 5071 2686 5141 δικήσεις,
2723 5068 2858 5121 ἀλλά
2885 5068 2946 5119 τὸ
2978 5068 3303 5139 πρόσταγμα
3340 5064 3400 5117 τὺ
3449 5063 3537 5115 σὺν
3571 5060 3999 5132 καταφρονηθὲν,

2426 5164 2454 5215 ὃ
2488 5164 2647 5226 αὐτὸς
2678 5160 2943 5214 ἐνετείλω.
2992 5158 3101 5212 Kal
3147 5156 3466 5227 συναγωγὴ
3499 5154 3665 5212 λαῶν
3700 5151 4000 5209 κυκλώσει

2426 5272 2517 5308 σε.
2558 5255 2725 5324 Δῆλον
2754 5254 2810 5308 δὲ
2848 5256 2948 5317 ὅτι,
2974 5253 3090 5316 ἑνὸς
3116 5251 3296 5305 ἀδίκου
3320 5249 3797 5321 σωφρονισθέντος,
3818 5244 4001 5299 πολλοὶ

2436 5491 2566 5542 derii
2615 5491 2752 5544 male
2796 5490 3218 5559 interpungitur.
3274 5486 3403 5540 Nam
3454 5486 3582 5559 illa,
3633 5484 3919 5555 δυνάμεως
3946 5494 3999 5537 et

2434 5560 2681 5623 δύνασαι,
2740 5558 2955 5628 virgula
2996 5575 3023 5611 a
3065 5577 3122 5612 se
3180 5560 3403 5611 iuvit-em
3436 5558 3854 5625 tlisjunguntur:
3883 5570 3998 5621 qtue

2437 5642 2616 5684 tamen
2653 5634 2768 5684 sine
2821 5632 2923 5683 ulla
2956 5631 3160 5700 virgula
3212 5630 3352 5681 inter
3378 5642 3457 5700 _se
3522 5628 3804 5700 conjuncta
3837 5640 3996 5693 Opur-

2437 5711 2635 5754 tur-rat.
2664 5701 2990 5755 Collocanda
3026 5697 3195 5752 fuerat
3223 5697 3422 5763 virgula
3470 5705 3589 5762 post
3640 5698 3866 5749 verbum
3900 5712 3993 5766 χυ-

2436 5770 2613 5823 θεῖσα.
2644 5772 3006 5839 luterpunctio
3038 5772 3199 5835 malo,
3235 5770 3370 5835 quod
3402 5768 3480 5831 lit,
3504 5766 3697 5820 malam
3727 5768 3996 5835 interpre.

2439 5844 2697 5896 tationem
2734 5844 2962 5909 peperit.

2512 5911 2621 5985 (60)
2654 5912 2802 5967 Coll).
2846 5920 3067 5985 quartus
3094 5909 3298 5985 ειητέία
3345 5924 3455 5961 σου.
