4260 6508
287 482 392 536 237

1485 478 1768 536 HOMILIA
1806 479 1872 535 ΙΝ
1911 477 2240 536 PSALMUM
2279 481 2386 536 Vll.

3411 477 3514 534 938

290 593 688 666 ὲπιστρέψουσι.
717 593 827 664 Τὴν
855 586 947 647 οὖν
979 594 1166 648 τούτου
1200 595 1459 667 πονηρίαν
1494 593 1737 660 κόλασον,
1766 595 1849 648 ἴνα
1878 598 1925 654 Α
1958 610 1972 664 ι

1829 613 1849 647 ιι
1878 598 1925 654 Α
1958 595 2106 664 puni,
2143 603 2202 648 ut
2235 595 2398 650 multa
2440 594 2756 666 populorum
2799 609 3063 666 synagoga
3105 604 3157 652 te
3195 595 3511 655 circumdet.

293 687 455 757 πολλὴ
491 687 778 756 συναγωγὴ
806 686 948 739 λαῶν
982 687 1231 758 κυκλὼσῃ
1262 704 1341 741 σε.
1387 689 1494 742 Καὶ
1531 689 1679 756 ὑπὲρ
1717 690 1850 742 ταῦ-

291 799 393 848 της
415 784 500 846 είς
537 783 690 850 ὕψος
712 782 1098 850 ἐπίστρεψον.
1136 783 1306 853 ’Υπὲρ
1335 784 1432 852 τῆς
1461 782 1764 854 κυκλούσης
1790 800 1846 836 σε

293 873 631 942 συναγωγῆς,
669 873 733 941 ἣν
759 873 970 944 ἐκτήσω
989 873 1075 927 διὰ
1104 875 1198 944 τῆς
1227 875 1364 927 κατὰ
1395 875 1554 946 χάριν
1583 893 1850 943 συγκατα-

291 963 498 1026 ﬁas-su);
531 963 623 1014 καὶ
652 965 977 1035 οἰκονομίας,
1006 967 1327 1036 ὲπίστρεψον
1362 968 1440 1029 εἰς
1487 966 1548 1019 τὸ
1594 966 1724 1036 ὕψος
1753 969 1849 1037 τῆς

289 1054 462 1123 δόξης,
485 1055 550 1124 ἣν
583 1050 722 1126 εἶχες
755 1057 857 1128 πρὸ
884 1059 976 1111 τοῦ
1002 1060 1092 1112 τὸν
1125 1061 1321 1130 κόσμον
1353 1058 1621 1128 γενέσθαι.
1642 1060 1850 1128 Κύριος

290 1145 481 1211 κρινεῖ
493 1147 696 1212 λαούς.
723 1149 993 1220 Πολλαχοῦ
1025 1151 1122 1220 τῆς
1152 1151 1372 1221 Γραφῆς
1401 1153 1428 1203 ό
1462 1151 1587 1222 περὶ
1611 1152 1708 1222 τῆς
1735 1153 1850 1224 κρί-

293 1253 428 1298 σεως
485 1239 919 1312 ὲγκατέσπαρται
971 1242 1145 1309 λόγος,
1174 1243 1248 1306 ὡς
1295 1244 1716 1312 ἀναγκαιότατος
1762 1248 1850 1298 καὶ

292 1327 746 1395 συνεκτικώτατος
798 1334 877 1396 είς
909 1333 1254 1386 διδασκαλίαν
1301 1335 1578 1399 εὐσεϐείας
1618 1339 1726 1398 τοῖς
1773 1338 1850 1399 εἰς

287 1418 419 1471 Θεὸν
445 1421 530 1475 διὰ
572 1424 741 1494 Ἰησοῦ
775 1425 1009 1497 Χριστοῦ
1057 1429 1492 1482 πεπιστευκόσιν.
1552 1429 1765 1501 Ἐπειδὴ
1795 1429 1848 1482 δὲ

292 1510 636 1583 πολυτρόπως
662 1518 688 1568 ὁ
723 1535 784 1568 πε
797 1518 846 1586 pl.
872 1517 970 1586 τῆς
1003 1517 1231 1588 κρίσεως
1260 1521 1627 1591 ἐγγέγραπται
1674 1520 1847 1588 λόγος,

283 1602 423 1668 δόξῖι
476 1609 595 1660 τινὰ
647 1609 737 1660 καὶ
769 1608 1026 1676 σύγχυσιν
1056 1609 1199 1680 ἔχειν
1246 1615 1357 1676 τοῖς
1393 1614 1466 1684 μὴ
1505 1613 1745 1685 ἀκριϐῶς
1782 1615 1848 1669 τὰ

287 1698 658 1768 σημαινόμενα
694 1700 1109 1756 διαστέλλουσιν.
1177 1703 1237 1755 '0
1275 1705 1572 1757 πιστεύων
1621 1705 1728 1774 γὰρ
1764 1708 1850 1769 εἰς

282 1787 386 1854 ἐμὲ
413 1792 481 1842 οὐ
521 1792 797 1858 κρίνεταιο
837 1796 868 1845 ό
905 1793 972 1846 δὲ
1004 1793 1274 1848 ἀπιστῶν
1312 1795 1427 1864 ἤδη
1470 1795 1727 1864 κέκριται
1787 1799 1847 1850 Εἰ

281 1877 338 1930 δὲ
367 1882 394 1932 ό
443 1881 514 1952 μὴ
552 1883 819 1936 πιστεύων
849 1885 1032 1956 ὅμοιός
1084 1886 1192 1956 (fil)
1223 1888 1336 1940 ἐστι
1373 1887 1449 1958 τῷ
1497 1890 1698 1952 ἀσεϐεῖ,
1733 1891 1846 1955 πῶς

281 1970 493 2041 εἴρηται
516 1973 574 2025 τὸ
605 1976 677 2046 μὴ
715 1977 1112 2048 ἀναστήσεσθαι
1166 1980 1380 2043 ἀσεϐεῖς
1418 1982 1474 2032 ἐν
1501 1983 1705 2050 κρίσει;
1738 1985 1844 2036 Καὶ

281 2061 332 2112 εί
376 2063 424 2114 ot
451 2064 789 2129 πιστεύοντες
809 2068 911 2119 υἱοὶ
933 2068 1065 2121 Θεοῦ
1089 2068 1177 2121 διὰ
1194 2072 1290 2140 τῆς
1308 2070 1541 2132 πίστεως
1569 2073 1840 2139 γεγόνασι,

281 2153 375 2204 καὶ
389 2153 475 2205 διὰ
500 2155 655 2208 τοῦτο
698 2157 834 2220 ἄξιοί
862 2160 967 2211 είσι
1007 2159 1100 2211 τοῦ
1131 2161 1221 2212 καὶ
1249 2162 1400 2214 αὐτοὶ
1438 2161 1549 2213 θεοὶ
1580 2164 1843 2232 χρηματί-

279 2243 412 2308 ζειν,
450 2246 566 2310 πῶς
590 2247 720 2311 Θεὸς
749 2249 876 2320 ἔστη
924 2251 980 2303 ὲν
1029 2255 1312 2322 συναγωγῇ
1343 2253 1499 2319 θεῶν,
1530 2255 1585 2306 ὲν
1619 2256 1766 2325 μέσῳ
1789 2255 1843 2308 δὲ

279 2336 433 2401 θεοὺς
461 2339 753 2410 διακρινεῖ;
808 2342 945 2394 Ἀλλ’
979 2343 1118 2396 ἔοικε
1147 2344 1207 2397 τὸ
1259 2345 1531 2416 κρίνεσθαι
1571 2347 1698 2399 ποτὲ
1747 2349 1843 2417 μὲν

278 2428 371 2480 ἐπὶ
413 2431 505 2482 τοῦ
538 2433 645 2504 (62)
698 2433 1106 2504 δοκιμάζεσθαι
1153 2437 1256 2489 ὑπὸ
1298 2438 1394 2506 τῆς
1426 2438 1647 2508 Γραφῆς
1673 2457 1843 2508 παρα-

277 2520 664 2590 λαμϐάνεσθαι,
713 2527 840 2578 ποτὲ
865 2527 920 2580 δὲ
954 2529 1044 2580 ἐπὶ
1090 2529 1182 2582 τοῦ
1237 2532 1707 2599 κατακρίνεσθαι·
1753 2533 1843 2585 ἐπὶ

282 2612 382 2679 μὲν
407 2612 499 2665 τοῦ
534 2614 961 2683 δοκιμάζεσθαι,
993 2618 1066 2681 ὡς
1095 2619 1176 2681 τὸ,
1200 2617 1244 2670 Κ
1241 2619 1414 2685 ,οἶνόν
1426 2637 1522 2687 με,
1547 2621 1736 2688 Κύριε,
1757 2619 1842 2672 ὅτι

275 2701 390 2770 ἐγὼ
420 2704 488 2756 ἐν
510 2706 721 2774 ἀκακία
757 2727 872 2777 μου
922 2710 1267 2778 ἐπορεύθην·
1319 2713 1510 2781 ἐπάγει
1552 2713 1658 2783 γὰρ
1708 2714 1838 2766 ἐκεῖ’

276 2794 714 2866 Δοκίμασόνμε,
751 2801 944 2868 Κύριε,
977 2802 1076 2854 καὶ
1111 2803 1400 2870 ite/paco?
1425 2820 1521 2873 με·
1553 2806 1645 2858 ἐπὶ
1675 2806 1729 2858 δὲ
1748 2806 1840 2859 τοῦ

275 2888 711 2958 κατακρίνεσθαι,
740 2891 812 2953 ὡς
847 2892 956 2961 (65)
985 2893 1062 2956 τὸ,
1089 2895 1157 2946 Et
1204 2895 1311 2963 γὰρ
1343 2896 1592 2963 ἑαυτοὺς
1618 2899 1841 2966 ἐκρίνο-

268 2994 404 3046 μεν,
435 2982 544 3033 οὐκ
564 2980 639 3034 ἂν
654 2982 1019 3052 ἐκρινόμεθα·
1050 2987 1095 3038 εἰ
1116 2986 1221 3057 γὰρ
1247 2990 1468 3052 ἑαυτοὺς
1488 2990 1835 3062 ἐξητάζομεν,

275 3069 457 3136 φησὶν,
492 3071 591 3123 οὐκ
619 3072 684 3125 ἂν
729 3076 1048 3146 κατακρίσει
1086 3077 1514 3149 ὑπεϐαλλόμεθα.
1572 3082 1736 3135 Πάλιν
1767 3085 1838 3136 εῖ-

277 3175 433 3228 ρηται
461 3161 810 3232 κριθήσεσθαι
827 3166 916 3218 τὸν
934 3169 1135 3238 Κύριον
1158 3171 1290 3239 πρὸς
1322 3173 1499 3225 πᾶσαν
1512 3172 1687 3243 σάρκα
1704 3173 1835 3243 (6-i)°

270 3249 564 3315 τουτέστιν,
601 3255 656 3305 ἐν
683 3255 758 3325 τῷ
798 3255 1078 3329 ἐξετασμῷ
1101 3260 1206 3313 τῶν
1242 3261 1583 3332 βεϐιωμένων
1629 3265 1839 3336 ἑκάστῳ

271 3341 461 3396 ἑαυτὸν
508 3345 794 3401 ὑποϐάλλει
832 3353 896 3421 τῇ
926 3352 1123 3421 κρίσει,
1161 3355 1251 3406 καὶ
1281 3354 1348 3407 τὰ
1387 3355 1577 3408 ἑαυτοῦ
1607 3361 1834 3429 προστάς

268 3449 455 3503 γματα
507 3437 925 3510 ἀντιπαρεξάγει
983 3445 1093 3505 τοῖς
1119 3446 1526 3515 πεπραγμένοις
1582 3448 1686 3500 ὑπὸ
1730 3450 1836 3502 τῶν

266 3526 684 3597 ἡμαρτηκότων,
727 3532 1156 3605 ἀπολογούμενος
1201 3537 1336 3606 μετὰ
1371 3538 1710 3603 ἀποδείξεων,
1755 3543 1836 3594 ὅτι

268 3616 445 3669 πάντα
467 3616 535 3670 τὰ
577 3621 656 3682 εἰς
688 3621 845 3674 αὑτὸν
876 3624 1075 3693 ἥκοντα
1112 3626 1206 3679 ἐπὶ
1245 3628 1488 3698 σωτηρίᾳ
1516 3630 1623 3682 τῶν
1660 3649 1837 3702 κρινο-

269 3705 447 3777 μένων
471 3711 787 3781 πεποίηκεν,
815 3714 899 3767 ἵνα
925 3716 1233 3787 πειθόμενοι
1266 3720 1313 3770 οί
1340 3721 1716 3790 ἡμαρτηκότες
1763 3724 1837 3788 ὡς

267 3798 438 3869 ἔνοχοι
460 3804 570 3863 τοῖς
599 3803 1010 3875 ἁμαρτήμασιν,
1043 3809 1426 3879 ἀποδεχόμενοι
1458 3811 1554 3883 τὴν
1584 3814 1732 3868 θείαν
1759 3816 1835 3868 δί-

268 3907 392 3959 κην,
414 3893 626 3958 ἑκόντες
661 3897 968 3960 προσῶνται
996 3900 1103 3968 (65)
1127 3901 1185 3952 τὸ
1218 3902 1501 3957 ἐπιϐάλλον
1527 3906 1706 3970 αὐτοῖς
1730 3909 1837 3962 ἐπι-

267 3983 471 4053 τίμιον.

341 4075 391 4129 5.
422 4077 574 4130 Ἔστι
611 4079 668 4130 δὲ
721 4082 813 4134 καὶ
843 4081 970 4135 ἄλλο
1020 4085 1413 4155 σημαινόμενον
1462 4088 1564 4140 ὑπὸ
1613 4093 1711 4160 τῆς
1741 4091 1831 4143 τοῦ

267 4167 546 4237 κρίνεσθαι
575 4171 776 4241 φωνῆς,
807 4173 949 4226 καθά
986 4192 1149 4244 φησιν
1179 4179 1206 4229 ὁ
1238 4177 1460 4249 Κύριος·
1493 4181 1834 4235 Βασίλισσα

265 4265 445 4317 νότου
487 4265 861 4334 ἐγερθήσεται
906 4269 975 4322 ἐν
1015 4269 1088 4337 τῇ
1126 4271 1334 4338 κρίσει,
1373 4272 1469 4325 καί
1506 4274 1840 4340 κατακρινεῖ

265 4355 383 4421 τὴν
409 4356 620 4424 γενεὰν
641 4360 881 4427 ταύτην.
914 4362 1050 4425 Τοὺς
1076 4363 1182 4434 γὰρ
1209 4365 1712 4436 ἀποστρεφομένους
1738 4368 1834 4439 τὴν

266 4443 417 4495 θείαν
468 4445 828 4513 διδασκαλίαν,
871 4452 966 4504 καὶ
1012 4453 1385 4522 ἀφιλοκάλους,
1421 4457 1512 4508 καὶ
1560 4459 1833 4523 παντελῶς

263 4535 752 4607 ἀπεστραμμένους
787 4542 853 4595 τὰ
884 4545 1203 4599 παιδευτικὰ
1231 4547 1326 4618 τῆς
1354 4549 1542 4616 σοφίας
1567 4549 1828 4619 δόγματα,

1962 685 2030 740 Et
2084 696 2292 756 propter
2339 688 2470 741 hanc
2532 691 2582 743 in
2619 690 2782 743 altum
2834 690 3112 757 regredere.
3144 688 3372 758 Propter
3404 688 3514 742 cir-

1955 780 2293 835 cumdautem
2333 789 2384 835 te
2418 795 2760 853 synagogam,
2799 795 2980 848 quam,
3016 781 3302 837 demittens
3331 791 3384 835 te
3419 795 3516 850 per

1954 873 2204 940 gratiam,
2228 882 2280 924 et
2305 885 2518 925 carnem
2542 873 2784 938 induens,
2823 873 3125 944 possedisti,
3157 871 3508 942 regrederein

1952 965 2283 1018 altitudinem
2317 963 2517 1034 glorim,
2537 979 2692 1034 quam
2712 965 3031 1024 antemundi
3058 975 3230 1019 ortum
3250 966 3505 1019 habebas.

1961 1057 2118 1112 Vens.
2149 1055 2203 1110 9.
2222 1055 2476 1109 Dominus
2487 1056 2741 1124 judicabit
2767 1057 3001 1128 populos.
3019 1055 3192 1112 Multis
3217 1056 3508 1125 Scriptura:

1951 1150 2080 1204 locis
2139 1149 2204 1202 de
2242 1148 2444 1218 judicio
2469 1149 2740 1218 inspersus
2769 1160 2852 1205 est
2899 1165 3099 1214 sermo,
3137 1159 3387 1219 tanquam
3415 1149 3506 1218 qui

1953 1242 2183 1295 maxime
2209 1241 2545 1294 necessarius
2570 1241 2658 1306 sit,
2717 1253 2999 1312 servetque
3036 1241 3265 1296 maxime
3293 1243 3343 1295 in
3391 1242 3504 1311 pie-

1951 1331 2073 1384 tatis
2095 1329 2337 1384 doctrina
2367 1345 2480 1394 eos,
2516 1332 2602 1398 qui
2635 1331 2686 1384 in
2720 1333 2881 1386 Deum
2907 1347 3001 1401 per
3021 1332 3200 1387 Jesum
3235 1331 3502 1385 Christum

1947 1425 2310 1480 crediderunt.
2375 1425 2638 1490 Quoniam
2698 1435 2872 1479 autem
2918 1427 3126 1480 diverse
3188 1424 3254 1478 de
3303 1423 3504 1493 judicio

1949 1517 2181 1585 scriptus
2212 1525 2293 1572 est
2324 1531 2525 1580 sermo,
2555 1515 2918 1571 confusionem
2948 1519 3229 1587 quamdam
3265 1516 3329 1568 iis
3363 1514 3506 1567 vide-

1947 1609 2092 1661 bitur
2135 1622 2345 1678 parere,
2391 1608 2479 1675 qui
2523 1608 2697 1664 minus
2745 1620 2994 1665 accurate
3029 1611 3126 1664 has
3173 1610 3506 1677 distinguunt

1949 1696 2388 1767 signiﬁcationes.
2417 1696 2668 1761 Quienim
2689 1699 2849 1752 credit
2877 1699 2928 1751 in
2955 1715 3051 1764 me,
3075 1717 3175 1752 non
3192 1699 3504 1767 judicatur:

1948 1790 2034 1855 qui
2066 1798 2236 1841 autem
2287 1803 2389 1841 non
2427 1787 2616 1852 credit,
2639 1788 2752 1859 jam
2769 1787 3041 1858 judicatus
3072 1790 3229 1842 est".
3266 1787 3416 1855 Quod
3458 1789 3503 1840 si

1948 1879 2014 1942 is,
2049 1879 2138 1948 qui
2172 1895 2275 1934 non
2310 1881 2500 1948 credit,
2539 1879 2730 1935 similis
2755 1889 2836 1935 est
2865 1881 3046 1949 impio,
3091 1881 3356 1949 quomodo
3387 1880 3500 1933 dic-

1880 1958 1918 2009 Β
1949 1977 2055 2021 ιιιιιι
2090 1979 2171 2024 est.
2209 1972 2396 2040 impios
2435 1973 2486 2025 in
2507 1969 2714 2039 judicio
2749 1987 2853 2026 non
2891 1986 3007 2027 esse
3034 1973 3503 2027 resurrecturos“?

1947 2061 2010 2114 Et
2050 2061 2093 2115 si
2131 2063 2429 2129 credentes,
2475 2076 2568 2132 per
2611 2062 2769 2117 [idem
2813 2063 2939 2119 facti
2985 2075 3110 2118 sunt
3149 2064 3241 2118 ﬁlii
3280 2062 3402 2127 Dei,
3442 2081 3503 2118 ac

1946 2165 2225 2224 propterea
2255 2155 2396 2225 digni
2432 2157 2664 2224 suntqui
2705 2166 2759 2210 et
2797 2156 2896 2226 ira;
2919 2167 3174 2212 vocentur
3209 2158 3309 2221 dii‘,
3365 2173 3503 2227 quo-

1946 2249 2102 2303 modo
2149 2247 2288 2300 Dens
2325 2248 2484 2302 stabit
2515 2248 2568 2301 in
2617 2263 2883 2319 synagoga
2940 2249 3184 2313 deorum,
3225 2248 3277 2302 in
3329 2248 3504 2302 medio

1945 2349 2123 2394 autem
2151 2339 2279 2394 deos
2299 2337 2612 2406 dijudicabit
2635 2340 2717 2392 “‘2
2752 2339 2943 2394 Verum
2973 2340 3185 2395 videtur
3214 2339 3502 2410 aliquando

1939 2431 2177 2499 judicare
2212 2447 2307 2500 pro
2347 2433 2567 2501 probare
2595 2446 2624 2484 a
2659 2431 2929 2501 Scriptura
2977 2434 3144 2502 accipi
3172 2451 3185 2487 :
3212 2432 3503 2501 aliquando

1943 2535 2072 2574 vero
2103 2535 2199 2588 pro
2223 2521 2586 2575 condemnare.
2623 2519 2864 2576 Sumitur
2894 2524 3104 2592 quidem
3132 2539 3227 2594 pro
3256 2522 3498 2591 probare,

1945 2611 2098 2665 verbi
2132 2612 2323 2680 gratia,
2374 2613 2567 2666 Judica
2610 2629 2710 2678 me,
2743 2613 2985 2679 Domine,
3017 2617 3260 2684 quoniam
3300 2632 3392 2685 ego
3446 2617 3498 2666 in

1944 2705 2241 2757 innocentia
2271 2721 2384 2758 mea
2421 2706 2685 2775 ingressus
2709 2723 2825 2760 sum
2845 2725 2861 2760 :
2906 2708 2975 2762 ibi
3004 2710 3147 2763 enim
3182 2708 3454 2778 subjungit
3484 2728 3496 2764 :

1946 2794 2122 2849 Proba
2157 2813 2255 2860 me,
2284 2795 2521 2863 Domine,
2557 2807 2607 2852 et
2633 2807 2769 2852 tenta
2792 2802 2948 2854 me“.
2983 2800 3224 2855 Sumitur
3251 2817 3379 2856 vero
3403 2818 3501 2870 pro

1943 2889 2303 2953 condemnare,
2333 2897 2388 2941 ut
2423 2890 2474 2943 in
2505 2890 2594 2944 illo
2620 2910 2632 2944 :
2660 2891 2810 2957 Quod
2849 2893 2895 2946 si
2926 2895 3262 2962 nosmetipsos
3279 2895 3500 2964 judica-

1942 2995 2133 3044 retnus,
2170 2996 2271 3033 non
2311 2981 2485 3051 utique
2513 2983 2961 3043 iudicaremur”:
3000 2986 3041 3039 si
3078 2987 3244 3051 enim,
3303 2987 3496 3054 inquit,

1941 3083 2038 3124 nos
2057 3070 2200 3140 ipsos
2217 3081 2692 3140 perscrutaremur,
2711 3075 3138 3130 condemnationi
3164 3091 3498 3144 nequaquam

1942 3160 2344 3230 subjiceremur.
2386 3162 2590 3218 Rursus
2634 3165 2836 3218 dictum
2909 3175 2991 3219 est
3048 3166 3332 3219 Dominum
3378 3183 3498 3219 cum

1940 3252 2085 3305 omni
2119 3266 2282 3306 carne
2309 3252 2569 3322 judicium
2618 3255 2953 3322 subiturum;
2988 3254 3038 3308 id
3068 3266 3169 3321 est,
3221 3257 3273 3309 in
3307 3257 3499 3324 exqui—

1943 3342 2106 3397 renda
2134 3343 2346 3398 ratione
2370 3357 2553 3398 eorum
2583 3360 2700 3415 quae
2725 3347 2917 3416 cuique
2947 3347 3070 3400 dum
3123 3347 3345 3409 viveret,
3379 3357 3499 3401 acta

1939 3444 2082 3497 sunt,
2115 3433 2318 3502 judicio
2363 3449 2421 3491 se
2449 3437 2561 3504 ipse
2592 3436 2828 3507 subjicit,
2871 3447 2925 3490 et
2962 3452 3055 3492 sua
3083 3447 3350 3508 praecepta
3401 3452 3498 3506 op-

1940 3527 2086 3596 ponit
2117 3525 2270 3582 factis
2307 3537 2672 3596 peccatorum,
2706 3531 3035 3599 argumentis
3068 3545 3130 3586 ac
3163 3532 3500 3587 demonstra-

1940 3621 2171 3676 tionibus
2191 3636 2451 3676 excusans
2481 3637 2557 3686 se,
2584 3622 2725 3691 quod
2749 3622 2800 3675 in
2834 3621 3060 3676 salutem
3086 3622 3497 3691 iudicandorum

1936 3713 2112 3766 omnia
2141 3725 2257 3781 quae
2285 3712 2351 3766 ad
2383 3728 2440 3767 se
2483 3712 2801 3777 attinebant,
2841 3711 3048 3776 fecerit,
3097 3721 3153 3765 ut
3192 3711 3228 3765 ii
3254 3712 3342 3781 qui
3373 3727 3496 3780 pcc-

1939 3814 2215 3870 caverunt,
2253 3803 2337 3858 ubi
2367 3818 2680 3873 persuasum
2718 3802 2879 3856 fuerit
2916 3803 3016 3858 sibi
3047 3818 3107 3858 se
3137 3803 3376 3872 peccatis
3399 3803 3496 3857 ob-

1938 3897 2126 3951 noxios
2176 3910 2315 3957 esse,
2364 3896 2769 3949 convenientem
2809 3896 2908 3948 sibi
2937 3909 3167 3962 pinnam,
3200 3895 3494 3963 approbato

1931 3990 2133 4060 judicio
2162 3988 2366 4053 divino,
2398 3987 2541 4041 haud
2573 3986 2724 4039 inviti
2751 3987 3038 4053 perferant.

2005 4084 2058 4136 5.
2101 4082 2214 4138 Vox
2272 4088 2451 4135 autem
2495 4080 2741 4148 judicare
2795 4078 2955 4133 habet
3000 4086 3054 4132 et
3087 4078 3243 4132 aliam
3281 4092 3495 4148 quoque

1935 4173 2415 4244 signiﬁcationem,
2469 4182 2526 4224 ut
2571 4187 2690 4226 cum
2742 4171 2870 4226 dicit
2944 4170 3239 4224 Dominus:
3298 4169 3499 4240 Regina

1935 4269 2102 4321 austri
2119 4275 2291 4331 surget
2327 4265 2378 4316 in
2401 4263 2626 4333 judicio,
2648 4274 2692 4317 et
2721 4263 3080 4316 condemnabit
3111 4263 3494 4332 generationem

1935 4355 2162 4412 istam“.
2193 4353 2290 4420 Qui
2322 4354 2461 4406 enim
2493 4354 2726 4406 divinam
2752 4363 3068 4406 aversantur
3085 4353 3407 4416 doctrinam,
3440 4363 3495 4407 et

1936 4453 2186 4506 decorum
2225 4447 2617 4515 honestumque
2643 4445 2765 4500 odio
2795 4445 3008 4509 habent,
3032 4454 3084 4496 et
3104 4445 3380 4511 sapientia:
3399 4446 3495 4499 do-

1934 4550 2110 4612 gmata
2135 4540 2198 4594 ad
2230 4538 2529 4593 docendum
2566 4538 2757 4591 idonea
2794 4536 2947 4605 102
2972 4552 3192 4606 prorsus
3224 4537 3491 4590 detestan-

265 4627 548 4695 συγκρίσει
570 4631 659 4682 καὶ
689 4633 1109 4704 ἀντιπαραθέσει
1136 4637 1241 4691 τῶν
1275 4639 1413 4691 κατὰ
1441 4639 1537 4711 τὴν
1575 4641 1707 4694 ἰδίαν
1740 4660 1830 4710 γε·
1864 4648 1904 4699 D
1937 4647 1947 4686 |

1807 4673 1830 4682 _
1864 4648 1904 4699 ι)
1937 4647 2043 4698 tur,
2069 4641 2346 4701 postquam
2393 4628 2569 4684 collati
2595 4628 2791 4682 fuerint
2818 4639 2873 4683 et
2903 4629 3197 4697 comparati
3227 4643 3350 4684 cum
3380 4630 3489 4684 suis

262 4717 388 4769 νεὰν
411 4719 502 4771 ἐπὶ
530 4725 593 4792 τῇ
631 4724 757 4794 περὶ
785 4725 852 4777 τὰ
894 4727 1031 4778 καλὰ
1088 4729 1287 4798 σπουδῇ
1318 4729 1716 4798 διενεγκόντων,
1744 4735 1832 4803 βα-

263 4808 496 4880 ρυτέραν
527 4815 660 4885 φησι
705 4815 1001 4886 λαμϐάνειν
1027 4819 1121 4890 τὴν
1166 4821 1258 4873 ἐπὶ
1289 4825 1399 4886 τοῖς
1431 4823 1710 4894 παρεθεῖσι
1735 4844 1831 4878 κα-

338 4921 778 4997 "1030.1",18.
891 4933 935 4963 6°
961 4933 1101 4988 Psal.
1138 4951 1176 4997 ι,
1209 4935 1259 4988 5.

260 5010 358 5057 xu,
380 4993 466 5049 ιε.

333 5105 950 5182 (6l)C0lb.___qttartus6
998 5110 1159 5172 αὐτὸς
1209 5127 1304 5180 pro
1350 5114 1553 5182 ὅμοιος.
1587 5115 1822 5170 Subinde

261 5175 391 5246 mss.
426 5175 668 5228 nonnulli
702 5176 985 5246 διακρίνει.

335 5245 444 5310 (6‘2)
490 5246 600 5299 Non
654 5245 975 5300 conveniunt
1021 5250 1159 5302 inter
1202 5267 1260 5304 se
1307 5268 1435 5305 mss.
1465 5254 1550 5306 hic.
1575 5265 1626 5306 et
1655 5255 1815 5309 infra.

259 5316 589 5391 Aliihabent
620 5318 711 5391 ἐπὶ
861 5320 974 5391 Alii
1006 5321 1096 5371 ἐπὶ
1134 5321 1230 5390 τῷ,
1271 5323 1372 5374 Alii
1418 5326 1644 5391 denique
1699 5342 1820 5379 cum

259 5386 419 5439 editis
473 5389 565 5463 επὶ
600 5387 712 5441 τοῦ.
762 5388 959 5463 Ibidem
1014 5392 1139 5441 edili
1183 5386 1612 5463 ’κατακρίνεσθαι
1664 5411 1676 5448 :
1728 5398 1821 5450 sed

261 5458 677 5530 ιιιεςᾈείκιιιιιιρι
699 5459 957 5530 excipias,
994 5460 1363 5530 κατακρίνειν.

331 5525 443 5595 (65)
481 5525 569 5579 Sic
618 5527 770 5581 Colb.
812 5525 1058 5596 quartus.
1108 5525 1264 5583 Deest
1295 5530 1368 5592 ὡς
1411 5531 1460 5584 in
1491 5535 1650 5587 editis
1679 5546 1732 5587 et
1770 5537 1818 5588 in

257 5593 379 5674 aliis
414 5593 542 5674 mss.
603 5595 767 5650 Paulo
825 5593 941 5664 post
977 5601 1139 5652 editio
1180 5599 1770 5674 Paris._6ta§nti§ouev
1805 5623 1817 5656 :

258 5667 358 5745 εςῇ
391 5666 559 5733 It‘wjot'
599 5683 723 5733 pars
778 5686 904 5721 mss.
941 5687 1044 5722 uua
1077 5688 1195 5724 eum
1239 5671 1473 5724 editione
1509 5666 1821 5745 Βδείιζιξη-

257 5733 508 5804 τάξομεν.

330 5806 443 5871 (64)
506 5804 682 5858 Monet.
719 5808 1083 5875 p'rilissinms
1137 5813 1220 5864 vir
1273 5811 1496 5863 Dttcmus
1545 5811 1645 5878 legi
1678 5816 1817 5872 apud

255 5873 544 5950 thretniattt
592 5873 734 5936 xxv,“
771 5878 872 5950 51,
943 5880 1184 5950 κρίνεται
1249 5882 1407 5941 αὐτὸς
1462 5873 1620 5950 πρὸξ
1642 5885 1821 5934 πᾶσαν

262 5946 456 6014 σάρκα.
484 5946 618 6001 Hinc
648 5948 916 6003 concludit
939 5946 1023 6005 hic
1065 5952 1292 6007 fortasse
1326 5946 1517 6006 melius
1566 5953 1665 6020 legi
1699 5953 1820 6022 κρί-⁴

1366 4937 1405 4967 ⁶¹
1441 4936 1582 4992 Psal.
1621 4955 1802 5001 unt,
1834 4941 1882 4994 l.

1931 4725 2251 4795 aequalibus,
2284 4723 2375 4793 qui
2405 4736 2580 4776 rerum
2607 4722 2868 4775 bonarum
2899 4722 3077 4775 studio
3115 4723 3486 4788 excellueriut,

1932 4819 2028 4871 hos
2065 4816 2196 4871 dicit
2227 4816 2295 4870 ob
2339 4830 2400 4868 ea
2445 4828 2562 4881 quae
2588 4812 2885 4868 omiserunt
2924 4828 3133 4882 pinnam
3187 4814 3485 4883 graviorem

1990 4937 2032 4967 ε’
2057 4933 2194 4986 l’sal.
2243 4947 2365 4992 xxv,
2402 4928 2451 4992 i,
2482 4928 2537 4980 Ξ.
2644 4929 2688 4958 ⁸³
2720 4927 2734 4980 Ι
2766 4927 2886 4982 Cor.
2930 4945 3003 4990 XI,
3035 4929 3118 4982 51.
3186 4937 3202 4955 ⁹
3227 4929 3268 4958 ⁸⁸
3301 4927 3483 4982 Matth.

1931 5114 2135 5168 νεσθαι.
2178 5114 2280 5166 Sed
2330 5114 2513 5181 religio
2559 5115 2710 5168 nobis
2752 5113 2850 5166 fuit
2896 5122 3094 5166 textum
3151 5123 3487 5168 commutare

1929 5196 2116 5255 i-niitra
2140 5185 2293 5255 ﬁdem
2313 5186 2550 5237 omnium
2569 5200 2697 5239 mss.
2718 5185 2804 5251 qui
2824 5191 3135 5255 constanter
3151 5183 3350 5255 habent
3368 5201 3486 5255 κρι-

1928 5253 2207 5325 θήσεσθαι.
2241 5253 2507 5309 Fortassis
2542 5269 2643 5306 non
2683 5256 2860 5321 inepte
2888 5253 3109 5308 verbum
3129 5254 3336 5322 κρίνειν
3360 5253 3484 5322 pns-

1931 5328 1997 5377 sit
2028 5328 2126 5378 hoc
2160 5326 2276 5379 loco
2331 5326 2471 5378 sumi
2498 5341 2594 5392 pro
2625 5340 2688 5377 eo
2730 5325 2868 5392 quod
2898 5334 2997 5382 est,
3031 5339 3357 5390 comparare,
3384 5325 3482 5377 hac

1930 5396 2194 5448 sententia
2226 5415 2237 5449 :
2273 5395 2476 5447 Dictum
2502 5404 2574 5446 est
2594 5396 2777 5447 iterum
2815 5395 2927 5462 [ore
2970 5403 3026 5445 ut
3063 5393 3310 5445 Dominus
3343 5410 3480 5445 com-

1929 5480 2140 5533 paretur
2167 5467 2220 5518 in
2266 5465 2468 5534 judicio
2502 5480 2617 5515 cum
2648 5466 2789 5517 omni
2821 5481 2992 5518 came.
3039 5463 3104 5516 Et
3138 5478 3260 5516 vero
3309 5463 3484 5515 Domi-

1932 5553 2031 5588 nus
2061 5538 2110 5587 ιιι
2139 5536 2337 5601 judicio
2362 5549 2418 5587 se
2444 5535 2558 5600 ipse
2587 5535 2982 5601 quodammodo
3003 5537 3331 5600 comparabit
3358 5550 3476 5586 cum

1931 5607 2214 5658 creaturis.
2240 5605 2348 5658 Hoc
2373 5615 2455 5657 est
2485 5619 2498 5653 :
2543 5617 2805 5672 praecepta
2854 5621 2946 5658 sua
2977 5605 3308 5672 comparabit
3355 5620 3476 5656 cum

1931 5676 1996 5730 iis
2015 5691 2135 5744 qua:
2170 5678 2218 5726 in
2248 5690 2338 5726 sua
2364 5673 2594 5741 quisque
2612 5677 2728 5746 _\'il:t
2755 5676 3000 5746 gesserit.

2001 5743 2111 5813 (65)
2159 5746 2244 5799 Sic
2281 5755 2387 5814 tres
2436 5759 2567 5798 mss.
2612 5743 2926 5798 Editi‘vero
2975 5743 3273 5814 πρόσοιντο.
3324 5744 3474 5796 Colb.

1929 5827 2149 5881 qunrlus
2170 5813 2458 5884 προῶνται.
2487 5817 2616 5883 lieg.
2656 5827 2876 5881 quartus
2915 5815 3180 5883 πρόοιντο.
3229 5813 3340 5866 Vox
3379 5817 3478 5867 αὑ-

1928 5888 2037 5946 τοῖς
2059 5888 2206 5937 deest
2234 5887 2282 5936 in
2316 5886 2493 5950 editis,
2536 5888 2627 5939 sed
2663 5888 2924 5952 reperitur
2955 5904 3003 5937 Ill
3050 5903 3174 5937 mss.
3206 5885 3323 5939 Mox
3362 5904 3480 5940 vct-

1929 5956 1991 6008 ba
2025 5955 2131 6019 illa,
2255 5958 2317 6025 τῇ
2357 5957 2864 6024 κρίσει,ειι1]εςίιιιιιδ
2892 5973 2955 6012 ex
2989 5955 3138 6010 Colb.
3165 5970 3376 6026 quarto.
