4260 6502
742 441 848 498 239

2053 438 2111 497 S.
2154 438 2398 495 BASILII
2431 440 2644 497 MAGNI

3869 440 3974 494 240

741 574 862 616 esse
893 557 1136 613 daturos.
1166 556 1417 614 Arbitror
1451 566 1630 613 autem
1654 571 1866 624 omnes,
1901 568 2166 629 quotquot
2195 560 2297 615 hoc
2329 565 2375 621 Α
2400 576 2423 612 ς

2329 565 2375 621 Α
2400 559 2674 630 τάκρισιν.
2697 559 2861 628 Οἰμαι
2889 559 2966 624 δὲ,
3006 560 3088 612 δτι
3123 559 3220 628 οὐχ
3244 559 3440 628 ὁμοίως
3475 557 3820 629 κριθήσονται
3841 559 3979 612 πάν-

743 657 1006 705 terrestre
1054 661 1248 717 corpus
1295 661 1571 716 recepere,
1615 649 1730 718 pari
1776 650 1932 704 modo
1967 666 1994 702 a
2031 651 2175 720 justo
2212 652 2302 705 illo

737 740 920 809 judice
962 753 1064 792 non
1111 753 1231 794 esse
1268 737 1613 806 judicandos,
1654 740 1796 808 quod
1833 755 1953 808 qua!
2002 738 2300 796 forinsecus

743 830 1033 895 unicuique
1078 839 1319 882 nostrum
1359 829 1631 893 accidunt,
1657 837 1838 897 utpote
1880 829 2038 894 longe
2064 829 2203 882 inter
2245 844 2303 883 se

740 921 988 983 diversa,
1027 917 1448 988 uniuscujusque
1489 918 1752 989 judicium
1800 921 2008 973 varium
2045 919 2299 974 elﬁciant.

739 1012 875 1066 Nam
903 1027 1090 1066 earum
1135 1026 1312 1065 rerum
1357 1025 1674 1076 concursus,
1717 1027 1837 1080 qua:
1880 1012 1932 1064 in
1979 1022 2159 1064 nostra
2199 1027 2302 1066 nou

740 1113 865 1158 sunt
897 1110 1184 1170 potestate,
1232 1102 1322 1156 sed
1359 1117 1459 1158 nos
1490 1102 1825 1157 circumdant
1853 1102 1937 1157 vel
1973 1104 2187 1168 invitos,
2214 1114 2306 1157 aut

741 1204 996 1264 aggravat
1041 1203 1257 1264 peccata
1296 1204 1503 1257 nostra,
1548 1205 1637 1248 aut
1668 1193 1829 1249 eIIicit
1867 1194 2089 1248 leviora.
2132 1193 2307 1250 Ponas

740 1285 881 1339 enim
928 1284 995 1340 de
1033 1293 1220 1354 stupro
1259 1284 1388 1340 ferri
1419 1285 1697 1352 judicium.
1724 1286 1830 1341 Sed
1861 1287 1952 1354 qui
2003 1287 2050 1340 id
2092 1286 2310 1340 admisit

746 1376 974 1447 peccati,
1012 1376 1192 1446 pravis
1232 1386 1349 1432 erat
1400 1376 1468 1430 ab
1505 1377 1655 1432 initio
1693 1377 1975 1432 institutus
2021 1377 2258 1433 moribus
2290 1395 2303 1430 :

743 1466 1011 1537 siquidem
1039 1481 1104 1521 ex
1132 1467 1422 1536 impudicis
1469 1468 1783 1536 parentibus
1833 1476 1994 1521 natus
2025 1464 2222 1530 fuerat,
2254 1480 2306 1520 et

741 1559 794 1612 in
810 1555 1131 1628 ﬂagitiorum
1151 1559 1537 1614 consuetudine
1556 1560 1840 1624 educatus,
1860 1559 1912 1612 in
1936 1557 2306 1622 ebrietatibus,

743 1650 792 1703 in
811 1651 1313 1715 comessationibus,
1349 1651 1398 1704 in
1425 1651 1675 1705 obscenis
1701 1651 2059 1705 sermonibus.
2085 1649 2304 1713 Contra,

742 1741 941 1810 aliquis
980 1742 1117 1796 alius
1163 1758 1323 1809 quem
1362 1742 1590 1810 plurima
1644 1743 1708 1795 ad
1739 1742 1938 1810 optima
1969 1757 2195 1810 quotque
2222 1757 2308 1796 se-

739 1835 934 1887 ctanda
981 1834 1315 1899 invitabant,
1367 1833 1646 1898 educatio,
1701 1833 1962 1902 magistri,
2009 1833 2306 1888 diviniores

2399 664 2491 711 τες
2519 649 2569 701 oi
2603 650 2662 702 τὸ
2689 651 2873 719 γήίνον
2911 649 3067 702 τοῦτο
3095 649 3253 719 σῶμα
3301 649 3653 711 ἀναλαϐόντες
3687 648 3836 718 παρὰ
3880 649 3975 703 τοῦ

2399 740 2608 793 δικαίου
2638 740 2846 811 κριτοῦ,
2877 741 3007 794 διότι
3033 742 3100 794 τὰ
3135 739 3331 804 ἔξωθεν
3358 740 3730 808 συμπίπτοντα
3763 740 3980 810 ἑκάστῳ

2400 832 2555 903 ἡμῶν
2588 833 2739 903 παρά
2767 832 2898 885 πολὺ
2925 833 3247 902 διαφέροντα
3276 831 3682 902 παραλλαγῆναι
3713 833 3980 902 ποιεῖτὴν

2402 923 2630 978 ἑκάστου
2655 924 2834 994 κρίσιν
2856 923 2984 994 (66).
3031 925 3100 976 Ἢ
3135 924 3241 995 γὰρ
3283 923 3500 994 βαρύνει
3533 924 3662 992 ἡμῖν
3695 923 3763 974 τά
3796 923 3980 992 ἀμαρ-

2402 1016 2696 1086 τηματα,ἢ
2735 1016 2830 1069 καὶ
2881 1015 3125 1084 κουφίζει
3182 1019 3214 1086 ἡ
3267 1015 3376 1067 τῶν
3423 1014 3523 1066 οὐκ
3557 1013 3812 1082 ἐφ’ήμῖν,
3860 1013 3978 1067 ἀλλ’

2404 1107 2672 1170 ἀκουσίως
2696 1107 3131 1179 περιϊσταμένων
3157 1109 3300 1178 ἡμᾶς
3324 1105 3611 1176 συνδρομή.
3642 1103 3980 1158 ’Υποκείσθω

2405 1199 2512 1269 γὰρ
2541 1200 2792 1270 πορνείαν
2849 1194 2989 1252 εἶναι
3034 1198 3094 1250 τὸ
3148 1199 3484 1270 κρινόμενον.
3534 1196 3690 1248 Ἀλλὰ
3723 1195 3924 1264 ταύτην
3951 1198 3982 1248 ό

2411 1293 2508 1360 μέν
2551 1309 2632 1354 τις
2682 1293 2920 1362 ἥμαρτε,
2977 1293 3236 1362 πονηροῖς
3268 1290 3423 1360 ἤθεσι
3447 1288 3506 1341 τὸ
3534 1286 3592 1352 ἐξ
3634 1287 3805 1358 ἀρχῆς
3834 1287 3982 1338 ἐντε-

2409 1381 2734 1452 θραμμένος·
2778 1385 2871 1437 καὶ
2898 1383 3007 1454 γὰρ
3028 1382 3121 1436 καὶ
3160 1382 3262 1435 ὑπὸ
3288 1381 3488 1450 γονέων
3513 1380 3752 1447 ἀσελγῶν
3780 1379 3858 1439 είς
3887 1379 3982 1430 τὸν

2410 1470 2522 1540 βίον
2555 1471 2830 1542 παρήχθη,
2868 1473 2962 1525 καὶ
2997 1471 3372 1542 συνανετράφη
3411 1473 3477 1539 τῇ
3518 1470 3646 1539 περὶ
3681 1467 3747 1518 τα
3799 1465 3984 1533 φαῦλα

2410 1562 2682 1634 συνηθείᾳ,
2721 1563 2907 1634 μέθαις
2950 1565 3043 1617 καὶ
3067 1562 3273 1632 κώμοις
3321 1562 3415 1615 καὶ
3450 1562 3689 1632 αίσχροῖς
3716 1558 3983 1626 διηγήμα-

2410 1671 2512 1706 σιν.
2558 1654 2748 1718 Ἀλλος
2799 1653 2856 1707 δέ
2889 1671 2990 1716 τις,
3047 1653 3215 1706 πολλὰ
3267 1653 3405 1722 ἔχων
3457 1650 3522 1704 τὰ
3565 1649 3984 1721 προκαλούμενα

2408 1743 2570 1796 αὑτὸν
2631 1744 2723 1796 ἐπὶ
2783 1742 2852 1795 τά
2899 1741 3176 1803 κάλλιστα,
3229 1740 3555 1812 ἀνατροφὴν,
3609 1738 3981 1800 διδασκάλους,

2411 1835 2672 1906 ἀκρόασιν
2695 1833 2864 1902 λόγων
2891 1834 3000 1903 (67)
3041 1832 3341 1902 θειοτέρων,
3384 1830 3777 1900 ἀναγνώσματα
3810 1830 3985 1898 σωτή-

739 1937 1017 1977 sermones
1059 1923 1126 1976 ab
1165 1936 1230 1977 eo
1263 1923 1452 1986 auditi,
1493 1923 1748 1978 lectiones
1779 1922 2062 1989 salutares,
2104 1925 2306 1980 monita
2341 1915 2381 1968 Β
2413 1950 2421 2000 1

2304 1965 2306 1974 ι
2341 1915 2381 1968 Β
2413 1947 2523 2000 ρια,
2555 1928 2870 1998 νουθέτησιν
2918 1926 3133 1995 γονέων,
3177 1925 3484 1995 διηγήματα
3513 1926 3644 1996 πρὸς
3680 1925 3986 1994 σεμνότητα

740 2026 1041 2083 parentum,
1076 2015 1337 2084 colloquia
1378 2018 1444 2070 ad
1472 2019 1791 2087 gravitatem
1824 2027 1877 2071 et
1903 2018 1969 2072 ad
1995 2018 2305 2087 pudicitiam

742 2105 1110 2170 informantia,
1149 2111 1319 2163 victus
1366 2109 1674 2164 moderatus
1713 2128 1724 2161 :
1772 2110 1817 2163 is
1863 2110 1907 2162 si
1949 2109 2202 2175 deinceps
2245 2108 2298 2161 iu

739 2199 916 2254 simile
958 2211 1236 2270 peccatum
1267 2210 1428 2270 atque
1480 2201 1618 2254 alius
1669 2201 1921 2270 delapsus
1971 2209 2075 2264 est,
2132 2213 2308 2252 llOllne

741 2291 863 2346 vita:
895 2305 1124 2362 peracta
1160 2294 1421 2346 rationem
1456 2291 1782 2356 redditurus,
1815 2305 2003 2360 poenas
2032 2289 2309 2361 graviores

740 2400 902 2456 quam
930 2385 1066 2440 alter
1087 2385 1206 2455 jure
1238 2386 1442 2454 Optimo
1467 2384 1649 2439 dabit?
1683 2382 1774 2438 Ille
1803 2384 1944 2438 enim
1977 2385 2043 2438 ob
2069 2384 2118 2436 id
2136 2381 2305 2436 solum

739 2477 1101 2542 accusabitur,
1129 2478 1267 2547 quod
1328 2477 1652 2531 salutaribus
1711 2475 1963 2531 subsidiis
2012 2476 2194 2528 animo
2225 2475 2308 2527 iu-

739 2571 940 2637 spersis
977 2579 1119 2627 recte
1172 2585 1302 2624 usus
1339 2587 1442 2623 non
1478 2571 1549 2624 sit
1584 2588 1596 2620 :
1646 2570 1732 2623 hic
1765 2585 1889 2623 vero
1920 2581 2203 2636 praeterea,
2239 2567 2307 2620 ob

744 2660 794 2714 ld
819 2661 1004 2725 etiam,
1039 2662 1179 2729 quod
1211 2662 1376 2714 multa
1405 2661 1470 2713 ad
1501 2660 1727 2716 salutem
1757 2661 2064 2728 adjumenta
2093 2669 2304 2720 nactus,

740 2761 959 2824 propter
1012 2752 1477 2819 intemperantiam
1543 2761 1599 2804 et
1664 2739 1920 2819 temporis
1999 2750 2306 2803 brevissimi

744 2844 1007 2898 incuriam
1034 2858 1093 2897 se
1122 2845 1233 2910 ipse
1273 2842 1587 2910 prodiderit.
1615 2840 1876 2897 Similiter
1907 2851 2086 2894 autem
2123 2853 2177 2894 et
2210 2840 2302 2908 qui

745 2937 810 2989 ab
871 2936 1022 2990 initio
1095 2937 1146 2988 in
1203 2936 1401 3004 pietate
1467 2934 1568 2987 luit
1634 2934 1930 2999 institutus,
1986 2947 2306 3004 omnemque

743 3029 792 3079 in
860 3026 953 3080 Dei
1019 3028 1284 3094 dogmatis
1361 3027 1552 3079 vitavit
1595 3025 2047 3094 perversitatem,
2116 3036 2168 3079 et
2213 3027 2304 3094 qui

742 3117 1010 3172 enutritus
1039 3126 1120 3170 est
1153 3118 1202 3169 in
1240 3113 1334 3170 Dei
1358 3115 1490 3184 lege,
1525 3131 1641 3184 qua:
1662 3129 1822 3169 omne
1866 3124 2086 3170 accusat
2112 3130 2303 3183 pecca-

746 3222 877 3276 tum,
923 3218 976 3262 et
1035 3210 1100 3262 ad
1160 3208 1424 3263 contraria
1478 3216 1733 3277 provocat
1763 3245 1778 3270 ,
1827 3207 1872 3261 is
1925 3223 2029 3262 non
2075 3208 2301 3262 similem

745 3303 956 3357 habebit
997 3301 1312 3357 idololatria:
1350 3303 1774 3364 excusationem,
1803 3311 1965 3371 atque
2013 3301 2122 3367 ille,
2152 3304 2237 3370 qui
2272 3319 2299 3356 a

744 3394 1054 3458 parentibus
1106 3392 1386 3458 exlegibus
1419 3392 1678 3445 educatus
1732 3399 1836 3455 est,
1871 3402 1926 3444 et
1974 3407 2002 3443 a
2056 3393 2304 3458 gentibus

744 3483 1100 3538 idololatrian]
1167 3483 1234 3535 ab
1303 3481 1527 3535 exordio
1589 3480 1690 3534 fuit
1755 3482 1999 3537 edoctus.
2055 3482 2305 3534 Dominus

737 3577 998 3645 judicabit
1037 3576 1274 3645 populos.
1317 3574 1487 3628 Aliter
1527 3574 1792 3637 Judznum,
1836 3576 1993 3630 aliter
2024 3574 2302 3646 Scytbam.

745 3671 833 3723 Ille
865 3671 1007 3723 enim
1033 3670 1084 3723 in
1123 3670 1235 3738 lege
1269 3669 1563 3738 acquiescit
1601 3677 1655 3723 et
1694 3670 1744 3722 in
1775 3669 1882 3724 Deo
1919 3671 2204 3740 gloriatur,
2243 3685 2306 3723 ac

744 3762 934 3832 probat
960 3761 1201 3814 meliora.
1223 3759 1355 3813 Cum
1382 3761 1523 3814 enim
1555 3775 1619 3813 cx
1648 3761 1766 3829 lege
1797 3762 1867 3815 sit
1896 3762 2216 3826 instructus,
2245 3779 2306 3816 ac

757 3867 954 3927 praeter
985 3872 1294 3911 communes
1349 3856 1592 3910 notiones
1640 3859 1952 3925 prophetica
2003 3868 2058 3912 et
2115 3859 2304 3929 Iegalia

749 3952 946 4020 scripta
1007 3952 1053 4005 ei
1096 3965 1309 4020 semper
1353 3960 1676 4013 canteutur,
1736 3950 2034 4020 eademque
2085 3953 2154 4005 ab
2191 3953 2306 4020 ipso

751 4043 1085 4107 ediscantur,
1115 4046 1157 4097 si
1189 4044 1459 4114 quidpiam
1502 4055 1694 4113 praeter
1719 4045 1804 4112 jus
1850 4045 2133 4100 admisisse
2161 4045 2306 4098 inve-

745 4139 946 4200 niatur,
1013 4139 1265 4204 imputata
1315 4137 1416 4190 sibi
1473 4147 1690 4205 peccata
1748 4139 2090 4194 habebuntur
2154 4138 2307 4207 longe

746 4225 1012 4295 graviOra.
1048 4224 1118 4277 At
1154 4221 1365 4293 Scytha:
1394 4223 1659 4280 Nomades
1701 4226 2001 4294 agrestibus
2050 4236 2104 4280 et
2159 4228 2306 4281 inbu-

749 4317 921 4369 manis
950 4316 1159 4369 educati
1187 4316 1445 4382 moribus,
1468 4318 1668 4387 rapinis
1682 4327 1734 4372 et
1757 4317 2307 4374 contumeliismutuis

745 4406 967 4469 assueti,
1013 4405 1106 4460 ira!
1139 4407 1590 4476 impotentissimi,
1630 4419 1681 4462 et
1717 4409 1768 4462 in
1813 4425 1870 4464 se
1897 4407 2128 4462 invicem
2161 4409 2307 4462 facil-

747 4499 870 4550 lime
901 4498 1176 4552 iracundia
1207 4497 1636 4564 ell‘ervesceutes,
1667 4501 1812 4556 soliti
1844 4515 2056 4556 omnem
2087 4510 2308 4555 comen-

2412 2023 2504 2074 καὶ
2540 2021 2890 2090 σωφροσύνην
2918 2018 3208 2079 τυποῦντα,
3267 2017 3471 2069 δίαιταν
3519 2017 3982 2085 κατεσταλμὲνην,

2410 2108 2525 2165 εἶτα
2561 2111 2875 2181 ὑπενεχθεὶς
2907 2113 2985 2174 είς
3015 2110 3111 2178 τὴν
3145 2109 3334 2179 ὁμοίαν
3367 2107 3637 2177 ἁμαρτίαν
3676 2106 3752 2174 τῷ
3788 2104 3984 2175 ἑτέρῳ,

2410 2205 2503 2256 καὶ
2531 2202 2702 2265 διδοὺς
2735 2203 2889 2270 λόγον
2915 2202 3023 2254 τῶν
3059 2201 3423 2271 βεϐιωμένων,
3464 2199 3580 2262 πῶς
3609 2199 3731 2268 ούχὶ
3753 2195 3987 2268 βαρυτὲ-

2414 2311 2510 2364 ρας
2540 2292 2690 2365 παρά
2735 2295 2825 2347 τὸν
2876 2294 3064 2365 ἕτερον
3097 2294 3123 2345 ὁ
3173 2291 3412 2356 τοιοῦτος
3459 2292 3677 2354 δικαίως
3715 2291 3985 2361 τιμωρίας

2408 2387 2801 2458 ἀξιωθήσεται;
2850 2387 2906 2440 '0
2953 2387 3048 2457 μὲν
3098 2386 3206 2456 γάρ
3234 2385 3629 2455 ὲγκληθήσεται
3662 2385 3753 2436 ἐπὶ
3793 2384 3983 2453 μόναις

2406 2486 2522 2546 ταῖς
2555 2480 3100 2552 ὲγκατεσπαρμέναις
3139 2480 3276 2535 κατά
3304 2480 3402 2544 τάς
3436 2479 3640 2542 ἐννοίας
3694 2475 3986 2548 σωτηρίοις

2406 2574 2698 2642 ἀφορμαῖς,
2731 2572 2805 2635 ὡς
2823 2573 2883 2624 οὐ
2909 2571 3251 2643 χρησάμενος
3276 2572 3460 2634 αὐταῖς
3495 2570 3680 2638 ὑγιῶς·
3705 2570 3733 2620 ό
3756 2569 3812 2621 δὲ
3846 2567 3983 2638 πρὸς

2407 2663 2579 2731 τούτῳ
2614 2666 2706 2716 καὶ
2755 2665 2828 2727 ὠς
2861 2664 3060 2732 πολλῆς
3085 2663 3259 2733 τυχὼν
3295 2664 3375 2726 είς
3422 2663 3481 2715 τὸ
3527 2661 3758 2730 σωθῆναι
3797 2676 3984 2728 συνερ⁴

2408 2752 2583 2819 γείας,
2621 2754 2714 2805 καὶ
2743 2753 2807 2805 δι’
2836 2755 3101 2823 ἀκρασίαν
3135 2757 3227 2806 καὶ
3243 2754 3338 2822 τὴν
3371 2755 3426 2804 ὲν
3461 2751 3778 2822 βραχυτάτῳ
3805 2747 3985 2818 καιρῷ

2407 2844 2734 2917 ἀπροσεξίαν
2761 2844 3108 2914 προδεδωκὼς
3138 2845 3346 2896 ἑαυτόν.
3380 2844 3605 2912 Ὁμοίως
3631 2843 3687 2894 δὲ
3727 2843 3818 2892 καὶ
3846 2844 3874 2892 ό
3907 2844 3985 2892 ὲν-

2405 2937 2733 3010 τρεφόμενος
2749 2935 2984 3007 ἀρχῆθεν
3017 2938 3082 3004 τῇ
3106 2934 3373 3004 εὐσεὸείᾳ,
3406 2935 3500 2986 καὶ
3531 2935 3706 2984 πᾶσαν
3733 2932 3982 3000 διαστρο-

2406 3029 2510 3099 φὴν
2544 3025 2796 3096 ἐκφυγὼν
2824 3027 2881 3078 ὲν
2915 3026 3030 3086 τοῖς
3069 3023 3196 3093 περὶ
3242 3021 3376 3074 Θεοῦ
3412 3022 3688 3091 δόγμασιν,
3727 3020 3982 3090 ἐντρεφό-

2410 3137 2568 3190 μενος
2600 3119 2654 3172 δὲ
2681 3118 2774 3172 καὶ
2797 3118 2944 3188 νόμῳ
2973 3115 3104 3169 Θεοῦ
3139 3113 3472 3169 διαόάλλοντι
3503 3114 3677 3164 πᾶσαν
3706 3112 3984 3180 ἁμαρτίαν

2407 3213 2501 3265 καὶ
2527 3211 2950 3282 προκαλουμένῳ
2979 3209 3070 3262 ἐπὶ
3117 3208 3184 3262 τά
3216 3205 3452 3267 ἐναντία,
3502 3206 3599 3274 οὐχ
3636 3204 3825 3274 ὁμοίαν
3869 3204 3980 3268 ’έξει

2407 3303 2842 3374 εἰδωλολατρείας
2877 3301 3169 3368 ἀπολογίαν
3211 3299 3287 3370 τῷ
3325 3299 3432 3353 ἀπὸ
3469 3297 3716 3367 πατέρων
3763 3296 3978 3366 ἀνόμων

2407 3394 2892 3463 ἀνατεθραμμένῳ,
2929 3391 3022 3444 καὶ⁹
3057 3390 3225 3443 ἐθνῶν
3274 3388 3511 3460 ἀρχῆθεν
3551 3387 3658 3456 (68)
3695 3385 3980 3440 εἰδωλολα-

2408 3487 2553 3554 τρεῖν
2578 3485 2992 3553 δεδιδαγμένων.
3041 3484 3256 3550 Κύριος
3300 3479 3492 3549 κρινεῖ
3522 3482 3727 3545 λαούς.
3771 3479 3979 3542 Ἀλλως

2408 3575 2496 3627 τὸν
2560 3575 2826 3636 Ἰουδαῖον,
2861 3577 2954 3627 καὶ
3008 3573 3177 3636 ἄλλως
3214 3573 3303 3624 τὸν
3349 3571 3580 3640 Σκύθην.
3619 3571 3674 3623 Ὀ
3713 3569 3809 3639 μὲν
3870 3569 3979 3638 γάρ

2410 3663 2812 3718 ἐπαναπαύεται
2841 3665 3009 3733 νόμῳ,
3035 3665 3128 3714 καὶ
3161 3663 3426 3730 καυχᾶται
3460 3663 3515 3713 ὲν
3537 3661 3674 3730 Θεῷ,
3714 3660 3804 3713 καὶ
3834 3659 3979 3710 δοκι-

2413 3755 2570 3828 μάζει
2602 3757 2665 3808 τὰ
2699 3755 3038 3823 διαφέροντα.
3090 3755 3504 3823 Κατηχούμενος
3539 3755 3612 3806 ὢν
3648 3756 3711 3806 ἐκ
3747 3752 3839 3804 τοῦ
3887 3754 3975 3804 νό-

2412 3865 2534 3916 μου,
2568 3846 2660 3898 καὶ
2693 3844 2825 3915 πρὸς
2849 3847 2965 3906 ταῖς
3000 3845 3201 3903 κοιναῖς
3229 3843 3315 3893 ἀεὶ
3345 3841 3570 3902 ἐννοίαις
3605 3841 3977 3910 κατεπαῶμε-

2408 3958 2514 4003 νος,
2567 3941 2659 3992 καὶ
2705 3937 3089 4008 παιδευόμενος
3139 3936 3206 3988 τὰ
3272 3933 3578 4003 προφητικὰ
3635 3933 3726 3983 καὶ
3782 3933 3980 4000 νομικα

2406 4036 2726 4106 γράμματα,
2760 4034 2852 4086 ἐὰν
2902 4031 3096 4103 εὑρεθῇ
3127 4031 3358 4093 πταίσας
3413 4027 3764 4100 παρανόμως,
3799 4025 3980 4095 πολλῷ

2411 4124 2682 4194 βαρύτερα
2712 4123 2819 4186 ἕξει
2847 4122 3200 4191 λελογισμένα
3246 4122 3313 4173 τα
3352 4121 3736 4191 ἁμαρτήματα.
3775 4115 3980 4170 Σκύθαι

2406 4217 2460 4268 δὲ
2495 4215 2760 4283 Νομάδες.
2795 4213 3089 4282 ἀνημέροις
3116 4213 3209 4264 καὶ
3237 4209 3617 4280 ἀπανθρώποις
3651 4206 3979 4276 συντραφέν-

2407 4323 2495 4370 τες
2527 4305 2733 4375 ἥθεσιν,
2781 4305 3059 4374 ἁρπαγαῖς
3109 4303 3199 4355 καὶ
3232 4303 3370 4371 βίαις
3424 4305 3540 4362 ταῖς
3588 4300 3704 4352 κατ’
3736 4299 3980 4367 ἀλλήλων

2407 4396 2764 4467 ὲνειθισμὲνοι
2797 4394 2931 4463 (69),
2980 4393 3234 4464 ἀκρατῶς
3280 4393 3376 4462 μὲν
3409 4391 3620 4462 ἔχοντες
3654 4386 3850 4458 θυμοῦ,
3885 4390 3980 4439 καὶ

2407 4488 2638 4550 εὐκόλως
2659 4487 2736 4548 εἰς
2763 4487 2886 4548 τοὺς
2914 4486 3030 4536 κατ’
3064 4483 3304 4553 ἀλλήλων
3331 4481 3704 4553 παροξυσμοὺς
3735 4475 3950 4550 ὲρεθιζό
3975 4512 3977 4514 -

748 4591 948 4643 tionem
979 4590 1122 4645 ferro
1155 4593 1429 4657 dirimere,
1481 4594 1846 4663 sanguineque
1904 4593 2087 4663 praelia
2148 4592 2305 4646 ﬁnire
2339 4611 2377 4663 ο
2411 4599 2430 4648 l

2295 4608 2305 4646 ξ
2339 4611 2377 4663 D
2411 4597 2581 4648 μενοι,
2623 4579 2801 4630 πᾶσαν
2849 4577 2904 4630 δὲ
2933 4575 3262 4647 φιλονεικίαν
3313 4575 3518 4646 σιδήρῳ
3558 4573 3763 4645 κρίνειν
3807 4588 3977 4624 συνει-

743 4681 940 4746 edocti,
993 4685 1035 4737 si
1091 4699 1252 4752 quam
1303 4687 1686 4738 humanitatem
1738 4697 1831 4740 aut
1875 4686 2167 4740 bonitatem
2203 4684 2302 4740 sibi

753 4776 984 4830 invicem
1039 4775 1410 4841 ostenderint,
1466 4792 1559 4845 per
1603 4779 1859 4847 praeclara
1910 4793 2006 4832 sua
2061 4779 2303 4832 facinora

742 4870 1032 4925 vindictam
1089 4870 1418 4925 acerbiorem
1474 4870 1625 4924 nobis
1679 4879 1893 4940 parant.
1943 4868 2137 4923 Judica
2192 4888 2300 4938 me,

747 4961 983 5026 Domine,
1039 4961 1323 5016 secundum
1388 4960 1655 5031 justitiam
1703 4979 1891 5026 meam,
1946 4973 1992 5014 ει
2022 4963 2300 5015 secundum

743 5054 1092 5106 innocentiam
1162 5070 1328 5109 meum
1393 5069 1547 5121 super
1598 5069 1698 5106 me.
1732 5051 1855 5106 Haec
1896 5057 2058 5106 verba
2091 5053 2301 5120 superbi

744 5143 966 5213 aliquid,
996 5153 1047 5197 et
1072 5147 1211 5212 quod
1239 5146 1529 5214 precationi
1570 5143 1826 5199 Pltaristei
1849 5159 1966 5197 sese
1997 5144 2304 5198 extollentis

744 5234 979 5288 assimile
1017 5234 1108 5298 sit,
1141 5235 1458 5290 videbuntur
1510 5238 1707 5290 habere
1744 5254 1755 5289 :
1792 5244 2022 5287 attamen
2079 5234 2304 5288 candide

746 5325 1274 5394 intuenti,Pr0pbeta
1291 5329 1356 5381 ab
1388 5328 1487 5381 hoc
1511 5331 1687 5381 animo
1717 5326 1898 5396 procul
1934 5327 2088 5396 103
2118 5327 2303 5379 abesse

741 5417 1087 5485 judicabitur.
1139 5420 1331 5473 Judica
1369 5435 1468 5484 me,
1509 5417 1744 5482 Domine,
1789 5420 1979 5485 inquit,
2021 5417 2300 5470 secundum

815 5580 926 5652 (66)
954 5580 1084 5648 Reg.
1115 5579 1304 5634 tertius
1334 5580 1492 5652 liabet
1513 5579 1737 5652 γνώμην
1761 5595 1856 5646 pro
1873 5579 2070 5650 κρίσιν.
2102 5579 2300 5633 Ibidem

744 5653 796 5714 In
820 5649 1006 5706 eodem
1037 5654 1220 5704 codice
1253 5649 1443 5719 legitur
1469 5650 1626 5719 ἡμῶν
1652 5649 1738 5701 τά.

815 5723 925 5791 (67)
954 5722 1082 5791 Reg.
1109 5718 1320 5791 tertius
1350 5718 1614 5791 ἀκρόασιν
1653 5719 1866 5787 λογίων.
1909 5718 2098 5773 Statim
2131 5719 2296 5774 codex

744 5790 881 5848 idem
910 5790 1206 5863 σωτηρίας.

817 5863 926 5932 (68)
956 5858 1103 5917 Coll).
1129 5871 1352 5931 quartus
1390 5860 1558 5915 ὲθνῶν
1595 5859 1652 5922 ἐξ
1684 5859 1876 5929 ἀρχῆς.
1912 5859 2106 5915 Ibidem
2137 5858 2296 5913 editio

2411 4668 2670 4740 θισμένοι,
2701 4669 2795 4721 καὶ
2837 4668 3028 4740 αἵματι
3073 4668 3173 4731 τὰς
3208 4667 3382 4739 μάχας
3417 4667 3560 4721 λύειν
3589 4666 3979 4737 δεδιδαγμένοι,

2410 4763 2502 4816 ἐάν
2533 4783 2583 4816 τι
2615 4762 2750 4833 πρὸς
2777 4762 3038 4831 ἀλλήλους
3067 4760 3446 4830 φιλάνθρωπον
3484 4761 3574 4812 καὶ
3601 4759 3836 4829 χρηστὸν
3869 4761 3974 4810 ἐπι-

2407 4855 2701 4920 δείξωνται,
2727 4857 2858 4926 ἡμῖν
2883 4853 3183 4924 βαρυτέραν
3215 4851 3302 4903 διὰ
3323 4851 3428 4903 τῶν
3455 4851 3595 4903 ίδίων
3620 4849 3974 4919 κατορθωμάο

2408 4965 2513 4999 των
2540 4949 2636 5017 τὴν
2666 4947 2931 5016 τιμωρίαν
2972 4942 3464 5012 παρασκευάζουσι.
3506 4941 3722 5009 Κρῖνόν
3743 4958 3840 5008 με,
3872 4943 3968 4994 Κύ-

2397 5054 2511 5104 ριε,
2543 5036 2689 5088 κατὰ
2730 5034 2843 5100 τὴν
2883 5033 3278 5098 δικαιοσύνην
3327 5048 3468 5098 μου,
3515 5031 3608 5084 καὶ
3661 5031 3810 5084 κατὰ
3865 5030 3962 5095 rip

2405 5131 2660 5182 ἀκακίαν
2687 5145 2805 5197 μου
2838 5128 2928 5180 ἐπ’
2976 5128 3124 5196 ἐμοι.
3161 5124 3308 5190 Δόξει
3349 5127 3452 5178 τιό
3479 5124 3632 5193 λόγος
3659 5124 3944 5186 ἀλαζονικὸ

2410 5219 2550 5287 ἔχειν
2590 5220 2683 5271 καὶ
2709 5217 3085 5288 παραπλήσιον
3111 5217 3173 5283 τῇ
3207 5215 3336 5283 εὐχῇ
3371 5213 3464 5266 τοῦ
3495 5211 3752 5283 ὑψοῦντος
3787 5211 3935 5264 ἑαυῖὲ

2407 5310 2716 5379 Φαρισαίου’
2753 5309 3105 5378 εὐγνωμόνως
3144 5305 3200 5357 δὲ
3239 5305 3522 5359 σκοποῦντι
3565 5303 3779 5374 μακράν
3807 5304 3938 5371 γενή

2408 5418 2556 5454 σεται
2582 5405 2680 5472 τῆς
2707 5400 2958 5470 τοιαύτης
3007 5395 3296 5460 διαθέσεως
3347 5399 3374 5450 ό
3419 5399 3721 5468 προφήτης.
3757 5393 3956 5462 Κρῖνόι

2412 5578 2580 5632 Paris.
2609 5577 3022 5644 δεδιδαγμένων.
3048 5574 3223 5627 Ειίίιίο
3246 5573 3407 5644 Basil.
3428 5587 3547 5644 cum
3570 5569 3754 5636 Regiis
3775 5571 3966 5640 primo,

2410 5653 2644 5702 sccundu
2706 5656 2758 5698 et
2799 5641 3015 5709 'quarto
3073 5643 3453 5712 δεδιδαγμένῳ.
3518 5641 3755 5712 Subinde
3839 5656 3968 5712 mss.

2407 5736 2592 5771 omnes
2630 5706 3030 5784 κατηχούμενος
3076 5714 3170 5769 ὧν.
3211 5706 3347 5766 ΕεἸίιί
3395 5706 3796 5784 κατηχούμενος
3845 5706 3966 5784 Αοῦν.

2479 5736 2592 5770 anes
2630 5733 3030 5784 κατηχούμενος
3076 5730 3170 5769 ων.
3211 5730 3347 5766 nutu
3395 5730 3796 5835 xzcnxougsvo;
3853 5730 3966 5764 ouv.

2478 5788 2586 5855 (69)
2636 5789 2810 5840 Ειιὶιιυ
2861 5785 3360 5855 Ριηὶε.·ί“,θισμένοι.
3407 5783 3582 5837 I'lditio
3684 5782 3803 5838 asil.
3841 5781 3966 5855 ὲνηο

2407 5858 2667 5928 Οισμένοι.
2697 5858 2764 5909 At
2795 5871 2921 5910 mss.
2953 5866 3057 5910 tres
3085 5854 3458 5922 ἐνειθισμένοι.
