4260 6506
285 473 385 529 2M

1482 470 1768 527 HOMILIA
1811 473 1876 528 IN
1911 475 2238 531 PSALMUM
2267 477 2376 531 VII.

3407 480 3508 536 ΞΗ

276 599 375 656 με,
396 587 594 652 Κύριε,
631 583 781 655 φησι,
821 582 971 637 κατὰ
999 583 1112 651 τὴν
1158 585 1552 652 δικαιοσύνην
1581 604 1721 654 μου.
1749 587 1849 639 Πο-
1880 594 1922 651 Α
1949 645 1958 658 ε

1822 617 1849 628 -
1880 594 1922 651 Α
1949 589 2218 658 justitiam
2253 607 2438 643 meam.
2477 589 2748 660 Multiplex
2801 601 2915 660 est,
2969 593 3162 664 inquit,
3201 595 3267 650 de
3301 593 3504 661 iustitia

281 677 397 741 λὺς,
423 678 604 747 φησιν,
630 677 774 729 ἐστὶν
810 677 839 727 ό
876 676 1121 748 περὶτῆς
1153 675 1496 746 δικαιοσύνης
1531 676 1705 744 λόγος,
1759 677 1852 729 καὶ

278 768 576 837 δυσέφικτα
607 767 703 838 τῆς
733 766 940 830 τελείας
968 766 1306 836 δικαιοσύνης
1336 767 1403 818 τά
1434 766 1662 837 πέρατα.
1696 767 1849 819 Ἔστι

281 860 388 932 γάρ
407 872 449 914 τε
507 861 602 913 καὶ
626 860 869 927 ἀγγέλων
897 859 1204 929 δικαιοσύνη
1224 859 1732 930 ὑπεραναὸεόηκυῖα
1751 860 1847 930 τὴν

280 953 389 1006 τῶν
420 951 742 1023 ἀνθρώπων,
799 953 892 1006 καὶ
934 954 986 1005 εί
1011 969 1090 1014 τις
1121 951 1258 1023 ὑπὲρ
1303 951 1570 1020 ἀγγέλους
1599 951 1847 1022 δύναμις,

279 1044 647 1111 ἀναλογοῦσαν
675 1043 785 1113 ἔχει
805 1043 881 1114 τῷ
906 1041 1120 1112 μεγέθει
1148 1042 1241 1094 καὶ
1267 1042 1364 1112 τὴν
1387 1043 1481 1111 τῆς
1504 1041 1849 1111 δικαιοσύνης

279 1135 569 1205 ὑπεροχήν·
601 1136 694 1187 καὶ
718 1134 878 1189 αὑτοῦ
905 1133 996 1186 τοῦ
1031 1133 1166 1187 Θεοῦ
1190 1137 1223 1204 ἡ
1253 1134 1566 1204 δικαιοσύνη
1600 1137 1632 1204 ὴ
1664 1137 1833 1205 ὑπερ-

276 1223 471 1294 έχουσα
509 1227 684 1278 πάντα
722 1225 864 1287 νοῦν,
903 1226 1136 1295 ἀρῤητος
1167 1221 1300 1278 οὖσα
1332 1226 1425 1278 καὶ
1462 1226 1840 1296 ἀκατάληπτος

275 1318 420 1388 πάσῃ
445 1320 508 1387 τῇ
527 1319 722 1386 γενητῇ
754 1316 860 1385 (70)
895 1315 1074 1385 φύσει.

343 1408 395 1461 6.
438 1408 567 1476 Ἐμὲ
604 1403 714 1461 οὖν
738 1407 960 1474 κρῖνον,
997 1408 1195 1476 Κύριε,
1233 1407 1383 1459 κατὰ
1421 1405 1535 1472 τὴν
1562 1406 1717 1476 ἐμὴν
1751 1406 1837 1459 δι-

273 1501 620 1565 καιοσύνην·
666 1497 926 1561 τουτέστι,
959 1497 1056 1568 τὴν
1096 1496 1321 1566 ὲιςικτὴν
1358 1498 1470 1558 τοῖς
1514 1496 1837 1567 ἀνθρώποις,

271 1593 364 1644 καὶ
389 1591 614 1660 δυνατὴν
643 1592 752 1652 τοῖς
782 1591 840 1642 ὲν
872 1590 1032 1659 σαρκὶ
1064 1589 1214 1654 ζῶσι.
1242 1587 1348 1642 Καὶ
1379 1587 1528 1640 κατά
1557 1587 1668 1655 τὴν
1698 1589 1840 1642 ἀκαρ-

269 1685 403 1736 κίαγ
432 1699 547 1751 μου
575 1682 665 1733 ἐπ’
695 1681 843 1750 ἐμοί.
897 1681 1051 1734 Οῦτω
1091 1679 1198 1750 γὰρ
1250 1680 1483 1750 μάλιστα
1519 1681 1835 1733 συνίσταται

266 1776 300 1841 ἡ
333 1773 565 1834 διάθεσις
602 1773 693 1824 τοῦ
733 1772 979 1839 λέγοντος
1024 1773 1157 1825 πολὺ
1209 1772 1424 1842 μακρὰν
1459 1769 1592 1827 οὖσα
1614 1774 1709 1843 τῆς
1739 1790 1840 1841 φα-

270 1863 523 1934 ρισαῖκῆς
553 1864 946 1934 ὑπερηφανίας.
989 1864 1244 1918 Ἀκακίαν
1283 1865 1390 1933 γάρ
1422 1864 1612 1917 ἑαυτοῦ
1644 1863 1839 1934 ὀνομά-

267 1956 347 2017 ζει
377 1953 471 2025 τὴν
501 1955 660 2008 οἱονεὶ
691 1955 1054 2027 ἀκεραιότητα
1107 1956 1199 2006 καὶ
1222 1955 1475 2025 ἀπειρίαν
1503 1954 1610 2010 τῶν
1649 1954 1838 2023 χρησί-

267 2065 384 2115 μων
422 2049 499 2110 είς
520 2047 741 2114 γνῶσιν,
796 2049 936 2100 κατὰ
984 2049 1042 2099 τὸ
1080 2049 1366 2116 εἰρημένον
1407 2048 1464 2100 ἐν
1500 2050 1617 2111 ταῖς
1641 2049 1839 2119 Παροι-

267 2138 435 2208 μίαις,
463 2141 542 2192 ὅτι
582 2141 836 2204 Ἀκακος
864 2141 1127 2191 πιστεύει
1154 2140 1330 2192 παντὶ
1356 2141 1533 2209 λόγῳ.
1572 2141 1724 2194 Ἐπεὶ
1745 2137 1835 2194 οὖν

264 2232 480 2294 πολλοῖς
507 2233 828 2300 ἀιρυλάκτως
863 2231 1260 2300 περιπίπτομεν
1295 2232 1354 2296 ἐξ
1382 2233 1634 2304 ἀπειρίας
1659 2234 1708 2286 οἱ
1747 2234 1837 2287 ἀν-

264 2323 491 2392 θρωττοι,
525 2326 866 2390 παραιτεῖται
911 2322 1000 2373 τὸν
1049 2323 1180 2375 Θεὸν
1212 2325 1304 2376 καὶ
1338 2324 1479 2390 ἀξιοῖ
1510 2323 1835 2394 συγγνώμης

261 2414 442 2482 τυχεῖν
478 2411 569 2462 ἐπὶ
601 2414 663 2480 τῇ
689 2411 910 2482 ἀκακία.
953 2413 1046 2465 Ἐκ
1067 2413 1122 2466 δὲ
1150 2413 1340 2466 τούτου
1370 2415 1524 2484 δῆλόν
1559 2418 1704 2467 ἐστιν
1752 2417 1834 2468 ὅτι

264 2501 764 2571 ταπεινοφροσύνην
811 2501 904 2554 τοῦ
946 2503 1191 2571 λέγοντος
1224 2504 1514 2574 παρίστησι
1553 2503 1749 2572 μᾶλλον
1799 2503 1831 2573 ἢ

264 2592 638 2662 ὑπερηφανίαν
696 2595 764 2647 τὰ
811 2596 1093 2666 εἰρημένα.
1155 2595 1372 2661 Epit-or
1415 2594 1521 2664 γάρ
1551 2611 1650 2662 με,
1679 2595 1830 2664 φησι,

266 2685 419 2738 κατὰ
455 2683 568 2753 τὴν
591 2685 744 2755 ἐμὴν
784 2686 1202 2753 δικαιοσύνην,
1232 2685 1324 2739 καὶ
1362 2686 1544 2756 κρῖνόν
1578 2703 1643 2756 με
1685 2687 1833 2739 κατὰ

261 2778 379 2844 τὴν
404 2780 662 2832 ἀκακίαν
690 2780 787 2850 τὴν
821 2776 982 2832 οῦσαν
1031 2779 1116 2831 ἐπ’
1147 2778 1288 2849 ἐμοί.
1332 2778 1403 2831 Τὸ
1439 2780 1535 2849 μὲν
1559 2779 1834 2849 δικαίωμα

263 2889 366 2942 μου
397 2873 460 2943 τῇ
493 2871 740 2942 ἀσθενείᾳ
785 2869 1167 2940 παρεξετάζων
1209 2873 1276 2940 τῇ
1305 2869 1638 2941 ἀνθρωπίνῃ,
1692 2869 1833 2922 οὕτω

261 2963 443 3034 κρῖνόν
491 2979 575 3033 με·
631 2962 727 3032 τὴν
759 2961 814 3014 δὲ
845 2961 1123 3032 ἁπλότητα
1165 2961 1272 3015 τῶν
1297 2961 1509 3033 τρόπων
1544 2979 1642 3032 μου
1669 2978 1832 3014 κατα-

1955 696 2154 742 sernto,
2185 696 2246 735 ac
2262 682 2482 749 justitia’:
2505 683 2753 751 perfectae
2779 684 2908 739 lines
2929 695 3084 754 captu
3101 696 3224 740 sunt
3247 685 3505 745 diﬂiciles.

1950 772 2046 826 Est
2078 775 2220 826 enim
2253 784 2308 826 et
2342 773 2655 842 angelorum
2677 776 2886 843 justitia
2941 778 3203 845 quaedam,
3251 793 3368 846 qua:
3409 781 3508 835 huc

1951 878 2162 916 manant
2199 863 2352 932 longe
2384 874 2606 934 superat
2631 884 2654 922 τ
2688 875 2742 919 ει
2768 868 2810 921 si
2847 884 2950 937 qua
2986 877 3067 924 est
3095 871 3262 924 virtus
3305 871 3508 940 angelis

1956 956 2238 1024 superior,
2285 957 2512 1025 justitite
2566 960 2931 1028 praestantiam
2987 963 3337 1031 magnitudini
3397 979 3507 1016 suae

1950 1057 2337 1115 congruentem
2391 1046 2573 1104 habet.
2609 1048 2748 1115 Quin
2794 1053 2950 1104 etiam
2985 1061 3067 1106 est
3099 1053 3378 1120 ipsiusmet
3413 1053 3503 1108 Dei

1954 1138 2188 1207 justitia,
2216 1153 2334 1206 quae
2381 1153 2594 1193 omnem
2637 1141 2964 1195 transcendit
2991 1140 3338 1209 intellectum,
3363 1158 3502 1211 qua-

1945 1241 2050 1294 que
2085 1223 2371 1278 ineﬂ'abilis
2405 1237 2511 1290 est,
2543 1225 2796 1295 omnique
2840 1237 3035 1281 creata:
3071 1236 3273 1281 natura:
3303 1227 3502 1282 incom-

1945 1314 2335 1380 prebensibilis.

2019 1408 2072 1460 6.
2115 1405 2202 1459 Me
2236 1407 2398 1474 igitur
2427 1405 2633 1474 judico,
2670 1405 2911 1472 Domine,
2937 1411 3216 1462 secundum
3237 1408 3500 1478 justitiam

1950 1511 2156 1561 meum;
2187 1497 2237 1550 id
2270 1507 2373 1561 est,
2404 1514 2545 1562 eam,
2579 1513 2696 1566 qua:
2723 1499 2788 1552 ab
2839 1499 3142 1555 ltominibus
3174 1505 3376 1572 acquiri
3407 1521 3500 1573 po-

1949 1593 2072 1646 test,
2109 1599 2338 1654 quaeque
2361 1599 2550 1640 eorum
2581 1586 2671 1655 qui
2710 1586 2762 1639 in
2793 1600 2955 1640 carne
2987 1588 3194 1653 vivunt,
3227 1592 3365 1646 vires
3395 1609 3497 1647 non

1945 1685 2177 1742 superat.
2213 1672 2276 1727 Et
2306 1678 2588 1729 secundum
2623 1678 2973 1731 innocentiam
3019 1696 3185 1733 meam
3223 1698 3378 1750 super
3399 1703 3496 1740 me.

1944 1761 2034 1817 Sic
2057 1765 2198 1816 enim
2231 1765 2464 1818 maxime
2496 1766 2765 1833 loquentis
2797 1766 3021 1824 aﬂectus
3067 1773 3247 1838 procul
3291 1789 3319 1824 a
3359 1774 3498 1828 l’ba-

1942 1854 2082 1908 risati
2119 1855 2425 1924 arrogantia
2472 1854 2729 1926 probatur
2759 1856 2976 1912 distare.
3012 1857 3219 1914 Etenim
3245 1862 3499 1916 innocen-

1941 1950 2068 2001 tiam
2106 1964 2258 2002 suam
2282 1949 2546 2012 nominat,
2586 1950 2738 2016 quasi
2772 1951 3190 2018 simplicitatem,
3222 1968 3284 2007 ac
3334 1954 3495 2009 inscio

1941 2040 2067 2092 tiaut
2127 2054 2314 2092 eorum
2365 2054 2484 2108 qua:
2535 2040 2750 2109 cognitu
2817 2041 2963 2094 utilia
3016 2053 3188 2095 sunt:
3257 2044 3396 2097 sicut
3443 2045 3496 2098 in

1937 2133 2241 2188 Proverbiis
2287 2133 2484 2187 dicitur
2517 2150 2529 2186 :
2561 2131 2817 2186 Innoceus
2867 2133 3030 2188 credit
3078 2136 3214 2188 omni
3265 2135 3494 2190 verba".

1938 2227 2201 2293 Quoniam
2239 2228 2418 2294 itaque
2467 2241 2563 2280 nos
2596 2226 2842 2280 homines
2881 2227 2934 2282 in
2973 2228 3160 2282 multis
3189 2227 3402 2281 incaute
3429 2243 3494 2282 es

1939 2319 2202 2387 imperitia
2266 2315 2626 2382 oiIendimus,
2691 2317 2856 2370 Deum
2909 2328 3084 2385 rogat,
3145 2319 3384 2387 petitque
3440 2327 3498 2371 ut

1936 2413 2143 2464 veniam
2182 2421 2398 2478 propter
2455 2409 2816 2463 innocentiam
2854 2420 3193 2478 assequatur.
3231 2411 3355 2464 Inde
3398 2427 3499 2465 au-

1938 2509 2040 2552 tem
2071 2499 2413 2554 manifestum
2451 2509 2534 2552 est
2562 2498 2830 2564 loquentis
2854 2499 3206 2551 humilitatem
3228 2500 3310 2554 his
3341 2501 3498 2554 dictis

1935 2593 2104 2663 magis
2141 2593 2390 2658 iudicari,
2430 2608 2589 2661 quant
2647 2592 2973 2659 superbiant.
3007 2591 3196 2645 Judica
3230 2609 3307 2644 me
3329 2593 3497 2661 enim,

1940 2685 2134 2754 inquit,
2206 2688 2488 2738 secundum
2546 2683 2811 2752 justitiam
2869 2700 3054 2748 meant,
3093 2694 3139 2736 et
3189 2683 3363 2752 judica
3413 2700 3497 2738 nte

1934 2779 2216 2831 secundum
2270 2777 2620 2831 innocentiam
2682 2778 2733 2828 itt
2790 2792 2874 2829 me
2921 2778 3286 2831 exsistentcm.
3318 2776 3498 2845 Itaque

1929 2871 2194 2938 jUstitiattt
2227 2869 2443 2938 quidem
2482 2886 2653 2921 nteant
2707 2870 2996 2939 fragilitate
3045 2871 3276 2922 btttnana
3309 2870 3493 2921 adme-

1936 2967 2090 3026 tiens,
2127 2965 2205 3018 sic
2230 2963 2410 3031 judica
2445 2979 2528 3016 me
2559 2983 2570 3017 :
2607 2980 2812 3016 ntoruut
2851 2978 2973 3017 vero
3018 2979 3254 3017 meorum
3289 2963 3494 3032 simpli-

267 3054 474 3126 μαθὼν,
504 3055 575 3126 μὴ
610 3055 682 3117 ὼς
709 3054 818 3124 (71)
851 3054 1075 3126 ὲντρεχῆ
1111 3071 1199 3124 με,
1237 3053 1368 3124 μηδὲ
1413 3054 1488 3116 ὼς
1518 3053 1832 3124 εύπερίϐλε-
1860 3063 1905 3123 C
1937 3071 1949 3106 ι

1811 3083 1832 3094 -
1860 3063 1905 3123 ρ
1937 3055 2155 3107 citatent
2193 3055 2399 3114 doctus,
2449 3067 2532 3104 tne
2570 3068 2672 3106 non
2707 3063 2764 3105 ut
2803 3069 3074 3122 sagacem,
3116 3069 3287 3122 neque
3332 3066 3389 3109 ut
3444 3058 3493 3110 iu

261 3164 393 3199 πτον
418 3150 494 3211 εἰς
513 3142 580 3199 τά
609 3147 698 3199 τοῦ
725 3147 928 3218 κόσμου
954 3147 1270 3217 πράγματα,
1306 3144 1477 3208 οὕτως
1503 3147 1833 3216 ἁμαρτάνων

259 3238 330 3292 τά
361 3256 423 3308 με
444 3239 830 3310 καταδικάσῃς.
866 3236 1276 3305 Συντελεσθητω
1299 3236 1362 3306 δὴ
1395 3239 1624 3307 πονηρία
1659 3241 1834 3308 ἀμαρ-

258 3329 465 3382 τωλῶν.
514 3332 801 3398 Ἀντικρυς
852 3329 1096 3399 μαθητής
1151 3330 1266 3380 ἐστι
1307 3328 1416 3382 τῶν
1465 3330 1832 3397 εύαγγελικῶν

261 3418 923 3490 προσταγμάτωνὸταῦτα
967 3417 1276 3490 εὐχόμενος.
1310 3419 1672 3492 Προσεύχεται
1727 3422 1831 3494 γὰρ

260 3509 402 3579 ὑπὲρ
431 3510 536 3562 τῶν
569 3509 978 3581 ἐπηρεαζόντων
1003 3512 1180 3575 αὑτὸν,
1205 3511 1368 3575 ἀξιῶν
1393 3511 1584 3582 πέρατι
1610 3513 1700 3564 καὶ
1722 3513 1832 3584 ὅρῳ

257 3600 364 3651 τινὶ
403 3601 501 3672 τὴν
543 3601 804 3672 πονηρίαν
829 3601 932 3653 τῶν
959 3602 1375 3673 ἁμαρτανόντων
1405 3601 1829 3673 περιγραφῆναι.

261 3693 468 3765 Ὥσπερ
491 3693 555 3747 ἂν
577 3696 727 3759 εἴτις
741 3695 880 3767 ὑπὲρ
898 3695 1002 3747 τῶν
1022 3696 1332 3764 καμνόντων
1359 3697 1419 3748 τὸ
1439 3696 1594 3765 σῶμα
1613 3713 1835 3764 προσευ-

259 3785 322 3856 χό
329 3803 482 3856 μενος
495 3787 659 3854 λέγοι·
678 3788 1080 3856 Συντελεσθήτω
1095 3787 1156 3855 δὴ
1174 3790 1204 3857 ἡ
1219 3788 1368 3850 νόσος
1380 3788 1486 3840 τῶν
1500 3787 1830 3857 καμνόντων.

260 3879 377 3931 Ἵνα
392 3880 497 3949 γὰρ
517 3878 589 3948 μὴ
605 3879 695 3929 ἐπὶ
709 3878 864 3930 πλέον
882 3880 1122 3948 ἕρπουσα
1139 3879 1210 3942 ὡς
1225 3881 1333 3947 (72)
1347 3881 1653 3951 γάγγραινα
1665 3878 1833 3950 νομὴν

257 3969 552 4040 λαμϐάνῃη
574 3968 834 4038 ἁμαρτία,
851 3967 1066 4038 εὔχεται
1084 3969 1232 4040 παρά
1247 3969 1400 4032 θεοῦ,
1424 3971 1612 4040 στῆναι
1625 3971 1718 4024 καὶ
1731 3973 1833 4039 όριο

260 4061 452 4128 σθῆναι
468 4059 561 4128 τὴν
577 4060 664 4110 ἐπὶ
680 4059 838 4112 πλέον
854 4060 1007 4130 χύσιν
1021 4062 1117 4131 τῆς
1133 4063 1423 4132 ἁμαρτίας,
1439 4065 1465 4113 ό
1477 4063 1700 4129 ἀγαπῶν
1712 4064 1834 4125 τοὺς

256 4152 481 4221 ἐχθροὺς
503 4149 686 4212 αὑτοῦ,
704 4152 794 4203 καὶ
811 4151 987 4214 καλῶς
1002 4155 1170 4205 ποιεῖν
1193 4154 1315 4215 τοὺς
1341 4152 1626 4221 μισοῦντας
1645 4152 1826 4221 βουλό-

258 4257 438 4308 μενος,
464 4241 556 4292 καὶ
577 4240 662 4292 διὰ
675 4239 830 4293 τοῦτο
849 4243 1276 4311 προσευχόμενος
1296 4245 1433 4312 ὑπὲρ
1461 4241 1568 4292 τῶν
1593 4242 1826 4313 ἐπηρεα-

255 4333 453 4397 ζόντων
492 4333 794 4387 αύτόν.Καί
834 4333 1480 4399 κατευθυνεῖςδίκαιον.
1511 4331 1682 4403 Batti};
1711 4333 1831 4386 όδίο

1938 3146 2120 3199 mundi
2209 3146 2438 3213 negotiis
2491 3143 2983 3212 circumspectum,
3051 3145 3122 3198 ita
3190 3155 3494 3214 peccantem

1932 3237 2277 3290 condemnes.
2311 3235 2470 3288 Vens.
2530 3234 2614 3288 10.
2649 3234 3047 3288 Consummatur
3089 3252 3224 3288 nunc
3266 3239 3494 3305 nequitia

1929 3339 2277 3396 peccatorum.
2318 3327 2440 3382 llzec
2471 3329 2558 3398 qui
2616 3337 2888 3396 precatur,
2922 3326 3105 3394 procul
3142 3328 3300 3382 dubio
3327 3344 3496 3384 evan-

1931 3422 2220 3491 gelicorum
2279 3430 2666 3490 praeceptorum
2718 3419 3011 3488 discipulus
3061 3429 3162 3472 est.
3194 3419 3323 3474 Orat
3351 3421 3491 3474 enim

1933 3527 2028 3581 pro
2055 3512 2703 3582 persequentibusipsum,
2733 3511 2965 3579 petitque
2984 3521 3038 3564 ut
3071 3511 3172 3565 [ine
3195 3522 3248 3566 et
3271 3513 3494 3567 termino

1935 3605 2170 3673 quodam
2252 3613 2593 3670 peccatorum
2666 3602 2920 3669 inquitas
2997 3601 3489 3656 circumscribatur.

1935 3697 2414 3763 Quemadmodum,
2448 3696 2492 3748 si
2562 3695 2683 3762 quis
2741 3710 2836 3763 pro
2891 3695 2957 3748 iis
3014 3696 3103 3764 qui
3160 3711 3306 3764 :egro
3370 3707 3493 3750 sunt

1935 3801 2177 3856 corpore,
2230 3787 2546 3854 deprecans,
2592 3786 2835 3839 diceret:
2886 3787 3299 3841 Consummetur
3353 3804 3492 3841 nttnc

1934 3878 2303 3947 a‘grotantium
2365 3880 2604 3931 morbus.
2667 3877 2875 3931 Etenim
2935 3894 3000 3932 ne
3065 3893 3285 3946 serpens
3334 3879 3492 3935 latius

1935 3981 2232 4041 peccaturo,
2261 3969 2402 4024 velut
2426 3986 2708 4039 gattgrwtta
2743 3971 2965 4023 ulterius
2992 3973 3336 4040 dcpascatur,
3363 3973 3492 4040 petit

1934 4081 1963 4116 a
2011 4064 2157 4128 Deo,
2219 4073 2276 4116 ut
2327 4062 2569 4126 sistatur,
2623 4061 3201 4130 circumscribatm'quc
3265 4063 3490 4129 ampliat-

1935 4157 2140 4225 peccati
2193 4154 2427 4209 clTusio:
2488 4155 2684 4222 quippe
2739 4153 2981 4205 inimicos
3027 4167 3154 4205 suos
3213 4155 3487 4220 diligebat,

1937 4249 2108 4317 iisque
2139 4246 2332 4314 quibus
2373 4245 2578 4297 invisus
2629 4252 2766 4303 erat,
2800 4243 3012 4296 volebat
3063 4243 3402 4307 benefacere,
3436 4259 3491 4300 et

1935 4340 2056 4393 ideo
2082 4336 2404 4406 precabatur
2450 4349 2546 4401 pro
2573 4337 3019 4403 persequentibus
3053 4336 3247 4403 ipsunt.
3302 4335 3369 4388 Et
3404 4339 3487 4388 di-

253 4441 404 4487 καιος
419 4426 754 4496 όνομάζεται·
791 4425 1058 4494 καὶεύθὴς
1081 4427 1236 4496 ή(7ἶ’›)
1260 4426 1454 4496 καρδία
1483 4427 1515 4496 τί,
1537 4425 1826 4495 κατωροωο
1861 4419 1905 4475 Ι)

1813 4453 1826 4464 -
1861 4419 1905 4475 Ι)
1937 4431 2073 4498 riges
2103 4427 2326 4498 justum.
2367 4423 2551 4480 Justus
2597 4425 2903 4479 nominatur
2954 4436 3129 4479 rectus
3164 4444 3176 4479 :
3215 4429 3343 4480 item
3371 4442 3485 4488 cor.

257 4513 413 4584 μένη.
429 4515 492 4565 Τί
507 4511 598 4568 οῦν
626 4515 866 4584 βούλεται
879 4515 1108 4568 ἐνταῦθα
1123 4517 1154 4584 ὴ
1174 4517 1442 4584 προσευχὴ
1456 4515 1529 4582 τῴ
1541 4515 1793 4585 Προφήτη
1812 4531 1824 4578 ;

253 4601 484 4674 Εὖχεται
508 4606 615 4675 γὰρ
641 4606 730 4659 τὸν
748 4607 844 4678 ἤδη
874 4605 1061 4676 ἔχοντα
1081 4606 1176 4674 τὴν
1205 4607 1470 4675 εὐθύτητα
1501 4606 1824 4658 κατευθύνεο

254 4695 395 4749 σθαι.
416 4697 488 4748 Ού
506 4696 612 4765 γὰρ
635 4699 698 4749 ἀν
721 4716 800 4762 τις
819 4700 957 4752 εἴποι
987 4693 1124 4750 εἷναί
1155 4714 1206 4749 τι
1222 4701 1276 4750 ἐν
1311 4697 1385 4766 τῷ
1404 4697 1595 4765 δικαίῳ
1617 4695 1824 4747 σκολιὸν

251 4788 370 4843 οῦδὲ
387 4788 805 4858 διεστραμμένον
823 4791 942 4843 οὐδὲ
965 4790 1412 4861 στραγγαλιῶδες.
1431 4788 1580 4862 Τᾲχα
1594 4787 1646 4839 δὲ
1661 4789 1823 4856 ἀναγ-

253 4880 384 4934 καία
401 4879 541 4949 ὑπὲρ
567 4879 660 4932 τοῦ
687 4881 894 4934 δικαίου
917 4881 1198 4951 ὴαῖτησις,
1221 4883 1307 4934 ἴνα
1325 4882 1382 4933 τὸ
1403 4879 1542 4933 κατὰ
1570 4879 1823 4950 πρόθεσιν

253 4973 417 5028 αὑτοῦ
451 4972 606 5036 εύθὲς
635 4973 726 5025 καὶ
741 4973 799 5024 τὸ
823 4975 1175 5045 ἀδιάστροςηον
1198 4974 1293 5042 τῆς
1311 4972 1551 5042 γνώμης,
1582 4971 1735 5025 τοῦτο
1755 4976 1817 5043 τῇ

254 5069 406 5140 παρά
428 5068 522 5122 τοῦ
549 5066 682 5120 Θεοῦ
709 5069 1044 5138 χειραγωγία
1073 5067 1427 5137 κατευθυνθῇ,
1453 5067 1526 5128 ὡς
1563 5068 1696 5137 μήτε
1721 5067 1822 5118 ὑπὸ

254 5159 536 5221 ἀσθενείας
569 5160 729 5212 αὐτόν
768 5159 1062 5212 ἀπονευσαί
1104 5175 1230 5211 ποτε
1277 5160 1368 5210 τοῦ
1402 5158 1560 5209 οἱονεὶ
1602 5158 1822 5219 κανόνος

254 5255 353 5320 τῆς
387 5249 642 5320 ἀληθείας
697 5251 827 5320 (Ἠ),
857 5252 991 5320 μήτε
1034 5250 1137 5303 ὑπὸ
1183 5248 1274 5300 τοῦ
1303 5247 1496 5321 ἐχθροῦ
1540 5250 1635 5317 τῆς
1694 5249 1822 5318 ἀλη-

337 5345 381 5378 ⁶⁸
421 5340 580 5395 Prov.
609 5358 718 5407 xrv,
756 5344 840 5396 l5.

325 5431 438 5498 (70)
474 5432 692 5486 Variaut
745 5433 858 5487 fere
908 5436 1050 5488 inter
1097 5450 1155 5488 se
1215 5447 1345 5487 mss.
1379 5443 1509 5494 tum,
1565 5451 1683 5486 cum
1721 5448 1816 5482 vox

250 5501 512 5572 γεννητός
538 5507 794 5557 occttrrit.
828 5505 1095 5558 scribitur
1116 5506 1258 5558 enim
1305 5505 1353 5556 in
1376 5571 1382 5572 γ
1403 5505 1520 5557 aliis
1547 5503 1823 5559 codicibus

252 5589 377 5626 cum
408 5571 628 5636 ’tluplioi
655 5591 682 5623 ν
717 5591 728 5625 :
759 5574 810 5627 in
848 5576 966 5626 aliis
1000 5591 1118 5626 rum
1154 5576 1331 5626 unico.
1373 5571 1481 5624 Hoc
1514 5576 1628 5629 loco
1659 5574 1823 5625 editio

256 5641 423 5698 Basil.
459 5651 509 5693 et
554 5641 698 5711 Regii
724 5645 926 5712 primus
960 5653 1225 5698 ctsextus
1263 5645 1483 5713 γενητῇ.
1524 5645 1699 5699 Editio
1719 5640 1819 5694 Pa-

257 5714 348 5766 ris.
378 5713 632 5780 γεννητῇ.

328 5782 440 5852 (7i)
481 5783 777 5854 Verborum
827 5782 1068 5854 illorum,
1109 5784 1181 5854 μὴ
1213 5785 1307 5846 ὡς,
1345 5783 1816 5854 etc.,_interpreta-

256 5851 459 5905 tionem
498 5851 686 5904 melius
712 5851 995 5921 intelliges,
1032 5854 1072 5905 si
1101 5851 1426 5906 ea'invertas
1448 5893 1461 5908 .
1487 5852 1585 5906 ltoc
1615 5851 1768 5905 modo
1796 5871 1807 5906 :

255 5939 458 5976 morum
501 5939 612 5977 vero
646 5937 874 5974 meorum
913 5924 1292 5993 simplicitatem
1339 5926 1548 5986 doctus,
1581 5926 1651 5976 ita
1696 5941 1822 5988 pro.

1932 4521 2129 4570 virtute
2157 4527 2428 4578 ornatum,
2453 4525 2669 4567 vocatur
2700 4521 2920 4564 rectum.
2941 4513 3076 4579 Quid
3099 4515 3259 4584 igitur
3286 4515 3373 4570 bic
3388 4519 3486 4572 sibi

1932 4611 2040 4664 vult
2061 4610 2336 4678 Propheta:
2361 4605 2593 4673 precatio
2613 4603 2709 4658 ?On
2725 4614 2778 4658 at
2794 4606 2935 4658 enim
2955 4619 3010 4660 ut
3029 4606 3072 4661 is
3094 4607 3298 4676 quijam
3314 4620 3489 4664 rectus

1931 4711 2035 4766 est,
2055 4703 2331 4768 dirigatur.
2353 4697 2518 4752 Nemo
2547 4699 2689 4752 enim
2717 4698 2915 4754 dixerit
2943 4715 3062 4753 esse
3093 4701 3143 4753 in
3167 4701 3313 4769 justo
3336 4702 3489 4769 quid-

1929 4809 2087 4862 quam
2105 4792 2394 4860 obliquum,
2411 4799 2501 4843 aut
2521 4802 2904 4856 transversum,
2919 4802 3008 4844 aut
3024 4802 3341 4846 tortuosum.
3359 4793 3490 4848 For-

1931 4887 2090 4940 tassis
2116 4894 2295 4938 autem
2356 4884 2657 4938 necessaria
2709 4893 2788 4936 est
2824 4897 2922 4952 pro
2945 4882 3090 4949 justo
3137 4887 3399 4953 precatio,
3431 4899 3488 4942 ut

1931 4985 2137 5030 rectum
2167 4973 2330 5027 animi
2358 4973 2470 5042 ejus
2507 4973 2861 5040 propositum,
2881 4975 3490 5032 mentisintnmtabilitas

1930 5067 2022 5125 Dei
2060 5070 2221 5122 ductu
2254 5069 2544 5135 dirigatur,
2570 5082 2635 5121 ne
2657 5068 2870 5136 quando
2893 5083 2999 5136 prze
3018 5070 3330 5124 inﬁrmitate
3347 5087 3375 5123 a
3399 5088 3490 5127 ve-

1931 5161 2104 5214 ritatis
2137 5161 2288 5230 quasi
2314 5175 2518 5212 canone
2542 5159 2808 5224 deﬂectat,
2834 5176 2963 5214 neve
2978 5177 3097 5212 cum
3127 5164 3367 5217 veritatis
3389 5166 3486 5218 ini-

1944 5257 2110 5308 micus
2141 5255 2410 5323 perversis
2455 5255 2716 5323 dogmatis
2756 5255 2931 5308 laedat.
2968 5253 3220 5310 Scrutans
3253 5262 3410 5310 corda
3439 5272 3486 5313 et

1931 5442 2128 5505 (autem
2155 5447 2238 5505 tne
2281 5441 2591 5505 contemnes,
2623 5448 2722 5484 non
2759 5444 2823 5505 nt
2877 5448 3135 5505 sagacem,
3173 5452 3350 5505 neque,
3377 5447 3483 5493 etc.

1932 5502 2046 5573 Illos
2071 5502 2224 5573 μου).
2253 5503 2508 5570 septimus
2539 5504 2948 5573 ἐπηρεαζόντων
2975 5502 3139 5573 αὐτῷ.

1999 5572 2107 5636 (72)
2149 5555 2547 5649 Ιι-εείἱῗριςὶιιιυε
2573 5555 2870 5649 etuleriius
2912 5571 3003 5623 επὶ
3047 5555 3226 5626 πλεῖον
3288 5579 3485 5649 προκό-

1927 5657 2135 5694 πτουσά
2168 5641 2262 5705 ὡς.
2303 5644 2403 5695 Alii
2444 5659 2571 5694 Ittss.
2607 5654 2662 5695 ut
2688 5645 2835 5696 editi.

1997 5710 2109 5778 (77:)
2145 5711 2234 5764 Sic
2286 5727 2415 5764 Ittss.
2456 5729 2573 5764 t‘uttt
2619 5715 2850 5767 editione
2903 5712 3066 5770 Basil.
3099 5716 3274 5772 Editio
3307 5717 3477 5774 Paris.

1924 5783 2082 5854 εὐθὺς
2109 5785 2248 5837 ό.....
2282 5783 2440 5854 εὐθὺς
2461 5786 2515 5852 η.

1991 5853 2098 5922 (τί)
2123 5855 2270 5907 Colb.
2305 5853 2526 5921 quartus
2549 5855 2767 5918 κανόνος
2787 5856 2880 5925 τῆς
2915 5855 3144 5921 εὐθείας.
