4260 6492
771 463 883 517 ειε

2080 457 2137 514 8.
2180 457 2429 513 BASILII
2463 456 2674 512 MAGNI

3900 456 4004 510 ειι

776 594 921 632 renes
955 575 1090 628 Deus
1119 574 1286 643 juste.
1341 573 1781 644 Quandoquidem
1827 573 2102 646 Scriptura
2151 577 2335 632 multis
2367 575 2458 638 ΑΕ

2317 584 2408 638 εΑ
2439 575 2589 636 θείας
2648 577 2759 639 τοῖς
2817 574 3216 646 ἐνδιαστρόφοις
3274 574 3503 645 δόγμασι
3567 572 3999 644 παραδλαὸἦναι.

777 668 828 720 in
867 665 998 720 locis
1023 679 1117 718 cor
1146 679 1243 734 pro
1271 659 1554 734 principali
1592 663 1785 718 animae
1822 676 1971 735 parte
2003 668 2224 737 accipit,
2249 683 2332 722 re-

775 772 873 811 nes
903 771 1032 810 vero
1079 771 1174 825 pro
1211 759 1625 827 concupiscenle
1649 796 1665 821 ,
1712 756 1800 813 hic
1828 772 2041 828 quoque
2097 759 2331 826 idipsum

773 844 1038 912 significat
1076 862 1091 899 :
1131 843 1616 912 nitnirumJudica
1639 861 1735 909 me,
1773 846 1934 912 Deus,
1969 860 2076 902 tum
2100 863 2162 901 ex
2199 847 2332 900 meis

773 935 917 988 circa
942 935 1188 1002 pictalcm
1227 936 1512 1005 dogmatis,
1551 942 1662 987 tum
1695 949 1760 989 ex
1779 937 2012 993 motibus
2042 935 2329 992 affectuum

773 1039 1014 1078 meorum
1055 1044 1067 1079 :
1107 1037 1160 1081 tu
1189 1041 1422 1095 namque
1448 1026 1609 1080 corda
1643 1037 1697 1083 et
1749 1043 1902 1084 renes
1950 1028 2328 1099 pet-scrutaris.

768 1113 1041 1170 Scrutatio
1077 1117 1292 1186 proprie
1319 1126 1399 1170 est
1436 1116 1731 1184 inquisitio,
1771 1119 2055 1173 tormentis
2079 1117 2331 1172 omnibus

771 1205 1041 1273 adjuncta,
1072 1224 1232 1280 quam
1265 1210 1525 1265 adversus
1549 1214 1938 1266 examinandos
1964 1211 2331 1279 adhibentth-

768 1294 935 1361 diccs,
971 1309 1027 1352 ut
1051 1300 1082 1352 ii
1114 1300 1200 1366 qui
1236 1298 1286 1351 in
1317 1313 1375 1352 se
1409 1308 1592 1365 tegunt
1624 1303 1910 1370 postulata,
1939 1302 1987 1354 id
2016 1302 2156 1369 quod
2192 1300 2328 1354 lute-

770 1386 880 1451 bat,
921 1389 972 1443 in
1024 1388 1258 1440 medium
1299 1389 1348 1440 vi
1381 1389 1623 1444 dolorum
1658 1391 1953 1459 proferant.
1989 1387 2236 1443 Profecto
2273 1390 2326 1443 in

764 1477 959 1546 judicis
1002 1476 1159 1548 104
1195 1480 1438 1533 οιειιιιίιιε
1471 1481 1646 1535 omnis
1708 1481 1911 1534 erroris
1962 1479 2169 1547 experti
2217 1489 2326 1533 tam

766 1567 1140 1636 cogitationes,
1192 1582 1352 1635 quam
1407 1569 1643 1622 actiones
1674 1579 1872 1622 nostra:
1920 1569 2322 1637 expenduntur.

765 1658 932 1711 Nemo
957 1657 1121 1726 igitur
1151 1673 1334 1711 verum
1354 1657 1589 1726 judicem
1612 1662 1926 1730 przevenial,
1962 1670 2088 1713 ante
2119 1669 2327 1729 tempus

758 1749 960 1815 judicet
1009 1766 1187 1816 nemo,
1246 1751 1594 1822 Quoudusque
1644 1757 1814 1807 veniat
1848 1753 2122 1819 Dominus,
2151 1755 2240 1822 qui
2275 1762 2324 1806 et

763 1840 1081 1893 illmuinubit
1135 1842 1441 1896 abscondita
1487 1842 1840 1906 tenebrarum,
1888 1855 1934 1898 et
1964 1845 2322 1903 manifestubit

2454 662 2691 723 Ἐτάζων
2740 664 2987 732 καρδίας
3034 663 3131 717 καὶ
3184 665 3436 731 νεφροὺς
3477 668 3509 719 ό
3561 664 3703 729 Θεὸς
3740 663 4000 728 δικαίως.

2452 755 2664 827 Ἐπειδὴ
2689 756 2914 827 καρδίαν
2939 759 2971 827 ὴ
3005 754 3193 828 Γραφὴ
3225 756 3482 827 πολλαχοῦ
3515 758 3604 810 ἐπὶ
3629 755 3724 808 τοῦ
3747 758 4005 825 ἡγεμονι-

2439 848 2534 900 κοῦ
2583 849 3024 920 παραλαμϐάνει,
3070 849 3301 919 νεφροὺς
3352 850 3408 902 δὲ
3459 849 3726 919 πολλαχοῦ
3775 850 3868 901 ἐπὶ
3913 848 4004 900 τοῦ

2439 939 2828 1011 ἐπιθυμητικοῦ
2861 941 2960 1011 τῆς
2999 943 3196 1013 ψυχῆς,
3231 941 3322 992 καὶ
3350 941 3575 995 ἐνταῦθα
3623 943 3685 994 τὸ
3733 940 3868 994 αὐτὸ
3903 957 4001 1009 ση-

2441 1031 2647 1099 μαίνει·
2684 1033 2785 1096 ὃτι,
2833 1031 2894 1083 '0
2931 1031 3090 1097 Θεὸς,
3125 1031 3334 1100 κρῖνόν
3355 1048 3430 1098 με
3455 1032 3541 1083 ἐπί
3574 1049 3629 1084 τε
3657 1033 3769 1093 τοῖς
3796 1029 4003 1098 δόγμα-

2439 1139 2520 1173 σιν
2548 1116 2627 1184 οἷς
2653 1121 2760 1192 ἔχω
2794 1122 2922 1192 περὶ
2968 1123 3066 1192 τῆς
3106 1120 3409 1183 εὐσεϐείας,
3439 1122 3529 1173 καὶ
3556 1123 3645 1174 ἐπὶ
3685 1122 3797 1182 τοῖς
3841 1121 4000 1189 κινή-

2440 1229 2569 1281 μασι
2608 1216 2719 1276 τοῖς
2750 1211 3098 1281 παθητικοῖςο
3137 1215 3201 1266 σὺ
3235 1211 3341 1282 γὰρ
3384 1205 3435 1262 εἴ
3460 1213 3489 1262 6
3519 1211 3720 1274 ἐτάζων
3769 1207 4001 1278 καρδίας

2437 1301 2529 1353 καὶ
2569 1301 2815 1372 νεφρούς.
2868 1301 3130 1370 Ἐτασμὸς
3160 1300 3364 1371 κυρίως
3391 1298 3534 1351 ἐστὶν
3577 1301 3608 1368 ἡ
3639 1297 3774 1368 μετά
3808 1296 4000 1348 πασῶν

2437 1390 2680 1458 βασάνων
2710 1388 3089 1460 προσαγομένη
3121 1390 3312 1460 ἔρευνα
3336 1388 3487 1458 παρά
3515 1388 3619 1440 τῶν
3650 1386 3851 1457 κριτῶν
3887 1388 4000 1446 τοῖς

2433 1479 2854 1551 ἐξεταζομένοις,
2905 1481 2991 1533 ἵνα
3040 1482 3089 1532 οἱ
3139 1481 3469 1552 κρύπτοντες
3518 1479 3640 1547 παρ’
3673 1481 3885 1539 ἑαυτοῖς
3931 1476 4002 1528 τὰ

2433 1571 2834 1642 ἐπιζητούμενα
2865 1575 2930 1642 τῇ
2963 1572 3172 1645 ἀνάγκῃ
3201 1573 3307 1626 τῶν
3349 1572 3522 1624 πόνων
3551 1572 3629 1632 εἰς
3665 1569 3724 1621 τὸ
3751 1568 3994 1639 ἐμφανὲς

2431 1664 2811 1734 καταστήσωσι
2857 1662 2916 1715 τὸ
2962 1662 3236 1716 λανθάνον.
3284 1665 3371 1717 Ἐν
3417 1661 3525 1732 γὰρ
3569 1661 3679 1722 τοῖς
3715 1658 3992 1730 ἀπαραλο-

2431 1756 2634 1824 γίστοις
2668 1754 2983 1824 ἐξετασμοίς
3021 1754 3112 1806 τοῦ
3147 1755 3328 1824 κριτοῦ
3365 1753 3645 1817 ἐτάζονται
3694 1752 3790 1822 μὲν
3836 1751 3995 1820 ἡμῶν

2429 1849 2475 1898 οξ
2517 1847 2793 1916 λογισμοὶ,
2842 1845 3120 1904 ἐτάζονται
3165 1847 3347 1900 δὲκαὶ
3387 1847 3440 1899 αἱ
3496 1843 3742 1915 πράξεις.
3790 1840 3996 1910 Μηδεὶς

761 1931 977 1983 consilia
1010 1934 1243 1985 cordium
1271 1934 1336 1986 ⁸⁵⁸.
1380 1932 1568 2000 Itaque
1603 1933 1730 1986 dum
1769 1944 2043 1988 scrutatur
2069 1914 2230 1989 corda
2267 1947 2320 1990 et
2351 1939 2395 1998 Β
2425 1956 2443 1990 c

2311 1947 2320 1990 ι
2351 1939 2395 1998 Β
2425 1934 2516 1990 οὖν
2563 1914 2990 2008 προλαμϐανέτω
3039 1936 3150 2006 (75)
3195 1937 3282 1990 τὸν
3316 1914 3564 2007 ἀληθινὸν
3602 1933 3816 2005 κριτὴν,
3856 1929 3993 2001 μηδέ

764 2037 918 2076 renes
944 2023 1100 2087 Deus,
1131 2040 1280 2078 suam
1307 2025 1838 2094 ostenditjustit’ram.
1871 2027 1933 2079 Et
1955 2027 2169 2095 quidem
2197 2043 2320 2081 exa—

761 2115 1018 2169 minatum
1053 2125 1136 2171 est
1164 2130 1257 2169 cor
1286 2116 1538 2178 Abrahae,
1558 2132 1624 2170 an
1657 2118 1819 2172 Deum
1846 2133 1910 2171 ex
1943 2127 2049 2173 tota
2078 2135 2172 2173 sua
2212 2122 2325 2175 ani-

760 2223 845 2262 ma
894 2218 946 2262 et
982 2224 1046 2262 ex
1100 2216 1213 2263 toto
1254 2209 1419 2262 corde
1463 2209 1729 2278 diligeret,
1785 2214 2002 2279 quando
2031 2209 2210 2280 jussus
2242 2220 2326 2266 est

759 2301 909 2356 Isaac
945 2316 1042 2371 pro
1084 2301 1398 2355 holocausto
1437 2300 1633 2355 oﬂ‘erre
1666 2320 1678 2356 :
1721 2313 1776 2356 ut
1811 2307 2146 2373 compertum
2181 2313 2326 2360 esset

759 2394 927 2448 filium
965 2409 1120 2452 suum
1155 2393 1222 2447 ab
1266 2394 1380 2462 ipso
1426 2408 1585 2462 supra
1621 2395 1784 2446 Deum
1815 2410 1919 2448 non
1954 2395 2145 2448 amari.
2184 2394 2326 2448 Exa-

759 2494 995 2539 mmatus
1025 2495 1107 2539 est
1136 2495 1314 2540 autem
1353 2495 1406 2540 et
1428 2485 1617 2548 Jacob,
1647 2485 1830 2540 fratris
1865 2488 2073 2540 insidiis
2101 2488 2322 2557 petitus,

759 2588 816 2631 ιιι
841 2575 1080 2631 fraterna
1119 2577 1287 2647 ipsius
1327 2578 1563 2632 charitas
1597 2578 1736 2631 inter
1762 2587 1905 2631 tanta
1932 2579 2072 2632 Esau
2104 2590 2324 2648 peccata

757 2669 925 2723 nihilo
948 2669 1223 2723 remissior
1253 2680 1558 2738 appareret.
1582 2669 1766 2738 Itaque
1785 2672 1972 2724 horum
1996 2672 2157 2724 corda
2189 2687 2324 2724 exa-

759 2763 889 2816 mini
922 2763 1071 2816 fuere
1100 2761 1361 2831 subjecta.
1389 2762 1526 2828 Quin
1556 2772 1610 2816 et
1644 2778 1800 2816 renes
1830 2760 2050 2830 Josephi
2098 2763 2321 2831 expensi

758 2854 995 2915 fuerunt,
1042 2852 1280 2921 quando,
1334 2852 1536 2906 lasciva
1580 2852 1795 2906 domina
1828 2867 2010 2906 amore
2035 2851 2150 2919 ejus
2178 2853 2323 2905 insa-

756 2946 958 3010 niente,
991 2944 1250 3014 voluptati
1276 2944 1602 3014 turpiSsimze
1655 2945 1990 2999 honestatem
2047 2947 2320 3014 pudicltia:

753 3037 1158 3108 prmtulit.‘|deo
1181 3047 1355 3091 autem
1381 3039 1634 3106 probatus
1662 3047 1762 3101 est,
1805 3047 1860 3091 ut
1893 3037 2165 3091 communi
2187 3052 2321 3091 con-

755 3145 918 3185 sensu
946 3139 1277 3199 spectatores
1299 3129 1486 3197 judicii
1528 3130 1617 3182 Dei
1664 3130 1959 3184 faterentur
1987 3130 2108 3196 jure
2139 3130 2187 3183 ei
2221 3131 2318 3181 de-

757 3223 885 3275 l'crri
919 3224 1197 3286 honorem,
1225 3222 1363 3289 quod
1394 3221 1533 3274 illius
1560 3221 1780 3274 castitas
1825 3223 1876 3274 iu
1923 3222 2131 3290 magnis
2167 3221 2312 3273 neri-

753 3315 889 3367 eulis
925 3315 1115 3367 mirum
1149 3314 1200 3366 in
1229 3313 1442 3365 modum
1474 3313 1749 3366 elusisset.

2425 2030 2528 2100 πρὸ
2555 2028 2743 2099 καιροῦ
2771 2045 2852 2090 τις
2879 2027 3129 2098 κρινέτω,
3158 2029 3300 2094 Ἕως
3321 2029 3396 2083 ἂν
3425 2030 3572 2094 ἔλθῃ
3600 2030 3631 2080 ό
3658 2026 3890 2091 Κύριος.
3925 2022 3994 2087 ὃς

2423 2123 2519 2182 καὶ
2552 2122 2795 2189 φωτίσει
2841 2122 2912 2174 τὰ
2961 2120 3189 2188 κρυπτὰ
3226 2121 3327 2174 τοῦ
3359 2122 3638 2182 σκότους,
3678 2117 3772 2169 καὶ
3808 2131 3992 2183 φανε-

2415 2212 2598 2280 ρώσει
2625 2210 2729 2277 τὰς
2747 2211 2981 2276 ,ϐουλὰς
3007 2210 3122 2263 τῶν
3150 2212 3420 2278 καρδιῶν.
3459 2211 3545 2262 Ἐν
3573 2205 3663 2261 οὖν
3682 2207 3758 2276 τῷ
3781 2207 3994 2268 ὲτάζειν

2424 2305 2648 2376 καρδίας
2683 2306 2775 2356 καὶ
2809 2305 3037 2374 νεφροὺς
3077 2305 3106 2356 6
3138 2304 3265 2366 Θεὸς
3297 2304 3355 2356 τὸ
3389 2301 3581 2356 ἐαυτοῦ
3615 2300 3818 2352 δίκαιον
3855 2300 3991 2350 ἀνα-

2425 2398 2620 2466 φαίνει.
2677 2396 2910 2465 Ἠτάσθη
2958 2395 3054 2465 μὲν
3082 2390 3233 2465 οῦνὴ
3275 2394 3470 2465 καρδία
3502 2391 3595 2444 τοῦ
3640 2389 3912 2461 ’Λίᾶραάμη
3945 2390 3993 2441 εί

2425 2490 2614 2558 ἀγαπᾷ
2651 2488 2741 2539 16v
2783 2487 2917 2539 Θεὸν
2948 2486 3006 2550 ἐξ
3055 2485 3181 2554 ὅλης
3209 2487 3303 2556 τῆς
3335 2485 3510 2555 ψυχῆς
3556 2482 3716 2536 αὑτοῦ
3739 2522 3752 2543 ,
3804 2482 3899 2533 καὶ
3933 2481 3992 2545 ἐξ

2424 2581 2547 2648 ὅλης
2569 2580 2665 2648 τῆς
2692 2579 2937 2646 καρδίας,
2964 2579 3049 2629 ὅτε
3074 2577 3365 2646 ἐκελεύσθη
3392 2574 3744 2643 ὁλοκαύτωμα
3769 2575 3990 2639 ἀνενεγ-

2425 2675 2536 2724 κεῖν
2582 2673 2670 2724 16v
2724 2672 2928 2734 Ἰσαὰκ,
2965 2671 3049 2722 ἵνα
3087 2673 3249 2739 φανῇ,
3280 2671 3357 2723 ὅτι
3396 2671 3495 2722 οὐκ
3523 2669 3712 2737 ἀγαπᾷ⁴
3741 2666 3827 2717 τὸν
3873 2665 3990 2717 υίὺν

2425 2764 2562 2834 ὑπὲρ
2590 2764 2679 2814 16v
2706 2763 2834 2815 Θεόν
2853 2781 2865 2792 ’
2893 2762 3099 2832 ἠτάσθη
3133 2762 3190 2814 δὲ
3219 2762 3312 2814 καὶ
3349 2759 3542 2814 Ἰακὼϐ
3573 2758 3990 2825 ἐπιϐουλευόμε-

2423 2873 2508 2919 νος
2536 2855 2638 2907 ὑπὸ
2665 2855 2756 2906 τοῦ
2786 2854 3012 2920 ἀδελφοῦ
3035 2894 3047 2916 ,
3083 2855 3167 2905 ἵνα
3199 2853 3389 2924 λάμψη
3419 2855 3475 2903 ἐν
3514 2849 3780 2912 τοσούτοις
3809 2850 3994 2917 ἀμαρ-

2420 2945 2620 3014 τήμασι
2644 2943 2735 2996 τοῦ
2776 2942 2946 2995 Ἡσαῦ
2985 2945 3058 3012 μὴ
3083 2941 3465 3012 ἀμϐλυνομένη
3497 2938 3712 3006 αὑτοῦὴ
3744 2935 3990 3004 φιλαδελ-

2421 3036 2534 3104 φία.
2571 3035 2786 3088 Τούτων
2835 3035 2931 3104 μὲν
2962 3030 3053 3086 οὖν
3083 3036 3138 3086 αἱ
3175 3032 3392 3103 καρδίαι
3429 3030 3764 3099 ἠτάσθησαν·
3800 3025 3992 3096 νεφροὶ

2420 3127 2473 3179 δὲ
2503 3126 2815 3195 ὴτάσθησαν
2841 3123 2933 3175 τοῦ
2971 3123 3184 3193 Ἰωσὴφ,
3209 3123 3316 3182 ὅτε,
3339 3119 3688 3190 ἐπιμανείσης
3717 3115 3865 3184 αύτῴ
3890 3115 3990 3176 τίς

2421 3218 2717 3270 ἀκολάστου
2745 3214 3046 3284 δεσποίνης,
3077 3215 3137 3265 16
3170 3214 3360 3282 σεμνὸν
3389 3211 3486 3279 τῆς
3511 3208 3860 3277 σωφροσύνης
3887 3205 3990 3273 τῆς

2343 3290 2383 3346 C
2419 3310 2724 3379 ἀσχήμονος
2762 3307 2953 3378 ἡδονῆς
3001 3305 3381 3377 προετίμησεν.
3424 3304 3516 3365 Εἰς
3563 3301 3720 3354 τοῦτο
3761 3298 3817 3351 δὲ
3873 3297 3990 3366 (76)

747 3405 978 3479 ήτάσθη,
1011 3405 1097 3458 ἵνα
1120 3408 1167 3458 οί
1219 3405 1406 3459 θεαταὶ
1436 3404 1534 3474 τῆς
1569 3406 1800 3475 κρίσεως
1861 3404 1955 3457 τοῦ
2019 3404 2153 3458 Θεοῦ
2209 3402 2510 3456 συνθῶνται
2545 3402 2766 3465 δικαίως
2800 3400 3208 3469 ἁπονεμομένην
3253 3397 3398 3467 αὑτῴ
3437 3396 3535 3464 τὴν
3575 3394 3766 3463 τιμὴν,
3799 3390 3886 3443 διὰ
3930 3387 3990 3441 τὸ

750 3502 808 3554 ἐν
849 3499 1101 3571 μεγάλοις
1141 3498 1582 3569 δοκιμαστηρίοις
1623 3498 1972 3568 ὑπερλάμψαι
2016 3497 2177 3552 αὐτοῦ
2213 3496 2310 3568 τὴν
2350 3495 2671 3567 σεμνότητα.

820 3597 872 3650 ’7.
904 3594 1066 3650 νειις.
1118 3594 1202 3647 Η.
1239 3595 1512 3647 Auxilium
1551 3611 1717 3646 meum
1757 3611 1786 3645 a
1821 3593 2060 3647 Domino.
2096 3594 2319 3662 Proprie

751 3688 840 3756 qui
875 3697 1277 3756 oppugnantur,
1310 3687 1568 3740 adversus
1597 3687 1824 3754 impetus
1871 3687 2093 3740 hostiles
2122 3687 2173 3739 in
2194 3687 2319 3740 -'bel-

750 3778 818 3831 lis
853 3777 1110 3830 auxilium
1142 3785 1410 3845 quaerunt.
1444 3777 1507 3830 Et
1542 3777 1628 3831 hic
1657 3777 1838 3845 itaque
1875 3777 2173 3831 invisibiles
2192 3791 2318 3830 suos

754 3868 1003 3924 inimicos
1032 3869 1272 3923 sentiens
1303 3869 1588 3938 quispiam,
1619 3868 2030 3937 periculumque
2052 3868 2193 3936 quod
2217 3867 2317 3922 sibi

753 3961 821 4015 ab
860 3960 1090 4014 inimicis
1115 3959 1287 4029 ipsum
1340 3960 1863 4015 circumsedentibus
1905 3960 2198 4030 impendet,
2237 3959 2318 4012 in-

759 4067 934 4118 tuens,
963 4053 1104 4106 dicet
1134 4069 1146 4104 :
1186 4053 1463 4105 Auxilium
1516 4068 1694 4105 meum
1724 4069 1828 4105 non
1861 4067 1926 4105 ex
1961 4053 2186 4117 divitiis,
2225 4066 2318 4105 ne-

750 4159 856 4214 que
886 4160 950 4197 ex
987 4143 1094 4197 ullo
1132 4143 1398 4212 corporali
1432 4143 1690 4209 subsidio,
1723 4159 1898 4211 neque
1945 4159 2010 4198 ex
2057 4143 2314 4213 potentia,

751 4247 841 4289 aut
867 4236 1000 4290 meis
1027 4236 1250 4296 viribus,
1283 4249 1455 4300 neque
1484 4250 1549 4290 ex
1580 4234 1683 4288 ulla
1707 4237 2029 4304 cognatione
2061 4237 2315 4303 humana,

752 4327 843 4381 sed
883 4327 1154 4380 Auxilium
1189 4343 1354 4379 meum
1387 4343 1416 4378 a
1447 4325 1691 4379 Domino.
1724 4325 1896 4392 Quale
1919 4337 2098 4378 autem
2142 4329 2318 4380 mittat

751 4418 1003 4472 amilium
1034 4419 1344 4472 timentibus
1371 4435 1432 4472 se
1471 4421 1748 4482 Dominus,
1782 4419 1906 4474 alibi
1940 4436 1966 4471 a
2000 4419 2208 4487 psalmo
2234 4420 2318 4474 di-

751 4508 977 4561 dicimus
1029 4508 1277 4563 dicente:
1339 4507 1828 4580 Immitletaugetus
1877 4510 2085 4563 Domini
2118 4512 2171 4563 in
2207 4512 2315 4563 cir-

749 4601 891 4653 cuitu
921 4601 1212 4653 timentium
1243 4618 1382 4667 eum,
1409 4613 1456 4654 et
1489 4603 1675 4669 eripiet
1702 4619 1786 4656 eos
1819 4603 1883 4658 ⁸⁷.
1917 4603 1979 4655 Et
2009 4603 2131 4657 alibi
2161 4623 2172 4656 :
2210 4603 2318 4654 An-

749 4694 892 4762 gelus
914 4693 1003 4762 qui
1032 4693 1167 4745 eruit
1200 4711 1279 4746 me
1307 4695 1373 4748 ⁸⁸.
1405 4695 1509 4759 Qui
1537 4695 1711 4748 salvos
1760 4696 1888 4764 facit
1935 4706 2102 4749 rectos
2137 4695 2312 4750 corde.

758 4783 954 4838 [lectus
992 4783 1156 4838 corde
1194 4783 1238 4837 is
1275 4793 1376 4847 est,
1406 4786 1558 4854 cujus
1582 4787 1796 4840 animus
1824 4802 1994 4856 neque
2031 4788 2095 4839 ad
2131 4802 2317 4841 exces-

2492 3591 2543 3644 7.
2601 3590 2670 3644 Ἡ
2693 3587 2943 3654 ,βοήθειά
2970 3604 3088 3656 μου
3123 3584 3279 3653 παρὰ
3320 3581 3424 3636 τοῦ
3461 3580 3626 3634 Θεοῦ.
3675 3576 3894 3647 Κυρίως
3928 3577 3988 3627 ἐν

2418 3682 2673 3752 πολέμοις
2712 3682 2852 3734 κατά
2895 3680 2992 3740 τὰς
3041 3678 3258 3747 ἐφόδους
3289 3674 3394 3727 τῶν
3434 3673 3686 3727 ἐναντίων
3728 3670 3825 3731 τὰς
3857 3667 3986 3738 βοη-

2418 3777 2564 3840 θείας
2595 3776 2940 3848 ἐπιζητοῦσιν
2966 3775 3013 3826 οἱ
3041 3770 3448 3840 πολεμούμενοι.
3484 3768 3592 3820 Καὶ
3620 3763 3851 3818 ἐνταῦθα
3873 3763 3984 3813 τοί-

2416 3887 2509 3921 νυν
2546 3870 2573 3920 ὁ
2604 3868 2710 3920 τῶν
2748 3867 2995 3938 ἀοράτων
3029 3863 3234 3934 ἐχθρῶν
3266 3860 3458 3913 ἑαυτοῦ
3505 3855 3986 3924 ἐπαισθανόμενος,

2417 3962 2510 4014 καὶ
2535 3961 2625 4012 16v
2654 3959 2934 4028 ἐφεστῶτα
2965 3955 3109 4025 αύτῷ
3133 3953 3372 4006 κίνδυνον
3395 3949 3545 4022 παρά
3565 3948 3670 4000 τῶν
3695 3961 3987 4016 περιστρα-

2416 4052 2851 4122 τοπεδευομένων
2889 4050 3045 4102 αὑτὸν
3073 4046 3345 4116 πολεμίων
3377 4043 3537 4114 ὁρῶν,
3572 4040 3686 4110 ἐρεῖ
3707 4055 3720 4067 ·
3773 4037 3837 4089 Ἠ
3869 4035 3988 4103 βοή-

2417 4142 2539 4195 θειά
2576 4160 2674 4212 μου
2703 4142 2801 4193 ούκ
2834 4143 2896 4193 ἐκ
2928 4138 3174 4199 πλούτου,
3204 4136 3324 4188 ούδέ
3357 4137 3417 4186 ἐκ
3453 4128 3774 4201 σωματικῶν
3815 4127 3983 4194 ἀφορ-

2421 4236 2556 4306 μῶν,
2601 4233 2720 4285 ούδὲ
2775 4235 2838 4285 ὲκ
2878 4230 3153 4300 δυνάμεως
3197 4228 3292 4280 καὶ
3323 4225 3507 4295 ἰσχύος
3552 4221 3711 4292 ἐμῆς,
3760 4219 3878 4271 οὐδὲ
3924 4219 3988 4268 ἐκ

2421 4327 2737 4395 συγγενείας
2770 4322 3134 4394 ἀνθρωπίνης,
3164 4319 3274 4373 ἀλλ’
3319 4319 3390 4372 'H
3414 4313 3660 4380 ,ϐοήθειά
3680 4329 3797 4380 μου
3829 4308 3987 4375 παίὰ

2418 4421 2521 4472 τοῦ
2558 4418 2723 4472 Θεοῦ.
2765 4417 3017 4485 Ποταπὴν
3062 4414 3117 4466 δὲ
3163 4411 3477 4482 συμμαχίαν
3519 4403 3833 4460 ἀποστέλλει
3873 4403 3986 4462 τοῖς

2420 4513 2772 4582 φοϐουμένοις
2802 4510 2958 4562 αὑτὸν
2987 4511 3015 4561 6
3057 4507 3291 4577 Κύριος,
3325 4502 3554 4572 ἀλλαχοῦ
3589 4499 3990 4570 μεμαθήκαμεν

2417 4604 2510 4656 106
2542 4601 2756 4674 ψαλμοῦ
2790 4601 3064 4668 λέγοντος·
3101 4593 3741 4666 Παρεμϐαλεῐᾶγηοελος
3770 4591 3987 4655 Κυρίου

2419 4696 2620 4757 κύκλῳ
2655 4694 2770 4747 τῶν
2808 4690 3190 4760 φοϐουμένων
3221 4688 3435 4748 αὑτὸν,
3469 4685 3562 4736 καὶ
3593 4684 3843 4750 ῥύσεται
3880 4681 3986 4732 αὑ-

2417 4787 2592 4852 τούς·
2631 4786 2724 4839 καὶ
2766 4782 3031 4854 ἀλλαχοῦ·
3084 4784 3147 4834 '0
3180 4780 3429 4850 ἄγγελος
3476 4779 3508 4829 ό
3550 4773 3844 4842 ρυόμενός
3890 4787 3984 4838 με.

748 4892 887 4938 sum,
922 4891 1092 4945 neque
1119 4875 1183 4929 ad
1214 4875 1479 4930 defectum
1517 4879 1708 4944 vergit,
1743 4881 1834 4934 sed
1864 4880 1928 4934 ad
1959 4880 2189 4933 medium
2208 4881 2315 4932 vir-
2349 4864 2392 4917 Ῐ)
2427 4885 2430 4929 τ

2307 4864 2392 4919 -ῧ
2427 4879 2538 4932 Τοῦ
2593 4875 2881 4942 σώζοντος
2938 4876 3078 4940 τοὺς
3140 4873 3331 4937 εὐθεῖς
3393 4867 3465 4936 τῇ
3527 4867 3757 4934 καρδίᾳ.
3817 4863 3989 4924 Εὐθὺς

749 4968 878 5021 tutis
910 4967 1180 5039 dirigitur.
1233 4967 1330 5034 Qui
1389 4969 1533 5022 enim
1577 4986 1605 5021 a
1640 4970 1951 5026 fortitudine
1990 4973 2056 5026 ad
2106 4973 2313 5026 minora

748 5057 998 5120 deﬂectit,
1056 5059 1344 5114 timiditate
1391 5060 1755 5129 perVertitur;
1807 5064 1897 5128 qui
1929 5079 2057 5118 vero
2087 5066 2153 5116 ad
2199 5079 2312 5117 ma-

744 5150 860 5214 jora
898 5149 1270 5220 progreditur,
1325 5150 1595 5205 delabitur
1650 5150 1701 5204 in
1754 5151 2058 5206 audaciam.
2108 5153 2311 5219 Quant-

749 5240 934 5293 obrem
965 5239 1335 5308 hujuscemodi
1368 5241 1615 5296 homines
1656 5242 1746 5310 qui
1779 5258 1806 5295 a
1842 5243 2018 5296 medio
2058 5244 2316 5299 aberrant

748 5332 828 5385 vel
865 5346 1111 5394 excessu,
1148 5331 1233 5385 vel
1265 5335 1500 5397 defectu,
1535 5334 1860 5403 obliquos'et
1885 5334 2130 5388 obtortos
2168 5337 2316 5390 Scri-

748 5433 900 5493 ptura
929 5426 1169 5479 nominat
1200 5425 1264 5476 ".
1313 5425 1774 5491 Quemadmodum
1827 5425 1968 5479 cnim
2011 5427 2147 5479 linea
2180 5429 2316 5481 obli-

819 5583 862 5613 “
891 5584 907 5637 Ι
933 5583 1057 5638 Cor.
1084 5603 1156 5644 tv.
1182 5587 1234 5641 5.
1315 5588 1355 5615 ⁵⁷
1389 5585 1526 5638 Psal.
1559 5601 1749 5640 sunt.
1770 5588 1820 5639 8.

823 5716 932 5791 (:75)
960 5718 1108 5791 (_‘.o|h.
1141 5735 1366 5788 quartus
1393 5718 1724 5791 προλαϐἐτω.

823 5786 932 5854 (76)
973 5787 1103 5856 [ἶνις.
1145 5786 1337 5843 tertius
1364 5786 1445 5852 εἰς’
1475 5793 1723 5842 τοατιῦτον
1760 5789 1834 5840 δέ.
1884 5792 2166 5857 Aliquanto
2203 5802 2319 5855 ιιει--ι

753 5858 904 5915 Colb.
940 5872 1167 5928 quartus
1223 5860 1474 5931 βοηθ;ίας
1532 5860 1798 5930 ζητοῦσιν.
1846 5861 1960 5912 Mox
2023 5864 2156 5913 idem
2219 5880 2316 5913 tus.

1901 5587 1942 5615 ‘8
1966 5584 2098 5638 Cen.
2131 5603 2314 5649 xt.\'ttl,
2361 5590 2446 5643 16.

2421 4971 2537 5023 ἐστι
2575 4970 2686 5039 (ΣΠ)
2713 4971 2778 5038 τῇ
2815 4969 3010 5039 καρδία
3037 4969 3064 5020 ὁ
3088 4967 3177 5019 τὸν
3205 4963 3462 5034 λογισμὸν
3495 4962 3568 5032 μὴ
3594 4960 3731 5030 έχων
3759 4958 3991 5028 ῥέποντα

2423 5063 2558 5133 πρὸς
2591 5060 2892 5132 ὑπερϐολὴν
2939 5061 3068 5131 μηδὲ
3105 5057 3370 5126 ἔλλειψιν,
3400 5055 3514 5109 ἀλλ’
3560 5051 3990 5120 ἁπευθυνὸμενος

2422 5156 2558 5225 πρὸς
2589 5155 2649 5208 16
2681 5154 2844 5223 μέσον
2887 5154 2980 5223 τῆς
3011 5151 3226 5221 ἀρετῆς.
3277 5151 3334 5203 '0
3363 5149 3470 5220 γάρ
3502 5147 3608 5200 ἀπὸ
3643 5146 3740 5214 τῆς
3772 5143 3990 5213 ἀνδρίας

2422 5247 2513 5298 ἐπὶ
2541 5246 2601 5298 16
2627 5245 2847 5298 ἔλαττον
2887 5242 3253 5314 παρεκκλίνας
3279 5240 3420 5294 κατά
3448 5238 3645 5290 δειλίαν
3670 5234 3987 5304 διαστρέφε-

2422 5355 2510 5390 ται
2531 5354 2544 5366 ο
2579 5339 2606 5390 ὀ
2633 5337 2689 5390 δὲ
2724 5339 2817 5390 ἐπὶ
2863 5338 3016 5391 πλέον
3059 5333 3385 5404 ὑπερταθεὶς
3425 5333 3515 5383 ἐπὶ
3546 5329 3642 5399 τὴν
3677 5327 3992 5398 θρασύτητα

2423 5428 2722 5481 ἀποκλίνει.
2757 5429 2954 5498 Διόπερ
2985 5427 3203 5488 τούτους
3235 5425 3477 5485 σκολιοὺς
3504 5423 3537 5492 ή
3570 5420 3761 5490 Γραφὴ
3799 5417 3990 5487 ὀνομά-

2524 5590 2565 5619 ⁶⁹
2598 5588 2772 5644 chit.
2810 5605 2953 5650 xxvi,
2982 5587 3069 5639 2|.

2429 5721 2840 5792 ἐπαισθόμενος.
2875 5719 3012 5774 Infra
3043 5717 3176 5786 Iieg.
3207 5719 3398 5771 tertius
3430 5715 3536 5767 τῶν
3571 5712 3989 5785 στρατοπεδευο-

2432 5795 2496 5861 μέ
2511 5811 2624 5843 λων.

2506 5863 2615 5928 ιῗῖ)
2643 5860 2773 5931 Reg.
2819 5861 3009 5916 tertius
3033 5870 3084 5914 ct
3116 5859 3266 5915 (λιιι).
3297 5867 3523 5928 quartus
3557 5854 3716 5926 εύθής
3738 5855 3873 5906 ἐστι.
