4260 6506
252 465 362 522 ειε

1453 459 1734 519 IIOMILIA
1775 464 1841 519 IN
1883 466 2207 522 PSALMUM
2242 469 2353 525 VII.

3390 473 3491 528 ilG

256 582 361 650 ζει,
395 583 522 645 τοὺς
552 583 670 646 ταῖς
705 582 1031 657 ὑπερὸολαῖς
1063 585 1155 638 καὶ
1204 584 1472 656 ἐλλείψεσι
1517 586 1612 639 τοῦ
1662 588 1826 658 μέσον
1858 597 1880 650 Α

1858 597 1900 651 Α
1930 603 2031 659 qua
2061 590 2136 656 ﬁt,
2169 606 2288 645 cum
2306 590 2420 659 ejus
2447 591 2714 647 rectitudo
2732 589 2957 646 modoin
2982 604 3303 654 convexum,
3334 597 3491 648 modo

253 675 739 748 διαμαρτάνοντας.
779 679 990 748 Ὠσπερ
1033 677 1142 752 γὰρ
1188 680 1376 734 σκολιά
1413 679 1645 753 γραμμὴ
1683 682 1824 752 γίνεο

255 787 365 830 ται.
401 769 531 822 ποτὲ
563 771 659 842 μὲν
693 771 787 825 ἐπὶ
824 771 886 824 τὸ
927 773 1145 846 κυρτὸν,
1178 775 1309 828 ποτὲ
1341 772 1398 828 δὲ
1430 775 1523 828 ἐπὶ
1549 776 1612 828 τὸ
1648 777 1824 832 κοῖλον

252 864 354 934 τῆς
381 863 594 930 εὐθείας
621 863 1062 941 διακλασθείσης·
1095 868 1238 921 οὕτω
1268 867 1359 920 καὶ
1395 867 1582 921 σκολιά
1609 870 1820 943 καρδία,

255 952 351 1007 νῦν
392 953 491 1026 μὲν
523 956 798 1030 ὑψουμένη
835 957 902 1013 δι’
933 961 1269 1024 ἀλαζονείαν,
1307 960 1402 1014 νῦν
1444 961 1500 1013 δὲ
1543 979 1823 1017 ταπεινου-

257 1047 392 1122 μένη
421 1049 507 1105 διὰ
540 1050 713 1115 λύπας
740 1053 833 1107 καὶ
867 1054 1145 1116 συστολάς.
1188 1055 1386 1125 Διόπερ
1428 1055 1590 1125 φησὶν
1629 1060 1656 1111 0
1698 1059 1820 1112 Ἐκ-

256 1141 604 1214 κλησιαστὴς.
635 1145 715 1199 ὃτι
746 1145 1221 1216 Διεστραμμένον
1250 1148 1361 1217 (78)
1394 1149 1465 1201 οὐ
1498 1154 1820 1204 κατευθυν-

253 1235 518 1305 θήσεται.
558 1235 610 1289 Ὀ
647 1239 790 1305 Θεὸς
814 1239 1020 1307 κριτὴς
1048 1238 1276 1305 δίκαιος
1312 1239 1408 1293 καί
1437 1242 1682 1311 ἰσχυρὸς
1721 1241 1818 1293 καὶ

245 1329 647 1397 μακρόθυμος,
673 1331 770 1383 καὶ
798 1328 883 1399 μὴ
916 1330 1101 1399 ὀργὴν
1132 1331 1366 1402 ἐπάγων
1394 1335 1521 1389 καθ’
1550 1334 1821 1399 ἑκάστην

251 1418 480 1488 ⁴ἡμέραν
510 1421 642 1491 (79).
673 1421 840 1475 Τοῦτο
869 1421 1042 1476 ἔοικεν
1072 1424 1482 1495 ἀποτεινόμενος
1523 1425 1657 1498 πρὸς
1695 1423 1820 1488 τούς

254 1527 385 1563 ποτε
417 1512 526 1583 (80)
559 1513 1071 1586 ταραχθησομένους
1101 1518 1193 1569 ἐπὶ
1224 1519 1337 1579 τοῖς
1368 1518 1763 1589 συμϐεδηκόσιν
1791 1518 1820 1570 0

254 1598 544 1673 Προφήτης
577 1603 936 1674 διαλέγεσθαι,
966 1608 1132 1660 οἱονεὶ
1177 1605 1550 1659 καταστέλλων
1585 1607 1693 1660 τῶν
1725 1608 1820 1660 ἀν-

253 1688 486 1760 θρώπων
518 1692 615 1766 τὴν
647 1696 909 1767 ταραχὴν,
965 1697 1173 1767 μήποτε
1239 1697 1577 1767 ἀπιστήσωσι
1607 1699 1716 1769 (8|)
1749 1699 1816 1768 τῇ

251 1782 379 1852 περὶ
404 1783 512 1838 τῶν
541 1785 677 1839 ὅλων
706 1787 950 1857 προνοίᾳ,
976 1786 1207 1856 ὁρῶντες
1232 1789 1580 1860 ἀνεκδίκητον
1605 1791 1816 1861 πατέρα

250 1875 342 1926 ἐπὶ
374 1875 488 1928 υἱοῦ
518 1876 900 1940 ἐπαναστάσει,
935 1877 1030 1929 καὶ
1061 1879 1160 1948 τὴν
1195 1880 1458 1952 πονηρίαν
1489 1879 1584 1934 τοῦ
1630 1881 1816 1933 Ἀϐεσ-

251 1966 441 2037 σαλὼμ
467 1969 822 2039 εὐοδουμένην
848 1970 903 2021 ὲν
930 1965 1010 2032 οἷς
1032 1969 1307 2041 προέθετο.
1330 1972 1546 2044 Διορθοῦ
1555 1989 1713 2044 μενος
1731 1968 1823 2026 οῦν

249 2057 430 2111 αὐτῶν
467 2059 527 2111 τὸ
565 2060 624 2112 ὲν
665 2063 776 2124 τοῖς
816 2061 1094 2133 λογισμοῖς
1137 2064 1381 2135 ἀνόητον,
1427 2065 1824 2138 διεμαρτύρατο

246 2146 431 2212 αὐτοῖς
454 2166 467 2179 ·
519 2150 581 2203 '0
616 2151 758 2217 Θεὸς
787 2153 994 2221 κριτὴς
1036 2154 1266 2220 δίκαιος
1308 2156 1405 2208 καὶ
1449 2159 1695 2233 ἰσχυρὸς
1725 2157 1822 2212 καὶ

241 2243 645 2313 μακρόθυμος,
680 2243 779 2297 καί
803 2245 889 2314 μὴ
925 2246 1112 2316 ὀργὴν
1136 2247 1373 2314 ἐπάγων
1398 2252 1524 2302 καθ’
1555 2251 1823 2321 ἑκάστην

247 2333 495 2403 ἡμέραν.
545 2338 658 2390 Οὐκ
703 2338 942 2410 ἀκρίτως
981 2357 1033 2392 τι
1084 2339 1293 2408 γίνεται
1347 2337 1454 2391 τῶν
1501 2345 1819 2414 γινομένων,

247 2425 385 2479 ἀλλά
427 2430 541 2489 τοῖς
574 2428 806 2482 ἑκάστου
851 2431 1070 2502 μέτροις
1117 2431 1434 2501 ἀντιμετρεῖ
1476 2433 1504 2484 0
1539 2433 1690 2499 Θεὸς,
1740 2431 1821 2500 οἷς

248 2513 534 2585 προλαὸὼν
575 2519 926 2589 ἀπεμέτρησε
973 2520 1071 2581 τὰς
1109 2520 1246 2573 κατά
1289 2521 1378 2574 τὸν
1419 2521 1530 2592 βίον
1575 2525 1818 2594 πράξεις.

261 2605 417 2660 Ἐπεὶ
463 2602 556 2664 οὖν
605 2609 919 2681 πέπρακταί
970 2611 1057 2680 μοί
1091 2629 1173 2675 τις
1222 2613 1485 2684 ἁμαρτία,
1537 2617 1673 2668 κατά
1726 2615 1822 2687 τὴν

247 2700 402 2767 ἀξίαν
424 2701 520 2776 τὴν
546 2704 779 2775 ἐμαυτοῦ
806 2704 1204 2778 ἀντιλαμϐάνω.
1233 2707 1329 2777 Μὴ
1352 2710 1559 2764 τοίνυν
1584 2711 1823 2766 λαλεῖτε

236 2795 398 2847 ’κατὰ
445 2796 549 2849 τοῦ
588 2798 734 2851 Θεοῦ
783 2799 1050 2852 ἀδικίαν·
1100 2803 1127 2853 0
1183 2800 1291 2873 γὰρ
1329 2801 1461 2866 Θεὸς
1510 2804 1702 2875 κριτὴς
1745 2804 1821 2857 δί-

246 2901 402 2948 καιος
452 2887 582 2956 (82).
637 2891 787 2958 Μηδὲ
837 2890 978 2943 οὕτω
1027 2895 1298 2957 ταπεινῶς
1345 2895 1637 2950 διανοεῖσθε
1693 2899 1820 2970 περὶ

244 2973 404 3036 Θεοῦ,
446 2975 585 3029 ὥστε
621 2979 827 3031 οἴεσθαι
871 2980 1032 3032 αὑτὸν
1069 2983 1277 3036 άτονεῖν
1308 2987 1442 3055 πρὸς
1481 2988 1578 3057 τὴν
1605 2989 1820 3060 ἐκδίκη-

247 3083 366 3119 σινο
397 3067 488 3120 καὶ
521 3070 628 3139 γὰρ
669 3071 760 3121 καὶ
793 3071 1011 3142 ἰσχυρός
1045 3074 1179 3126 ἐστι.
1217 3075 1313 3138 Τίς
1347 3072 1437 3129 οὖν
1476 3080 1508 3148 ἡ
1548 3080 1695 3132 αίτία
1727 3081 1818 3134 τοῦ

247 3155 324 3229 μὴ
368 3160 589 3228 ταχεῖαν
619 3159 919 3228 ἐπάγεσθαι
949 3165 1064 3226 τοῖς
1106 3165 1476 3235 ἁμαρτάνουσι
1509 3168 1608 3239 τὴν
1646 3187 1818 3240 τιμω-

248 3249 404 3319 ρίαν;
445 3252 590 3305 Διότι
627 3253 974 3326 μακρόθυμός
1024 3255 1160 3320 ἐστι,
1208 3258 1304 3326 Μὴ
1359 3260 1546 3330 ὀργὴν
1584 3261 1819 3333 ἐπάγων

243 3344 374 3395 καθ’
400 3343 667 3414 ἑκάστην
696 3346 936 3415 ἡμέραν.
985 3349 1125 3402 Ἐὰν
1141 3349 1226 3418 μὴ
1251 3350 1670 3420 ἑπιστραφῆτε,
1704 3353 1817 3419 τὴν

240 3435 542 3504 ῥομφαίαν
571 3439 757 3492 αὐτοῦ
787 3440 1124 3497 στιλϐὡσει.
1169 3443 1542 3514 Ἀπειλητικὸς
1577 3447 1606 3498 0
1640 3444 1812 3514 λόγος,

243 3529 325 3590 είς
369 3529 702 3602 ἐπιστροφὴν
737 3533 943 3601 ὲνάγων
979 3537 1105 3598 τοὺς
1145 3537 1356 3608 βραδεῖς
1392 3542 1469 3602 εἰς
1507 3540 1810 3610 μετάνοιαν.

241 3621 357 3674 Οὐκ
387 3622 547 3686 εὐθὺς
578 3625 791 3677 ἀπειλεῖ
821 3625 888 3678 τά
921 3627 1210 3698 τραύματα
1238 3631 1328 3682 κού⁵
1360 3633 1452 3694 τὰς
1485 3633 1696 3702 πληγὰς
1722 3634 1816 3688 καὶ

240 3714 367 3778 τοὺς
399 3714 681 3782 θανάτους,
710 3718 844 3771 ἀλλά
868 3721 1155 3775 στίλόωσιν
1180 3723 1375 3782 ὅπλων,
1405 3725 1496 3775 καὶ
1525 3727 1681 3778 οἱονεὶ
1711 3744 1807 3780 παι

244 3806 512 3878 ρασκευήν
559 3825 677 3861 τινα
731 3809 862 3877 πρὸς
913 3811 1011 3883 τὴν
1067 3813 1297 3883 ἄμυναν.
1356 3813 1564 3885 Ὥσπερ
1609 3815 1718 3886 γὰρ
1769 3815 1814 3866 οἱ

236 3893 631 3965 διασμήχοντες
672 3898 741 3951 et
775 3900 912 3954 ὅπλα
945 3902 1042 3974 τὴν
1084 3903 1177 3956 ἐπὶ
1227 3903 1318 3955 τὸν
1365 3902 1598 3972 πόλεμον
1641 3903 1815 3974 ὁρμὴν

238 3983 326 4036 διὰ
377 3985 564 4040 τούτου
615 3990 1038 4061 παραδηλοῦσιν,
1083 3992 1225 4047 οὕτω
1275 3992 1366 4044 καὶ
1403 3992 1494 4044 τοῦ
1541 3991 1673 4044 Θεοῦ
1717 3992 1813 4063 τὴν

238 4075 332 4127 ἐπὶ
361 4077 420 4129 τδ
455 4078 563 4148 (85)
597 4082 954 4151 τιμωρεῖσθαι
981 4083 1194 4152 κίνησιν
1225 4083 1461 4152 ἐμφῆναι
1496 4082 1815 4152 βουλόμενος

238 4169 267 4219 ὁ
299 4169 476 4237 λόγος,
520 4171 769 4226 στιλὸοῦν
817 4174 1018 4245 ἔφησεν
1053 4174 1218 4228 αὑτοῦ
1262 4174 1358 4244 τὴν
1411 4175 1701 4245 ῥομφαίαν,
1739 4177 1808 4228 Τὸ

237 4260 418 4326 τόξον
436 4264 620 4320 αὐτοῦ
637 4265 909 4332 ἐνέτεινε,
942 4265 1038 4321 καὶ
1058 4267 1387 4335 ἡτοίμασεν
1411 4268 1578 4329 αὐτὸ,
1620 4268 1716 4321 καὶ
1746 4268 1814 4321 ἐν

309 4400 352 4432 ’⁸
374 4401 551 4457 Fccle.
589 4417 641 4468 ι,
693 4404 780 4460 15.
855 4405 896 4435 τί
937 4404 1082 4462 Psal.
1112 4419 1293 4470 Lxxtv,
1343 4403 1398 4460 6ο

313 4515 422 4588 (78)
453 4516 945 4588 Διεστραμμένον,
973 4528 1078 4573 ειε.
1140 4519 1396 4586 Respexit
1453 4515 1804 4588 Basilius__ad

239 4586 458 4642 sensum
517 4586 880 4684 Εροιερέεειὶε,
916 4606 1020 4642 non
1061 4591 1177 4671 ejus
1210 4591 1394 4684 verba:
1427 4589 1630 4676 retulit.
1683 4586 1806 4684 llaec
1835 4627 1880 4684 υ

240 4667 570 4730 autemsuut
600 4660 729 4730 i,_lS
761 4675 773 4709 :
805 4661 1244 4730 Διεστραμμένον
1273 4661 1334 4712 οὑ
1367 4659 1652 4729 δυνήσεται
1681 4660 1802 4710 ὲπι-

240 4727 605 4800 κοσμηθῆναι,
634 4727 932 4783 Perversum
965 4727 1065 4781 non
1089 4727 1272 4800 poterit
1296 4727 1568 4800 adornari.

316 4799 424 4870 (79)
462 4799 911 4870 phrystistoimis,
952 4800 981 4851 0
1031 4799 1404 4870 60'E6paioc,
1440 4799 1582 4851 κατά
1633 4799 1813 4870 πᾶσαν

316 4817 424 4865 μυ)
473 4817 907 4870 urrysnstomus,
952 4817 981 4851 0
1031 4817 1088 4851 οε
1141 4817 1386 4921 δοραιος,
1440 4817 1582 4851 κατα
1633 4817 1812 4852 πασαν

240 4867 422 4952 ςωήν..
457 4867 560 4921 Sed
600 4870 781 4952 aliter“
817 4868 1454 4952 legimusdominantis
1499 4886 1516 4922 :
1562 4869 1812 4952 'E6_pa‘t’o;

241 4937 478 5010 Coum/1'];
509 4940 719 5000 melius,
750 4939 937 5009 ζωώμ..
966 4939 1129 5010 Addit
1155 4939 1571 5010 Chrysostomus
1602 4937 1807 5003 ιάλλος,

239 5006 649 5077 ἀπειλούμενος.
685 5011 860 5062 Alium
882 5006 1070 5062 autem
1102 5009 1244 5062 illum
1268 5006 1626 5078 interpretem
1644 5010 1811 5078 Aqui-

239 5079 344 5130 lam
366 5092 507 5141 esse,
541 5093 606 5131 ex
640 5079 828 5131 iisdem
866 5078 1118 5143 Hexaplis
1153 5080 1432 5133 discimus.
1477 5078 1810 5133 Montl'auco-

239 5149 361 5201 nius
402 5159 585 5200 noster
619 5148 797 5217 laudat
822 5150 1110 5217 Agellium,
1143 5150 1234 5217 qui
1270 5149 1341 5201 ita
1378 5150 1430 5202 in
1456 5148 1598 5202 hunc
1634 5149 1806 5203 locum

237 5219 507 5270 edisserit.
554 5235 572 5266 ι
609 5216 744 5270 Deus
786 5216 955 5286 juttex
1003 5216 1205 5287 justus.
1253 5218 1404 5286 fortis
1448 5227 1497 5270 et
1553 5219 1806 5281 patiens:

237 5289 476 5352 nunquid
512 5289 759 5341 irasc:tur
790 5303 880 5351 per
918 5290 1149 5357 singulos
1188 5291 1339 5342 dies?
1383 5289 1680 5341 Obscurior
1728 5301 1809 5344 est

238 5357 328 5409 hic
367 5373 580 5421 versus,
615 5367 667 5410 et
690 5360 1074 5412 obscuritatem
1101 5359 1250 5420 fecit,
1291 5361 1392 5412 nisi
1425 5359 1602 5418 fallor,
1630 5358 1807 5410 diver-

237 5441 423 5498 sarum
460 5429 991 5495 interpretationum,
1021 5430 1159 5498 quod
1192 5429 1242 5481 in
1275 5431 1513 5482 editione
1548 5426 1685 5481 LXX
1712 5444 1802 5480 so-

236 5496 311 5548 let
344 5498 614 5559 accidere,
657 5501 956 5565 congestio.
1004 5496 1134 5552 Nam
1184 5502 1428 5558 verbum.
1475 5499 1652 5564 fortis,
1699 5515 1802 5550 non

235 5576 322 5619 est
345 5565 507 5627 LXX,
540 5585 801 5634 nusquam
841 5569 982 5621 enim
1011 5571 1060 5621 in
1097 5569 1325 5622 Psalmis
1366 5571 1441 5621 sic
1473 5570 1651 5621 solent
1684 5572 1803 5621 red-

234 5636 368 5707 dere
397 5637 677 5691 Hebraeum
719 5653 912 5692 nomen
937 5639 1016 5703 el;
1075 5641 1166 5692 sed
1201 5655 1266 5692 ex
1307 5639 1514 5707 Aquila:
1540 5640 1802 5705 iuterpre~

237 5705 440 5760 latione
485 5717 780 5778 sumptum,
820 5709 911 5774 qui
957 5709 1091 5763 solet
1136 5705 1589 5778 loxbprivvlortem
1632 5708 1800 5760 inter-

236 5778 460 5848 pretari.
485 5775 748 5831 Praeterea
791 5781 1018 5832 alterum
1051 5775 1240 5832 umnen
1259 5775 1407 5848 quod
1459 5777 1723 5844 sequitur,
1751 5788 1799 5830 et

235 5846 466 5910 patiens,
497 5863 558 5902 ex
601 5849 769 5902 altera
800 5848 1243 5917 interpretatione
1274 5846 1529 5909 manavit,
1556 5861 1799 5913 compre-

237 5918 477 5974 Itendens
501 5919 603 5975 duo
638 5917 859 5976 llebrzea
895 5921 1051 5975 verba
1100 5920 1145 5973 el
1188 5935 1352 5984 zoem,
1399 5935 1498 5972 non
1545 5917 1797 5985 irascens,

1927 680 1979 735 in
2003 696 2297 738 concavum
2339 679 2666 751 diﬂ'ringitur
2699 701 2714 737 :
2771 681 2850 738 sic
2897 681 3060 736 etiam
3098 681 3375 751 obliqumn
3399 697 3494 736 cor

1925 784 2027 840 est,
2059 775 2202 844 quod
2253 789 2394 831 nunc
2441 789 2536 845 per
2557 773 2873 844 jactantiam
2905 773 3379 843 arrogantiamque
3408 773 3491 829 ef-

1926 866 2118 932 fertur,
2154 882 2295 921 nunc
2347 879 2524 922 autem
2564 880 2659 936 per
2708 867 2988 924 molestias
3011 875 3065 920 et
3103 866 3267 919 animi
3292 866 3494 921 demis-

1925 956 2130 1012 sionem
2160 955 2430 1022 dejicitur.
2461 957 2584 1011 ldeo
2635 953 2994 1012 Ecclesiastes
3023 955 3100 1009 ait
3128 973 3142 1010 :
3186 954 3490 1010 Perversum

1926 1062 2026 1102 non
2057 1047 2313 1116 dirigetur
2337 1047 2404 1102 "°.
2434 1047 2594 1102 Vens.
2627 1045 2714 1100 ιε.
2738 1046 2874 1101 Deus
2895 1047 3280 1120 judexjustus,
3308 1058 3354 1101 et
3381 1047 3486 1116 {or-

1923 1145 2011 1209 tis,
2047 1153 2093 1198 et
2121 1141 2459 1211 longanimis,
2486 1154 2532 1198 et
2570 1159 2672 1197 non
2695 1142 2830 1195 iram
2857 1144 3122 1197 adducens
3141 1159 3233 1212 per
3251 1139 3489 1212 singulos

1924 1235 2055 1288 dies.
2083 1236 2193 1290 ﬂos
2223 1235 2315 1306 qui
2349 1234 2636 1304 aliquando
2665 1236 2734 1290 ob
2768 1249 2946 1289 rerum
2974 1246 3198 1291 eventus
3239 1233 3487 1291 turbandi

1923 1337 2078 1381 erant
2103 1325 2474 1382 vehementius
2516 1328 2766 1382 adoriens
2804 1325 3110 1396 Propheta,
3157 1326 3258 1380 hoc
3308 1328 3490 1380 dicere

1925 1416 2156 1481 videtur,
2187 1418 2346 1472 veluti
2378 1417 2574 1473 sedans
2603 1417 2880 1474 hominum
2916 1416 3396 1488 perturbationem,
3422 1432 3490 1471 ne

1922 1509 2139 1576 quando
2167 1509 2520 1578 providentia:
2547 1510 2796 1564 universa
2850 1508 3153 1564 moderauti
3201 1506 3443 1562 ditiidant
3472 1548 3487 1573 ,

1922 1613 2046 1653 cum
2077 1598 2308 1652 viderint
2330 1609 2560 1668 patrem,
2593 1599 2703 1654 ﬁlio
2738 1598 2789 1653 in
2814 1614 2935 1652 eum
2983 1602 3316 1668 insurgentc,
3351 1596 3490 1652 inul-

1925 1699 2034 1744 tum
2063 1690 2313 1760 relinqui,
2353 1699 2408 1745 et
2449 1692 2743 1760 nequitiam
2781 1690 2937 1761 105
2982 1691 3267 1747 Absalonis
3319 1691 3369 1744 iu
3425 1691 3489 1745 iis

1921 1795 2043 1848 qua:
2082 1793 2438 1852 proposuerat
2465 1780 2697 1837 feliciter
2740 1785 3052 1853 procedere.
3111 1784 3294 1853 Itaque
3329 1781 3487 1836 stoli-

1923 1871 2020 1927 das
2049 1887 2235 1928 eorum
2266 1873 2625 1942 cogitationes
2655 1875 2954 1944 corrigens,
2993 1874 3044 1928 id
3080 1876 3159 1928 eis
3194 1875 3485 1930 testimonii

1857 1965 1895 2018 Β
1928 1965 2076 2018 dedit
2111 1987 2122 2019 :
2151 1964 2294 2019 Deus
2315 1965 2486 2034 judea:
2515 1964 2695 2036 justus
2717 1975 2765 2019 et
2797 1965 2971 2034 fortis,
3004 1975 3051 2019 et
3084 1965 3486 2034 Ionganimis,ct

1922 2074 2026 2111 non
2061 2055 2193 2110 iram
2227 2058 2490 2110 adducens
2537 2074 2630 2126 per
2662 2057 2894 2127 singulos
2943 2058 3076 2111 dies.
3108 2056 3251 2111 Nihil
3286 2067 3486 2110 tenuere

1924 2149 2187 2203 liteorum
2213 2163 2333 2217 qua:
2363 2158 2624 2219 geruntur
2655 2168 2668 2203 :
2704 2150 2793 2203 sed
2823 2151 3041 2204 cuilibet
3075 2151 3213 2205 Deus
3246 2168 3304 2204 ea
3337 2165 3487 2204 men-

1922 2253 2044 2294 sura
2073 2241 2351 2309 rependet,
2386 2254 2488 2308 qua
2517 2239 2663 2310 prior
2695 2239 2747 2294 in
2784 2241 2881 2294 hac
2931 2241 3037 2294 vita
3089 2243 3327 2296 actiones
3360 2257 3485 2296 suas

1922 2331 2085 2388 fuerit
2112 2334 2410 2389 dimensus.
2447 2332 2712 2400 Quoniam
2746 2334 2912 2405 igitur
2949 2343 3228 2404 peccatum
3261 2349 3358 2404 ego
3388 2333 3483 2386 ad-

1923 2427 2065 2490 misi,
2113 2443 2210 2496 pro
2264 2443 2386 2480 meo
2443 2426 2635 2480 merito
2677 2427 2848 2481 vicem
2884 2427 3100 2497 recipio.
3150 2426 3330 2481 Nolite
3362 2443 3484 2497 ergo

1921 2516 2061 2585 loqui
2095 2519 2344 2570 adversus
2376 2515 2541 2570 Deum
2565 2517 2893 2587 iniquitatem
2921 2519 2964 2549 ⁷¹
3003 2537 3016 2573 :
3053 2521 3189 2574 Deus
3229 2519 3372 2573 enim
3403 2529 3487 2574 est

1915 2606 2296 2677 judexjustus.
2317 2607 2498 2678 Neque
2527 2609 2600 2664 ita
2628 2610 2835 2680 abjecte
2868 2612 2930 2664 de
2964 2609 3073 2663 Dco
3095 2611 3481 2680 cogitaveritis,

1922 2699 2093 2769 ipsum
2146 2702 2211 2755 ad
2252 2702 2508 2757 ultionem
2558 2702 2875 2756 sumendam
2926 2700 3218 2755 invalidum
3268 2717 3388 2757 esse
3431 2709 3488 2756 ut

1921 2793 2258 2848 arbitremini
2291 2813 2303 2847 :
2355 2811 2478 2848 nam
2510 2806 2592 2851 est
2623 2806 2679 2850 et
2730 2793 2904 2850 fortis.
2938 2791 3076 2859 Ouid
3109 2791 3272 2864 igitur
3308 2809 3482 2848 cause-

1920 2894 2023 2947 est,
2059 2881 2201 2952 quod
2235 2897 2339 2936 non
2374 2885 2555 2938 statim
2589 2900 2801 2954 pteuam
2852 2885 3049 2954 inlligat
3089 2883 3487 2952 peccantibus?

1921 2973 2184 3041 Quoniam
2240 2973 2565 3042 longanimis
2620 2988 2722 3040 εει,
2755 2971 2876 3028 Non
2923 2977 3056 3028 iram
3102 2974 3367 3028 adducens
3396 2991 3487 3043 per

1919 3069 2154 3137 singulos
2192 3068 2324 3122 dies.
2361 3068 2523 3124 Vens.
2562 3069 2647 3122 l5.
2681 3068 2797 3122 Nisi
2830 3070 3060 3123 conversi
3099 3069 3329 3138 fueritis,
3372 3069 3486 3139 gla-

1920 3159 2063 3211 dium
2093 3177 2248 3213 suum
2290 3161 2533 3214 vibrabit.
2586 3160 2760 3215 Minax
2794 3171 2875 3215 est
2905 3161 2992 3216 ille
3021 3176 3224 3223 sermo,
3257 3161 3320 3215 ad
3352 3177 3484 3216 cnn-

1920 3248 2217 3304 versionem
2273 3251 2530 3306 inducens
2583 3254 2761 3306 tardos
2808 3254 2873 3305 ad
2939 3254 3333 3322 ptenitentiam.
3367 3251 3483 3306 Non

1923 3339 2105 3394 statim
2140 3342 2376 3395 minatur
2405 3343 2658 3407 vulnera,
2712 3343 2917 3413 plagas,
2971 3354 3207 3397 mortes:
3269 3343 3363 3397 sed
3397 3359 3485 3396 ar-

1923 3446 2132 3486 morum
2164 3433 2518 3489 vibratiouem
2549 3435 2693 3488 velut
2742 3447 3053 3506 apparatum
3091 3437 3375 3504 quemdam
3418 3435 3485 3489 ad

1925 3525 2204 3580 ultionem.
2262 3527 2723 3592 Quemadmodum
2758 3530 2898 3582 enim
2945 3530 3034 3598 qui
3070 3538 3282 3595 tergunt
3315 3544 3482 3590 arma,

1922 3635 2075 3674 suum
2111 3618 2182 3672 ad
2223 3619 2418 3672 bellum
2461 3621 2714 3690 impetum
2757 3637 2852 3689 per
2888 3621 2989 3674 hoc
3022 3619 3370 3690 signiﬁcant:
3408 3623 3484 3674 sic

1922 3724 1974 3766 ct
2005 3712 2280 3782 Scriptura
2313 3713 2399 3767 ubi
2431 3714 2519 3768 Dei
2545 3714 2609 3766 ad
2638 3713 2889 3767 ultionem
2923 3723 3122 3766 motum
3166 3712 3276 3764 vult
3303 3720 3484 3766 osten-

1921 3805 2071 3868 dcre,
2124 3805 2191 3859 ab
2238 3807 2353 3875 ipso
2409 3807 2604 3860 vibrari
2635 3806 2865 3877 gladium
2893 3806 3028 3859 dixit
3061 3823 3074 3860 :
3103 3805 3298 3859 Arcum
3331 3822 3483 3858 suum

1923 3899 2159 3959 tetendit,
2185 3909 2231 3949 et
2267 3900 2467 3964 paravit
2495 3899 2665 3961 illum,
2698 3897 2882 3966 (Vens.
2931 3897 3079 3969 M)et
3109 3897 3162 3949 in
3195 3914 3253 3950 eo
3280 3898 3483 3966 paravit

1921 4003 2042 4040 vasa
2077 3990 2276 4040 mortis.
2330 3988 2442 4042 Non
2504 4007 2699 4044 nervus
2754 3989 3017 4059 quispiam
3064 4000 3146 4043 est
3175 3990 3262 4058 qui
3299 4007 3480 4043 arcum

1921 4080 2103 4133 tendat
2128 4078 2242 4146 Dei,
2274 4081 2365 4135 sed
2390 4081 2642 4149 puniendi
2674 4083 2934 4151 potentia,
2961 4097 3078 4150 qua:
3095 4082 3383 4152 aliquando
3410 4082 3483 4134 in-

1920 4183 2066 4227 tensa
2098 4185 2199 4234 est,
2233 4173 2519 4243 aliquando
2567 4190 2695 4228 vero
2733 4175 2978 4229 remissa.
3021 4174 3268 4229 Peccanti
3322 4175 3484 4240 igitur

1920 4264 2202 4334 Scriptura
2255 4270 2493 4322 minatur
2531 4267 2711 4323 futura
2755 4269 3017 4338 supplicia
3048 4270 3150 4323 sibi
3182 4278 3481 4338 prwparatu

1913 4518 2052 4594 quod
2084 4530 2225 4594 .aer_n
2255 4526 2337 4594 est
2363 4532 2425 4573 ac
2449 4526 2684 4594 patiens,
2716 4519 2806 4588 qui
2840 4518 3025 4594 Grzrce
3061 4521 3262 4594 dicitur
3280 4525 3481 4594 μακρό-

1915 4587 2125 4660 qu0¢._
2157 4587 2346 4660 Tertia
2394 4587 2607 4658 quoque
2661 4587 3037 4660 interpretatio
3085 4587 3293 4658 adjecta
3348 4587 3477 4649 es't:

1910 4657 2162 4730 Nunquid
2195 4657 2440 4714 irascitur
2463 4657 2550 4728 per
2580 4657 2938 4725 singulosdics
2956 4662 2980 4713 ζ’
3001 4657 3163 4730 quod,
3185 4663 3296 4716 sive
3319 4662 3477 4727 LXX,

1917 4729 2032 4802 sive
2065 4730 2492 4802 aliusquispiatn
2526 4730 2907 4802 interpretatus
2934 4729 3029 4794 sit,
3064 4746 3164 4784 non
3204 4738 3353 4800 quasi
3385 4753 3480 4802 per

1916 4798 2391 4868 interrogationem
2427 4799 2708 4862 intellexit,
2751 4802 2840 4852 sed
2867 4816 2959 4868 per
2979 4798 3474 4868 negationem,sic:

1913 4877 1960 4920 et
1989 4885 2088 4920 non
2118 4869 2364 4920 irascitur
2397 4885 2487 4935 per
2512 4869 2745 4936 singulos
2773 4872 2905 4931 dies,
2939 4880 2992 4922 et
3020 4875 3135 4925 sine.
3180 4874 3478 4940 interroga-

1916 4941 2060 4990 lioue
2097 4939 2394 5006 intelligere
2430 4941 2680 4993 videntur
2724 4940 2971 5001 Basilius,
3010 4940 3328 4996 Theodorus
3367 4939 3475 4998 Aiu-

1915 5009 2218 5072 tiochenus,
2280 5008 2672 5073 'l‘heodoretus,
2730 5021 2785 5064 et
2836 5013 2901 5064 de
2961 5013 3162 5067 nostris
3221 5016 3478 5085 Augusti-

1913 5093 2037 5136 nus,
2076 5096 2094 5128 ι
2137 5089 2241 5132 etc.

1983 5148 2096 5216 (80)
2129 5149 2276 5202 Colb.
2309 5157 2532 5215 quartus
2564 5149 2698 5218 πρὸς
2729 5150 2854 5214 τούς
2893 5168 3041 5204 ποτε.
3085 5152 3225 5207 Editi
3263 5165 3318 5209 et
3351 5155 3477 5210 reli-

1910 5219 2217 5290 quiomnes
2242 5234 2368 5272 mss.
2418 5218 2553 5290 πρὸς
2579 5222 2704 5281 τοὺς
2743 5222 2880 5273 τότε.

1983 5288 2094 5362 (Si)
2129 5288 2279 5362 Colb.
2312 5288 2536 5362 quartus
2555 5291 2972 5362 Αάπιστησωμεν.
3019 5292 3137 5346 Mox
3177 5295 3304 5348 editi
3354 5312 3472 5348 cum

1909 5360 2058 5436 (Alolb.
2115 5361 2341 5427 septimo
2373 5360 2689 5436 προσέθετο.
2734 5360 2969 5436 Λιιιξευιι
3018 5380 3145 5418 mss.
3190 5366 3470 5436 προέθετο.

1909 5430 2206 5495 Aliquanto
2255 5439 2375 5496 post
2424 5433 2550 5481 editi
2595 5446 2718 5482 cum
2768 5431 2952 5492 majori
2997 5447 3145 5498 parte
3188 5430 3314 5487 ne».
3363 5439 3474 5498 τοῖς

1907 5499 2410 5574 ὲκάστουᾘμέτροις.
2439 5501 2550 5552 Duo
2583 5517 2713 5574 mss.
2743 5504 2854 5574 τοῖς
2884 5504 3095 5573 ἑκάστῳ
3130 5505 3368 5574 μέτροις.

1979 5569 2090 5644 (82)
2137 5571 2248 5644 Illa,
2294 5571 2384 5622 καὶ
2441 5570 2658 5642 ἰσχυρὸς
2716 5573 2808 5624 καὶ
2871 5569 3252 5644 μακροθυμος,
3296 5578 3472 5628 addita

1906 5651 2028 5690 sunt
2062 5641 2112 5691 iu
2141 5640 2463 5694 Colbertinis
2495 5640 2687 5709 quarto
2711 5654 2762 5695 et
2793 5640 3020 5711 septimo
3052 5640 3170 5714 post
3191 5661 3371 5699 vocem
3399 5645 3473 5698 δί-

1905 5727 2072 5771 καιος.

1975 5773 2087 5852 (δῦ)
2135 5779 2259 5833 Mss.
2327 5798 2431 5834 non
2487 5784 2640 5847 pauci
2699 5784 2790 5835 ἐπὶ
2836 5782 2931 5852 τῷ.
2990 5784 3162 5838 Verba
3226 5786 3334 5848 illa,
3376 5788 3468 5839 καὶ

1906 5850 2402 5926 ἡτοίμασεν-αὑτὸ,
2437 5854 2648 5926 καὶ-ἐν
2673 5854 2821 5922 αὑτῷ
2865 5850 3128 5925 ἧτοίμασε
3173 5857 3340 5926 σκεύη
3376 5852 3470 5910 θα-

1902 5921 2080 5986 νάτου,
2115 5923 2412 5980 addidimus
2447 5940 2512 5979 ex
2540 5921 2864 5981 Colbcrtiuis
2889 5921 3100 5997 quarto
3139 5938 3190 5981 et
3215 5921 3467 6000 septimo.
