4260 6508
744 435 845 489 ΞΠ

2050 436 2106 490 S.
2149 435 2392 489 BASZLII
2430 435 2641 490 MAGNI

3866 433 3976 487 243

741 567 884 619 esse,
911 552 955 606 si
983 551 1036 604 in
1072 560 1291 621 peccato
1319 552 1906 622 permanserit.Parata
1931 560 2053 606 sunt
2080 550 2220 604 enim
2249 550 2300 601 in
2333 554 2376 608 Α
2404 567 2423 602 ι

2292 569 2300 601 ι
2333 554 2376 608 Α
2404 548 2560 612 αὑτῴ
2578 551 2863 617 ἡτοίμασε
2879 546 3073 610 σκεύη
3090 549 3367 599 θανατου.
3385 546 3458 597 Ou
3476 560 3640 616 νευρα
3664 546 3745 609 τίς
3768 546 3913 597 ἐστιν
3939 547 3974 616 ἡ

743 660 870 699 arcu
899 658 1023 698 vasa
1057 643 1267 698 mortis.
1296 643 1439 702 Vasa
1461 657 1639 700 autem
1665 645 1871 708 mortis,
1893 637 2298 705 virtutes'sunt,

744 749 863 804 qua:
896 736 986 790 Dei
1020 737 1265 791 inimicos
1320 739 1704 794 exterminant.
1752 736 1993 806 Sagittae
2039 749 2163 788 suae
2208 749 2298 784 ar-

743 827 978 879 dentibus
1013 827 1206 894 e/fecit.
1246 828 1314 884 Ut
1336 831 1478 883 enim
1507 828 1650 897 ignis
1679 830 1748 883 ob
1787 827 2069 882 materiam
2104 822 2302 875 ustioni

744 921 989 974 idoneam
1026 935 1053 972 a
1080 919 1333 975 Creatorc
1365 921 1614 976 conditus
1636 930 1752 982 est;
1777 934 1880 972 non
1912 920 2053 974 enim
2085 925 2302 984 propter

743 1013 1081 1066 adamantem
1117 1014 1205 1081 qui
1232 1013 1297 1065 ab
1327 1014 1447 1081 igne
1479 1029 1582 1067 non
1615 1011 1933 1075 absumitur,
1957 1010 2050 1065 sed
2087 1018 2303 1078 propter

744 1102 885 1170 ligna
919 1102 1144 1156 ﬂamma:
1202 1104 1556 1172 suscipienda:
1603 1112 1748 1171 apta,
1801 1114 2016 1156 creatus
2041 1110 2170 1155 est:
2226 1099 2300 1151 ita

743 1203 796 1247 et
827 1196 1033 1263 sagitta:
1063 1194 1153 1247 Dei
1182 1193 1250 1249 ob
1277 1210 1370 1251 eas
1402 1198 1626 1261 animas,
1645 1210 1761 1262 qua:
1789 1196 1940 1248 facile
1972 1194 2144 1262 ignem
2172 1206 2302 1244 cou-

745 1284 971 1352 t-ipiunt,
1012 1285 1344 1357 multumque
1390 1287 1722 1355 collegerunt
1765 1286 1883 1355 ejus
1937 1283 2254 1339 substantiae
2283 1322 2298 1347 ,

745 1393 864 1444 qua
921 1386 1134 1434 terrena
1191 1391 1291 1443 est,
1329 1391 1379 1433 et
1405 1381 1469 1433 ad
1503 1381 1776 1434 interitum
1830 1382 2040 1440 idonea,
2089 1378 2156 1432 ab
2188 1379 2303 1444 ipso

744 1470 952 1526 ell'ecta:
985 1483 1130 1526 sunt.
1158 1470 1257 1536 Qui
1285 1473 1445 1539 igitur
1469 1472 1663 1541 ignitas
1692 1473 1889 1525 diaboli
1910 1472 2133 1542 sagittas
2153 1472 2302 1540 prius

746 1562 1033 1628 recipiunt,
1061 1576 1126 1615 ac
1156 1563 1292 1614 intra
1323 1578 1379 1616 se
1416 1564 1665 1627 retinent,
1706 1566 1738 1617 ii
1780 1563 1869 1617 Dei
1905 1565 2183 1631 excipiunt
2214 1579 2302 1617 sa-

745 1652 925 1720 gittas.
962 1651 1164 1708 idcirco
1218 1655 1336 1708 ait:
1392 1655 1627 1728 Sagittae
1661 1674 1783 1710 sua:
1828 1659 1941 1726 jam
1997 1657 2302 1712 ardentibus

744 1743 936 1809 e/Iecit.
972 1743 1222 1800 Adurunt
1246 1757 1422 1801 autem
1457 1750 1688 1801 animam
1722 1763 1934 1802 amores
1977 1749 2041 1800 ad
2082 1762 2300 1802 carnem

745 1843 1066 1899 Spectantes,
1103 1849 1263 1906 Opum
1308 1840 1574 1908 cupiditas
1600 1879 1613 1902 ,
1667 1841 1758 1893 ine
1812 1849 2120 1903 aestuantes,
2159 1850 2213 1894 et
2239 1857 2298 1895 ea

2403 641 2736 694 διατείνουσα
2768 641 2826 693 τὸ
2850 640 3002 702 τόξον
3031 635 3119 686 τοῦ
3151 637 3306 702 Θεοῦ,
3340 635 3471 692 ἀλλὰ
3499 636 3792 709 κολαστικὴ
3810 636 3975 691 δύνα-

2408 751 2514 803 μις,
2543 735 2671 786 ποτὲ
2704 733 2798 802 μὲν
2825 729 3188 802 ἐντεινομένη,
3219 732 3345 783 ποτέ
3372 731 3427 784 δὲ
3453 729 3730 799 ἀνιεμένη.
3763 731 3852 800 Τῷ
3883 726 3978 783 οῦν

2403 828 2767 894 ἁμαρτάνοντι
2811 829 3080 880 ἀπειλεῖὸ
3117 824 3294 891 λόγος.
3329 827 3410 877 ὅτι
3452 827 3640 895 ἕτοιμα
3680 824 3826 894 αὐτῷ
3861 829 3975 878 ἐστι

2407 917 2467 969 τὰ
2498 917 2753 985 μέλλοντα
2780 921 2856 982 εἰς
2887 918 3105 970 κόλασιν
3136 914 3580 982 ἀποπέμπεσθαι,
3613 914 3706 968 ἐὰν
3739 917 3976 989 ἐπιμένῃ

2403 1014 2466 1080 τῇ
2506 1011 2767 1084 ἁμαρτία.
2808 1012 3162 1081 Ἠτοίμασται
3191 1011 3300 1082 γὰρ
3330 1011 3385 1062 ὲν
3410 1011 3484 1080 τῷ
3516 1011 3651 1082 τόξῳ
3684 1009 3850 1076 σκεύη
3881 1009 3978 1060 θα·

2404 1104 2583 1156 νάτου.
2619 1104 2791 1175 Σκεύη
2822 1106 2876 1158 δὲ
2910 1105 3135 1157 Θανάτου
3169 1106 3427 1174 δυνάμεις
3460 1104 3595 1156 εἰσὶν
3624 1103 3975 1172 ἁφανιστικαὶ

2404 1196 2510 1249 τῶν
2536 1195 2744 1264 ἐχθρῶν
2769 1199 2858 1250 τοῦ
2883 1197 3036 1250 Θεοῦ.
3064 1196 3144 1248 Τὰ
3174 1197 3299 1266 βέλη
3328 1193 3494 1249 αὑτοῦ
3527 1198 3638 1258 τοῖς
3667 1192 3977 1262 καιομένοις

2403 1287 2774 1356 ἐξειργάσατο.
2811 1292 3018 1361 Ὥσπερ
3044 1289 3104 1342 τὺ
3140 1288 3246 1359 πῦρ
3275 1292 3339 1359 τῇ
3385 1285 3649 1357 καιομένῃ
3694 1286 3792 1358 ὕλῃ
3823 1281 3976 1352 παρὰ

2403 1379 2494 1432 τοῦ
2529 1378 2812 1442 κτίσαντος
2844 1381 3186 1453 ἐξειργάσθη·
3219 1382 3278 1433 ού
3309 1381 3414 1450 γὰρ
3446 1381 3536 1433 διά
3569 1377 3658 1430 τὸν
3691 1378 3976 1447 ἀδάμαντα

2403 1473 2624 1544 ἐκτίσθη
2663 1472 2753 1526 τὸν
2800 1474 2875 1542 μὴ
2905 1476 3200 1544 τηκόμενον
3231 1473 3336 1525 ὑπὸ
3365 1473 3457 1525 τοῦ
3487 1472 3676 1542 ’.ορδςι
3716 1471 3851 1522 ἀλλὰ
3888 1469 3976 1521 διὰ

2401 1568 2468 1620 τὰ
2519 1565 2648 1632 ξύλα
2689 1567 2757 1619 τὰ
2794 1569 3225 1637 κατακαιόμενα·
3269 1565 3412 1618 οῦτω
3457 1583 3549 1618 και
3592 1564 3660 1616 τὰ
3701 1563 3798 1617 τοῦ
3837 1560 3975 1615 Θεοῦ

2405 1661 2531 1731 βέλη
2564 1663 2682 1723 ταῖς
2721 1660 3188 1729 εὐκαταπρήστοις
3215 1658 3432 1727 ψυχαῖς,
3468 1651 3542 1709 ὧν
3579 1656 3712 1709 πολὺ
3756 1657 3816 1708 τὸ
3861 1654 3978 1706 ύλι-

2404 1751 2496 1802 κὸν
2537 1750 2630 1802 καὶ
2670 1749 2728 1801 τὸ
2758 1747 2892 1818 πρὸς
2931 1748 3232 1818 ἀφανισμὸν
3265 1745 3567 1815 ἐπιτήδειον
3610 1745 3974 1803 συνείλεκται.

2405 1844 2534 1911 παρ’
2583 1840 2747 1893 αύτοῦ
2801 1841 3192 1909 κατειργάσθη.
3231 1839 3292 1891 Ol
3331 1834 3421 1890 οὖν
3474 1836 3832 1910 προλαϐόντες
3881 1836 3976 1888 καὶ

749 1940 866 1985 una:
903 1927 1138 1981 animmn
1181 1930 1286 1983 urit
1318 1906 1655 1998 absumitque
1686 1932 1926 1995 tristitia,
1964 1943 2016 1986 ct
2062 1932 2221 1987 alieni
2273 1949 2300 1986 a
2334 1906 2373 1960 Β
2404 1933 2427 1984 ἒ

2293 1951 2300 1985 ι
2334 1906 2373 1960 Β
2404 1906 2617 2001 ἕλοντες
2651 1933 2707 1984 ἐν
2738 1906 3050 1992 ἑαυτοῖς-τὰ
3091 1906 3458 2000 πεπυρωμένα
3503 1906 3627 2001 βέλη
3669 1929 3760 1983 τοῦ
3795 1928 3975 1982 διαϐό-

747 2013 856 2069 Deo
888 2019 1125 2072 timores.
1159 2018 1258 2083 Qui
1296 2030 1472 2075 autem
1509 2031 1589 2076 est
1615 2025 1679 2075 ab
1709 2023 1909 2078 inimici
1940 2026 2148 2095 sagittis
2179 2025 2304 2078 illa:-

746 2120 856 2168 sus,
892 2105 1091 2175 Deique
1134 2108 1350 2165 indutus
1396 2122 1478 2167 est
1523 2125 1877 2180 armaturam,
1905 2131 1932 2169 a
1967 2116 2188 2170 letiferis
2216 2131 2304 2169 sa-

744 2197 892 2265 gittis
924 2197 1154 2253 intactus
1175 2215 1468 2269 permanet.

2403 2023 2493 2075 λου
2529 2021 2656 2092 (84),
2690 2015 2835 2075 οῦτοι
2864 2020 3108 2089 δέχονται
3136 2020 3203 2072 τὰ
3237 2019 3362 2089 βέλη
3387 2020 3479 2072 τοῦ
3501 2021 3662 2073 Θεοῦ.
3690 2021 3787 2074 Διά
3818 2019 3978 2071 τοῦτὸ

2407 2133 2539 2186 φησι
2560 2135 2571 2146 ο
2613 2116 2688 2168 Τὰ
2721 2116 2876 2180 ,ϐέλη
2906 2111 3091 2166 αὐτοῦ
3126 2111 3247 2177 τοῖς
3285 2111 3398 2180 ἤδη
3423 2113 3752 2183 καιομένοις
3789 2112 3977 2178 ἐξειρ-

2411 2206 2659 2277 γάσατο.
2706 2208 2935 2260 Καίουσι
2985 2207 3040 2258 δέ
3080 2204 3254 2274 ψυχὴν
3302 2203 3500 2274 ἔρωτες
3555 2206 3834 2277 σαρκικοί,
3883 2201 3977 2252 καὶ

746 2290 1028 2361 ἐπιθυμίαι
1059 2294 1372 2363 χρημάτων,
1409 2300 1500 2349 καὶ
1532 2298 1779 2364 διάπυροι
1841 2299 2020 2367 ὀργαὶ,
2083 2300 2175 2350 καὶ
2208 2298 2371 2351 λύπαι
2415 2299 2706 2369 φλέγονται
2750 2300 2843 2352 καὶ
2881 2299 3204 2366 ἐκτήκουσαι
3236 2295 3333 2366 τὴν
3361 2294 3558 2366 ψυχὴν,
3592 2297 3683 2348 καὶ
3726 2293 3878 2360 φόϐοι
3924 2294 3977 2346 οἱ

743 2384 1009 2453 ἀλλότριοι
1041 2383 1133 2435 τοῦ
1166 2386 1319 2439 Θεοῦ.
1365 2389 1419 2441 ὐ
1455 2389 1631 2458 μέντοι
1663 2389 1899 2460 ἄτρωτος
1966 2390 2069 2442 ὑπὸ
2133 2389 2239 2443 τῶν
2283 2390 2373 2443 τοῦ
2414 2391 2606 2460 ἐχθροῦ
2642 2390 2827 2460 βελῶν,
2879 2390 2969 2442 καὶ
3017 2387 3358 2458 ἐνδεδυμένος
3397 2390 3493 2459 τὴν
3543 2382 3840 2440 πανοπλίαν
3879 2384 3976 2438 τοῦ

744 2477 897 2545 Θεοῦ,
922 2481 1028 2536 τῶν
1057 2482 1438 2554 θανατηφὸρων
1473 2482 1641 2551 βελῶν
1676 2485 1969 2556 ἀπείρατος
2004 2485 2266 2557 διαμένει.

817 2576 869 2630 8.
905 2577 1066 2632 Υειιε.
1098 2579 1184 2634 15.
1223 2577 1357 2633 Ecce
1394 2582 1643 2648 parturiit
1679 2581 2024 2650 injustitiam,
2073 2585 2304 2647 concepit

747 2666 1004 2732 dolorem,
1034 2680 1080 2723 et
1135 2674 1330 2739 peperit
1362 2672 1712 2739 iniquitatem.
1746 2673 1810 2724 Et
1850 2675 2066 2739 quidem
2093 2712 2107 2735 ,
2162 2674 2300 2739 quod

751 2757 816 2808 ad
865 2760 1105 2812 ordinem
1164 2762 1415 2828 pertinet,
1467 2761 1684 2814 confusa
1748 2761 1992 2814 videntur
2036 2775 2155 2815 esse
2190 2763 2302 2815 lucc

752 2848 935 2903 verba.
971 2849 1102 2904 Nam
1134 2854 1362 2919 primum
1386 2853 1696 2923 concipiunt
1735 2861 2089 2924 pra’gnantcs,
2115 2856 2306 2910 deinde

751 2941 1096 3008 parturiunt,
1144 2954 1416 3012 postremo
1475 2946 1710 3014 pariunt.
1764 2945 1860 3000 Hic
1916 2962 2041 3000 vero
2072 2947 2302 3015 primum

751 3035 1014 3100 puerperii
1048 3035 1260 3091 dolores
1301 3037 1450 3100 ﬁunt,
1502 3039 1694 3092 deinde
1750 3043 2051 3105 conceptio,
2102 3050 2306 3107 postre-

751 3136 894 3174 mum
929 3132 1133 3190 partus.
1168 3128 1235 3178 At
1286 3126 1399 3179 lizec
1445 3128 1626 3181 cordis
1675 3130 2080 3197 conceptionem
2114 3130 2310 3198 signiti-

750 3214 1058 3269 cantissinte
1097 3217 1388 3287 explicant.
1415 3219 1756 3274 lrrationales
1793 3222 1936 3274 enim
1969 3220 2309 3275 incontinen-

753 3306 883 3360 tium
919 3308 1187 3378 impetus,
1221 3311 1524 3378 insaniaeque
1573 3328 1636 3368 ac
1683 3311 1922 3368 furentes
1949 3314 2106 3386 106
2135 3313 2309 3369 libidi-

753 3413 872 3463 nes,
908 3400 1159 3455 dicuntur
1189 3405 1455 3471 puerperii
1497 3405 1728 3470 dolores,
1756 3422 1819 3461 eo
1853 3408 1992 3475 quod
2021 3423 2140 3460 cum
2171 3405 2312 3461 velo-

751 3491 913 3542 citate
946 3499 1000 3544 et
1049 3491 1232 3546 dolore
1267 3493 1317 3545 in
1344 3496 1522 3546 anima
1560 3496 1928 3549 innascantur.
1974 3496 2076 3562 Qui
2132 3508 2309 3551 autem

748 3574 820 3627 ob
849 3574 1006 3628 talem
1034 3575 1289 3644 impetum
1322 3580 1500 3646 pravis
1527 3584 1808 3635 succubuit
1852 3586 2270 3652 cogitationibus
2294 3625 2309 3648 ,

749 3664 798 3720 is
821 3664 1056 3720 dolorem
1083 3669 1327 3738 concepit
1357 3689 1369 3723 :
1410 3681 1461 3724 et
1483 3672 1573 3740 qui
1602 3674 1780 3727 cordis
1806 3674 2061 3728 malitiam
2093 3691 2188 3743 per
2210 3679 2314 3730 ini-

750 3771 885 3825 quas
917 3759 1158 3814 actiones
1185 3760 1441 3828 incendit,
1475 3762 1519 3816 is
1545 3764 1747 3830 peperit
1779 3765 2129 3834 iniquitatem.
2157 3767 2313 3822 Vide-

755 3857 839 3901 tur
858 3857 1036 3903 autem
1064 3849 1178 3904 haec
1211 3851 1406 3916 dicere,
1437 3855 1575 3923 quod
1603 3868 1723 3907 eum
1760 3858 1956 3924 pudeat
1988 3872 2108 3912 esse
2143 3859 2309 3929 iniqui

754 3939 848 3992 lilii
895 3948 1124 4008 patrem.
1155 3940 1269 3996 Non
1303 3959 1470 4008 meus,
1504 3945 1695 4013 inquit,
1736 3945 1874 4000 lilius
1901 3957 2015 4009 est,
2061 3951 2154 4003 sed
2197 3950 2312 4018 ejus

755 4034 924 4097 patris
972 4033 1144 4090 factus
1178 4046 1262 4090 est
1311 4037 1451 4092 lilius
1480 4078 1494 4102 ,
1550 4038 1636 4092 cui
1671 4054 1729 4093 se
1759 4041 1809 4093 in
1854 4040 2188 4110 adoptionem
2221 4059 2315 4113 per

755 4137 1035 4194 peccatum
1093 4130 1436 4197 mancipavit.
1493 4130 1625 4184 Nam
1680 4134 1968 4187 secundum
2008 4133 2309 4192 Joannem:

757 4216 859 4281 Qui
887 4217 1012 4286 facit
1041 4230 1332 4287 peccatum,
1357 4238 1422 4274 ea:
1445 4223 1653 4276 diabolo
1686 4237 1839 4278 natus
1855 4236 1928 4279 est
1955 4226 2025 4281 ".
2057 4226 2196 4282 Ecce
2223 4229 2316 4295 igi-

2481 2581 2532 2633 8.
2599 2578 2741 2632 Ἰδοὺ
2773 2575 3068 2642 ὼδίνησεν
3112 2575 3381 2637 ἀδικίαν,
3416 2574 3712 2628 συνέλαϐε
3761 2575 3976 2634 πόνοιο,

2409 2673 2500 2723 καὶ
2537 2673 2738 2724 ἔτεκεν
2764 2669 3037 2736 ἀνομίαν.
3091 2669 3176 2731 Ὠς
3213 2671 3308 2737 μὲν
3337 2667 3471 2737 πρὸς
3514 2668 3612 2737 τὴν
3639 2666 3790 2731 τάξιν
3827 2667 3980 2720 δοκεῖ

2413 2763 2834 2831 συγκεχυμένως
2890 2762 2922 2830 ή
2982 2761 3123 2824 λέξις
3181 2760 3358 2830 ἔχειν·
3419 2761 3602 2831 ἐπειδὴ
3652 2762 3866 2832 πρῶτον
3921 2764 3977 2814 αἱ

2412 2855 2635 2906 κύουσαι
2676 2853 3156 2923 συλλαμϐάνουσιν,
3190 2849 3309 2906 εἶτα
3351 2853 3628 2918 ὠδίνουσι,
3669 2854 3978 2906 τελευταῖον

2411 2947 2465 3000 δὲ
2496 2947 2764 3000 τίκτουσιν
2806 2945 2917 3014 (85)
2937 2961 2949 2975 '
2983 2945 3211 3000 ἐνταῦθα
3239 2946 3294 2999 δέ
3320 2946 3531 3017 πρῶτον
3556 2948 3586 3016 ἡ
3618 2944 3762 3008 (δᾶν,
3796 2938 3914 2996 εἶτα

2413 3039 2690 3110 σύλληψις,
2727 3035 2844 3090 εἶτα
2869 3040 2896 3090 6
2919 3038 3168 3101 τοκετός·
3213 3037 3348 3107 πρὸς
3384 3036 3439 3089 δέ
3476 3036 3572 3105 τὴν
3615 3036 3712 3104 τῆς
3749 3032 3979 3103 καρδίας
4048 3056 4053 3063 ·

2411 3130 2667 3200 σύλληψιν
2714 3128 3165 3200 ἐμφαντικὼτατα
3209 3128 3340 3196 ἔχει.
3391 3128 3454 3177 Αἱ
3499 3125 3604 3194 γὰρ
3647 3126 3825 3190 ἄλογοι
3869 3122 3978 3174 τῶν

2407 3222 2722 3274 ἀκολάστων
2750 3221 2916 3290 ὁρμαὶ
2958 3220 3050 3271 καὶ
3088 3220 3142 3269 αἱ
3188 3217 3412 3287 μανικαὶ
3450 3217 3541 3268 καὶ
3571 3213 3979 3284 παροιστρῶσαι

2408 3314 2692 3384 ἐπιθυμίαι
2736 3313 2921 3374 ὠδῖνες
2959 3310 3274 3382 ἐλέχθησαν,
3318 3309 3404 3362 διὰ
3457 3309 3518 3362 τὸ
3558 3309 3692 3378 μετὰ
3722 3307 3979 3374 ὀξύτητος

2410 3407 2503 3461 καὶ
2533 3407 2691 3459 πόνου
2735 3403 3041 3472 ἐγγίνεσθαι
3075 3405 3139 3472 τῇ
3185 3401 3350 3472 ψυχῇ.
3392 3401 3547 3454 Κατὰ
3590 3401 3644 3454 δὲ
3675 3399 3774 3470 τὴν
3804 3397 3981 3452 τοιαύ-

2410 3517 2506 3568 την
2535 3498 2729 3570 ὁρμὴν,
2758 3499 2785 3550 6
2812 3495 3148 3568 περικρατὴς
3174 3493 3281 3545 τῶν
3314 3492 3560 3564 πονηρῶν
3591 3493 3663 3563 μὴ
3691 3492 3982 3561 γενόμενος

2415 3591 2792 3660 βουλευμάτων
2834 3586 3091 3640 συνέλαϐε
3121 3585 3280 3638 πόνον
3301 3602 3314 3616 ·
3356 3585 3450 3638 καὶ
3483 3587 3510 3638 6
3539 3584 3637 3654 τὴν
3665 3585 3721 3636 ἐν
3743 3585 3811 3653 τῇ
3843 3599 3981 3652 καρ-

2412 3683 2499 3752 δία
2531 3681 2722 3733 κακίαν
2749 3679 2836 3732 διὰ
2867 3678 2974 3730 τῶν
3004 3676 3252 3747 πονηρῶν
3278 3675 3527 3746 πράξεων
3555 3675 3826 3733 ἐκκαύσας
3868 3670 3978 3740 (86)

2413 3774 2564 3824 ἔτεκε
2610 3771 2708 3839 τὴν
2739 3769 2986 3837 ἀνομίαν.
3027 3769 3208 3818 Ἐοικε
3233 3767 3287 3816 δέ
3331 3765 3497 3817 ταῦτα
3524 3765 3697 3830 λέγειν
3735 3762 3982 3830 αἰσχυνό-

2415 3880 2570 3934 μενος
2611 3863 2702 3912 ἐπὶ
2742 3859 2817 3929 τῷ
2856 3859 3035 3926 πατὴρ
3083 3852 3220 3908 εἶναι
3260 3855 3444 3917 παιδὸς
3490 3854 3825 3924 παρανόμου.
3868 3854 3982 3908 θύκ

2411 3954 2563 4022 ἐμὸς,
2607 3951 2787 4020 φησιν,
2820 3952 2848 4002 6
2881 3950 3026 4010 παῖς,
3057 3945 3190 3998 ἀλλὰ
3236 3945 3327 3997 τοῦ
3364 3945 3567 4015 πατρὸς
3596 3944 3816 4011 γέγονεν
3846 3945 3978 4008 υἱὸς,

2412 4040 2454 4115 ᾧ
2494 4046 2580 4098 διὰ
2616 4044 2714 4113 τῆς
2757 4041 3027 4112 ἁμαρτίας
3069 4037 3252 4092 ἐαυτὸν
3293 4037 3621 4106 εἰσεποίησε.
3664 4036 3809 4088 Διύτι
3843 4038 3983 4090 κατὰ

2415 4140 2502 4192 τὸν
2538 4137 2808 4205 Ἰωάννην,
2853 4135 2912 4186 '0
2945 4131 3128 4186 ποιῶν
3166 4130 3280 4196 τὴν
3312 4129 3601 4198 ἁμαρτίαν
3627 4129 3694 4181 ἐκ
3722 4130 3829 4183 τοῦ
3867 4128 3982 4181 δια-

2417 4230 2597 4282 ϐώλου
2628 4226 2988 4296 γεγέννηται.
3028 4222 3156 4275 Ἰδοὺ
3183 4217 3274 4274 οὖν
3304 4221 3563 4291 ὠδίνησεν
3588 4221 3745 4273 αὑτὸν
3767 4221 3855 4273 διὰ
3885 4221 3981 4287 τῆς

757 4321 845 4366 tur
873 4327 996 4366 eum
1022 4313 1276 4381 parturiit
1301 4313 1546 4367 diabolus
1578 4329 1673 4382 per
1703 4315 2059 4385 iniquitatem,
2105 4329 2158 4372 et
2191 4334 2316 4374 con-
2351 4356 2392 4409 ο
2423 4321 2439 4372 c'

2301 4349 2316 4361 ο
2351 4356 2392 4409 D
2423 4319 2654 4379 ἀδικίας,
2691 4318 2781 4368 καὶ
2807 4314 3093 4366 συνέλαϐεν
3120 4313 3300 4374 αὑτὸν,
3335 4313 3492 4364 οἱονεὶ
3515 4315 3569 4363 ἐν
3594 4315 3702 4373 τοῖς
3730 4313 3982 4365 οἰκειοτά-

756 4405 896 4474 cepit
924 4406 1095 4476 ipsum
1133 4423 1148 4460 :
1184 4407 1284 4460 hoc
1307 4416 1408 4471 e5t,
1442 4406 1492 4460 in
1530 4407 1877 4474 penitissimis
1915 4410 1996 4463 sui
2039 4412 2208 4480 ipsius
2233 4425 2317 4465 re-

761 4499 1002 4553 cessibus
1035 4497 1304 4553 detentum
1344 4502 1443 4552 sub
1472 4499 1674 4554 viscera
1705 4501 1904 4569 proprii
1937 4499 2160 4556 all'ectus
2193 4519 2315 4572 pcr-

760 4590 942 4653 traxit,
969 4605 1031 4645 ac
1066 4605 1130 4644 eo
1151 4590 1419 4662 gravidus,
1463 4601 1571 4644 tum
1593 4593 1807 4645 demmn
1847 4593 2068 4662 peperit,
2097 4609 2220 4648 cum
2260 4595 2312 4647 in

759 4690 1002 4748 apertum
1030 4681 1171 4736 illius
1200 4682 1420 4749 protulit
1469 4682 1808 4746 iniquitatem
1845 4701 1857 4735 :
1896 4683 2159 4752 siquidem
2197 4685 2313 4752 ejus

756 4774 810 4826 in
841 4784 1043 4842 patrem
1072 4774 1292 4828 rebellio
1331 4776 1644 4828 denuntiata
1676 4776 1923 4829 omnibus
1950 4785 2030 4828 est
2061 4789 2154 4843 per
2184 4791 2317 4843 prm-

757 4877 966 4917 conem.
995 4861 1156 4917 Vens.
1189 4865 1273 4917 16.
1294 4863 1491 4916 Locum
1517 4865 1744 4930 aperuit,
1774 4875 1819 4916 et
1845 4865 2024 4933 eﬂodit
2049 4881 2184 4917 eum.
2209 4864 2316 4919 No-

766 4972 886 5010 men
929 4956 1077 5012 lacus
1128 4957 1180 5010 in
1218 4958 1411 5011 divinis
1463 4957 1757 5024 Scripturis
1794 4974 1895 5009 non
1949 4959 2228 5011 admodum
2260 4959 2312 5012 in

757 5047 952 5102 bonam
1004 5059 1206 5118 partem
1241 5049 1541 5102 invenimus
1575 5059 1890 5118 acceptum;
1950 5050 2088 5103 sicut
2143 5065 2313 5122 neque

836 5164 880 5196 τ’
910 5163 932 5218 1
965 5162 1119 5219 Joan.
1155 5179 1236 5223 tn.
1269 5164 1322 5220 8.

856 5258 945 5321 ει)
967 5256 1118 5310 Coll).
1140 5257 1570 5322 septimusliabet
1586 5256 1824 5327 πονηροῦ
1857 5273 1951 5324 pro
1968 5255 2234 5310 διαϐόλου.
2258 5255 2326 5307 11-

759 5327 874 5384 ".nd.
896 5327 1273 5395 ἐξειργάσατο,
1300 5329 1520 5379 deestin
1542 5329 1728 5380 editis:
1761 5329 1853 5380 sed
1889 5330 2127 5379 additum
2152 5338 2228 5379 est
2259 5343 2322 5378 ex

767 5399 938 5450 tribus
977 5412 1107 5450 mss.
1155 5396 1355 5451 Ibidem
1400 5398 1588 5465 legitur
1627 5400 1676 5449 in
1715 5398 1946 5450 editisvt
1976 5397 2026 5448 in
2057 5396 2327 5449 nonnullis

767 5482 895 5519 mss.
925 5465 1188 5536 ἐπιθυμία
1219 5485 1232 5521 :
1263 5467 1354 5520 sed
1379 5466 1572 5536 legitur
1604 5468 1654 5520 in
1679 5467 1863 5534 majori
1891 5477 2040 5533 parte
2064 5481 2191 5517 mss.
2213 5467 2328 5536 ἐπι-

765 5537 977 5604 θυμίαι.
1031 5535 1196 5590 Paulo
1248 5547 1368 5606 post
1401 5554 1531 5589 mss.
1569 5540 1806 5606 plerique
1842 5553 2027 5589 omnes
2069 5537 2119 5587 οἱ
2174 5535 2327 5588 ἁλλό-

765 5623 927 5677 aptet.
953 5606 1108 5677 Deest
1138 5607 1392 5677 articulus
1428 5608 1480 5659 in
1507 5609 1739 5677 excusis.

842 5675 949 5746 (85)
973 5675 1141 5730 Editio
1169 5676 1331 5730 Basil.
1361 5688 1413 5730 et
1442 5693 1534 5730 sex
1585 5675 1713 5729 inss.
1757 5676 1834 5729 sic
1866 5675 2062 5746 habent
2095 5691 2107 5727 :
2136 5674 2326 5746 ἐπειδὴ

769 5743 985 5816 πρῶτον
1002 5747 1294 5816 αἱκύουσαι
1325 5747 1773 5816 συλλαμϐάνουσι,
1805 5744 2108 5816 τελευταῖον
2130 5743 2184 5816 δέ
2207 5743 2326 5795 ὼδίε

768 5813 969 5878 νουσιν,
990 5813 1108 5870 εἶτα
1122 5819 1415 5872 τίκτουσιν.
1439 5813 1620 5871 Editio'
1637 5817 1807 5870 Paris.
1827 5825 1877 5868 et
1909 5814 2038 5883 Reg.
2063 5815 2253 5866 tertius
2271 5825 2327 5865 ut

772 5889 824 5941 in
864 5897 1033 5942 textu.
1066 5887 1204 5943 Infra
1248 5889 1373 5945 editi
1402 5897 1456 5944 et
1504 5887 1656 5955 Regii
1711 5887 1912 5956 primus
1943 5894 1997 5940 et
2031 5894 2215 5940 sextus
2251 5883 2323 5952 μὴ

2419 4428 2532 4472 τοις
2568 4407 2754 4461 ἑαυτοῦ
2797 4407 2903 4457 ὑπὸ
2934 4404 3001 4456 τὰ
3044 4405 3324 4473 σπλάγχνα
3365 4405 3462 4472 τῆς
3513 4404 3645 4465 ἰδίας
3695 4402 3983 4464 διαθέσεως

2422 4504 2592 4571 ἤγαγε
2627 4500 2719 4552 καὶ
2746 4499 3108 4566 ἐκυοφόρησεν
3139 4496 3299 4547 αὐτὸν
3337 4497 3364 4546 6
3396 4495 3635 4553 διάϐολος
3655 4511 3667 4523 ·
3705 4490 3823 4546 εἶτα
3882 4495 3985 4546 ἀπ-

2423 4593 2703 4660 εγέννησεν
2728 4587 2907 4649 αὐτὸν,
2930 4586 3136 4655 ἐκφανῆ
3154 4584 3250 4656 τὴν
3275 4584 3502 4654 ἀνομίαν
3528 4583 3687 4636 αὐτοῦ
3713 4585 3983 4651 καταστή-

2425 4700 2542 4744 σας,
2591 4681 2721 4733 διότι
2773 4679 2906 4730 πᾶσι
2954 4675 3339 4747 προεκηρύχθη
3387 4677 3419 4745 ἡ
3468 4676 3604 4727 κατὰ
3641 4675 3734 4726 τοῦ
3781 4676 3983 4746 πατρὸς

2419 4776 2802 4834 ἐπανάστασις.
2842 4769 3081 4824 Λάκκον
3113 4767 3322 4837 ὤρυξε,
3367 4766 3463 4820 καὶ
3501 4765 3852 4834 ἀνέσκαψεν
3878 4769 3982 4819 αὐ-

2419 4869 2543 4918 τόν.
2590 4866 2663 4918 Ού
2709 4863 2846 4916 πάνυ
2893 4862 2984 4913 ἐπὶ
3021 4858 3184 4913 καλοῦ
3235 4859 3554 4929 εὑρίσκομεν
3595 4856 3655 4908 τὸ
3688 4855 3856 4926 ὄνομα
3891 4856 3984 4908 τοῦ

2421 4957 2620 5009 λάκκου
2654 4955 2981 5023 τεταγμένον
3015 4955 3070 5005 ἐν
3108 4954 3224 5015 ταῖς
3255 4950 3425 5012 θείαις
3455 4949 3695 5019 Γραφαῖς
3716 4965 3728 4976 ⁸
3761 4947 3838 5011 ὡς
3867 4948 3986 5002 οὐδὲ

2424 5051 2482 5105 τὸ
2516 5051 2690 5121 φρέαρ
2720 5049 2907 5112 ὓδατος
2938 5047 3030 5100 ἐπὶ
3052 5047 3303 5118 χείρονος.
3337 5044 3548 5106 Δάκκος
3580 5042 3677 5112 μὲν
3703 5042 3811 5110 γάρ
3839 5045 3985 5095 ἐστιν

2429 5255 2737 5323 γενόμενος.
2767 5249 3031 5323 Particulo
3061 5250 3133 5318 μή
3162 5247 3405 5323 dee_st__in
3441 5243 3568 5323 aliis
3598 5253 3828 5323 quatuor
3855 5255 3980 5322 mss.

2503 5313 2612 5392 (δῦ)
2642 5313 2730 5374 Sic
2756 5322 2969 5392 codices
2991 5313 3213 5392 septeni.
3254 5315 3424 5392 Editio
3453 5313 3980 5392 νει-ἰεὶοιιεὶεξγκαύ-

2433 5380 2548 5456 σας.
2574 5380 2765 5446 Censet
2795 5392 2876 5442 vir
2912 5380 3100 5459 lingua:
3125 5387 3322 5459 Graecae
3336 5385 3728 5459 scientissimus
3756 5380 3984 5459 Cumbe-

2434 5451 2580 5517 Ιιείιιε
2611 5462 2884 5533 ἐγκυήσας
2927 5451 3012 5533 llic
3048 5457 3324 5524 legendum
3357 5468 3494 5533 esse.
3523 5453 3625 5533 ﬁed
3653 5451 3766 5530 ejus
3799 5451 3980 5533 conjleo

2431 5545 2632 5588 ('llll‘alll
2652 5521 2780 5583 'uon'
2807 5521 3226 5595 ερρυἱηιιιτξιιυῐι
3249 5527 3387 5592 quod
3411 5523 3708 5591 displiceat,
3746 5522 3852 5595 imo
3873 5521 3982 5595 pla-

2431 5615 2515 5656 rei
2554 5603 2803 5658 maxime.
2834 5589 2925 5652 sed
2960 5599 3100 5665 quod
3135 5589 3327 5670 iutilius
3359 5610 3458 5670 ms.
3493 5589 3808 5670 auctoritate
3839 5589 3976 5670 initi—

2433 5672 2912 5739 tatnr.’A|iqnanto
2943 5658 3264 5739 post_ed_itio
3295 5664 3465 5739 Paris.
3500 5658 3853 5739 utbcnéxslvou
3886 5658 3929 5720 ᾧ
3963 5673 3975 5707 :

2431 5746 2521 5796 scil
2556 5757 2680 5795 mss.
2705 5729 2891 5794 o'utues
2920 5729 3031 5798 υἱὸς
3063 5729 3124 5800 ᾧ,
3158 5735 3309 5787 bene.
3337 5732 3570 5786 Subinde
3612 5729 3740 5798 Reg.
3775 5729 3980 5797 primus

2429 5827 2478 5867 ct
2511 5813 2659 5868 Colb.
2688 5812 2944 5880 septimus
2972 5805 3215 5860 διαϐόλου
3241 5802 3522 5872 γεγένηται
