4260 6502
253 450 360 502 ἓὶθ

1423 440 1701 496 IIOMILIA
1743 441 1760 494 1
1805 440 1868 494 IN
1912 440 2232 495 PSALMUM
2276 441 2409 496 λιν.

3389 443 3492 498 250

257 566 336 625 εἰς
361 562 418 614 ὃν
448 560 647 630 ἐϐλήθη
693 559 795 610 ὑπὸ
833 556 939 610 τῶν
987 556 1228 626 ἀδελφῶν
1263 555 1424 608 αὑτοῦ
1471 557 1686 626 Ἰωσήφ.
1720 556 1828 607 Καὶ
1856 558 1939 624 Α(

1807 556 1828 606 ‘-.
1856 558 1907 618 Α
1934 566 2121 624 puteus
2151 572 2302 627 aquze
2329 557 2380 610 in
2417 555 2631 610 malam.
2661 556 2834 612 Lacus
2861 556 3002 610 enim
3028 564 3131 621 est,
3176 559 3228 611 in
3264 572 3422 626 quem
3461 575 3487 612 .1

255 655 345 707 ὅτε
377 654 705 706 πατάσσεται
747 649 858 718 (87)
906 648 1049 702 Ἀπὸ
1079 648 1451 716 πρωτοτόκου
1486 646 1692 714 Φαραὼ
1717 645 1827 712 ἕως

255 747 631 815 πρωτοτόκου
664 742 772 810 τῆς
801 740 1230 810 αἱχμαλώτιὸος
1259 739 1366 806 τῆς
1398 741 1467 792 ἐν
1497 738 1576 804 τῷ
1600 738 1822 806 λάκκῳ.

258 841 369 893 Καὶ
411 841 468 890 ἐν
509 839 620 899 τοῖς
657 834 938 905 Ψαλμοῖς’
981 834 1474 901 Προσελογίσθην
1515 834 1664 902 μετὰ
1709 831 1828 884 τῶν

259 929 734 983 καταϐαινόντων
782 927 867 990 εἰς
907 923 1153 978 λάκκον.
1200 924 1309 976 Καὶ
1345 926 1403 976 ὲν
1452 924 1528 994 τῷ
1591 923 1825 995 Ἱερεμίᾳ

259 1023 452 1094 φησίν·
499 1018 636 1090 Ἐμὲ
673 1016 1062 1088 ἐγκατέλιπον
1101 1016 1304 1086 πηγὴν
1343 1017 1556 1082 ὕδατος
1590 1015 1820 1081 ζῶντος,

255 1113 353 1165 καὶ
385 1110 623 1179 ὤρυξαν
669 1105 902 1173 ἑαυτοῖς
946 1107 1214 1174 λάκκους
1263 1108 1819 1177 συντετριμμένους,

254 1205 312 1256 οἳ
340 1206 411 1256 οὺ
437 1201 801 1268 δυνήσονται
841 1198 995 1266 ὕδωρ
1035 1199 1144 1270 (88)
1179 1199 1476 1268 συνέχειν.
1533 1199 1690 1251 Ἀλλὰ
1732 1202 1823 1252 καὶ

253 1297 312 1347 ὲν
348 1294 423 1365 τῷ
452 1293 646 1364 Δανιὴλ
674 1292 872 1354 λάκκος
904 1291 1130 1345 λεόντων
1167 1292 1607 1360 ἀναγέγραπται,
1655 1295 1734 1354 εἰς
1764 1293 1822 1344 ὃν

255 1386 504 1455 ρίπτεται
538 1383 749 1453 Δανιὴλ.
781 1382 961 1454 Φρέαρ
988 1382 1044 1435 δὲ
1087 1381 1306 1452 όρύσσει
1344 1380 1625 1450 Ἀϐραάμ·
1655 1382 1749 1434 καὶ
1774 1383 1822 1434 οἱ

253 1478 441 1541 παῖδες
465 1476 558 1528 τοῦ
597 1475 778 1528 Ἰσαάκ
798 1491 810 1503 ·
842 1475 934 1527 καὶ
955 1476 1045 1526 ἐπὶ
1072 1473 1244 1544 φρέαρ
1274 1471 1503 1538 ἐξελθὼν
1525 1474 1825 1526 ἀνεπαύετο

253 1570 511 1638 Μωῡσῆς.
544 1568 650 1619 Καὶ
675 1565 892 1637 ἐντολὴν
923 1565 1268 1636 λαμϐάνομεν
1299 1565 1406 1618 ἀπὸ
1434 1565 1527 1618 τοῦ
1551 1566 1825 1636 Σολομῶν-

252 1679 339 1723 τος
389 1660 562 1713 πίνειν
613 1658 782 1712 ὕδατα
831 1659 936 1711 ἀπὸ
990 1657 1270 1728 ἡμετέρων
1321 1657 1557 1725 ἀγγείων
1592 1659 1685 1711 καὶ
1718 1661 1825 1712 ἀπὸ

252 1751 534 1822 ἡμετέρων
583 1753 831 1822 φρεάτων
884 1751 1084 1820 πηγῆς.
1126 1751 1234 1804 Καὶ
1267 1752 1293 1804 ὁ
1326 1751 1516 1821 Σωτὴρ
1559 1753 1706 1822 παρά
1747 1753 1825 1822 τῷ

251 1841 447 1912 φρέατι
477 1846 542 1914 τῇ
586 1843 935 1914 Σαμαρείτιδι
967 1842 1094 1912 περὶ
1125 1840 1284 1895 θείων
1317 1843 1625 1914 μυστηρίων
1655 1843 1826 1896 διαλέ-

1930 650 2043 704 suis
2074 649 2338 703 fratribus
2361 648 2637 716 coniectus
2671 662 2753 703 est
2783 648 2999 718 Josepli.
3045 649 3105 702 Et
3158 664 3278 702 cum
3316 651 3491 706 caedes

1931 739 2072 792 facta
2108 749 2188 792 est
2220 741 2261 792 Α
2314 741 2656 808 primogenita
2690 738 3009 803 Pharaonis,
3045 755 3208 808 usque
3261 741 3329 792 ad
3379 741 3481 807 pri-

1929 831 2240 894 mogenitum
2276 831 2492 896 captiva:
2523 844 2638 897 qua
2667 830 2717 880 in
2752 830 2873 881 lacu
2901 829 2964 881 ⁷³.
2997 827 3061 882 Ει
3111 818 3195 884 ἰιι’
3218 829 3443 883 Psalmis
3474 846 3487 882 :

1929 922 2246 976 zEstimatus
2268 937 2381 974 sum
2400 937 2513 973 cum
2542 921 2966 974 descendentibus
2986 922 3038 973 in
3070 921 3317 974 locum“.
3343 920 3406 975 Et
3435 921 3488 974 itt

1927 1013 2157 1069 Jeremia
2195 1031 2208 1068 :
2239 1013 2324 1067 Me
2353 1014 2542 1080 fontem
2586 1029 2735 1085 aqua:
2769 1014 2912 1073 υἰυιυ,
2943 1013 3150 1080 inquit,
3198 1013 3487 1082 derelique-

1929 1117 2072 1170 runt,
2103 1116 2150 1159 et
2183 1105 2431 1174 foderunt
2459 1105 2554 1157 sibi
2603 1105 2745 1158 lacus
2776 1105 3046 1166 contritas,
3085 1105 3175 1173 qui
3217 1121 3316 1157 non
3342 1115 3486 1171 pote-

1928 1205 2046 1249 runt
2087 1197 2351 1248 continere
2384 1211 2571 1263 aquam
2595 1194 2662 1248 ’³.
2691 1197 2864 1262 Atque
2891 1191 3052 1244 etiam
3082 1194 3133 1245 in
3165 1191 3382 1246 Daniele
3415 1192 3488 1244 la-

1926 1303 2020 1342 cus
2050 1288 2261 1340 leonum
2299 1286 2601 1353 descriptus
2623 1293 2724 1349 est,
2752 1286 2804 1338 in
2842 1299 2999 1352 quem
3033 1283 3281 1352 dejicitur
3304 1284 3486 1338 Daniel

1929 1381 2062 1446 ipse.
2096 1379 2318 1432 Pntcum
2349 1389 2526 1430 autem
2561 1375 2746 1431 eﬂodit
2798 1376 3076 1429 Abraham
3111 1393 3124 1429 :
3185 1376 3307 1429 item
3338 1376 3486 1444 pueri

1929 1470 2074 1523 Isaac
2111 1488 2124 1521 :
2161 1479 2214 1522 et
2259 1469 2322 1523 ad
2367 1476 2579 1537 puteum
2626 1481 2941 1538 progressus
2981 1469 3346 1536 requiesccbat
3375 1467 3488 1523 Mo-

1927 1577 2033 1616 ses.
2068 1559 2132 1614 Et
2161 1558 2412 1628 iubemur
2463 1575 2490 1612 a
2524 1558 2808 1613 Salomone
2839 1573 3029 1626 aquam
3069 1553 3252 1612 biliere
3281 1576 3345 1612 ex
3392 1576 3490 1612 no-

1927 1655 2054 1707 stris
2077 1654 2306 1713 vasis,et
2333 1667 2396 1705 ex
2447 1661 2725 1720 puteorum
2753 1661 3057 1703 nostrorum
3087 1648 3230 1703 fonte
3253 1651 3319 1706 ⁷⁸.
3351 1651 3492 1717 Quin

1928 1744 2090 1796 etiam
2128 1741 2376 1795 Salvator
2405 1742 2686 1810 ipsejuxta
2721 1749 2936 1809 puteum
2983 1756 3104 1794 cum
3149 1741 3487 1796 Samaritana

1929 1837 1994 1888 de
2023 1835 2222 1886 divinis
2248 1834 2522 1902 mysteriis
2553 1833 2789 1886 disserit.
2819 1834 3046 1886 Causam
3079 1848 3204 1886 Vero
3227 1849 3325 1886 cur
3349 1833 3494 1888 lacus

248 1949 425 2000 γεται.
464 1934 572 2004 Τὴν
598 1935 653 1987 δὲ
679 1934 857 1986 αἰτίαν
885 1933 978 1986 τοῦ
1012 1933 1106 1984 ἐπὶ
1140 1933 1397 2004 χειρόνων
1427 1933 1525 2004 μὲν
1552 1935 1675 1996 τοὺς
1698 1935 1827 1987 λάκ-
1860 1913 1899 1965 Β

1814 1965 1827 1973 .
1860 1913 1899 1965 Β
1931 1925 1980 1979 in
2011 1926 2180 1993 pejus,
2211 1925 2356 1993 putei
2382 1940 2510 1980 vero
2548 1924 2598 1976 in
2626 1924 2814 1978 melius
2847 1935 3197 1993 usurpentur,
3219 1926 3354 1979 lianc
3377 1942 3496 1982 esse

249 2041 380 2089 κους
423 2026 700 2096 τετάχθαι,
734 2026 829 2078 ἐπὶ
868 2026 1192 2096 κρειττόνων
1219 2025 1275 2077 δὲ
1305 2025 1372 2077 τὰ
1411 2025 1640 2095 φρέατα,
1672 2027 1826 2096 νομί-

249 2117 414 2187 ζομεν
447 2118 644 2187 ταύτην
685 2118 949 2189 ὑπάρχειν
971 2134 984 2146 ⁸
1014 2117 1300 2188 ἐπίκτητον
1331 2117 1391 2170 τὸ
1433 2115 1575 2187 ὕδωρ
1612 2119 1671 2169 ὲν
1717 2121 1827 2181 τοϊς

248 2202 492 2265 λάκκοις,
521 2205 715 2255 πῖπτον
748 2203 804 2269 ἐξ
832 2202 1059 2275 οὐρανοῦ
1077 2219 1089 2231 °
1123 2204 1178 2254 ὲν
1203 2201 1257 2254 δὲ
1277 2205 1388 2265 τοῖς
1414 2202 1608 2272 φρέασι
1635 2202 1828 2270 φλέϐες

251 2288 461 2340 ὑδάτων
497 2287 858 2358 κεχωσμέναι,
914 2287 1042 2357 πρὶν
1092 2286 1384 2358 ὀρυχθῆναι
1436 2288 1562 2348 τοὺς
1607 2285 1823 2346 τόπους,

251 2380 643 2452 φανεροῦνται,
694 2379 1150 2451 περιαιρεθέντων
1195 2379 1302 2430 τῶν
1351 2376 1826 2429 ὲπικαλυπτόντων

249 2473 538 2542 χωμάτων,
577 2473 668 2524 καὶ
705 2471 1025 2540 οἱασδήποτε
1059 2469 1244 2530 οὐσίας
1287 2466 1659 2536 ἐπικειμένης,
1705 2467 1828 2536 ἣτις

248 2563 402 2614 πᾶσά
429 2565 542 2614 ἐστι
569 2565 658 2632 γῆ.
690 2565 798 2614 Καὶ
824 2564 880 2612 ὲν
909 2563 1029 2623 ταῖς
1053 2559 1249 2628 ψυχαῖς
1278 2559 1454 2611 τοίνυν
1488 2559 1634 2611 ἐστὶν
1666 2561 1826 2613 οἱονεὶ

247 2656 487 2724 ὄρυγμα,
534 2656 590 2706 ὲν
637 2648 723 2715 αἷς
757 2653 1090 2704 καταπίπτει
1129 2650 1199 2703 τὰ
1237 2649 1520 2721 κρείττονα
1554 2650 1824 2720 μεταϐάλ-

248 2746 409 2798 λοντα
451 2746 544 2798 καὶ
578 2745 1135 2815 παραχαραττὸμενα,
1166 2744 1253 2796 ὅτε
1296 2761 1376 2807 τις
1415 2743 1512 2806 τὰς
1556 2744 1684 2815 περὶ
1719 2744 1826 2796 τῶν

250 2836 433 2890 καλῶν
471 2838 677 2899 ἐννοίας
725 2836 993 2900 πεσούσας
1037 2837 1116 2899 είς
1167 2836 1327 2888 αὑτὸν
1368 2837 1592 2906 τρέπει,
1627 2835 1719 2887 ἐπὶ
1766 2835 1827 2886 τὸ

249 2930 683 3002 κακουργότερον
726 2929 894 2992 αὑτὰς
927 2928 1290 2999 διαστρέφων,
1329 2928 1422 2979 καὶ
1452 2927 1543 2978 ἐπὶ
1574 2925 1642 2978 τὰ
1674 2927 1826 2978 ὲναν-

246 3019 340 3073 τία
363 3023 428 3091 τῇ
453 3020 697 3091 ἀληθείᾳ,
726 3020 875 3072 οὐδὲν
897 3021 1092 3071 οἰκεῖον
1121 3017 1542 3087 βεϐουλευμένος
1566 3017 1708 3087 ἔχειν
1731 3010 1825 3071 κᾶ-

246 3111 355 3165 λόν.
397 3113 504 3164 Καὶ
554 3113 711 3164 πάλιν
765 3110 998 3180 φρέατα,
1039 3111 1146 3174 ὅτε,
1207 3107 1662 3181 περιαιρεθέντων
1712 3110 1823 3179 (89)

243 3203 355 3255 τῶν
395 3203 868 3258 ὲπικαλυπτόντων
907 3203 1186 3274 χειρόνων,
1235 3202 1546 3272 ἀναλάμπει
1577 3202 1693 3270 φῶς
1733 3204 1823 3256 καὶ

245 3295 399 3364 πηγὴ
429 3294 614 3358 ὓδατος
641 3296 698 3348 ἐν
725 3295 866 3366 λόγῳ
892 3299 984 3349 καὶ
1010 3297 1237 3367 δόγμασι
1264 3296 1513 3366 ποτίμου.
1540 3297 1639 3346 Διὰ
1665 3295 1822 3348 τοῦτο

243 3385 474 3440 ἕκαστον
505 3387 679 3457 ἑαυτῴ
715 3388 892 3458 φρέαρ
929 3389 1331 3440 κατασκευάσαι
1369 3389 1684 3455 ἀναγκαῖον,
1734 3387 1819 3439 ἵνα

242 3479 456 3549 τηρήσῃ
504 3477 600 3549 τὴν
653 3480 1055 3549 προειρημένην
1111 3480 1330 3549 ἐντολὴν
1381 3479 1478 3549 τὴν
1527 3480 1819 3548 λέγουσανσ

243 3572 390 3623 Πίνε
421 3569 605 3624 ὕδατα
631 3571 748 3625 ἀπὸ
782 3567 910 3623 σῶν
930 3571 1200 3641 ἀγγείων,
1236 3569 1332 3622 καὶ
1360 3569 1477 3623 ἀπὸ
1505 3568 1633 3623 σῶν
1653 3569 1820 3639 φρεά-

241 3679 362 3715 των
388 3661 602 3732 πηγῆς.
637 3663 792 3716 Οὕτω
813 3662 921 3732 γὰρ
947 3663 1353 3733 χρηματίσομεν
1380 3661 1544 3714 τέκνα
1567 3660 1673 3713 τῶν
1697 3662 1820 3732 ὀρυ-

243 3753 450 3820 ξάντων
477 3754 546 3805 τὰ
573 3756 802 3825 φρέατα,
849 3755 1098 3824 Ἀϐρααμ
1126 3755 1219 3807 καὶ
1261 3754 1442 3806 Ἰσαὰκ
1469 3754 1561 3807 καὶ
1606 3755 1816 3807 Ἰακώϐ.

240 3845 456 3898 Λάκκου
485 3845 541 3896 δὲ
575 3846 635 3897 οὐ
679 3846 928 3916 ποιητέον
951 3885 965 3909 ,
996 3845 1080 3898 ἵνα
1116 3845 1191 3914 μὴ
1223 3845 1553 3914 ἐμπέσωμεν
1599 3845 1708 3915 (90)
1740 3847 1818 3908 εἰς

238 3937 302 3990 τὸ
342 3937 576 4008 ὄρυγμα,
611 3937 750 3990 κατὰ
779 3937 837 3989 τὸ
863 3936 1047 3990 ἐνθάδε
1079 3937 1387 4007 εἰρημένον,
1419 3936 1551 4006 μηδὲ
1576 3937 1820 3990 ἀκουσωο

240 4048 341 4103 μεν
377 4033 444 4083 τὰ
475 4033 531 4084 ἐν
565 4032 642 4102 τῷ
692 4031 930 4102 Ἱερεμίᾳ
974 4033 1058 4084 ἐπ’
1091 4029 1378 4100 ὀνειδισμῷ
1422 4030 1529 4082 τῶν
1569 4031 1816 4101 ἁμαρτα-

235 4125 434 4178 νόντων
461 4124 944 4196 ἀναγεγραμμένα,
977 4123 1067 4178 τοῦ
1110 4123 1244 4177 Θεοῦ
1277 4124 1521 4192 λέγοντος
1551 4124 1679 4194 περὶ
1716 4125 1815 4177 αὑ-

234 4218 342 4270 τῶν
372 4217 405 4270 ἂ
439 4219 532 4271 καὶ
566 4220 671 4290 πρὸ
711 4217 956 4290 βραχέως
996 4217 1348 4289 παρεθέμεθα
1370 4235 1382 4246 ·
1424 4215 1560 4285 Ἐμὲ
1581 4215 1817 4284 ἐγκατέ-

1927 2017 2340 2079 existimamus;
2374 2016 2518 2084 quod
2549 2031 2684 2085 aqua
2732 2016 2782 2069 in
2823 2016 3045 2070 lacubus
3078 2017 3149 2071 sit
3176 2018 3491 2079 adventitia.

1929 2107 2126 2175 quippe
2156 2122 2274 2174 quae
2301 2123 2330 2160 e
2359 2106 2496 2161 caelo
2529 2107 2684 2160 cadat
2718 2125 2730 2160 :
2767 2109 2817 2160 in
2861 2108 3035 2177 puteis
3065 2122 3192 2162 vero
3230 2123 3491 2176 aquarum

1931 2209 2098 2258 vente,
2132 2205 2418 2263 antequam
2451 2194 2563 2248 loca
2581 2193 2923 2260 eﬂ‘odiantur,
2952 2209 3173 2268 aggesta
3208 2199 3371 2252 humo
3397 2202 3496 2253 ob-

1931 2298 2082 2348 ruta},
2112 2285 2224 2355 jam
2259 2301 2318 2339 se
2358 2287 2604 2354 prodant,
2641 2287 2683 2340 si
2719 2290 2874 2340 modo
2909 2303 3133 2359 aggeres
3179 2305 3274 2344 eas
3307 2300 3491 2360 tegen-

1930 2387 2029 2441 tes,
2081 2389 2172 2431 aut
2230 2379 2330 2432 alia
2377 2381 2580 2449 quaavis
2635 2381 2950 2436 incumbens
2977 2383 3316 2450 substantia,
3375 2399 3498 2454 quas

1930 2471 2157 2540 ipsamet
2198 2483 2304 2525 tota
2349 2481 2494 2526 terra
2538 2481 2640 2538 est,
2665 2472 3103 2527 submoveantur.
3136 2473 3201 2527 Et
3235 2489 3363 2530 vero
3399 2490 3492 2531 ve-

1929 2560 2022 2614 luti
2061 2560 2200 2615 fossa
2227 2572 2308 2616 est
2338 2563 2388 2616 in
2428 2563 2734 2628 animabus,
2766 2565 2816 2617 in
2843 2581 2978 2634 quas
3008 2565 3208 2620 cadunt
3243 2568 3444 2636 optima
3473 2609 3490 2636 ,

1929 2666 2046 2719 qua:
2069 2662 2344 2706 mutantur
2369 2663 2422 2708 et
2465 2655 2864 2720 adulterantur,
2902 2669 3034 2724 tum,
3060 2673 3179 2711 cum
3226 2662 3491 2728 quispiam

1929 2743 2139 2797 honesti
2169 2746 2412 2813 rectique
2436 2747 2790 2813 COgitationes
2819 2749 2919 2801 sibi
2950 2749 3167 2818 illapsas
3203 2752 3373 2819 pellit,
3400 2768 3494 2809 eas

1927 2836 1992 2888 ad
2017 2836 2219 2904 pejora,
2245 2847 2298 2890 et
2327 2837 2393 2890 ad
2433 2851 2494 2891 ea
2520 2853 2638 2907 qua:
2660 2840 2872 2894 veritati
2899 2841 3274 2907 adversantur,
3307 2846 3496 2900 distor-

1927 2939 2099 2992 quens
2126 2943 2139 2978 :
2173 2926 2368 2998 quippe
2395 2928 2597 2982 nullum
2627 2931 2824 2984 bonum
2850 2931 3112 2988 familiare
3138 2950 3200 2987 ac
3221 2937 3492 3006 proprium

1929 3015 2129 3072 habere
2159 3021 2365 3074 statuit.
2407 3021 2632 3079 Contra.
2675 3023 2819 3091 putei
2856 3032 2981 3077 sunt
3029 3025 3078 3077 in
3129 3028 3336 3092 anima,
3369 3045 3491 3084 cum

1930 3111 2044 3175 lux,
2079 3112 2224 3166 vitiis
2255 3127 2371 3177 qum
2400 3111 2713 3180 integebant
2749 3113 2965 3180 ablatis,
3016 3113 3254 3185 atl’ulget,
3288 3128 3341 3172 et
3373 3118 3491 3176 fons

1930 3219 2082 3274 aqua:
2111 3218 2229 3271 qua:
2262 3219 2354 3271 per
2382 3218 2686 3257 sermonem
2712 3213 2768 3257 et
2797 3205 3044 3274 dogmata
3078 3209 3223 3276 potui
3253 3209 3368 3263 dari
3394 3225 3489 3280 po-

1931 3308 2051 3352 test.
2085 3296 2427 3365 Quapropter
2447 3299 2836 3366 estunicniqne
2869 3315 3111 3364 necesse,
3139 3303 3240 3356 sibi
3275 3315 3491 3371 puteum

1930 3403 2262 3457 praeparare,
2300 3399 2356 3441 ut
2395 3391 2706 3442 mandatum
2740 3402 3092 3444 memoratum
3126 3403 3322 3457 servet,
3384 3409 3491 3463 quc

1927 3479 2124 3531 dicitur
2152 3495 2166 3530 :
2194 3477 2322 3532 Bibe
2356 3495 2519 3544 aquas
2554 3481 2617 3532 de
2661 3481 2765 3531 tuis
2812 3482 2970 3543 rasis,
3021 3492 3067 3534 et
3109 3481 3172 3534 de
3219 3494 3493 3549 puteorum

1925 3583 2132 3622 tuorum
2158 3569 2301 3636 {ante
2348 3571 2415 3623 ⁷⁷.
2459 3570 2549 3624 Sic
2603 3570 2744 3623 etim
2787 3574 2934 3638 prius
2967 3573 3360 3642 appellabimur
3398 3576 3494 3632 ﬁlii

1926 3671 2112 3730 puteos
2160 3660 2561 3722 etiodientium.
2614 3662 2866 3730 Abrahae,
2909 3674 2962 3719 et
3002 3666 3169 3728 Isaac.
3207 3676 3260 3720 ct
3301 3666 3489 3724 Jacob.

1923 3752 2100 3807 Lacus
2127 3762 2302 3808 autem
2337 3753 2616 3810 faciendus
2647 3772 2749 3811 non
2780 3765 2880 3820 est,
2918 3772 2983 3812 ne
3033 3759 3083 3811 in
3127 3759 3322 3813 fossam
3360 3763 3496 3816 inci-

1923 3849 2111 3901 damus
2147 3849 2240 3914 ita,
2276 3860 2331 3901 ut
2360 3850 2446 3902 hic
2473 3851 2687 3912 dicitur,
2727 3864 2859 3902 neve
2891 3851 3173 3905 audiamus
3199 3868 3262 3907 ea
3294 3856 3486 3922 qutein

1920 3934 2149 3991 Jeremia
2176 3939 2226 3990 in
2253 3946 2592 4005 peccatorum
2643 3940 2900 4007 probrum
2939 3950 2994 3994 ct
3021 3941 3252 3996 dedecus
3289 3946 3491 4015 scripta

1921 4042 2068 4094 sunt,
2108 4032 2215 4084 Deo
2236 4031 2302 4084 de
2326 4031 2454 4098 ipsis
2481 4032 2696 4087 dicente
2735 4035 2877 4101 quod
2921 4033 3082 4103 paulo
3125 4047 3250 4090 ante
3307 4039 3492 4092 retuli-

1924 4141 2042 4178 ntus
2077 4142 2088 4177 :
2129 4121 2215 4176 Me
2249 4125 2446 4191 [ontent
2477 4141 2624 4192 aqua:
2659 4125 2781 4178 t'ivw
2810 4127 3218 4196 dereliquerunt.
3261 4139 3307 4180 et
3337 4129 3487 4196 fode-

1923 4224 2041 4267 runt
2072 4215 2169 4266 sibi
2210 4213 2355 4268 lacus
2378 4219 2651 4280 contritas,
2675 4218 2762 4285 qui
2794 4231 2895 4268 non
2927 4227 3168 4284 poterunt
3207 4218 3337 4286 ipsis
3362 4234 3489 4272 con-

233 4313 415 4362 λιστον
445 4311 646 4380 πηγὴν
673 4311 889 4376 ὕδατος
923 4309 1160 4376 ζῶντος,
1198 4310 1293 4363 καὶ
1323 4308 1562 4377 ὤρυξαν
1582 4306 1814 4371 ἑαυτοῖς
1851 4301 1895 4356 D

639 4330 646 4343 υ
673 4311 889 4376 ὕδατος
923 4309 1160 4376 ζῶντος,
1198 4310 1293 4363 καὶ
1323 4308 1562 4377 ὤρυξαν
1582 4306 1814 4371 ἑαυτοῖς
1851 4301 1895 4356 D
1925 4307 2088 4359 tinere
2113 4323 2321 4376 nquam.

231 4399 502 4467 λάκκους
559 4403 1124 4472 συντετριμμένους,
1185 4403 1240 4455 οἳ
1305 4404 1375 4455 οὐ
1432 4401 1806 4469 δυνήσονται
1845 4399 1999 4468 ὕδωρ
2037 4402 2241 4466 αὐτοῖς
2280 4402 2582 4471 συνέχειν.

648 4605 755 4656 ΕΙΣ
793 4606 928 4658 TUN
969 4605 1044 4657 ΙΔ¹
1072 4605 1391 4658 ΨΑΛΜΟΝ.

231 4701 430 4767 Κύριε,
463 4698 552 4764 τίς
594 4699 948 4764 παροικήσει
989 4700 1057 4752 ὲν
1085 4697 1165 4762 τῷ
1217 4695 1565 4766 σκηνώματι
1590 4713 1726 4759 σου,
1764 4696 1801 4762 ἢ

409 4771 498 4834 τίς
528 4769 982 4835 κατασκηνώσει
1015 4771 1085 4822 ἐν
1122 4769 1242 4836 ὄρει
1272 4769 1416 4836 ἁγίῳ
1441 4785 1556 4821 σου
1583 4783 1600 4830 ;

305 4861 354 4914 1.
396 4861 498 4913 Τὸν
544 4862 748 4915 τέλειον
782 4863 911 4932 ἡμῖν
958 4865 986 4915 ὁ
1017 4862 1172 4930 λόγος
1206 4859 1516 4931 ὑπογράψαι
1548 4857 1806 4927 βουλόμε-

324 4973 370 5004 ⁷³
409 4973 574 5029 Exod.
609 4991 682 5028 xu
712 5015 727 5039 ,
772 4973 862 5029 29.

300 5095 411 5167 (877)
444 5093 549 5146 Καὶ
577 5091 676 5144 ὅτε
696 5093 1091 5167 πξατάσσεται.
1137 5089 1248 5142 lloc
1283 5088 1636 5167 lorocllipsls
1687 5097 1789 5140 est.

225 5157 429 5232 Supple
463 5178 643 5216 νοοειιι
677 5165 978 5232 ᾼίγυπτος,
1003 5171 1051 5215 et
1077 5177 1194 5212 cum
1219 5161 1508 5228 percutitur
1538 5157 1804 5226 Aigyptus

223 5253 256 5288 a
289 5231 629 5302 primogenita
665 5231 980 5286 Pharaonis.

298 5305 408 5373 (88)
442 5296 734 5356 Colbertini
775 5314 1012 5373 quartus
1039 5311 1094 5356 et
1134 5298 1392 5373 septimus
1423 5299 1607 5373 αὐτοῖς
1634 5296 1798 5373 ὕδωρ.

228 5369 335 5429 Sed
356 5369 455 5424 vox
476 5373 659 5438 αὐτοῖς
679 5390 780 5427 non
797 5369 860 5424 in
881 5371 1019 5424 LXX
1040 5373 1234 5433 solum,
1256 5369 1345 5422 sed
1373 5369 1538 5420 etiam
1567 5372 1617 5420 in
1642 5369 1800 5420 editis

223 5458 276 5500 et
303 5447 352 5498 in
383 5443 501 5495 aliis
533 5461 664 5496 mss.
696 5446 863 5497 deest.
887 5441 1047 5494 Paulo
1067 5453 1184 5509 post
1213 5439 1366 5494 Coll).
1395 5448 1618 5506 quartus
1652 5439 1800 5508 ἔρρι-

222 5531 378 5568 πται.
407 5513 643 5568 Subinde
676 5515 812 5566 idem
841 5511 1003 5566 codex
1036 5511 1372 5581 ὀρύσσουσιν.

941 4974 987 5004 ⁷⁸
1017 4974 1156 5027 Psal.
1188 4989 1433 5040 Lxxxvn,
1453 4972 1504 5026 5.

1582 4971 1633 5002 ’⁵
1653 4970 1854 5025 Jcrem.
1881 4988 1938 5037 tt,
1969 4974 2054 5028 15.

2310 4600 2371 4652 lN
2412 4598 2736 4655 PSALMUM
2791 4599 2903 4655 xrv
2949 4601 3045 4672 (α).

1913 4691 2152 4754 Domine,
2185 4693 2298 4760 quis
2344 4693 2757 4760 peregrinabitur
2783 4695 2838 4748 in
2883 4695 3220 4750 tabernaculo
3261 4709 3366 4761 tuo,
3393 4708 3486 4753 aut

2086 4779 2202 4832 quis
2243 4766 2518 4830 requiescet
2541 4765 2650 4833 (91)
2692 4768 2743 4818 in
2780 4779 2949 4818 monte
2981 4770 3314 4820 sanctotuo?

1986 4859 2037 4912 1.
2069 4859 2368 4930 Scriptura,
2399 4861 2522 4914 dum
2555 4863 2724 4916 virum
2756 4863 3051 4930 perfectum
3099 4864 3252 4918 nobis
3277 4865 3485 4920 descri-

2135 4973 2180 5004 ⁷⁶
2210 4971 2371 5028 Prov.
2410 4972 2568 5032 v.15.
2647 4975 2690 5004 "
2728 4975 2858 5029 ibid.

1976 5086 2086 5162 {89)
2123 5086 2248 5140 Mss.
2291 5089 2528 5158 quinque
2575 5088 2756 5162 καλόν·
2789 5091 2882 5143 καὶ
2919 5089 3101 5159 ἔτερα,
3136 5090 3248 5153 ὅτε,
3274 5111 3487 5162 περιαι-

1907 5157 2190 5228 ρεθέντων.
2223 5162 2286 5211 At
2311 5157 2592 5213 lectionem
2627 5161 2778 5214 Cullt.
2804 5163 2978 5228 quarti
3016 5157 3375 5226 ‘prtetttlimns.
3428 5178 3484 5218 et

1906 5229 2196 5349 egittirnm.
2228 5229 2368 5283 Infra
2403 5247 2530 5284 mss.
2559 5231 2626 5282 τὰ
2659 5231 2886 5298 φρέατα.
2926 5229 3087 5284 Deest
3131 5238 3388 5288 articulus
3428 5253 3481 5289 tn

1906 5312 1935 5350 e
1978 5308 2086 5350 Itis.

1975 5366 2086 5434 (90)
2122 5368 2248 5422 Mss.
2292 5369 2396 5421 duo
2443 5370 2861 5439 καταπέσωμεν.
2914 5370 3013 5424 Alii
3049 5383 3159 5427 tres
3199 5372 3476 5432 πέσωμεν.

1902 5435 2101 5512 Neeita
2133 5439 2305 5512 multo
2331 5451 2449 5506 post
2474 5457 2603 5512 tttsS.
2631 5435 2833 5508 aliquot
2861 5441 2889 5495 ὃ
2923 5444 3015 5496 καὶ
3044 5445 3167 5512 πρό.

1975 5509 2087 5578 (91)
2132 5509 2354 5576 Vulgata
2411 5511 2688 5564 habitabit.
2737 5509 3481 5583 Augustinusperegrinubi-

283 5629 463 5696 (_a)__l_)_e
485 5629 574 5696 hac
601 5625 1229 5696 hominm-qua:furensque
1257 5631 1481 5696 tanquam
1515 5625 1784 5696 fupposita
1809 5625 1856 5696 in
1879 5622 2169 5696 Appendice
2201 5625 2476 5696 legebatur.
2504 5628 2607 5696 haec
2631 5626 2779 5696 habet
2805 5631 2930 5696 Aug”.
2964 5628 3086 5696 Mar.
3114 5631 3384 5681 Bandinius
3403 5633 3476 5696 [ad

219 5683 482 5744 cad.'Vlll.
507 5690 628 5752 plut.
662 5690 738 5746 IV,
765 5683 872 5743 t.'l,'
893 5702 937 5747 p.
966 5687 1102 5753 ῖ¹5ῒ52ς⁸
1125 5683 1248 5753 «Ἐκ
1271 5683 1424 5753 nostri
1446 5683 1969 5753 codicts’antiquitate.’
1990 5689 2174 5753 saeculo
2204 5683 2672 5753 Xifconscriptitqui
2705 5693 2830 5738 forte
2871 5683 3014 5739 a'licui
3056 5692 3333 5743 Graecorum
3372 5683 3476 5745 nio;

219 5757 441 5801 nasterto
576 5743 745 5800 eorum
769 5743 1041 5809 temporum
1074 5747 1268 5809 liturgia
1296 5743 1612 5813 inserviebat.
1635 5743 1784 5807 argui
1799 5755 1966 5808 posset
1990 5749 2237 5796 homiliam
2254 5749 2384 5813 hanc
2411 5743 2526 5799 ante
2554 5743 2675 5799 illud
2698 5761 2891 5813 tempus
2915 5755 3062 5802 etiam
3098 5759 3149 5804 δ.
3186 5757 3362 5806 Basilio
3389 5743 3475 5806 ati-

215 5807 673 5875 Jndicatam't‘uisse.
700 5815 846 5872 eique
872 5807 1314 5875 proptereatocum
1339 5807 1679 5869 assignandum
1704 5807 1818 5858 ante
1843 5818 2157 5870 sequentem,
2185 5811 2323 5871 cujus
2353 5813 2524 5864 titulus
2550 5826 2604 5862 ac
2633 5818 2788 5874 prima
2801 5807 2959 5865 'i'erba
2990 5820 3131 5866 aliam
3173 5819 3222 5865 in
3243 5821 3473 5870 eumdem

221 5873 461 5940 militum
487 5873 731 5924 bomiliam
754 5879 1049 5936 supponunt.
1079 5888 1096 5919 ι
1129 5873 1259 5921 Eutr.
