4260 6494
816 423 914 477 251

2120 421 2178 475 S.
2220 418 2461 476 BASlLlI
2494 418 2711 474 MAGNI

3941 414 4044 470 252

818 537 946 590 bere
980 536 1112 598 vult,
1140 549 1260 588 eum
1288 534 1531 591 videlicet
1553 576 1567 599 ,
1599 535 1688 604 qui
1728 535 2013 604 adepturus
2042 533 2111 586 sit
2153 535 2378 588 beatitu-
2406 548 2450 601 Α

2420 548 2450 601 Α
2477 549 2586 597 νος,
2639 533 2730 585 τὸν
2778 532 2888 584 τῶν
2942 527 3305 601 μακαρισμῶν
3349 524 3726 596 ἐπιτυγχάνειν
3764 523 4043 592 μέλλοντα,

816 625 1019 689 dinem,
1073 625 1264 680 ordine
1317 626 1548 695 quodam
1607 639 1671 679 ac
1715 625 1797 678 via
1845 625 1896 677 in
1951 623 2039 689 iis,
2069 637 2186 692 qua;
2232 624 2374 678 circa

818 716 990 785 ipsum
1039 716 1474 781 considerantur,
1504 731 1623 780 usa,
1652 717 1717 770 ab
1747 716 1810 769 iis
1856 730 1974 784 qua:
2005 715 2173 782 magis
2220 714 2376 769 obvia

817 813 942 857 sunt
963 813 1016 857 et
1045 805 1236 874 prima,
1268 805 1479 858 initium
1511 805 1678 859 duxit.
1715 804 1874 857 Vens.
1911 806 1962 858 l.
1996 805 2229 869 Domine,
2262 805 2376 873 quis

815 895 1234 964 peregrinabitur
1283 894 1336 948 in
1369 896 1701 949 tabernaculo
1739 899 1870 951 tuo?
1903 895 2265 967 Peregrinatio
2295 906 2378 953 est.

814 989 1170 1041 commoratio
1220 992 1562 1058 temporaria,
1606 1006 1724 1058 qnze
1769 993 1935 1045 vitam
1980 1006 2082 1045 non
2109 991 2374 1059 stabilem,

814 1076 908 1126 sed
943 1074 1302 1128 transitoriam
1329 1078 1398 1130 ob
1427 1093 1574 1146 spem
1602 1080 1664 1131 ad
1703 1080 1920 1134 meliora
1967 1080 2256 1149 emigrandi
2294 1081 2376 1135 in-

814 1161 972 1216 dicat.
1028 1164 1121 1219 Est
1153 1177 1327 1220 autem
1382 1168 1482 1222 viri
1532 1172 1725 1234 sancti,
1756 1173 1894 1226 hanc
1947 1172 2160 1241 quidem
2209 1173 2374 1227 vitam

816 1256 1066 1320 transire,
1123 1260 1187 1312 ad
1233 1260 1455 1315 alteram
1484 1278 1610 1318 vero
1643 1264 1916 1320 festinare.
1954 1265 2078 1321 Ideo
2114 1277 2164 1321 et
2213 1266 2377 1320 David

811 1345 878 1400 de
906 1362 966 1403 se
989 1348 1102 1418 ipso
1141 1351 1216 1405 ait
1245 1369 1257 1405 :
1289 1351 1472 1407 Inoola
1515 1372 1607 1425 ego
1642 1373 1755 1409 sum
1801 1358 1939 1425 apud
1965 1370 2032 1425 te,
2064 1368 2111 1412 et
2152 1361 2377 1428 peregri-

813 1457 930 1502 nus,
954 1442 1088 1494 sicut
1117 1459 1289 1497 omnes
1316 1457 1486 1512 patres
1509 1448 1609 1500 mei
1621 1448 1683 1502 ⁷⁸.
1714 1448 1883 1503 lncola
1914 1453 2055 1504 enim
2087 1450 2184 1504 fuit
2203 1451 2378 1504 Abra-

812 1534 958 1598 ham,
990 1537 1078 1603 qni
1134 1553 1199 1590 ne
1249 1554 1460 1605 passum
1495 1539 1706 1606 quidem
1752 1541 1897 1610 pedis
1956 1551 2112 1597 terra:
2148 1545 2378 1614 propriae

811 1628 1201 1691 possedit;sed
1255 1623 1343 1680 ubi
1371 1644 1505 1696 opus
1544 1631 1588 1684 ei
1644 1632 1888 1700 sepulcro
1918 1631 2036 1696 fuit,
2069 1634 2119 1688 id
2155 1646 2377 1706 argento

811 1729 1077 1771 mercatus
1097 1719 1260 1772 fuisse
1278 1721 1738 1788 perhibeturm“.
1757 1723 1999 1778 Ostendit
2017 1727 2220 1781 Scilicet
2239 1727 2380 1784 Scri-

811 1818 962 1877 ptura
989 1850 1002 1873 ,
1040 1811 1090 1863 in
1129 1825 1291 1863 carne
1329 1812 1613 1877 viventem,
1666 1815 1892 1869 incolam
1946 1832 2064 1872 esse
2108 1831 2375 1887 oportere,

2480 626 2629 692 τάξει
2676 625 2782 679 τινὶ
2835 624 2929 677 καὶ
2984 622 3087 694 ὁδῷ
3137 622 3246 675 τῶν
3291 622 3416 692 περὶ
3447 619 3607 673 αὑτὸν
3659 617 4045 689 Θεωρουμένων

2479 718 2840 789 χρησάμενος,
2897 716 3006 770 ἀπὸ
3054 715 3162 768 τῶν
3209 711 3643 784 προσεχεστέρων
3690 711 3783 763 καὶ
3816 711 4047 779 πρώτων

2479 813 2577 883 τὴν
2597 810 2770 882 ἀρχὴν
2805 807 3112 882 πεποίηται.
3146 808 3340 876 Κύριε,
3371 806 3461 870 τίς
3493 804 3843 875 παροικήσει
3871 803 3941 856 ἐν
3969 799 4046 867 τῷ

2481 904 2822 973 σκηνώματι
2851 917 2967 956 σου
2988 919 3006 965 ;
3046 901 3110 954 Ἠ
3150 900 3410 971 παροικία
3447 900 3563 953 ἐστὶ
3598 897 3840 968 διαγωγὴ
3881 893 4068 971 πρόστ.

2482 1013 2687 1066 καιρος,
2715 997 2811 1066 οὐχ
2841 994 3128 1065 ἱδρυμένην
3158 993 3321 1066 ζωὴν,
3346 993 3481 1047 ἀλλὰ
3513 991 3828 1062 παροδικὴν,
3858 990 3943 1042 ἐπ’
3969 987 4044 1040 ὲ).-

2481 1088 2592 1142 πίδι
2620 1089 2715 1159 τῆς
2742 1088 2835 1140 ἐπὶ
2863 1088 2931 1140 τὰ
2960 1089 3242 1160 κρείττονα
3275 1086 3673 1159 μεταστάσεως,
3713 1082 4040 1152 ὑποφαίνου-

2484 1195 2570 1233 σα.
2608 1181 2788 1250 Ἀγίου
2835 1185 2890 1238 δὲ
2934 1180 3148 1253 ἀνδρὸς,
3181 1177 3500 1249 παροδεύειν
3529 1175 3625 1246 μὲν
3666 1170 3756 1226 τὸν
3787 1173 3898 1242 βίον
3923 1171 4038 1225 τοῦ-

2482 1292 2590 1338 τον,
2625 1276 2932 1345 ἐπείγεσθαι
2960 1276 3016 1329 δὲ
3050 1272 3184 1346 πρὸς
3207 1271 3396 1342 ἑτέραν
3421 1269 3583 1339 ζωήν.
3611 1265 3700 1318 Διὸ
3724 1265 3814 1318 κα).
3835 1267 3863 1316 6
3883 1263 4042 1317 Act6‘t6

2484 1367 2608 1438 περὶ
2672 1367 2859 1421 ἑαυτοῦ
2930 1383 3112 1438 φησι·
3185 1362 3474 1431 Πάροικος
3537 1356 3648 1427 ἐγώ
3708 1358 3823 1424 ειμι
3886 1352 4042 1421 παρὰ

2483 1459 2580 1512 σοὶ
2615 1458 2704 1528 (Θὲ
2731 1459 2839 1524 95),
2877 1459 2972 1512 καὶ
3007 1455 3434 1525 παρεπίδημος.
3468 1449 3660 1515 καθὼς
3684 1450 3736 1502 ol
3794 1447 4041 1512 πατέρες

2478 1568 2613 1620 μου.
2649 1550 2913 1620 Παροικος
2941 1549 3047 1618 γὰρ
3084 1544 3350 1616 Ἀϐραὰμ,
3386 1543 3505 1596 ούδὲ
3540 1541 3687 1610 βῆμα
3715 1538 3873 1600 ποδὸς
3911 1535 4041 1597 ἰδίας

2483 1645 2585 1715 γῆς
2624 1643 2976 1714 κεκτημένος,
3020 1639 3133 1693 ἀλλ’
3162 1641 3249 1691 ὅτε
3273 1639 3445 1707 ταφῆς
3478 1635 3624 1704 αύτῷ
3656 1633 3895 1702 ἐδέησεν,
3942 1631 4041 1730 dp:

2483 1737 2671 1809 γυρίου
2702 1734 3041 1806 κτησάμενος
3078 1731 3280 1800 ταύτην
3307 1729 3582 1797 φαίνεται·
3617 1723 3919 1785 δεικνύντος
3936 1723 4040 1829 ντοῦ

2483 1830 2661 1898 λόγου,
2714 1829 2793 1882 ὅτι
2850 1826 3024 1890 ζῶντα
3065 1825 3160 1895 μὲν
3206 1825 3262 1874 ἐν
3304 1824 3368 1890 τῇ
3410 1819 3570 1889 σαρκὶ
3612 1819 3870 1888 πάροικον
3909 1819 4041 1868 εἶναι

811 1904 1128 1965 migrantem
1175 1914 1303 1954 vero
1332 1915 1396 1955 ex
1425 1901 1553 1955 ‘hac
1585 1903 1712 1966 vita,
1750 1903 1801 1956 in
1848 1904 1978 1958 locis
2021 1907 2250 1974 propriis
2290 1922 2377 1961 reo
2407 1911 2448 1964 Β

2420 1911 2448 1964 Β
2479 1925 2764 1996 προσήκει,
2823 1917 3213 1992 μεταϐαίνοντα
3257 1914 3312 1966 δὲ
3356 1913 3463 1966 ἀπὸ
3500 1911 3599 1980 τῆς
3631 1910 3774 1978 ζωῆς
3815 1907 4040 1975 ταύτης,

810 1992 1108 2058 quiescere.
1141 1990 1428 2061 Propterea
1449 1989 1502 2048 in
1533 1995 1632 2048 hac
1655 1995 1756 2048 vita
1790 1995 1959 2048 incola
1992 2006 2207 2051 estcum
2240 1999 2371 2054 alie-

811 2082 1018 2151 nigenis
1049 2098 1061 2134 :
1104 2083 1151 2135 in
1185 2083 1456 2153 sepultura
1488 2100 1617 2138 vero
1643 2089 1914 2154 propriam
1952 2095 2147 2140 terram
2178 2103 2373 2158 corpus

809 2184 962 2222 suum
990 2181 1333 2239 excepturum
1375 2170 1475 2224 sibi
1511 2173 1622 2241 ipse
1665 2175 2014 2242 comparavit.
2048 2173 2214 2230 Porro
2248 2179 2374 2231 bea-

811 2270 920 2311 tum
976 2260 1131 2328 plane
1180 2259 1369 2323 fuerit,
1408 2261 1568 2317 rebus
1625 2266 1848 2319 terrenis
1898 2281 2004 2320 non
2049 2277 2102 2321 ut
2145 2268 2374 2338 propriis

809 2349 1077 2403 addictum
1110 2365 1248 2418 esse,
1284 2369 1454 2422 neque
1508 2356 1665 2409 rebus
1717 2359 2065 2425 prmsenlibns
2120 2369 2370 2431 tanquam

811 2443 1035 2497 naturali
1064 2445 1274 2499 cuidam
1310 2449 1494 2516 patria:
1521 2450 1828 2505 adhzcrere:
1857 2453 1948 2506 sed
1979 2469 2135 2508 nosse
2169 2455 2370 2525 lapsum

809 2544 859 2588 te
889 2551 1008 2590 esse
1046 2552 1077 2591 a
1125 2537 1464 2600 melioribus.
1499 2549 1655 2609 teque
1695 2558 1760 2596 ex
1805 2545 1965 2596 multa
2009 2547 2063 2598 in
2125 2547 2224 2600 hac
2273 2547 2370 2601 ista

805 2625 914 2677 vita
948 2625 1256 2679 alllictatnm
1291 2630 1510 2696 perinde
1558 2634 1907 2701 peregrinari,
1946 2644 2102 2702 atque
2139 2639 2374 2707 peregri-

807 2726 1006 2770 nantur
1042 2716 1136 2779 illi,
1162 2718 1253 2786 qui
1285 2721 1354 2772 ob
1397 2721 1571 2790 aliqua
1602 2723 1792 2778 delicta
1834 2741 1863 2778 a
1892 2726 2158 2794 iudicibus
2187 2743 2252 2783 ex
2281 2745 2375 2799 pa-

809 2811 909 2860 tria
942 2807 1074 2875 pulsi
1104 2819 1230 2862 sunt
1268 2809 1316 2863 in
1343 2813 1616 2868 exsilium.
1650 2815 1828 2871 Rarus
1864 2829 2039 2872 autem
2071 2820 2116 2874 is
2145 2830 2247 2884 est,
2281 2821 2369 2891 qui

806 2902 1155 2966 praesentibus
1183 2916 1285 2956 non
1319 2913 1376 2957 ut
1418 2907 1648 2975 prepriis
1678 2909 1908 2975 studeat,
1944 2911 2032 2980 qui
2065 2913 2371 2966 divitiarum

807 3004 960 3044 nsum
992 2992 1127 3046 sciat
1152 2995 1216 3047 ad
1270 3005 1480 3065 tempus
1527 3011 1644 3053 esse
1694 3015 2032 3066 concessum,
2055 3005 2142 3073 qui
2175 3005 2368 3059 bonam

806 3082 1046 3150 corporis
1094 3084 1460 3140 habitudinem
1504 3088 1794 3144 arbitretur
1834 3093 1978 3146 brevi
2011 3105 2246 3163 tempore
2271 3099 2370 3151 du-

807 3184 1068 3242 raturam,
1106 3178 1197 3245 qui
1243 3179 1491 3232 humane
1539 3179 1721 3249 gloria:
1761 3183 1941 3239 ﬂorem
1980 3187 2367 3243 inconstantem

805 3282 924 3321 esse
961 3279 1235 3337 agnoscat.
1267 3271 1394 3336 Quis
1425 3273 1586 3344 igitur
1610 3278 2028 3348 peregrinabitur
2048 3281 2100 3333 in
2129 3280 2372 3336 taberna-

805 3357 922 3411 culo
979 3369 1064 3414 tuo
1099 3360 1126 3413 ?
1161 3361 1581 3422 Tabernaculum
1619 3368 1710 3424 Dei
1765 3385 1890 3425 caro
1941 3372 2158 3438 dicitur,
2210 3389 2370 3444 quam

808 3453 923 3522 ipse
977 3455 1172 3510 anima:
1220 3457 1452 3515 hominis
1494 3461 1641 3516 dedit
1679 3462 2024 3519 habitationis
2063 3465 2197 3521 loco.
2242 3465 2372 3533 Quis

806 3544 929 3597 huic
967 3547 1115 3598 carni
1163 3557 1219 3599 ut
1247 3548 1434 3603 alienae
1468 3553 1750 3607 attendet?
1781 3554 2235 3621 Quemadmodum
2291 3560 2371 3613 in-

804 3637 936 3690 cola:
966 3637 1136 3716 aliena
1172 3648 1313 3692 terra
1349 3642 1634 3707 comlucta,
1658 3645 1837 3696 colunt
1866 3662 2047 3712 agrum
2079 3650 2143 3701 ad
2171 3650 2372 3704 locato-

807 3728 880 3783 ris
915 3729 1238 3784 voluntatem
1276 3748 1290 3785 :
1322 3731 1392 3785 ita
1448 3741 1505 3787 et
1547 3733 1701 3788 nobis
1754 3749 1819 3788 ex
1870 3739 2174 3806 syngrapha
2220 3754 2370 3794 com-

807 3821 968 3876 missa
1009 3831 1094 3876 est
1124 3823 1305 3878 carnis
1347 3839 1510 3891 cura;
1535 3835 1591 3879 ut
1620 3840 1736 3880 eam
1761 3827 2013 3882 decenter
2043 3827 2369 3898 excolentes,

804 3909 1044 3978 largitori
1074 3911 1385 3982 frugiferam
1429 3917 1730 3971 reddamus.
1786 3919 1935 3984 Quod
1971 3921 2014 3974 si
2067 3919 2177 3975 Deo
2212 3921 2369 3992 digna

804 4012 888 4054 est
918 4016 1064 4066 caro,
1099 4018 1284 4056 revera
1322 4005 1410 4059 Dei
1449 4009 1846 4062 tabernaculum
1874 4011 2132 4077 ellicitur,
2158 4015 2223 4068 ad
2249 4028 2369 4067 eum

806 4092 1047 4158 modum,
1097 4109 1202 4163 quo
1261 4096 1469 4151 habitat
1515 4099 1567 4151 in
1615 4101 1834 4154 sanctis.
1866 4100 1981 4154 .lam
2018 4119 2146 4158 vero
2183 4105 2371 4160 incola:

803 4201 929 4241 caro
973 4196 1056 4242 est
1096 4187 1376 4258 ejusmodi.
1406 4190 1607 4247 Idcirco
1641 4193 1716 4246 ait
1747 4207 1760 4245 :
1795 4192 2030 4258 Domine,
2059 4197 2175 4264 quis
2224 4215 2370 4266 pere-

803 4279 1096 4346 grinabitur
1117 4279 1169 4331 in
1202 4279 1535 4335 tabernaculo
1567 4294 1653 4337 tuo
1682 4285 1706 4338 ?
1730 4285 1929 4339 Deinde
1956 4285 2226 4355 profectus
2254 4291 2372 4356 qui-

804 4370 924 4422 dam
952 4377 1005 4423 et
1033 4371 1334 4440 progressio
1365 4373 1430 4425 ad
1460 4375 1708 4442 quiddam
1735 4378 2023 4446 perfectius
2041 4379 2131 4434 sit.
2160 4379 2226 4432 Et
2254 4383 2370 4449 quis

803 4462 1084 4530 requiescet
1113 4462 1164 4516 in
1194 4473 1367 4518 monte
1395 4477 1576 4520 sancto
1605 4477 1692 4520 tuo
1717 4470 1740 4520 .9
1769 4467 1982 4526 Iudaeus
2012 4472 2228 4541 quidem
2267 4480 2372 4526 ter-

2472 2019 2583 2078 τοῖς
2602 2014 2822 2077 οἰκείοις
2843 2013 3030 2073 τόποις
3052 2003 3504 2062 ἐναναπαύεσθαι.
3549 1999 3644 2052 Διὰ
3671 1998 3827 2050 τοῦτο
3859 2000 3916 2050 ὲν
3948 1997 4041 2066 μὲν

2473 2110 2537 2177 τῇ
2579 2107 2688 2177 ζωῇ
2731 2105 2900 2178 ταύτῃ
2937 2103 3045 2174 (94)
3088 2100 3335 2172 παροικεῖ
3370 2098 3481 2159 τοῖς
3509 2091 3844 2191 exueste“,
3893 2092 3952 2191 ἐν
3986 2089 4040 2140 δὲ

2473 2201 2536 2269 τῇ
2562 2201 2705 2267 ταφῇ
2739 2198 2942 2250 οἰκείαν
2966 2192 3142 2263 ἑαυτῷ
3173 2191 3268 2261 τὴν
3291 2187 3584 2259 δεξομένην
3613 2181 3774 2284 αὑτοῦ
3798 2181 3858 2233 τὸ
3885 2181 4042 2284 σῶμα

2474 2290 2574 2360 γῆν
2617 2286 3125 2359 ἐπραγματεύσατο.
3168 2282 3450 2351 Μακάρων
3482 2277 3538 2330 δὲ
3577 2275 3654 2347 τῷ
3686 2274 3819 2334 ὄντι,
3864 2269 3939 2341 μὴ
3970 2270 4042 2332 ὡς

2474 2380 2694 2443 οἰκείοις
2736 2376 3160 2450 προστετηκέναι
3200 2377 3311 2436 τοῖς
3357 2373 3413 2424 ἐν
3452 2373 3516 2440 τῇ
3548 2371 3639 2439 γῇ.
3682 2363 4041 2466 [inﬁt-666.735.9-

2473 2473 2728 2544 πατρίδος
2753 2472 2894 2535 τινὸς
2919 2468 3150 2540 φυσικῆς
3181 2463 3488 2535 ἀντέχεσθαι
3522 2462 3628 2514 τῶν
3654 2457 3906 2520 ἐνταῦθα,
3931 2456 4040 2509 ἀλλ’

2474 2564 2671 2615 εἰδέναι
2701 2564 2797 2633 τὴν
2833 2563 2940 2634 (95)
2973 2561 3080 2616 ἀπὸ
3112 2560 3217 2613 τῶν
3258 2556 3537 2628 βελτιόνων
3576 2553 3914 2611 ἀπόπτωσιν,
3949 2547 4042 2600 καὶ

2473 2651 2570 2722 τὴν
2601 2654 2662 2704 ἐκ
2690 2655 2982 2724 καταδίκης
3011 2653 3192 2706 ἐνθάδε
3213 2650 3484 2719 διαγωγὴν
3525 2645 3913 2716 βαρυνόμενον,
3947 2641 4039 2693 οὖ-

2473 2761 2551 2796 τω
2585 2747 2887 2814 παροικεῖν,
2941 2745 3015 2806 ὡς
3067 2745 3114 2795 οί
3163 2743 3266 2795 ὑπὸ
3316 2741 3581 2794 δικαστῶν
3613 2753 3774 2790 τινων
3818 2735 3912 2787 ὲπί
3932 2751 4042 2786 τισι

2475 2835 2940 2907 πλημμελήμασιν
2974 2836 3052 2897 εἰς
3072 2834 3170 2904 τὴν
3197 2833 3487 2903 ὑπερορίαν
3512 2833 3573 2883 ὲκ
3600 2831 3696 2899 τῆς
3715 2826 4040 2895 ἐνεγκούσης

2472 2928 2852 2991 ἀπελαθέντες.
2888 2928 3121 2988 Σπάνιος
3161 2925 3217 2978 δὲ
3253 2926 3279 2977 ὀ
3319 2923 3574 2984 τοιοῦτος,
3615 2924 3642 2973 6
3679 2919 3751 2990 μὴ
3784 2919 3858 2981 ὡς
3895 2917 4042 2979 ἰδίοις

2473 3019 2752 3092 προσέχων
2785 3020 2896 3082 τοῖς
2930 3016 3193 3088 παροῦσιν
3213 3032 3225 3045 ·
3261 3017 3288 3069 6
3319 3014 3411 3066 τοῦ
3448 3013 3676 3066 πλούτου
3716 3011 3812 3082 τὴν
3846 3011 4042 3081 χρῆσιν

2473 3108 2804 3178 πρόσκαιρον
2835 3107 3222 3177 ἐπιστάμενος-⁸
3252 3105 3280 3157 ὁ
3302 3102 3392 3157 τοῦ
3429 3102 3676 3173 σώματος
3707 3100 3803 3171 τὴν
3825 3101 4038 3166 εὐεξίαν

2420 3242 2439 3262 ,
2472 3198 2826 3270 ὀλιγοχρόνιον
2859 3199 3025 3262 τιθείς
3050 3216 3063 3228 ·
3096 3201 3123 3252 6
3152 3197 3430 3269 γνωρίζων
3463 3195 3561 3267 τῆς
3593 3193 3937 3266 ἀνθρωπίνης
3958 3193 4041 3246 δό-

2475 3289 2569 3360 ξης
2599 3290 2708 3361 (96)
2733 3292 2792 3344 τὸ
2826 3292 2985 3356 ἄνθος
3022 3291 3292 3345 ἀϐέϐαιον.
3346 3292 3439 3356 Τίς
3459 3286 3571 3344 οὖν
3590 3286 3943 3358 παροικήσει
3973 3287 4042 3338 ἑν

2472 3381 2550 3446 τῷ
2578 3383 2920 3453 σκηνώματι
2947 3401 3062 3438 σου
3091 3401 3110 3448 ;
3140 3385 3408 3454 Σκήνωμα
3437 3383 3527 3435 τοῦ
3558 3382 3692 3435 Θεοῦ
3719 3384 3751 3453 ἡ
3786 3382 3916 3453 παρ’
3946 3382 4041 3433 αύ-

2470 3472 2564 3525 τοῦ
2595 3473 2863 3546 δεδομένη
2891 3475 3028 3547 σὰρξ
3065 3479 3130 3545 τῇ
3171 3475 3262 3527 τοῦ
3294 3472 3576 3543 ἀνθρώπου
3617 3473 3758 3543 ψυχῇ
3794 3475 3874 3537 είς
3905 3473 4039 3526 ὲνοίο

2471 3581 2628 3634 κησιν
2658 3565 2995 3634 ὀνομάζεται.
3044 3565 3139 3627 Τίς
3176 3565 3251 3626 ὡς
3283 3563 3535 3633 ἀλλοτρία
3579 3567 3645 3632 τῇ
3677 3565 3836 3633 σαρκὶ
3869 3566 4042 3635 ταύτῃ

2473 3656 2757 3725 προσέξει;
2797 3657 3006 3725 Ὥσπερ
3044 3658 3090 3707 οί
3132 3656 3400 3726 πάροικοι,
3429 3654 3711 3725 ἀλλοτρίαν
3747 3656 4038 3725 ὲκμισθού-

2475 3759 2622 3812 μενοι
2667 3743 2775 3812 (97)
2826 3744 2947 3814 γῆν,
2984 3744 3119 3815 πρὸς
3157 3745 3218 3797 τὸ
3253 3744 3497 3816 βούλημα
3541 3743 3635 3797 τοῦ
3687 3745 4040 3808 ἐκδεδωκότος

2471 3836 2777 3906 γεωργοῦσι
2805 3837 2902 3908 τὴν
2936 3836 3150 3910 χώραν·
3189 3838 3327 3892 οὕτω
3353 3841 3443 3892 καὶ
3477 3840 3606 3910 ἡμῖν
3637 3839 3779 3892 κατὰ
3805 3855 4042 3909 συγγρα-

2472 3927 2629 3999 φὴνή
2663 3929 2760 4000 τῆς
2784 3931 2982 4003 σαρκὸς
3011 3932 3295 4003 ἐπιμέλεια
3316 3931 3691 4003 παραδέδοται,
3720 3930 3858 3983 ὥστε
3884 3947 4043 4002 προσο

2470 4020 2708 4091 ηκόντως
2742 4024 2910 4095 αὐτὴν
2955 4025 3435 4096 φιλοπονήσαντας,
3490 4023 3763 4094 ἔγκαρπον
3810 4025 4040 4077 ἁποδοῦο

2471 4130 2557 4165 ναι
2579 4113 2654 4183 τῷ
2679 4113 2948 4169 δεδωκότι.
2993 4116 3112 4168 Ἐὰν
3134 4117 3189 4168 δὲ
3272 4116 3402 4168 Θεοῦ
3436 4114 3560 4178 ἀξία
3590 4117 3622 4184 ή
3651 4114 3805 4186 σὰρξ,
3832 4118 4040 4184 γίνεται

2469 4206 2546 4275 τῷ
2571 4207 2682 4259 ὄντι
2707 4207 2840 4259 Θεοῦ
2877 4210 3140 4278 σκήνωμα
3171 4208 3308 4259 κατὰ
3327 4207 3424 4277 τὴν
3451 4207 3719 4274 ἐνοίκησιν
3746 4209 3912 4261 αὑτοῦ
3943 4209 4042 4279 τὴν

2471 4297 2550 4359 είς
2578 4298 2701 4358 τοὶς
2743 4297 2949 4364 ἁγίους.
2985 4297 3218 4368 Τοιαύτη
3253 4297 3307 4350 δέ
3338 4298 3485 4349 ἐστιν
3528 4299 3561 4368 ἡ
3590 4297 3684 4349 τοῦ
3718 4299 4033 4367 παροικούν-

2470 4403 2578 4449 τος.
2607 4388 2704 4440 Διὰ
2737 4388 2912 4448 τοῦτο.
2952 4391 3147 4458 Κύριε,
3182 4391 3274 4456 τίς
3303 4389 3653 4458 παροικήσει
3681 4391 3751 4443 ὲν
3776 4388 3856 4454 τῷ
3889 4407 4040 4455 σκη-

2471 4477 2692 4548 νώματι
2715 4494 2867 4544 σου;
2901 4477 3033 4535 Εἶτα
3055 4483 3301 4555 προκοπὴ
3330 4483 3421 4536 καὶ
3445 4482 3665 4554 πρόοδος
3685 4486 3716 4554 ἡ
3750 4483 3842 4536 ἐπὶ
3865 4483 3926 4536 τὸ
3949 4500 4040 4537 τε-

804 4561 971 4606 rester
1005 4568 1124 4606 cum
1149 4567 1382 4610 montem
1414 4559 1580 4622 audit,
1608 4558 1672 4613 ad
1695 4559 1822 4614 Sion
1856 4565 2102 4618 recurrit.
2131 4564 2258 4629 Quis
2287 4579 2367 4616 re-
2399 4573 2444 4632 ι)
2470 4569 2471 4572 “

2420 4566 2757 4640 )λειότερον.
2806 4572 2914 4624 Καὶ
2971 4571 3060 4638 τίς
3103 4571 3553 4640 κατασκηνώσει
3605 4573 3674 4626 ἑν
3720 4573 3839 4641 ὄρει
3895 4573 4041 4642 ἁγίῳ

802 4643 1022 4710 quiescet
1042 4643 1096 4694 in
1130 4656 1300 4700 monte
1332 4659 1511 4701 sancto
1535 4661 1624 4702 tuo
1651 4652 1676 4704 .9
1706 4651 1804 4718 Qui
1841 4653 1890 4706 in
1922 4669 2081 4710 carne
2111 4665 2364 4727 tanquam

802 4731 1115 4801 peregrinus
1137 4733 1419 4801 habitavit,
1437 4739 1489 4791 in
1514 4751 1694 4797 monte
1716 4753 1904 4798 sancto
1928 4755 2016 4798 tuo
2039 4749 2362 4818 requiescet.

2471 4675 2621 4725 00v;
2665 4662 2912 4727 Ἰουδαῖος
2946 4663 3042 4734 μὲν
3079 4666 3106 4716 6
3137 4665 3341 4735 γήϊνος,
3375 4666 3500 4717 ὅταν
3523 4664 3644 4735 ὅρος
3672 4664 3780 4733 (98)
3808 4666 4038 4737 ἀκούσῃ,

2472 4751 2607 4820 πρὸς
2642 4751 2740 4824 τὴν
2787 4752 2922 4805 Σιὼν
2975 4752 3283 4825 ἀποτρέχει.
3335 4755 3430 4820 Τις
3472 4753 3927 4820 κατασκηνώσει
3973 4757 4042 4807 ἐν

872 4890 1425 4958 ’“Psal.xnvm,l5.
1499 4897 1618 4937 ⁷⁹-⁸⁰
1663 4897 1774 4952 Gen
1822 4902 2097 4967 “111,16;
2131 4903 2471 4970 Act.vn,l6.

804 5057 948 5122 tur;_
978 5060 1074 5122 nec
1115 5049 1271 5122 aliter
1307 5066 1581 5122 exponunt
1619 5056 1803 5110 Patres
1833 5058 2024 5115 Graeci.
2056 5060 2196 5115 Infra
2234 5079 2363 5118 mss.

802 5118 1071 5189 duo‘6ci0u
1101 5135 1200 5189 pro
1231 5118 1404 5189 ἁγίοιί⁸

874 5186 1079 5271 $32-95)
1099 5186 1410 5271 lllud,_i:apdt
1433 5195 1533 5271 σοί,
1552 5197 1700 5250 deest
1718 5197 1769 5271 in
1788 5195 2052 5271 aliquibus
2067 5216 2192 5257 mss.
2213 5203 2364 5271 Apud

803 5253 1163 5343 '43."--93'2'0.
1189 5253 1685 5343 .ει¹ἒιυ·²ο.-τῖάρξικρς
1724 5265 1840 5343 sub
1880 5253 2030 5343 si»-
2057 5253 2358 5343 eam;

802 5326 915 5408 καί,
935 5336 1041 5380 etc.
1071 5328 1309 5408 b‘uhinde
1335 5326 1691 5409 editio'Paris'.
1724 5326 1969 5409 ’Ᾰϐραὰέι
2003 5334 2093 5408 ἦν.
2123 5326 2225 5393 Sed
2258 5326 2360 5397 id}

802 5398 1138 5475 iisne-quem
1166 5415 1294 5475 mss.
1332 5406 1614 5474 reperitur,
1646 5398 1830 5475 neque'
1850 5409 1900 5462 in
1931 5398 2164 5464 ediiione
2199 5410 2359 5469 Basil.

875 5465 983 5547 (96)
1038 5469 1151 5524 Vox
1201 5465 1686 5547 ταύτῃόεοεῐὶιι
1730 5465 1994 5546 ’νΙυνίιιιίε
2051 5496 2179 5535 mss.
2237 5465 2353 5537 Mos

802 5543 1050 5619 quinque-
1067 5555 1193 5619 mss.
1231 5543 1426 5619 habent
1454 5543 1771 5618 δεξαμένην.
1803 5549 1904 5603 Alii
1948 5560 2178 5619 quatuor
2205 5551 2355 5618 δεξο-

804 5606 993 5678 μένην.
1028 5608 1210 5687 Lectio
1235 5615 1379 5687 prior
1403 5606 1818 5673 favere'videtnr
1847 5620 1934 5685 iis,
1964 5606 2052 5687 qui
2076 5621 2126 5674 id
2151 5606 2350 5676 dictum

801 5688 991 5799 putant
1035 5683 1100 5734 de
1127 5680 1446 5760 annuam
1474 5706 1488 5742 ;
1537 5688 1798 5755 posterior
1832 5680 1930 5753 iis,
1948 5680 2036 5760 qui
2062 5691 2355 5761 quemlibet

841 5761 1070 5799 omlnem
1091 5765 1174 5799 me
1199 5763 1251 5799 et
1273 5756 1514 5799 relicinus
1537 5761 1799 5799 vivanlmn
1832 5761 1929 5799 Imp
1950 5760 2065 5799 Innn
2083 5762 2351 5799 .lncimmri

841 5749 1070 5874 omnem
1091 5749 1174 5819 pie
1199 5763 1251 5806 et
1273 5756 1514 5825 religiose
1537 5749 1800 5814 viventem
1831 5749 1931 5818 hoc
1948 5749 2065 5818 loco
2079 5749 2352 5831 designari

841 5833 865 5870 r
905 5835 918 5872 l
950 5833 1040 5873 ran
1072 5836 1152 5874 ur.

803 5831 1152 5875 arbitrantur.

2545 5064 2655 5131 (95)
2690 5065 2839 5134 Regii
2868 5065 3057 5120 tertius
3095 5073 3149 5118 et
3188 5077 3374 5121 sextus
3403 5065 3599 5120 εἰδέναι
3635 5069 3812 5123 πάντα
3851 5069 4040 5124 πιστὸν

2472 5135 2833 5328 τήῖὐιῇιὲἓιίι.
2877 5214 3098 5272 quartus
3134 5203 3349 5273 φύσεως
3380 5221 3476 5273 pro
3503 5207 3680 5278 δόξης.
3722 5206 3838 5261 Non
3874 5209 4042 5262 nmlto

2473 5285 2590 5328 nost
2659 5289 2741 5328 ea.
2772 5273 2995 5328 etCulb.
3028 5284 3255 5328 quartus
3279 5277 3362 5328 τίς
3394 5276 3450 5328 δὲ
3481 5278 3576 5328 ὡς.

2473 5285 2590 5343 post
2612 5273 2741 5342 Reg.
2772 5273 2995 5328 etCulb.
3028 5284 3255 5340 quartus
3279 5277 3362 5338 τίς
3394 5276 3450 5330 δὲ
3481 5278 3576 5340 ὡς.

2543 5345 2651 5422 (θ’ζ)
2673 5345 2820 5422 μεθ.
2840 5346 3110 5422 secundus
3138 5353 3190 5422 et
3216 5345 3369 5422 colli.
3402 5359 3587 5402 sextus
3610 5347 4038 5422 εκμισθωσάμε-

2472 5413 2571 5469 νοι.
2613 5413 2808 5492 Ibidem
2840 5413 3031 5492 legitur
3059 5413 3111 5492 in
3150 5414 3357 5492 duobus
3388 5413 4035 5492 mss._<pt).0&:0vﬁaav§s;.

2463 5487 2563 5558 Alii
2600 5500 2730 5538 mss.
2771 5481 2966 5538 habent
2995 5481 3484 5558 φιλοπονήσαντας.
3508 5481 3619 5542 Hoc
3660 5490 3774 5558 ipso
3801 5481 3868 5545 ἰιι
3922 5481 4038 5542 locu

2462 5557 2697 5632 qumque
2716 5568 2839 5608 mss.
2874 5552 3368 5625 παραδοῦναι.Ἀ1ιὶ
3399 5571 3510 5613 tres
3550 5552 3693 5614 mss.-
3719 5577 3842 5615 eum
3871 5560 4034 5614 editis

2461 5624 2768 5676 ἀποδοῦναι.
2960 5624 2968 5625 ί

2461 5763 2472 5771 _
2530 5695 2641 5763 (98)
2671 5692 2815 5771 Mulli
2847 5711 2978 5750 mss.
3006 5705 3059 5751 et
3088 5697 3215 5771 editi
3244 5695 3388 5768 ὅρος.
3416 5696 3521 5754 Alii
3556 5709 3665 5756 tres
3689 5701 3872 5771 ὅρους.
3899 5696 4036 5771 Pau-

2460 5760 2679 5839 l_o_'po'st
2723 5765 2826 5822 duo
2859 5783 2987 5826 mss.
3039 5768 3149 5822 όδὲ
3203 5760 3292 5839 τῇξ
3353 5760 3591 5826 Subinde
3644 5760 3748 5827 duo
3801 5760 4035 5831 niss.'ti‘€

2459 5832 2730 5903 ἀλλοτρία.
