4260 6508
277 435 387 491 255

1424 435 1705 490 "OMILIA
1741 437 1757 490 Ι
1797 436 1859 491 IN
1903 433 2228 490 PSALMUM
2261 438 2399 494 XIV.

3417 444 3519 500 9.54

273 553 359 618 τῷ
393 554 510 622 ὄρει
549 551 628 616 τῷ
656 552 800 622 ᾀγίῳ
820 570 970 618 σου;
1017 554 1073 607 '0
1111 557 1177 625 τῇ
1222 556 1386 626 σαρκὶ
1428 557 1766 626 παροικήσας
1801 558 1857 608 ἐν
1887 563 1928 617 Α

1838 573 1857 607 ν
1887 563 1928 617 Α
1962 553 2110 610 Mons
2146 553 2234 606 ille
2286 555 2455 608 locum
2497 555 2802 618 cmlestem,
2838 552 3168 622 splendidum
3220 563 3271 608 et
3311 558 3520 624 conspi-

273 644 355 714 τῷ
413 645 551 712 ἁγίῳ
603 644 718 714 ὄρει
784 645 1212 715 κατασκηνώσει.
1267 649 1429 718 Ὄρος
1498 647 1692 708 ἐκεῖνο,
1750 648 1850 718 τὴν

275 733 666 806 ὑπερθυράνιον
714 734 914 804 χώραν,
960 736 1058 805 τὴν
1105 739 1374 808 περιφανῆ
1421 737 1516 790 καὶ
1547 737 1840 807 λαμπράν·

275 827 407 895 περὶ
457 821 515 881 οὗ
565 828 593 879 6
648 825 966 889 Ἀπόστολος
1016 826 1183 895 λέγει,
1225 828 1306 879 ὅτι
1352 828 1846 896 Προσεληλύθατε

274 918 430 970 Σιὼν
457 919 596 987 ὄρει,
647 919 743 970 καὶ
785 921 955 972 πόλει
997 920 1142 974 Θεοῦ
1184 919 1416 986 ζῶντος,
1461 920 1847 988 Ἰερουσαλὴμ

1956 659 2112 698 cuum
2151 643 2438 714 significat,
2468 647 2532 700 de
2583 659 2690 717 quo
2739 643 3026 712 Apostolus
3069 646 3187 699 ait:
3221 648 3521 702 Accessistis

1956 739 2024 790 ad
2059 738 2188 792 Sion
2246 747 2492 801 montem,
2519 749 2565 790 et
2617 739 2875 793 civitatem
2905 736 3000 791 Dei
3033 739 3276 800 viventis.
3311 739 3522 793 Jeruat-

1953 828 2051 881 lem
2091 829 2363 892 rclestem,
2403 829 2453 882 in
2499 845 2599 896 qua
2641 840 2726 885 est
2765 829 3048 884 celebritas
3098 831 3438 899 angelorum,
3467 841 3520 884 et

1958 919 2191 974 Ecclesia
2209 921 2613 987 primitit'orum.
2643 923 2728 990 qui
2756 912 3186 991 conscripti'sunt
3220 925 3271 976 in
3299 924 3517 980 melis".

273 1012 636 1081 ἐποιψαιτῳ,
695 1013 750 1063 ἐν
930 1015 1238 1083 πανήγυρις
1297 1011 1573 1080 ἀγγέλων,
1637 1012 1730 1065 καὶ
1802 1011 2093 1083 Ἐκκλησία
2168 1015 2550 1081 πρωτοτόκων
2607 1013 3144 1088 ἀπογεγραμμένων
3201 1017 3271 1068 ἐν
3341 1018 3515 1083 οὐρα-

271 1125 424 1170 νοις.

345 1199 397 1252 2.
462 1199 627 1252 Ἐπὰν
691 1196 782 1252 οἷον
834 1216 911 1259 τις
978 1195 1216 1267 παρέλθῃ
1272 1195 1368 1267 τὴν
1418 1197 1594 1269 σάρκα
1641 1199 1844 1267 ταύτην

270 1294 640 1365 ἁπροσπαθώς
678 1293 750 1354 ὡς
785 1290 1066 1362 ἀλλοτρίαν
1110 1291 1407 1361 παροικῶν,
1459 1295 1553 1345 καὶ
1595 1292 1701 1361 (99)
1744 1292 1842 1360 οὐχ

267 1385 347 1451 ὡς
383 1387 514 1448 ἰδίας
547 1383 926 1453 ἐξηρτημένος,
960 1378 1129 1448 οὗτος,
1165 1385 1251 1438 διὰ
1284 1386 1342 1438 τὸ
1379 1384 1648 1456 νεκρῶσαι
1674 1383 1840 1437 αὐτοῦ

268 1477 338 1528 τὰ
367 1473 502 1542 μέλη
538 1473 604 1525 τὰ
631 1475 722 1525 ἐπὶ
749 1473 848 1542 τῆς
883 1475 1003 1544 γῆς,
1032 1475 1120 1526 τὸν
1155 1476 1424 1544 ἁγιασμὸν
1466 1476 1836 1548 κατορθώσας,

269 1565 418 1629 ἄξιός
455 1567 567 1617 ἐστι
598 1565 697 1634 τῆς
730 1567 785 1618 ὲν
820 1567 894 1636 τῷ
922 1567 1058 1634 ἁγίῳ
1088 1565 1201 1635 ὄρει
1228 1566 1720 1635 κατασκηνώσεωςο
1772 1562 1839 1636 ἧς

268 1657 552 1728 ἐπιθυμῶν
581 1659 608 1710 6
656 1658 953 1729 Ψαλμῳδὸς
997 1657 1198 1726 ἔλεγεν,
1239 1657 1318 1709 ὅτι
1359 1659 1739 1726 Διελεύσομαι
1771 1659 1840 1711 ἐν

268 1747 430 1812 τόπῳ
461 1749 695 1819 σκηνῆς
737 1747 1115 1817 θαυμαστῆς·
1167 1747 1370 1812 καὶτὸ,
1433 1747 1525 1811 Ὦς
1566 1749 1838 1815 ἀγαπητὰ

270 1840 342 1894 τὰ
379 1840 735 1907 σκηνώματά
767 1857 901 1904 σου,
939 1842 1113 1908 Κύριε
1157 1839 1274 1893 τῶν
1314 1838 1644 1908 δυνάμεων.
1697 1841 1840 1891 Ἐκεῖ

2013 1192 2068 1246 2.
2102 1192 2391 1260 Postquam
2425 1193 2586 1261 igitur
2619 1193 2887 1264 quispiam
2941 1199 3040 1253 hac
3075 1211 3238 1252 carne
3279 1199 3428 1264 quasi
3462 1201 3512 1256 in

1945 1291 2254 1338 transcursu
2301 1284 2433 1338 citra
2461 1283 2709 1339 aﬂ‘ectutn
2741 1300 2869 1341 usus
2906 1299 3006 1346 est,
3045 1303 3160 1342 eam
3193 1303 3250 1342 ut
3287 1290 3514 1344 alienam

1944 1371 2202 1437 incolens,
2244 1389 2342 1430 nec
2392 1374 2438 1428 ei
2479 1383 2535 1427 ut
2579 1377 2805 1444 prapria:
2849 1377 3096 1440 deditus,
3143 1379 3187 1433 is
3232 1393 3512 1451 propterea

1944 1463 2086 1530 quod
2117 1478 2211 1516 sua
2242 1467 2503 1531 membra,
2540 1480 2658 1535 qum
2687 1476 2808 1520 sunt
2835 1483 2994 1535 super
3023 1479 3252 1533 terram,
3291 1475 3515 1529 mortiﬁ-

1945 1553 2167 1620 cavit“,
2199 1557 2545 1627 exercuitque
2573 1557 3219 1631 sanctimoniam,diguus
3245 1571 3325 1616 est
3347 1567 3434 1632 qui
3461 1567 3510 1619 iu

1945 1653 2124 1697 monte
2154 1655 2341 1698 sancto
2373 1648 2692 1714 requiescat,
2713 1647 2862 1717 Cujus
2890 1651 3086 1718 requiei
3120 1653 3344 1720 cupidus
3366 1653 3515 1707 Psal-

1945 1735 2100 1788 misla
2133 1736 2378 1790 dicebat:
2416 1735 2668 1790 Transibo
2703 1741 2755 1792 in
2794 1741 2963 1794 locum
2993 1742 3313 1796 tabernaculi
3346 1746 3514 1797 admi-

1947 1828 2124 1881 rabilis
2143 1829 2187 1859 ⁸³
2209 1845 2222 1890 ;
2248 1838 2333 1880 et:
2363 1828 2531 1892 Quam
2563 1831 2750 1884 dilecta
2785 1834 3117 1888 tabernacula
3153 1845 3262 1900 tua,
3297 1835 3514 1891 Domine

266 1935 418 2003 ἡμᾶς
445 1932 538 1983 καὶ
565 1934 598 2000 ἡ
630 1931 761 2000 πρὸς
804 1933 926 1994 τοὺς
965 1933 1187 2002 πλησίον
1217 1933 1291 2004 τῷ
1317 1933 1456 2004 λόγῳ
1492 1933 1707 2003 ἐκείνης
1739 1933 1835 2004 τῆς
1869 1929 1908 1982 Β
1939 1936 1948 1972 1

1827 1950 1835 1994 ς
1869 1929 1908 1982 Β
1939 1921 2181 1972 virtutum
2208 1920 2280 1973 M!
2305 1921 2412 1977 illic
2461 1925 2612 1976 nobis
2636 1934 2687 1976 et
2724 1927 2950 1993 proximi
2988 1943 3176 1992 amor,
3212 1929 3300 1997 qui
3350 1944 3509 1982 causa

267 2029 328 2079 ὲν
350 2024 426 2094 τῷ
455 2025 568 2092 ὄρει
601 2021 1087 2092 κατασκηνώσεως,
1132 2025 1225 2075 καὶ
1266 2026 1298 2094 ὴ
1327 2027 1389 2077 ἐκ
1417 2025 1509 2077 τοῦ
1555 2024 1836 2095 μαμμωνᾶ

266 2119 368 2187 τῆς
407 2116 616 2179 ἀδικίας
657 2117 910 2186 γινομένη
949 2113 1098 2183 φιλία
1142 2114 1216 2183 (1)
1262 2120 1608 2185 κατασκηνοῖ.
1661 2114 1835 2182 Ποιή-

273 2226 424 2264 σατε
456 2210 564 2279 γὰρ
598 2207 830 2271 ἑαυτοῖς
864 2208 1079 2276 φίλους
1124 2207 1190 2260 ἐκ
1235 2207 1340 2260 τοῦ
1389 2207 1678 2274 μαμμωνὰ
1725 2208 1834 2274 τῆς

274 2304 529 2371 ἀδικίας,
578 2304 695 2365 ἵνα,
762 2301 905 2354 ὅταν
960 2300 1274 2366 ἐκλίπητε,
1333 2297 1615 2362 δέξωνται
1681 2299 1834 2367 ὑμᾶς

268 2399 357 2464 εὶς
403 2397 506 2463 τὰς
560 2396 834 2460 αἰωνίους
872 2392 1124 2459 σκηνάς.
1166 2392 1299 2462 Περὶ
1331 2391 1540 2460 ἐκείνης
1584 2390 1680 2461 τῆς
1722 2391 1834 2442 δια-

268 2490 456 2558 γωγῆς
487 2491 514 2541 6
548 2488 748 2558 Κύριος
781 2489 839 2540 ἐν
880 2484 1040 2554 εὐχῆς
1075 2484 1198 2536 εἴδει
1243 2484 1391 2550 ἔλεγε
1434 2483 1492 2535 τὸ
1527 2482 1623 2553 (‘2),
1654 2483 1833 2553 Πάτερ

268 2583 413 2648 ᾰγιε,
446 2581 533 2643 δὸς
569 2582 674 2641 ἵνα,
708 2580 838 2632 ὅπου
870 2575 976 2646 ἐγώ
996 2577 1129 2645 εἰμι,
1159 2575 1251 2626 καὶ
1280 2576 1431 2628 αὐτοὶ
1455 2569 1574 2627 ὦσι.
1603 2575 1832 2637 Σπάνιος

267 2675 362 2728 καὶ
404 2672 432 2724 6
459 2671 730 2743 παροικῶν
758 2672 815 2722 ὲν
839 2670 915 2740 τῷ
942 2668 1172 2740 σώματι,
1215 2667 1309 2719 καὶ
1337 2669 1363 2720 6
1392 2666 1744 2737 κατασκηνῶν
1775 2668 1831 2720 ἐν

265 2765 344 2836 τῷ
376 2766 508 2836 ὄρει.
562 2762 659 2816 Διὰ
701 2760 856 2813 τοῦτο
902 2763 975 2824 ώς
1016 2759 1235 2833 ἀπορῶν
1274 2759 1302 2811 6
1331 2758 1484 2826 λόγος
1527 2758 1697 2827 φησί·
1739 2761 1833 2823 Τίς

264 2855 652 2926 παροικήσει;
701 2853 813 2916 καὶ,
869 2853 959 2915 Τίς
981 2849 1469 2919 κατοσκηνώο·ει;
1501 2848 1575 2911 ώς·
1624 2848 1703 2913 τὸ,
1737 2849 1832 2914 Τίς

264 2953 415 3018 ἔγνω
443 2947 591 3000 νοῦν
626 2943 881 3011 Κι·ριόυ;
917 2940 1008 2992 καὶ
1047 2941 1125 3001 τὸ,
1179 2943 1271 3006 Τίς
1311 2937 1630 3009 ἀναγγελεῖ
1671 2937 1828 3006 ὑμῖν,

264 3043 352 3095 ὅτι
378 3042 493 3109 πῦρ
524 3041 782 3101 καιἐτιιι;
831 3036 921 3088 καὶ
958 3033 1038 3097 τὸ,
1083 3035 1177 3096 Τίς
1210 3033 1525 3103 ἀναγγελεῖ
1555 3033 1696 3102 ὑμῖν
1726 3032 1832 3085 τὸν·

264 3137 449 3188 τόπον
473 3134 576 3185 τὸν
603 3129 870 3190 αἱώνιον;
910 3127 1002 3178 κα)⁸
1045 3124 1124 3186 τὸ,
1165 3125 1260 3190 Τίς
1290 3123 1402 3190 ἄρα
1429 3128 1458 3177 ό
1489 3125 1699 3190 πιστὸς
1731 3125 1825 3176 καὶ

261 3227 546 3295 φρόνιμος
576 3223 924 3290 οἱκονόμος;
982 3217 1134 3288 Τάχα
1181 3216 1235 3268 δὲ
1291 3216 1384 3268 καὶ⁸
1422 3217 1829 3286 ἐρωτηματικόν

260 3320 379 3370 ἐστι
422 3317 497 3381 τὸ,
546 3317 658 3381 Τίς,
699 3315 773 3377 ώς
807 3312 1094 3383 ἀπόκρισιν
1139 3307 1518 3378 ἐπιζητοῦντος
1553 3309 1703 3380 παρὰ
1736 3311 1827 3363 τοῦ
1860 3301 1900 3356 (Σ

260 3407 462 3478 Κυρίου
493 3406 584 3458 τοῦ
620 3405 795 3473 ἁγίου,
831 3396 874 3471 ᾧ
905 3401 1226 3470 διαλέγεται.
1253 3400 1394 3469 Πρὸς
1422 3399 1478 3452 ὃν
1510 3401 1542 3470 ὴ
1569 3399 1685 3451 θεία
1716 3416 1827 3466 φω-

256 3502 346 3571 νὴ,
382 3500 576 3552 λύουσα
621 3497 680 3549 τὸ
727 3495 1078 3566 ἐπερώτημα,
1113 3494 1164 3546 τί
1200 3511 1361 3565 φησις
1414 3493 1820 3560 Πορεοόμενος

255 3592 513 3661 ἄμωμος,
552 3587 648 3641 καὶ
684 3584 1066 3655 ἐργαζόμενος
1105 3586 1515 3652 δικαιοσύνην.
1567 3585 1629 3636 Ei
1673 3586 1826 3654 ἄμω-

259 3682 360 3753 μός
390 3682 533 3732 ἐστιν
565 3680 592 3730 6
647 3675 871 3748 μηδενὸς
910 3675 1016 3728 τῶν
1049 3675 1269 3742 ἀγαθῶν
1303 3675 1547 3744 ἐλλιπὴς,
1591 3674 1697 3727 ἀπὸ
1723 3674 1825 3726 πά-

260 3793 360 3846 σης
385 3773 579 3835 κακίας
607 3769 916 3832 ἀπταίστως
947 3769 1036 3822 τὸν
1071 3768 1180 3838 βίον
1217 3767 1406 3821 ἑαυτοῦ
1438 3767 1719 3835 διεξάγων,
1748 3767 1826 3818 τί-

255 3887 322 3922 να
343 3869 452 3938 ἔχει
481 3866 614 3937 πρὸς
637 3865 724 3917 τὸν
747 3863 998 3917 ποιοῦντα
1021 3860 1360 3931 δικαιοσύνην
1384 3860 1673 3930 διαφοράν;
1701 3855 1824 3929 Ἆρ’

251 3958 347 4014 οἷν
383 3961 471 4012 τὸν
509 3959 668 4011 αὑτὸν
700 3957 820 4011 νοῦν
854 3959 910 4008 ὲν
935 3955 1138 4018 διπλοῖς
1173 3956 1408 4026 ῥήμασιν
1452 3953 1783 4021 ἀπαγγέλλει
1807 3970 1822 3984 ο

252 4053 661 4121 Πορευόμενος
688 4049 944 4116 ἄμωμος,
969 4048 1065 4100 καὶ
1100 4047 1482 4116 ἐργαζόμενος
1511 4047 1583 4115 (5}
1606 4046 1823 4099 δικαιο-

249 4148 484 4213 σύνηιπ
523 4145 590 4196 Ἢ
626 4141 760 4195 ἰδίαν
796 4141 916 4193 τινὰ
954 4140 1188 4192 διάνοιαν
1223 4141 1480 4210 ἑκάτερον
1518 4139 1626 4191 τῶν
1669 4141 1821 4208 εἰρη-

253 4237 431 4307 μένων
461 4234 821 4304 παρίστησιν;
858 4231 944 4283 ἵνα
1049 4231 1076 4282 6
1109 4229 1205 4299 μὲν
1241 4229 1466 4298 ἄμωμος
1508 4231 1535 4280 ὁ
1565 4229 1704 4280 κατὰ
1733 4229 1821 4281 τὸν

248 4325 308 4376 ὲν
360 4320 585 4393 κρυπτῷ
627 4319 911 4390 ἄνθρωπον
957 4320 1036 4382 εἰς
1083 4319 1261 4372 πᾶσαν
1304 4317 1581 4370 τελείωσιν
1622 4318 1820 4389 ἀρετῆς

245 4411 671 4483 ἀπηρτισμένος,
728 4409 755 4460 6
802 4407 857 4459 δὲ
912 4406 1275 4478 ἐργαζόμενος
1314 4403 1656 4474 δικαιοσύνην
1704 4405 1731 4456 6
1763 4408 1819 4455 τὸ

247 4503 550 4576 πρακτικὸν
584 4499 776 4554 ἑαυτοῦ
811 4499 898 4552 διὰ
926 4499 1033 4552 τῶν
1061 4496 1385 4566 σωματικῶν
1416 4495 1702 4566 ἐνεργειῶν
1728 4512 1813 4546 τε-

243 4595 422 4647 λειῶν.
459 4596 549 4645 Δεῖ
581 4592 687 4662 γὰρ
720 4593 779 4644 οὐ
823 4591 978 4661 μόνον
1011 4590 1182 4641 ποιεῖν
1223 4588 1319 4659 τὴν
1347 4587 1558 4640 δικαίαν
1598 4586 1812 4656 πρᾶξιν,

1945 2013 2140 2080 requiei
2170 2014 2308 2070 illius
2339 2017 2390 2069 in
2442 2025 2620 2068 monte
2655 2014 2889 2072 fruentla'
2936 2021 3241 2087 exhibetur,
3285 2031 3513 2078 etamor

1941 2107 2027 2174 qui
2057 2122 2119 2159 ex
2152 2123 2452 2162 mammona
2499 2108 2796 2177 iniquitatis
2828 2112 3083 2177 nascitur,
3125 2115 3510 2170 habitationem

1940 2199 2158 2266 prmbet.
2196 2196 2376 2251 Facite
2405 2200 2542 2252 enim
2572 2198 2712 2253 vobis
2748 2202 2945 2255 amicos
2981 2205 3044 2256 de
3079 2221 3374 2258 mammona
3406 2208 3511 2261 ini-

1937 2293 2186 2359 quitatis,
2221 2304 2273 2344 ut
2308 2309 2422 2344 cum
2470 2293 2778 2361 defeceritis,
2815 2295 3062 2362 recipiant
3113 2311 3196 2348 vos
3229 2297 3282 2349 in
3317 2309 3510 2352 a'terna

1940 2381 2275 2434 tabernacula
2307 2382 2374 2434 ⁸⁵.
2440 2382 2512 2436 De
2586 2385 2683 2438 bac
2755 2386 3177 2441 commoratione
3257 2387 3511 2443 Dominus

1938 2487 2034 2542 per
2058 2476 2268 2526 modum
2323 2476 2571 2542 precandi
2622 2478 2695 2528 ait
2725 2495 2737 2530 :
2765 2477 2923 2532 Pater
2973 2490 3177 2546 sancte,
3212 2483 3298 2548 da,
3333 2491 3390 2534 ut
3417 2483 3506 2538 ubi

1937 2580 2057 2618 sum
2103 2579 2222 2634 ego,
2273 2575 2326 2617 et
2364 2565 2436 2617 illi
2493 2566 2601 2619 sint
2636 2566 2701 2620 ⁸⁸.
2736 2567 2908 2622 Rarus
2960 2580 3136 2624 autem
3182 2581 3292 2624 tum
3325 2574 3414 2642 qui
3453 2574 3504 2628 in

1937 2671 2160 2727 corpore
2190 2665 2443 2726 tauquam
2493 2656 2663 2710 incola
2716 2658 2942 2722 habitat,
2988 2672 3096 2713 tum
3123 2662 3211 2731 qui
3246 2663 3295 2716 in
3329 2675 3508 2718 monte

1940 2749 2243 2816 requiescit.
2269 2748 2555 2817 Propterea
2583 2750 2860 2820 Scriptura
2893 2762 2951 2805 ut
2972 2752 3219 2807 dubitans
3249 2755 3321 2808 ait
3344 2772 3355 2807 ε
3378 2755 3506 2821 Quis

1935 2837 2390 2904 peregrinabitur?
2419 2848 2493 2900 et,
2531 2837 2660 2902 Quis
2700 2842 3027 2907 requiescet?
3072 2844 3249 2914 107‘
3307 2848 3505 2912 Quent-

1937 2925 2220 2979 admodum
2266 2927 2429 2980 illud:
2472 2928 2598 2992 Quis
2628 2934 2861 3000 cognorit
2911 2945 3129 2987 mentem
3170 2936 3378 2990 Domini
3416 2937 3509 2992 ⁸⁷ῖ

1938 3015 2063 3070 Item
2099 3017 2264 3070 illud:
2297 3019 2425 3084 Quis
2461 3021 2790 3074 annuntiabit
2842 3025 2981 3076 vobis
3032 3025 3170 3093 quod
3223 3027 3357 3096 ignis
3413 3045 3504 3082 ar-

1934 3109 2016 3161 det
2035 3107 2078 3138 ⁸⁸
2108 3108 2130 3161 ?
2164 3108 2226 3162 Et
2253 3108 2376 3163 illud
2412 3125 2424 3161 :
2459 3110 2590 3175 Quis
2629 3115 2957 3166 annuntiabit
2985 3117 3124 3170 vobis
3155 3117 3325 3171 locum
3353 3132 3504 3174 αἰεν-

1936 3214 2057 3251 num
2086 3198 2131 3229 ⁸⁵
2160 3198 2183 3251 ?
2218 3207 2290 3263 et,
2325 3196 2474 3264 Quis,
2506 3210 2682 3268 putas,
2722 3200 2893 3268 ﬁdelis
2925 3211 3040 3268 est,
3071 3212 3117 3256 et
3161 3205 3386 3272 prudens
3419 3209 3502 3260 di-

1933 3309 2306 3379 spensator”?
2349 3310 2599 3367 Fortasse
2647 3323 2821 3367 autem
2860 3325 2915 3368 et
2963 3314 3112 3380 illud,
3151 3315 3302 3379 Quis,
3339 3317 3504 3373 inter-

1933 3403 2170 3470 rogative
2229 3403 2465 3466 dicitur,
2513 3404 2664 3472 quasi
2727 3419 3039 3473 responsum
3109 3408 3415 3477 exquiret-et
3468 3427 3499 3465 a

1929 3490 2156 3546 Domino
2188 3502 2396 3558 sancto,
2423 3493 2488 3545 ad
2522 3508 2678 3562 quem
2710 3493 2962 3564 loquitur.
2986 3496 3081 3550 Cui
3117 3500 3241 3566 quid
3276 3515 3497 3569 respou-

1928 3583 2016 3635 det
2051 3583 2228 3638 divina
2257 3600 2380 3650 vox,
2409 3587 2759 3654 quaestionem
2799 3588 3012 3644 solvens
3053 3589 3075 3642 ?
3111 3589 3270 3647 Vens.
3309 3592 3362 3650 2.
3387 3592 3489 3658 Qui

1927 3679 2220 3748 ingreditur
2265 3681 2376 3734 sine
2431 3681 2659 3746 macula,
2690 3693 2736 3736 et
2782 3684 3330 3754 operatnrjustitiam.
3361 3687 3414 3742 Si
3453 3690 3497 3743 is

1926 3766 2015 3834 qui
2048 3765 2193 3819 nullo
2216 3767 2356 3821 bono
2384 3777 2549 3832 caret,
2574 3777 2624 3822 et
2649 3784 2800 3824 suam
2826 3771 2989 3838 ipsius
3013 3775 3174 3826 vitam
3201 3776 3316 3828 sine
3342 3777 3484 3832 nullo

1922 3866 2142 3926 peccato
2173 3858 2434 3914 inoil‘ense
2461 3860 2728 3930 transigit,
2768 3863 2883 3915 sine
2923 3863 3128 3917 macula
3153 3875 3266 3927 est;
3296 3867 3346 3920 itt
3393 3883 3499 3937 quo

1923 3949 1989 4002 ab
2015 3965 2078 4004 eo
2108 3951 2196 4019 qui
2228 3951 2492 4020 justitiam
2524 3951 2672 4018 facit,
2717 3953 2893 4007 dillert
2923 3954 2945 4007 ?
2970 3954 3103 4009 Num
3149 3958 3311 4028 igitur
3341 3975 3492 4013 euut-

1921 4040 2042 4094 dem
2096 4055 2311 4094 sensum
2357 4041 2600 4094 enuntiat
2651 4043 2946 4112 duplicibus
2995 4047 3173 4100 verbis
3211 4066 3224 4100 :
3259 4046 3361 4112 Qui
3409 4049 3492 4101 in-

1919 4132 2157 4200 greditur
2178 4133 2286 4184 sine
2327 4132 2552 4196 macula,
2573 4142 2620 4188 et
2653 4147 2894 4202 operatur
2915 4137 3228 4205 justitiam?
3260 4139 3340 4190 An
3376 4155 3494 4208 pro.

1921 4224 2089 4291 priam
2141 4225 2426 4292 quamdam
2461 4227 2905 4297 signiﬁcationem
2938 4229 3158 4282 verbum
3193 4239 3480 4300 utrumque

1919 4313 2135 4383 praefert
2154 4315 2177 4367 ?
2198 4319 2329 4370 adeo
2356 4326 2412 4369 ut
2440 4317 2484 4370 is
2508 4317 2580 4369 sit
2608 4318 2723 4371 sine
2755 4317 2980 4383 macula,
3017 4320 3105 4390 qui
3148 4320 3292 4375 oumi
3321 4322 3491 4374 virtu-

1921 4406 1986 4458 tis
2013 4407 2340 4473 perfectione
2365 4407 2639 4463 absolutus
2672 4419 2752 4463 est
2790 4413 3081 4465 secundum
3114 4413 3489 4466 absconditum

1919 4497 2212 4559 hominem.
2251 4499 2337 4553 ille
2382 4514 2507 4553 vero
2554 4511 2804 4570 operetur
2836 4501 3132 4571 justitiam,
3172 4504 3264 4572 qui
3302 4500 3488 4573 agendi

1921 4591 2027 4642 vim
2067 4606 2162 4660 per
2194 4593 2501 4660 corporales
2549 4593 2786 4647 actiones
2837 4594 3068 4662 perlicit.
3096 4595 3314 4663 Oportet
3349 4597 3486 4649 enim

242 4687 380 4740 ἀλλὰ
424 4686 515 4739 καὶ
542 4684 649 4737 άπὸ
689 4682 983 4744 διαθέσεως
1025 4679 1238 4742 δικαίας
1287 4679 1648 4750 ἐργάξεσθαι·
1685 4679 1824 4732 κατὰ
1855 4662 1900 4718 D

1806 4679 1824 4731 it
1855 4662 1900 4718 Ῑ)
1931 4696 2034 4734 non
2061 4681 2230 4734 solum
2264 4684 2459 4736 bonmu
2489 4699 2622 4751 opus
2652 4683 2851 4747 facere,
2871 4686 2961 4738 sed
2992 4686 3153 4738 etiam
3187 4687 3309 4740 illud
3343 4688 3488 4756 justo

241 4780 302 4832 τὸ
355 4777 664 4849 εἰρημένον,
717 4776 796 4827 ὅτι
858 4773 1101 4836 Δικαίως
1162 4771 1225 4824 τὸ
1265 4771 1498 4824 δίκαιον
1549 4770 1812 4837 διώξεις·

919 4953 963 4982 ⁸³
1000 4950 1206 5003 Coloss.
1261 4965 1317 5001 tn
1343 4989 1356 5006 .
1390 4948 1443 5001 5.

993 5022 1038 5053 ⁸⁸
1068 5021 1168 5074 lsa.
1196 5035 1383 5082 XXXIII,
1417 5019 1498 5072 Μ.

321 4957 363 4986 ⁸¹
398 4956 554 5008 llelir.
606 4971 702 5013 xu.
755 4953 844 5008 22.

239 5043 350 5088 xiv,
384 5028 436 5077 5.
511 5027 552 5056 ⁸⁷
585 5025 685 5081 lsa.
716 5040 799 5087 ιιι,
834 5023 916 5077 15.
993 5022 1038 5053 ⁸⁸
1068 5021 1168 5074 lsa.
1196 5035 1383 5082 usttt,
1417 5019 1498 5072 Μ.
1576 5018 1620 5048 ⁸³
1653 5021 1781 5073 ibid.

308 5200 421 5268 (99)
477 5199 568 5253 Sic
625 5215 749 5252 mss.
809 5198 1047 5268 plerique
1086 5212 1309 5268 omnes.
1375 5196 1530 5268 Deest
1589 5196 1683 5268 καί
1747 5198 1797 5248 iu

232 5265 416 5324 editis.
465 5269 657 5322 Statim
709 5265 822 5330 illa,
863 5265 971 5330 ἕως
1015 5267 1108 5320 τοῦ
1163 5265 1310 5319 οἴκου
1356 5265 1450 5317 τοῦ
1496 5265 1652 5327 Θεοῦ,
1705 5268 1798 5318 ad-

230 5343 372 5409 jecta
437 5351 561 5393 sunt
639 5339 691 5392 iu
755 5340 882 5407 lleg.
940 5341 1094 5392 tertio
1153 5347 1520 5409 postvocem
1579 5335 1797 5406 Θαυμα-

234 5407 368 5478 στῆς
405 5427 416 5460 :
466 5411 558 5462 sed
611 5409 711 5463 hoc
755 5410 962 5462 videtur
995 5424 1196 5461 merum
1226 5407 1645 5478 additamentum
1676 5421 1795 5458 esse

232 5475 390 5534 otiosi
425 5480 700 5545 cujusdam
730 5478 962 5541 librarii;
999 5494 1170 5546 eoque
1190 5475 1379 5545 magis,
1416 5478 1556 5542 quod
1581 5493 1640 5529 ea
1677 5492 1795 5542 quae

231 5550 618 5618 exscripsimus
662 5549 820 5601 verba
875 5549 925 5600 in
974 5548 1094 5600 aliis
1141 5557 1346 5618 septem
1400 5559 1530 5597 mss.
1593 5547 1790 5618 desint.

234 5620 384 5672 llaud
418 5615 600 5688 ’louge
659 5619 709 5671 iu
763 5618 968 5672 duobus
1024 5632 1150 5671 mss.
1210 5615 1424 5668 additur
1475 5615 1638 5684 φησίν
1677 5626 1794 5684 post

233 5691 463 5750 ἑαυτοῖς.

301 5759 377 5830 (1)
409 5758 516 5811 Καὶ
542 5759 646 5824 ή...
679 5757 866 5825 φιλία.
907 5755 1160 5830 Verte,“
1191 5764 1490 5830 comparata
1528 5771 1592 5808 ex
1628 5770 1792 5830 mam-

232 5825 388 5881 mona
421 5829 705 5896 iniquitatis
740 5830 994 5889 mnicitt'a,
1049 5825 1099 5878 id
1133 5835 1233 5896 est,
1258 5825 1415 5896 amici
1453 5841 1588 5894 quos
1634 5825 1787 5880 nobis

235 5900 458 5954 tacimus
487 5892 552 5952 ex
584 5915 884 5954 mammona
911 5895 1231 5967 iniquitatis.
1257 5892 1468 5950 MARAN.

1545 4949 1590 4978 ⁸³
1621 4948 1761 5001 Psal.
1795 4964 1903 5008 xu,
1938 4949 1990 5001 5.

1874 5021 1920 5051 ¹⁹⁰
1957 5021 2086 5073 Luc.
2116 5035 2209 5082 xu,
2242 5018 2328 5070 ιε.

1924 4782 2178 4841 rectoque
2200 4774 2377 4827 animo
2404 4789 2581 4843 agere,
2609 4773 2758 4841 juxta
2790 4774 2838 4828 id
2861 4777 2998 4844 quod
3020 4777 3218 4832 dictum
3247 4790 3326 4832 est
3353 4797 3366 4830 :
3390 4780 3486 4832 Ju-

2067 4949 2112 4979 ⁸³
2154 4947 2293 4999 Psal.
2331 4963 2554 5010 umit,
2585 4948 2639 5000 εὶ.
2742 4950 2785 4980 ⁸⁸
2813 4948 2941 5004 Luc.
2995 4967 3104 5015 tm,
3131 4952 3184 5006 9.
3262 4952 3306 4982 ⁸⁸
3331 4951 3482 5006 Joau.

1978 5196 2053 5266 (ε)
2102 5194 2228 5249 Mss.

1907 5264 2042 5320 cunt
2065 5267 2224 5320 editis
2257 5264 2408 5333 ἔλεγε
2441 5265 2520 5319 τό.
2562 5264 2936 5335 Colb._sextus
2959 5277 3010 5318 et
3044 5266 3172 5335 lteg.
3213 5267 3483 5320 secundus

1907 5335 2222 5402 simpliciter
2265 5335 2438 5403 ἔλεγε,
2473 5337 2676 5404 Πάτερ.
2729 5333 2874 5404 inira
2922 5335 3052 5402 Reg.
3108 5333 3377 5390 secundus
3427 5348 3482 5390 et

1895 5406 2046 5464 (lolb.
2100 5417 2284 5458 seuus
2310 5405 2508 5458 λύουσα
2553 5403 2932 5475 τὸλὲρώτημα.
2976 5405 3172 5460 Ibidem
3208 5406 3340 5475 Reg.
3375 5417 3483 5460 ter-

1898 5478 1997 5546 tius
2036 5475 2342 5546 ἀκολούθως
2363 5477 2414 5528 τί
2435 5493 2589 5546 φησι.

1970 5545 2047 5614 (5)
2082 5544 2256 5599 Editio
2291 5543 2459 5601 Paris.
2499 5543 2622 5601 eum
2655 5559 2762 5616 uno
2789 5553 2882 5616 aut
2916 5543 3085 5600 altero
3111 5559 3213 5598 ms.
3249 5545 3480 5616 ἐργαζόο

1900 5613 2059 5686 μενός
2091 5632 2222 5686 φησι
2252 5634 2262 5667 :
2308 5619 2399 5670 sed
2459 5631 2561 5669 vox
2587 5685 2596 5686 ί
2619 5613 2752 5685 φησι
2789 5615 2938 5686 tleest
2969 5617 3041 5686 Win
3099 5615 3220 5668 aliis
3275 5613 3474 5684 septem

1899 5684 2032 5737 mss.
2092 5684 2160 5738 et
2202 5686 2252 5738 iu
2290 5687 2528 5740 editione
2578 5685 2744 5738 Bastl.
2806 5684 2922 5737 Mox
2967 5685 3098 5752 Reg.
3151 5686 3338 5738 tertius
3370 5702 3476 5738 κα-

1894 5757 1961 5808 τά
1992 5754 2081 5807 τὸν
2131 5755 2386 5824 κρυπτόν.
2430 5756 2572 5809 Infra
2630 5770 2755 5809 mas.
2794 5754 2998 5822 aliquot
3016 5753 3229 5818 δεικνύς
3262 5771 3354 5822 pio
3381 5771 3474 5807 τε-

1893 5825 2072 5906 λειῶνέ
2101 5823 2194 5880 sed
2226 5826 2298 5882 ita
2361 5835 2559 5892 tamen,
2609 5834 2664 5881 ut
2698 5823 2868 5896 major
2915 5840 3042 5894 pars
3102 5843 3229 5881 mss.
3274 5825 3474 5895 liabeat

1892 5911 2009 5948 τελε
2020 5914 2135 5949 ιων.

2302 5205 2494 5248 uatuor
2523 5210 2628 5249 uno
2678 5195 2840 5248 verbo
2898 5195 3186 5262 διελέγετο.
3219 5195 3319 5248 Alii
3350 5213 3479 5253 mss.
