4260 6488
823 416 925 466 Ξῖῐῖί

2128 412 2185 466 S.
2229 414 2467 466 BASlLll
2508 414 2721 467 MAGNI

3960 421 4062 473 956

815 537 891 578 ste
916 526 1052 591 quod
1085 524 1287 589 justum
1318 530 1394 575 est
1420 524 1805 588 persequeris"
1832 537 1844 583 ;
1878 520 1978 573 hoc
2014 532 2113 584 est,
2148 536 2267 575 cum
2306 538 2393 575 ra-
2422 542 2466 596 Α
2496 548 2497 551 η

2374 553 2393 563 ο
2422 542 2466 596 Α
2496 524 2760 586 τουτέστι,
2798 524 2933 592 μετά
2966 522 3059 574 τοῦ
3088 524 3245 591 λόγου
3278 525 3378 593 τῆς
3410 524 3755 591 δικαιοσύνης
3797 525 4054 581 ἐπιτελεῖ»

815 618 957 667 tione
1005 612 1227 681 justitiaa
1268 611 1651 667 absolvendum
1688 623 1771 667 est
1801 626 1955 681 opus.
2010 610 2201 677 ldiota,
2246 615 2373 670 verb

814 705 1004 773 gratia,
1025 704 1344 759 medicinam
1373 704 1589 771 quidem
1613 706 1847 774 aliquam
1870 702 2106 770 coniicit,
2126 706 2193 759 ad
2219 719 2391 773 aegro-

816 798 1041 850 tantium
1069 796 1355 853 utilitatem
1390 799 1720 861 tendentem,
1756 797 1847 851 sed
1884 796 1930 850 is
1969 798 2069 850 hoc
2109 814 2211 852 non
2261 797 2387 852 item

815 888 1141 943 medicorum
1180 903 1326 943 more
1356 889 1629 955 praestitit,
1666 886 1807 955 quod
1854 885 1985 939 nihil
2027 890 2159 941 artis
2190 895 2388 951 teneat,

814 982 955 1050 quod
1006 996 1140 1051 opus
1188 980 1494 1035 comitetur.
1534 979 1716 1048 Itaque
1768 978 1856 1047 qui
1921 980 2217 1046 ingreditur
2270 978 2388 1034 sine

818 1074 1045 1139 macula,
1097 1084 1273 1128 mente
1327 1072 1597 1141 perlectus
1644 1082 1771 1126 est:
1814 1072 1904 1140 qui
1960 1088 2090 1127 vero
2137 1081 2389 1141 operatur

810 1165 1096 1234 justitiam,
1124 1165 1414 1217 secundum
1468 1180 1652 1218 vocem
1688 1163 1926 1233 Apostoli
1950 1203 1964 1229 ,
1994 1165 2388 1220 inccttlusibilis

816 1268 895 1309 est
929 1255 1132 1307 Domini
1165 1256 1515 1323 operarius”.

883 1345 936 1399 3.
978 1346 1232 1399 Attendas
1271 1346 1425 1400 velim
1452 1354 1756 1401 accuratam
1798 1347 2111 1402 dictionem.
2151 1344 2266 1400 Non
2302 1347 2387 1401 di-

815 1438 913 1500 xit,
966 1436 1066 1503 Qui
1121 1438 1393 1508 ingresSus
1445 1449 1525 1493 est
1567 1439 1680 1493 sine
1728 1440 1957 1501 macula,
2003 1440 2116 1503 sed,
2160 1436 2264 1503 Qui
2308 1440 2389 1493 in-

814 1527 1048 1596 greditur
1071 1529 1179 1582 sine
1204 1529 1444 1593 macula;
1468 1543 1659 1597 neque,
1690 1528 1789 1596 Qui
1819 1540 2075 1601 operatus
2114 1539 2191 1583 est
2227 1529 2385 1599 justi-

820 1620 968 1684 tiam,
998 1620 1108 1683 sed,
1137 1618 1237 1684 Qui
1284 1630 1548 1689 operatur.
1590 1620 1703 1675 Non
1740 1624 1881 1677 enim
1914 1622 2051 1675 aetio
2082 1636 2182 1673 una
2215 1621 2385 1675 virum

819 1714 1039 1783 probum
1069 1712 1295 1780 perﬁcit,
1330 1714 1423 1766 sed
1448 1712 1511 1766 ad
1539 1730 1749 1768 omnem
1780 1714 1939 1767 vitam
1971 1712 2183 1766 extendi
2221 1728 2383 1781 opor-

820 1814 891 1857 tet
923 1805 1132 1857 virtutis
1165 1819 1355 1872 opera.
1390 1803 1548 1859 Vens.
1574 1806 1625 1859 3.
1652 1805 1755 1871 Qui
1778 1806 2010 1872 loquitur
2039 1807 2303 1857 veritatem
2333 1807 2384 1857 in

2486 611 2584 680 τὴν
2616 612 2833 684 πρᾶξιν.
2875 606 3001 665 Οἷον
3050 618 3194 666 ποιεῖ
3249 616 3347 684 μὲν
3398 618 3505 685 γάρ
3548 629 3600 665 τι
3645 613 3885 682 ἰατρικὸν
3929 617 4058 683 πρὸς

2488 702 2759 771 ὠφέλειαν
2816 703 2977 773 φέρον
3021 702 3128 756 τῶν
3180 706 3545 761 ἀσθενούντων
3587 705 3616 757 6
3666 702 3901 775 ἰδιώτης.
3946 705 4056 758 ἀλλ’

2488 793 2610 863 οὐχὶ
2672 796 2766 849 καὶ
2833 793 3091 863 ἰατρικῶς
3148 794 3399 862 ἐποίησεν
3456 800 3484 851 6
3539 796 3798 859 τοιοῦτος,
3857 795 3937 865 τῷ
3986 796 4059 867 μὴ

2489 884 2632 953 ἔχειν
2682 886 2758 957 (l)
2812 904 2864 939 τι
2925 884 3025 953 τῆς
3085 884 3281 955 τέχνης
3340 889 3405 955 τῇ
3459 890 3704 961 ἐνεργείᾳ
3764 888 4060 956 συνεπόμε-

2488 993 2599 1028 νον.
2664 979 3034 1050 Πορευόμενος
3099 973 3192 1031 οὖν
3253 977 3482 1047 ἄμωμος
3535 982 3562 1031 6
3604 981 3745 1034 κατά
3786 979 3909 1033 νοῦν
3968 980 4055 1031 τέ-

2489 1068 2663 1131 λειος·
2704 1071 3065 1141 ἐργαζόμενος
3103 1071 3159 1124 δὲ
3201 1069 3542 1139 δικαιοσύνην
3583 1074 3611 1123 6
3653 1074 3793 1127 κατὰ
3838 1074 3935 1145 τὴν
3965 1069 4056 1125 τοῦ

2503 1160 2825 1214 ’Δποστόλου
2872 1160 3053 1232 φωνὴν
3108 1162 3528 1232 ἁνεπαίσχυντος
3588 1162 3679 1214 τοῦ
3728 1167 3932 1237 Κυρίου
3971 1168 4058 1236 ἐρ.

2494 1252 2685 1320 γάτης.

2557 1344 2609 1396 5.
2649 1344 2888 1414 Πρόσχες
2919 1343 2973 1396 δὲ
2998 1345 3064 1414 τῇ
3102 1344 3354 1417 ἀκριϐείᾳ
3386 1346 3483 1417 τῆς
3514 1343 3728 1410 λέξεως.
3766 1351 3877 1403 υύκ
3910 1366 4052 1412 ειπε,

2488 1433 2780 1503 Πορευθεὶς
2835 1436 3080 1505 ἄμωμος,
3129 1435 3285 1499 ἀλλὰ,
3329 1438 3732 1509 Πορευόμενος
3779 1440 4051 1509 ἄμωμος·

2487 1526 2624 1589 οὐδὲ,
2663 1526 3064 1597 Ἐργασάμενος
3109 1526 3477 1600 δικαιοσύνην,
3531 1528 3665 1592 ἀλλ’,
3728 1532 4058 1600 Ἐργαζόμε-

2486 1637 2613 1683 νος.
2645 1621 2718 1671 Οὐ
2745 1620 2856 1690 γὰρ
2888 1618 2985 1688 μία
3020 1610 3216 1689 πρᾶξις
3240 1622 3435 1677 τελειοῖ
3460 1624 3546 1677 τὸν
3584 1622 3888 1684 σπουδαῖον,
3925 1625 4057 1675 ἀλλὰ

2486 1708 2648 1762 παντὶ
2704 1711 2947 1781 προσῆκε
2988 1710 3066 1781 τῷ
3100 1710 3196 1780 βίῳ
3236 1714 3335 1777 τὰς
3375 1718 3490 1768 κατ’
3534 1712 3730 1785 ἀρετὴν
3779 1714 4056 1783 ἐνεργείας

2489 1801 3039 1872 συμπαρατείνεσθαι.
3106 1801 3322 1857 Aulo-ar
3382 1808 3666 1874 ἀλήθειαν
3724 1806 3794 1859 ἐν
3841 1804 4051 1873 καρδίᾳ

818 1896 970 1948 corde
998 1911 1113 1961 suo,
1146 1897 1235 1965 qui
1256 1913 1356 1949 non
1382 1898 1485 1965 egit
1531 1897 1704 1947 dolum
1733 1896 1785 1945 in
1836 1895 2014 1962 lingua
2040 1911 2156 1947 sua.
2177 1894 2381 1948 Rursus
2414 1885 2453 1938 Β
2480 1909 2500 1944 ι

2372 1910 2381 1946 ι
2414 1885 2453 1938 Β
2480 1891 2687 1956 αὑτοῦ,
2714 1891 2779 1958 ὃς
2807 1894 2917 1947 οὐκ
2950 1893 3253 1947 ἐδόλωσεν
3290 1895 3359 1947 ἐν
3380 1897 3624 1967 γλώσσῃ
3650 1896 3857 1951 αὑτοῦ.
3892 1897 4054 1949 Πάλιν

816 1995 870 2041 et
904 1987 990 2041 hic
1020 1988 1203 2043 isthaec
1222 1990 1400 2053 verba,
1430 1987 1569 2054 loqui
1599 1986 1880 2041 veritatem
1913 1989 1965 2041 in
1987 1988 2168 2053 corde,
2194 1999 2247 2041 et
2278 2002 2379 2040 nou

818 2093 977 2149 agere
1003 2081 1178 2133 dolum
1218 2081 1267 2132 in
1305 2078 1483 2147 lingua
1511 2092 1627 2141 sua,
1653 2079 1895 2134 eamdem
1926 2080 2064 2133 inter
2103 2093 2161 2133 se
2190 2080 2384 2133 habent

817 2171 1207 2241 cognatiOnem,
1243 2183 1361 2237 qua:
1415 2180 1534 2224 erat
1563 2168 1703 2223 inter
1733 2170 2128 2223 immaculatum
2155 2184 2295 2234 esse,
2330 2179 2383 2223 et

817 2264 1023 2332 operari
1050 2262 1334 2329 justitiam.
1367 2261 1825 2327 Quemadmodum
1856 2262 1997 2314 enim
2034 2260 2140 2313 illic
2168 2269 2220 2311 et
2260 2274 2379 2312 eum

816 2356 907 2425 qui
948 2357 997 2409 in
1030 2355 1346 2409 abscondito
1383 2355 1651 2422 perlectus
1702 2361 1802 2415 est,
1835 2360 1889 2406 et
1916 2366 2036 2405 eum
2065 2350 2152 2419 qui
2194 2351 2380 2420 agendi

816 2447 1063 2503 facultate
1096 2455 1236 2501 recte
1260 2447 1446 2511 utitur,
1488 2445 1765 2514 Scriptura
1802 2444 2019 2498 exhibet
2049 2443 2159 2497 :ita
2181 2455 2235 2497 et
2274 2444 2381 2507 hic,

818 2543 1065 2612 quoniam
1117 2542 1167 2595 id
1200 2542 1339 2610 quod
1390 2540 1681 2609 loquimur,
1732 2552 1795 2591 ex
1843 2539 2018 2591 cordis
2056 2536 2381 2590 abundantia

817 2636 1058 2702 provenit
1082 2633 1152 2697 ’³,
1186 2648 1431 2689 sermone
1476 2649 1541 2687 ex
1589 2634 1798 2685 interno
1836 2630 2027 2684 alIectu
2065 2639 2317 2698 tanquam
2354 2644 2383 2683 e

816 2722 963 2779 fonte
996 2724 1227 2790 ﬂuente;
1268 2727 1411 2796 prius
1449 2724 1666 2793 protulit
1691 2724 1969 2777 veritatem
2007 2723 2056 2776 in
2080 2724 2244 2776 corde
2280 2737 2384 2774 ma-

816 2825 1054 2877 nentem,
1090 2815 1284 2869 deinde
1321 2816 1433 2883 ejus
1465 2814 1553 2881 qui
1600 2827 1693 2881 per
1723 2812 1955 2881 linguam
1980 2812 2243 2865 emittitur
2270 2826 2385 2866 ser-

815 2907 991 2958 monis
1016 2905 1400 2959 sinceritatem.
1434 2904 1575 2958 Duas
1612 2913 1789 2956 autem
1822 2902 2193 2973 intelligentias
2225 2918 2380 2973 repe-

815 2998 984 3052 rimus
1034 2998 1322 3052 veritatis:
1364 3012 1565 3060 unam,
1606 3011 1784 3050 rerum
1834 2994 1899 3050 ad
1959 2995 2168 3050 beatam
2218 2994 2381 3047 vitam

815 3091 1223 3146 conducentium
1273 3090 1808 3160 comprehensionem
1853 3106 1868 3154 ;
1910 3089 2131 3143 alteram
2196 3104 2380 3143 sanam

816 3183 1181 3253 cujuscunque
1226 3184 1301 3237 rei
1347 3183 1411 3235 ad
1465 3182 1624 3234 vitam
1670 3181 1945 3235 attinentis
1997 3182 2375 3251 cognitionem.

2481 1984 2574 2036 καὶ
2612 1983 2845 2037 ἐνταῦθα
2877 1984 2972 2057 τὴν
3001 1987 3169 2058 αὐτὴν
3202 1986 3314 2059 ἔχει
3349 1992 3634 2047 κοινωνίαν
3684 1993 3819 2064 πρὸς
3856 1991 4055 2061 ἄλληλα

2480 2073 2541 2126 τὸ
2587 2074 2766 2128 λαλεῖν
2812 2076 3067 2147 ἀλήθειαν
3114 2080 3170 2130 ὲν
3202 2076 3415 2150 καρδίᾳ,
3454 2084 3547 2136 καὶ
3595 2083 3655 2135 τὸ
3687 2082 3761 2153 μὴ
3788 2081 3971 2135 δολοῦν
4000 2084 4054 2133 tv

2481 2166 2700 2240 γλώσσῃ
2732 2170 2894 2221 αὐτοῦ
2917 2188 2929 2198 ·
2967 2170 3155 2224 ὁποίαν
3185 2166 3295 2241 εἶχε
3324 2171 3381 2223 τὸ
3406 2168 3542 2227 εἶναι
3574 2176 3801 2246 ἄμωμον
3830 2175 3968 2243 πρὸς
3997 2172 4056 2225 τὸ

2481 2258 2806 2327 ἐργάζεσθαι
2851 2261 3213 2332 δικαιοσύνην.
3281 2262 3368 2324 Ὠς
3427 2266 3532 2336 γὰρ
3578 2269 3691 2319 ἐκεῖ
3723 2265 3815 2318 καὶ
3857 2264 3948 2317 τὸν
3996 2266 4056 2317 tv

2481 2348 2707 2419 κρυπτῷ
2735 2350 2963 2414 τέλειον,
3013 2353 3102 2405 καὶ
3132 2354 3223 2406 τὸν
3262 2355 3318 2406 ὲν
3347 2354 3422 2424 τῷ
3452 2356 3733 2426 πρακτικῷ
3768 2354 4055 2425 εὐοδούμε-

2480 2457 2568 2493 νον
2602 2443 2629 2494 6
2660 2441 2817 2509 λόγος
2845 2443 3195 2515 παρίστησιν,
3216 2444 3360 2498 οὕτω
3381 2448 3474 2500 καὶ
3509 2447 3739 2501 ἐνταῦθα
3758 2445 4057 2518 (5),ὲπειδὴ

2482 2532 2541 2586 τὸ
2568 2532 2893 2604 λαλούμενον
2942 2536 3005 2587 ὲκ
3043 2534 3135 2587 τοῦ
3181 2536 3612 2608 περισσεύματός
3649 2538 3763 2588 ἐστι
3795 2536 3893 2605 τῆς
3920 2553 4055 2606 καρο

2482 2626 2615 2689 δίας,
2646 2621 2755 2680 οἷον
2790 2627 2898 2681 ἀπὸ
2939 2628 3117 2697 πηγῆς
3154 2627 3251 2697 τῆς
3288 2627 3432 2681 ἔνδον
3458 2629 3744 2689 διαθέσεως
3773 2626 3866 2678 τοῦ
3900 2627 4057 2695 λόγου

2486 2720 2722 2789 ῥέοντος,
2753 2722 3019 2790 πρότερον
3052 2716 3173 2773 εἷπε
3210 2719 3306 2791 τὴν
3332 2721 3390 2772 tv
3417 2722 3607 2792 καρδίᾳ
3632 2719 3905 2791 ἀλήθειαν,
3942 2716 4059 2773 εἶτα

2482 2813 2542 2863 τὸ
2560 2814 2616 2863 ὲν
2649 2812 2726 2881 τῷ
2752 2814 2894 2882 λόγῳ
2919 2813 3101 2867 ἄδολον
3127 2813 3203 2884 τῷ
3225 2813 3310 2867 διὰ
3330 2813 3427 2883 τῆς
3448 2814 3698 2883 γλώσσης
3731 2812 4059 2882 ἐνεργουμέ-

2482 2921 2575 2971 νῳ.
2608 2902 2709 2954 Δύο
2738 2904 2796 2957 δὲ
2825 2904 2892 2955 τὰ
2924 2906 3296 2976 σημαινόμενα
3320 2905 3416 2975 τῆς
3444 2904 3697 2977 ἀληθείας
3718 2905 4055 2975 εὑρήσομεν

2483 2994 2538 3047 ἒν
2581 2994 2678 3065 μὲν
2704 2995 2804 3065 τὴν
2836 2996 2962 3065 περὶ
2987 2995 3093 3048 τῶν
3120 2996 3458 3068 πραγμάτων
3497 2996 3604 3049 τῶν
3645 2996 3736 3048 ἐπὶ
3768 2996 3859 3046 τὸν
3893 2993 4059 3063 μακά-

2487 3103 2596 3157 ριον
2647 3084 2757 3154 βίον
2810 3085 3084 3156 φερόντων
3118 3089 3445 3158 κατάληψιν,
3490 3089 3673 3157 ἕτερον
3714 3086 3769 3137 δὲ
3802 3085 3899 3154 τὴν
3933 3086 4058 3155 περὶ

2483 3177 2790 3248 οίουδήποτε
2817 3177 2924 3229 τῶν
2950 3179 3092 3231 κατὰ
3122 3181 3213 3232 τὸν
3249 3179 3359 3249 βίον
3390 3179 3594 3248 εἴδησιν
3619 3176 3766 3245 ὑγιῆ.
3813 3176 4057 3245 Ἐκείνην

816 3276 960 3330 lllam
992 3276 1151 3342 igitur
1174 3276 1476 3338 veritatem,
1502 3275 1689 3327 salutis
1714 3273 2053 3340 adjutricem,
2074 3274 2122 3325 in
2151 3272 2380 3326 hominis
2407 3256 2447 3311 (δ
2488 3288 2498 3339 ι

2374 3290 2380 3323 ι
2407 3256 2447 3311 C
2488 3271 2583 3339 μὲν
2612 3265 2703 3322 οὖν
2732 3269 2828 3340 τὴν
2858 3268 3132 3339 ἀληθειαν,
3162 3272 3260 3340 τὴν
3294 3269 3551 3340 συνεργὸν
3576 3268 3674 3337 τῆς
3700 3269 3971 3340 σωτηρίας
4002 3270 4056 3320 ὲν

815 3367 1033 3437 νοτίαιιὶ
1071 3366 1231 3419 corde
1262 3364 1599 3429 insidentem,
1631 3372 1842 3432 oportet
1880 3364 1995 3417 sine
2021 3361 2141 3416 dolo
2170 3362 2223 3416 in
2257 3377 2377 3415 om.

814 3458 970 3511 nibus
1003 3458 1243 3527 proximo
1275 3454 1551 3508 exhibere.
1590 3454 1787 3508 Verum
1835 3453 1887 3508 in
1917 3452 2100 3507 saeculi
2146 3452 2305 3508 rebus
2331 3454 2375 3507 si

812 3549 950 3603 forte
976 3565 1005 3603 a
1036 3550 1258 3603 veritate
1294 3547 1505 3601 excidat
1536 3549 1616 3600 vir
1642 3549 1861 3616 probus,
1885 3545 2017 3601 nihil
2062 3546 2183 3600 inde
2208 3546 2380 3614 impe-

813 3644 1008 3707 dietur,
1048 3640 1333 3712 quominus
1382 3640 1657 3708 proposita
1697 3649 2034 3707 assequatur.
2064 3639 2205 3706 Quot
2238 3638 2379 3693 enim

814 3732 991 3790 stadia
1016 3733 1124 3786 sint
1152 3740 1305 3785 terra:
1324 3770 1340 3795 ,
1364 3729 1445 3784 vel
1472 3730 1657 3795 maris,
1692 3739 1892 3799 quotve
1921 3729 2090 3784 stellae
2130 3746 2381 3784 movean-

815 3832 923 3888 tur,
956 3835 1009 3877 et
1052 3831 1308 3892 quantum
1352 3820 1518 3875 altera
1564 3819 1715 3873 alteri
1751 3817 2027 3873 celeritate
2060 3828 2294 3888 przestet,
2332 3819 2376 3872 si

818 3916 869 3969 in
908 3915 972 3970 iis
1020 3914 1327 3984 ignoremus
1376 3914 1653 3968 veritatem
1677 3954 1691 3977 ,
1724 3911 1853 3966 nihil
1905 3911 2211 3981 prohibebit
2249 3912 2375 3979 quin

817 4010 1130 4077 promissam
1160 4009 1210 4061 in
1248 4008 1553 4078 Evangeliis
1577 4007 1961 4061 beatitudinem
1997 4004 2373 4073 adipiscamur.

815 4098 1065 4153 Fortasse
1086 4108 1262 4152 autem
1290 4109 1343 4151 et
1366 4100 1469 4154 tale
1493 4100 1617 4169 quid
1642 4099 1918 4168 Scriptura
1945 4097 2095 4152 nobis
2120 4097 2374 4159 declarat,

813 4189 953 4251 quod
980 4205 1040 4242 ea
1068 4204 1184 4258 qua;
1212 4188 1276 4242 ad
1308 4190 1583 4244 veritatem
1614 4198 1877 4258 spectant,
1895 4190 1993 4242 hoc
2018 4199 2100 4242 est
2131 4186 2374 4259 mystica,

778 4267 781 4270 ⁴
816 4290 918 4330 non
950 4279 1194 4330 omnibus
1225 4278 1404 4331 dicere
1434 4278 1701 4338 convenit,
1729 4278 1820 4331 sed
1862 4277 2106 4345 proximo
2148 4296 2160 4331 :
2199 4279 2248 4331 id
2274 4284 2375 4338 est,

815 4381 918 4421 non
947 4367 1101 4437 vulgo
1131 4368 1376 4435 prodere,
1424 4369 1516 4421 sed
1573 4368 1950 4437 mysteriorum
2002 4369 2372 4437 participibus.

816 4459 1024 4525 Quodsi
1044 4460 1240 4513 veritas
1268 4468 1348 4514 est
1372 4458 1623 4512 Dominus
1648 4458 1907 4519 noster”,
1935 4461 2071 4514 hanc
2098 4461 2375 4514 veritatem

818 4551 1151 4619 impressam,
1168 4560 1221 4605 et
1242 4552 1628 4620 quodammodo
1655 4550 1988 4618 obsignatam
2012 4552 2376 4621 unusquisque

817 4644 867 4693 itt
912 4644 1072 4695 corde
1129 4655 1312 4695 noSIro
1366 4642 1727 4696 retineamus:
1773 4643 1836 4695 de
1866 4658 1970 4711 qua
2018 4642 2293 4696 nobiscum
2324 4643 2372 4695 itt
2413 4618 2451 4671 θ

814 4731 1065 4785 cordibus
1100 4731 1399 4800 loquentes,
1430 4748 1494 4787 ne
1531 4734 1745 4786 verbum
1778 4731 2065 4801 Evangelii,
2096 4731 2219 4785 dum
2247 4732 2373 4786 illud

815 4832 996 4876 nostro
1027 4824 1272 4890 proximo
1306 4825 1677 4892 prtedicamus,
1705 4824 1823 4877 dolo
1863 4824 1970 4877 ullo
2000 4838 2368 4894 aspergamus.

818 4915 915 4979 Qui
967 4932 1065 4967 non
1094 4917 1194 4984 egit
1230 4916 1406 4969 dolum
1448 4918 1501 4970 in
1539 4918 1715 4984 lingua
1755 4935 1873 4971 sua.
1904 4916 2063 4971 Dolus
2104 4918 2156 4972 iu
2193 4918 2371 4973 multis

817 5008 1105 5076 Scriptura:
1128 5008 1252 5061 locis
1276 5019 1329 5061 ut
1352 5009 1598 5062 inimicus
1624 5009 1713 5063 Dei
1738 5009 2048 5062 traducitur.
2072 5009 2365 5077 Disperdut,

815 5101 1005 5167 inquit,
1037 5099 1280 5153 Dominus
1305 5102 1541 5155 universa
1563 5102 1703 5153 labia
1731 5102 1987 5155 dolosa”.
2011 5100 2232 5167 Rursus,
2261 5101 2367 5154 Do-

2484 3364 2548 3432 τῇ
2583 3361 2779 3432 καρδίᾳ
2804 3356 2967 3414 οὖσαν
2990 3361 3083 3413 τοῦ
3112 3361 3336 3425 τελείου,
3368 3359 3471 3433 χρὴ
3498 3360 3695 3422 ἀδόλως
3734 3362 3791 3412 tv
3817 3361 3951 3412 πᾶσι
3981 3358 4057 3428 τῷ

2487 3454 2708 3523 πλησίον
2736 3453 3085 3523 παραδιδόναι
3113 3470 3125 3483 ·
3160 3455 3218 3505 ὲν
3247 3453 3303 3507 δὲ
3324 3457 3437 3518 τοῖς
3476 3454 3615 3507 κατά
3649 3454 3738 3506 τὸν
3775 3452 3886 3523 βίον
3915 3453 4055 3523 πρά-

2486 3562 2711 3613 γμασιν,
2734 3545 2828 3597 ὲάν
2864 3561 2965 3596 που
3000 3544 3093 3597 καὶ
3127 3545 3390 3617 διαπίπτῃ
3422 3546 3518 3615 τῆς
3544 3545 3797 3615 ἀληθείας
3833 3546 3861 3597 6
3897 3562 4056 3597 octou-

2486 3635 2651 3698 δαῖος,
2691 3635 2843 3688 οὐδὲν
2874 3636 3127 3705 ἐμπόδιον
3158 3636 3303 3707 αὐτῷ
3332 3639 3410 3699 είς
3436 3636 3505 3689 τά
3533 3637 3859 3707 προκείμενα
3882 3636 4050 3688 ἔσται.

2488 3730 2650 3782 Πόσοι
2689 3728 2797 3799 γὰρ
2837 3729 3037 3781 στάδιοι
3093 3731 3194 3799 γῆς
3241 3730 3271 3797 ἢ
3314 3729 3605 3797 θαλάσσης,
3653 3729 3745 3781 καὶ
3792 3729 3941 3780 πόσοι
3974 3746 4053 3780 κι-

2486 3820 2697 3873 νοῦνται
2746 3821 2850 3872 τῶν
2891 3823 3152 3890 ἀστέρων,
3198 3821 3289 3871 καὶ
3326 3819 3487 3870 πόσον
3516 3819 3696 3887 ἕτερος
3730 3816 3822 3870 τοῦ
3868 3818 4052 3887 ἑτέρου

2486 3912 2704 3981 προέχει
2749 3911 2823 3980 τῷ
2859 3913 3032 3981 τάχει,
3068 3912 3161 3963 ἐὰν
3213 3912 3286 3981 μὴ
3335 3912 3563 3982 εἰδῶμεν
3606 3912 3703 3983 τὴν
3750 3914 3808 3965 tv
3845 3913 4052 3976 τούτοις

2485 4003 2760 4073 ἀλήθειαν,
2813 4003 2964 4055 οὐδὲν
3008 4005 3138 4073 ημῖν
3174 4004 3452 4073 ὲμποδίσει
3500 4005 3633 4075 πρὸς
3672 4006 3731 4058 τὸ
3778 4007 4051 4075 ἐπιτυχεῖν

2482 4094 2582 4163 τῆς
2624 4096 2680 4147 ἐν
2724 4094 3075 4163 ἐπαγγελίαις
3117 4097 3532 4167 μακαριότητος.
3573 4097 3724 4166 Τάχα
3771 4096 3827 4147 δέ
3859 4114 3912 4147 τι
3961 4097 4051 4147 καὶ

2482 4186 2717 4239 τοιοῦτον
2745 4188 2874 4257 ἡμῖν
2917 4187 2944 4238 6
2966 4187 3130 4256 ,λόγος
3170 4188 3517 4259 παρίστησιν,
3549 4190 3630 4240 ὅτι
3667 4188 3732 4240 τὰ
3761 4188 3888 4257 περὶ
3922 4187 4050 4255 ἁλη-

2484 4278 2649 4342 θείας,
2700 4279 2963 4342 τουτέστι,
3013 4279 3082 4332 τὰ
3139 4281 3392 4349 μυστικὰ,
3433 4280 3610 4333 λαλεῖν
3650 4281 3924 4349 προσῆκεν
3988 4278 4047 4331 οὐ

2485 4372 2667 4434 παντὶ,
2703 4370 2836 4423 ἀλλὰ
2877 4372 2951 4441 τῷ
2998 4372 3224 4440 πλησίον
3244 4390 3255 4401 ·
3285 4374 3404 4425 ἀντὶ
3444 4372 3558 4435 τοῦ,
3592 4374 3692 4424 οὐκ
3714 4374 3791 4433 είς
3814 4373 3939 4433 τοὺς
3969 4388 4052 4422 τυ-

2484 4463 2676 4532 χόντας
2733 4464 3032 4532 ἐκφαίνειν,
3082 4464 3215 4516 ἀλλὰ
3260 4466 3384 4526 τοὺς
3434 4464 3896 4533 κεκοινωνηκότας
3947 4463 4051 4515 τῶν

2488 4556 2815 4623 μυστηρίων.
2850 4557 2909 4607 El
2942 4556 2997 4607 δὲ
3028 4556 3100 4623 (6)
3128 4554 3351 4625 ἀλήθεια
3390 4555 3417 4606 ὁ
3457 4556 3655 4625 Κύριος
3694 4553 3848 4625 ημῶν
3882 4556 4047 4613 ἐστιν,

2480 4649 2923 4718 ἐντετυπωμένην
2968 4650 3059 4702 καὶ
3088 4650 3248 4700 οἱονεὶ
3276 4649 3716 4719 ὲσφραγισμένην
3755 4651 3819 4717 τῇ
3856 4647 4047 4700 ἑαυτοῦ

2480 4740 2675 4810 καρδίᾳ
2718 4739 2919 4809 ταύτην
2961 4739 3057 4809 τὴν
3100 4740 3354 4810 ἀλήθειαν
3386 4740 3611 4801 ἕκαστος
3637 4738 3847 4808 ἔχωμεν
3874 4755 3887 4768 ⁸
3928 4739 4050 4809 περὶ

2478 4828 2543 4904 ἦς
2586 4831 2868 4895 λαλοῦντες
2913 4836 2969 4885 ὲν
3004 4836 3123 4896 ταῖς
3156 4812 3399 4906 καρδίαις
3429 4834 3660 4895 ἑαυτοῖς,
3710 4831 3782 4901 μὴ
3812 4830 4050 4900 δολῶμεν

2478 4924 2566 4977 τὸν
2609 4924 2763 4992 λόγον
2816 4924 2909 4977 τοῦ
2954 4925 3284 4994 Εὑαγγελίου
3330 4926 3386 4978 tv
3426 4924 3504 4994 τῷ
3530 4923 3895 4994 ,ἀναγγέλλειν
3942 4924 4052 4975 τοῖς

2478 5016 2700 5085 πλησίον
2734 5017 2890 5085 ἡμῶν
2926 5018 2984 5070 τὸ
3028 5020 3305 5088 κήρυγμα.
3361 5019 3455 5083 Ὃς
3494 5018 3603 5069 οὐκ
3641 5015 3944 5069 ἐδόλωσεν
3983 5014 4051 5065 ὲν

2475 5105 2721 5175 γλώσσῃ
2756 5106 2960 5160 αὐτοῦ.
2990 5107 3261 5177 Πολλαχοῦ
3291 5107 3366 5177 t7)
3395 5106 3467 5169 ὡς
3491 5106 3683 5177 ἐχθρὸς
3717 5104 3813 5157 τοῦ
3852 5103 3991 5158 Θεοῦ
4022 5105 4050 5157 6

881 5257 921 5288 "
956 5257 1107 5315 Deut.
1151 5278 1259 5325 xw,
1295 5261 1384 5317 20.
1457 5265 1500 5297 ”
1533 5263 1572 5319 ll
1595 5263 1733 5322 Tim.
1771 5284 1828 5331 tt,
1880 5267 1960 5323 15.
2037 5269 2080 5301 ’³
2113 5268 2294 5322 Matth.
2326 5284 2422 5327 xu.
2453 5269 2541 5323 24.
2617 5268 2663 5301 “
2696 5268 2850 5323 Joan.
2882 5284 2991 5333 xlv,
3022 5268 3074 5321 6.
3150 5270 3194 5301 ⁸³
3222 5266 3360 5323 Psal.
3397 5268 3526 5332 “,3.

881 5416 956 5488 (ι)
988 5417 1076 5487 Τῷ
1105 5418 1179 5489 μὴ
1205 5418 1367 5490 εχειν.
1404 5417 1513 5472 Hoc
1538 5429 1639 5482 est,
1671 5421 1793 5487 quia
1824 5421 1874 5475 id
1908 5421 2032 5475 facit
2068 5424 2285 5479 fortuito
2316 5438 2377 5477 ac

811 5496 1034 5560 temere,
1074 5505 1176 5541 non
1210 5506 1275 5541 ex
1300 5491 1434 5551 artis
1459 5502 1754 5557 pra-neptis.
1776 5493 1938 5545 Paulo
1968 5506 2086 5560 post
2117 5510 2243 5547 mss.
2272 5506 2379 5548 tres

810 5558 1032 5632 baheutg
1061 5559 1296 5632 Χριστοῦ
1344 5576 1437 5632 ινφ
1485 5561 1709 5632 Κυρίου.
1762 5558 1980 5615 Ibitletu
2024 5563 2174 5616 Colh.
2218 5582 2377 5632 quar—

811 5639 895 5702 tus
932 5628 1183 5699 πρόσεχε.
1216 5629 1356 5702 Infra
1384 5628 1513 5698 Reg.
1558 5628 1737 5685 Sextus
1788 5628 2369 5702 συμπαρεκτείνεσθαι.

812 5699 921 5753 Hoc
967 5702 1136 5768 ipsum
1153 5700 1381 5774 verbum
1414 5702 1609 5774 legitur
1652 5699 1870 5769 quidem
1912 5699 2147 5758 in'Colb.
2183 5717 2372 5774 quarto

809 5785 1041 5837 qunque,
1074 5771 1165 5825 sed
1200 5772 1250 5823 itt
1289 5771 1527 5838 margine
1573 5774 1845 5827 duntaxat.

876 5840 956 5911 (5)
1008 5840 1134 5896 Mss.
1186 5840 1419 5911 quinque
1461 5840 1599 5893 οὓτω
1635 5841 1745 5893 καί.
1810 5842 1948 5896 Editi
1988 5858 2107 5897 cum
2146 5854 2371 5913 quatuor

2480 5439 2609 5479 mss.
2648 5424 2818 5487 οὕτως
2851 5424 3101 5477 ἐνταῦθα.
3150 5425 3342 5480 Ibidem
3380 5435 3611 5492 quatuor
3643 5438 3769 5477 mss.
3811 5422 4044 5481 ἔνδοθεν.

2480 5494 2618 5547 Editi
2654 5513 2773 5548 cum
2830 5498 3065 5564 quinque
3110 5512 3238 5548 mss.
3291 5496 3457 5549 ἔνδον.
3521 5495 3683 5547 Paulo
3727 5506 3847 5559 post
3890 5498 4043 5553 Colb.

2477 5576 2701 5633 quartus
2732 5564 2987 5635 εὕραμεν.
3027 5564 3167 5635 Infra
3206 5567 3342 5619 ideut
3394 5584 3491 5618 ms.
3526 5565 3865 5635 ἐντυχόντας.

2549 5634 2627 5706 (li)
2655 5634 2827 5687 Etlitio
2858 5635 3033 5689 Paris.
3069 5637 3117 5688 εί
3156 5634 3211 5687 δὲ
3239 5638 3293 5707 η.
3334 5635 3427 5688 llic
3456 5634 3710 5689 articulus
3749 5651 3857 5690 non
3890 5652 4045 5707 repo-

2476 5705 2614 5758 ritur
2649 5720 2820 5774 neque
2853 5708 2902 5757 in
2936 5708 3133 5760 nostris
3171 5705 3297 5759 mss.
3328 5722 3497 5773 neque
3533 5708 3581 5758 itt
3614 5708 3847 5759 editione
3874 5705 4038 5762 BaSil.

2544 5775 2618 5845 (7)
2652 5775 2821 5828 Editio
2851 5775 3023 5829 Paris.
3056 5786 3109 5830 et
3135 5791 3263 5829 mss.
3286 5778 3516 5843 quinque
3542 5776 3839 5846 πανταχοῦ.
3865 5778 4039 5832 Editiu

2474 5844 2635 5901 Basil.
2687 5860 2806 5902 eum
2848 5848 3018 5901 tribus
3076 5862 3203 5902 mss.
3248 5846 3532 5915 πολλαχοῦ.
3587 5844 4037 5919 Ιιυειίοὐιιοψισ
