4260 6502
260 463 370 518 265

1426 468 1706 524 HOMILIA
1740 471 1779 524 ll
1806 469 1875 524 IN
1916 469 2243 525 PSALMUM
2282 468 2420 524 XIV.

3418 464 3519 519 9.νῦ

262 586 362 655 τῆς
391 585 536 656 ὥρας
571 591 671 642 οὐκ
710 587 1119 659 ὲπετράπημεν.
1168 590 1280 644 Νῦν
1309 591 1366 644 δὲ
1399 592 1604 662 ἥκομεν
1645 590 1847 662 εὐγνὼ-
1876 597 1918 650 Α

1836 622 1847 632 ·
1876 597 1918 650 Α
1949 595 2103 649 nobis
2153 608 2248 662 per
2299 603 2509 662 tempus
2540 591 2832 660 attingere.
2861 589 3013 646 Nunc
3041 599 3220 646 autem
3264 589 3518 645 adsultus

267 697 427 750 μονες
443 683 713 751 ὀφειλέται
744 679 813 732 τὰ
843 683 976 751 χρέα
1008 683 1114 736 τῶν
1148 684 1530 750 ὲλλειφθέντων
1555 685 1682 755 ὑμῖν
1712 688 1846 741 ἀπο-

261 773 559 834 τιννύντες.
586 773 740 824 Ἔστι
761 773 893 824 δὲτὸ
920 773 1235 845 λειπόμενον
1265 774 1436 844 βραχὺ
1470 775 1568 844 μὲν
1589 775 1649 828 τὸ
1681 776 1844 830 ἀκοῦ-

265 881 379 925 σαι,
407 866 545 917 ὥστε
577 865 774 918 οὑτωσὶ
807 866 975 931 δόξαι,
1009 871 1099 922 καὶ
1125 869 1254 930 ἴσως
1284 871 1408 932 τοὺς
1438 869 1664 932 πολλοὺς
1691 872 1844 940 ὑμῶν

263 956 360 1007 καὶ
393 954 716 1023 παρέλαθεν,
755 955 830 1020 ὡς
870 961 1002 1028 μηδὲ
1037 957 1463 1030 παραλελεῖφθαι
1509 978 1558 1012 τι
1594 960 1684 1012 τοῦ
1706 963 1842 1030 ψαλ-

265 1045 372 1115 μοῦ
398 1047 735 1120 νομισθῆναι·
780 1053 1023 1122 μεγάλην
1075 1051 1256 1120 μέντοι
1310 1053 1445 1124 πρὸς
1479 1053 1545 1105 τὰ
1571 1052 1662 1106 τοῦ
1724 1056 1840 1124 βίου

261 1140 562 1209 πράγματα
595 1143 820 1214 δύναμιν
859 1145 1001 1213 ἔχειν
1034 1143 1130 1214 τὴν
1166 1143 1418 1216 βραχεῖαν
1448 1144 1650 1216 ταύτην
1697 1147 1841 1213 λέξιν

264 1234 689 1303 καταμαθόντες,
721 1237 818 1287 οὐκ
847 1234 1106 1305 ᾠήθημεν
1132 1237 1239 1291 δεῖν
1281 1242 1534 1310 παρεῖναι
1561 1239 1621 1290 τὸ
1651 1241 1714 1295 ὲκ
1740 1242 1840 1312 τῆς

262 1323 563 1388 ἐξετάσεως
592 1328 880 1396 χρήσιμον.
927 1328 1286 1402 ’Υπογράφων
1329 1331 1406 1400 τῷ
1453 1330 1594 1399 λόγῳ
1627 1333 1715 1385 τὸν
1751 1335 1839 1387 τέ-

261 1413 408 1466 λειον
433 1415 460 1464 ὀ
495 1416 802 1486 Προφήτης,
832 1417 923 1469 τὸν
953 1418 1049 1488 τῆς
1083 1421 1380 1473 ἀσαλείτου
1411 1421 1554 1490 ζωῆς
1579 1423 1835 1492 ἐπιδήσε-

264 1508 391 1560 σθαι
429 1507 704 1577 μέλλοντα,
735 1512 792 1562 ὲν
823 1513 935 1574 τοῖς
979 1512 1454 1584 ἀνδραγαθήμασιν
1489 1513 1837 1584 ἀπηρίθμησε

261 1599 327 1650 τὸ
361 1598 619 1672 ἀργύριον
654 1602 816 1655 αὑτοῦ
863 1605 954 1655 ἐπὶ
985 1605 1128 1673 τόκῳ
1173 1602 1247 1672 μὴ
1310 1601 1509 1656 δοῦναι.
1563 1605 1836 1676 Πολλαχοῦ

261 1690 361 1759 τῆς
408 1693 628 1763 Γραφῆς
677 1693 1090 1763 διαϐέϐληταιὴ
1148 1693 1388 1764 ἁμαρτία
1442 1694 1601 1767 αὕτη.
1657 1699 1724 1750 "0
1778 1713 1836 1749 τε

262 1784 371 1852 γὰρ
423 1783 675 1852 Ἰεζεκιήλ
719 1787 774 1836 ὲν
804 1786 914 1844 τοῖς
964 1782 1236 1851 μεγίστοις
1267 1783 1374 1836 τῶν
1409 1787 1594 1839 κακῶν
1630 1789 1838 1840 τίθεται

259 1875 420 1925 τόκον
443 1875 624 1926 λαϐεῖν
656 1875 745 1926 καὶ
771 1873 1128 1942 πλεονασμὸν,
1166 1876 1258 1927 καὶ
1299 1877 1327 1927 ό
1353 1877 1513 1945 νόμος
1544 1878 1836 1949 διαρρήδην

261 1966 618 2036 ἀπαγορεύει·
647 1969 766 2019 Οὐκ
796 1965 1079 2032 ἐκτοκιεῖς
1105 1965 1182 2031 τῷ
1203 1944 1440 2036 ἀδελφῷ
1479 1986 1593 2023 σου
1760 1944 1840 2037 τῶ
1870 1944 1911 1997 Β

262 2060 530 2124 πλησίον
546 2074 680 2110 σου.
704 2057 812 2110 Καὶ
830 2057 991 2110 πάλιν
1021 2058 1182 2128 φησί’,
1203 2060 1384 2124 Δόλος
1405 2061 1516 2129 ('26)
1543 2062 1638 2114 ἐπὶ
1659 2063 1834 2128 δόλῳ,

260 2151 361 2202 καὶ
397 2151 565 2214 τόκος
593 2139 690 2203 ἐπὶ
741 2151 907 2215 τόκῳ.
962 2151 1070 2203 Καὶ
1120 2151 1246 2222 περὶ
1289 2151 1492 2215 πόλεως
1536 2154 1592 2206 δὲ
1638 2156 1736 2224 τῆς
1780 2157 1837 2208 ὲν

259 2243 454 2314 πλήθει
482 2243 665 2294 κακῶν
695 2243 1089 2313 εὐθηνουμένης
1117 2246 1144 2296 ὁ
1165 2243 1374 2314 ψαλμδς
1401 2245 1452 2297 τί
1489 2263 1682 2316 φησινς
1717 2249 1836 2302 Οὐκ

261 2337 540 2398 ἐξέλιπεν
555 2336 621 2388 ἐκ
655 2333 770 2388 τῶν
789 2335 1082 2387 πλατειῶν
1102 2336 1292 2403 αὐτῆς
1310 2339 1482 2404 τόκος
1511 2339 1609 2391 καί
1633 2340 1831 2406 δόλος.

264 2429 372 2480 Kal.
403 2430 496 2481 νῦν
525 2427 1016 2500 χαρακτηριστικὸν
1039 2427 1135 2496 τῆς
1156 2429 1295 2480 κατά
1319 2429 1407 2480 τὸν
1437 2430 1716 2501 ἄνθρωπον
1751 2452 1836 2486 τε-

264 2521 531 2583 λειώσεως
560 2522 618 2573 τὸ
648 2521 778 2574 αὐτὸ
805 2520 961 2575 τοῦτο
985 2518 1325 2590 παρείληφεν
1352 2521 1380 2571 ὁ
1406 2521 1719 2593 Προφήτης,
1747 2523 1835 2576 λέ-

272 2627 393 2679 των·
454 2612 523 2665 Τὸ
557 2613 837 2681 ἀργύριον
887 2611 1071 2665 αὑτοῦ
1106 2612 1215 2663 οὐκ
1249 2609 1474 2664 ἔδωκεν
1519 2613 1615 2667 ἐπί
1660 2616 1832 2683 τόκῳ.

262 2703 352 2772 Τῷ
380 2704 490 2755 ὄντι
519 2703 626 2774 γὰρ
679 2703 1066 2774 ἀπανθρωπίας
1116 2702 1419 2775 ὑπερϐολὴν
1461 2704 1572 2774 ἔχει
1612 2706 1704 2760 τὸν
1736 2709 1837 2779 μὲν

261 2795 370 2846 τῶν
417 2795 726 2861 ἀναγκαίων
769 2795 962 2856 ἐνδεῶς
991 2795 1181 2862 ἔχοντα
1234 2797 1418 2865 ζητεῖν
1459 2797 1723 2869 δάνεισμα
1755 2803 1834 2865 είς

261 2886 612 2955 παραμυθίαν
643 2885 735 2936 τοῦ
773 2885 908 2952 βίου,
943 2885 1031 2935 τὺν
1056 2885 1108 2936 δὲ
1144 2886 1215 2956 μὴ
1247 2888 1530 2956 ἀρκεῖσθαι
1558 2890 1634 2958 τῷ
1663 2909 1832 2959 κειρα-

261 2976 416 3046 λαίῳ,
467 2976 578 3028 ἀλλ’
607 2978 840 3028 ἐπινοεῖν
889 2977 951 3028 ἐκ
985 2977 1093 3029 τῶν
1124 2977 1418 3048 συμρορῶν
1466 2979 1557 3032 τοῦ
1605 2983 1836 3053 πένητος

261 3069 554 3139 προσόδους
585 3067 759 3137 ἑαυτῷ
787 3069 879 3121 καὶ
917 3070 1176 3138 εὐπορίας
1215 3072 1485 3140 συνάγειν.
1530 3074 1585 3126 Ὀ
1617 3075 1714 3144 μὲν
1743 3075 1834 3129 οὖν

262 3163 466 3232 Κύριος
497 3163 739 3231 ζεναργῶς
763 3165 890 3232 ἡμῖν
907 3161 1206 3226 διετάξατο,
1235 3162 1406 3231 λέγων
1431 3165 1562 3235 (‘27)'
1598 3169 1705 3220 Kal
1733 3167 1836 3221 τὸν

1945 687 2095 756 probi
2115 685 2408 744 debitores.
2449 685 2630 740 debita
2662 697 2782 753 quae
2817 694 3124 750 supersunt,
3155 682 3309 738 vobis
3336 696 3518 749 perso-

1945 779 2128 832 luturi.
2165 776 2316 844 Quod
2335 783 2510 829 autem
2545 786 2732 838 restat,
2767 775 2952 826 auditu
2979 773 3192 842 quidem
3227 777 3389 828 breve
3413 783 3516 834 est,

1945 886 2004 929 ut
2033 877 2279 930 videtur:
2315 882 2367 926 et
2388 872 2630 927 fortassis
2663 873 2860 925 multos
2909 879 3146 922 vestrum
3175 868 3518 934 latuit;adeo

1945 980 1999 1021 nt
2037 985 2101 1025 ne
2131 968 2380 1023 relictum
2413 966 2628 1034 quidem
2669 965 2836 1018 fuisse
2866 961 3158 1031 quidquam
3192 959 3258 1012 de
3287 974 3350 1012 eo
3378 960 3518 1028 psal-

1946 1077 2031 1114 mo
2068 1060 2329 1131 putarint.
2373 1058 2619 1111 Attamen
2661 1072 2781 1110 cum
2826 1055 3252 1122 intelligeremus
3296 1052 3512 1107 brevem

1944 1152 2081 1206 hanc
2115 1153 2404 1206 dictionem
2443 1149 2509 1202 ad
2544 1163 2629 1201 res
2657 1147 2779 1201 vita:
2825 1149 3050 1201 nmltum
3085 1146 3282 1208 valere,
3311 1143 3514 1198 emolu-

1945 1252 2178 1296 mentum
2210 1242 2352 1311 quod
2379 1256 2444 1293 ex
2489 1239 2833 1306 inquisitione
2859 1250 2909 1290 et
2934 1237 3308 1307 explanatione
3333 1249 3514 1289 acces-

1941 1349 2127 1386 Surum
2182 1334 2280 1394 his.
2342 1349 2447 1385 non
2496 1331 2749 1385 duxinins
2803 1330 3197 1398 negligendum.
3244 1325 3512 1393 Propheta

1939 1428 2080 1480 enim
2109 1425 2192 1478 his
2233 1427 2407 1478 verbis
2444 1424 2739 1494 perlectum
2782 1423 2981 1482 virum,
3021 1424 3112 1490 qui
3144 1423 3209 1475 ad
3254 1420 3510 1473 immuta-

1941 1519 2099 1572 bilem
2131 1517 2293 1568 vitam
2316 1530 2640 1569 ascensurus
2673 1524 2806 1576 erat,
2843 1513 3166 1572 describens,
3207 1513 3346 1565 inter
3375 1523 3513 1577 pra!-

1938 1612 2080 1666 clara
2118 1607 2233 1675 ejus
2263 1606 2494 1661 facinora
2526 1606 2655 1660 illud
2701 1604 3024 1658 numeravit.
3060 1603 3200 1670 quod
3227 1601 3508 1671 pecuniam

1939 1721 2087 1757 suam
2129 1719 2232 1756 non
2275 1701 2418 1754 dedit
2453 1701 2667 1754 ftermri.
2706 1697 2816 1751 lloc
2855 1706 3135 1764 peccatum
3171 1697 3221 1748 in
3261 1695 3509 1764 plurimis

1939 1796 2232 1864 Scriptura?
2272 1793 2404 1846 locis
2445 1793 2797 1860 vituperatur.
2837 1787 2966 1840 Nan.
2997 1786 3240 1839 Ezecbiel
3277 1788 3318 1818 "'
3372 1787 3420 1838 id
3453 1786 3506 1839 in

1941 1887 2189 1940 iuaxiinis
2217 1884 2654 1946 malisrecenset,
2685 1881 2728 1932 si
2769 1879 2961 1936 frenos.
3001 1889 3048 1929 et
3081 1876 3351 1943 quidpiam
3371 1877 3506 1928 ultra

1941 1987 2140 2029 sortem
2171 1976 2470 2046 accipiatur
2520 1971 2658 2038 Quin
2690 1979 2745 2023 et
2774 1969 2856 2022 lex
2889 1969 3016 2021 illud
3055 1967 3353 2020 luculenter
3385 1982 3510 2035 pro-

1942 2069 2086 2121 bibet
2119 2089 2132 2122 :
2169 2067 2286 2120 Non
2323 2066 2599 2136 [marrubia
2624 2063 2781 2133 fratri
2825 2073 2935 2123 (tm,
2967 2075 3014 2115 et
3048 2063 3285 2126 proximo
3315 2072 3404 2113 tuo
3440 2059 3504 2114 ’⁸.

1940 2159 2004 2214 Et
2033 2175 2219 2213 rursus
2254 2160 2322 2210 ait
2357 2174 2372 2210 :
2413 2159 2573 2211 Dolus
2613 2171 2769 2224 super
2817 2154 3018 2213 dolum,
3067 2163 3114 2205 et
3159 2170 3318 2205 usura
3354 2167 3510 2218 super

1938 2267 2153 2304 usuram
2193 2251 2258 2302 ".
2311 2248 2374 2301 Et
2429 2249 2494 2298 de
2528 2248 2748 2300 civitate
2794 2261 2912 2315 qnte
2964 2244 3118 2300 bonis
3151 2244 3201 2296 in
3247 2242 3505 2296 malorum

1940 2341 2278 2394 multitudine
2308 2337 2570 2399 afﬂueret,
2599 2338 2725 2404 quid
2763 2337 3000 2399 psalmus
3033 2336 3195 2390 dicit?
3222 2333 3340 2388 Non
3363 2335 3506 2403 defe-

1937 2433 2005 2484 cit
2023 2433 2084 2483 de
2113 2432 2297 2498 plateis
2326 2430 2437 2500 ejus
2459 2445 2622 2482 usura
2648 2438 2692 2481 et
2711 2428 2862 2479 dolus
2890 2425 2954 2478 ³ο.
2992 2427 3212 2479 Etnttnc
3240 2426 3507 2494 Propheta

1939 2523 2165 2590 idipsmn
2208 2532 2462 2590 tanquam
2495 2524 2738 2575 humana:
2761 2518 3108 2588 perfectionis
3134 2519 3502 2570 characterem

1938 2627 2000 2666 ac
2035 2613 2245 2682 signum
2278 2613 2575 2680 ursurpavit,
2604 2613 2788 2667 dicens
2817 2627 2830 2662 :
2875 2608 3064 2680 (Vens.
3121 2609 3175 2679 5)
3223 2608 3506 2662 Pecuniam

1935 2720 2086 2758 suam
2109 2721 2211 2756 non
2241 2703 2384 2756 dedit
2415 2704 2485 2754 ad
2519 2719 2755 2757 usuram.
2780 2703 2892 2756 Non
2923 2703 3097 2768 reipsa
3116 2716 3370 2770 perquam
3392 2715 3509 2753 ma-

1938 2799 2078 2851 xima
2099 2805 2184 2850 est
2217 2795 2599 2860 inhumanitas,
2637 2794 2785 2847 illum
2817 2793 3032 2862 quidem
3055 2793 3144 2861 qui
3179 2793 3510 2848 necessario-

1938 2904 2054 2940 rum
2094 2889 2312 2955 ittdigel,
2349 2898 2590 2942 iniitnnm
2631 2887 2696 2945 ad
2735 2887 2856 2939 vitae
2888 2885 3185 2940 subsidium
3238 2900 3504 2953 quaerere,

1937 2981 2076 3032 hunc
2131 2995 2256 3033 vero
2298 2993 2444 3034 sorte
2483 2989 2797 3035 contentum
2840 2995 2945 3032 non
2977 2993 3116 3042 esse,
3163 2979 3256 3034 sed
3287 2979 3389 3033 sibi
3438 2993 3505 3031 ex

1937 3072 2186 3141 pauperis
2219 3073 2613 3125 calamitatibus
2646 3082 2938 3138 proventus
2974 3071 3304 3138 excogitare,
3343 3083 3504 3138 opes-

1937 3177 2039 3230 que
2066 3162 2339 3230 colligerc.
2363 3161 2504 3214 Sane
2531 3161 2788 3214 Dominus
2818 3163 2930 3229 ipse
2973 3159 3126 3215 nobis
3154 3161 3331 3230 palam
3361 3176 3503 3228 prai-

261 3255 515 3308 Οέλοντα
543 3257 657 3309 ἀπὸ
690 3256 805 3308 σοῦ
841 3256 1230 3311 δανείσασθαι
1259 3257 1344 3326 μὴ
1367 3259 1780 3330 ἀποστραφῇς·
1806 3265 1833 3317 ὁ
1861 3275 1902 3332 C
1937 3275 1943 3304 ⁴

1822 3265 1902 3332 5C
1937 3255 2096 3321 cepit,
2133 3255 2322 3308 diCt‘IIS
2364 3272 2375 3307 :
2411 3251 2476 3305 Et
2518 3254 2704 3306 volenti
2744 3256 2974 3305 mutuari
3016 3271 3046 3306 a
3081 3263 3149 3316 te,
3199 3269 3260 3306 ne
3299 3261 3504 3305 averta-

261 3347 318 3400 δὲ
355 3347 704 3417 φιλάργυρος,
731 3348 869 3418 ὀρῶν
905 3349 1008 3400 ὑπὸ
1036 3349 1136 3418 τῆς
1166 3352 1408 3424 ἀνάγκης
1454 3354 1618 3425 ἄνδρα
1671 3373 1834 3409 κατα-

261 3442 649 3510 καμπτόμενον
709 3443 811 3511 πρὸ
849 3442 955 3492 τῶν
1002 3444 1242 3509 γονάτων
1291 3447 1619 3509 ἱκετεύοντα,
1678 3449 1729 3500 τί
1773 3450 1832 3502 οὐ

263 3532 520 3586 ποιοῦντα
573 3533 855 3594 ταπεινόν;
919 3533 969 3583 τί
1005 3533 1064 3584 οὐ
1127 3533 1521 3603 φθεγγόμενονς
1566 3539 1662 3588 οὐκ
1699 3537 1837 3590 ἐλεεῖ

262 3627 394 3696 παρ’
422 3624 574 3689 ἀξίαν
626 3625 930 3694 πράττοντα
965 3623 1100 3693 (28),
1124 3625 1184 3675 οὑ
1214 3623 1482 3692 λογίζεται
1510 3627 1607 3696 τὴν
1654 3627 1833 3695 φύσιν,

260 3719 361 3772 οὐκ
389 3718 624 3770 ἐνδίδωσι
653 3719 770 3779 ταῖς
801 3715 1050 3777 ἱκεσίαις.
1093 3715 1209 3770 ἀλλ’
1242 3719 1526 3786 ἄκαμπτος
1556 3719 1645 3769 καὶ
1682 3719 1837 3788 ἀμεί-

260 3810 446 3872 λικτος
489 3812 736 3880 ἕστηκεν,
772 3811 830 3862 οὑ
866 3813 980 3872 ταῖς
1015 3810 1263 3880 δεήσεσιν
1297 3811 1475 3873 εἴκων,
1527 3811 1585 3862 οὐ
1639 3811 1837 3882 δάκρυ-

261 3919 348 3955 σιν
385 3901 774 3971 ἐπικλώμενος,
824 3901 1094 3971 ἐπιμένων
1132 3905 1196 3972 τῇ
1254 3903 1495 3972 ἀρνήσει,
1541 3903 1836 3973 ἐξομνύμε-

261 4011 352 4055 νος
386 3993 477 4044 καὶ
525 3993 873 4062 ἐπαρώμενος
916 3993 1112 4063 ἑαυτῷ,
1158 3990 1191 4063 ἦ
1233 3995 1334 4064 μὴν
1359 3995 1582 4064 ἀπορεῖν
1641 4014 1835 4048 παντε-

260 4085 371 4146 λῶς
399 4085 712 4156 χρημάτων,
749 4088 840 4137 καὶ
881 4089 1228 4155 περισκοπεῖν
1263 4087 1355 4139 καὶ
1407 4087 1566 4138 αὐτὸς
1611 4089 1662 4140 εἴ
1717 4106 1836 4141 τινα

262 4175 412 4245 εὖροι
441 4175 546 4226 τῶν
569 4174 932 4237 δανειζόντων,
961 4177 1051 4228 καὶ
1076 4177 1428 4246 πιστούμενος
1451 4177 1511 4228 τὸ
1536 4177 1726 4244 ψεῦδος
1749 4179 1835 4232 διὰ

261 4266 369 4316 τῶν
401 4267 595 4334 ὅρκων,
634 4267 798 4318 κακὸν
833 4267 1266 4336 παρεμπόρευμα
1306 4267 1401 4332 τῆς
1445 4268 1836 4338 ἀπανθρωπίας

262 4353 359 4420 τὴν
383 4355 656 4424 ἐπιορκίαν
689 4355 1122 4427 προσκτώμενος.
1166 4355 1411 4409 Ἐπειδὰν
1435 4357 1489 4408 δὲ
1518 4361 1546 4410 ό
1578 4359 1754 4428 ζητῶν
1777 4359 1836 4413 τὸ

261 4446 470 4498 δάνειον
509 4448 678 4500 τόκων
712 4448 944 4518 μνησθῇ,
981 4449 1074 4501 καὶ
1105 4449 1382 4517 ὑποθήκας
1419 4449 1681 4521 ὀνομάσῃ,
1714 4451 1832 4503 τότε

262 4537 582 4590 καταϐαλὼν
630 4539 726 4608 τήν
769 4540 937 4610 ὀφρὺν
991 4541 1427 4611 προσεμειδίασε,
1474 4542 1567 4594 καί
1603 4558 1700 4593 που
1741 4544 1833 4596 κα)¹

1938 3348 2008 3399 ris
2039 3346 2103 3399 ".
2136 3349 2342 3398 Avarus
2372 3354 2570 3406 autem,
2600 3359 2720 3396 cum
2765 3345 3036 3396 hominem
3080 3343 3222 3396 videt
3267 3358 3375 3411 pra:
3408 3357 3503 3396 ne-

1935 3440 2189 3494 cessitate
2212 3438 2437 3505 genibus
2478 3439 2821 3504 provolutmn
2865 3452 2928 3488 ac
2960 3436 3277 3501 supplicem,
3311 3437 3505 3503 ecquid

1937 3548 2041 3585 non
2077 3531 2362 3584 facientem
2405 3530 2546 3596 quod
2586 3526 2858 3594 abjectnm
2893 3529 2962 3582 sit
2991 3545 3053 3582 ac
3083 3528 3323 3582 humile?
3376 3530 3508 3598 quid

1937 3639 2040 3676 non
2058 3622 2398 3691 loquentem?
2427 3621 2542 3687 ejus
2565 3622 2652 3688 qui
2671 3630 2864 3684 prmter
2890 3623 3132 3673 meritum
3154 3622 3377 3673 adversa
3398 3619 3508 3674 for--

1938 3725 2061 3767 tuna
2089 3718 2272 3776 utitur,
2302 3730 2643 3783 nequaquam
2679 3715 2988 3775 miseretur,
3024 3713 3168 3766 nullo
3202 3714 3320 3768 loco
3345 3713 3504 3770 habet

1937 3819 2206 3871 naturam,
2234 3826 2336 3863 non
2373 3808 2624 3877 precibus
2650 3819 2913 3868 movetur,
2935 3807 3028 3859 sed
3052 3804 3500 3869 inﬂexibilisstat,

1936 3912 1988 3953 et
2017 3903 2394 3969 implacabilis:
2429 3917 2531 3953 non
2564 3901 2706 3953 cedit
2743 3899 3234 3968 deprccationibus,
3257 3897 3508 3967 lacrymis

1935 4008 2040 4045 non
2081 3993 2365 4060 frangitur,
2399 4003 2808 4058 perseveranter
2851 4003 3032 4059 negat.
3066 3991 3240 4048 Jnrat.
3295 4005 3356 4043 ac
3402 3989 3505 4044 sibi

1938 4087 2074 4137 male
2121 4100 2367 4151 precans,
2405 4083 2630 4136 allirmat
2666 4098 2853 4138 carere
2892 4101 2950 4138 se
2995 4088 3216 4154 pecunia
3261 4085 3502 4146 omnino.

1935 4191 2160 4244 seseque
2185 4177 2601 4245 circumSpicere
2628 4193 2752 4230 num
2777 4193 2934 4246 quem
2962 4177 3072 4245 ipse
3091 4191 3302 4244 quoque
3331 4174 3506 4231 frene-

1937 4277 2168 4320 ratorem
2222 4268 2479 4330 inveniat,
2530 4284 2592 4322 ac
2637 4267 2793 4321 fidem
2838 4269 3040 4322 faciens
3087 4269 3363 4322 mendacio
3411 4285 3506 4337 per

1931 4357 2258 4428 iuramenta,
2293 4357 2584 4428 periurium
2618 4375 2714 4413 ceu
2743 4360 2940 4413 malum
2965 4361 3246 4429 quemdam
3271 4359 3430 4427 108
3454 4369 3506 4412 et

1936 4451 2288 4506 adventitiutn
2322 4452 2729 4504 inhuntanitatis
2759 4461 3020 4519 questum
3073 4450 3327 4516 acquirit.
3398 4448 3504 4503 Sed

1937 4542 2025 4594 ubi
2057 4541 2144 4610 qni
2199 4548 2438 4593 mntnmn
2472 4543 2683 4609 quaerit,
2728 4541 2972 4594 meminit
3014 4540 3258 4602 faenoris,
3309 4549 3361 4591 et
3413 4555 3507 4592 no-

261 4631 522 4702 πατρῲας
569 4631 747 4699 φιλίας
792 4633 1102 4703 ἀνεμνήσθη
1153 4634 1285 4704 (‘29).
1332 4635 1422 4687 καὶ
1463 4637 1667 4706 συνήθη
1715 4633 1832 4689 εἷπε
1868 4643 1943 4696 Di

1824 4643 2059 4696 :Dmen
2122 4632 2361 4701 pignoris
2420 4633 2676 4700 protulit,
2739 4643 2863 4685 tunc
2916 4632 3151 4686 demisso
3218 4629 3506 4699 supercilio

261 4724 356 4774 καὶ
410 4722 557 4790 φίλον
632 4723 744 4783 καὶ,
804 4721 1092 4791 Ὀᾦόμεθα,
1155 4729 1336 4794 φησὶν.
1391 4727 1543 4778 εἵπου
1583 4728 1635 4780 τί
1685 4729 1830 4779 ἐστιν

261 4818 394 4884 ἡμῖν
424 4815 776 4883 ἀποκείμενον
806 4813 1080 4884 ἀργύριον.
1113 4817 1266 4868 Ἐστι
1301 4816 1356 4869 δὲ
1397 4819 1828 4890 παρακαταθήκη

335 4971 377 5000 ’⁷
422 4967 612 5022 Ezech.
653 4985 782 5032 xxn,
822 4968 906 5024 12.
982 4971 1026 5001 ’⁸
1067 4971 1216 5023 Dent.
1259 4987 1409 5029 χχιιι.
1464 4972 1546 5026 19.

335 5128 448 5196 (26)
483 5130 609 5187 Reiz.
646 5132 913 5182 secundus
935 5146 1054 5180 t-nzn
1085 5147 1238 5182 sacro
1265 5141 1407 5185 textu
1439 5132 1595 5193 τόκος
1629 5132 1718 5182 ἐπὶ
1742 5133 1823 5184 τό-

263 5217 366 5267 κῳ,
399 5199 488 5250 καὶ
520 5199 668 5262 δόλος
694 5201 784 5252 ἐπὶ
818 5200 970 5269 δόλῳ.
1014 5199 1233 5253 Facitim
1269 5203 1317 5253 id
1348 5211 1475 5266 puto
1519 5205 1585 5252 ab
1620 5201 1821 5268 aliquo,

264 5271 354 5334 qui
391 5270 560 5322 locum
602 5273 874 5339 prophetre
904 5272 971 5322 ob
1001 5271 1184 5324 oculos
1231 5271 1474 5332 haberet,
1512 5270 1678 5325 lieere
1722 5273 1820 5326 sibi

263 5350 436 5401 ratus,
479 5341 720 5393 ordinem
762 5342 1045 5392 verborum
1081 5340 1260 5393 Basilii
1312 5352 1539 5406 mutare,
1571 5357 1636 5394 ne
1671 5341 1825 5394 aliter

267 5412 320 5462 in
349 5409 570 5480 Basilio,
601 5410 753 5464 aliter
787 5411 846 5480 in
879 5411 1131 5477 propheta
1170 5410 1450 5480 legeretur.

340 5479 450 5546 ('27)
487 5478 578 5532 Sic
621 5481 783 5533 editio
836 5479 993 5530 Basil.
1029 5488 1080 5532 et
1115 5478 1242 5535 mss.
1291 5481 1466 5533 Editio
1517 5496 1646 5532 vero
1679 5481 1828 5532 Pari-

267 5550 460 5620 siensis
489 5550 703 5604 uberius
731 5550 1009 5613 διετάξατο
1040 5549 1228 5615 λέγων·
1257 5551 1345 5620 Τῷ
1368 5551 1604 5605 αἰτοῦντί
1623 5569 1679 5602 σε
1717 5550 1824 5613 δὸς,

267 5619 361 5672 καὶ
387 5617 496 5683 τόν,
525 5628 626 5672 etc.
661 5619 764 5674 Sed
787 5621 895 5680 illa,
936 5620 1013 5688 τῷ
1047 5620 1280 5672 αἰτοῦντί
1319 5617 1375 5673 σε
1415 5622 1522 5684 δός,
1557 5623 1679 5674 huic
1713 5622 1828 5672 loco

271 5692 449 5755 inepte
474 5702 648 5742 assuta
676 5704 792 5742 esse
811 5701 951 5755 patet
987 5690 1064 5741 vel
1092 5705 1152 5740 ex
1174 5690 1282 5758 ipsa
1316 5696 1478 5745 veteri
1516 5696 1829 5759 interpreta—

270 5762 434 5828 tione,
469 5759 519 5811 in
552 5776 654 5828 qua
688 5761 801 5814 hazc
854 5761 940 5813 illa
985 5761 1146 5812 verba
1212 5760 1399 5815 Latine
1459 5764 1662 5816 reddita
1721 5775 1823 5816 non

270 5827 433 5883 fuisse
465 5827 724 5884 videmus.

341 5900 456 5964 ('28)
491 5899 665 5956 Editio
723 5900 891 5956 Paris.
946 5903 1070 5972 παρ’
1107 5902 1258 5969 ἀξίαν
1294 5903 1471 5965 κακῶς
1497 5901 1819 5971 πράττοντα.

1626 4975 1670 5004 ’9
1711 4972 1816 5026 Jer.
1859 4990 1930 5035 ix,
1962 4974 2012 5026 ϐ.

1938 4725 2199 4789 subridet,
2237 4734 2396 4791 atque
2432 4735 2669 4795 paternae
2720 4725 2974 4777 amicitia:
3029 4724 3248 4777 refricat
3306 4738 3504 4777 memo-

1941 4817 2095 4881 riam,
2131 4833 2193 4870 ac
2235 4815 2550 4869 familiarem
2599 4826 2652 4868 et
2703 4817 2934 4868 amicmn
2980 4817 3246 4884 appellat;
3292 4828 3366 4883 et,
3418 4815 3502 4868 Vi-

2093 4973 2135 5003 ³⁰
2171 4972 2307 5027 Psal.
2350 4988 2454 5032 LIV,
2493 4972 2575 5024 1:2.
2655 4972 2695 5002 ³¹
2729 4970 2912 5023 Matth.
2950 4987 3002 5029 ν,
3034 4971 3120 5025 4‘2.

1929 5132 2032 5185 Sed
2085 5149 2182 5187 vox
2239 5131 2424 5194 κακῶς
2473 5133 2618 5181 deest
2673 5142 2724 5182 et
2760 5131 2809 5182 in
2865 5143 2995 5181 mss.
3046 5130 3294 5183 omnibus
3338 5139 3390 5181 et
3452 5130 3502 5182 iit

1927 5204 2163 5257 editione
2194 5204 2355 5256 Basil.
2400 5198 2740 5254 Arbitramur
2786 5209 2963 5251 autem
3001 5215 3118 5251 eam
3147 5215 3360 5262 vocem,
3405 5217 3503 5252 κα-

1928 5272 2056 5335 κῶς,
2084 5275 2310 5340 prinmm
2342 5272 2392 5324 in
2427 5270 2676 5340 margine
2691 5271 2919 5340 positam
2963 5269 3156 5333 fuisse,
3182 5280 3237 5340 ut
3268 5284 3502 5323 monere-

1932 5353 2017 5394 tur
2049 5345 2231 5401 lector.
2271 5342 2418 5401 illud,
2463 5341 2592 5410 παρ’
2623 5339 2801 5403 ἀξίαν,
2851 5339 2992 5391 idem
3028 5340 3116 5393 hic
3153 5339 3330 5393 valere
3361 5341 3502 5408 quod

1930 5413 2138 5475 κακῶς,
2189 5427 2251 5465 ac
2306 5413 2664 5476 postmodum,
2694 5410 2837 5479 quod
2870 5424 2975 5461 non
3018 5425 3140 5464 raro
3169 5411 3416 5477 conligit,
3448 5411 3500 5462 in

1933 5492 2136 5535 textum
2211 5483 2490 5549 irrepsisse
2567 5481 2859 5545 Aliquanto
2932 5489 3051 5546 post
3119 5495 3218 5532 vox
3280 5479 3503 5550 χρημά-

1929 5569 2037 5603 των
2076 5554 2224 5605 deest
2266 5553 2315 5604 iu
2364 5551 2546 5604 multis
2601 5567 2731 5603 mss.
2768 5550 3250 5615 Reperiturtamen
3277 5553 3333 5612 in
3370 5566 3503 5602 non-

1932 5623 2108 5674 nullis.
2149 5622 2260 5674 Mox
2304 5621 2698 5692 Colb._quartus
2731 5621 3230 5692 προσκτησάμενος.
3266 5621 3502 5674 Subinde

1931 5694 2080 5744 C0").
2115 5703 2332 5745 octavus
2349 5690 2648 5762 ὑποθήκην.

2007 5762 2116 5836 (τεο)
2151 5762 2312 5832 Major
2345 5779 2468 5836 pars
2504 5760 2634 5836 mss.
2667 5764 2928 5836 ἐμνήσθη.
2958 5761 3107 5836 Hand
3132 5762 3287 5836 longe
3311 5760 3500 5836 legitur

1933 5833 1984 5886 in
2017 5833 2172 5886 Colb.
2228 5831 2422 5897 quarto
2457 5834 2538 5903 tu,
2568 5831 2716 5903 αὖτῷ
2749 5831 2871 5898 τοὺς
2897 5831 3136 5896 τόκους.
3185 5833 3326 5886 lnl‘ra
3357 5831 3495 5883 idem

1931 5905 2093 5959 codex
2131 5903 2446 5974 αὐθαίρετον
2463 5902 2691 5966 ἐδέξατο.
