4260 6490
731 433 839 488 £73

2063 447 2120 501 S.
2168 447 2404 501 BASILII
2448 447 2658 500 MAGNI
3875 449 3979 503 276

729 550 901 600 i-rosis
938 563 998 601 ac
1042 553 1378 620 consumptis
1421 555 1720 609 debitorum
1761 559 1986 622 mdihus,
2042 563 2299 614 nasritur.
2333 572 2373 623 Α
2406 584 2411 610 ‹

2292 602 2299 614 ,
2333 572 2373 623 Α
2406 564 2642 631 σήμερον
2673 562 2947 628 γεννᾶται,
2980 561 3072 613 καὶ
3106 561 3342 633 σήμερον
3364 562 3456 616 τοῦ
3491 562 3695 614 τίκτειν
3727 564 3974 633 ἄρχεται.

732 638 949 693 Semina
983 646 1239 710 temporis
1269 661 1555 713 prOgressu
1609 651 1935 716 germinant,
1966 661 2015 704 et
2053 653 2303 706 animalia

731 739 974 799 tempore
1035 737 1335 801 prwSIituto
1384 742 1523 791 tetris
1567 743 1734 793 edunt
1778 757 1943 796 suos:
1978 760 2134 796 usura
2181 761 2306 800 vero

735 821 893 875 hodie
920 835 1232 889 generatur,
1275 839 1329 881 et
1363 830 1519 882 hodie
1559 847 1751 898 parere
1793 833 1996 903 incipit.
2028 835 2156 900 Qua:
2184 840 2304 889 ani-

736 913 895 966 malia
941 916 1049 967 cito
1104 919 1340 984 pariunt,
1391 933 1452 972 ea
1511 939 1540 973 a
1583 932 1737 988 partu
1772 925 1879 977 cito
1915 927 2223 982 desistunt:
2252 938 2307 982 at

735 1001 975 1067 pecunia:
999 1002 1225 1056 celerem
1260 1022 1546 1060 usurarum
1582 1014 1841 1077 originem
1870 1025 2189 1080 consecuta',
2223 1019 2303 1070 itt-

738 1091 941 1144 linitam
997 1097 1367 1150 accessionem
1424 1101 1594 1167 magis
1646 1118 1708 1154 ac
1741 1106 1911 1170 magis
1968 1120 2300 1161 crescentem

734 1183 1057 1250 suscipiunt.
1099 1186 1365 1255 Quidquid
1413 1191 1626 1253 crescit,
1666 1194 1751 1245 tibi
1788 1195 1852 1245 ad
1889 1210 2153 1262 propriam
2187 1213 2302 1250 ma-

736 1273 1073 1338 gnitudinem
1123 1283 1431 1345 pervenerit
1458 1321 1471 1342 .
1520 1282 1717 1337 desinit
1761 1287 1944 1352 augeri
1982 1303 2304 1342 :avarorum

739 1381 868 1419 vero
899 1380 1176 1437 argentum
1231 1373 1376 1426 omni
1428 1383 1665 1443 tempore
1710 1379 1965 1446 augescit.
2019 1379 2302 1446 Animalia,

746 1459 833 1510 ubi
862 1475 967 1514 suae
999 1463 1165 1516 soboli
1196 1467 1299 1518 vim
1337 1465 1746 1534 impertiveruut
1774 1471 2034 1537 pariendi,
2060 1487 2306 1540 superse-

744 1552 873 1606 dcnt
903 1557 1265 1623 prteguatione
1295 1573 1307 1608 ε
1333 1569 1386 1611 at
1431 1558 1816 1614 fmneratorum
1856 1563 2092 1630 pt‘cunize
2121 1572 2172 1615 et
2209 1565 2305 1615 ad-

741 1658 1025 1702 nascentes
1068 1651 1299 1718 pariunt,
1349 1662 1404 1705 et
1445 1664 1658 1707 veteres
1737 1667 2080 1709 renovantur.
2135 1654 2210 1710 Ne
2252 1668 2305 1709 tu

739 1747 1066 1805 portentosa:
1097 1741 1254 1808 hujus
1287 1742 1474 1794 bestiae
1507 1745 1802 1809 periculum
1845 1746 2058 1798 feceris.

809 1831 862 1884 ό.
905 1832 1096 1887 ιιΙνεινε
1125 1836 1274 1887 vides
1311 1835 1498 1887 solem.
1538 1836 1674 1902 Quid
1706 1839 1798 1890 tibi
1844 1839 1956 1905 ipse
1998 1839 2301 1892 libertatem

2406 653 2523 704 Τῶν
2549 651 2699 714 ζώων
2723 651 2788 704 τὰ
2811 653 2945 720 ταχὺ
2966 653 3213 704 τίκτοντα
3233 655 3365 722 ταχὺ
3388 653 3479 707 τοῦ
3503 655 3694 724 γεννᾷν
3717 653 3974 706 παύεται⁸

2405 740 2471 793 τὰ
2528 742 2585 794 δὲ
2633 743 2920 810 χρήματα,
2967 744 3184 810 ταχείαν
3234 742 3571 812 λαμϐάνοντα
3616 742 3710 795 τοῦ
3750 745 3973 795 πλεοναο

2407 833 2541 902 σμοῦ
2567 835 2676 903 (55)
2707 835 2804 903 τὴν
2827 832 3020 904 ἀρχὴν,
3058 834 3338 893 ἀτέλεστον
3365 834 3667 904 ἐπιδέχεται
3696 836 3794 904 τὴν
3815 837 3894 898 εἰς
3914 835 3976 886 τὸ

2407 923 2586 975 πλεῖον
2625 926 2959 996 προσθήκην.
3002 927 3120 978 Τῶν
3151 925 3525 995 αὐξανομένων
3555 927 3803 988 ἕκαστον,
3831 929 3977 978 ἐπει-

2405 1015 2500 1067 δὰν
2547 1018 2679 1086 πρὸς
2722 1019 2780 1070 τὸ
2817 1021 3011 1072 οἰκεῖον
3058 1019 3322 1087 ἀφίκηται
3368 1017 3612 1088 μέγεθος,
3662 1019 3759 1088 τῆς
3805 1019 3973 1088 αὐξή-

2408 1125 2544 1172 σεως
2575 1110 2822 1162 ἵσταται·
2869 1111 2929 1163 τὸ
2979 1111 3034 1164 δὲ
3077 1110 3183 1163 τῶν
3227 1109 3557 1162 πλεονεκτῶν
3602 1110 3862 1180 ἀργύριον
3894 1110 3974 1179 τῷ

2408 1201 2584 1270 χρόνῳ
2637 1201 2796 1254 παντὶ
2833 1202 3295 1274 συμπαραύξεται.
3349 1202 3427 1254 Τὰ
3480 1201 3612 1265 ζῶα,
3665 1202 3974 1271 παραδόντα

2407 1295 2516 1355 τοῖς
2545 1293 2786 1358 ἐγγόνοις
2809 1293 2869 1345 τὸ
2897 1295 3116 1356 τίκτειν,
3153 1295 3291 1349 αὐτὰ
3325 1299 3422 1365 τῆς
3449 1296 3691 1364 κυήσεως
3715 1294 3969 1345 παύεται’

2405 1382 2474 1434 τὰ
2520 1382 2574 1435 δὲ
2618 1382 2725 1434 τῶν
2766 1382 3054 1436 δανειστῶν
3088 1385 3323 1456 ἀργύρια
3374 1387 3466 1437 καὶ
3501 1386 3570 1437 τὰ
3618 1384 3974 1452 ἐπιγινόμενα

2406 1475 2611 1536 τίκτει,
2643 1477 2736 1528 καὶ
2775 1476 2842 1528 τὰ
2874 1477 3072 1546 ἀρχαῖα
3099 1479 3292 1541 νεάζει.
3333 1480 3422 1549 Μὴ
3470 1477 3532 1530 σύ
3562 1493 3625 1544 γε
3659 1477 3741 1538 εἰς
3774 1478 3973 1544 πεῖραν

2407 1566 2576 1628 ἔλθοις
2608 1567 2701 1619 τοῦ
2737 1565 3019 1619 ἀλλοκότου
3051 1567 3237 1619 τούτου
3270 1568 3476 1637 θηρίου.

2478 1841 2530 1893 4.
2584 1840 2889 1910 Ἐλεύθερον
2939 1840 3049 1909 (δι)
3096 1839 3226 1910 ὁρᾷς
3283 1837 3371 1890 τὸν
3421 1838 3587 1907 ἥλιον.
3643 1838 3708 1891 Τί
3757 1839 3974 1907 φθονεῖς

741 1925 863 1976 vitae
895 1925 1146 1977 invides?
1179 1925 1323 1992 Pugil
1377 1929 1553 1980 nullus
1593 1944 1744 1996 a-que
1791 1930 2085 1982 adversarii
2122 1930 2302 1999 plagas
2335 1915 2374 1973 Β
2408 1951 2423 1985 c

2291 1915 2374 1984 ιθ
2408 1933 2614 2002 σεαυτῷ
2667 1933 2764 2000 τῆς
2813 1933 3122 2003 παρρησίας
3176 1930 3268 1984 τοῦ
3325 1931 3473 2000 ﬂio»;
3530 1931 3719 1994 Οὐδεὶς
3755 1933 3973 2002 πύκτης

741 2017 1080 2085 subterfugit,
1118 2034 1179 2070 ac
1213 2017 1426 2070 debitor
1457 2021 1746 2073 creditoris
1784 2036 2087 2086 occursum,
2121 2023 2301 2076 occul-

741 2119 851 2162 tato
891 2125 1026 2176 pone
1069 2110 1348 2163 columnas
1386 2125 1448 2163 ac
1499 2126 1684 2163 muros
1734 2112 1928 2178 capite.
1982 2112 2068 2174 At,
2102 2113 2299 2177 inquis,

739 2207 1006 2271 qenmodo
1037 2206 1281 2258 nutriar?
1314 2206 1495 2258 Manus
1528 2207 1714 2268 habes,
1751 2206 1916 2260 habes
1961 2217 2163 2270 artem;
2191 2208 2303 2260 lora

740 2310 960 2361 operam
1014 2305 1157 2347 tuam
1216 2295 1348 2348 lucri
1395 2297 1601 2362 gratia,
1651 2297 1892 2350 u'iinistra
1925 2317 1936 2351 :
1967 2299 2128 2350 umlta
2183 2310 2303 2351 sunt

742 2388 964 2454 parandi
1008 2389 1181 2442 victus
1209 2390 1452 2452 consilia,
1484 2392 1798 2443 occasiones
1828 2391 2029 2444 multae.
2072 2390 2198 2445 Llne
2233 2393 2306 2443 la-

740 2497 865 2534 cere
894 2497 996 2534 non
1040 2481 1228 2548 potes?
1261 2481 1385 2534 Pete
1420 2497 1446 2532 a
1489 2482 1904 2548 possidentibus.
1939 2487 2017 2535 λιι
2051 2491 2201 2549 turpe
2227 2493 2307 2534 est

742 2573 1042 2640 postulare?
1072 2572 1306 2640 Turpius
1355 2574 1538 2638 utique
1586 2573 1745 2623 luerit
1808 2572 2128 2625 creditorem
2170 2573 2307 2624 datis

743 2663 937 2716 fmaori
971 2663 1212 2730 pecuniis
1237 2662 1572 2714 defraudare.
1605 2660 1716 2714 Non
1757 2663 1868 2716 hmc
1899 2664 2018 2713 diro
2046 2662 2304 2732 [ποίει-ιιι,

743 2753 912 2821 legem
943 2764 998 2804 ut
1030 2753 1218 2812 feram.
1257 2753 1350 2806 sed
1405 2761 1461 2804 ut
1511 2752 1810 2814 ostendam,
1839 2753 2017 2804 omnia
2055 2752 2142 2805 tibi
2179 2755 2306 2806 tole-

741 2843 990 2897 rabiliora
1019 2857 1156 2904 esse,
1187 2859 1344 2908 quam
1381 2853 1658 2911 argentum
1687 2843 1890 2896 [tenore
1912 2859 2143 2897 sumere.
2177 2843 2307 2898 For-

741 2937 880 2988 rnica
920 2935 1020 2987 etsi
1071 2949 1244 3000 neque
1281 2935 1572 2992 ruendicat,
1616 2949 1784 3001 neque
1820 2951 2066 2986 nummos
2102 2935 2306 2990 fit-noro

743 3025 966 3093 act-ipit,
1001 3033 1174 3091 potest
1221 3033 1396 3074 tamen
1450 3023 1640 3074 tmtriri
1673 3039 1684 3072 :
1713 3024 1830 3090 apis
1865 3024 2046 3074 itidem
2095 3026 2306 3091 regibus

743 3117 972 3183 largitur
1003 3117 1243 3168 alimenti
1293 3115 1372 3168 sui
1412 3115 1663 3183 reliquias
1696 3129 1710 3166 :
1743 3115 1939 3183 quibus
1982 3126 2157 3168 tamen
2211 3131 2308 3168 nec

745 3224 954 3268 manus,
999 3224 1097 3261 nec
1139 3219 1282 3259 artes
1326 3209 1593 3260 concessit
1631 3219 1842 3260 natura.
1888 3206 1964 3259 Tu
2001 3222 2123 3259 vero
2156 3207 2306 3260 indii-

745 3299 936 3350 strium
969 3298 1167 3349 animal
1206 3297 1390 3355 homo,
1439 3299 1576 3349 inter
1624 3310 1770 3350 artes
1792 3313 1979 3350 omnes
2030 3314 2186 3350 unam
2239 3300 2304 3350 ad

748 3387 1150 3453 transigendam
1185 3386 1346 3436 vitam
1381 3401 1484 3437 rion
1513 3386 1784 3451 reperies?
1817 3387 2126 3452 Quanquam
2161 3388 2306 3441 vide-

746 3493 863 3530 mus
881 3493 984 3529 nou
1015 3475 1440 3529 necessariorum
1471 3477 1678 3543 indigns
1701 3475 1766 3526 ad
1791 3476 1963 3527 lienus
1986 3479 2302 3546 confugere:

744 3585 919 3636 neque
950 3568 1234 3620 enimsunt
1259 3566 1350 3634 qui
1379 3566 1457 3618 eis
1486 3568 1710 3618 credant
1739 3581 1752 3618 :
1784 3579 1838 3617 at
1861 3565 2065 3617 {tenore
2095 3577 2309 3620 srnnunt

745 3660 1025 3729 pecuniam
1059 3659 1321 3719 homines,
1361 3659 1450 3725 qui
1490 3657 1647 3725 112
1675 3673 1733 3711 se
1760 3658 1810 3710 in
1849 3658 2080 3711 laxiores
2105 3659 2309 3726 impen-

744 3770 835 3808 sas
866 3767 920 3807 et
955 3754 1004 3805 in
1040 3753 1220 3805 luxum
1257 3752 1498 3804 inutilem
1530 3753 1829 3812 ellundunt,
1872 3752 1904 3803 ii
1939 3750 2186 3803 videlicet
2219 3752 2306 3815 qui

745 3862 804 3899 se
831 3843 1182 3898 muliebribus
1205 3844 1567 3905 voluptatibus
1601 3843 1926 3910 mancipant.
1964 3841 2198 3910 Indigeo,
2227 3843 2308 3894 in-

749 3938 865 4005 quit
900 3937 1012 3998 illa,
1055 3937 1246 3988 vestitu
1284 3949 1615 4000 sumptuoso,
1652 3945 1702 3986 et
1733 3951 1911 4002 aureis
1938 3936 2076 3987 Vasis
2106 3953 2117 3985 :
2151 3945 2310 4004 egent

750 4028 842 4080 ﬁlii
882 4027 1090 4079 decenti
1135 4037 1187 4076 et
1236 4025 1335 4076 sibi
1379 4024 1719 4076 convenienti
1751 4024 2184 4077 vestimentorum
2218 4041 2309 4076 or-

749 4130 1002 4172 namento
1031 4129 1044 4169 :
1078 4117 1208 4186 quin
1243 4117 1403 4170 etiam
1455 4117 1638 4168 laiuuli
1674 4116 1878 4168 llo-ridis
1909 4127 1962 4167 et
1995 4117 2142 4170 vario
2165 4117 2312 4170 colo-

749 4223 807 4260 re
855 4207 1123 4260 distinctis
1175 4207 1410 4259 vestibus
1455 4215 1577 4258 sunt
1625 4205 1875 4257 induendi
1910 4207 2091 4258 :laula
2127 4224 2308 4260 mensa

748 4297 1071 4350 castruenda
1131 4309 1230 4350 est.
1291 4299 1388 4362 Qui
1442 4297 1564 4349 talia
1625 4297 1836 4351 mulieri
1914 4297 2204 4360 ministrat,
2241 4299 2307 4353 ad

751 4392 1060 4458 trapezitam
1099 4391 1261 4455 venit,
1290 4401 1341 4443 et
1374 4390 1681 4457 priusquam
1733 4399 1952 4458 accepta
2000 4401 2182 4443 utatur
2213 4407 2306 4459 pe-

747 4482 928 4545 cunia,
965 4481 1124 4533 alium
1157 4497 1220 4534 ex
1256 4483 1360 4534 alio
1393 4481 1666 4532 dominmu
1705 4489 1894 4542 tuutat,
1937 4491 2098 4548 atque
2143 4481 2311 4537 iteite-

2405 2023 2544 2074 οὕτω
2571 2021 2669 2084 τὰς
2700 2022 2908 2091 πληγὰς
2939 2022 3030 2074 τοῦ
3065 2020 3463 2089 ἀνταγωνιστοῦ
3494 2021 3807 2088 ὑποφεύγει,
3839 2023 3916 2084 ὡς
3945 2025 3974 2075 ὁ

2405 2114 2785 2181 δανεισάμενος
2812 2113 2904 2165 τού
2935 2116 3168 2184 χρήστου
3205 2113 3316 2181 (55)
3353 2113 3449 2174 τὰς
3494 2113 3801 2180 συντυχίας,
3835 2115 3974 2182 πρὸς

2408 2205 2588 2266 κίονας
2631 2203 2724 2256 καὶ
2769 2202 2977 2272 τοίχους
3011 2205 3356 2268 ἀποσκιάζων
3403 2203 3499 2273 τὴν
3552 2202 3812 2271 κεφαλήν.
3849 2204 3975 2267 Πῶς

2405 2289 2497 2344 οὖν
2528 2292 2824 2360 διατραφῶ,
2856 2293 3016 2360 φησίν
3043 2309 3056 2356 ;
3093 2294 3271 2361 Ἐχεις
3301 2297 3489 2363 χεῖρας
3509 2332 3522 2356 ,
3567 2293 3708 2362 ἔχεις
3741 2291 3972 2363 τέχνην·

2408 2381 2721 2454 μισθαρνοῦ,
2758 2382 3025 2437 διακόνει·
3061 2383 3249 2434 πολλα).
3279 2383 3508 2436 ἐπίνοιαι
3541 2383 3634 2435 τοῦ
3667 2383 3806 2452 βίου,
3841 2383 3973 2434 πολ-

2405 2475 2492 2526 λαὶ
2525 2474 2786 2544 ἀφορμαί.
2835 2473 2970 2525 Ἀλλ’
3000 2473 3272 2537 ἀδυνάτως
3303 2475 3477 2544 ἐχειςς
3509 2473 3790 2545 προσαίτει
3824 2475 3974 2543 παρὰ

2404 2565 2512 2616 τῶν
2540 2567 2908 2634 κεκτημένων.
2953 2566 3088 2618 Ἀλλ’
3114 2567 3334 2636 αἰσχρὸν
3365 2566 3424 2618 τὸ
3448 2568 3649 2628 αίτεῖνς
3681 2566 3976 2635 Αίσχρότε-

2409 2674 2500 2726 ρον
2537 2656 2632 2725 μὲν
2661 2653 2751 2708 οὖν
2785 2657 2845 2708 τὸ
2873 2657 3252 2727 δανεισάμενον
3283 2659 3620 2729 ἀποστερεῖν.
3651 2660 3726 2713 Ού
3756 2659 3974 2721 πάντως

2406 2749 2706 2818 νομοθετῶν
2749 2749 2916 2800 ταῦτα
2953 2749 3112 2815 λέγω,
3149 2751 3256 2801 ἀλλ’
3298 2751 3610 2814 ὑποδεικνὺς
3636 2792 3648 2812 ,
3677 2753 3757 2804 ὃτι
3794 2752 3974 2804 πάντα

2408 2859 2488 2894 σοι
2517 2840 2608 2894 τοῦ
2653 2838 2984 2902 δανείζεσθαι
3019 2839 3373 2909 φορητότερα.
3417 2842 3474 2892 '0
3510 2840 3732 2911 μύρμηξ
3765 2843 3862 2909 μὲν
3884 2842 3975 2893 δύ-

2407 2951 2582 2993 ναται.
2621 2934 2754 3002 μήτε
2791 2931 3117 3002 προσαιτῶν,
3157 2932 3289 2999 μήτε
3320 2930 3692 3000 δανειζόμενος
3713 2972 3726 2993 ,
3755 2932 3975 3002 διατρ-β·

2407 3025 2599 3092 φεσθαι
2620 3042 2631 3054 ·
2671 3025 2759 3077 καὶ
2803 3023 3026 3094 μέλισσα
3062 3023 3127 3075 τὰ
3161 3022 3385 3090 λείψανα
3411 3023 3508 3092 τῆς
3535 3024 3738 3086 οἰκείας
3768 3025 3975 3094 τροφῆς

2410 3116 2681 3184 βασιλεῦσι
2709 3115 2988 3185 χαρίζεται
3010 3130 3022 3144 ⁸
3059 3109 3138 3177 οἷς
3180 3112 3301 3166 οὕτε
3328 3117 3537 3184 χεῖρας,
3573 3113 3693 3165 οὔτε
3718 3113 3910 3182 τέχνας
3939 3118 3970 3185 ἡ

2410 3204 2567 3273 φύσις
2602 3205 2830 3256 ἔδωκεν·
2884 3206 2944 3256 συ
2985 3205 3040 3257 δὲ
3075 3206 3132 3256 τὸ
3182 3205 3484 3275 εὐμήχανον
3527 3204 3662 3268 ζῶον
3703 3207 3730 3258 ὁ
3767 3205 3977 3277 ἄνθρω-

2409 3312 2507 3357 πος
2539 3294 2664 3364 μίαν
2697 3294 2802 3344 τῶν
2835 3294 3018 3344 πασῶν
3049 3296 3293 3365 μηχανὴν
3315 3296 3410 3364 οὐχ
3435 3297 3684 3366 εὑρήσεις
3715 3294 3850 3366 πρὸς
3877 3295 3975 3366 τὴν

2409 3388 2498 3440 τοῦ
2549 3387 2662 3456 βίου
2706 3387 3006 3456 διαγωγὴν;
3060 3389 3250 3439 Καίτοι
3293 3391 3504 3458 ὁρῶμεν
3549 3391 3667 3458 οὐχὶ
3699 3392 3824 3452 τοὺς
3866 3390 3975 3442 τῶν

2407 3475 2717 3543 ἀναγκαίων
2757 3475 2955 3536 ἐνδεεῖς
2997 3476 3322 3543 ἐρχομένους
3358 3480 3448 3529 ἐπὶ
3478 3478 3537 3530 τὸ
3571 3481 3776 3532 δάνειον
3812 3481 3973 3546 (οὐδὲ

2407 3566 2512 3635 γὰρ
2552 3567 2734 3636 έχουσι
2796 3567 2919 3627 τους
2973 3565 3399 3635 πιστεύοντας),
3449 3570 3584 3622 ἀλλὰ
3639 3571 3972 3634 δανείζονται

2408 3659 2698 3728 ἂνθρωποι,
2762 3659 3025 3720 δαπάναις
3082 3660 3395 3728 ἀνειμέναις
3449 3662 3542 3713 καὶ
3605 3663 3973 3727 πολυτελείαις

2409 3750 2674 3819 ἀκάρποις
2725 3750 2946 3812 ἑαυτοὺς
2981 3749 3323 3813 ἐπιδιδόντες,
3364 3753 3411 3802 οἱ
3467 3754 3801 3818 γυναικείαις
3849 3755 3974 3822 ἡδυ-

2410 3845 2660 3905 παθείαις
2692 3842 3048 3905 δουλεύοντες.
3109 3843 3296 3912 Ἐμοὶ,
3332 3844 3515 3914 φησιν,
3561 3843 3762 3911 ἐσθῆτα
3812 3845 3973 3895 πολυ-

2409 3933 2534 4001 τελῆ
2587 3937 2678 3986 καὶ
2712 3936 2938 4005 χρυσία,
2973 3939 3082 3999 τοῖς
3133 3936 3364 3998 παιδίοις
3397 3937 3597 4006 κόσμον
3645 3936 3825 3998 αὐτοῖς
3861 3935 3970 4003 (56)

2410 4023 2654 4094 εὐπρεπῆ
2684 4026 2789 4078 τῶν
2829 4026 3156 4095 ἐνδυμάτων,
3187 4025 3321 4078 ἀλλὰ
3351 4028 3444 4078 καὶ
3478 4030 3588 4090 τοῖς
3616 4027 3852 4089 οἰκέταις
3884 4029 3974 4078 ἁν-

2411 4115 2528 4166 θινα
2576 4117 2666 4168 καὶ
2700 4118 2914 4169 ποικίλα
2947 4117 3014 4168 τὰ
3060 4118 3412 4187 περιϐόλαια,
3448 4123 3510 4188 τῇ
3547 4121 3789 4190 τραπέζῃ
3823 4120 3975 4186 δαψί-

2409 4206 2574 4258 λειαν.
2643 4205 2699 4256 Ὀ
2746 4206 2812 4258 τὰ
2847 4207 3068 4259 τοιαῦτα
3119 4208 3442 4277 λειτουργῶν
3487 4213 3706 4275 γυναικὶ
3747 4212 3838 4262 ἐπὶ
3881 4214 3972 4264 τὸν

2408 4295 2734 4369 τραπεζίτην
2764 4297 2999 4368 ἔρχεται,
3031 4301 3123 4352 καὶ
3153 4300 3280 4370 πρὶν
3302 4301 3604 4369 χρήσασθαι
3631 4303 3742 4363 τοῖς
3765 4303 3974 4371 ληρθείο

2412 4411 2529 4452 σιν,
2576 4391 2730 4446 ἄλλον
2779 4392 2836 4457 ἐξ
2893 4392 3049 4444 ἄλλου
3106 4391 3504 4462 μεταλαμϐάνει
3550 4392 3836 4461 δεσπότην,
3883 4397 3974 4446 καὶ

2413 4481 2785 4553 μετενδεσμῶν
2827 4482 2911 4534 ἀεὶ
2955 4483 3077 4544 τοὺς
3101 4481 3434 4544 δανείζοντας
3455 4523 3468 4544 ,
3502 4485 3564 4552 τῇ
3609 4485 3855 4553 συνεχείᾳ
3880 4483 3972 4537 τοῦ

751 4584 964 4625 ratores
993 4573 1127 4626 alios
1176 4573 1297 4625 aliis
1333 4588 1543 4641 semper
1592 4571 1908 4639 adjungens,
1940 4575 2193 4625 continua
2225 4575 2306 4626 illa
2345 4605 2383 4656 ο
2413 4593 2433 4624 ν

2289 4593 2306 4626 a
2345 4605 2383 4656 ο
2413 4574 2579 4626 κακοῦ
2619 4573 2804 4641 φεύγει
2832 4573 2928 4643 τῆς
2976 4575 3205 4645 ἀπορίας
3235 4573 3321 4625 τὸν
3353 4573 3590 4644 ἔλεγχον.
3640 4577 3745 4628 Καὶ
3788 4575 3971 4646 ῶσπερ

750 4667 872 4719 mali
901 4667 1243 4719 successione
1271 4675 1560 4729 egestatem
1597 4667 1743 4730 tegit.
1769 4663 1833 4715 Et
1863 4667 2307 4731 quemadmodum

750 4760 1025 4830 hydropici
1074 4759 1310 4825 suspecti
1353 4769 1476 4809 sunt
1521 4757 1586 4809 de
1646 4757 1872 4824 plurima
1912 4756 2196 4820 obesitate,
2233 4757 2311 4809 sic

749 4863 800 4904 et
831 4851 929 4904 iste
955 4850 1161 4902 videtur
1187 4865 1307 4902 esse
1337 4848 1505 4910 dives,
1533 4863 1742 4914 semper
1772 4847 2067 4916 accipiens,
2093 4859 2145 4900 et
2174 4863 2308 4902 sem-

825 5029 935 5096 (55)
972 5027 1079 5080 Vox
1119 5031 1459 5100 πλεονασμός
1486 5031 1537 5084 in
1567 5031 1736 5082 sacris
1773 5031 1992 5085 Litteris
2021 5032 2312 5098 signtﬁi'a'.

753 5102 805 5154 id
847 5103 986 5165 qnml
1030 5114 1223 5164 przcler
1263 5117 1461 5155 sortem
1528 5102 1805 5166 accipitur.
1860 5103 1986 5154 Vide
2018 5119 2136 5167 cap.
2201 5116 2310 5154 xvii

754 5170 1073 5241 Ezechielis.
1117 5170 1230 5221 Mox
1271 5173 1417 5238 Ite-gii
1461 5176 1727 5224 secundus
1763 5181 1815 5223 et
1861 5184 2042 5224 scxnts
2091 5171 2316 5241 αὐξομέ-

753 5259 873 5294 νων.
907 5239 1046 5292 lol'ra
1092 5241 1240 5292 Coll).
1279 5255 1500 5311 octavus
1523 5242 1902 5311 ἐπιγενόμενα.
1936 5241 2133 5295 Ibidem
2165 5239 2315 5296 multi

753 5330 883 5366 mss.
919 5313 998 5372 εἰς
1028 5313 1222 5379 πεῖραν
1255 5310 1434 5382 ἔλθῃς.

824 5382 933 5450 (δι)
963 5382 1096 5452 Editi
1126 5394 1179 5432 et
1219 5380 1559 5435 mss/omnes
1590 5381 1883 5452 ἐλεύθερον.
1903 5381 2006 5434 Sed
2037 5380 2314 5447 legendum

752 5469 874 5507 esse
910 5450 1191 5520 ἐλεύθερος
1239 5463 1431 5516 putant
1469 5452 1564 5503 \iri
1601 5450 1920 5512 doctissnni,
1955 5452 2221 5517 iidemque
2250 5454 2314 5504 de

754 5522 954 5575 Basilio
1006 5536 1190 5574 uestro
1240 5533 1441 5580 Optime
1491 5524 1664 5573 meriti
1705 5522 1927 5574 Doricus
1965 5535 2016 5576 et
2053 5521 2315 5575 Combeli-

753 5593 864 5646 sius
887 5604 1112 5654 quorum
1166 5593 1442 5644 sententiae
1481 5600 1719 5643 nostrum
1775 5592 2036 5645 calculum
2081 5591 2309 5643 addere-

756 5678 871 5715 mus
906 5662 1046 5714 hami
1075 5662 1250 5723 inviti,
1283 5661 1324 5713 si
1360 5663 1439 5715 vel
1469 5677 1608 5714 unus
1647 5678 1744 5714 ms.
1769 5663 1892 5714 huic
1923 5661 2133 5714 lectioni
2169 5661 2315 5712 fave-

755 5743 854 5786 ret.
886 5735 988 5785 Sed
1007 5747 1129 5786 cum
1149 5734 1320 5784 uultus
1342 5736 1388 5785 ei
1409 5735 1573 5785 codex
1603 5732 1946 5799 sulfragetur,
1970 5747 2149 5784 vocem
2176 5731 2318 5782 ὲλεύυ

753 5802 910 5873 θερον
969 5804 1300 5873 retinendam
1349 5803 1563 5870 quidem
1601 5804 1931 5865 censuimus,
1983 5803 2075 5855 sed
2117 5802 2208 5865 ita,
2263 5811 2318 5854 ut

755 5872 874 5932 eam
907 5872 1289 5928 adverbialiter
1321 5874 1752 5941 interpretemur.

2419 4665 2464 4714 οἰ
2513 4664 2826 4735 ύδεριῶντες
2867 4666 2921 4716 ἐν
2957 4664 3178 4732 ὑπονοίᾳ
3213 4662 3575 4734 πολυσαρκίας
3626 4665 3783 4725 είσὶν,
3835 4664 3974 4715 οὕτω

2417 4758 2507 4808 καὶ
2539 4751 2688 4818 οὗτος
2715 4759 2769 4808 ὲν
2802 4758 3067 4825 φαντασία
3100 4758 3409 4825 περιουσίας
3437 4757 3689 4826 ὑπάρχει,
3733 4758 3815 4808 ἀεὶ
3841 4756 3974 4826 λαμ-

2418 4848 2613 4910 ϐάνων,
2669 4848 2760 4899 καὶ
2796 4848 2882 4900 ἀεὶ
2929 4847 3121 4910 διδους,
3167 4849 3257 4900 κει)⁵
3291 4851 3355 4900 ἐκ
3398 4847 3504 4898 τῶν
3549 4847 3817 4916 δευτέρων
3865 4848 3975 4901 δια-

2492 5033 2600 5101 (55)
2633 5031 2725 5085 llic
2750 5031 2958 5084 variant
2990 5034 3114 5086 editi
3151 5041 3204 5086 et
3236 5046 3364 5101 mss.
3397 5031 3534 5086 inter
3563 5047 3640 5085 se.
3669 5031 3843 5085 Editio
3876 5032 3968 5084 Pa-

2423 5104 2514 5154 ris.
2555 5117 2605 5154 et
2655 5103 2817 5154 (Zoisl.
2856 5103 2946 5154 τοῦ
3001 5100 3295 5155 δανειστοῦ.
3332 5103 3430 5154 Alii
3492 5121 3618 5157 mss.
3678 5101 3970 5170 χρεώστου,

2423 5173 2554 5224 alter
2585 5173 2863 5244 χρεόστου.
2897 5175 3044 5225 tlolb.
3085 5185 3307 5241 quartus
3354 5172 3610 5244 χρηστοῦ.
3635 5171 3790 5244 _lteg_.
3823 5188 3974 5236 quar-

2424 5252 2506 5292 tus
2539 5240 2763 5296 etColb.
2803 5249 3058 5308 septimus
3085 5240 3203 5296 cum
3239 5240 3470 5294 editioni:
3509 5241 3671 5312 liasil.
3701 5240 3793 5292 τοῦ
3843 5245 3975 5312 χρή-

2425 5328 2573 5365 στου.
2606 5314 2730 5363 Scio
2761 5315 2975 5374 quidem
3027 5314 3156 5366 nihil
3211 5314 3274 5364 ad
3315 5328 3536 5364 sensum
3588 5311 3810 5372 referre,
3856 5311 3973 5364 ntro

2424 5386 2543 5448 quis
2569 5383 2730 5432 modo
2762 5382 2968 5448 legerit,
3019 5381 3293 5435 δανειστοῦ
3325 5400 3390 5432 an
3415 5383 3646 5451 χρήστον
3678 5396 3690 5408 ·
3721 5384 3974 5451 arbitror

2425 5462 2602 5523 tamen
2643 5451 3026 5523 legi_oportere
3070 5455 3327 5523 χρήστου,
3363 5450 3460 5506 nec
3508 5450 3663 5523 aliter
3717 5450 3971 5506 Basilium

2421 5522 2722 5589 scripsisse.
2755 5521 2911 5580 Nam,
2943 5531 2997 5574 ut
3049 5521 3118 5575 ex,
3155 5521 3311 5574 dictis
3339 5535 3504 5589 patet,
3544 5521 3688 5575 inulti
3724 5540 3855 5576 mss.
3885 5534 3976 5576 aut

2419 5608 2536 5664 eam
2573 5606 2755 5643 vocmt
2786 5594 2944 5658 plane
2974 5594 3250 5651 exhibent,
3276 5602 3531 5646 autccrte
3559 5593 3740 5656 aliam,
3767 5610 3888 5664 qua:
3911 5595 3974 5645 ab

2419 5661 2530 5730 ipsa
2565 5677 2665 5712 non
2706 5664 2774 5712 ita
2803 5667 3022 5715 multum
3055 5663 3270 5717 recedit.

2489 5731 2600 5800 (56)
2637 5731 2742 5784 Vox
2772 5731 2952 5795 αὐτοῖς
2991 5735 3140 5784 deest
3171 5733 3219 5784 in
3246 5733 3512 5798 plerisque
3537 5747 3662 5784 mss.
3701 5731 3819 5785 Mox
3855 5742 3975 5784 octo

2421 5818 2549 5856 mss.
2589 5817 2707 5852 cuin
2737 5803 2970 5853 editione
3006 5801 3164 5859 Basil.
3197 5804 3290 5855 καὶ
3314 5800 3529 5856 ποικίλα
3553 5803 3640 5857 τά.
3669 5804 3850 5857 Editio
3883 5803 3978 5856 ιἰιει

2425 5877 2514 5928 ris.
2552 5871 2798 5923 ποικιλτὰ
2833 5889 2891 5924 πε
2902 5872 3008 5938 ptri.
