4260 6532
317 494 418 545 277

1455 496 1794 550 HOMILIAII
1825 498 1890 553 IN
1927 497 2250 551 PSALMUM
2289 499 2427 554 XIV.
3437 495 3536 546 Ξτῖ

320 609 459 659 λύων
510 609 623 680 (57)
675 610 742 662 τὰ
798 608 1095 676 φθάσαντα,
1139 609 1235 677 τὴν
1291 609 1424 678 πρὸς
1478 611 1538 664 τὸ
1588 612 1880 682 λαμϐάνειν
1912 623 1948 675 Α

1991 629 2085 680 per
2115 616 2270 678 dans,
2307 622 2362 665 et
2389 628 2450 664 ex
2486 614 2875 682 pOSIeNOI'IIHIS
2907 611 3082 680 priora
3121 608 3439 670 dISSOIVI‘IIS,
3467 629 3477 661 :
3505 621 3543 663 ι.

321 699 658 764 ἀξιοπιστίαν
692 703 755 751 ἐκ
781 700 881 769 τῆς
922 701 1011 754 τοῦ
1055 700 1226 753 κακοῦ
1263 704 1541 772 συνεχείας
1573 706 1881 773 περιποιού-

322 808 480 861 μενος
511 792 707 858 ἐαυτῷ.
752 787 880 845 Εἶτα
909 792 1096 860 ὥσπερ
1131 791 1223 844 ἐπὶ
1249 791 1347 861 τῆς
1377 794 1600 865 χολέρας
1629 795 1679 846 οἱ
1708 795 1767 848 τὸ
1797 797 1881 849 ἀεὶ

321 886 714 956 προϊστάμενον
761 885 1067 955 ἐξερῶντεθ
1095 884 1241 955 (58),
1291 888 1384 939 καὶ
1433 887 1559 956 πρὶν
1611 887 1881 951 παντελῶς

321 974 655 1044 καθαρθῆναι
684 975 936 1046 δευτέραν
987 978 1188 1050 τροφὴν
1217 978 1694 1049 ἐπεμϐαλλόμενοι,
1726 979 1881 1031 πάλιν

323 1065 514 1132 ἐμοῦσι
550 1066 664 1136 μετ’
709 1067 898 1139 ὀδύνης
927 1071 1017 1123 καὶ
1051 1071 1407 1141 σπαραγμῶν·
1448 1069 1588 1122 οὕτω
1618 1069 1710 1121 κα).
1738 1067 1882 1124 οὗτοι

321 1157 511 1219 τόκους
555 1159 618 1209 ἐκ
647 1158 818 1212 τόκων
867 1161 1388 1232 μεταλαμϐάνοντες,
1431 1161 1524 1214 καὶ
1560 1163 1686 1231 πρὶν
1717 1164 1882 1214 ἑκκα-

323 1248 485 1320 Οᾶραι
527 1251 594 1304 τά
646 1253 868 1323 πρῶτα,
901 1253 1148 1321 δεύτερον
1189 1253 1568 1320 ἐπεισάγοντες
1599 1255 1880 1325 δάνεισμα,

323 1343 515 1414 μικρὸν
556 1343 745 1413 χρόνον
777 1347 886 1404 τοῖς
929 1341 1225 1412 ἀλλοτρίοις
1260 1343 1695 1414 ὲναϐρυνόμενοι,
1726 1346 1882 1398 ὓστε-

325 1450 413 1503 ρον
447 1435 540 1485 καὶ
577 1433 646 1484 τὰ
676 1434 847 1484 οίκεῐα
874 1431 1164 1503 ὠδύραντο.
1201 1436 1263 1486 Ὢ
1304 1436 1499 1500 πόσους
1538 1436 1782 1490 ἀπώλεσε
1816 1435 1886 1488 τὰ

319 1524 572 1594 ἀλλότρια
598 1523 804 1591 ἀγαθάί
834 1525 991 1578 Πόσοι
1017 1528 1147 1597 δναρ
1175 1527 1570 1598 πλουτήσαντες
1603 1529 1886 1600 ύπεραπή-

319 1610 523 1664 λαυσαν
548 1612 647 1682 τῆς
676 1612 903 1684 ζημίαςί
949 1615 1105 1668 Ἀλλά
1140 1616 1341 1677 πολλοὶ,
1381 1620 1533 1686 φησι,
1578 1621 1668 1671 καὶ
1707 1623 1769 1672 ἐκ
1801 1619 1887 1670 δα-

320 1705 622 1773 νεισμάτων
656 1707 1009 1777 ἐπλούτησαν.
1048 1706 1268 1768 Πλείους
1301 1706 1377 1770 δὲ,
1412 1704 1585 1777 οἶμαι,
1622 1710 1715 1761 καὶ
1764 1710 1885 1779 βρό-

321 1811 430 1863 χων
475 1796 702 1865 ἥψαντο.
739 1795 810 1848 Σὺ
852 1798 906 1848 δὲ
937 1798 1058 1858 τοὺς
1089 1796 1186 1865 μὲν
1217 1795 1617 1866 πλουτήσαντας
1652 1798 1883 1868 βλέπεις,

318 1886 446 1946 τοὺς
495 1885 549 1936 δὲ
588 1885 1005 1954 ἀπαγξαμένους
1049 1885 1148 1937 οὐκ
1195 1885 1481 1957 ἀριθμεῖς.
1527 1888 1596 1952 οἶ,
1653 1888 1747 1958 τὴν
1793 1891 1886 1943 ἐπὶ

1984 718 2090 770 que
2139 701 2250 772 jugi
2302 700 2425 752 ntali
2461 705 2801 757 successione
2829 701 3139 770 requisitam
3177 701 3241 751 ad
3271 700 3472 766 accipie
3514 726 3541 737 -

1983 797 2106 848 dum
2144 797 2299 849 fidem
2328 794 2426 848 sibi
2460 795 2569 861 ipse
2619 807 2957 865 comparans.
2995 791 3189 844 Deinde
3219 792 3356 845 sicut
3392 791 3424 843 ii
3452 806 3482 857 q
3527 792 3541 843 i

1983 889 2201 942 cholera
2235 888 2496 949 laborant,
2537 886 2584 938 id
2641 902 2852 957 semper
2902 885 3041 955 quod
3102 895 3227 937 ante
3268 895 3538 952 stunptum

1985 989 2065 1032 est
2113 978 2356 1048 ejiciunt,
2408 986 2462 1030 et
2524 980 2968 1045 quemadmodum
3016 976 3059 1029 si
3108 986 3231 1028 ante
3278 976 3538 1043 integrant

1985 1071 2357 1140 purgationem
2404 1069 2580 1122 cibum
2630 1069 2852 1121 alterum
2895 1071 3134 1140 capiunt,
3173 1069 3310 1120 hunc
3356 1083 3541 1121 rursus

1983 1180 2100 1216 cum
2154 1162 2357 1227 dolore,
2409 1173 2463 1215 et
2521 1178 2641 1213 cum
2698 1175 2981 1214 nervormn
3025 1160 3372 1217 convulsione
3414 1175 3539 1213 evo-

1984 1263 2136 1305 munt
2168 1271 2180 1305 :
2215 1253 2282 1304 ita
2310 1261 2361 1306 et
2395 1253 2448 1306 hi
2485 1251 2656 1304 fatuus
2687 1249 2890 1304 [tenore
2915 1262 3323 1312 COntmnlattles,
3355 1257 3408 1303 et
3444 1266 3541 1303 an-

1985 1351 2201 1410 tequam
2234 1342 2441 1408 pricres
2469 1355 2645 1394 usura:
2685 1351 2997 1408 purgentur,
3022 1341 3240 1398 alteram
3275 1342 3541 1411 adjicien-

1985 1443 2088 1493 tes,
2129 1445 2416 1499 parumper
2443 1429 2496 1483 in
2552 1429 2746 1482 alienis
2788 1428 3019 1495 gloriati,
3062 1439 3170 1479 tmn
3213 1431 3421 1481 dentom
3465 1427 3539 1482 rei

1983 1525 2141 1576 etiam
2171 1521 2454 1576 familiaris
2500 1523 2768 1592 jacturam
2828 1522 3029 1590 lugent.
3065 1517 3108 1573 Ο
3142 1529 3270 1585 quot
3300 1520 3542 1574 homines

1983 1613 2333 1681 perdiderunt
2362 1611 2535 1664 aliena
2572 1613 2740 1667 bona!
2788 1611 2930 1679 Quot
2964 1611 3014 1663 in
3051 1611 3254 1665 somnis
3287 1610 3464 1672 dilati,
3489 1612 3542 1664 in

1981 1720 2251 1760 aerumnas
2293 1713 2348 1758 et
2396 1704 2730 1759 calamitates
2777 1703 3037 1764 maximas
3086 1703 3413 1758 inciderunt!
3449 1703 3544 1755 At-

1984 1798 2097 1867 qui,
2140 1796 2338 1865 inquis,
2390 1794 2541 1847 multi
2589 1797 2750 1847 etiam
2784 1794 2987 1848 {tenore
3017 1792 3141 1847 facti
3168 1792 3540 1846 suntdivites:

1985 1901 2038 1941 at
2068 1903 2196 1941 vero
2253 1886 2455 1956 plures,
2500 1886 2753 1948 arbitror,
2795 1887 2862 1938 ad
2895 1884 3116 1953 laqueos
3161 1891 3544 1952 pervenerunt.

320 1977 442 2059 ταῖς
491 1976 843 2044 ἀπαιτήσεσιν
899 1975 1156 2047 αἰσχύνην
1209 1979 1282 2051 μὴ
1334 1979 1586 2050 φέροντες
1619 1980 1750 2051 (59),
1795 1981 1885 2034 τὸν
1915 1963 1948 2018 Ε

1986 1981 2062 2033 Tu
2091 1993 2252 2047 porro
2284 1979 2480 2033 ditatos
2510 1977 2724 2044 quidem
2759 1977 3002 2044 respicis,
3028 1974 3393 2041 strangulatus
3415 1988 3544 2028 vero

321 2065 387 2117 δι’
425 2065 658 2136 ἀγχόνης
702 2067 924 2121 θάνατον
966 2069 1058 2121 τοῦ
1106 2071 1480 2135 ἐπονειδίστως
1523 2071 1620 2143 ζῇν
1670 2073 1886 2144 προετί-

323 2174 522 2226 μησαν.
573 2153 724 2210 Εἶδον
759 2157 867 2226 ἐγὼ
912 2159 1141 2212 ἐλεεινὸν
1185 2161 1382 2231 θέαμα,
1427 2165 1619 2226 παῖδας
1670 2165 1882 2218 ἐλευθέ-

323 2265 447 2318 ρους
483 2249 621 2319 ύπέρ
667 2250 839 2318 χρεῶν
882 2251 1159 2319 πατρικῶν
1195 2251 1304 2321 (60)
1347 2252 1668 2322 ἑλκομένους
1717 2259 1795 2319 είς
1823 2258 1884 2309 τὸ

320 2345 637 2410 πρατήριον.
703 2340 815 2394 Οὐκ
869 2341 1012 2411 ἔχεις
1082 2342 1402 2396 καταλιπεῖν
1466 2346 1721 2417 χρήματα
1775 2351 1884 2410 τοῖς

323 2434 510 2498 παισί;
554 2435 627 2506 μὴ
674 2434 989 2506 προσαφέλῃ
1017 2435 1112 2489 καὶ
1139 2436 1237 2507 τὴν
1270 2436 1565 2505 εὐγένειαν.
1601 2439 1695 2490 Ἓν
1732 2438 1886 2491 τοῦτο

321 2522 640 2595 διατήρησον
666 2526 847 2590 αὐτοῖς
881 2527 940 2579 τὸ
968 2527 1149 2598 κτῆμα
1177 2528 1276 2598 τῆς
1301 2528 1629 2599 ἐλευθερίας,
1653 2530 1750 2602 τὴν
1782 2547 1887 2582 πα-

326 2616 710 2687 ρακαταθήκην
748 2620 814 2687 ἣν
848 2619 996 2685 παρὰ
1033 2619 1138 2671 τῶν
1179 2620 1378 2688 γονέων
1418 2621 1740 2690 παρέλαϐες.
1782 2622 1884 2674 Οὑ-

319 2706 430 2767 δεὶς
463 2709 649 2760 πενίαν
681 2710 883 2778 πατρὸς
925 2709 1189 2780 ἐνεκλήθη
1233 2711 1392 2764 ποτέ·
1435 2710 1652 2781 ὄφλημα
1691 2712 1745 2763 δέ
1776 2730 1882 2765 πα-

318 2795 492 2866 τρῷον
520 2800 598 2859 είς
637 2797 1004 2869 δεσμωτήριον
1053 2801 1194 2868 άγει.
1229 2801 1318 2869 Μὴ
1359 2803 1660 2872 καταλίπῃς
1706 2821 1886 2873 γραμ-

324 2891 539 2958 ματεῖον
597 2888 785 2962 ὥσπερ
819 2891 956 2961 ἀράν
987 2893 1254 2964 πατρικὴν
1286 2894 1364 2955 εἰς
1389 2892 1583 2957 παῖδας
1628 2894 1884 2946 καταϐαίο

321 2998 516 3036 νουσαν
544 2984 637 3037 καὶ
661 2983 916 3052 ἐγγόνους
944 2985 1075 3056 (61).

391 3159 444 3214 5.
515 3161 783 3226 Ἀκούετε,
830 3166 878 3215 οἱ
923 3164 1196 3227 πλούσιοι,
1236 3168 1393 3218 ὁποῖα
1451 3169 1882 3239 συμϐουλεύομεν

317 3253 430 3313 τοῖς
468 3255 701 3321 πτωχοῖς
739 3253 824 3306 διά
868 3254 964 3324 τὴν
1008 3255 1277 3326 ὑμετέραν
1322 3257 1712 3327 ἀπανθρωπίαν
1735 3275 1748 3289 ο
1791 3262 1881 3326 ἐγ·
1907 3296 1948 3352 C

319 3345 604 3414 καρτερεῖν
648 3344 844 3414 μᾶλλον
874 3350 986 3410 τοῖς
1018 3347 1228 3412 δεινοῖς,
1271 3349 1302 3421 ἢ
1336 3349 1434 3412 τὰς
1474 3351 1537 3402 ἐκ
1571 3349 1679 3402 τῶν
1706 3351 1879 3404 τόκων

320 3435 605 3506 συμφορὰς
633 3436 1006 3506 ὑποδέχεσθαι.
1041 3440 1100 3492 El
1135 3428 1190 3493 δέ
1237 3440 1514 3494 ἐπείθεσθε
1550 3440 1626 3511 τῷ
1670 3443 1878 3513 Κυρίῳ,

314 3527 399 3588 τίς
431 3528 588 3595 χρεία
636 3527 743 3580 τῶν
773 3527 944 3595 λόγων
976 3530 1208 3594 τούτων;
1244 3531 1338 3601 Τίς
1379 3531 1435 3588 δέ
1484 3533 1629 3584 ἐστιν
1669 3535 1702 3602 ἡ
1740 3550 1879 3603 συμ-

317 3615 479 3686 ϐουλὴ
518 3617 608 3669 τοῦ
651 3619 955 3685 Δεσπότου,
997 3620 1276 3684 Δανείζετε
1309 3623 1437 3692 παρ’
1483 3616 1556 3675 ὧν
1588 3624 1686 3678 οὐκ
1732 3624 1883 3676 ἐλπί-

319 3709 438 3772 ζετε
465 3709 774 3765 ἀπολαϐεῖν.
812 3713 921 3764 Καὶ
953 3715 1123 3777 ποῖον,
1157 3713 1310 3781 φησὶ,
1340 3712 1496 3766 τοῦτο
1525 3715 1805 3784 δάνεισμα,
1837 3708 1880 3783 ᾧ

317 3799 419 3868 τῆς
461 3800 764 3865 ἀποδόσεως
801 3803 911 3874 (62)
956 3803 1110 3866 ἐλπὶς
1152 3805 1211 3856 ού
1249 3803 1626 3868 ουνέζευκταη
1671 3807 1879 3875 Νόησον

318 3893 418 3959 τὴν
460 3891 685 3962 δύναμιν
729 3893 822 3946 τοῦ
869 3895 1053 3965 ῥητοῦ,
1095 3896 1188 3948 καὶ
1231 3894 1528 3965 θαυμάσεις
1560 3896 1656 3965 τὴν
1692 3897 1877 3964 φιλαν-

318 3980 565 4052 θρωπίαν
597 3982 688 4035 τοῦ
709 3983 1014 4053 νομοθέτου.
1048 3987 1214 4039 Ὅταν
1242 3986 1441 4057 πτωχῷ
1479 3988 1735 4059 παρέχειν
1755 3989 1880 4059 μέλ-

319 4072 416 4144 λῃς
443 4073 530 4126 διὰ
557 4075 647 4126 τὸν
679 4074 902 4144 Κύριον,
941 4074 998 4126 τὸ
1045 4077 1173 4128 αὐτὸ
1208 4079 1299 4129 καὶ
1334 4078 1502 4149 δῶρόν
1531 4082 1645 4132 ἐστι
1680 4082 1770 4133 καὶ
1798 4080 1883 4134 δά-

321 4180 549 4232 νεισμα·
578 4165 744 4235 δῶρον
780 4167 876 4235 μὲν
917 4166 1003 4218 διά
1044 4167 1141 4237 τὴν
1174 4168 1515 4222 ἀνελπιστίαν
1554 4173 1649 4235 τῆς
1683 4172 1881 4243 ἀπολή-

317 4255 483 4324 ψεως,
509 4256 770 4326 δάνεισμα
801 4258 857 4311 δέ
886 4258 972 4312 διὰ
1004 4259 1098 4329 τὴν
1135 4259 1541 4331 μεγαλοδωρεάν
1571 4261 1662 4314 τοῦ
1691 4264 1882 4316 Δεσπό-

317 4363 412 4399 του
447 4345 540 4399 τοῦ
575 4348 952 4412 ἀποτιννύντος
987 4350 1126 4420 ὑπὲρ
1158 4350 1342 4414 αὑτοῦ,
1383 4352 1461 4414 ὃς,
1506 4355 1676 4424 μικρά
1705 4354 1882 4407 λαϐὼν

317 4436 407 4499 διὰ
438 4437 532 4490 τοῦ
571 4439 820 4510 πένητος,
857 4441 1063 4510 μεγάλα
1093 4443 1232 4512 ὑπὲρ
1272 4443 1446 4496 αὐτῶν
1487 4445 1772 4498 ἀποδώσει.
1821 4448 1882 4498 ’0

321 4530 431 4600 γὰρ
469 4532 656 4585 ἐλεῶν
697 4534 932 4601 πτωχὸν
961 4535 1070 4603 (65)
1115 4533 1361 4595 δανείζει
1411 4536 1549 4602 Θεῷ.
1591 4540 1662 4591 Οὐ
1707 4539 1880 4608 βούλει

1985 2085 2090 2123 non
2123 2083 2391 2134 numeras,
2447 2067 2538 2135 qui
2573 2066 2868 2120 exactiouis
2911 2066 3144 2119 dedecus
3188 2064 3407 2117 minime
3460 2064 3540 2118 fe-

1986 2170 2182 2222 rentes,
2222 2161 2320 2213 sibi
2371 2166 2594 2212 mortem
2649 2157 2952 2209 maluerunt
3009 2157 3200 2224 laqueo
3247 2155 3537 2216 asciscere,

1984 2268 2143 2322 quam
2174 2255 2429 2321 probrose
2459 2253 2660 2303 vivere.
2696 2247 2811 2302 Vidi
2845 2262 2944 2317 ego
2985 2249 3286 2302 miserabile
3330 2257 3541 2317 specta-

1985 2344 2182 2408 culum,
2231 2343 2490 2410 ingenuos
2542 2358 2752 2410 pueros,
2807 2344 2920 2410 qui,
2974 2350 3029 2393 ut
3084 2341 3538 2402 venderentur,in

1984 2433 2158 2488 forum
2200 2435 2269 2488 ob
2321 2435 2491 2503 patris
2540 2433 2714 2488 debita
2743 2433 3213 2501 pertrahebantur.
3241 2431 3351 2484 Non
3376 2432 3542 2484 habes

1985 2528 2261 2596 pecuniam
2294 2543 2453 2597 quam
2489 2526 2756 2595 relinquas
2782 2524 2944 2580 ﬁliis?
2982 2525 3122 2579 Cave
3157 2523 3537 2594 ingenuitatem

1982 2620 2060 2674 eis
2090 2618 2325 2673 auferas.
2378 2618 2549 2674 Unam
2609 2619 2746 2671 hanc
2795 2618 2925 2684 ipsis
2972 2632 3228 2670 conserva
3282 2616 3543 2669 libertatis

1981 2714 2394 2783 possessionem,
2433 2711 2734 2779 depositum
2787 2710 2934 2770 illud,
2971 2708 3116 2778 quod
3166 2723 3195 2760 a
3224 2706 3541 2776 parentibus

1982 2802 2258 2870 accepisti.
2285 2800 2497 2854 Nemini
2534 2817 2769 2870 unquam
2803 2800 2969 2869 patris
2998 2811 3284 2868 paupertas
3314 2800 3432 2852 data
3460 2808 3544 2851 est

1984 2896 2194 2948 crimini
2232 2912 2246 2948 :
2283 2906 2339 2949 at
2380 2903 2663 2965 paternum
2705 2894 2942 2948 debitum
2979 2893 3032 2946 in
3075 2907 3345 2946 carcerem
3377 2891 3538 2944 ducit.
3603 2910 3606 2913 ·

1982 2986 2059 3042 Ne
2091 2988 2361 3057 relinquas
2415 2989 2771 3056 syngrapham
2811 3001 2908 3040 ceu
2957 2995 3236 3056 paternam
3283 2999 3537 3040 exsecra-

1983 3082 2179 3134 tionem
2217 3081 2267 3132 in
2302 3081 2439 3133 lilios
2468 3095 2530 3132 ac
2568 3090 2786 3148 nepotes
2827 3079 3262 3132 descendentem.

2049 3172 2103 3228 5:
2143 3172 2357 3234 Audite,
2385 3167 2601 3234 dTvites,
2623 3169 2781 3238 quale
2802 3169 3127 3238 pauperibus
3157 3169 3345 3221 demus
3365 3167 3542 3220 consi-

1981 3262 2107 3315 lium
2137 3263 2204 3317 ob
2232 3273 2460 3315 vestram
2485 3259 2958 3326 inhumanitatem,
2979 3271 3187 3326 nempe.
3209 3270 3264 3310 ut
3283 3257 3542 3327 gravissi-

1983 3368 2064 3405 ma
2096 3367 2318 3420 qua:th
2346 3358 2655 3404 constanter
2683 3348 2857 3402 ferant
2893 3350 3070 3415 potius
3109 3362 3269 3415 quam
3316 3347 3539 3400 calami-

1982 3452 2118 3496 tates
2146 3458 2212 3496 ει
2243 3441 2448 3495 {tenore
2469 3441 2844 3510 provenientes
2866 3440 3251 3508 perpetiantur.
3271 3437 3473 3493 Morem
3493 3439 3538 3493 si

1982 3535 2204 3591 Domino
2221 3534 2496 3603 gereretis,
2525 3533 2650 3603 quid
2676 3533 2760 3587 his
2797 3531 2972 3586 verbis
3007 3539 3147 3586 esset
3171 3546 3304 3600 opus
3320 3531 3342 3582 ?
3358 3530 3540 3596 Quod-

1980 3646 2099 3684 nam
2122 3641 2296 3682 autem
2319 3627 2528 3681 Domini
2557 3625 2835 3680 consilium
2859 3625 2976 3677 est?
2997 3623 3234 3676 Motuum
3257 3623 3381 3674 date
3401 3623 3484 3686 iis,
3510 3636 3540 3673 a

1977 3725 2167 3793 quibus
2196 3737 2302 3776 non
2326 3721 2553 3788 speratis
2587 3729 2894 3786 recepturos
2918 3732 3011 3769 vos
3033 3731 3151 3769 esse
3170 3714 3236 3768 ³⁸.
3272 3714 3337 3767 Ει
3364 3713 3541 3780 quale,

1980 3815 2169 3882 inquit,
2212 3812 2311 3865 hoc
2338 3822 2601 3871 mutuum.
2634 3809 2716 3862 cui
2753 3808 3064 3861 redditionis
3092 3822 3217 3873 spes
3257 3803 3538 3872 conjuncta

1980 3920 2082 3958 non
2118 3903 2233 3957 est?
2265 3901 2499 3972 Intellige
2525 3902 2801 3955 sententiae
2826 3899 2952 3960 vim,
2994 3908 3048 3952 et
3103 3897 3423 3966 legislatoris
3450 3897 3519 3947 ιιιὶ

1983 3995 2167 4048 rabere
2195 3995 2597 4050 humanitatem.
2621 3993 2716 4048 Ubi
2750 3992 2962 4060 pauperi
3001 3989 3204 4042 Domini
3237 3992 3406 4055 gratia
3441 3986 3540 4040 de-

1979 4089 2145 4153 deris,
2180 4090 2313 4142 idem
2343 4097 2396 4142 et
2436 4089 2627 4141 donum
2653 4095 2803 4140 estet
2826 4085 3034 4145 lienus;
3075 4083 3270 4132 donum
3303 4079 3539 4146 quidem,

1979 4181 2115 4249 quod
2149 4191 2476 4247 recepturum
2502 4193 2550 4230 te
2570 4179 2697 4230 nihil
2725 4192 2841 4229 esse
2871 4189 3081 4242 speras:
3116 4174 3286 4226 {mnus
3306 4185 3450 4232 vero,
3472 4169 3541 4222 ob

1983 4271 2186 4323 Domini
2242 4286 2335 4338 pro
2380 4270 2538 4336 inope
2581 4266 2901 4336 persoluturi
2939 4262 3389 4324 muniﬁcentiam,
3427 4260 3537 4326 qui,

1981 4361 2162 4431 paucis
2182 4377 2274 4431 per
2296 4377 2578 4429 pauperem
2600 4361 3053 4427 acceptisdmagna
3071 4371 3254 4408 eorum
3279 4354 3394 4406 loco
3416 4357 3536 4405 red-

1982 4455 2186 4506 diturus
2202 4453 2557 4516 est.Quienim
2579 4446 3337 4517 misereturpauperisJamerat
3362 4444 3534 4496 Deo".

1983 4545 2094 4599 Non
2117 4546 2197 4600 vis
2224 4547 2588 4598 universorum
2607 4543 2881 4596 Dominum
2902 4541 3192 4596 obnoxium
3215 4537 3304 4590 tibi
3327 4537 3423 4604 ipsi
3446 4535 3538 4587 ha-

318 4623 409 4675 τὸν
443 4623 657 4676 πάντων
690 4626 962 4696 Δεσπότην
1003 4626 1298 4680 ὑπεύθυνον
1330 4628 1471 4697 ἔχειν
1511 4631 1717 4700 σεαυτῷ
1749 4633 1881 4702 πρὸς
1914 4656 1948 4708 ι]

1986 4635 2107 4688 bere
2123 4637 2188 4689 ad
2210 4633 2645 4702 persolvendum?
2676 4633 2729 4686 Si
2755 4633 2873 4701 quis
2897 4632 2948 4684 in
2976 4630 3192 4683 civitate
3221 4627 3369 4678 dives
3385 4637 3537 4690 spon-

319 4713 416 4784 τήν
447 4713 684 4779 ἔκτισιν;
735 4717 805 4768 Ἢ
841 4715 948 4768 τῶν
979 4718 1075 4786 μὲν
1105 4720 1160 4769 ἐν
1203 4721 1266 4787 τῇ
1304 4719 1454 4771 πόλει
1495 4721 1758 4774 πλουσίων
1788 4723 1882 4776 ἐάν

317 4822 403 4868 τις
436 4807 742 4878 ὁμολογήσῃ
772 4824 854 4860 σοι
900 4807 996 4878 τὴν
1044 4809 1182 4878 ὑπὲρ
1234 4809 1432 4880 ἐτέρων
1475 4812 1710 4877 ἔκτισιν,
1755 4813 1879 4884 δέχῃ

321 4896 485 4958 αὐτοῦ
517 4897 615 4968 τὴν
656 4899 885 4970 ἐγγύηνς
919 4899 1048 4952 Θεὸν
1091 4901 1145 4952 δὲ
1180 4903 1572 4974 ὑπερεκτιστὴν
1599 4905 1706 4957 τῶν
1740 4922 1881 4958 πτω-

323 4985 431 5056 χῶν
471 4988 532 5040 οὐ
568 4991 869 5060 προσίεσαι.
913 4992 1010 5057 Δὸς
1041 4991 1100 5044 τὸ
1135 4995 1256 5063 εἰκῆ
1305 4995 1554 5065 κείμενον
1601 4997 1878 5068 ἀργύριον,

397 5182 444 5216 ⁸⁸
464 5183 594 5238 Luc.
633 5201 703 5251 vr,
733 5185 823 5248 54,
849 5185 938 5242 55.
1013 5186 1056 5218 ³⁷
1079 5187 1236 5243 Prov.
1268 5202 1379 5250 xix,
1420 5188 1501 5240 l7.

398 5361 510 5429 (57)
531 5361 677 5415 CoIb.
713 5375 929 5419 octavus
960 5368 1182 5422 διαλύει.

397 5430 509 5512 (58)
537 5432 812 5512 SicJchii
848 5439 1037 5512 tertius
1062 5451 1111 5512 et
1161 5449 1371 5512 sextus.
1409 5439 1540 5512 Reg.
1567 5449 1787 5512 quartus
1832 5449 1886 5493 et

323 5501 787 5583 Collunseuptintus
820 5520 914 5572 pro
951 5506 1242 5583 ἐ-ξερῷντῌες
1295 5501 1516 5583 habent”
1543 5501 1883 5581 ἐξεμοῦντες,

327 5586 434 5623 non
463 5571 730 5651 {IiSsilttllin
748 5571 929 5629 sensu.
966 5571 1107 5651 licini
1139 5571 1523 5651 ἐξαιροῦντες,’
1562 5571 1718 5651 male.
1775 5571 1884 5633 Alié

323 5651 671 5725 quanto'po's‘t
696 5641 827 5710 Reg.
857 5648 1043 5700 tertius
1073 5641 1199 5718 πρὶν
1228 5641 1711 5722 ἐκκαρθῆναι.Μοι
1745 5652 1880 5705 idem

324 5711 488 5762 codex
523 5710 700 5762 ἀπώλε
708 5729 823 5766 σαν.

393 5777 604 5858 (59)-οί
655 5781 782 5858 τὴν.
819 5783 914 5836 ἐπὶ
964 5787 1090 5852 ταῖς
1133 5788 1532 5854 ἀπαιτήσεσιν
1580 5790 1880 5858 αἰσχύνην

320 5847 1294 5936 I‘RUS‘OEPQWSC-‘LGBendum:-putius,
1323 5847 1377 5912 ut
1407 5862 1458 5936 in
1481 5865 1665 5936 eodem
1686 5847 1874 5936 ζει-ηιξ,

323 5936 377 5989 p.
401 5918 524 5985 496,
561 5918 944 5993 ἀπαντήσεσιν,
982 5918 1388 5983 υαόῧιιοηιοιιιιιι
1415 5932 1634 5986 dedecus
1670 5947 1769 5983 non
1801 5918 1876 5998 [εί

1989 4729 2112 4781 deat
2136 4743 2192 4780 se
2214 4728 2306 4780 tibi
2330 4743 2424 4797 pro
2449 4727 2568 4779 aliis
2594 4726 2914 4784 soluturum,
2942 4735 3118 4772 nonne
3142 4715 3534 4782 lidejussionem

1993 4818 2146 4887 113
2177 4818 2315 4874 illius
2346 4819 2582 4886 accipis?
2617 4827 2671 4869 at
2723 4815 2887 4866 Deum
2938 4827 3035 4865 ceu
3083 4805 3532 4874 sponsoremqui

1988 4925 2082 4978 pro
2112 4909 2435 4976 pauperibus
2468 4908 2742 4961 soluturus
2771 4907 2861 4968 sil,
2907 4918 3010 4954 non
3055 4899 3310 4952 admittis.
3348 4896 3534 4950 Inutile

1989 4999 2081 5052 tibi
2115 5012 2395 5066 argentum
2418 5000 2507 5060 da,
2538 5013 2639 5049 non
2669 5009 2894 5065 gravans
2931 4992 3056 5045 illud
3105 4988 3530 5050 accessionibus;

1989 5379 2176 5422 rentes.
2212 5369 2418 5424 ΜΑιιΑΝ.

2061 5440 2171 5508 (60)
2198 5439 2346 5493 Coll).
2383 5450 2598 5492 octavus
2628 5437 2803 5507 χρεῶν
2827 5435 3111 5508 πατρῴων.

2060 5505 2172 5578 (61)
2203 5509 2350 5563 ΜυΙιί
2397 5525 2524 5562 mss.
2556 5505 2829 5576 ἐγγόνους.
2883 5505 3020 5559 Euiti
3051 5505 3322 5574 ἐκγόνους.
3349 5506 3530 5578 Obiter

1990 5578 2076 5631 hic
2109 5577 2324 5633 monere
2357 5579 2502 5637 libet.
2535 5594 2717 5647 vocem
2740 5578 2959 5644 ἔκγονος
3001 5593 3119 5629 raro
3150 5579 3199 5629 in
3241 5593 3369 5631 mss.
3407 5577 3530 5647 legi.

1989 5648 2186 5702 Ibidem
2212 5650 2424 5714 quidam
2454 5665 2578 5701 mss.
2615 5646 2719 5714 οἷα.
2746 5651 2845 5698 Alii
2870 5650 3007 5698 ποῖα.

2058 5717 2167 5785 (62)
2198 5711 2324 5783 Reg.
2360 5721 2622 5771 secundus
2643 5711 2686 5784 ᾧ
2717 5717 2813 5786 τῆς
2840 5718 3251 5779 ἀντοποδόσεως.

2061 5789 2171 5857 (65)
2208 5788 2332 5854 Reg.
2361 5790 2546 5840 tertius
2581 5788 2765 5851 ἐλεῶν,
2799 5788 2947 5856 φησί.
2977 5787 3082 5842 Nec
3119 5791 3186 5839 ita
3221 5786 3382 5839 multo
3413 5795 3529 5852 post

1987 5873 2113 5911 mss.
2143 5870 2245 5910 tres
2271 5858 2473 5927 ἐτέρου.
2502 5859 2600 5928 Atti
2620 5859 2851 5911 "nitu-ue
2873 5858 3090 5913 ὲτέοων.
3129 5858 3365 5912 Subinde
3395 5857 3526 5928 Reg.

1986 5931 2172 5982 tertius
2204 5928 2433 5997 ὑπάρχει
2464 5927 2543 5984 τό.
