  <div class='ocr_page' id='page_1' title='image "/cluster/home/n/w/nwhite01/storage/ocr_20150623/29/uva.x004321530/562.png"; bbox 0 0 4260 6518; ppageno 0'>
   <div class='ocr_carea' id='block_1_1' title="bbox 286 461 394 514">
    <p class='ocr_par' dir='ltr' id='par_1_1' title="bbox 286 461 394 514">
     <span class='ocr_line' id='line_1_1' title="bbox 286 461 394 514; baseline 0.019 -2"><span class='ocrx_word' id='word_1_1' title='bbox 286 461 394 514; x_wconf 66' lang='lat' dir='ltr'><strong>237i</strong></span> 
     </span>
    </p>
   </div>
   <div class='ocr_carea' id='block_1_2' title="bbox 1380 461 2428 518">
    <p class='ocr_par' dir='ltr' id='par_1_2' title="bbox 1380 461 2428 518">
     <span class='ocr_line' id='line_1_2' title="bbox 1380 461 2428 518; baseline 0.001 -4"><span class='ocrx_word' id='word_1_2' title='bbox 1380 461 1666 516; x_wconf 82' lang='lat' dir='ltr'><strong>HOMILIA</strong></span> <span class='ocrx_word' id='word_1_3' title='bbox 1706 461 1777 516; x_wconf 82' lang='lat' dir='ltr'>IN</span> <span class='ocrx_word' id='word_1_4' title='bbox 1815 461 2149 517; x_wconf 64' lang='lat' dir='ltr'><strong>PSALMUM</strong></span> <span class='ocrx_word' id='word_1_5' title='bbox 2190 462 2428 518; x_wconf 70' lang='lat' dir='ltr'>XXVIII.</span> 
     </span>
    </p>
   </div>
   <div class='ocr_carea' id='block_1_3' title="bbox 3443 470 3547 524">
    <p class='ocr_par' dir='ltr' id='par_1_3' title="bbox 3443 470 3547 524">
     <span class='ocr_line' id='line_1_3' title="bbox 3443 470 3547 524; baseline -0.019 0"><span class='ocrx_word' id='word_1_6' title='bbox 3443 470 3547 524; x_wconf 68' lang='lat'><strong>283</strong></span> 
     </span>
    </p>
   </div>
   <div class='ocr_carea' id='block_1_4' title="bbox 289 570 1971 649">
    <p class='ocr_par' dir='ltr' id='par_1_4' title="bbox 289 570 1943 643">
     <span class='ocr_line' id='line_1_4' title="bbox 289 570 1943 643; baseline 0.002 -20"><span class='ocrx_word' id='word_1_7' title='bbox 289 572 390 638; x_wconf 78' lang='grc' dir='ltr'>τῆς</span> <span class='ocrx_word' id='word_1_8' title='bbox 409 570 504 623; x_wconf 79' lang='grc' dir='ltr'>τοῦ</span> <span class='ocrx_word' id='word_1_9' title='bbox 529 571 867 638; x_wconf 84' lang='grc' dir='ltr'>Μονογενοῦς</span> <span class='ocrx_word' id='word_1_10' title='bbox 893 571 1163 642; x_wconf 76' lang='grc' dir='ltr'>θεότητος,</span> <span class='ocrx_word' id='word_1_11' title='bbox 1196 571 1288 625; x_wconf 69' lang='grc' dir='ltr'><strong>καὶ</strong></span> <span class='ocrx_word' id='word_1_12' title='bbox 1315 573 1444 643; x_wconf 76' lang='grc' dir='ltr'>περὶ</span> <span class='ocrx_word' id='word_1_13' title='bbox 1469 574 1568 642; x_wconf 76' lang='grc' dir='ltr'>τῆς</span> <span class='ocrx_word' id='word_1_14' title='bbox 1594 573 1687 626; x_wconf 80' lang='grc' dir='ltr'><strong>τού</strong></span> <span class='ocrx_word' id='word_1_15' title='bbox 1714 575 1868 643; x_wconf 91' lang='grc' dir='ltr'>ἀγίου</span> <span class='ocrx_word' id='word_1_16' title='bbox 1900 584 1943 636; x_wconf 78' lang='grc' dir='ltr'>Α</span> 
     </span>
    </p>
   </div>
   <div class='ocr_carea' id='block_1_5' title="bbox 1864 570 3546 649">
    <p class='ocr_par' dir='ltr' id='par_1_5' title="bbox 1864 577 3546 649">
     <span class='ocr_line' id='line_1_5' title="bbox 1864 577 3546 649; baseline 0.008 -27"><span class='ocrx_word' id='word_1_17' title='bbox 1864 598 1868 622; x_wconf 66' lang='grc' dir='ltr'><strong><em>μ</em></strong></span> <span class='ocrx_word' id='word_1_18' title='bbox 1900 584 1943 636; x_wconf 77' lang='grc' dir='ltr'>Α</span> <span class='ocrx_word' id='word_1_19' title='bbox 1975 577 2100 630; x_wconf 86' lang='lat' dir='ltr'><strong>dere</strong></span> <span class='ocrx_word' id='word_1_20' title='bbox 2130 586 2303 646; x_wconf 91' lang='lat' dir='ltr'><strong>potest</strong></span> <span class='ocrx_word' id='word_1_21' title='bbox 2337 592 2439 644; x_wconf 87' lang='lat' dir='ltr'><strong>qua</strong></span> <span class='ocrx_word' id='word_1_22' title='bbox 2476 587 2652 630; x_wconf 84' lang='lat' dir='ltr'><strong>creata</strong></span> <span class='ocrx_word' id='word_1_23' title='bbox 2699 579 2805 631; x_wconf 90' lang='lat' dir='ltr'><strong>sint</strong></span> <span class='ocrx_word' id='word_1_24' title='bbox 2854 580 3054 644; x_wconf 86' lang='lat' dir='ltr'><strong>omnia,</strong></span> <span class='ocrx_word' id='word_1_25' title='bbox 3088 595 3302 649; x_wconf 83' lang='lat' dir='ltr'><strong>quaque</strong></span> <span class='ocrx_word' id='word_1_26' title='bbox 3329 596 3546 635; x_wconf 84' lang='lat' dir='ltr'><strong>conser-</strong></span> 
     </span>
    </p>
   </div>
   <div class='ocr_carea' id='block_1_6' title="bbox 292 658 1868 735">
    <p class='ocr_par' dir='ltr' id='par_1_6' title="bbox 292 658 1868 735">
     <span class='ocr_line' id='line_1_6' title="bbox 292 658 1868 735; baseline 0.003 -21"><span class='ocrx_word' id='word_1_27' title='bbox 292 662 608 732; x_wconf 86' lang='grc' dir='ltr'>Πνεύματος</span> <span class='ocrx_word' id='word_1_28' title='bbox 647 663 825 734; x_wconf 80' lang='grc' dir='ltr'>δόξης,</span> <span class='ocrx_word' id='word_1_29' title='bbox 871 658 1025 727; x_wconf 73' lang='grc' dir='ltr'>οὗτος</span> <span class='ocrx_word' id='word_1_30' title='bbox 1061 664 1213 734; x_wconf 78' lang='grc' dir='ltr'>φέρει</span> <span class='ocrx_word' id='word_1_31' title='bbox 1252 663 1329 733; x_wconf 83' lang='grc' dir='ltr'>τῷ</span> <span class='ocrx_word' id='word_1_32' title='bbox 1367 664 1557 735; x_wconf 80' lang='grc' dir='ltr'><strong>Κυρίῳ</strong></span> <span class='ocrx_word' id='word_1_33' title='bbox 1588 665 1748 727; x_wconf 79' lang='grc' dir='ltr'>δόξαν</span> <span class='ocrx_word' id='word_1_34' title='bbox 1774 669 1868 719; x_wconf 79' lang='grc' dir='ltr'><strong>καὶ</strong></span> 
     </span>
    </p>
   </div>
   <div class='ocr_carea' id='block_1_7' title="bbox 291 753 1869 824">
    <p class='ocr_par' dir='ltr' id='par_1_7' title="bbox 291 753 1869 824">
     <span class='ocr_line' id='line_1_7' title="bbox 291 753 1869 824; baseline 0.003 -19"><span class='ocrx_word' id='word_1_35' title='bbox 291 755 480 822; x_wconf 80' lang='grc' dir='ltr'>τιμήν.</span> <span class='ocrx_word' id='word_1_36' title='bbox 517 753 805 806; x_wconf 82' lang='grc' dir='ltr'>Ἐπιτείνει</span> <span class='ocrx_word' id='word_1_37' title='bbox 842 754 897 806; x_wconf 86' lang='grc' dir='ltr'><strong>δὲ</strong></span> <span class='ocrx_word' id='word_1_38' title='bbox 935 754 1030 822; x_wconf 78' lang='grc' dir='ltr'>τὴν</span> <span class='ocrx_word' id='word_1_39' title='bbox 1067 753 1222 819; x_wconf 80' lang='grc' dir='ltr'>δόξαν</span> <span class='ocrx_word' id='word_1_40' title='bbox 1249 755 1276 805; x_wconf 91' lang='lat'><strong>6</strong></span> <span class='ocrx_word' id='word_1_41' title='bbox 1306 753 1599 824; x_wconf 87' lang='grc' dir='ltr'>δυνάμενος</span> <span class='ocrx_word' id='word_1_42' title='bbox 1619 757 1745 819; x_wconf 76' lang='grc' dir='ltr'>τοὺς</span> <span class='ocrx_word' id='word_1_43' title='bbox 1777 756 1869 809; x_wconf 73' lang='grc' dir='ltr'>λόυο</span> 
     </span>
    </p>
   </div>
   <div class='ocr_carea' id='block_1_8' title="bbox 292 847 1870 920">
    <p class='ocr_par' dir='ltr' id='par_1_8' title="bbox 292 847 1870 920">
     <span class='ocr_line' id='line_1_8' title="bbox 292 847 1870 920; baseline 0.002 -20"><span class='ocrx_word' id='word_1_44' title='bbox 292 865 420 916; x_wconf 85' lang='grc' dir='ltr'>γους</span> <span class='ocrx_word' id='word_1_45' title='bbox 447 849 756 902; x_wconf 79' lang='grc' dir='ltr'><strong>ἀποδιδόναι</strong></span> <span class='ocrx_word' id='word_1_46' title='bbox 789 849 908 901; x_wconf 82' lang='grc' dir='ltr'>καθ’</span> <span class='ocrx_word' id='word_1_47' title='bbox 930 848 1022 910; x_wconf 80' lang='grc' dir='ltr'><strong>οὓς</strong></span> <span class='ocrx_word' id='word_1_48' title='bbox 1051 849 1295 901; x_wconf 76' lang='grc' dir='ltr'><strong>ἔκτισται</strong></span> <span class='ocrx_word' id='word_1_49' title='bbox 1329 847 1398 901; x_wconf 91' lang='grc' dir='ltr'><strong>τά</strong></span> <span class='ocrx_word' id='word_1_50' title='bbox 1432 849 1740 920; x_wconf 87' lang='grc' dir='ltr'>σύμπαντα,</span> <span class='ocrx_word' id='word_1_51' title='bbox 1776 851 1870 903; x_wconf 73' lang='grc' dir='ltr'><strong>καὶ</strong></span> 
     </span>
    </p>
   </div>
   <div class='ocr_carea' id='block_1_9' title="bbox 292 941 1868 1014">
    <p class='ocr_par' dir='ltr' id='par_1_9' title="bbox 292 941 1868 1014">
     <span class='ocr_line' id='line_1_9' title="bbox 292 941 1868 1014; baseline 0 -20"><span class='ocrx_word' id='word_1_52' title='bbox 292 941 417 994; x_wconf 80' lang='grc' dir='ltr'>καθ’</span> <span class='ocrx_word' id='word_1_53' title='bbox 447 941 541 1004; x_wconf 83' lang='grc' dir='ltr'><strong>οὒς</strong></span> <span class='ocrx_word' id='word_1_54' title='bbox 572 945 976 1013; x_wconf 83' lang='grc' dir='ltr'>συγκρατεῖται,</span> <span class='ocrx_word' id='word_1_55' title='bbox 1004 942 1102 1010; x_wconf 76' lang='grc' dir='ltr'><strong>τῆς</strong></span> <span class='ocrx_word' id='word_1_56' title='bbox 1125 942 1216 993; x_wconf 82' lang='grc' dir='ltr'>ἀπ’</span> <span class='ocrx_word' id='word_1_57' title='bbox 1243 941 1406 994; x_wconf 79' lang='grc' dir='ltr'>αὐτοῦ</span> <span class='ocrx_word' id='word_1_58' title='bbox 1436 941 1687 1012; x_wconf 79' lang='grc' dir='ltr'><strong>προνοίας</strong></span> <span class='ocrx_word' id='word_1_59' title='bbox 1708 942 1868 1014; x_wconf 82' lang='grc' dir='ltr'>μέχρι</span> 
     </span>
    </p>
   </div>
   <div class='ocr_carea' id='block_1_10' title="bbox 292 1030 1870 1102">
    <p class='ocr_par' dir='ltr' id='par_1_10' title="bbox 292 1030 1870 1102">
     <span class='ocr_line' id='line_1_10' title="bbox 292 1030 1870 1102; baseline 0.001 -20"><span class='ocrx_word' id='word_1_60' title='bbox 292 1031 401 1083; x_wconf 90' lang='grc' dir='ltr'><strong>τῶν</strong></span> <span class='ocrx_word' id='word_1_61' title='bbox 424 1031 762 1102; x_wconf 85' lang='grc' dir='ltr'>μικροτάτων</span> <span class='ocrx_word' id='word_1_62' title='bbox 787 1031 1182 1100; x_wconf 87' lang='grc' dir='ltr'>διικνουμένης,</span> <span class='ocrx_word' id='word_1_63' title='bbox 1214 1032 1308 1084; x_wconf 70' lang='grc' dir='ltr'><strong>καὶ</strong></span> <span class='ocrx_word' id='word_1_64' title='bbox 1334 1032 1455 1083; x_wconf 82' lang='grc' dir='ltr'>καθ’</span> <span class='ocrx_word' id='word_1_65' title='bbox 1484 1030 1575 1093; x_wconf 76' lang='grc' dir='ltr'><strong>οὓς</strong></span> <span class='ocrx_word' id='word_1_66' title='bbox 1604 1032 1739 1102; x_wconf 85' lang='grc' dir='ltr'><strong>μετά</strong></span> <span class='ocrx_word' id='word_1_67' title='bbox 1769 1034 1870 1102; x_wconf 75' lang='grc' dir='ltr'>τὴν</span> 
     </span>
    </p>
   </div>
   <div class='ocr_carea' id='block_1_11' title="bbox 291 1119 1870 1196">
    <p class='ocr_par' dir='ltr' id='par_1_11' title="bbox 291 1119 1870 1196">
     <span class='ocr_line' id='line_1_11' title="bbox 291 1119 1870 1196; baseline 0 -18"><span class='ocrx_word' id='word_1_68' title='bbox 291 1119 394 1178; x_wconf 80' lang='grc' dir='ltr'>ὦδε</span> <span class='ocrx_word' id='word_1_69' title='bbox 427 1125 736 1195; x_wconf 74' lang='grc' dir='ltr'>οἰκονομίαν</span> <span class='ocrx_word' id='word_1_70' title='bbox 785 1123 887 1176; x_wconf 78' lang='grc' dir='ltr'>ὑπὸ</span> <span class='ocrx_word' id='word_1_71' title='bbox 918 1125 1017 1194; x_wconf 85' lang='grc' dir='ltr'><strong>τὴν</strong></span> <span class='ocrx_word' id='word_1_72' title='bbox 1056 1125 1237 1195; x_wconf 80' lang='grc' dir='ltr'>κρίσιν</span> <span class='ocrx_word' id='word_1_73' title='bbox 1268 1123 1587 1194; x_wconf 75' lang='grc' dir='ltr'>ἀχθήσεται.</span> <span class='ocrx_word' id='word_1_74' title='bbox 1639 1125 1700 1178; x_wconf 88' lang='grc' dir='ltr'><strong>Ὀ</strong></span> <span class='ocrx_word' id='word_1_75' title='bbox 1741 1143 1870 1196; x_wconf 87' lang='grc' dir='ltr'>τρα-</span> 
     </span>
    </p>
   </div>
   <div class='ocr_carea' id='block_1_12' title="bbox 292 1216 1872 1286">
    <p class='ocr_par' dir='ltr' id='par_1_12' title="bbox 292 1216 1872 1286">
     <span class='ocr_line' id='line_1_12' title="bbox 292 1216 1872 1286; baseline 0.001 -17"><span class='ocrx_word' id='word_1_76' title='bbox 292 1220 402 1280; x_wconf 89' lang='grc' dir='ltr'>νοῖς</span> <span class='ocrx_word' id='word_1_77' title='bbox 429 1218 523 1270; x_wconf 76' lang='grc' dir='ltr'>καὶ</span> <span class='ocrx_word' id='word_1_78' title='bbox 548 1216 872 1286; x_wconf 87' lang='grc' dir='ltr'>ἀσυγχύτοις</span> <span class='ocrx_word' id='word_1_79' title='bbox 902 1216 1180 1286; x_wconf 80' lang='grc' dir='ltr'><strong>λογισμοῖς</strong></span> <span class='ocrx_word' id='word_1_80' title='bbox 1219 1216 1380 1278; x_wconf 78' lang='grc' dir='ltr'>αὑτός</span> <span class='ocrx_word' id='word_1_81' title='bbox 1409 1233 1465 1268; x_wconf 92' lang='grc' dir='ltr'><strong>τε</strong></span> <span class='ocrx_word' id='word_1_82' title='bbox 1497 1216 1773 1286; x_wconf 83' lang='grc' dir='ltr'>θεωρῆσαι</span> <span class='ocrx_word' id='word_1_83' title='bbox 1803 1217 1872 1270; x_wconf 88' lang='grc' dir='ltr'><strong>τά</strong></span> 
     </span>
    </p>
   </div>
   <div class='ocr_carea' id='block_1_13' title="bbox 294 1307 1871 1380">
    <p class='ocr_par' dir='ltr' id='par_1_13' title="bbox 294 1307 1871 1380">
     <span class='ocr_line' id='line_1_13' title="bbox 294 1307 1871 1380; baseline 0 -18"><span class='ocrx_word' id='word_1_84' title='bbox 294 1309 417 1363; x_wconf 82' lang='grc' dir='ltr'>καθ’</span> <span class='ocrx_word' id='word_1_85' title='bbox 447 1309 674 1362; x_wconf 73' lang='grc' dir='ltr'>ἕκαστον</span> <span class='ocrx_word' id='word_1_86' title='bbox 707 1308 978 1377; x_wconf 71' lang='grc' dir='ltr'>δυνηθεὶς,</span> <span class='ocrx_word' id='word_1_87' title='bbox 1009 1309 1102 1362; x_wconf 71' lang='grc' dir='ltr'><strong>καὶ</strong></span> <span class='ocrx_word' id='word_1_88' title='bbox 1148 1307 1285 1378; x_wconf 83' lang='grc' dir='ltr'><strong>μετά</strong></span> <span class='ocrx_word' id='word_1_89' title='bbox 1317 1309 1378 1360; x_wconf 83' lang='grc' dir='ltr'><strong>τὸ</strong></span> <span class='ocrx_word' id='word_1_90' title='bbox 1408 1309 1572 1371; x_wconf 77' lang='grc' dir='ltr'>αὐτὸς</span> <span class='ocrx_word' id='word_1_91' title='bbox 1599 1309 1871 1380; x_wconf 86' lang='grc' dir='ltr'>τεθεωρη-</span> 
     </span>
    </p>
   </div>
   <div class='ocr_carea' id='block_1_14' title="bbox 294 1398 1872 1469">
    <p class='ocr_par' dir='ltr' id='par_1_14' title="bbox 294 1398 1872 1469">
     <span class='ocr_line' id='line_1_14' title="bbox 294 1398 1872 1469; baseline 0 -18"><span class='ocrx_word' id='word_1_92' title='bbox 294 1399 470 1460; x_wconf 84' lang='grc' dir='ltr'>κέναι,</span> <span class='ocrx_word' id='word_1_93' title='bbox 499 1399 791 1468; x_wconf 88' lang='grc' dir='ltr'>δυνάμενος</span> <span class='ocrx_word' id='word_1_94' title='bbox 824 1399 917 1452; x_wconf 74' lang='grc' dir='ltr'><strong>καὶ</strong></span> <span class='ocrx_word' id='word_1_95' title='bbox 949 1398 1153 1468; x_wconf 80' lang='grc' dir='ltr'>ἑτέροις</span> <span class='ocrx_word' id='word_1_96' title='bbox 1182 1399 1248 1450; x_wconf 74' lang='grc' dir='ltr'>τὰ</span> <span class='ocrx_word' id='word_1_97' title='bbox 1293 1399 1421 1469; x_wconf 74' lang='grc' dir='ltr'>περὶ</span> <span class='ocrx_word' id='word_1_98' title='bbox 1470 1398 1569 1468; x_wconf 73' lang='grc' dir='ltr'>τῆς</span> <span class='ocrx_word' id='word_1_99' title='bbox 1605 1399 1872 1469; x_wconf 77' lang='grc' dir='ltr'>ἀγαθότη-</span> 
     </span>
    </p>
   </div>
   <div class='ocr_carea' id='block_1_15' title="bbox 291 1489 1870 1560">
    <p class='ocr_par' dir='ltr' id='par_1_15' title="bbox 291 1489 1870 1560">
     <span class='ocr_line' id='line_1_15' title="bbox 291 1489 1870 1560; baseline 0 -17"><span class='ocrx_word' id='word_1_100' title='bbox 291 1508 384 1554; x_wconf 85' lang='grc' dir='ltr'><strong>τος</strong></span> <span class='ocrx_word' id='word_1_101' title='bbox 432 1491 524 1544; x_wconf 77' lang='grc' dir='ltr'>τοῦ</span> <span class='ocrx_word' id='word_1_102' title='bbox 571 1490 702 1543; x_wconf 74' lang='grc' dir='ltr'>Θεοῦ</span> <span class='ocrx_word' id='word_1_103' title='bbox 740 1491 835 1544; x_wconf 71' lang='grc' dir='ltr'>καὶ</span> <span class='ocrx_word' id='word_1_104' title='bbox 879 1491 976 1560; x_wconf 80' lang='grc' dir='ltr'><strong>τῆς</strong></span> <span class='ocrx_word' id='word_1_105' title='bbox 1021 1489 1232 1552; x_wconf 83' lang='grc' dir='ltr'>δικαίας</span> <span class='ocrx_word' id='word_1_106' title='bbox 1272 1490 1506 1560; x_wconf 85' lang='grc' dir='ltr'>κρίσεως</span> <span class='ocrx_word' id='word_1_107' title='bbox 1557 1490 1669 1560; x_wconf 73' lang='lat'><strong>(82)</strong></span> <span class='ocrx_word' id='word_1_108' title='bbox 1706 1489 1870 1543; x_wconf 72' lang='grc' dir='ltr'>αὐτοῦ</span> 
     </span>
    </p>
   </div>
   <div class='ocr_carea' id='block_1_16' title="bbox 293 1581 1871 1658">
    <p class='ocr_par' dir='ltr' id='par_1_16' title="bbox 293 1581 1871 1658">
     <span class='ocr_line' id='line_1_16' title="bbox 293 1581 1871 1658; baseline -0.003 -18"><span class='ocrx_word' id='word_1_109' title='bbox 293 1587 660 1658; x_wconf 76' lang='grc' dir='ltr'><strong>παραστῆσαι,</strong></span> <span class='ocrx_word' id='word_1_110' title='bbox 695 1581 846 1647; x_wconf 72' lang='grc' dir='ltr'>οὗτός</span> <span class='ocrx_word' id='word_1_111' title='bbox 879 1587 1021 1636; x_wconf 77' lang='grc' dir='ltr'>ἐστιν</span> <span class='ocrx_word' id='word_1_112' title='bbox 1067 1585 1094 1634; x_wconf 97' lang='lat'><strong>6</strong></span> <span class='ocrx_word' id='word_1_113' title='bbox 1128 1584 1307 1653; x_wconf 80' lang='grc' dir='ltr'>φέρων</span> <span class='ocrx_word' id='word_1_114' title='bbox 1357 1583 1434 1654; x_wconf 78' lang='grc' dir='ltr'>τῷ</span> <span class='ocrx_word' id='word_1_115' title='bbox 1491 1585 1678 1656; x_wconf 84' lang='grc' dir='ltr'>Κυρίῳ</span> <span class='ocrx_word' id='word_1_116' title='bbox 1713 1584 1871 1649; x_wconf 83' lang='grc' dir='ltr'>δόξαν</span> 
     </span>
    </p>
   </div>
   <div class='ocr_carea' id='block_1_17' title="bbox 292 1673 1871 1747">
    <p class='ocr_par' dir='ltr' id='par_1_17' title="bbox 292 1673 1871 1747">
     <span class='ocr_line' id='line_1_17' title="bbox 292 1673 1871 1747; baseline -0.003 -17"><span class='ocrx_word' id='word_1_117' title='bbox 292 1680 386 1731; x_wconf 74' lang='grc' dir='ltr'><strong>καὶ</strong></span> <span class='ocrx_word' id='word_1_118' title='bbox 427 1677 607 1747; x_wconf 75' lang='grc' dir='ltr'>τιμὴν,</span> <span class='ocrx_word' id='word_1_119' title='bbox 645 1677 735 1730; x_wconf 73' lang='grc' dir='ltr'><strong>καὶ</strong></span> <span class='ocrx_word' id='word_1_120' title='bbox 777 1677 804 1727; x_wconf 90' lang='grc' dir='ltr'>ὁ</span> <span class='ocrx_word' id='word_1_121' title='bbox 847 1675 922 1743; x_wconf 74' lang='grc' dir='ltr'><strong>τῷ</strong></span> <span class='ocrx_word' id='word_1_122' title='bbox 962 1673 1257 1745; x_wconf 75' lang='grc' dir='ltr'>ἀρμόζοντι</span> <span class='ocrx_word' id='word_1_123' title='bbox 1304 1677 1367 1744; x_wconf 82' lang='grc' dir='ltr'>τῇ</span> <span class='ocrx_word' id='word_1_124' title='bbox 1406 1674 1632 1747; x_wconf 83' lang='grc' dir='ltr'>τοιαύτῃ</span> <span class='ocrx_word' id='word_1_125' title='bbox 1667 1673 1871 1745; x_wconf 73' lang='grc' dir='ltr'>θεωρία</span> 
     </span>
    </p>
   </div>
   <div class='ocr_carea' id='block_1_18' title="bbox 293 1763 1870 1837">
    <p class='ocr_par' dir='ltr' id='par_1_18' title="bbox 293 1763 1870 1837">
     <span class='ocr_line' id='line_1_18' title="bbox 293 1763 1870 1837; baseline -0.002 -19"><span class='ocrx_word' id='word_1_126' title='bbox 293 1765 626 1837; x_wconf 78' lang='grc' dir='ltr'>κεχρημένος</span> <span class='ocrx_word' id='word_1_127' title='bbox 674 1766 790 1836; x_wconf 80' lang='grc' dir='ltr'>βίῳ.</span> <span class='ocrx_word' id='word_1_128' title='bbox 821 1764 924 1816; x_wconf 77' lang='grc' dir='ltr'><strong>Τοῦ</strong></span> <span class='ocrx_word' id='word_1_129' title='bbox 957 1764 1064 1834; x_wconf 76' lang='grc' dir='ltr'><strong>γάρ</strong></span> <span class='ocrx_word' id='word_1_130' title='bbox 1114 1765 1354 1817; x_wconf 85' lang='grc' dir='ltr'>τοιούτου</span> <span class='ocrx_word' id='word_1_131' title='bbox 1402 1764 1607 1834; x_wconf 77' lang='grc' dir='ltr'>λάμπει</span> <span class='ocrx_word' id='word_1_132' title='bbox 1653 1765 1714 1816; x_wconf 79' lang='grc' dir='ltr'><strong>τὸ</strong></span> <span class='ocrx_word' id='word_1_133' title='bbox 1758 1763 1870 1834; x_wconf 66' lang='grc' dir='ltr'><strong>φῶς</strong></span> 
     </span>
    </p>
   </div>
   <div class='ocr_carea' id='block_1_19' title="bbox 291 1854 1870 1928">
    <p class='ocr_par' dir='ltr' id='par_1_19' title="bbox 291 1854 1870 1928">
     <span class='ocr_line' id='line_1_19' title="bbox 291 1854 1870 1928; baseline 0.002 -21"><span class='ocrx_word' id='word_1_134' title='bbox 291 1855 598 1928; x_wconf 76' lang='grc' dir='ltr'>ἔμπροσθεν</span> <span class='ocrx_word' id='word_1_135' title='bbox 625 1859 730 1910; x_wconf 87' lang='grc' dir='ltr'><strong>τῶν</strong></span> <span class='ocrx_word' id='word_1_136' title='bbox 764 1854 1085 1926; x_wconf 81' lang='grc' dir='ltr'>ἀνθρώπων,</span> <span class='ocrx_word' id='word_1_137' title='bbox 1127 1859 1220 1910; x_wconf 72' lang='grc' dir='ltr'><strong>καὶ</strong></span> <span class='ocrx_word' id='word_1_138' title='bbox 1263 1855 1405 1926; x_wconf 84' lang='grc' dir='ltr'>λόγῳ</span> <span class='ocrx_word' id='word_1_139' title='bbox 1437 1858 1528 1910; x_wconf 74' lang='grc' dir='ltr'><strong>καὶ</strong></span> <span class='ocrx_word' id='word_1_140' title='bbox 1583 1857 1728 1928; x_wconf 77' lang='grc' dir='ltr'>ἔργῳ</span> <span class='ocrx_word' id='word_1_141' title='bbox 1779 1859 1870 1910; x_wconf 74' lang='grc' dir='ltr'><strong>καὶ</strong></span> 
     </span>
    </p>
   </div>
   <div class='ocr_carea' id='block_1_20' title="bbox 1971 668 3547 742">
    <p class='ocr_par' dir='ltr' id='par_1_20' title="bbox 1971 668 3547 742">
     <span class='ocr_line' id='line_1_20' title="bbox 1971 668 3547 742; baseline 0.006 -24"><span class='ocrx_word' id='word_1_142' title='bbox 1971 681 2184 732; x_wconf 74' lang='lat' dir='ltr'><strong>ventur,</strong></span> <span class='ocrx_word' id='word_1_143' title='bbox 2217 668 2556 737; x_wconf 67' lang='lat' dir='ltr'><strong>providentia</strong></span> <span class='ocrx_word' id='word_1_144' title='bbox 2587 668 2754 737; x_wconf 84' lang='lat' dir='ltr'><strong>ipsius</strong></span> <span class='ocrx_word' id='word_1_145' title='bbox 2782 671 2845 721; x_wconf 87' lang='lat' dir='ltr'><strong>ad</strong></span> <span class='ocrx_word' id='word_1_146' title='bbox 2886 670 3104 723; x_wconf 88' lang='lat' dir='ltr'><strong>minima</strong></span> <span class='ocrx_word' id='word_1_147' title='bbox 3141 687 3308 740; x_wconf 86' lang='lat' dir='ltr'><strong>usque</strong></span> <span class='ocrx_word' id='word_1_148' title='bbox 3342 673 3547 742; x_wconf 80' lang='lat' dir='ltr'><strong>pertin-</strong></span> 
     </span>
    </p>
   </div>
   <div class='ocr_carea' id='block_1_21' title="bbox 1971 762 3542 829">
    <p class='ocr_par' dir='ltr' id='par_1_21' title="bbox 1971 762 3542 829">
     <span class='ocr_line' id='line_1_21' title="bbox 1971 762 3542 829; baseline 0.004 -18"><span class='ocrx_word' id='word_1_149' title='bbox 1971 769 2149 828; x_wconf 76' lang='lat' dir='ltr'><strong>gente,</strong></span> <span class='ocrx_word' id='word_1_150' title='bbox 2181 771 2236 812; x_wconf 92' lang='lat' dir='ltr'><strong>et</strong></span> <span class='ocrx_word' id='word_1_151' title='bbox 2277 775 2381 829; x_wconf 88' lang='lat' dir='ltr'><strong>qua</strong></span> <span class='ocrx_word' id='word_1_152' title='bbox 2425 768 2545 827; x_wconf 90' lang='lat' dir='ltr'><strong>post</strong></span> <span class='ocrx_word' id='word_1_153' title='bbox 2595 762 2973 827; x_wconf 84' lang='lat' dir='ltr'><strong>temporariam</strong></span> <span class='ocrx_word' id='word_1_154' title='bbox 3020 763 3542 818; x_wconf 75' lang='lat' dir='ltr'><strong>administrationem</strong></span> 
     </span>
    </p>
   </div>
   <div class='ocr_carea' id='block_1_22' title="bbox 1973 851 3546 926">
    <p class='ocr_par' dir='ltr' id='par_1_22' title="bbox 1973 851 3546 926">
     <span class='ocr_line' id='line_1_22' title="bbox 1973 851 3546 926; baseline 0.006 -23"><span class='ocrx_word' id='word_1_155' title='bbox 1973 851 2026 904; x_wconf 88' lang='lat' dir='ltr'><strong>itt</strong></span> <span class='ocrx_word' id='word_1_156' title='bbox 2073 852 2332 921; x_wconf 87' lang='lat' dir='ltr'><strong>judicium</strong></span> <span class='ocrx_word' id='word_1_157' title='bbox 2383 851 2738 905; x_wconf 87' lang='lat' dir='ltr'><strong>adducantur.</strong></span> <span class='ocrx_word' id='word_1_158' title='bbox 2781 852 2880 918; x_wconf 85' lang='lat' dir='ltr'><strong>Qui</strong></span> <span class='ocrx_word' id='word_1_159' title='bbox 2931 853 3092 908; x_wconf 81' lang='lat' dir='ltr'><strong>claris</strong></span> <span class='ocrx_word' id='word_1_160' title='bbox 3145 855 3546 926; x_wconf 87' lang='lat' dir='ltr'><strong>inconfusisque</strong></span> 
     </span>
    </p>
   </div>
   <div class='ocr_carea' id='block_1_23' title="bbox 1971 944 3542 1015">
    <p class='ocr_par' dir='ltr' id='par_1_23' title="bbox 1971 944 3542 1015">
     <span class='ocr_line' id='line_1_23' title="bbox 1971 944 3542 1015; baseline 0.004 -19"><span class='ocrx_word' id='word_1_161' title='bbox 1971 944 2390 1013; x_wconf 79' lang='lat' dir='ltr'><strong>cogitationibus</strong></span> <span class='ocrx_word' id='word_1_162' title='bbox 2441 953 2617 1013; x_wconf 84' lang='lat' dir='ltr'><strong>potest</strong></span> <span class='ocrx_word' id='word_1_163' title='bbox 2661 952 2716 997; x_wconf 89' lang='lat' dir='ltr'><strong>et</strong></span> <span class='ocrx_word' id='word_1_164' title='bbox 2763 944 2871 1012; x_wconf 89' lang='lat' dir='ltr'><strong>ipse</strong></span> <span class='ocrx_word' id='word_1_165' title='bbox 2915 946 3120 1013; x_wconf 82' lang='lat' dir='ltr'><strong>singula</strong></span> <span class='ocrx_word' id='word_1_166' title='bbox 3167 947 3451 1015; x_wconf 82' lang='lat' dir='ltr'><strong>speculati,</strong></span> <span class='ocrx_word' id='word_1_167' title='bbox 3487 958 3542 1002; x_wconf 88' lang='lat' dir='ltr'><strong>et</strong></span> 
     </span>
    </p>
   </div>
   <div class='ocr_carea' id='block_1_24' title="bbox 1970 1016 3543 1103">
    <p class='ocr_par' dir='ltr' id='par_1_24' title="bbox 1970 1016 3543 1103">
     <span class='ocr_line' id='line_1_24' title="bbox 1970 1016 3543 1103; baseline 0.003 -17"><span class='ocrx_word' id='word_1_168' title='bbox 1970 1046 2321 1103; x_wconf 80' lang='lat' dir='ltr'><strong>posteaquam</strong></span> <span class='ocrx_word' id='word_1_169' title='bbox 2366 1035 2480 1103; x_wconf 88' lang='lat' dir='ltr'><strong>ipse</strong></span> <span class='ocrx_word' id='word_1_170' title='bbox 2530 1016 2837 1103; x_wconf 74' lang='lat' dir='ltr'><strong>speculatus</strong></span> <span class='ocrx_word' id='word_1_171' title='bbox 2881 1037 3060 1099; x_wconf 87' lang='lat' dir='ltr'><strong>fuerit,</strong></span> <span class='ocrx_word' id='word_1_172' title='bbox 3095 1039 3259 1092; x_wconf 89' lang='lat' dir='ltr'><strong>etiam</strong></span> <span class='ocrx_word' id='word_1_173' title='bbox 3297 1040 3416 1094; x_wconf 87' lang='lat' dir='ltr'><strong>aliis</strong></span> <span class='ocrx_word' id='word_1_174' title='bbox 3453 1057 3543 1093; x_wconf 89' lang='lat' dir='ltr'><strong>ar-</strong></span> 
     </span>
    </p>
   </div>
   <div class='ocr_carea' id='block_1_25' title="bbox 1970 1127 3543 1198">
    <p class='ocr_par' dir='ltr' id='par_1_25' title="bbox 1970 1127 3543 1198">
     <span class='ocr_line' id='line_1_25' title="bbox 1970 1127 3543 1198; baseline 0.004 -20"><span class='ocrx_word' id='word_1_175' title='bbox 1970 1140 2102 1178; x_wconf 89' lang='lat' dir='ltr'><strong>cana</strong></span> <span class='ocrx_word' id='word_1_176' title='bbox 2142 1127 2396 1180; x_wconf 76' lang='lat' dir='ltr'><strong>bonitatis</strong></span> <span class='ocrx_word' id='word_1_177' title='bbox 2426 1127 2516 1180; x_wconf 88' lang='lat' dir='ltr'><strong>[)ei</strong></span> <span class='ocrx_word' id='word_1_178' title='bbox 2549 1142 2612 1180; x_wconf 90' lang='lat' dir='ltr'><strong>ac</strong></span> <span class='ocrx_word' id='word_1_179' title='bbox 2638 1127 2768 1193; x_wconf 76' lang='lat' dir='ltr'><strong>justi</strong></span> <span class='ocrx_word' id='word_1_180' title='bbox 2811 1129 2995 1195; x_wconf 88' lang='lat' dir='ltr'><strong>judicii</strong></span> <span class='ocrx_word' id='word_1_181' title='bbox 3043 1131 3207 1196; x_wconf 84' lang='lat' dir='ltr'><strong>ipsius</strong></span> <span class='ocrx_word' id='word_1_182' title='bbox 3242 1131 3543 1198; x_wconf 71' lang='lat' dir='ltr'><strong>patefacere</strong></span> 
     </span>
    </p>
   </div>
   <div class='ocr_carea' id='block_1_26' title="bbox 1971 1218 3544 1291">
    <p class='ocr_par' dir='ltr' id='par_1_26' title="bbox 1971 1218 3544 1291">
     <span class='ocr_line' id='line_1_26' title="bbox 1971 1218 3544 1291; baseline 0.005 -24"><span class='ocrx_word' id='word_1_183' title='bbox 1971 1227 2167 1285; x_wconf 83' lang='lat' dir='ltr'><strong>potest,</strong></span> <span class='ocrx_word' id='word_1_184' title='bbox 2207 1218 2292 1272; x_wconf 88' lang='lat' dir='ltr'><strong>hic</strong></span> <span class='ocrx_word' id='word_1_185' title='bbox 2333 1218 2421 1271; x_wconf 92' lang='lat' dir='ltr'><strong>ille</strong></span> <span class='ocrx_word' id='word_1_186' title='bbox 2461 1228 2564 1284; x_wconf 85' lang='lat' dir='ltr'><strong>est,</strong></span> <span class='ocrx_word' id='word_1_187' title='bbox 2607 1221 2694 1286; x_wconf 96' lang='lat' dir='ltr'><strong>qui</strong></span> <span class='ocrx_word' id='word_1_188' title='bbox 2750 1221 2974 1276; x_wconf 90' lang='lat' dir='ltr'><strong>Domino</strong></span> <span class='ocrx_word' id='word_1_189' title='bbox 3019 1222 3172 1275; x_wconf 68' lang='lat' dir='ltr'><strong>affert</strong></span> <span class='ocrx_word' id='word_1_190' title='bbox 3218 1221 3441 1291; x_wconf 71' lang='lat' dir='ltr'><strong>gloriam</strong></span> <span class='ocrx_word' id='word_1_191' title='bbox 3487 1231 3544 1275; x_wconf 81' lang='lat' dir='ltr'><strong>et</strong></span> 
     </span>
    </p>
   </div>
   <div class='ocr_carea' id='block_1_27' title="bbox 1973 1309 3544 1381">
    <p class='ocr_par' dir='ltr' id='par_1_27' title="bbox 1973 1309 3544 1381">
     <span class='ocr_line' id='line_1_27' title="bbox 1973 1309 3544 1381; baseline 0.001 -21"><span class='ocrx_word' id='word_1_192' title='bbox 1973 1310 2250 1371; x_wconf 85' lang='lat' dir='ltr'><strong>honorem,</strong></span> <span class='ocrx_word' id='word_1_193' title='bbox 2284 1309 2539 1378; x_wconf 81' lang='lat' dir='ltr'><strong>itemque.</strong></span> <span class='ocrx_word' id='word_1_194' title='bbox 2574 1311 2662 1378; x_wconf 87' lang='lat' dir='ltr'><strong>qui</strong></span> <span class='ocrx_word' id='word_1_195' title='bbox 2715 1321 3074 1380; x_wconf 90' lang='lat' dir='ltr'><strong>congruenter</strong></span> <span class='ocrx_word' id='word_1_196' title='bbox 3108 1312 3368 1381; x_wconf 75' lang='lat' dir='ltr'><strong>ejusnodi</strong></span> <span class='ocrx_word' id='word_1_197' title='bbox 3409 1325 3544 1365; x_wconf 55' lang='lat' dir='ltr'><strong>cono</strong></span> 
     </span>
    </p>
   </div>
   <div class='ocr_carea' id='block_1_28' title="bbox 1975 1401 3544 1470">
    <p class='ocr_par' dir='ltr' id='par_1_28' title="bbox 1975 1401 3544 1470">
     <span class='ocr_line' id='line_1_28' title="bbox 1975 1401 3544 1470; baseline 0.003 -17"><span class='ocrx_word' id='word_1_198' title='bbox 1975 1401 2300 1469; x_wconf 86' lang='lat' dir='ltr'><strong>templationi</strong></span> <span class='ocrx_word' id='word_1_199' title='bbox 2337 1401 2487 1454; x_wconf 67' lang='lat' dir='ltr'><strong>vivit.</strong></span> <span class='ocrx_word' id='word_1_200' title='bbox 2523 1402 2651 1455; x_wconf 79' lang='lat' dir='ltr'><strong>Nam</strong></span> <span class='ocrx_word' id='word_1_201' title='bbox 2693 1405 2792 1456; x_wconf 78' lang='lat' dir='ltr'><strong>viri</strong></span> <span class='ocrx_word' id='word_1_202' title='bbox 2839 1405 3100 1470; x_wconf 81' lang='lat' dir='ltr'><strong>ejusmodi</strong></span> <span class='ocrx_word' id='word_1_203' title='bbox 3147 1405 3234 1457; x_wconf 82' lang='lat' dir='ltr'><strong>lux</strong></span> <span class='ocrx_word' id='word_1_204' title='bbox 3287 1403 3544 1458; x_wconf 79' lang='lat' dir='ltr'><strong>elucescit</strong></span> 
     </span>
    </p>
   </div>
   <div class='ocr_carea' id='block_1_29' title="bbox 1972 1494 3541 1565">
    <p class='ocr_par' dir='ltr' id='par_1_29' title="bbox 1972 1494 3541 1565">
     <span class='ocr_line' id='line_1_29' title="bbox 1972 1494 3541 1565; baseline 0.001 -19"><span class='ocrx_word' id='word_1_205' title='bbox 1972 1508 2152 1546; x_wconf 87' lang='lat' dir='ltr'><strong>coram</strong></span> <span class='ocrx_word' id='word_1_206' title='bbox 2190 1494 2512 1560; x_wconf 88' lang='lat' dir='ltr'><strong>hominibus,</strong></span> <span class='ocrx_word' id='word_1_207' title='bbox 2549 1497 2814 1564; x_wconf 79' lang='lat' dir='ltr'><strong>siquidem</strong></span> <span class='ocrx_word' id='word_1_208' title='bbox 2853 1496 3014 1550; x_wconf 79' lang='lat' dir='ltr'><strong>Pater</strong></span> <span class='ocrx_word' id='word_1_209' title='bbox 3039 1498 3128 1565; x_wconf 90' lang='lat' dir='ltr'><strong>qui</strong></span> <span class='ocrx_word' id='word_1_210' title='bbox 3172 1499 3222 1549; x_wconf 90' lang='lat' dir='ltr'><strong>in</strong></span> <span class='ocrx_word' id='word_1_211' title='bbox 3251 1497 3406 1551; x_wconf 71' lang='lat' dir='ltr'><strong>ewlis</strong></span> <span class='ocrx_word' id='word_1_212' title='bbox 3437 1508 3541 1561; x_wconf 83' lang='lat' dir='ltr'><strong>est,</strong></span> 
     </span>
    </p>
   </div>
   <div class='ocr_carea' id='block_1_30' title="bbox 1972 1586 3543 1661">
    <p class='ocr_par' dir='ltr' id='par_1_30' title="bbox 1972 1586 3543 1661">
     <span class='ocr_line' id='line_1_30' title="bbox 1972 1586 3543 1661; baseline 0.004 -23"><span class='ocrx_word' id='word_1_213' title='bbox 1972 1596 2024 1638; x_wconf 91' lang='lat' dir='ltr'><strong>et</strong></span> <span class='ocrx_word' id='word_1_214' title='bbox 2057 1586 2218 1638; x_wconf 78' lang='lat' dir='ltr'><strong>verbo</strong></span> <span class='ocrx_word' id='word_1_215' title='bbox 2261 1598 2314 1638; x_wconf 88' lang='lat' dir='ltr'><strong>et</strong></span> <span class='ocrx_word' id='word_1_216' title='bbox 2355 1602 2540 1656; x_wconf 82' lang='lat' dir='ltr'><strong>opere,</strong></span> <span class='ocrx_word' id='word_1_217' title='bbox 2575 1599 2628 1640; x_wconf 92' lang='lat' dir='ltr'><strong>et</strong></span> <span class='ocrx_word' id='word_1_218' title='bbox 2672 1605 2766 1657; x_wconf 64' lang='lat' dir='ltr'><strong>per</strong></span> <span class='ocrx_word' id='word_1_219' title='bbox 2813 1591 3064 1657; x_wconf 85' lang='lat' dir='ltr'><strong>pra-clara</strong></span> <span class='ocrx_word' id='word_1_220' title='bbox 3113 1592 3288 1643; x_wconf 89' lang='lat' dir='ltr'><strong>omnis</strong></span> <span class='ocrx_word' id='word_1_221' title='bbox 3330 1591 3543 1661; x_wconf 79' lang='lat' dir='ltr'><strong>generis</strong></span> 
     </span>
    </p>
   </div>
   <div class='ocr_carea' id='block_1_31' title="bbox 1975 1678 3544 1750">
    <p class='ocr_par' dir='ltr' id='par_1_31' title="bbox 1975 1678 3544 1750">
     <span class='ocr_line' id='line_1_31' title="bbox 1975 1678 3544 1750; baseline 0.005 -20"><span class='ocrx_word' id='word_1_222' title='bbox 1975 1678 2211 1732; x_wconf 84' lang='lat' dir='ltr'><strong>facinora</strong></span> <span class='ocrx_word' id='word_1_223' title='bbox 2267 1681 2618 1750; x_wconf 78' lang='lat' dir='ltr'><strong>glorificatur.</strong></span> <span class='ocrx_word' id='word_1_224' title='bbox 2661 1681 2773 1736; x_wconf 63' lang='lat' dir='ltr'><strong>Non</strong></span> <span class='ocrx_word' id='word_1_225' title='bbox 2823 1693 3001 1738; x_wconf 87' lang='lat' dir='ltr'><strong>autem</strong></span> <span class='ocrx_word' id='word_1_226' title='bbox 3053 1685 3277 1738; x_wconf 88' lang='lat' dir='ltr'><strong>Domino</strong></span> <span class='ocrx_word' id='word_1_227' title='bbox 3321 1686 3544 1750; x_wconf 77' lang='lat' dir='ltr'><strong>gloriam</strong></span> 
     </span>
    </p>
   </div>
   <div class='ocr_carea' id='block_1_32' title="bbox 1971 1775 3546 1847">
    <p class='ocr_par' dir='ltr' id='par_1_32' title="bbox 1971 1775 3546 1847">
     <span class='ocr_line' id='line_1_32' title="bbox 1971 1775 3546 1847; baseline 0.003 -20"><span class='ocrx_word' id='word_1_228' title='bbox 1971 1785 2025 1827; x_wconf 89' lang='lat' dir='ltr'><strong>et</strong></span> <span class='ocrx_word' id='word_1_229' title='bbox 2070 1777 2327 1826; x_wconf 74' lang='lat' dir='ltr'><strong>honorem</strong></span> <span class='ocrx_word' id='word_1_230' title='bbox 2384 1775 2558 1838; x_wconf 80' lang='lat' dir='ltr'><strong>affert,</strong></span> <span class='ocrx_word' id='word_1_231' title='bbox 2599 1781 2684 1844; x_wconf 88' lang='lat' dir='ltr'><strong>qui</strong></span> <span class='ocrx_word' id='word_1_232' title='bbox 2736 1777 3012 1845; x_wconf 81' lang='lat' dir='ltr'><strong>impotenti</strong></span> <span class='ocrx_word' id='word_1_233' title='bbox 3072 1778 3315 1830; x_wconf 71' lang='lat' dir='ltr'><strong>humanae</strong></span> <span class='ocrx_word' id='word_1_234' title='bbox 3359 1778 3546 1847; x_wconf 76' lang='lat' dir='ltr'><strong>glorize</strong></span> 
     </span>
    </p>
   </div>
   <div class='ocr_carea' id='block_1_33' title="bbox 1973 1864 3546 1935">
    <p class='ocr_par' dir='ltr' id='par_1_33' title="bbox 1973 1864 3546 1935">
     <span class='ocr_line' id='line_1_33' title="bbox 1973 1864 3546 1935; baseline 0.003 -18"><span class='ocrx_word' id='word_1_235' title='bbox 1973 1865 2242 1918; x_wconf 81' lang='lat' dir='ltr'><strong>desiderio</strong></span> <span class='ocrx_word' id='word_1_236' title='bbox 2287 1864 2518 1934; x_wconf 78' lang='lat' dir='ltr'><strong>flagrat;</strong></span> <span class='ocrx_word' id='word_1_237' title='bbox 2555 1881 2660 1920; x_wconf 89' lang='lat' dir='ltr'><strong>non</strong></span> <span class='ocrx_word' id='word_1_238' title='bbox 2706 1868 2795 1934; x_wconf 91' lang='lat' dir='ltr'><strong>qui</strong></span> <span class='ocrx_word' id='word_1_239' title='bbox 2839 1876 3117 1935; x_wconf 85' lang='lat' dir='ltr'><strong>argentum</strong></span> <span class='ocrx_word' id='word_1_240' title='bbox 3154 1869 3311 1921; x_wconf 85' lang='lat' dir='ltr'><strong>habet</strong></span> <span class='ocrx_word' id='word_1_241' title='bbox 3344 1869 3394 1920; x_wconf 90' lang='lat' dir='ltr'><strong>in</strong></span> <span class='ocrx_word' id='word_1_242' title='bbox 3426 1882 3546 1935; x_wconf 86' lang='lat' dir='ltr'><strong>pre-</strong></span> 
     </span>
    </p>
   </div>
   <div class='ocr_carea' id='block_1_34' title="bbox 289 1937 1971 2030">
    <p class='ocr_par' dir='ltr' id='par_1_34' title="bbox 289 1937 1943 2020">
     <span class='ocr_line' id='line_1_34' title="bbox 289 1937 1943 2020; baseline -0.001 -19"><span class='ocrx_word' id='word_1_243' title='bbox 289 1949 377 2002; x_wconf 74' lang='grc' dir='ltr'><strong>διά</strong></span> <span class='ocrx_word' id='word_1_244' title='bbox 426 1948 774 2003; x_wconf 78' lang='grc' dir='ltr'>παντοδαπῶν</span> <span class='ocrx_word' id='word_1_245' title='bbox 822 1949 1330 2020; x_wconf 72' lang='grc' dir='ltr'>ἀνδραγαθημάτων</span> <span class='ocrx_word' id='word_1_246' title='bbox 1369 1948 1728 2020; x_wconf 75' lang='grc' dir='ltr'>δοξαζομένου</span> <span class='ocrx_word' id='word_1_247' title='bbox 1775 1949 1868 2002; x_wconf 72' lang='grc' dir='ltr'>τοῦ</span> <span class='ocrx_word' id='word_1_248' title='bbox 1905 1937 1943 1990; x_wconf 77' lang='grc' dir='ltr'>Β</span> 
     </span>
    </p>
   </div>
   <div class='ocr_carea' id='block_1_35' title="bbox 1836 1937 3518 2030">
    <p class='ocr_par' dir='ltr' id='par_1_35' title="bbox 1840 1937 3518 2030">
     <span class='ocr_line' id='line_1_35' title="bbox 1840 1937 3518 2030; baseline 0.003 -22"><span class='ocrx_word' id='word_1_249' title='bbox 1840 1949 1868 1999; x_wconf 79' lang='grc' dir='ltr'>ὖ</span> <span class='ocrx_word' id='word_1_250' title='bbox 1905 1937 1943 1990; x_wconf 73' lang='grc' dir='ltr'>Β</span> <span class='ocrx_word' id='word_1_251' title='bbox 1978 1958 2078 2018; x_wconf 85' lang='grc' dir='ltr'>ιῑο;</span> <span class='ocrx_word' id='word_1_252' title='bbox 2119 1973 2220 2010; x_wconf 88' lang='lat' dir='ltr'><strong>non</strong></span> <span class='ocrx_word' id='word_1_253' title='bbox 2265 1959 2356 2028; x_wconf 90' lang='lat' dir='ltr'><strong>qui</strong></span> <span class='ocrx_word' id='word_1_254' title='bbox 2401 1962 2645 2026; x_wconf 87' lang='lat' dir='ltr'><strong>corporis</strong></span> <span class='ocrx_word' id='word_1_255' title='bbox 2683 1941 2989 2029; x_wconf 80' lang='lat' dir='ltr'><strong>voluptates</strong></span> <span class='ocrx_word' id='word_1_256' title='bbox 3028 1960 3239 2030; x_wconf 85' lang='lat' dir='ltr'><strong>plurimi</strong></span> <span class='ocrx_word' id='word_1_257' title='bbox 3275 1959 3420 2022; x_wconf 81' lang='lat' dir='ltr'><strong>facit,</strong></span> <span class='ocrx_word' id='word_1_258' title='bbox 3453 1976 3518 2013; x_wconf 71' lang='lat' dir='ltr'><strong>ue</strong></span> 
     </span>
    </p>
   </div>
   <div class='ocr_carea' id='block_1_36' title="bbox 290 2038 1871 2112">
    <p class='ocr_par' dir='ltr' id='par_1_36' title="bbox 290 2038 1871 2112">
     <span class='ocr_line' id='line_1_36' title="bbox 290 2038 1871 2112; baseline 0.003 -23"><span class='ocrx_word' id='word_1_259' title='bbox 290 2041 349 2090; x_wconf 81' lang='grc' dir='ltr'>ὲν</span> <span class='ocrx_word' id='word_1_260' title='bbox 372 2041 620 2111; x_wconf 75' lang='grc' dir='ltr'>οὐρανοῖς</span> <span class='ocrx_word' id='word_1_261' title='bbox 647 2038 878 2109; x_wconf 80' lang='grc' dir='ltr'>Πατρός.</span> <span class='ocrx_word' id='word_1_262' title='bbox 909 2040 981 2092; x_wconf 86' lang='grc' dir='ltr'>Ού</span> <span class='ocrx_word' id='word_1_263' title='bbox 1013 2039 1166 2110; x_wconf 77' lang='grc' dir='ltr'>φέρει</span> <span class='ocrx_word' id='word_1_264' title='bbox 1194 2039 1248 2091; x_wconf 78' lang='grc' dir='ltr'>δὲ</span> <span class='ocrx_word' id='word_1_265' title='bbox 1278 2039 1355 2110; x_wconf 78' lang='grc' dir='ltr'>τῷ</span> <span class='ocrx_word' id='word_1_266' title='bbox 1378 2041 1565 2112; x_wconf 80' lang='grc' dir='ltr'>Κυρίῳ</span> <span class='ocrx_word' id='word_1_267' title='bbox 1598 2041 1754 2107; x_wconf 81' lang='grc' dir='ltr'>δόξαν</span> <span class='ocrx_word' id='word_1_268' title='bbox 1777 2043 1871 2093; x_wconf 72' lang='grc' dir='ltr'><strong>καὶ</strong></span> 
     </span>
    </p>
   </div>
   <div class='ocr_carea' id='block_1_37' title="bbox 289 2131 1868 2204">
    <p class='ocr_par' dir='ltr' id='par_1_37' title="bbox 289 2131 1868 2204">
     <span class='ocr_line' id='line_1_37' title="bbox 289 2131 1868 2204; baseline 0.001 -19"><span class='ocrx_word' id='word_1_269' title='bbox 289 2135 455 2204; x_wconf 71' lang='grc' dir='ltr'>τιμὴν</span> <span class='ocrx_word' id='word_1_270' title='bbox 482 2136 510 2186; x_wconf 91' lang='lat'><strong>6</strong></span> <span class='ocrx_word' id='word_1_271' title='bbox 534 2133 660 2202; x_wconf 78' lang='grc' dir='ltr'>περὶ</span> <span class='ocrx_word' id='word_1_272' title='bbox 685 2131 782 2203; x_wconf 83' lang='grc' dir='ltr'><strong>τὴν</strong></span> <span class='ocrx_word' id='word_1_273' title='bbox 807 2132 1150 2202; x_wconf 75' lang='grc' dir='ltr'>ἀνθρωπίνην</span> <span class='ocrx_word' id='word_1_274' title='bbox 1181 2132 1512 2202; x_wconf 79' lang='grc' dir='ltr'>ἐπτοημένος</span> <span class='ocrx_word' id='word_1_275' title='bbox 1536 2132 1688 2197; x_wconf 78' lang='grc' dir='ltr'>δόξαν</span> <span class='ocrx_word' id='word_1_276' title='bbox 1709 2151 1720 2162; x_wconf 68' lang='grc' dir='ltr'><strong>ο</strong></span> <span class='ocrx_word' id='word_1_277' title='bbox 1751 2134 1868 2186; x_wconf 68' lang='grc' dir='ltr'>οὐδὲ</span> 
     </span>
    </p>
   </div>
   <div class='ocr_carea' id='block_1_38' title="bbox 290 2223 1871 2295">
    <p class='ocr_par' dir='ltr' id='par_1_38' title="bbox 290 2223 1871 2295">
     <span class='ocr_line' id='line_1_38' title="bbox 290 2223 1871 2295; baseline -0.001 -18"><span class='ocrx_word' id='word_1_278' title='bbox 290 2227 321 2277; x_wconf 91' lang='lat'><strong>6</strong></span> <span class='ocrx_word' id='word_1_279' title='bbox 347 2225 517 2294; x_wconf 82' lang='grc' dir='ltr'>τιμῶν</span> <span class='ocrx_word' id='word_1_280' title='bbox 549 2223 807 2295; x_wconf 86' lang='grc' dir='ltr'>ἀργύριον</span> <span class='ocrx_word' id='word_1_281' title='bbox 829 2240 840 2253; x_wconf 91' lang='grc'><strong>·</strong></span> <span class='ocrx_word' id='word_1_282' title='bbox 866 2224 986 2277; x_wconf 68' lang='grc' dir='ltr'>οὐδὲ</span> <span class='ocrx_word' id='word_1_283' title='bbox 1015 2226 1042 2276; x_wconf 90' lang='lat'><strong>6</strong></span> <span class='ocrx_word' id='word_1_284' title='bbox 1069 2225 1164 2287; x_wconf 74' lang='grc' dir='ltr'><strong>τὰς</strong></span> <span class='ocrx_word' id='word_1_285' title='bbox 1215 2223 1406 2294; x_wconf 75' lang='grc' dir='ltr'>ἡδονὰς</span> <span class='ocrx_word' id='word_1_286' title='bbox 1435 2224 1606 2294; x_wconf 84' lang='grc' dir='ltr'>τιμῶν</span> <span class='ocrx_word' id='word_1_287' title='bbox 1641 2225 1733 2278; x_wconf 82' lang='grc' dir='ltr'>τοῦ</span> <span class='ocrx_word' id='word_1_288' title='bbox 1768 2225 1871 2277; x_wconf 83' lang='grc' dir='ltr'><strong>σώ-</strong></span> 
     </span>
    </p>
   </div>
   <div class='ocr_carea' id='block_1_39' title="bbox 295 2313 1868 2387">
    <p class='ocr_par' dir='ltr' id='par_1_39' title="bbox 295 2313 1868 2387">
     <span class='ocr_line' id='line_1_39' title="bbox 295 2313 1868 2387; baseline 0 -19"><span class='ocrx_word' id='word_1_289' title='bbox 295 2333 463 2384; x_wconf 85' lang='grc' dir='ltr'>ματος</span> <span class='ocrx_word' id='word_1_290' title='bbox 482 2332 493 2343; x_wconf 92' lang='grc'><strong>·</strong></span> <span class='ocrx_word' id='word_1_291' title='bbox 526 2315 646 2367; x_wconf 71' lang='grc' dir='ltr'>οὐδὲ</span> <span class='ocrx_word' id='word_1_292' title='bbox 676 2317 703 2368; x_wconf 93' lang='lat'><strong>6</strong></span> <span class='ocrx_word' id='word_1_293' title='bbox 732 2313 1026 2387; x_wconf 75' lang='grc' dir='ltr'>θαυμάζων</span> <span class='ocrx_word' id='word_1_294' title='bbox 1062 2315 1127 2369; x_wconf 77' lang='grc' dir='ltr'>τὰ</span> <span class='ocrx_word' id='word_1_295' title='bbox 1164 2315 1418 2387; x_wconf 85' lang='grc' dir='ltr'>ἀλλότρια</span> <span class='ocrx_word' id='word_1_296' title='bbox 1439 2319 1537 2386; x_wconf 87' lang='grc' dir='ltr'><strong>τῆς</strong></span> <span class='ocrx_word' id='word_1_297' title='bbox 1560 2315 1868 2378; x_wconf 75' lang='grc' dir='ltr'>θεοσεϐείας</span> 
     </span>
    </p>
   </div>
   <div class='ocr_carea' id='block_1_40' title="bbox 288 2407 1868 2480">
    <p class='ocr_par' dir='ltr' id='par_1_40' title="bbox 288 2407 1868 2480">
     <span class='ocr_line' id='line_1_40' title="bbox 288 2407 1868 2480; baseline -0.001 -20"><span class='ocrx_word' id='word_1_298' title='bbox 288 2407 556 2478; x_wconf 80' lang='grc' dir='ltr'>δόγματα.</span> <span class='ocrx_word' id='word_1_299' title='bbox 592 2407 800 2477; x_wconf 79' lang='grc' dir='ltr'>’Ὠσπερ</span> <span class='ocrx_word' id='word_1_300' title='bbox 839 2408 945 2480; x_wconf 85' lang='grc' dir='ltr'>γὰρ</span> <span class='ocrx_word' id='word_1_301' title='bbox 990 2408 1080 2461; x_wconf 81' lang='grc' dir='ltr'>διὰ</span> <span class='ocrx_word' id='word_1_302' title='bbox 1107 2407 1214 2460; x_wconf 88' lang='grc' dir='ltr'><strong>τῶν</strong></span> <span class='ocrx_word' id='word_1_303' title='bbox 1247 2408 1468 2476; x_wconf 80' lang='grc' dir='ltr'>ἀγαθῶν</span> <span class='ocrx_word' id='word_1_304' title='bbox 1502 2409 1678 2480; x_wconf 78' lang='grc' dir='ltr'>ἔργων</span> <span class='ocrx_word' id='word_1_305' title='bbox 1711 2407 1868 2471; x_wconf 80' lang='grc' dir='ltr'>δόξαν</span> 
     </span>
    </p>
   </div>
   <div class='ocr_carea' id='block_1_41' title="bbox 291 2501 1870 2576">
    <p class='ocr_par' dir='ltr' id='par_1_41' title="bbox 291 2501 1870 2576">
     <span class='ocr_line' id='line_1_41' title="bbox 291 2501 1870 2576; baseline 0.001 -21"><span class='ocrx_word' id='word_1_306' title='bbox 291 2502 532 2574; x_wconf 83' lang='grc' dir='ltr'>φέρομεν</span> <span class='ocrx_word' id='word_1_307' title='bbox 563 2501 640 2572; x_wconf 86' lang='grc' dir='ltr'>τῷ</span> <span class='ocrx_word' id='word_1_308' title='bbox 668 2502 877 2573; x_wconf 77' lang='grc' dir='ltr'>Κυρίῳ,</span> <span class='ocrx_word' id='word_1_309' title='bbox 907 2503 1051 2557; x_wconf 77' lang='grc' dir='ltr'>οὕτω</span> <span class='ocrx_word' id='word_1_310' title='bbox 1078 2503 1166 2558; x_wconf 83' lang='grc' dir='ltr'>διὰ</span> <span class='ocrx_word' id='word_1_311' title='bbox 1191 2503 1298 2556; x_wconf 91' lang='grc' dir='ltr'><strong>τῶν</strong></span> <span class='ocrx_word' id='word_1_312' title='bbox 1329 2504 1580 2576; x_wconf 82' lang='grc' dir='ltr'>πονηρῶν</span> <span class='ocrx_word' id='word_1_313' title='bbox 1605 2503 1779 2576; x_wconf 78' lang='grc' dir='ltr'>ἔργων</span> <span class='ocrx_word' id='word_1_314' title='bbox 1810 2505 1870 2557; x_wconf 91' lang='lat'><strong>16</strong></span> 
     </span>
    </p>
   </div>
   <div class='ocr_carea' id='block_1_42' title="bbox 294 2595 1869 2668">
    <p class='ocr_par' dir='ltr' id='par_1_42' title="bbox 294 2595 1869 2668">
     <span class='ocr_line' id='line_1_42' title="bbox 294 2595 1869 2668; baseline 0.001 -20"><span class='ocrx_word' id='word_1_315' title='bbox 294 2596 553 2650; x_wconf 78' lang='grc' dir='ltr'>ἐναντίον.</span> <span class='ocrx_word' id='word_1_316' title='bbox 598 2596 720 2657; x_wconf 88' lang='grc' dir='ltr'>Τοῖς</span> <span class='ocrx_word' id='word_1_317' title='bbox 755 2595 863 2668; x_wconf 90' lang='grc' dir='ltr'><strong>γάρ</strong></span> <span class='ocrx_word' id='word_1_318' title='bbox 901 2598 1276 2668; x_wconf 78' lang='grc' dir='ltr'>ἁμαρτάνουσι</span> <span class='ocrx_word' id='word_1_319' title='bbox 1323 2598 1376 2651; x_wconf 87' lang='grc' dir='ltr'><strong>τί</strong></span> <span class='ocrx_word' id='word_1_320' title='bbox 1421 2598 1530 2668; x_wconf 77' lang='lat'><strong>(83)</strong></span> <span class='ocrx_word' id='word_1_321' title='bbox 1568 2597 1752 2666; x_wconf 86' lang='grc' dir='ltr'>λέγει;</span> <span class='ocrx_word' id='word_1_322' title='bbox 1799 2595 1869 2650; x_wconf 80' lang='grc' dir='ltr'><em>Τὸ</em></span> 
     </span>
    </p>
   </div>
   <div class='ocr_carea' id='block_1_43' title="bbox 293 2687 1864 2759">
    <p class='ocr_par' dir='ltr' id='par_1_43' title="bbox 293 2687 1864 2759">
     <span class='ocr_line' id='line_1_43' title="bbox 293 2687 1864 2759; baseline 0.003 -18"><span class='ocrx_word' id='word_1_323' title='bbox 293 2689 482 2758; x_wconf 75' lang='grc' dir='ltr'>ὄνομά</span> <span class='ocrx_word' id='word_1_324' title='bbox 512 2706 629 2756; x_wconf 83' lang='grc' dir='ltr'>μου</span> <span class='ocrx_word' id='word_1_325' title='bbox 656 2687 728 2740; x_wconf 83' lang='grc' dir='ltr'>δι’</span> <span class='ocrx_word' id='word_1_326' title='bbox 759 2689 913 2758; x_wconf 81' lang='grc' dir='ltr'>ὑμᾶς</span> <span class='ocrx_word' id='word_1_327' title='bbox 940 2691 1389 2759; x_wconf 64' lang='grc' dir='ltr'>βλασφημεῖται</span> <span class='ocrx_word' id='word_1_328' title='bbox 1409 2691 1478 2744; x_wconf 79' lang='grc' dir='ltr'><strong>ἐν</strong></span> <span class='ocrx_word' id='word_1_329' title='bbox 1504 2691 1626 2757; x_wconf 77' lang='grc' dir='ltr'>τοῖς</span> <span class='ocrx_word' id='word_1_330' title='bbox 1642 2691 1864 2746; x_wconf 75' lang='grc' dir='ltr'>ἔθνεσι.</span> 
     </span>
    </p>
   </div>
   <div class='ocr_carea' id='block_1_44' title="bbox 293 2780 1868 2851">
    <p class='ocr_par' dir='ltr' id='par_1_44' title="bbox 293 2780 1868 2851">
     <span class='ocr_line' id='line_1_44' title="bbox 293 2780 1868 2851; baseline 0.003 -19"><span class='ocrx_word' id='word_1_331' title='bbox 293 2782 406 2834; x_wconf 78' lang='grc' dir='ltr'>Καὶ</span> <span class='ocrx_word' id='word_1_332' title='bbox 429 2780 586 2834; x_wconf 89' lang='grc' dir='ltr'>πάλιν</span> <span class='ocrx_word' id='word_1_333' title='bbox 610 2782 638 2832; x_wconf 91' lang='lat'><strong>6</strong></span> <span class='ocrx_word' id='word_1_334' title='bbox 683 2781 1022 2844; x_wconf 81' lang='grc' dir='ltr'>Ἀπόστολος’</span> <span class='ocrx_word' id='word_1_335' title='bbox 1058 2781 1159 2834; x_wconf 85' lang='grc' dir='ltr'>Διά</span> <span class='ocrx_word' id='word_1_336' title='bbox 1194 2781 1300 2850; x_wconf 81' lang='grc' dir='ltr'>τῆς</span> <span class='ocrx_word' id='word_1_337' title='bbox 1344 2782 1733 2851; x_wconf 73' lang='grc' dir='ltr'>παραϐάσεως</span> <span class='ocrx_word' id='word_1_338' title='bbox 1765 2782 1868 2836; x_wconf 83' lang='grc' dir='ltr'>τοῦ</span> 
     </span>
    </p>
   </div>
   <div class='ocr_carea' id='block_1_45' title="bbox 292 2872 1870 2947">
    <p class='ocr_par' dir='ltr' id='par_1_45' title="bbox 292 2872 1870 2947">
     <span class='ocr_line' id='line_1_45' title="bbox 292 2872 1870 2947; baseline 0 -19"><span class='ocrx_word' id='word_1_339' title='bbox 292 2877 482 2943; x_wconf 76' lang='grc' dir='ltr'>νόμον</span> <span class='ocrx_word' id='word_1_340' title='bbox 510 2874 616 2926; x_wconf 66' lang='grc' dir='ltr'>τίν</span> <span class='ocrx_word' id='word_1_341' title='bbox 643 2872 793 2926; x_wconf 85' lang='grc' dir='ltr'><strong>Θεὸν</strong></span> <span class='ocrx_word' id='word_1_342' title='bbox 817 2873 1129 2942; x_wconf 79' lang='grc' dir='ltr'>ἀτιμάζεις.</span> <span class='ocrx_word' id='word_1_343' title='bbox 1159 2875 1354 2947; x_wconf 75' lang='grc' dir='ltr'>Ὕϐρις</span> <span class='ocrx_word' id='word_1_344' title='bbox 1390 2875 1497 2946; x_wconf 83' lang='grc' dir='ltr'><strong>γάρ</strong></span> <span class='ocrx_word' id='word_1_345' title='bbox 1535 2877 1648 2928; x_wconf 77' lang='grc' dir='ltr'>ἐστι</span> <span class='ocrx_word' id='word_1_346' title='bbox 1679 2875 1756 2946; x_wconf 83' lang='grc' dir='ltr'>τῷ</span> <span class='ocrx_word' id='word_1_347' title='bbox 1784 2892 1870 2928; x_wconf 80' lang='grc' dir='ltr'>νο-</span> 
     </span>
    </p>
   </div>
   <div class='ocr_carea' id='block_1_46' title="bbox 297 2965 1869 3039">
    <p class='ocr_par' dir='ltr' id='par_1_46' title="bbox 297 2965 1869 3039">
     <span class='ocr_line' id='line_1_46' title="bbox 297 2965 1869 3039; baseline 0.001 -21"><span class='ocrx_word' id='word_1_348' title='bbox 297 2967 497 3039; x_wconf 76' lang='grc' dir='ltr'>μοθέτῃ</span> <span class='ocrx_word' id='word_1_349' title='bbox 514 2967 546 3036; x_wconf 80' lang='grc' dir='ltr'><strong>ἡ</strong></span> <span class='ocrx_word' id='word_1_350' title='bbox 565 2966 672 3019; x_wconf 86' lang='grc' dir='ltr'><strong>τῶν</strong></span> <span class='ocrx_word' id='word_1_351' title='bbox 685 2965 864 3038; x_wconf 87' lang='grc' dir='ltr'>νόμων</span> <span class='ocrx_word' id='word_1_352' title='bbox 891 2967 920 3019; x_wconf 85' lang='grc' dir='ltr'>ὑ</span> <span class='ocrx_word' id='word_1_353' title='bbox 933 2967 1162 3038; x_wconf 71' lang='grc' dir='ltr'>περοψία</span> <span class='ocrx_word' id='word_1_354' title='bbox 1180 2968 1271 3021; x_wconf 67' lang='grc' dir='ltr'><strong>κα)⁸</strong></span> <span class='ocrx_word' id='word_1_355' title='bbox 1302 2968 1727 3038; x_wconf 77' lang='grc' dir='ltr'>καταφρόνησις.</span> <span class='ocrx_word' id='word_1_356' title='bbox 1759 2969 1869 3020; x_wconf 69' lang='grc' dir='ltr'>Καὶ</span> 
     </span>
    </p>
   </div>
   <div class='ocr_carea' id='block_1_47' title="bbox 293 3052 1864 3130">
    <p class='ocr_par' dir='ltr' id='par_1_47' title="bbox 293 3052 1864 3130">
     <span class='ocr_line' id='line_1_47' title="bbox 293 3052 1864 3130; baseline 0.006 -18"><span class='ocrx_word' id='word_1_357' title='bbox 293 3057 470 3122; x_wconf 86' lang='grc' dir='ltr'>οίκίας</span> <span class='ocrx_word' id='word_1_358' title='bbox 519 3058 702 3122; x_wconf 87' lang='grc' dir='ltr'>κακῶς</span> <span class='ocrx_word' id='word_1_359' title='bbox 745 3059 1072 3129; x_wconf 82' lang='grc' dir='ltr'>οἰκουμένης</span> <span class='ocrx_word' id='word_1_360' title='bbox 1124 3060 1181 3110; x_wconf 81' lang='grc' dir='ltr'>ὲν</span> <span class='ocrx_word' id='word_1_361' title='bbox 1304 3056 1472 3127; x_wconf 82' lang='grc' dir='ltr'>θυμὸς</span> <span class='ocrx_word' id='word_1_362' title='bbox 1505 3058 1598 3110; x_wconf 68' lang='grc' dir='ltr'><strong>καὶ</strong></span> <span class='ocrx_word' id='word_1_363' title='bbox 1629 3059 1864 3128; x_wconf 82' lang='grc' dir='ltr'>κραυγὴ.</span> 
     </span>
    </p>
   </div>
   <div class='ocr_carea' id='block_1_48' title="bbox 294 3149 1868 3223">
    <p class='ocr_par' dir='ltr' id='par_1_48' title="bbox 294 3149 1868 3223">
     <span class='ocr_line' id='line_1_48' title="bbox 294 3149 1868 3223; baseline -0.001 -18"><span class='ocrx_word' id='word_1_364' title='bbox 294 3151 452 3223; x_wconf 78' lang='grc' dir='ltr'>ὖὸρις</span> <span class='ocrx_word' id='word_1_365' title='bbox 480 3154 574 3207; x_wconf 72' lang='grc' dir='ltr'><strong>καὶ</strong></span> <span class='ocrx_word' id='word_1_366' title='bbox 605 3153 798 3221; x_wconf 85' lang='grc' dir='ltr'>γέλως,</span> <span class='ocrx_word' id='word_1_367' title='bbox 825 3151 1003 3222; x_wconf 68' lang='grc' dir='ltr'>τρυφὴ</span> <span class='ocrx_word' id='word_1_368' title='bbox 1045 3151 1137 3202; x_wconf 74' lang='grc' dir='ltr'>καὶ</span> <span class='ocrx_word' id='word_1_369' title='bbox 1175 3149 1402 3213; x_wconf 83' lang='grc' dir='ltr'>ἀσωτία,</span> <span class='ocrx_word' id='word_1_370' title='bbox 1437 3150 1748 3222; x_wconf 85' lang='grc' dir='ltr'>ἀκαθαρσία</span> <span class='ocrx_word' id='word_1_371' title='bbox 1777 3154 1868 3204; x_wconf 73' lang='grc' dir='ltr'><strong>καὶ</strong></span> 
     </span>
    </p>
   </div>
   <div class='ocr_carea' id='block_1_49' title="bbox 293 3241 1862 3313">
    <p class='ocr_par' dir='ltr' id='par_1_49' title="bbox 293 3241 1862 3313">
     <span class='ocr_line' id='line_1_49' title="bbox 293 3241 1862 3313; baseline -0.003 -16"><span class='ocrx_word' id='word_1_372' title='bbox 293 3244 570 3311; x_wconf 85' lang='grc' dir='ltr'>ἀσέλγεια,</span> <span class='ocrx_word' id='word_1_373' title='bbox 595 3243 686 3296; x_wconf 74' lang='grc' dir='ltr'>ἐπὶ</span> <span class='ocrx_word' id='word_1_374' title='bbox 721 3242 812 3295; x_wconf 84' lang='grc' dir='ltr'><strong>τὸν</strong></span> <span class='ocrx_word' id='word_1_375' title='bbox 840 3241 1145 3310; x_wconf 76' lang='grc' dir='ltr'>κρατοῦντα</span> <span class='ocrx_word' id='word_1_376' title='bbox 1185 3242 1355 3311; x_wconf 78' lang='grc' dir='ltr'>αὐτῆς</span> <span class='ocrx_word' id='word_1_377' title='bbox 1399 3243 1432 3313; x_wconf 80' lang='grc' dir='ltr'>ἡ</span> <span class='ocrx_word' id='word_1_378' title='bbox 1470 3243 1663 3312; x_wconf 85' lang='grc' dir='ltr'>ἀτιμία</span> <span class='ocrx_word' id='word_1_379' title='bbox 1710 3243 1804 3294; x_wconf 72' lang='grc' dir='ltr'><strong>καὶ</strong></span> <span class='ocrx_word' id='word_1_380' title='bbox 1833 3245 1862 3312; x_wconf 82' lang='grc' dir='ltr'>ἡ</span> 
     </span>
    </p>
   </div>
   <div class='ocr_carea' id='block_1_50' title="bbox 1973 2049 3547 2119">
    <p class='ocr_par' dir='ltr' id='par_1_50' title="bbox 1973 2049 3547 2119">
     <span class='ocr_line' id='line_1_50' title="bbox 1973 2049 3547 2119; baseline 0.004 -21"><span class='ocrx_word' id='word_1_381' title='bbox 1973 2064 2078 2117; x_wconf 91' lang='lat' dir='ltr'><strong>que</strong></span> <span class='ocrx_word' id='word_1_382' title='bbox 2103 2049 2192 2117; x_wconf 85' lang='lat' dir='ltr'><strong>qni</strong></span> <span class='ocrx_word' id='word_1_383' title='bbox 2227 2049 2398 2102; x_wconf 89' lang='lat' dir='ltr'><strong>aliena</strong></span> <span class='ocrx_word' id='word_1_384' title='bbox 2435 2068 2461 2101; x_wconf 75' lang='grc' dir='ltr'><strong>ιι</strong></span> <span class='ocrx_word' id='word_1_385' title='bbox 2496 2053 2696 2119; x_wconf 87' lang='lat' dir='ltr'><strong>pietate</strong></span> <span class='ocrx_word' id='word_1_386' title='bbox 2724 2053 2971 2118; x_wconf 76' lang='lat' dir='ltr'><strong>dogmata</strong></span> <span class='ocrx_word' id='word_1_387' title='bbox 3005 2055 3322 2108; x_wconf 86' lang='lat' dir='ltr'><strong>admiratur.</strong></span> <span class='ocrx_word' id='word_1_388' title='bbox 3351 2052 3547 2119; x_wconf 84' lang='lat' dir='ltr'><strong>Quent-</strong></span> 
     </span>
    </p>
   </div>
   <div class='ocr_carea' id='block_1_51' title="bbox 1973 2143 3547 2213">
    <p class='ocr_par' dir='ltr' id='par_1_51' title="bbox 1973 2143 3547 2213">
     <span class='ocr_line' id='line_1_51' title="bbox 1973 2143 3547 2213; baseline 0.003 -19"><span class='ocrx_word' id='word_1_389' title='bbox 1973 2143 2258 2196; x_wconf 79' lang='lat' dir='ltr'><strong>admodum</strong></span> <span class='ocrx_word' id='word_1_390' title='bbox 2301 2145 2444 2196; x_wconf 86' lang='lat' dir='ltr'><strong>enim</strong></span> <span class='ocrx_word' id='word_1_391' title='bbox 2493 2158 2588 2211; x_wconf 90' lang='lat' dir='ltr'><strong>per</strong></span> <span class='ocrx_word' id='word_1_392' title='bbox 2637 2145 2775 2198; x_wconf 87' lang='lat' dir='ltr'><strong>bona</strong></span> <span class='ocrx_word' id='word_1_393' title='bbox 2813 2160 2974 2213; x_wconf 88' lang='lat' dir='ltr'><strong>opera</strong></span> <span class='ocrx_word' id='word_1_394' title='bbox 3016 2145 3240 2199; x_wconf 86' lang='lat' dir='ltr'><strong>Domino</strong></span> <span class='ocrx_word' id='word_1_395' title='bbox 3273 2144 3547 2199; x_wconf 81' lang='lat' dir='ltr'><strong>alferimus</strong></span> 
     </span>
    </p>
   </div>
   <div class='ocr_carea' id='block_1_52' title="bbox 1972 2235 3541 2306">
    <p class='ocr_par' dir='ltr' id='par_1_52' title="bbox 1972 2235 3541 2306">
     <span class='ocr_line' id='line_1_52' title="bbox 1972 2235 3541 2306; baseline 0.006 -22"><span class='ocrx_word' id='word_1_396' title='bbox 1972 2235 2196 2301; x_wconf 76' lang='lat' dir='ltr'><strong>gloriam</strong></span> <span class='ocrx_word' id='word_1_397' title='bbox 2241 2236 2356 2289; x_wconf 71' lang='lat' dir='ltr'><strong>.ita</strong></span> <span class='ocrx_word' id='word_1_398' title='bbox 2405 2251 2498 2302; x_wconf 83' lang='lat' dir='ltr'><strong>per</strong></span> <span class='ocrx_word' id='word_1_399' title='bbox 2546 2237 2681 2289; x_wconf 87' lang='lat' dir='ltr'><strong>mala</strong></span> <span class='ocrx_word' id='word_1_400' title='bbox 2725 2253 2887 2306; x_wconf 82' lang='lat' dir='ltr'><strong>Opera</strong></span> <span class='ocrx_word' id='word_1_401' title='bbox 2937 2240 3132 2293; x_wconf 88' lang='lat' dir='ltr'><strong>accidit</strong></span> <span class='ocrx_word' id='word_1_402' title='bbox 3183 2240 3541 2293; x_wconf 89' lang='lat' dir='ltr'><strong>contrarium.</strong></span> 
     </span>
    </p>
   </div>
   <div class='ocr_carea' id='block_1_53' title="bbox 1973 2327 3545 2401">
    <p class='ocr_par' dir='ltr' id='par_1_53' title="bbox 1973 2327 3545 2401">
     <span class='ocr_line' id='line_1_53' title="bbox 1973 2327 3545 2401; baseline 0.008 -27"><span class='ocrx_word' id='word_1_403' title='bbox 1973 2327 2106 2388; x_wconf 73' lang='lat' dir='ltr'><strong>Quid</strong></span> <span class='ocrx_word' id='word_1_404' title='bbox 2136 2329 2277 2380; x_wconf 92' lang='lat' dir='ltr'><strong>enim</strong></span> <span class='ocrx_word' id='word_1_405' title='bbox 2321 2329 2452 2382; x_wconf 85' lang='lat' dir='ltr'><strong>dicit</strong></span> <span class='ocrx_word' id='word_1_406' title='bbox 2491 2332 2876 2397; x_wconf 71' lang='lat' dir='ltr'><strong>peccantibus?</strong></span> <span class='ocrx_word' id='word_1_407' title='bbox 2910 2333 3113 2386; x_wconf 84' lang='lat' dir='ltr'><strong>Nomen</strong></span> <span class='ocrx_word' id='word_1_408' title='bbox 3148 2349 3315 2385; x_wconf 84' lang='lat' dir='ltr'><strong>meum</strong></span> <span class='ocrx_word' id='word_1_409' title='bbox 3347 2351 3436 2401; x_wconf 84' lang='lat' dir='ltr'><strong>per</strong></span> <span class='ocrx_word' id='word_1_410' title='bbox 3457 2351 3545 2389; x_wconf 78' lang='lat' dir='ltr'><strong>vos</strong></span> 
     </span>
    </p>
   </div>
   <div class='ocr_carea' id='block_1_54' title="bbox 1972 2411 3536 2492">
    <p class='ocr_par' dir='ltr' id='par_1_54' title="bbox 1972 2411 3536 2492">
     <span class='ocr_line' id='line_1_54' title="bbox 1972 2411 3536 2492; baseline 0.01 -29"><span class='ocrx_word' id='word_1_411' title='bbox 1972 2411 2364 2480; x_wconf 63' lang='lat' dir='ltr'><strong>blasphematur</strong></span> <span class='ocrx_word' id='word_1_412' title='bbox 2405 2417 2547 2468; x_wconf 76' lang='lat' dir='ltr'><strong>inter</strong></span> <span class='ocrx_word' id='word_1_413' title='bbox 2585 2430 2759 2484; x_wconf 74' lang='lat' dir='ltr'><strong>genta</strong></span> <span class='ocrx_word' id='word_1_414' title='bbox 2789 2421 2854 2473; x_wconf 83' lang='grc'><strong>³³.</strong></span> <span class='ocrx_word' id='word_1_415' title='bbox 2890 2420 2950 2474; x_wconf 87' lang='grc' dir='ltr'>Ει</span> <span class='ocrx_word' id='word_1_416' title='bbox 2987 2437 3172 2477; x_wconf 89' lang='lat' dir='ltr'><strong>rursus</strong></span> <span class='ocrx_word' id='word_1_417' title='bbox 3211 2424 3494 2492; x_wconf 79' lang='lat' dir='ltr'><strong>Aposmlus</strong></span> <span class='ocrx_word' id='word_1_418' title='bbox 3523 2444 3536 2458; x_wconf 82' lang='grc'><em>’</em></span> 
     </span>
    </p>
   </div>
   <div class='ocr_carea' id='block_1_55' title="bbox 1975 2501 3545 2577">
    <p class='ocr_par' dir='ltr' id='par_1_55' title="bbox 1975 2501 3545 2577">
     <span class='ocr_line' id='line_1_55' title="bbox 1975 2501 3545 2577; baseline 0.01 -22"><span class='ocrx_word' id='word_1_419' title='bbox 1975 2501 2079 2556; x_wconf 84' lang='lat' dir='ltr'><strong>Per</strong></span> <span class='ocrx_word' id='word_1_420' title='bbox 2114 2507 2602 2571; x_wconf 78' lang='lat' dir='ltr'><strong>pra&#39;varicationem</strong></span> <span class='ocrx_word' id='word_1_421' title='bbox 2636 2509 2762 2577; x_wconf 68' lang='lat' dir='ltr'><strong>legis</strong></span> <span class='ocrx_word' id='word_1_422' title='bbox 2799 2511 2961 2564; x_wconf 80' lang='lat' dir='ltr'><strong>Deum</strong></span> <span class='ocrx_word' id='word_1_423' title='bbox 2997 2513 3280 2567; x_wconf 71' lang='lat' dir='ltr'><strong>inhonora:</strong></span> <span class='ocrx_word' id='word_1_424' title='bbox 3311 2516 3378 2568; x_wconf 80' lang='grc'><strong>⁵³.</strong></span> <span class='ocrx_word' id='word_1_425' title='bbox 3413 2515 3545 2571; x_wconf 83' lang='lat' dir='ltr'><strong>Nam</strong></span> 
     </span>
    </p>
   </div>
   <div class='ocr_carea' id='block_1_56' title="bbox 1971 2597 3549 2668">
    <p class='ocr_par' dir='ltr' id='par_1_56' title="bbox 1971 2597 3549 2668">
     <span class='ocr_line' id='line_1_56' title="bbox 1971 2597 3549 2668; baseline 0.009 -21"><span class='ocrx_word' id='word_1_426' title='bbox 1971 2597 2244 2664; x_wconf 72' lang='lat' dir='ltr'><strong>do-spectio</strong></span> <span class='ocrx_word' id='word_1_427' title='bbox 2288 2597 2462 2667; x_wconf 80' lang='lat' dir='ltr'><strong>legunt</strong></span> <span class='ocrx_word' id='word_1_428' title='bbox 2507 2608 2666 2668; x_wconf 68' lang='lat' dir='ltr'><strong>atque</strong></span> <span class='ocrx_word' id='word_1_429' title='bbox 2715 2611 3052 2668; x_wconf 86' lang='lat' dir='ltr'><strong>contemptus</strong></span> <span class='ocrx_word' id='word_1_430' title='bbox 3100 2607 3421 2658; x_wconf 77' lang='lat' dir='ltr'><strong>contumelia</strong></span> <span class='ocrx_word' id='word_1_431' title='bbox 3465 2614 3549 2663; x_wconf 81' lang='lat' dir='ltr'><strong>est</strong></span> 
     </span>
    </p>
   </div>
   <div class='ocr_carea' id='block_1_57' title="bbox 1973 2687 3544 2767">
    <p class='ocr_par' dir='ltr' id='par_1_57' title="bbox 1973 2687 3544 2767">
     <span class='ocr_line' id='line_1_57' title="bbox 1973 2687 3544 2767; baseline 0.006 -27"><span class='ocrx_word' id='word_1_432' title='bbox 1973 2687 2287 2756; x_wconf 83' lang='lat' dir='ltr'><strong>legislatori.</strong></span> <span class='ocrx_word' id='word_1_433' title='bbox 2319 2689 2626 2754; x_wconf 85' lang='lat' dir='ltr'><strong>Quinetiam</strong></span> <span class='ocrx_word' id='word_1_434' title='bbox 2677 2693 2719 2745; x_wconf 88' lang='lat' dir='ltr'><strong>si</strong></span> <span class='ocrx_word' id='word_1_435' title='bbox 2767 2694 2957 2748; x_wconf 88' lang='lat' dir='ltr'><strong>domus</strong></span> <span class='ocrx_word' id='word_1_436' title='bbox 3010 2696 3147 2751; x_wconf 87' lang='lat' dir='ltr'><strong>male</strong></span> <span class='ocrx_word' id='word_1_437' title='bbox 3193 2698 3544 2767; x_wconf 76' lang='lat' dir='ltr'><strong>gubernatur.</strong></span> 
     </span>
    </p>
   </div>
   <div class='ocr_carea' id='block_1_58' title="bbox 1973 2779 3548 2861">
    <p class='ocr_par' dir='ltr' id='par_1_58' title="bbox 1973 2779 3548 2861">
     <span class='ocr_line' id='line_1_58' title="bbox 1973 2779 3548 2861; baseline 0.008 -29"><span class='ocrx_word' id='word_1_438' title='bbox 1973 2779 2023 2833; x_wconf 91' lang='lat' dir='ltr'><strong>in</strong></span> <span class='ocrx_word' id='word_1_439' title='bbox 2066 2795 2167 2848; x_wconf 86' lang='lat' dir='ltr'><strong>qua</strong></span> <span class='ocrx_word' id='word_1_440' title='bbox 2215 2781 2457 2836; x_wconf 80' lang='lat' dir='ltr'><strong>videlicet</strong></span> <span class='ocrx_word' id='word_1_441' title='bbox 2495 2793 2579 2835; x_wconf 86' lang='lat' dir='ltr'><strong>est</strong></span> <span class='ocrx_word' id='word_1_442' title='bbox 2610 2782 2711 2844; x_wconf 88' lang='lat' dir='ltr'><strong>ira.</strong></span> <span class='ocrx_word' id='word_1_443' title='bbox 2741 2784 2966 2850; x_wconf 87' lang='lat' dir='ltr'><strong>clamor,</strong></span> <span class='ocrx_word' id='word_1_444' title='bbox 3002 2789 3348 2851; x_wconf 81' lang='lat' dir='ltr'><strong>contumelia.</strong></span> <span class='ocrx_word' id='word_1_445' title='bbox 3387 2789 3548 2861; x_wconf 75' lang='lat'><strong>116</strong></span> 
     </span>
    </p>
   </div>
   <div class='ocr_carea' id='block_1_59' title="bbox 1974 2873 3546 2948">
    <p class='ocr_par' dir='ltr' id='par_1_59' title="bbox 1974 2873 3546 2948">
     <span class='ocr_line' id='line_1_59' title="bbox 1974 2873 3546 2948; baseline 0.007 -24"><span class='ocrx_word' id='word_1_446' title='bbox 1974 2873 2133 2934; x_wconf 85' lang='lat' dir='ltr'><strong>risus,</strong></span> <span class='ocrx_word' id='word_1_447' title='bbox 2168 2873 2346 2936; x_wconf 79' lang='lat' dir='ltr'><strong>luxus,</strong></span> <span class='ocrx_word' id='word_1_448' title='bbox 2388 2874 2629 2938; x_wconf 84' lang='lat' dir='ltr'><strong>lascivia,</strong></span> <span class='ocrx_word' id='word_1_449' title='bbox 2664 2876 2947 2944; x_wconf 84' lang='lat' dir='ltr'><strong>intpuritas</strong></span> <span class='ocrx_word' id='word_1_450' title='bbox 2994 2887 3044 2931; x_wconf 87' lang='lat' dir='ltr'><strong>et</strong></span> <span class='ocrx_word' id='word_1_451' title='bbox 3099 2879 3415 2948; x_wconf 81' lang='lat' dir='ltr'><strong>petulantia,</strong></span> <span class='ocrx_word' id='word_1_452' title='bbox 3451 2897 3546 2935; x_wconf 78' lang='lat' dir='ltr'><strong>eo-</strong></span> 
     </span>
    </p>
   </div>
   <div class='ocr_carea' id='block_1_60' title="bbox 1972 2966 3542 3043">
    <p class='ocr_par' dir='ltr' id='par_1_60' title="bbox 1972 2966 3542 3043">
     <span class='ocr_line' id='line_1_60' title="bbox 1972 2966 3542 3043; baseline 0.006 -26"><span class='ocrx_word' id='word_1_453' title='bbox 1972 2980 2088 3018; x_wconf 90' lang='lat' dir='ltr'><strong>rum</strong></span> <span class='ocrx_word' id='word_1_454' title='bbox 2136 2980 2254 3032; x_wconf 69' lang='lat' dir='ltr'><strong>quae</strong></span> <span class='ocrx_word' id='word_1_455' title='bbox 2299 2966 2431 3018; x_wconf 83' lang='lat' dir='ltr'><strong>fiunt</strong></span> <span class='ocrx_word' id='word_1_456' title='bbox 2482 2967 2771 3035; x_wconf 79' lang='lat' dir='ltr'><strong>igttOtninia</strong></span> <span class='ocrx_word' id='word_1_457' title='bbox 2817 2980 2871 3022; x_wconf 91' lang='lat' dir='ltr'><strong>et</strong></span> <span class='ocrx_word' id='word_1_458' title='bbox 2914 2972 3189 3037; x_wconf 89' lang='lat' dir='ltr'><strong>turpitudo</strong></span> <span class='ocrx_word' id='word_1_459' title='bbox 3221 2972 3269 3025; x_wconf 92' lang='lat' dir='ltr'><strong>in</strong></span> <span class='ocrx_word' id='word_1_460' title='bbox 3301 2988 3420 3026; x_wconf 88' lang='lat' dir='ltr'><strong>eum</strong></span> <span class='ocrx_word' id='word_1_461' title='bbox 3453 2974 3542 3043; x_wconf 84' lang='lat' dir='ltr'><strong>qui</strong></span> 
     </span>
    </p>
   </div>
   <div class='ocr_carea' id='block_1_61' title="bbox 1970 3057 3544 3129">
    <p class='ocr_par' dir='ltr' id='par_1_61' title="bbox 1970 3057 3544 3129">
     <span class='ocr_line' id='line_1_61' title="bbox 1970 3057 3544 3129; baseline 0.006 -21"><span class='ocrx_word' id='word_1_462' title='bbox 1970 3057 2187 3110; x_wconf 88' lang='lat' dir='ltr'><strong>domum</strong></span> <span class='ocrx_word' id='word_1_463' title='bbox 2264 3068 2532 3124; x_wconf 78' lang='lat' dir='ltr'><strong>occupat,</strong></span> <span class='ocrx_word' id='word_1_464' title='bbox 2598 3059 2865 3113; x_wconf 85' lang='lat' dir='ltr'><strong>recidunt.</strong></span> <span class='ocrx_word' id='word_1_465' title='bbox 2945 3060 3290 3129; x_wconf 82' lang='lat' dir='ltr'><strong>Consequens</strong></span> <span class='ocrx_word' id='word_1_466' title='bbox 3363 3076 3544 3118; x_wconf 90' lang='lat' dir='ltr'><strong>autem</strong></span> 
     </span>
    </p>
   </div>
   <div class='ocr_carea' id='block_1_62' title="bbox 1974 3153 3541 3224">
    <p class='ocr_par' dir='ltr' id='par_1_62' title="bbox 1974 3153 3541 3224">
     <span class='ocr_line' id='line_1_62' title="bbox 1974 3153 3541 3224; baseline 0.005 -18"><span class='ocrx_word' id='word_1_467' title='bbox 1974 3153 2154 3217; x_wconf 72' lang='lat' dir='ltr'><strong>fuerit,</strong></span> <span class='ocrx_word' id='word_1_468' title='bbox 2206 3164 2262 3206; x_wconf 88' lang='lat' dir='ltr'><strong>nt</strong></span> <span class='ocrx_word' id='word_1_469' title='bbox 2315 3153 2677 3220; x_wconf 83' lang='lat' dir='ltr'><strong>intelligamus</strong></span> <span class='ocrx_word' id='word_1_470' title='bbox 2727 3169 2846 3215; x_wconf 74' lang='lat' dir='ltr'><strong>IIOs,</strong></span> <span class='ocrx_word' id='word_1_471' title='bbox 2894 3156 3034 3223; x_wconf 86' lang='lat' dir='ltr'><strong>quod</strong></span> <span class='ocrx_word' id='word_1_472' title='bbox 3091 3161 3541 3224; x_wconf 80' lang='lat' dir='ltr'><strong>quemadmodum</strong></span> 
     </span>
    </p>
   </div>
   <div class='ocr_carea' id='block_1_63' title="bbox 1971 3246 3543 3313">
    <p class='ocr_par' dir='ltr' id='par_1_63' title="bbox 1971 3246 3543 3313">
     <span class='ocr_line' id='line_1_63' title="bbox 1971 3246 3543 3313; baseline 0.004 -13"><span class='ocrx_word' id='word_1_473' title='bbox 1971 3263 2034 3300; x_wconf 80' lang='lat' dir='ltr'><strong>ex</strong></span> <span class='ocrx_word' id='word_1_474' title='bbox 2086 3247 2240 3300; x_wconf 85' lang='lat' dir='ltr'><strong>bouis</strong></span> <span class='ocrx_word' id='word_1_475' title='bbox 2292 3246 2540 3313; x_wconf 84' lang='lat' dir='ltr'><strong>operibus</strong></span> <span class='ocrx_word' id='word_1_476' title='bbox 2597 3246 2895 3300; x_wconf 89' lang='lat' dir='ltr'><strong>honoratur</strong></span> <span class='ocrx_word' id='word_1_477' title='bbox 2953 3247 3124 3313; x_wconf 85' lang='lat' dir='ltr'><strong>Dens,</strong></span> <span class='ocrx_word' id='word_1_478' title='bbox 3175 3251 3248 3305; x_wconf 88' lang='lat' dir='ltr'><strong>ita</strong></span> <span class='ocrx_word' id='word_1_479' title='bbox 3305 3268 3370 3306; x_wconf 78' lang='lat' dir='ltr'><strong>ex</strong></span> <span class='ocrx_word' id='word_1_480' title='bbox 3424 3269 3543 3306; x_wconf 86' lang='lat' dir='ltr'><strong>ma-</strong></span> 
     </span>
    </p>
   </div>
   <div class='ocr_carea' id='block_1_64' title="bbox 292 3303 1974 3406">
    <p class='ocr_par' dir='ltr' id='par_1_64' title="bbox 292 3303 1974 3403">
     <span class='ocr_line' id='line_1_64' title="bbox 292 3303 1974 3403; baseline -0.001 -17"><span class='ocrx_word' id='word_1_481' title='bbox 292 3303 522 3403; x_wconf 77' lang='grc' dir='ltr'>αἰσχύνη</span> <span class='ocrx_word' id='word_1_482' title='bbox 560 3303 679 3385; x_wconf 76' lang='grc' dir='ltr'><strong>τῶν</strong></span> <span class='ocrx_word' id='word_1_483' title='bbox 729 3303 1027 3401; x_wconf 74' lang='grc' dir='ltr'>γινομένων</span> <span class='ocrx_word' id='word_1_484' title='bbox 1091 3303 1384 3387; x_wconf 72' lang='grc' dir='ltr'>ἐπάνεισιν.</span> <span class='ocrx_word' id='word_1_485' title='bbox 1421 3303 1763 3385; x_wconf 66' lang='grc' dir='ltr'>”Δκόλουθον</span> <span class='ocrx_word' id='word_1_486' title='bbox 1806 3303 1862 3385; x_wconf 75' lang='grc' dir='ltr'><strong>δέ</strong></span> <span class='ocrx_word' id='word_1_487' title='bbox 1893 3303 1935 3362; x_wconf 73' lang='lat' dir='ltr'>C</span> <span class='ocrx_word' id='word_1_488' title='bbox 1969 3343 1974 3391; x_wconf 77' lang='grc' dir='ltr'><strong>Ι</strong></span> 
     </span>
    </p>
   </div>
   <div class='ocr_carea' id='block_1_65' title="bbox 1863 3303 3545 3406">
    <p class='ocr_par' dir='ltr' id='par_1_65' title="bbox 1893 3303 3545 3406">
     <span class='ocr_line' id='line_1_65' title="bbox 1893 3303 3545 3406; baseline 0.005 -15"><span class='ocrx_word' id='word_1_489' title='bbox 1893 3303 2033 3391; x_wconf 70' lang='lat' dir='ltr'><strong>clis</strong></span> <span class='ocrx_word' id='word_1_490' title='bbox 2104 3340 2357 3392; x_wconf 80' lang='lat' dir='ltr'><strong>inimicus</strong></span> <span class='ocrx_word' id='word_1_491' title='bbox 2441 3339 2758 3392; x_wconf 89' lang='lat' dir='ltr'><strong>honoretur.</strong></span> <span class='ocrx_word' id='word_1_492' title='bbox 2817 3339 2949 3394; x_wconf 88' lang='lat' dir='ltr'><strong>Cum</strong></span> <span class='ocrx_word' id='word_1_493' title='bbox 3027 3343 3211 3406; x_wconf 91' lang='lat' dir='ltr'><strong>enim,</strong></span> <span class='ocrx_word' id='word_1_494' title='bbox 3289 3345 3545 3400; x_wconf 84' lang='lat' dir='ltr'><strong>membris</strong></span> 
     </span>
    </p>
   </div>
   <div class='ocr_carea' id='block_1_66' title="bbox 290 3425 1861 3498">
    <p class='ocr_par' dir='ltr' id='par_1_66' title="bbox 290 3425 1861 3498">
     <span class='ocr_line' id='line_1_66' title="bbox 290 3425 1861 3498; baseline -0.001 -17"><span class='ocrx_word' id='word_1_495' title='bbox 290 3432 428 3481; x_wconf 86' lang='grc' dir='ltr'>νοεῖν</span> <span class='ocrx_word' id='word_1_496' title='bbox 453 3428 619 3496; x_wconf 79' lang='grc' dir='ltr'>ἡμᾶς.</span> <span class='ocrx_word' id='word_1_497' title='bbox 658 3427 762 3486; x_wconf 85' lang='grc' dir='ltr'>ὅτι,</span> <span class='ocrx_word' id='word_1_498' title='bbox 795 3425 983 3498; x_wconf 83' lang='grc' dir='ltr'>ὥσπερ</span> <span class='ocrx_word' id='word_1_499' title='bbox 1014 3428 1070 3479; x_wconf 80' lang='grc' dir='ltr'>ὲν</span> <span class='ocrx_word' id='word_1_500' title='bbox 1094 3431 1206 3491; x_wconf 86' lang='grc' dir='ltr'>τοῖς</span> <span class='ocrx_word' id='word_1_501' title='bbox 1234 3427 1457 3496; x_wconf 86' lang='grc' dir='ltr'>ἀγαθοῖς</span> <span class='ocrx_word' id='word_1_502' title='bbox 1493 3427 1672 3497; x_wconf 80' lang='grc' dir='ltr'>ἔργοις</span> <span class='ocrx_word' id='word_1_503' title='bbox 1706 3426 1861 3492; x_wconf 81' lang='grc' dir='ltr'>δοξά-</span> 
     </span>
    </p>
   </div>
   <div class='ocr_carea' id='block_1_67' title="bbox 291 3519 1865 3592">
    <p class='ocr_par' dir='ltr' id='par_1_67' title="bbox 291 3519 1865 3592">
     <span class='ocr_line' id='line_1_67' title="bbox 291 3519 1865 3592; baseline 0.001 -20"><span class='ocrx_word' id='word_1_504' title='bbox 291 3519 446 3585; x_wconf 82' lang='grc' dir='ltr'>ζεται</span> <span class='ocrx_word' id='word_1_505' title='bbox 477 3522 505 3573; x_wconf 93' lang='lat'><strong>6</strong></span> <span class='ocrx_word' id='word_1_506' title='bbox 548 3519 715 3584; x_wconf 85' lang='grc' dir='ltr'>Θεὸς,</span> <span class='ocrx_word' id='word_1_507' title='bbox 757 3519 928 3584; x_wconf 74' lang='grc' dir='ltr'>οὕτως</span> <span class='ocrx_word' id='word_1_508' title='bbox 979 3522 1035 3573; x_wconf 83' lang='grc' dir='ltr'>ὲν</span> <span class='ocrx_word' id='word_1_509' title='bbox 1085 3523 1198 3584; x_wconf 85' lang='grc' dir='ltr'>τοῖς</span> <span class='ocrx_word' id='word_1_510' title='bbox 1245 3522 1501 3592; x_wconf 76' lang='grc' dir='ltr'>πονηροῖς</span> <span class='ocrx_word' id='word_1_511' title='bbox 1527 3519 1804 3584; x_wconf 77' lang='grc' dir='ltr'>δοξάζεται</span> <span class='ocrx_word' id='word_1_512' title='bbox 1837 3523 1865 3574; x_wconf 89' lang='grc' dir='ltr'><strong>ὁ</strong></span> 
     </span>
    </p>
   </div>
   <div class='ocr_carea' id='block_1_68' title="bbox 289 3614 1863 3688">
    <p class='ocr_par' dir='ltr' id='par_1_68' title="bbox 289 3614 1863 3688">
     <span class='ocr_line' id='line_1_68' title="bbox 289 3614 1863 3688; baseline 0.001 -22"><span class='ocrx_word' id='word_1_513' title='bbox 289 3615 503 3687; x_wconf 75' lang='grc' dir='ltr'>ἐχθρός.</span> <span class='ocrx_word' id='word_1_514' title='bbox 554 3616 723 3669; x_wconf 76' lang='grc' dir='ltr'>Ὅταν</span> <span class='ocrx_word' id='word_1_515' title='bbox 767 3617 896 3688; x_wconf 89' lang='grc' dir='ltr'><strong>γάρ,</strong></span> <span class='ocrx_word' id='word_1_516' title='bbox 948 3616 1084 3688; x_wconf 84' lang='grc' dir='ltr'>ἄρας</span> <span class='ocrx_word' id='word_1_517' title='bbox 1129 3616 1197 3670; x_wconf 90' lang='grc' dir='ltr'><strong>τά</strong></span> <span class='ocrx_word' id='word_1_518' title='bbox 1256 3615 1391 3687; x_wconf 84' lang='grc' dir='ltr'>μέλη</span> <span class='ocrx_word' id='word_1_519' title='bbox 1446 3614 1540 3668; x_wconf 79' lang='grc' dir='ltr'>τοῦ</span> <span class='ocrx_word' id='word_1_520' title='bbox 1595 3616 1863 3688; x_wconf 82' lang='grc' dir='ltr'>Χριστοῦ,</span> 
     </span>
    </p>
   </div>
   <div class='ocr_carea' id='block_1_69' title="bbox 290 3708 1867 3780">
    <p class='ocr_par' dir='ltr' id='par_1_69' title="bbox 290 3708 1867 3780">
     <span class='ocr_line' id='line_1_69' title="bbox 290 3708 1867 3780; baseline -0.001 -18"><span class='ocrx_word' id='word_1_521' title='bbox 290 3711 502 3780; x_wconf 78' lang='grc' dir='ltr'>ποιήσω</span> <span class='ocrx_word' id='word_1_522' title='bbox 564 3708 698 3778; x_wconf 89' lang='grc' dir='ltr'>μέλη</span> <span class='ocrx_word' id='word_1_523' title='bbox 743 3709 976 3780; x_wconf 83' lang='grc' dir='ltr'>πόρνης.</span> <span class='ocrx_word' id='word_1_524' title='bbox 1044 3713 1354 3780; x_wconf 82' lang='grc' dir='ltr'>μετήνεγκα</span> <span class='ocrx_word' id='word_1_525' title='bbox 1402 3710 1501 3780; x_wconf 79' lang='grc' dir='ltr'>τὴν</span> <span class='ocrx_word' id='word_1_526' title='bbox 1559 3709 1718 3776; x_wconf 78' lang='grc' dir='ltr'>δόξαν</span> <span class='ocrx_word' id='word_1_527' title='bbox 1775 3710 1867 3761; x_wconf 76' lang='grc' dir='ltr'>ἐπὶ</span> 
     </span>
    </p>
   </div>
   <div class='ocr_carea' id='block_1_70' title="bbox 287 3798 1865 3872">
    <p class='ocr_par' dir='ltr' id='par_1_70' title="bbox 287 3798 1865 3872">
     <span class='ocr_line' id='line_1_70' title="bbox 287 3798 1865 3872; baseline 0.001 -20"><span class='ocrx_word' id='word_1_528' title='bbox 287 3801 381 3852; x_wconf 87' lang='lat' dir='ltr'>16v</span> <span class='ocrx_word' id='word_1_529' title='bbox 412 3798 714 3851; x_wconf 79' lang='grc' dir='ltr'>ἀπολλύντα</span> <span class='ocrx_word' id='word_1_530' title='bbox 744 3817 812 3869; x_wconf 90' lang='grc' dir='ltr'><strong>με</strong></span> <span class='ocrx_word' id='word_1_531' title='bbox 842 3801 948 3852; x_wconf 73' lang='grc' dir='ltr'>ἀπὸ</span> <span class='ocrx_word' id='word_1_532' title='bbox 981 3801 1074 3853; x_wconf 80' lang='grc' dir='ltr'>τοῦ</span> <span class='ocrx_word' id='word_1_533' title='bbox 1125 3801 1385 3866; x_wconf 76' lang='grc' dir='ltr'>σώζοντός</span> <span class='ocrx_word' id='word_1_534' title='bbox 1421 3820 1509 3872; x_wconf 88' lang='grc' dir='ltr'><strong>με.</strong></span> <span class='ocrx_word' id='word_1_535' title='bbox 1541 3804 1648 3855; x_wconf 76' lang='grc' dir='ltr'>Καὶ</span> <span class='ocrx_word' id='word_1_536' title='bbox 1677 3805 1704 3856; x_wconf 91' lang='grc' dir='ltr'>ὁ</span> <span class='ocrx_word' id='word_1_537' title='bbox 1738 3804 1865 3856; x_wconf 85' lang='grc' dir='ltr'>ἀπι-</span> 
     </span>
    </p>
   </div>
   <div class='ocr_carea' id='block_1_71' title="bbox 291 3890 1866 3966">
    <p class='ocr_par' dir='ltr' id='par_1_71' title="bbox 291 3890 1866 3966">
     <span class='ocr_line' id='line_1_71' title="bbox 291 3890 1866 3966; baseline 0 -21"><span class='ocrx_word' id='word_1_538' title='bbox 291 3909 414 3950; x_wconf 73' lang='lat' dir='ltr'><strong>ato;</strong></span> <span class='ocrx_word' id='word_1_539' title='bbox 436 3890 792 3962; x_wconf 83' lang='grc' dir='ltr'>μεταλλάσσει</span> <span class='ocrx_word' id='word_1_540' title='bbox 821 3893 918 3962; x_wconf 87' lang='grc' dir='ltr'>τὴν</span> <span class='ocrx_word' id='word_1_541' title='bbox 941 3893 1094 3957; x_wconf 76' lang='grc' dir='ltr'>δόξαν</span> <span class='ocrx_word' id='word_1_542' title='bbox 1113 3894 1204 3946; x_wconf 79' lang='grc' dir='ltr'>τοῦ</span> <span class='ocrx_word' id='word_1_543' title='bbox 1239 3895 1518 3966; x_wconf 69' lang='grc' dir='ltr'>ἀφθάρτου</span> <span class='ocrx_word' id='word_1_544' title='bbox 1545 3896 1678 3949; x_wconf 85' lang='grc' dir='ltr'><strong>Θεοῦ</strong></span> <span class='ocrx_word' id='word_1_545' title='bbox 1704 3897 1760 3946; x_wconf 81' lang='grc' dir='ltr'><strong>ἐν</strong></span> <span class='ocrx_word' id='word_1_546' title='bbox 1790 3895 1866 3946; x_wconf 80' lang='grc' dir='ltr'>εί·</span> 
     </span>
    </p>
   </div>
   <div class='ocr_carea' id='block_1_72' title="bbox 289 3982 1865 4057">
    <p class='ocr_par' dir='ltr' id='par_1_72' title="bbox 289 3982 1865 4057">
     <span class='ocr_line' id='line_1_72' title="bbox 289 3982 1865 4057; baseline 0 -19"><span class='ocrx_word' id='word_1_547' title='bbox 289 3985 408 4038; x_wconf 84' lang='grc' dir='ltr'>κόνι</span> <span class='ocrx_word' id='word_1_548' title='bbox 437 3982 676 4055; x_wconf 78' lang='grc' dir='ltr'>φθαρτοῦ</span> <span class='ocrx_word' id='word_1_549' title='bbox 699 3983 1005 4056; x_wconf 86' lang='grc' dir='ltr'>ἀνθρώπου,</span> <span class='ocrx_word' id='word_1_550' title='bbox 1036 3986 1129 4037; x_wconf 74' lang='grc' dir='ltr'>καὶ</span> <span class='ocrx_word' id='word_1_551' title='bbox 1157 3987 1439 4048; x_wconf 83' lang='grc' dir='ltr'>πετεινῶν,</span> <span class='ocrx_word' id='word_1_552' title='bbox 1476 3989 1568 4040; x_wconf 81' lang='grc' dir='ltr'>καί</span> <span class='ocrx_word' id='word_1_553' title='bbox 1601 3986 1865 4057; x_wconf 82' lang='grc' dir='ltr'>τετραπό-</span> 
     </span>
    </p>
   </div>
   <div class='ocr_carea' id='block_1_73' title="bbox 288 4075 1868 4149">
    <p class='ocr_par' dir='ltr' id='par_1_73' title="bbox 288 4075 1868 4149">
     <span class='ocr_line' id='line_1_73' title="bbox 288 4075 1868 4149; baseline 0.001 -19"><span class='ocrx_word' id='word_1_554' title='bbox 288 4075 396 4130; x_wconf 85' lang='grc' dir='ltr'><strong>δων</strong></span> <span class='ocrx_word' id='word_1_555' title='bbox 431 4078 524 4130; x_wconf 71' lang='grc' dir='ltr'><strong>καὶ</strong></span> <span class='ocrx_word' id='word_1_556' title='bbox 551 4076 797 4148; x_wconf 84' lang='grc' dir='ltr'>ἑρπετῶν</span> <span class='ocrx_word' id='word_1_557' title='bbox 819 4077 924 4130; x_wconf 88' lang='grc' dir='ltr'><strong>τῶν</strong></span> <span class='ocrx_word' id='word_1_558' title='bbox 952 4078 1044 4130; x_wconf 72' lang='grc' dir='ltr'>ἐπὶ</span> <span class='ocrx_word' id='word_1_559' title='bbox 1080 4078 1177 4148; x_wconf 77' lang='grc' dir='ltr'>τῆς</span> <span class='ocrx_word' id='word_1_560' title='bbox 1211 4078 1334 4148; x_wconf 78' lang='grc' dir='ltr'>γῆς.</span> <span class='ocrx_word' id='word_1_561' title='bbox 1367 4079 1476 4131; x_wconf 69' lang='grc' dir='ltr'>Καὶ</span> <span class='ocrx_word' id='word_1_562' title='bbox 1516 4081 1543 4132; x_wconf 92' lang='lat'><strong>6</strong></span> <span class='ocrx_word' id='word_1_563' title='bbox 1579 4078 1868 4149; x_wconf 70' lang='grc' dir='ltr'>σεδόμενος</span> 
     </span>
    </p>
   </div>
   <div class='ocr_carea' id='block_1_74' title="bbox 289 4170 1864 4245">
    <p class='ocr_par' dir='ltr' id='par_1_74' title="bbox 289 4170 1864 4245">
     <span class='ocr_line' id='line_1_74' title="bbox 289 4170 1864 4245; baseline 0.002 -23"><span class='ocrx_word' id='word_1_564' title='bbox 289 4170 430 4222; x_wconf 76' lang='grc' dir='ltr'>καὶὸ</span> <span class='ocrx_word' id='word_1_565' title='bbox 463 4170 739 4241; x_wconf 78' lang='grc' dir='ltr'>λατρεύων</span> <span class='ocrx_word' id='word_1_566' title='bbox 768 4175 832 4242; x_wconf 83' lang='grc' dir='ltr'>τῇ</span> <span class='ocrx_word' id='word_1_567' title='bbox 856 4171 1026 4225; x_wconf 86' lang='grc' dir='ltr'>κτίσει</span> <span class='ocrx_word' id='word_1_568' title='bbox 1058 4173 1207 4242; x_wconf 84' lang='grc' dir='ltr'><strong>παρά</strong></span> <span class='ocrx_word' id='word_1_569' title='bbox 1230 4173 1320 4225; x_wconf 82' lang='grc' dir='ltr'><strong>τὸν</strong></span> <span class='ocrx_word' id='word_1_570' title='bbox 1353 4174 1611 4226; x_wconf 81' lang='grc' dir='ltr'>κτίσαντα</span> <span class='ocrx_word' id='word_1_571' title='bbox 1635 4172 1769 4245; x_wconf 61' lang='grc'>(84),</span> <span class='ocrx_word' id='word_1_572' title='bbox 1805 4174 1864 4225; x_wconf 81' lang='grc' dir='ltr'><strong>ού</strong></span> 
     </span>
    </p>
   </div>
   <div class='ocr_carea' id='block_1_75' title="bbox 286 4259 1867 4335">
    <p class='ocr_par' dir='ltr' id='par_1_75' title="bbox 286 4259 1867 4335">
     <span class='ocr_line' id='line_1_75' title="bbox 286 4259 1867 4335; baseline 0.002 -20"><span class='ocrx_word' id='word_1_573' title='bbox 286 4259 369 4331; x_wconf 76' lang='grc' dir='ltr'>τῷ</span> <span class='ocrx_word' id='word_1_574' title='bbox 403 4260 520 4331; x_wconf 85' lang='grc' dir='ltr'><strong>Θεῷ</strong></span> <span class='ocrx_word' id='word_1_575' title='bbox 558 4262 711 4333; x_wconf 78' lang='grc' dir='ltr'>φέρει</span> <span class='ocrx_word' id='word_1_576' title='bbox 751 4263 928 4327; x_wconf 80' lang='grc' dir='ltr'>δόξαν,</span> <span class='ocrx_word' id='word_1_577' title='bbox 974 4262 1108 4316; x_wconf 88' lang='grc' dir='ltr'><strong>ἀλλά</strong></span> <span class='ocrx_word' id='word_1_578' title='bbox 1139 4268 1255 4328; x_wconf 90' lang='grc' dir='ltr'>τοῖς</span> <span class='ocrx_word' id='word_1_579' title='bbox 1298 4265 1612 4335; x_wconf 89' lang='grc' dir='ltr'>κτίσμασιν.</span> <span class='ocrx_word' id='word_1_580' title='bbox 1657 4269 1816 4320; x_wconf 83' lang='grc' dir='ltr'>Ὥστε</span> <span class='ocrx_word' id='word_1_581' title='bbox 1841 4268 1867 4318; x_wconf 90' lang='lat'><strong>6</strong></span> 
     </span>
    </p>
   </div>
   <div class='ocr_carea' id='block_1_76' title="bbox 290 4351 1866 4429">
    <p class='ocr_par' dir='ltr' id='par_1_76' title="bbox 290 4351 1866 4429">
     <span class='ocr_line' id='line_1_76' title="bbox 290 4351 1866 4429; baseline 0.003 -21"><span class='ocrx_word' id='word_1_582' title='bbox 290 4355 498 4426; x_wconf 77' lang='grc' dir='ltr'>κτίσμα</span> <span class='ocrx_word' id='word_1_583' title='bbox 517 4354 689 4423; x_wconf 84' lang='grc' dir='ltr'>λέγων</span> <span class='ocrx_word' id='word_1_584' title='bbox 721 4373 794 4419; x_wconf 91' lang='grc' dir='ltr'><strong>τι,</strong></span> <span class='ocrx_word' id='word_1_585' title='bbox 815 4351 931 4408; x_wconf 84' lang='grc' dir='ltr'>εἶτα</span> <span class='ocrx_word' id='word_1_586' title='bbox 971 4358 1308 4427; x_wconf 87' lang='grc' dir='ltr'>προσκυνῶν,</span> <span class='ocrx_word' id='word_1_587' title='bbox 1340 4357 1650 4429; x_wconf 78' lang='grc' dir='ltr'>γνωριζέτω</span> <span class='ocrx_word' id='word_1_588' title='bbox 1674 4359 1866 4412; x_wconf 73' lang='grc' dir='ltr'>ἑαυτοῦ</span> 
     </span>
    </p>
   </div>
   <div class='ocr_carea' id='block_1_77' title="bbox 287 4442 1865 4523">
    <p class='ocr_par' dir='ltr' id='par_1_77' title="bbox 287 4442 1865 4523">
     <span class='ocr_line' id='line_1_77' title="bbox 287 4442 1865 4523; baseline 0.002 -21"><span class='ocrx_word' id='word_1_589' title='bbox 287 4449 391 4520; x_wconf 73' lang='grc' dir='ltr'><strong>τὴν</strong></span> <span class='ocrx_word' id='word_1_590' title='bbox 427 4448 615 4519; x_wconf 88' lang='grc' dir='ltr'>μερίδα</span> <span class='ocrx_word' id='word_1_591' title='bbox 659 4446 775 4518; x_wconf 72' lang='grc' dir='ltr'>μεθ’</span> <span class='ocrx_word' id='word_1_592' title='bbox 803 4442 870 4520; x_wconf 83' lang='grc' dir='ltr'>ἦς</span> <span class='ocrx_word' id='word_1_593' title='bbox 921 4449 1222 4514; x_wconf 78' lang='grc' dir='ltr'>τετάξεται.</span> <span class='ocrx_word' id='word_1_594' title='bbox 1262 4450 1590 4520; x_wconf 79' lang='grc' dir='ltr'>Φοϐηθῶμεν</span> <span class='ocrx_word' id='word_1_595' title='bbox 1630 4449 1722 4505; x_wconf 74' lang='lat' dir='ltr'>05v</span> <span class='ocrx_word' id='word_1_596' title='bbox 1770 4453 1865 4523; x_wconf 84' lang='grc' dir='ltr'>μὴ,</span> 
     </span>
    </p>
   </div>
   <div class='ocr_carea' id='block_1_78' title="bbox 288 4541 1867 4614">
    <p class='ocr_par' dir='ltr' id='par_1_78' title="bbox 288 4541 1867 4614">
     <span class='ocr_line' id='line_1_78' title="bbox 288 4541 1867 4614; baseline 0.001 -20"><span class='ocrx_word' id='word_1_597' title='bbox 288 4541 447 4607; x_wconf 79' lang='grc' dir='ltr'>δόξαν</span> <span class='ocrx_word' id='word_1_598' title='bbox 488 4543 580 4594; x_wconf 71' lang='grc' dir='ltr'>καὶ</span> <span class='ocrx_word' id='word_1_599' title='bbox 610 4542 869 4612; x_wconf 81' lang='grc' dir='ltr'>καύχημα</span> <span class='ocrx_word' id='word_1_600' title='bbox 909 4541 995 4594; x_wconf 80' lang='grc' dir='ltr'>διὰ</span> <span class='ocrx_word' id='word_1_601' title='bbox 1031 4542 1128 4611; x_wconf 77' lang='grc' dir='ltr'><strong>τῆς</strong></span> <span class='ocrx_word' id='word_1_602' title='bbox 1162 4543 1432 4613; x_wconf 71' lang='grc' dir='ltr'>ἁμαρτίας</span> <span class='ocrx_word' id='word_1_603' title='bbox 1465 4543 1620 4614; x_wconf 77' lang='grc' dir='ltr'>ἡμῶν</span> <span class='ocrx_word' id='word_1_604' title='bbox 1647 4544 1723 4614; x_wconf 80' lang='grc' dir='ltr'><strong>τῷ</strong></span> <span class='ocrx_word' id='word_1_605' title='bbox 1753 4544 1867 4596; x_wconf 89' lang='grc' dir='ltr'>δια-</span> 
     </span>
    </p>
   </div>
   <div class='ocr_carea' id='block_1_79' title="bbox 1966 3428 3543 3502">
    <p class='ocr_par' dir='ltr' id='par_1_79' title="bbox 1966 3428 3543 3502">
     <span class='ocr_line' id='line_1_79' title="bbox 1966 3428 3543 3502; baseline 0.003 -18"><span class='ocrx_word' id='word_1_606' title='bbox 1966 3428 2167 3484; x_wconf 84' lang='lat' dir='ltr'><strong>Christi</strong></span> <span class='ocrx_word' id='word_1_607' title='bbox 2241 3429 2475 3494; x_wconf 89' lang='lat' dir='ltr'><strong>ablatis,</strong></span> <span class='ocrx_word' id='word_1_608' title='bbox 2549 3430 2727 3485; x_wconf 80' lang='lat' dir='ltr'><strong>fecero</strong></span> <span class='ocrx_word' id='word_1_609' title='bbox 2802 3433 3106 3486; x_wconf 88' lang='lat' dir='ltr'><strong>meretricis</strong></span> <span class='ocrx_word' id='word_1_610' title='bbox 3173 3435 3410 3489; x_wconf 86' lang='lat' dir='ltr'><strong>membra</strong></span> <span class='ocrx_word' id='word_1_611' title='bbox 3465 3436 3543 3502; x_wconf 75' lang='lat'><strong>“,</strong></span> 
     </span>
    </p>
   </div>
   <div class='ocr_carea' id='block_1_80' title="bbox 1969 3522 3546 3594">
    <p class='ocr_par' dir='ltr' id='par_1_80' title="bbox 1969 3522 3546 3594">
     <span class='ocr_line' id='line_1_80' title="bbox 1969 3522 3546 3594; baseline 0.006 -22"><span class='ocrx_word' id='word_1_612' title='bbox 1969 3523 2190 3592; x_wconf 78' lang='lat' dir='ltr'><strong>gloriam</strong></span> <span class='ocrx_word' id='word_1_613' title='bbox 2249 3523 2316 3575; x_wconf 90' lang='lat' dir='ltr'><strong>ab</strong></span> <span class='ocrx_word' id='word_1_614' title='bbox 2366 3538 2431 3575; x_wconf 81' lang='lat' dir='ltr'><strong>co</strong></span> <span class='ocrx_word' id='word_1_615' title='bbox 2484 3522 2575 3590; x_wconf 88' lang='lat' dir='ltr'><strong>qui</strong></span> <span class='ocrx_word' id='word_1_616' title='bbox 2637 3538 2722 3575; x_wconf 91' lang='lat' dir='ltr'><strong>me</strong></span> <span class='ocrx_word' id='word_1_617' title='bbox 2777 3532 2977 3583; x_wconf 84' lang='lat' dir='ltr'><strong>servat,</strong></span> <span class='ocrx_word' id='word_1_618' title='bbox 3030 3524 3094 3575; x_wconf 91' lang='lat' dir='ltr'><strong>ad</strong></span> <span class='ocrx_word' id='word_1_619' title='bbox 3151 3540 3272 3577; x_wconf 78' lang='lat' dir='ltr'><strong>enin</strong></span> <span class='ocrx_word' id='word_1_620' title='bbox 3319 3527 3410 3594; x_wconf 91' lang='lat' dir='ltr'><strong>qui</strong></span> <span class='ocrx_word' id='word_1_621' title='bbox 3462 3543 3546 3582; x_wconf 83' lang='lat' dir='ltr'><strong>me</strong></span> 
     </span>
    </p>
   </div>
   <div class='ocr_carea' id='block_1_81' title="bbox 1969 3612 3544 3687">
    <p class='ocr_par' dir='ltr' id='par_1_81' title="bbox 1969 3612 3544 3687">
     <span class='ocr_line' id='line_1_81' title="bbox 1969 3612 3544 3687; baseline 0.004 -20"><span class='ocrx_word' id='word_1_622' title='bbox 1969 3615 2182 3683; x_wconf 86' lang='lat' dir='ltr'><strong>perdit,</strong></span> <span class='ocrx_word' id='word_1_623' title='bbox 2246 3613 2515 3665; x_wconf 82' lang='lat' dir='ltr'><strong>transtuli.</strong></span> <span class='ocrx_word' id='word_1_624' title='bbox 2566 3612 2629 3664; x_wconf 87' lang='lat' dir='ltr'><strong>Et</strong></span> <span class='ocrx_word' id='word_1_625' title='bbox 2695 3613 2784 3679; x_wconf 73' lang='grc' dir='ltr'>(ιιιί</span> <span class='ocrx_word' id='word_1_626' title='bbox 2847 3614 3079 3668; x_wconf 85' lang='lat' dir='ltr'><strong>infidelis</strong></span> <span class='ocrx_word' id='word_1_627' title='bbox 3130 3628 3254 3678; x_wconf 86' lang='lat' dir='ltr'><strong>est,</strong></span> <span class='ocrx_word' id='word_1_628' title='bbox 3318 3617 3544 3687; x_wconf 74' lang='lat' dir='ltr'><strong>gloriam</strong></span> 
     </span>
    </p>
   </div>
   <div class='ocr_carea' id='block_1_82' title="bbox 1970 3704 3546 3778">
    <p class='ocr_par' dir='ltr' id='par_1_82' title="bbox 1970 3704 3546 3778">
     <span class='ocr_line' id='line_1_82' title="bbox 1970 3704 3546 3778; baseline 0.002 -19"><span class='ocrx_word' id='word_1_629' title='bbox 1970 3705 2392 3775; x_wconf 85' lang='lat' dir='ltr'><strong>incorruptibilis</strong></span> <span class='ocrx_word' id='word_1_630' title='bbox 2445 3705 2534 3758; x_wconf 88' lang='lat' dir='ltr'><strong>Dei</strong></span> <span class='ocrx_word' id='word_1_631' title='bbox 2588 3705 2638 3757; x_wconf 93' lang='lat' dir='ltr'><strong>in</strong></span> <span class='ocrx_word' id='word_1_632' title='bbox 2693 3704 2983 3774; x_wconf 83' lang='lat' dir='ltr'><strong>imaginem</strong></span> <span class='ocrx_word' id='word_1_633' title='bbox 3035 3711 3403 3778; x_wconf 86' lang='lat' dir='ltr'><strong>corruptibilis</strong></span> <span class='ocrx_word' id='word_1_634' title='bbox 3449 3713 3546 3765; x_wconf 90' lang='lat' dir='ltr'><strong>ho-</strong></span> 
     </span>
    </p>
   </div>
   <div class='ocr_carea' id='block_1_83' title="bbox 1969 3798 3542 3871">
    <p class='ocr_par' dir='ltr' id='par_1_83' title="bbox 1969 3798 3542 3871">
     <span class='ocr_line' id='line_1_83' title="bbox 1969 3798 3542 3871; baseline 0.003 -19"><span class='ocrx_word' id='word_1_635' title='bbox 1969 3799 2146 3861; x_wconf 89' lang='lat' dir='ltr'><strong>tninis,</strong></span> <span class='ocrx_word' id='word_1_636' title='bbox 2180 3808 2233 3852; x_wconf 89' lang='lat' dir='ltr'><strong>et</strong></span> <span class='ocrx_word' id='word_1_637' title='bbox 2263 3798 2540 3851; x_wconf 84' lang='lat' dir='ltr'><strong>volucrum</strong></span> <span class='ocrx_word' id='word_1_638' title='bbox 2564 3840 2576 3860; x_wconf 92' lang='lat'><strong>,</strong></span> <span class='ocrx_word' id='word_1_639' title='bbox 2608 3807 2661 3851; x_wconf 88' lang='lat' dir='ltr'><strong>et</strong></span> <span class='ocrx_word' id='word_1_640' title='bbox 2694 3800 3096 3867; x_wconf 86' lang='lat' dir='ltr'><strong>quadrupedum</strong></span> <span class='ocrx_word' id='word_1_641' title='bbox 3126 3811 3180 3854; x_wconf 85' lang='lat' dir='ltr'><strong>et</strong></span> <span class='ocrx_word' id='word_1_642' title='bbox 3214 3805 3542 3871; x_wconf 84' lang='lat' dir='ltr'><strong>serpentium</strong></span> 
     </span>
    </p>
   </div>
   <div class='ocr_carea' id='block_1_84' title="bbox 1969 3890 3549 3960">
    <p class='ocr_par' dir='ltr' id='par_1_84' title="bbox 1969 3890 3549 3960">
     <span class='ocr_line' id='line_1_84' title="bbox 1969 3890 3549 3960; baseline 0.004 -18"><span class='ocrx_word' id='word_1_643' title='bbox 1969 3892 2019 3943; x_wconf 90' lang='lat' dir='ltr'><strong>in</strong></span> <span class='ocrx_word' id='word_1_644' title='bbox 2060 3899 2201 3944; x_wconf 89' lang='lat' dir='ltr'><strong>terra</strong></span> <span class='ocrx_word' id='word_1_645' title='bbox 2230 3890 2533 3958; x_wconf 78' lang='lat' dir='ltr'><strong>degentium</strong></span> <span class='ocrx_word' id='word_1_646' title='bbox 2563 3890 2981 3944; x_wconf 82' lang='lat' dir='ltr'><strong>transmutat”.</strong></span> <span class='ocrx_word' id='word_1_647' title='bbox 3016 3890 3080 3943; x_wconf 85' lang='lat' dir='ltr'><strong>Et</strong></span> <span class='ocrx_word' id='word_1_648' title='bbox 3128 3892 3375 3960; x_wconf 82' lang='lat' dir='ltr'><strong>quisquis</strong></span> <span class='ocrx_word' id='word_1_649' title='bbox 3417 3895 3549 3950; x_wconf 86' lang='lat' dir='ltr'><strong>colit</strong></span> 
     </span>
    </p>
   </div>
   <div class='ocr_carea' id='block_1_85' title="bbox 1965 3985 3544 4054">
    <p class='ocr_par' dir='ltr' id='par_1_85' title="bbox 1965 3985 3544 4054">
     <span class='ocr_line' id='line_1_85' title="bbox 1965 3985 3544 4054; baseline -0.001 -12"><span class='ocrx_word' id='word_1_650' title='bbox 1965 3996 2020 4042; x_wconf 91' lang='lat' dir='ltr'><strong>et</strong></span> <span class='ocrx_word' id='word_1_651' title='bbox 2040 3998 2323 4040; x_wconf 76' lang='lat' dir='ltr'><strong>veneratur</strong></span> <span class='ocrx_word' id='word_1_652' title='bbox 2344 3994 2670 4049; x_wconf 78' lang='lat' dir='ltr'><strong>creaturam,</strong></span> <span class='ocrx_word' id='word_1_653' title='bbox 2695 3985 2970 4052; x_wconf 68' lang='lat' dir='ltr'><strong>praeterito</strong></span> <span class='ocrx_word' id='word_1_654' title='bbox 2995 3995 3266 4051; x_wconf 86' lang='lat' dir='ltr'><strong>creatore,</strong></span> <span class='ocrx_word' id='word_1_655' title='bbox 3285 4003 3388 4038; x_wconf 89' lang='lat' dir='ltr'><strong>non</strong></span> <span class='ocrx_word' id='word_1_656' title='bbox 3417 3988 3544 4054; x_wconf 90' lang='lat' dir='ltr'><strong>Deo,</strong></span> 
     </span>
    </p>
   </div>
   <div class='ocr_carea' id='block_1_86' title="bbox 1969 4074 3547 4146">
    <p class='ocr_par' dir='ltr' id='par_1_86' title="bbox 1969 4074 3547 4146">
     <span class='ocr_line' id='line_1_86' title="bbox 1969 4074 3547 4146; baseline -0.001 -12"><span class='ocrx_word' id='word_1_657' title='bbox 1969 4079 2060 4134; x_wconf 89' lang='lat' dir='ltr'><strong>sed</strong></span> <span class='ocrx_word' id='word_1_658' title='bbox 2091 4076 2352 4132; x_wconf 87' lang='lat' dir='ltr'><strong>creaturis</strong></span> <span class='ocrx_word' id='word_1_659' title='bbox 2393 4074 2547 4130; x_wconf 77' lang='lat' dir='ltr'><strong>affert</strong></span> <span class='ocrx_word' id='word_1_660' title='bbox 2590 4076 2834 4146; x_wconf 79' lang='lat' dir='ltr'><strong>gloriam.</strong></span> <span class='ocrx_word' id='word_1_661' title='bbox 2871 4076 3055 4142; x_wconf 84' lang='lat' dir='ltr'><strong>Itaque</strong></span> <span class='ocrx_word' id='word_1_662' title='bbox 3105 4075 3194 4144; x_wconf 91' lang='lat' dir='ltr'><strong>qui</strong></span> <span class='ocrx_word' id='word_1_663' title='bbox 3243 4088 3547 4134; x_wconf 81' lang='lat' dir='ltr'><strong>creaturam</strong></span> 
     </span>
    </p>
   </div>
   <div class='ocr_carea' id='block_1_87' title="bbox 1969 4168 3549 4238">
    <p class='ocr_par' dir='ltr' id='par_1_87' title="bbox 1969 4168 3549 4238">
     <span class='ocr_line' id='line_1_87' title="bbox 1969 4168 3549 4238; baseline -0.001 -12"><span class='ocrx_word' id='word_1_664' title='bbox 1969 4169 2166 4238; x_wconf 69' lang='lat' dir='ltr'><strong>aliquid</strong></span> <span class='ocrx_word' id='word_1_665' title='bbox 2195 4185 2316 4223; x_wconf 87' lang='lat' dir='ltr'><strong>esse</strong></span> <span class='ocrx_word' id='word_1_666' title='bbox 2347 4170 2441 4231; x_wconf 88' lang='lat' dir='ltr'><strong>ait,</strong></span> <span class='ocrx_word' id='word_1_667' title='bbox 2478 4169 2669 4222; x_wconf 78' lang='lat' dir='ltr'><strong>deinde</strong></span> <span class='ocrx_word' id='word_1_668' title='bbox 2705 4168 2914 4232; x_wconf 89' lang='lat' dir='ltr'><strong>adorat,</strong></span> <span class='ocrx_word' id='word_1_669' title='bbox 2947 4168 2992 4221; x_wconf 92' lang='lat' dir='ltr'><strong>is</strong></span> <span class='ocrx_word' id='word_1_670' title='bbox 3022 4177 3204 4222; x_wconf 87' lang='lat' dir='ltr'><strong>noscat</strong></span> <span class='ocrx_word' id='word_1_671' title='bbox 3235 4184 3384 4223; x_wconf 87' lang='lat' dir='ltr'><strong>suam</strong></span> <span class='ocrx_word' id='word_1_672' title='bbox 3425 4186 3549 4235; x_wconf 84' lang='lat' dir='ltr'><strong>par-</strong></span> 
     </span>
    </p>
   </div>
   <div class='ocr_carea' id='block_1_88' title="bbox 1972 4250 3549 4334">
    <p class='ocr_par' dir='ltr' id='par_1_88' title="bbox 1972 4250 3549 4334">
     <span class='ocr_line' id='line_1_88' title="bbox 1972 4250 3549 4334; baseline -0.002 -15"><span class='ocrx_word' id='word_1_673' title='bbox 1972 4278 2098 4327; x_wconf 85' lang='lat' dir='ltr'><strong>tem.</strong></span> <span class='ocrx_word' id='word_1_674' title='bbox 2134 4281 2254 4318; x_wconf 91' lang='lat' dir='ltr'><strong>cum</strong></span> <span class='ocrx_word' id='word_1_675' title='bbox 2281 4279 2382 4331; x_wconf 90' lang='lat' dir='ltr'><strong>qua</strong></span> <span class='ocrx_word' id='word_1_676' title='bbox 2412 4263 2769 4315; x_wconf 83' lang='lat' dir='ltr'><strong>ordinabitur.</strong></span> <span class='ocrx_word' id='word_1_677' title='bbox 2809 4250 3119 4316; x_wconf 82' lang='lat' dir='ltr'><strong>Timeamus</strong></span> <span class='ocrx_word' id='word_1_678' title='bbox 3151 4265 3314 4334; x_wconf 88' lang='lat' dir='ltr'><strong>igitur</strong></span> <span class='ocrx_word' id='word_1_679' title='bbox 3343 4280 3407 4317; x_wconf 90' lang='lat' dir='ltr'><strong>ne</strong></span> <span class='ocrx_word' id='word_1_680' title='bbox 3429 4263 3549 4331; x_wconf 80' lang='lat' dir='ltr'><strong>glo-</strong></span> 
     </span>
    </p>
   </div>
   <div class='ocr_carea' id='block_1_89' title="bbox 1972 4354 3551 4423">
    <p class='ocr_par' dir='ltr' id='par_1_89' title="bbox 1972 4354 3551 4423">
     <span class='ocr_line' id='line_1_89' title="bbox 1972 4354 3551 4423; baseline -0.001 -14"><span class='ocrx_word' id='word_1_681' title='bbox 1972 4358 2103 4410; x_wconf 90' lang='lat' dir='ltr'><strong>riam</strong></span> <span class='ocrx_word' id='word_1_682' title='bbox 2137 4367 2192 4408; x_wconf 90' lang='lat' dir='ltr'><strong>et</strong></span> <span class='ocrx_word' id='word_1_683' title='bbox 2241 4355 2650 4408; x_wconf 78' lang='lat' dir='ltr'><strong>exsultationem</strong></span> <span class='ocrx_word' id='word_1_684' title='bbox 2701 4354 2914 4407; x_wconf 85' lang='lat' dir='ltr'><strong>diabolo</strong></span> <span class='ocrx_word' id='word_1_685' title='bbox 2949 4370 3043 4423; x_wconf 88' lang='lat' dir='ltr'><strong>per</strong></span> <span class='ocrx_word' id='word_1_686' title='bbox 3082 4371 3321 4408; x_wconf 84' lang='lat' dir='ltr'><strong>nostrum</strong></span> <span class='ocrx_word' id='word_1_687' title='bbox 3361 4370 3551 4423; x_wconf 80' lang='lat' dir='ltr'><strong>pecca-</strong></span> 
     </span>
    </p>
   </div>
   <div class='ocr_carea' id='block_1_90' title="bbox 1972 4447 3551 4516">
    <p class='ocr_par' dir='ltr' id='par_1_90' title="bbox 1972 4447 3551 4516">
     <span class='ocr_line' id='line_1_90' title="bbox 1972 4447 3551 4516; baseline 0.001 -16"><span class='ocrx_word' id='word_1_688' title='bbox 1972 4459 2081 4501; x_wconf 90' lang='lat' dir='ltr'><strong>tum</strong></span> <span class='ocrx_word' id='word_1_689' title='bbox 2132 4447 2452 4512; x_wconf 83' lang='lat' dir='ltr'><strong>afferenles,</strong></span> <span class='ocrx_word' id='word_1_690' title='bbox 2491 4465 2592 4500; x_wconf 89' lang='lat' dir='ltr'><strong>ttna</strong></span> <span class='ocrx_word' id='word_1_691' title='bbox 2646 4464 2766 4500; x_wconf 84' lang='lat' dir='ltr'><strong>cum</strong></span> <span class='ocrx_word' id='word_1_692' title='bbox 2822 4448 2936 4516; x_wconf 87' lang='lat' dir='ltr'><strong>ipso</strong></span> <span class='ocrx_word' id='word_1_693' title='bbox 2982 4447 3285 4514; x_wconf 65' lang='lat' dir='ltr'><strong>ignominiae</strong></span> <span class='ocrx_word' id='word_1_694' title='bbox 3333 4459 3551 4504; x_wconf 60' lang='lat' dir='ltr'><strong>auertite</strong></span> 
     </span>
    </p>
   </div>
   <div class='ocr_carea' id='block_1_91' title="bbox 1972 4539 3549 4608">
    <p class='ocr_par' dir='ltr' id='par_1_91' title="bbox 1972 4539 3549 4608">
     <span class='ocr_line' id='line_1_91' title="bbox 1972 4539 3549 4608; baseline -0.001 -13"><span class='ocrx_word' id='word_1_695' title='bbox 1972 4542 2305 4595; x_wconf 83' lang='lat' dir='ltr'><strong>addicatnur.</strong></span> <span class='ocrx_word' id='word_1_696' title='bbox 2339 4539 2491 4608; x_wconf 86' lang='lat' dir='ltr'><strong>Quod</strong></span> <span class='ocrx_word' id='word_1_697' title='bbox 2538 4542 2680 4593; x_wconf 90' lang='lat' dir='ltr'><strong>enim</strong></span> <span class='ocrx_word' id='word_1_698' title='bbox 2724 4552 2998 4608; x_wconf 84' lang='lat' dir='ltr'><strong>peccatum</strong></span> <span class='ocrx_word' id='word_1_699' title='bbox 3036 4549 3274 4591; x_wconf 77' lang='lat' dir='ltr'><strong>nostrum</strong></span> <span class='ocrx_word' id='word_1_700' title='bbox 3330 4541 3381 4593; x_wconf 92' lang='lat' dir='ltr'><strong>in</strong></span> <span class='ocrx_word' id='word_1_701' title='bbox 3439 4542 3549 4605; x_wconf 51' lang='lat' dir='ltr'><strong>elo.</strong></span> 
     </span>
    </p>
   </div>
   <div class='ocr_carea' id='block_1_92' title="bbox 289 4633 1971 4715">
    <p class='ocr_par' dir='ltr' id='par_1_92' title="bbox 289 4633 1944 4715">
     <span class='ocr_line' id='line_1_92' title="bbox 289 4633 1944 4715; baseline 0.002 -31"><span class='ocrx_word' id='word_1_702' title='bbox 289 4633 431 4703; x_wconf 74' lang='grc' dir='ltr'>σόλῳ</span> <span class='ocrx_word' id='word_1_703' title='bbox 462 4633 861 4706; x_wconf 81' lang='grc' dir='ltr'>προσφέροντες</span> <span class='ocrx_word' id='word_1_704' title='bbox 890 4633 1021 4702; x_wconf 73' lang='grc'><strong>(85),</strong></span> <span class='ocrx_word' id='word_1_705' title='bbox 1051 4636 1167 4703; x_wconf 79' lang='grc' dir='ltr'>μετ’</span> <span class='ocrx_word' id='word_1_706' title='bbox 1193 4635 1355 4695; x_wconf 73' lang='grc' dir='ltr'>αὐτοῦ</span> <span class='ocrx_word' id='word_1_707' title='bbox 1379 4639 1441 4706; x_wconf 82' lang='grc' dir='ltr'>τῇ</span> <span class='ocrx_word' id='word_1_708' title='bbox 1465 4637 1657 4707; x_wconf 77' lang='grc' dir='ltr'>αίωνίᾳ</span> <span class='ocrx_word' id='word_1_709' title='bbox 1681 4635 1869 4706; x_wconf 82' lang='grc' dir='ltr'>αίσχύ-</span> <span class='ocrx_word' id='word_1_710' title='bbox 1903 4663 1944 4715; x_wconf 76' lang='grc' dir='ltr'>ι)</span> 
     </span>
    </p>
   </div>
   <div class='ocr_carea' id='block_1_93' title="bbox 1869 4633 3551 4715">
    <p class='ocr_par' dir='ltr' id='par_1_93' title="bbox 1903 4633 3551 4715">
     <span class='ocr_line' id='line_1_93' title="bbox 1903 4633 3551 4715; baseline -0.004 -27"><span class='ocrx_word' id='word_1_711' title='bbox 1903 4663 1944 4715; x_wconf 77' lang='grc' dir='ltr'><strong>ι)</strong></span> <span class='ocrx_word' id='word_1_712' title='bbox 1974 4635 2107 4688; x_wconf 88' lang='lat' dir='ltr'><strong>riam</strong></span> <span class='ocrx_word' id='word_1_713' title='bbox 2135 4636 2291 4688; x_wconf 87' lang='lat' dir='ltr'><strong>cedat</strong></span> <span class='ocrx_word' id='word_1_714' title='bbox 2324 4635 2457 4701; x_wconf 84' lang='lat' dir='ltr'><strong>ejus,</strong></span> <span class='ocrx_word' id='word_1_715' title='bbox 2486 4634 2573 4702; x_wconf 88' lang='lat' dir='ltr'><strong>qui</strong></span> <span class='ocrx_word' id='word_1_716' title='bbox 2605 4633 2742 4685; x_wconf 87' lang='lat' dir='ltr'><strong>illius</strong></span> <span class='ocrx_word' id='word_1_717' title='bbox 2774 4633 2823 4683; x_wconf 87' lang='lat' dir='ltr'><strong>in</strong></span> <span class='ocrx_word' id='word_1_718' title='bbox 2873 4633 3025 4685; x_wconf 89' lang='lat' dir='ltr'><strong>nobis</strong></span> <span class='ocrx_word' id='word_1_719' title='bbox 3057 4644 3242 4685; x_wconf 72' lang='lat' dir='ltr'><strong>auctor</strong></span> <span class='ocrx_word' id='word_1_720' title='bbox 3269 4644 3372 4698; x_wconf 79' lang='lat' dir='ltr'><strong>est,</strong></span> <span class='ocrx_word' id='word_1_721' title='bbox 3403 4634 3450 4686; x_wconf 90' lang='lat' dir='ltr'><strong>id</strong></span> <span class='ocrx_word' id='word_1_722' title='bbox 3483 4648 3551 4688; x_wconf 66' lang='lat' dir='ltr'><strong>ex</strong></span> 
     </span>
    </p>
   </div>
   <div class='ocr_carea' id='block_1_94' title="bbox 287 4723 1870 4799">
    <p class='ocr_par' dir='ltr' id='par_1_94' title="bbox 287 4723 1870 4799">
     <span class='ocr_line' id='line_1_94' title="bbox 287 4723 1870 4799; baseline 0.001 -23"><span class='ocrx_word' id='word_1_723' title='bbox 287 4741 357 4798; x_wconf 76' lang='grc' dir='ltr'>νῃ</span> <span class='ocrx_word' id='word_1_724' title='bbox 392 4723 802 4797; x_wconf 89' lang='grc' dir='ltr'>παραδοθῶμεν.</span> <span class='ocrx_word' id='word_1_725' title='bbox 833 4725 955 4777; x_wconf 79' lang='grc' dir='ltr'>Ὀτι</span> <span class='ocrx_word' id='word_1_726' title='bbox 989 4724 1097 4796; x_wconf 81' lang='grc' dir='ltr'>γὰρ</span> <span class='ocrx_word' id='word_1_727' title='bbox 1125 4727 1157 4796; x_wconf 79' lang='grc' dir='ltr'><strong>η</strong></span> <span class='ocrx_word' id='word_1_728' title='bbox 1193 4728 1434 4797; x_wconf 79' lang='grc' dir='ltr'>ἁμαρτία</span> <span class='ocrx_word' id='word_1_729' title='bbox 1461 4727 1620 4799; x_wconf 77' lang='grc' dir='ltr'>ἡμῶν</span> <span class='ocrx_word' id='word_1_730' title='bbox 1639 4727 1763 4791; x_wconf 78' lang='grc' dir='ltr'>δόξα</span> <span class='ocrx_word' id='word_1_731' title='bbox 1792 4726 1870 4798; x_wconf 84' lang='grc' dir='ltr'><strong>τῷ</strong></span> 
     </span>
    </p>
   </div>
   <div class='ocr_carea' id='block_1_95' title="bbox 290 4816 1876 4892">
    <p class='ocr_par' dir='ltr' id='par_1_95' title="bbox 290 4816 1876 4892">
     <span class='ocr_line' id='line_1_95' title="bbox 290 4816 1876 4892; baseline 0.003 -23"><span class='ocrx_word' id='word_1_732' title='bbox 290 4819 600 4888; x_wconf 78' lang='grc' dir='ltr'>ἐνεργοῦντι</span> <span class='ocrx_word' id='word_1_733' title='bbox 631 4818 800 4892; x_wconf 80' lang='grc' dir='ltr'>αὐτὴν</span> <span class='ocrx_word' id='word_1_734' title='bbox 840 4820 896 4873; x_wconf 75' lang='grc' dir='ltr'>ὲν</span> <span class='ocrx_word' id='word_1_735' title='bbox 927 4821 1056 4892; x_wconf 81' lang='grc' dir='ltr'>ἡμῖν</span> <span class='ocrx_word' id='word_1_736' title='bbox 1085 4820 1311 4889; x_wconf 87' lang='grc' dir='ltr'>γίνεται,</span> <span class='ocrx_word' id='word_1_737' title='bbox 1354 4819 1541 4890; x_wconf 84' lang='grc' dir='ltr'>νόησον</span> <span class='ocrx_word' id='word_1_738' title='bbox 1576 4816 1640 4872; x_wconf 79' lang='grc' dir='ltr'>δι’</span> <span class='ocrx_word' id='word_1_739' title='bbox 1669 4819 1876 4883; x_wconf 82' lang='grc' dir='ltr'>είκόνος</span> 
     </span>
    </p>
   </div>
   <div class='ocr_carea' id='block_1_96' title="bbox 288 4910 1871 4986">
    <p class='ocr_par' dir='ltr' id='par_1_96' title="bbox 288 4910 1871 4986">
     <span class='ocr_line' id='line_1_96' title="bbox 288 4910 1871 4986; baseline 0.001 -22"><span class='ocrx_word' id='word_1_740' title='bbox 288 4910 353 4964; x_wconf 82' lang='lat'><strong>16</strong></span> <span class='ocrx_word' id='word_1_741' title='bbox 385 4910 693 4981; x_wconf 87' lang='grc' dir='ltr'>λεγόμενον.</span> <span class='ocrx_word' id='word_1_742' title='bbox 730 4913 833 4966; x_wconf 89' lang='grc' dir='ltr'>Δύο</span> <span class='ocrx_word' id='word_1_743' title='bbox 858 4913 1179 4986; x_wconf 86' lang='grc' dir='ltr'>στρατηγῶν</span> <span class='ocrx_word' id='word_1_744' title='bbox 1210 4913 1569 4967; x_wconf 83' lang='grc' dir='ltr'>ἀντεπιόντων</span> <span class='ocrx_word' id='word_1_745' title='bbox 1600 4911 1871 4982; x_wconf 81' lang='grc' dir='ltr'>ἀλλήλοις,</span> 
     </span>
    </p>
   </div>
   <div class='ocr_carea' id='block_1_97' title="bbox 289 5002 1874 5078">
    <p class='ocr_par' dir='ltr' id='par_1_97' title="bbox 289 5002 1874 5078">
     <span class='ocr_line' id='line_1_97' title="bbox 289 5002 1874 5078; baseline 0.001 -21"><span class='ocrx_word' id='word_1_746' title='bbox 289 5006 418 5057; x_wconf 80' lang='grc' dir='ltr'>ὅταν</span> <span class='ocrx_word' id='word_1_747' title='bbox 467 5002 565 5074; x_wconf 83' lang='grc' dir='ltr'><strong>μὲν</strong></span> <span class='ocrx_word' id='word_1_748' title='bbox 613 5005 769 5058; x_wconf 82' lang='grc' dir='ltr'>τοῦτο</span> <span class='ocrx_word' id='word_1_749' title='bbox 801 5009 925 5078; x_wconf 75' lang='grc' dir='ltr'>νικᾷ</span> <span class='ocrx_word' id='word_1_750' title='bbox 977 5007 1037 5059; x_wconf 82' lang='lat'><strong>16</strong></span> <span class='ocrx_word' id='word_1_751' title='bbox 1081 5007 1300 5078; x_wconf 78' lang='grc' dir='ltr'>τάγμα,</span> <span class='ocrx_word' id='word_1_752' title='bbox 1337 5009 1364 5059; x_wconf 92' lang='lat'><strong>6</strong></span> <span class='ocrx_word' id='word_1_753' title='bbox 1397 5006 1874 5078; x_wconf 77' lang='grc' dir='ltr'>στρατοπεδάρχης</span> 
     </span>
    </p>
   </div>
   <div class='ocr_carea' id='block_1_98' title="bbox 293 5091 1874 5166">
    <p class='ocr_par' dir='ltr' id='par_1_98' title="bbox 293 5091 1874 5166">
     <span class='ocr_line' id='line_1_98' title="bbox 293 5091 1874 5166; baseline 0.001 -18"><span class='ocrx_word' id='word_1_754' title='bbox 293 5092 460 5148; x_wconf 78' lang='grc' dir='ltr'>αὐτοῦ</span> <span class='ocrx_word' id='word_1_755' title='bbox 506 5091 602 5163; x_wconf 84' lang='grc' dir='ltr'>τὴν</span> <span class='ocrx_word' id='word_1_756' title='bbox 633 5093 786 5156; x_wconf 74' lang='grc' dir='ltr'>δόξαν</span> <span class='ocrx_word' id='word_1_757' title='bbox 823 5098 1074 5166; x_wconf 81' lang='grc' dir='ltr'>φέρεται⁶</span> <span class='ocrx_word' id='word_1_758' title='bbox 1105 5100 1231 5150; x_wconf 82' lang='grc' dir='ltr'>ὅταν</span> <span class='ocrx_word' id='word_1_759' title='bbox 1277 5097 1331 5150; x_wconf 79' lang='grc' dir='ltr'><strong>δὲ</strong></span> <span class='ocrx_word' id='word_1_760' title='bbox 1378 5097 1438 5148; x_wconf 87' lang='lat'><strong>16</strong></span> <span class='ocrx_word' id='word_1_761' title='bbox 1486 5097 1724 5149; x_wconf 80' lang='grc' dir='ltr'>ἐναντίον</span> <span class='ocrx_word' id='word_1_762' title='bbox 1755 5099 1874 5149; x_wconf 82' lang='grc' dir='ltr'>ἐπι-</span> 
     </span>
    </p>
   </div>
   <div class='ocr_carea' id='block_1_99' title="bbox 292 5183 1872 5258">
    <p class='ocr_par' dir='ltr' id='par_1_99' title="bbox 292 5183 1872 5258">
     <span class='ocr_line' id='line_1_99' title="bbox 292 5183 1872 5258; baseline 0.002 -22"><span class='ocrx_word' id='word_1_763' title='bbox 292 5188 494 5257; x_wconf 82' lang='grc' dir='ltr'>κρατῇ,</span> <span class='ocrx_word' id='word_1_764' title='bbox 525 5183 610 5238; x_wconf 83' lang='grc' dir='ltr'><strong>ὲπ’</strong></span> <span class='ocrx_word' id='word_1_765' title='bbox 643 5186 848 5237; x_wconf 77' lang='grc' dir='ltr'>ἐκεῖνον</span> <span class='ocrx_word' id='word_1_766' title='bbox 885 5189 1101 5257; x_wconf 77' lang='grc' dir='ltr'>πάλινή</span> <span class='ocrx_word' id='word_1_767' title='bbox 1139 5187 1273 5258; x_wconf 80' lang='grc' dir='ltr'>τιμὴ</span> <span class='ocrx_word' id='word_1_768' title='bbox 1312 5188 1658 5255; x_wconf 85' lang='grc' dir='ltr'>μεταπίπτει.</span> <span class='ocrx_word' id='word_1_769' title='bbox 1689 5187 1872 5250; x_wconf 78' lang='grc' dir='ltr'>υῦτως</span> 
     </span>
    </p>
   </div>
   <div class='ocr_carea' id='block_1_100' title="bbox 293 5273 1874 5350">
    <p class='ocr_par' dir='ltr' id='par_1_100' title="bbox 293 5273 1874 5350">
     <span class='ocr_line' id='line_1_100' title="bbox 293 5273 1874 5350; baseline 0.001 -23"><span class='ocrx_word' id='word_1_770' title='bbox 293 5277 353 5327; x_wconf 71' lang='grc' dir='ltr'>ἐν</span> <span class='ocrx_word' id='word_1_771' title='bbox 388 5279 486 5346; x_wconf 84' lang='grc' dir='ltr'><strong>μὲν</strong></span> <span class='ocrx_word' id='word_1_772' title='bbox 515 5278 628 5339; x_wconf 89' lang='grc' dir='ltr'>τοῖς</span> <span class='ocrx_word' id='word_1_773' title='bbox 650 5273 872 5344; x_wconf 89' lang='grc' dir='ltr'>ἀγαθοῖς</span> <span class='ocrx_word' id='word_1_774' title='bbox 916 5293 1007 5328; x_wconf 90' lang='grc' dir='ltr'><strong>σου</strong></span> <span class='ocrx_word' id='word_1_775' title='bbox 1041 5280 1220 5349; x_wconf 76' lang='grc' dir='ltr'>ἔργοις</span> <span class='ocrx_word' id='word_1_776' title='bbox 1252 5278 1453 5350; x_wconf 83' lang='grc' dir='ltr'>Κύριός</span> <span class='ocrx_word' id='word_1_777' title='bbox 1489 5279 1633 5330; x_wconf 83' lang='grc' dir='ltr'>ἑστιν</span> <span class='ocrx_word' id='word_1_778' title='bbox 1661 5282 1687 5331; x_wconf 93' lang='lat'><strong>6</strong></span> <span class='ocrx_word' id='word_1_779' title='bbox 1728 5277 1874 5342; x_wconf 81' lang='grc' dir='ltr'>δοξα-</span> 
     </span>
    </p>
   </div>
   <div class='ocr_carea' id='block_1_101' title="bbox 284 5393 1772 5470">
    <p class='ocr_par' dir='ltr' id='par_1_101' title="bbox 284 5393 1772 5470">
     <span class='ocr_line' id='line_1_101' title="bbox 284 5393 1772 5470; baseline 0.002 -23"><span class='ocrx_word' id='word_1_780' title='bbox 284 5461 287 5470; x_wconf 32' lang='lat'><strong>,</strong></span> <span class='ocrx_word' id='word_1_781' title='bbox 367 5398 412 5428; x_wconf 83' lang='lat'><strong>&quot;</strong></span> <span class='ocrx_word' id='word_1_782' title='bbox 447 5395 599 5452; x_wconf 92' lang='lat' dir='ltr'><strong>Rom.</strong></span> <span class='ocrx_word' id='word_1_783' title='bbox 641 5415 702 5464; x_wconf 84' lang='grc' dir='ltr'><strong>ιι,</strong></span> <span class='ocrx_word' id='word_1_784' title='bbox 737 5396 826 5453; x_wconf 69' lang='grc'><strong>24.</strong></span> <span class='ocrx_word' id='word_1_785' title='bbox 903 5396 950 5427; x_wconf 83' lang='grc'><strong>⁸³</strong></span> <span class='ocrx_word' id='word_1_786' title='bbox 980 5396 1107 5448; x_wconf 88' lang='lat' dir='ltr'><strong>ibid.</strong></span> <span class='ocrx_word' id='word_1_787' title='bbox 1139 5395 1228 5448; x_wconf 75' lang='lat'><strong>25.</strong></span> <span class='ocrx_word' id='word_1_788' title='bbox 1306 5395 1352 5426; x_wconf 78' lang='lat'><strong>&quot;</strong></span> <span class='ocrx_word' id='word_1_789' title='bbox 1385 5393 1553 5448; x_wconf 80' lang='lat' dir='ltr'><strong>lCor.</strong></span> <span class='ocrx_word' id='word_1_790' title='bbox 1585 5408 1658 5455; x_wconf 71' lang='lat' dir='ltr'><strong>rt.</strong></span> <span class='ocrx_word' id='word_1_791' title='bbox 1691 5394 1772 5446; x_wconf 80' lang='grc'><strong>15.</strong></span> 
     </span>
    </p>
   </div>
   <div class='ocr_carea' id='block_1_102' title="bbox 369 5512 1874 5594">
    <p class='ocr_par' dir='ltr' id='par_1_102' title="bbox 369 5512 1874 5594">
     <span class='ocr_line' id='line_1_102' title="bbox 369 5512 1874 5594; baseline -0.005 -21"><span class='ocrx_word' id='word_1_792' title='bbox 369 5516 484 5588; x_wconf 75' lang='lat'><strong>(8‘2)</strong></span> <span class='ocrx_word' id='word_1_793' title='bbox 514 5515 872 5594; x_wconf 24' lang='lat' dir='ltr'><strong>Regatertins</strong></span> <span class='ocrx_word' id='word_1_794' title='bbox 903 5533 1009 5594; x_wconf 74' lang='lat' dir='ltr'><strong>uno</strong></span> <span class='ocrx_word' id='word_1_795' title='bbox 1042 5515 1205 5594; x_wconf 69' lang='lat' dir='ltr'><strong>verbo</strong></span> <span class='ocrx_word' id='word_1_796' title='bbox 1238 5512 1656 5594; x_wconf 65' lang='grc' dir='ltr'>δικαιοκρισίας,</span> <span class='ocrx_word' id='word_1_797' title='bbox 1701 5527 1757 5594; x_wconf 61' lang='lat' dir='ltr'><strong>et</strong></span> <span class='ocrx_word' id='word_1_798' title='bbox 1803 5517 1874 5594; x_wconf 75' lang='lat' dir='ltr'><strong>ita</strong></span> 
     </span>
    </p>
   </div>
   <div class='ocr_carea' id='block_1_103' title="bbox 298 5583 1870 5659">
    <p class='ocr_par' dir='ltr' id='par_1_103' title="bbox 298 5583 1870 5659">
     <span class='ocr_line' id='line_1_103' title="bbox 298 5583 1870 5659; baseline -0.003 -17"><span class='ocrx_word' id='word_1_799' title='bbox 298 5583 495 5659; x_wconf 78' lang='lat' dir='ltr'><strong>legitur</strong></span> <span class='ocrx_word' id='word_1_800' title='bbox 535 5583 672 5659; x_wconf 78' lang='lat' dir='ltr'><strong>apud</strong></span> <span class='ocrx_word' id='word_1_801' title='bbox 715 5589 1052 5659; x_wconf 74' lang='lat' dir='ltr'><strong>Apostoloot,</strong></span> <span class='ocrx_word' id='word_1_802' title='bbox 1115 5585 1269 5639; x_wconf 88' lang='lat' dir='ltr'><strong>Rom.</strong></span> <span class='ocrx_word' id='word_1_803' title='bbox 1313 5603 1374 5649; x_wconf 89' lang='grc' dir='ltr'><strong>ιι,</strong></span> <span class='ocrx_word' id='word_1_804' title='bbox 1431 5583 1483 5637; x_wconf 85' lang='grc'>5.</span> <span class='ocrx_word' id='word_1_805' title='bbox 1537 5583 1654 5638; x_wconf 80' lang='lat' dir='ltr'><strong>Mox</strong></span> <span class='ocrx_word' id='word_1_806' title='bbox 1720 5586 1870 5639; x_wconf 81' lang='lat' dir='ltr'><strong>Colb.</strong></span> 
     </span>
    </p>
   </div>
   <div class='ocr_carea' id='block_1_104' title="bbox 297 5657 1007 5731">
    <p class='ocr_par' dir='ltr' id='par_1_104' title="bbox 297 5657 1007 5731">
     <span class='ocr_line' id='line_1_104' title="bbox 297 5657 1007 5731; baseline 0 -19"><span class='ocrx_word' id='word_1_807' title='bbox 297 5657 524 5730; x_wconf 76' lang='lat' dir='ltr'><strong>quartus</strong></span> <span class='ocrx_word' id='word_1_808' title='bbox 550 5658 836 5731; x_wconf 68' lang='grc' dir='ltr'>φέρωντῷ</span> <span class='ocrx_word' id='word_1_809' title='bbox 870 5657 1007 5730; x_wconf 79' lang='grc' dir='ltr'>Θεῷ.</span> 
     </span>
    </p>
   </div>
   <div class='ocr_carea' id='block_1_105' title="bbox 370 5727 1868 5799">
    <p class='ocr_par' dir='ltr' id='par_1_105' title="bbox 370 5727 1868 5799">
     <span class='ocr_line' id='line_1_105' title="bbox 370 5727 1868 5799; baseline -0.003 -15"><span class='ocrx_word' id='word_1_810' title='bbox 370 5732 483 5799; x_wconf 74' lang='lat'><strong>(85)</strong></span> <span class='ocrx_word' id='word_1_811' title='bbox 521 5727 674 5784; x_wconf 74' lang='lat' dir='ltr'><strong>Deest</strong></span> <span class='ocrx_word' id='word_1_812' title='bbox 699 5730 751 5782; x_wconf 87' lang='grc' dir='ltr'><strong>τί</strong></span> <span class='ocrx_word' id='word_1_813' title='bbox 779 5727 827 5783; x_wconf 82' lang='lat' dir='ltr'><strong>In</strong></span> <span class='ocrx_word' id='word_1_814' title='bbox 861 5727 989 5795; x_wconf 62' lang='lat' dir='ltr'><strong>Reg.</strong></span> <span class='ocrx_word' id='word_1_815' title='bbox 1019 5728 1274 5783; x_wconf 80' lang='lat' dir='ltr'><strong>secundo.</strong></span> <span class='ocrx_word' id='word_1_816' title='bbox 1310 5727 1466 5784; x_wconf 87' lang='lat' dir='ltr'><strong>Deest</strong></span> <span class='ocrx_word' id='word_1_817' title='bbox 1497 5743 1562 5796; x_wconf 85' lang='grc' dir='ltr'><strong>με</strong></span> <span class='ocrx_word' id='word_1_818' title='bbox 1601 5727 1783 5799; x_wconf 64' lang='lat' dir='ltr'><strong>itidem</strong></span> <span class='ocrx_word' id='word_1_819' title='bbox 1819 5727 1868 5779; x_wconf 79' lang='lat' dir='ltr'><strong>in</strong></span> 
     </span>
    </p>
   </div>
   <div class='ocr_carea' id='block_1_106' title="bbox 298 5797 1870 5869">
    <p class='ocr_par' dir='ltr' id='par_1_106' title="bbox 298 5797 1870 5869">
     <span class='ocr_line' id='line_1_106' title="bbox 298 5797 1870 5869; baseline -0.003 -14"><span class='ocrx_word' id='word_1_820' title='bbox 298 5797 487 5855; x_wconf 84' lang='lat' dir='ltr'><strong>eodem</strong></span> <span class='ocrx_word' id='word_1_821' title='bbox 517 5818 615 5855; x_wconf 85' lang='lat' dir='ltr'><strong>ms.</strong></span> <span class='ocrx_word' id='word_1_822' title='bbox 642 5813 759 5869; x_wconf 90' lang='lat' dir='ltr'><strong>post</strong></span> <span class='ocrx_word' id='word_1_823' title='bbox 786 5800 1067 5866; x_wconf 75' lang='grc' dir='ltr'>σώζοντος.</span> <span class='ocrx_word' id='word_1_824' title='bbox 1098 5800 1217 5854; x_wconf 77' lang='lat' dir='ltr'><strong>Mox</strong></span> <span class='ocrx_word' id='word_1_825' title='bbox 1248 5815 1378 5855; x_wconf 85' lang='lat' dir='ltr'><strong>mss.</strong></span> <span class='ocrx_word' id='word_1_826' title='bbox 1413 5797 1697 5851; x_wconf 85' lang='grc' dir='ltr'>πετεινῶν.</span> <span class='ocrx_word' id='word_1_827' title='bbox 1725 5798 1870 5852; x_wconf 80' lang='lat' dir='ltr'><strong>EJiti</strong></span> 
     </span>
    </p>
   </div>
   <div class='ocr_carea' id='block_1_107' title="bbox 300 5872 730 5942">
    <p class='ocr_par' dir='ltr' id='par_1_107' title="bbox 300 5872 730 5942">
     <span class='ocr_line' id='line_1_107' title="bbox 300 5872 730 5942; baseline -0.002 -18"><span class='ocrx_word' id='word_1_828' title='bbox 300 5887 428 5927; x_wconf 77' lang='lat' dir='ltr'><strong>vero</strong></span> <span class='ocrx_word' id='word_1_829' title='bbox 463 5872 730 5942; x_wconf 84' lang='grc' dir='ltr'>πετηνῶν.</span> 
     </span>
    </p>
   </div>
   <div class='ocr_carea' id='block_1_108' title="bbox 375 5940 1866 6013">
    <p class='ocr_par' dir='ltr' id='par_1_108' title="bbox 375 5940 1866 6013">
     <span class='ocr_line' id='line_1_108' title="bbox 375 5940 1866 6013; baseline -0.001 -17"><span class='ocrx_word' id='word_1_830' title='bbox 375 5942 486 6013; x_wconf 71' lang='grc'><strong>(84)</strong></span> <span class='ocrx_word' id='word_1_831' title='bbox 521 5940 691 6010; x_wconf 79' lang='lat' dir='ltr'><strong>Quam</strong></span> <span class='ocrx_word' id='word_1_832' title='bbox 733 5943 985 6000; x_wconf 79' lang='lat' dir='ltr'><strong>facillime</strong></span> <span class='ocrx_word' id='word_1_833' title='bbox 1034 5940 1164 5997; x_wconf 89' lang='lat' dir='ltr'><strong>mihi</strong></span> <span class='ocrx_word' id='word_1_834' title='bbox 1209 5940 1521 6012; x_wconf 84' lang='lat' dir='ltr'><strong>persuaderi</strong></span> <span class='ocrx_word' id='word_1_835' title='bbox 1558 5941 1748 6012; x_wconf 83' lang='lat' dir='ltr'><strong>possit,</strong></span> <span class='ocrx_word' id='word_1_836' title='bbox 1799 5940 1866 5996; x_wconf 85' lang='lat' dir='ltr'><strong>il-</strong></span> 
     </span>
    </p>
   </div>
   <div class='ocr_carea' id='block_1_109' title="bbox 1975 4725 3549 4796">
    <p class='ocr_par' dir='ltr' id='par_1_109' title="bbox 1975 4725 3549 4796">
     <span class='ocr_line' id='line_1_109' title="bbox 1975 4725 3549 4796; baseline -0.002 -16"><span class='ocrx_word' id='word_1_837' title='bbox 1975 4728 2329 4781; x_wconf 89' lang='lat' dir='ltr'><strong>sitnilitudiue</strong></span> <span class='ocrx_word' id='word_1_838' title='bbox 2355 4727 2608 4796; x_wconf 83' lang='lat' dir='ltr'><strong>intellige.</strong></span> <span class='ocrx_word' id='word_1_839' title='bbox 2635 4725 3015 4776; x_wconf 64' lang='lat' dir='ltr'><strong>Adoricntihos</strong></span> <span class='ocrx_word' id='word_1_840' title='bbox 3050 4741 3106 4778; x_wconf 77' lang='lat' dir='ltr'><strong>Se</strong></span> <span class='ocrx_word' id='word_1_841' title='bbox 3138 4726 3365 4779; x_wconf 76' lang='lat' dir='ltr'><strong>invicem</strong></span> <span class='ocrx_word' id='word_1_842' title='bbox 3398 4727 3549 4781; x_wconf 42' lang='lat' dir='ltr'><strong>ducis</strong></span> 
     </span>
    </p>
   </div>
   <div class='ocr_carea' id='block_1_110' title="bbox 1976 4815 3553 4884">
    <p class='ocr_par' dir='ltr' id='par_1_110' title="bbox 1976 4815 3553 4884">
     <span class='ocr_line' id='line_1_110' title="bbox 1976 4815 3553 4884; baseline -0.002 -11"><span class='ocrx_word' id='word_1_843' title='bbox 1976 4820 2072 4873; x_wconf 90' lang='lat' dir='ltr'><strong>bus</strong></span> <span class='ocrx_word' id='word_1_844' title='bbox 2097 4819 2461 4881; x_wconf 81' lang='lat' dir='ltr'><strong>duobus,rum</strong></span> <span class='ocrx_word' id='word_1_845' title='bbox 2501 4817 2599 4868; x_wconf 85' lang='lat' dir='ltr'><strong>hoc</strong></span> <span class='ocrx_word' id='word_1_846' title='bbox 2627 4829 2816 4882; x_wconf 83' lang='lat' dir='ltr'><strong>agmen</strong></span> <span class='ocrx_word' id='word_1_847' title='bbox 2845 4816 3031 4878; x_wconf 57' lang='lat' dir='ltr'><strong>\‘incil,</strong></span> <span class='ocrx_word' id='word_1_848' title='bbox 3069 4817 3361 4884; x_wconf 76' lang='lat' dir='ltr'><strong>imperator</strong></span> <span class='ocrx_word' id='word_1_849' title='bbox 3386 4815 3553 4880; x_wconf 84' lang='lat' dir='ltr'><strong>ipsius</strong></span> 
     </span>
    </p>
   </div>
   <div class='ocr_carea' id='block_1_111' title="bbox 1977 4907 3552 4974">
    <p class='ocr_par' dir='ltr' id='par_1_111' title="bbox 1977 4907 3552 4974">
     <span class='ocr_line' id='line_1_111' title="bbox 1977 4907 3552 4974; baseline -0.006 -12"><span class='ocrx_word' id='word_1_850' title='bbox 1977 4908 2141 4962; x_wconf 83' lang='lat' dir='ltr'><strong>refert</strong></span> <span class='ocrx_word' id='word_1_851' title='bbox 2183 4907 2407 4974; x_wconf 74' lang='lat' dir='ltr'><strong>gloriam</strong></span> <span class='ocrx_word' id='word_1_852' title='bbox 2447 4922 2461 4958; x_wconf 90' lang='lat'><strong>:</strong></span> <span class='ocrx_word' id='word_1_853' title='bbox 2511 4921 2631 4958; x_wconf 82' lang='lat' dir='ltr'><strong>cunt</strong></span> <span class='ocrx_word' id='word_1_854' title='bbox 2684 4919 2877 4972; x_wconf 80' lang='lat' dir='ltr'><strong>agmen</strong></span> <span class='ocrx_word' id='word_1_855' title='bbox 2929 4908 3259 4958; x_wconf 89' lang='lat' dir='ltr'><strong>contrarium</strong></span> <span class='ocrx_word' id='word_1_856' title='bbox 3309 4915 3552 4971; x_wconf 72' lang='lat' dir='ltr'><strong>superat,</strong></span> 
     </span>
    </p>
   </div>
   <div class='ocr_carea' id='block_1_112' title="bbox 1983 4995 3557 5054">
    <p class='ocr_par' dir='ltr' id='par_1_112' title="bbox 1983 4995 3557 5054">
     <span class='ocr_line' id='line_1_112' title="bbox 1983 4995 3557 5054; baseline -0.002 0"><span class='ocrx_word' id='word_1_857' title='bbox 1983 5015 2167 5054; x_wconf 91' lang='lat' dir='ltr'><strong>rursus</strong></span> <span class='ocrx_word' id='word_1_858' title='bbox 2209 5001 2380 5053; x_wconf 89' lang='lat' dir='ltr'><strong>honor</strong></span> <span class='ocrx_word' id='word_1_859' title='bbox 2412 5000 2476 5053; x_wconf 89' lang='lat' dir='ltr'><strong>ad</strong></span> <span class='ocrx_word' id='word_1_860' title='bbox 2516 5000 2657 5053; x_wconf 88' lang='lat' dir='ltr'><strong>illius</strong></span> <span class='ocrx_word' id='word_1_861' title='bbox 2689 5004 2877 5053; x_wconf 81' lang='lat' dir='ltr'><strong>ducem</strong></span> <span class='ocrx_word' id='word_1_862' title='bbox 2914 4997 3254 5051; x_wconf 87' lang='lat' dir='ltr'><strong>transfertur.</strong></span> <span class='ocrx_word' id='word_1_863' title='bbox 3292 4995 3557 5051; x_wconf 72' lang='lat' dir='ltr'><strong>Similiter</strong></span> 
     </span>
    </p>
   </div>
   <div class='ocr_carea' id='block_1_113' title="bbox 1982 5086 3556 5157">
    <p class='ocr_par' dir='ltr' id='par_1_113' title="bbox 1982 5086 3556 5157">
     <span class='ocr_line' id='line_1_113' title="bbox 1982 5086 3556 5157; baseline 0 -13"><span class='ocrx_word' id='word_1_864' title='bbox 1982 5102 2036 5144; x_wconf 89' lang='grc' dir='ltr'><strong>ιιι</strong></span> <span class='ocrx_word' id='word_1_865' title='bbox 2071 5091 2325 5144; x_wconf 80' lang='lat' dir='ltr'><strong>Dominus</strong></span> <span class='ocrx_word' id='word_1_866' title='bbox 2371 5101 2451 5144; x_wconf 88' lang='lat' dir='ltr'><strong>est</strong></span> <span class='ocrx_word' id='word_1_867' title='bbox 2487 5090 2576 5157; x_wconf 91' lang='lat' dir='ltr'><strong>qui</strong></span> <span class='ocrx_word' id='word_1_868' title='bbox 2631 5091 2682 5142; x_wconf 90' lang='lat' dir='ltr'><strong>in</strong></span> <span class='ocrx_word' id='word_1_869' title='bbox 2720 5090 2875 5143; x_wconf 88' lang='lat' dir='ltr'><strong>bouis</strong></span> <span class='ocrx_word' id='word_1_870' title='bbox 2935 5090 3038 5140; x_wconf 84' lang='lat' dir='ltr'><strong>tuis</strong></span> <span class='ocrx_word' id='word_1_871' title='bbox 3101 5086 3355 5153; x_wconf 87' lang='lat' dir='ltr'><strong>operibus</strong></span> <span class='ocrx_word' id='word_1_872' title='bbox 3385 5089 3556 5157; x_wconf 71' lang='lat' dir='ltr'><strong>gloria</strong></span> 
     </span>
    </p>
   </div>
   <div class='ocr_carea' id='block_1_114' title="bbox 1979 5179 3552 5249">
    <p class='ocr_par' dir='ltr' id='par_1_114' title="bbox 1979 5179 3552 5249">
     <span class='ocr_line' id='line_1_114' title="bbox 1979 5179 3552 5249; baseline -0.003 -13"><span class='ocrx_word' id='word_1_873' title='bbox 1979 5182 2204 5238; x_wconf 82' lang='lat' dir='ltr'><strong>allicilnr</strong></span> <span class='ocrx_word' id='word_1_874' title='bbox 2245 5203 2258 5237; x_wconf 90' lang='lat'><strong>:</strong></span> <span class='ocrx_word' id='word_1_875' title='bbox 2287 5186 2358 5237; x_wconf 91' lang='lat' dir='ltr'><strong>ita</strong></span> <span class='ocrx_word' id='word_1_876' title='bbox 2388 5184 2438 5237; x_wconf 91' lang='lat' dir='ltr'><strong>in</strong></span> <span class='ocrx_word' id='word_1_877' title='bbox 2464 5185 2748 5237; x_wconf 88' lang='lat' dir='ltr'><strong>contrariis</strong></span> <span class='ocrx_word' id='word_1_878' title='bbox 2783 5181 3031 5249; x_wconf 76' lang='lat' dir='ltr'><strong>operibus</strong></span> <span class='ocrx_word' id='word_1_879' title='bbox 3059 5179 3328 5237; x_wconf 89' lang='lat' dir='ltr'><strong>inimicus.</strong></span> <span class='ocrx_word' id='word_1_880' title='bbox 3366 5181 3431 5235; x_wconf 80' lang='lat' dir='ltr'><strong>Et</strong></span> <span class='ocrx_word' id='word_1_881' title='bbox 3466 5195 3552 5243; x_wconf 90' lang='lat' dir='ltr'><strong>ue,</strong></span> 
     </span>
    </p>
   </div>
   <div class='ocr_carea' id='block_1_115' title="bbox 1980 5271 3534 5342">
    <p class='ocr_par' dir='ltr' id='par_1_115' title="bbox 1980 5271 3534 5342">
     <span class='ocr_line' id='line_1_115' title="bbox 1980 5271 3534 5342; baseline 0 -18"><span class='ocrx_word' id='word_1_882' title='bbox 1980 5288 2177 5342; x_wconf 72' lang='lat' dir='ltr'><strong>qumso,</strong></span> <span class='ocrx_word' id='word_1_883' title='bbox 2220 5274 2494 5328; x_wconf 75' lang='lat' dir='ltr'><strong>existimes</strong></span> <span class='ocrx_word' id='word_1_884' title='bbox 2530 5274 2708 5326; x_wconf 81' lang='lat' dir='ltr'><strong>hostes</strong></span> <span class='ocrx_word' id='word_1_885' title='bbox 2742 5271 2896 5341; x_wconf 82' lang='lat' dir='ltr'><strong>longe</strong></span> <span class='ocrx_word' id='word_1_886' title='bbox 2924 5286 2952 5324; x_wconf 91' lang='lat' dir='ltr'><strong>a</strong></span> <span class='ocrx_word' id='word_1_887' title='bbox 2985 5281 3033 5324; x_wconf 89' lang='lat' dir='ltr'><strong>te</strong></span> <span class='ocrx_word' id='word_1_888' title='bbox 3060 5287 3179 5326; x_wconf 88' lang='lat' dir='ltr'><strong>esse</strong></span> <span class='ocrx_word' id='word_1_889' title='bbox 3205 5271 3443 5336; x_wconf 84' lang='lat' dir='ltr'><strong>dissitas,</strong></span> <span class='ocrx_word' id='word_1_890' title='bbox 3468 5285 3534 5324; x_wconf 87' lang='lat' dir='ltr'><strong>ne</strong></span> 
     </span>
    </p>
   </div>
   <div class='ocr_carea' id='block_1_116' title="bbox 1853 5391 2282 5456">
    <p class='ocr_par' dir='ltr' id='par_1_116' title="bbox 1853 5391 2282 5456">
     <span class='ocr_line' id='line_1_116' title="bbox 1853 5391 2282 5456; baseline 0 -12"><span class='ocrx_word' id='word_1_891' title='bbox 1853 5395 1897 5424; x_wconf 72' lang='grc'>⁵³</span> <span class='ocrx_word' id='word_1_892' title='bbox 1932 5392 2087 5444; x_wconf 87' lang='lat' dir='ltr'><strong>Rom.</strong></span> <span class='ocrx_word' id='word_1_893' title='bbox 2124 5406 2162 5456; x_wconf 90' lang='lat' dir='ltr'><strong>t,</strong></span> <span class='ocrx_word' id='word_1_894' title='bbox 2193 5391 2282 5446; x_wconf 68' lang='lat'><strong>23.</strong></span> 
     </span>
    </p>
   </div>
   <div class='ocr_carea' id='block_1_117' title="bbox 1974 5507 3559 5582">
    <p class='ocr_par' dir='ltr' id='par_1_117' title="bbox 1974 5507 3559 5582">
     <span class='ocr_line' id='line_1_117' title="bbox 1974 5507 3559 5582; baseline -0.001 -19"><span class='ocrx_word' id='word_1_895' title='bbox 1974 5510 2085 5573; x_wconf 89' lang='lat' dir='ltr'><strong>Ind,</strong></span> <span class='ocrx_word' id='word_1_896' title='bbox 2119 5511 2270 5582; x_wconf 81' lang='grc' dir='ltr'><strong>παρά</strong></span> <span class='ocrx_word' id='word_1_897' title='bbox 2296 5511 2385 5561; x_wconf 81' lang='grc' dir='ltr'>τὸν</span> <span class='ocrx_word' id='word_1_898' title='bbox 2432 5507 2720 5570; x_wconf 82' lang='grc' dir='ltr'>κτίσαντα,</span> <span class='ocrx_word' id='word_1_899' title='bbox 2761 5509 2990 5582; x_wconf 68' lang='lat' dir='ltr'><strong>positum</strong></span> <span class='ocrx_word' id='word_1_900' title='bbox 3033 5508 3122 5582; x_wconf 82' lang='lat' dir='ltr'><strong>hic</strong></span> <span class='ocrx_word' id='word_1_901' title='bbox 3156 5522 3275 5562; x_wconf 89' lang='lat' dir='ltr'><strong>esse</strong></span> <span class='ocrx_word' id='word_1_902' title='bbox 3303 5521 3399 5576; x_wconf 92' lang='lat' dir='ltr'><strong>pro</strong></span> <span class='ocrx_word' id='word_1_903' title='bbox 3437 5507 3559 5561; x_wconf 71' lang='grc' dir='ltr'>ἀντὶ</span> 
     </span>
    </p>
   </div>
   <div class='ocr_carea' id='block_1_118' title="bbox 1971 5578 3556 5647">
    <p class='ocr_par' dir='ltr' id='par_1_118' title="bbox 1971 5578 3556 5647">
     <span class='ocr_line' id='line_1_118' title="bbox 1971 5578 3556 5647; baseline -0.001 -14"><span class='ocrx_word' id='word_1_904' title='bbox 1971 5583 2066 5634; x_wconf 75' lang='grc' dir='ltr'>τοῦ</span> <span class='ocrx_word' id='word_1_905' title='bbox 2091 5578 2397 5644; x_wconf 79' lang='grc' dir='ltr'>κτίσαντος,</span> <span class='ocrx_word' id='word_1_906' title='bbox 2445 5582 2792 5647; x_wconf 80' lang='lat' dir='ltr'><strong>arbitt&#39;orque</strong></span> <span class='ocrx_word' id='word_1_907' title='bbox 2847 5594 2876 5631; x_wconf 90' lang='lat' dir='ltr'><strong>e</strong></span> <span class='ocrx_word' id='word_1_908' title='bbox 2925 5578 3220 5647; x_wconf 68' lang='lat' dir='ltr'><strong>Scriptnrm</strong></span> <span class='ocrx_word' id='word_1_909' title='bbox 3254 5595 3414 5632; x_wconf 64' lang='grc' dir='ltr'>εειιμιι</span> <span class='ocrx_word' id='word_1_910' title='bbox 3449 5594 3556 5632; x_wconf 90' lang='lat' dir='ltr'><strong>non</strong></span> 
     </span>
    </p>
   </div>
   <div class='ocr_carea' id='block_1_119' title="bbox 1973 5649 3556 5722">
    <p class='ocr_par' dir='ltr' id='par_1_119' title="bbox 1973 5649 3556 5722">
     <span class='ocr_line' id='line_1_119' title="bbox 1973 5649 3556 5722; baseline -0.003 -17"><span class='ocrx_word' id='word_1_911' title='bbox 1973 5656 2352 5707; x_wconf 72' lang='lat' dir='ltr'><strong>alienaturum</strong></span> <span class='ocrx_word' id='word_1_912' title='bbox 2390 5653 2481 5722; x_wconf 86' lang='lat' dir='ltr'><strong>qui</strong></span> <span class='ocrx_word' id='word_1_913' title='bbox 2520 5655 2597 5712; x_wconf 81' lang='lat' dir='ltr'><strong>sic.</strong></span> <span class='ocrx_word' id='word_1_914' title='bbox 2650 5654 3106 5722; x_wconf 72' lang='lat' dir='ltr'><strong>interpretaretur</strong></span> <span class='ocrx_word' id='word_1_915' title='bbox 3144 5666 3155 5702; x_wconf 92' lang='lat'>:</span> <span class='ocrx_word' id='word_1_916' title='bbox 3202 5649 3458 5722; x_wconf 31' lang='lat' dir='ltr'><strong>Quisquis.</strong></span> <span class='ocrx_word' id='word_1_917' title='bbox 3507 5657 3556 5700; x_wconf 69' lang='lat' dir='ltr'><strong>et</strong></span> 
     </span>
    </p>
   </div>
   <div class='ocr_carea' id='block_1_120' title="bbox 1971 5717 3556 5786">
    <p class='ocr_par' dir='ltr' id='par_1_120' title="bbox 1971 5717 3556 5786">
     <span class='ocr_line' id='line_1_120' title="bbox 1971 5717 3556 5786; baseline -0.004 -10"><span class='ocrx_word' id='word_1_918' title='bbox 1971 5726 2092 5778; x_wconf 77' lang='lat' dir='ltr'><strong>colit</strong></span> <span class='ocrx_word' id='word_1_919' title='bbox 2119 5737 2166 5778; x_wconf 87' lang='lat' dir='ltr'><strong>et</strong></span> <span class='ocrx_word' id='word_1_920' title='bbox 2205 5717 2479 5776; x_wconf 59' lang='lat' dir='ltr'><strong>veneratur</strong></span> <span class='ocrx_word' id='word_1_921' title='bbox 2511 5732 2807 5774; x_wconf 80' lang='lat' dir='ltr'><strong>creaturam</strong></span> <span class='ocrx_word' id='word_1_922' title='bbox 2862 5738 2955 5786; x_wconf 83' lang='lat' dir='ltr'><strong>pro</strong></span> <span class='ocrx_word' id='word_1_923' title='bbox 2989 5720 3256 5779; x_wconf 69' lang='lat' dir='ltr'><strong>Crantore,</strong></span> <span class='ocrx_word' id='word_1_924' title='bbox 3286 5733 3402 5781; x_wconf 86' lang='lat' dir='ltr'><strong>seu,</strong></span> <span class='ocrx_word' id='word_1_925' title='bbox 3442 5717 3556 5771; x_wconf 77' lang='lat' dir='ltr'><strong>loco</strong></span> 
     </span>
    </p>
   </div>
   <div class='ocr_carea' id='block_1_121' title="bbox 1969 5789 3554 5861">
    <p class='ocr_par' dir='ltr' id='par_1_121' title="bbox 1969 5789 3554 5861">
     <span class='ocr_line' id='line_1_121' title="bbox 1969 5789 3554 5861; baseline -0.004 -13"><span class='ocrx_word' id='word_1_926' title='bbox 1969 5797 2255 5848; x_wconf 63' lang='lat' dir='ltr'><strong>Creatoris.</strong></span> <span class='ocrx_word' id='word_1_927' title='bbox 2312 5796 2535 5848; x_wconf 78' lang='lat' dir='ltr'><strong>Ducams</strong></span> <span class='ocrx_word' id='word_1_928' title='bbox 2562 5805 2618 5845; x_wconf 89' lang='lat' dir='ltr'><strong>ut</strong></span> <span class='ocrx_word' id='word_1_929' title='bbox 2647 5793 2803 5855; x_wconf 76' lang='lat' dir='ltr'><strong>alias,</strong></span> <span class='ocrx_word' id='word_1_930' title='bbox 2844 5794 2912 5844; x_wconf 88' lang='lat' dir='ltr'><strong>ita</strong></span> <span class='ocrx_word' id='word_1_931' title='bbox 2961 5794 3045 5846; x_wconf 73' lang='lat' dir='ltr'><strong>bit:</strong></span> <span class='ocrx_word' id='word_1_932' title='bbox 3091 5804 3304 5861; x_wconf 77' lang='lat' dir='ltr'><strong>quoque</strong></span> <span class='ocrx_word' id='word_1_933' title='bbox 3353 5789 3554 5860; x_wconf 84' lang='lat' dir='ltr'><strong>optima</strong></span> 
     </span>
    </p>
   </div>
   <div class='ocr_carea' id='block_1_122' title="bbox 1968 5869 2149 5920">
    <p class='ocr_par' dir='ltr' id='par_1_122' title="bbox 1968 5869 2149 5920">
     <span class='ocr_line' id='line_1_122' title="bbox 1968 5869 2149 5920; baseline -0.006 0"><span class='ocrx_word' id='word_1_934' title='bbox 1968 5869 2149 5920; x_wconf 79' lang='lat' dir='ltr'><strong>docet.</strong></span> 
     </span>
    </p>
   </div>
   <div class='ocr_carea' id='block_1_123' title="bbox 2042 5931 2845 6008">
    <p class='ocr_par' dir='ltr' id='par_1_123' title="bbox 2042 5931 2845 6008">
     <span class='ocr_line' id='line_1_123' title="bbox 2042 5931 2845 6008; baseline -0.01 -17"><span class='ocrx_word' id='word_1_935' title='bbox 2042 5936 2149 6008; x_wconf 74' lang='lat'><strong>(85)</strong></span> <span class='ocrx_word' id='word_1_936' title='bbox 2184 5935 2320 6007; x_wconf 79' lang='lat' dir='ltr'><strong>Reg.</strong></span> <span class='ocrx_word' id='word_1_937' title='bbox 2356 5934 2546 5990; x_wconf 87' lang='lat' dir='ltr'><strong>tertius</strong></span> <span class='ocrx_word' id='word_1_938' title='bbox 2568 5931 2845 6003; x_wconf 83' lang='grc' dir='ltr'>φέροντες.</span> 
     </span>
    </p>
   </div>
  </div>
