4260 6492
734 432 836 485 287

2065 413 2124 467 S.
2166 406 2411 465 BASILII
2451 406 2662 462 MAGNI

3875 400 3982 453 288

740 559 801 598 ve
827 545 991 597 duces
1027 541 1211 613 procul
1233 549 1412 608 specta
1453 553 1464 590 :
1503 535 1594 590 sed
1623 545 1675 587 te
1715 534 1829 602 ipse
1860 530 2082 600 inspice,
2114 541 2168 583 et
2194 545 2309 584 om-
2340 538 2383 589 Α
2411 527 2422 578 ἐ

2302 559 2309 570 -
2340 538 2383 589 Α
2411 525 2632 596 ξάμενος
2651 565 2666 588 ,
2693 527 2748 578 ὲν
2774 525 2831 577 δὲ
2857 527 2966 584 τοῖς
2991 522 3249 585 ἐναντίοις
3273 523 3301 573 ὁ
3329 521 3586 584 ἐναντίος.
3619 521 3728 574 Καὶ
3773 520 3849 590 μὴ
3880 537 3910 589 τ’
3923 537 3984 570 α-

738 652 859 690 nem
893 635 1265 689 similitudinis
1294 633 1572 686 veritatem
1603 627 1864 680 invenies.
1900 622 2029 676 Nam
2059 636 2178 675 cum
2216 634 2299 673 ra-

739 730 812 782 tio
831 743 950 781 cum
999 727 1294 794 cupiditate
1337 723 1567 776 luctatur
1616 721 1659 773 si
1690 732 1786 786 per
1824 715 2214 769 contentionem
2254 720 2308 764 et

738 817 1092 871 attentionem
1113 813 1401 879 vicerit,de
1428 809 1721 879 cupiditate
1743 805 2022 858 victoriam
2049 803 2229 863 refert,
2256 811 2310 854 et

741 910 908 963 Deum
941 923 1040 978 per
1059 923 1118 961 se
1146 907 1306 960 veluti
1331 913 1583 964 coronat;
1609 913 1729 953 cum
1765 911 1892 952 vero
1918 894 2152 950 emollita
2187 908 2306 947 suc-

740 1000 966 1064 cumbit,
991 997 1243 1067 voluptati
1270 1004 1611 1065 peccatorum
1640 987 1827 1044 eﬂ‘ecta
1859 1002 2009 1042 serva
2029 1025 2043 1048 ,
2073 985 2309 1053 captiva-

741 1104 864 1158 que,
885 1089 1129 1158 gloriam,
1160 1085 1614 1154 jactationenique
1649 1087 1701 1134 et
1734 1077 1996 1147 superbia:
2033 1075 2312 1128 materiam

742 1180 1050 1235 adversario
1079 1177 1344 1248 congerit.

2415 619 2549 687 xpiv
2574 635 2660 687 μοι
2683 616 2918 686 περινόει
2947 615 3056 684 (86)
3090 616 3213 676 τοὺς
3245 613 3560 683 πολεμίους,
3604 613 3738 683 μηδὲ
3767 613 3984 681 πόρρω-

2415 710 2505 764 θεν
2542 710 2841 761 ἀποσκόπει
2877 709 3002 770 τοὺς
3037 707 3403 778 στρατηγούς
3440 705 3572 758 ἀλλὰ
3606 706 3830 758 σεαυτὸν
3864 705 3984 757 ἐπί-

2412 803 2624 871 σκεψαι,
2662 803 2752 854 καὶ
2773 804 2951 854 πᾶσαν
2969 802 3065 870 τὴν
3093 799 3344 870 ἀλήθειαν
3367 801 3462 867 τῇς
3486 798 3686 860 εἰκόνος
3709 797 3839 866 εὑρη
3850 811 3980 856 σεις.

2413 898 2581 948 Ὅταν
2613 895 2720 966 γὰρ
2745 895 2864 956 νοῦς
2909 893 3114 964 παλαίῃ
3157 892 3235 962 τῷ
3264 892 3455 955 πάθει,
3491 889 3584 941 ἐὰν
3613 889 3706 958 μὲν
3734 888 3800 940 δι’
3834 887 3986 938 εὑτο·

2411 989 2530 1051 νίας
2583 989 2677 1040 καὶ
2735 986 3055 1058 προσεχείας
3112 985 3416 1054 ἐπικρατῇ,
3452 982 3676 1052 φέρεται
3723 977 3862 1030 κατὰ
3887 974 3983 1028 τοῦ

2416 1077 2616 1139 πάθους
2660 1076 2728 1128 τὰ
2778 1077 3097 1144 νικητήρια,
3132 1075 3225 1127 καί
3278 1073 3439 1125 οἱονεὶ
3474 1073 3723 1140 στεφανοῖ
3763 1069 3828 1120 δι’
3862 1069 3987 1120 ἑαυ-

2415 1168 2505 1221 τοῦ
2533 1169 2622 1220 τὸν
2657 1166 2807 1220 Θεὸν.
2839 1167 3006 1218 Ὅταν
3034 1165 3087 1216 δὲ
3121 1162 3614 1234 καταμαλακισθεὶς
3639 1159 3894 1230 ὐποκύψῃ
3918 1161 3984 1228 τῇ

741 1273 900 1342 ἡδονῇ
926 1311 940 1335 ,
991 1269 1176 1332 δοῦλος
1212 1268 1306 1322 καί
1357 1264 1692 1336 αἰχμάλωτος
1736 1263 1859 1324 ταῖς
1898 1259 2192 1330 ἁμαρτίαις
2228 1258 2542 1328 γενόμενος,
2585 1260 2847 1329 καύχημα
2880 1259 2972 1312 καὶ
3011 1257 3235 1327 ἔπαρσιν
3272 1259 3363 1311 καὶ
3407 1253 3777 1326 ὑπερηφανίας
3814 1269 3994 1323 προσ*

741 1369 919 1440 τίθησι
943 1366 1022 1436 τῷ
1049 1365 1140 1435 ὲχθ
1151 1363 1246 1434 ρῷ.

812 1463 866 1517 ὖ.
904 1461 1130 1513 Adorate
1165 1458 1438 1510 Dominum
1470 1456 1524 1507 in
1559 1453 1681 1506 aula
1712 1462 1893 1506 sancta
1924 1450 2056 1518 ejus.
2093 1446 2220 1501 Post
2248 1447 2318 1500 al-

748 1556 884 1609 latos
909 1553 1114 1607 fructus
1143 1565 1328 1604 earmn
1383 1561 1562 1601 rerum
1602 1561 1719 1613 qua:
1755 1543 2193 1611 requirebantur,
2228 1557 2319 1592 ne-

748 1648 981 1703 cessaria
1004 1653 1086 1698 est
1124 1642 1386 1697 adoratio.
1424 1639 1679 1692 Adoratio
1721 1645 1920 1698 autem,
1952 1647 2056 1686 non
2090 1647 2151 1684 ea
2201 1644 2319 1698 quae

751 1740 808 1793 (it
838 1748 989 1794 extra
1022 1732 1444 1795 ecclesiam,sed
1473 1745 1589 1797 quae
1630 1730 1679 1781 in
1713 1728 1821 1796 ipsa
1858 1725 1946 1778 Dei
1998 1723 2116 1777 aula
2161 1720 2321 1790 perli-

749 1832 906 1887 citur.
947 1830 1020 1882 Ne
1044 1828 1197 1888 mihi,
1233 1824 1425 1893 inquit,
1459 1822 1694 1892 privatas
1737 1820 1888 1872 aulas
1933 1826 2026 1870 aut
2065 1815 2321 1869 ecclesias

751 1921 1090 1992 excogitetis.
1121 1918 1234 1973 Una
1263 1929 1343 1971 εει
1366 1915 1484 1970 aula
1534 1923 1721 1968 sancta
1771 1912 1883 1965 Dei.
1916 1909 2195 1979 Synagoga
2225 1906 2320 1961 Ju-

753 2016 989 2067 dzeorum
1036 2010 1183 2079 prius
1237 2008 1356 2061 aula
1407 2013 1572 2059 erat:
1608 2004 1702 2056 sed
1754 2013 1868 2071 post
1924 2001 2212 2053 admissum
2268 1999 2318 2051 in

753 2106 1024 2159 Christum
1075 2111 1352 2171 peccatum
1391 2098 1528 2150 facta
1584 2105 1665 2149 est
1715 2093 1976 2147 habitatio
2001 2105 2185 2144 eorum
2226 2089 2320 2143 de-

753 2208 894 2252 serta
925 2197 991 2250 ".
1023 2196 1358 2261 Quapropter
1386 2199 1438 2243 et
1471 2188 1726 2243 Dominus
1756 2203 1770 2239 :
1801 2185 1866 2238 Et
1911 2185 2044 2237 alias
2081 2199 2195 2236 oves
2230 2183 2325 2233 lia-

755 2292 868 2354 beo,
890 2305 1004 2359 quis
1027 2304 1128 2340 non
1163 2295 1283 2339 sunt
1308 2301 1372 2338 ea:
1399 2285 1493 2337 hoc
1526 2281 1645 2336 ovili
1675 2282 1742 2335 ⁸⁷.
1773 2280 1904 2334 Cum
1943 2290 2119 2332 autem
2145 2277 2327 2344 loqua-

756 2393 844 2436 tur
881 2382 946 2436 de
982 2381 1047 2434 iis
1088 2379 1176 2448 qni
1213 2393 1277 2431 ex
1315 2376 1562 2445 gentibus
1613 2374 1678 2427 ad
1721 2371 1944 2425 salutem
1985 2367 2322 2438 praaordinati

758 2480 905 2530 sunt,
920 2469 1094 2519 aulam
1115 2466 1382 2533 propriam
1414 2473 1606 2532 prarter
1623 2462 1931 2517 Iudaeorum
1950 2459 2129 2512 aulam
2153 2469 2328 2510 osten-

758 2562 855 2614 dit.
885 2559 998 2612 Non
1023 2557 1191 2626 igitur
1233 2563 1385 2608 extra
1423 2564 1663 2606 sanctam
1709 2554 1846 2605 hanc
1885 2550 2058 2602 aulam
2108 2550 2329 2602 adorare

759 2657 989 2719 Oportet,
1019 2649 1110 2702 sed
1146 2646 1284 2699 intra
1315 2645 1482 2715 ipsam
1521 2659 1536 2708 ;
1579 2658 1644 2697 ne
1670 2643 1792 2712 quis
1814 2652 1965 2695 extra
2003 2642 2172 2710 ipsam
2203 2655 2332 2695 con-

758 2743 999 2805 stitutus,
1035 2751 1128 2793 aut
1157 2739 1222 2793 ab
1270 2738 1335 2792 iis
1363 2737 1454 2806 qui
1488 2747 1641 2792 extra
1680 2735 1820 2790 illam
1866 2743 2013 2799 sunt,
2048 2742 2328 2796 attractus,

761 2837 814 2890 in
838 2835 957 2888 aula
985 2832 1194 2886 Domini
1221 2845 1340 2885 esse
1361 2831 1591 2883 desinat.
1623 2829 1893 2883 intersunt
1921 2833 2063 2884 enim
2097 2829 2245 2882 multi
2277 2828 2329 2881 in

761 2926 950 2980 habitu
994 2923 1210 2992 quidem
1267 2922 1610 2989 precationis,
1647 2937 1745 2973 nec:
1786 2931 1909 2974 sunt
1960 2931 2135 2974 tamen
2174 2921 2330 2990 117

763 3016 814 3068 in
837 3015 955 3068 aula
997 3015 1065 3067 ob
1094 3012 1285 3066 mentis
1315 3012 1714 3080 evagationem,
1743 3022 1796 3064 et
1827 3011 1989 3063 animi
2023 3025 2206 3064 eorum
2242 3014 2335 3066 ab-

761 3106 1105 3170 errationem,
1134 3118 1200 3158 ex
1229 3102 1382 3156 vanis
1417 3116 1479 3156 ac
1515 3101 1792 3155 inutilibus
1828 3101 1973 3153 curis
2003 3108 2329 3153 nascentem.

2489 1451 2540 1504 5.
2582 1449 3053 1518 Προσκυνήσατε
3093 1446 3172 1511 τῷ
3199 1448 3390 1513 Κυρίῳ
3426 1447 3496 1498 ἐν
3524 1443 3682 1512 αὐλῇ
3719 1443 3859 1512 ἁγίᾳ
3884 1443 3992 1495 αὐ-

2419 1541 2542 1594 τοῦ.
2571 1543 2724 1594 Μετὰ
2742 1540 2839 1611 τὴν
2866 1537 3237 1609 καρποφορίαν
3259 1536 3362 1588 τῶν
3388 1536 3826 1606 ἐπιζητουμένων
3853 1533 3988 1603 (87),

2422 1632 2691 1698 ἀναγκαία
2728 1633 2760 1702 ὴ
2791 1629 3178 1703 προσκύνησις.
3207 1631 3577 1699 Προσκύνησις
3603 1630 3658 1680 δὲ
3683 1631 3715 1697 ἡ
3749 1629 3850 1680 οὐκ
3886 1626 3990 1692 ἔξω

2421 1724 2521 1791 τῆς
2559 1722 2903 1792 Ἐκκλησίας,
2923 1722 3036 1775 ἀλλ’
3063 1724 3119 1774 ἐν
3137 1722 3274 1791 αὐτῇ
3303 1724 3366 1791 τῇ
3390 1720 3522 1791 αὐλῇ
3541 1720 3632 1773 τοῦ
3648 1719 3782 1773 Θεοῦ
3810 1720 3992 1772 τελου-

2428 1818 2585 1887 μένη.
2604 1817 2692 1886 Μή
2719 1834 2825 1886 μοι,
2848 1818 3030 1886 φησιν,
3057 1816 3192 1878 ἰδίας
3221 1813 3387 1877 αὐλὰς
3410 1816 3504 1867 καὶ
3535 1812 3990 1883 συναγωγὰς.(88)

2424 1913 2705 1964 ἐπινοεῖτε.
2752 1909 2863 1962 Μία
2905 1910 3050 1962 ἐστὶν
3083 1909 3218 1981 αὐλὴ
3257 1909 3383 1976 ἁγία
3414 1908 3507 1960 τοῦ
3535 1907 3688 1959 Θεοῦ.
3722 1904 3830 1961 Ἦν
3858 1907 3993 1978 αὐλὴ

2426 2002 2685 2074 πρότερον
2717 2001 2750 2071 ἡ
2781 1999 2884 2052 τῶν
2919 2001 3184 2053 Ἰουδαίων
3214 1999 3533 2069 συναγωγή·
3570 1998 3701 2051 ἀλλὰ
3733 2001 3870 2068 μετὰ
3896 1999 3991 2070 τὴν

2424 2098 2501 2158 εἰς
2524 2093 2754 2164 Χριστὸν
2789 2093 3057 2162 ἁμαρτίαν
3087 2093 3301 2160 ἐγένετο
3334 2093 3366 2162 ἡ
3401 2089 3621 2152 ἔπαυλις
3649 2089 3827 2143 αὐτῶν
3858 2092 3994 2161 ἡρη-

2430 2187 2672 2258 μωμίένη.
2721 2183 2819 2237 Διὰ
2865 2182 3021 2238 τοῦτο
3053 2186 3144 2236 καὶ
3185 2187 3212 2238 ὁ
3255 2184 3485 2255 Κύριος’
3519 2183 3625 2235 Kal
3653 2181 3813 2236 ἄλλα
3857 2184 3997 2251 πρό-

2427 2281 2571 2331 ϐατα
2595 2279 2733 2346 ἔχω,
2763 2276 2799 2328 ἃ
2827 2278 2937 2330 οὐκ
2966 2276 3135 2329 ἐστιν
3159 2277 3226 2329 ἐκ
3247 2275 3355 2345 τῆς
3374 2275 3570 2342 αὐλῆς
3590 2277 3827 2342 ταύτης.
3857 2277 3996 2340 Τοὺς

2427 2372 2531 2424 ἀπὸ
2563 2371 2668 2423 τῶν
2707 2370 2873 2424 ἐθνῶν
2912 2369 3356 2441 προωρισμένους
3381 2373 3460 2432 είς
3496 2369 3767 2439 σωτηρίαν
3798 2369 3994 2436 λέγων,

2427 2463 2692 2515 δείκνυσιν
2725 2462 2857 2515 ἰδίαν
2901 2461 3068 2531 αὐλὴν
3118 2461 3267 2531 παρὰ
3296 2461 3394 2531 τὴν
3442 2460 3550 2513 τῶν
3589 2461 3874 2514 Ἰουδαίων.
3921 2464 3996 2514 Οὐ

2429 2556 2603 2607 τοίνυν
2630 2554 2732 2619 ἔξω
2756 2555 2855 2623 τῆς
2879 2553 3036 2622 ἁγίας
3064 2551 3265 2623 ταύτης
3288 2552 3457 2621 αὐλῆς
3482 2555 3801 2625 προσκυνεῖν
3827 2569 3998 2623 προσ-

2430 2646 2533 2714 ῆκε
2554 2644 2631 2714 τῷ
2651 2645 2768 2713 Θεῷ
2793 2645 2923 2713 (89),
2954 2644 3065 2697 ἀλλ’
3091 2643 3234 2697 ἔνδον
3267 2643 3433 2712 αὐτῆς
3454 2645 3741 2714 γενόμενον
3762 2661 3775 2674 ο
3811 2645 3898 2698 ἵνα
3928 2645 4000 2716 μὴ

2433 2738 2536 2803 ἔξω
2560 2753 2643 2797 τις
2672 2735 2838 2801 αὐτῆς
2860 2737 2953 2790 ὢν,
2981 2736 3113 2806 μηδὲ
3139 2736 3425 2806 ἑλκόμενος
3450 2734 3553 2789 ὑπὸ
3593 2737 3700 2790 τῶν
3729 2737 3865 2804 ἔξω,
3896 2737 3991 2789 ἀπ·

2432 2824 2592 2897 ολέσῃ
2617 2823 2676 2875 τὸ
2700 2817 2839 2874 εἶναι
2861 2825 2917 2875 ὲν
2944 2824 3076 2892 αὐλῇ
3104 2825 3328 2894 Κυρίου.
3358 2826 3547 2879 Πολλοὶ
3574 2827 3681 2898 γὰρ
3704 2829 3921 2880 ἑστᾶσιν
3946 2829 4003 2878 ἐν

2435 2916 2674 2985 σχήματι
2710 2913 2806 2984 μὲν
2844 2913 3170 2982 προσευχῆς,
3200 2913 3300 2966 οὔκ
3337 2917 3441 2968 εἱσι
3471 2916 3527 2968 δὲ
3553 2920 3608 2970 ἐν
3636 2921 3700 2989 τῇ
3735 2918 3895 2988 αὐλῇ,
3917 2917 4003 2970 διὰ

2433 3010 2530 3079 τὴν
2561 3007 2655 3060 τοῦ
2685 3007 2776 3060 νοῦ
2821 3006 3119 3078 περιφορὰν
3150 3006 3244 3058 καὶ
3273 3008 3362 3059 τὸν
3401 3009 3746 3080 ἀφελκυσμὸν
3769 3013 3871 3082 τῆς
3901 3012 3994 3064 δια-

2435 3101 2581 3162 νοίας
2617 3099 2794 3152 αὐτῶν
2849 3099 2953 3152 ὑπὸ
2993 3099 3091 3169 τῆς
3130 3099 3187 3151 ὲν
3231 3101 3297 3169 τῇ
3357 3101 3672 3170 ματαιότητι
3715 3103 4001 3173 μερίμνης.

767 3199 904 3265 Quin
931 3197 1093 3250 etiam
1125 3196 1241 3247 aula
1265 3209 1423 3248 sensu
1455 3194 1628 3246 adhuc
1650 3191 1945 3246 snblimiori
1973 3199 2149 3260 potest
2185 3191 2336 3246 ccele.
2367 3204 2408 3262 ο
2440 3218 2449 3245 ι

2322 3228 2336 3238 -
2367 3204 2408 3262 ο
2440 3194 2669 3248 Δυνατὸν
2722 3193 2777 3245 δὲ
2807 3192 2973 3262 αὐλὴν
3019 3192 3092 3245 ἔτι
3140 3191 3623 3261 ὲπαναϐεὸηκὸτως
3665 3193 3775 3261 (90)
3818 3194 4003 3263 νοῆσαι

768 3287 866 3341 stis
894 3284 1153 3339 habitatio
1194 3283 1436 3348 intelligi.
1468 3283 1798 3349 Quapropter
1836 3282 1925 3350 qui
1974 3281 2059 3335 hic
2099 3280 2335 3335 Plantati

763 3375 817 3425 in
849 3370 1002 3424 domo
1023 3379 1148 3424 sunt
1177 3368 1404 3431 Domini,
1431 3384 1551 3438 qua:
1570 3380 1653 3422 est
1684 3368 1919 3422 Ecclesia
1957 3370 2046 3423 Dei
2081 3370 2336 3436 viventis,

764 3463 871 3516 illic
899 3465 953 3515 in
981 3461 1132 3514 atriis
1169 3459 1259 3512 Dei
1283 3462 1445 3513 nostri
1475 3458 1731 3527 ﬂorebunt
1753 3458 1819 3512 ".
1853 3458 1953 3525 Qui
1992 3469 2168 3512 autem
2204 3475 2335 3512 ven-

767 3564 925 3616 trem,
955 3563 1046 3604 aut
1076 3551 1320 3619 gloriam,
1347 3561 1439 3603 aut
1471 3560 1772 3619 argentum,
1803 3559 1896 3604 aut
1937 3550 2148 3618 quidvis
2170 3549 2333 3613 aliud,

766 3645 905 3714 quod
943 3643 1160 3712 reliquis
1183 3643 1430 3696 omnibus
1453 3641 1619 3711 pluris
1647 3644 1899 3709 aestimat,
1929 3644 2090 3696 Deum
2125 3642 2332 3706 fecerit,

769 3737 816 3790 is
846 3750 1018 3803 neque
1043 3736 1231 3788 adorat
1256 3733 1559 3797 Dominum,
1588 3747 1758 3800 neque
1789 3733 1840 3785 in
1870 3733 1988 3786 aula
2020 3744 2202 3788 sancta
2229 3744 2332 3799 est,

768 3827 980 3882 etiarnsi
1009 3827 1253 3879 videatur
1282 3841 1399 3879 esse
1436 3827 1646 3893 dignus,
1674 3827 1764 3893 qui
1801 3828 1866 3880 ad
1895 3825 2178 3881 sensibiles
2206 3842 2335 3880 coti-

769 3931 962 3975 ventus
981 3917 1314 3972 admittatur.
1337 3915 1500 3968 Vens.
1528 3919 1581 3969 5.
1615 3916 1724 3969 νοω
1746 3916 1953 3971 Domini
1979 3935 2132 3984 super
2148 3933 2331 3986 aquas.

772 4012 973 4065 Nomen
1024 4009 1169 4062 vocis
1215 4007 1457 4060 invenias
1505 4006 1685 4059 multis
1729 4009 1780 4060 in
1833 4008 1966 4061 locis
2000 4019 2333 4077 usurpatum.

772 4103 955 4171 Itaque
988 4112 1041 4153 tit
1065 4099 1423 4168 intelligamus
1473 4113 1591 4165 qua:
1639 4099 1708 4152 sit
1743 4114 1848 4154 vox
1901 4099 2130 4161 Domini,
2159 4115 2336 4169 operae

774 4195 1002 4263 pretium
1038 4191 1218 4254 fuerit,
1239 4209 1300 4244 ea
1341 4207 1457 4259 qua:
1482 4194 1546 4245 de
1582 4208 1712 4246 voce
1733 4193 1930 4260 scripta
1956 4201 2097 4254 sunt,
2124 4207 2220 4259 pro
2255 4195 2335 4244 vi-

778 4286 920 4337 ribus
977 4298 1040 4337 ex
1093 4297 1243 4335 sacra
1304 4281 1576 4348 Scriptura
1618 4285 1912 4350 colligere;
1952 4281 2094 4336 velut
2152 4285 2202 4334 in
2250 4284 2337 4336 illo

774 4376 916 4445 quod
944 4376 1252 4429 Abraltamo
1303 4373 1484 4427 datum
1535 4383 1619 4426 est
1651 4377 1868 4427 oraculo
1894 4393 1905 4427 :
1936 4373 2001 4427 Et
2039 4377 2214 4427 statim
2244 4392 2340 4429 vos:

847 4512 892 4543 "
922 4509 1060 4563 Psal.
1093 4523 1284 4570 vaut,
1315 4505 1407 4561 26.
1484 4507 1528 4538 δ’
1562 4504 1718 4561 Joan.
1753 4522 1807 4570 Χ,
1842 4509 1925 4562 16.

2438 3284 2533 3355 τὴν
2557 3284 2874 3354 ἐπουράνιον
2911 3284 3201 3354 διαγωγήν.
3239 3282 3336 3335 Διὰ
3373 3282 3529 3336 τοῦτο
3564 3285 3610 3335 οἱ
3639 3284 4004 3353 Πεφυτευμέ-

2438 3391 2530 3425 νοι
2577 3372 2808 3425 ἐνταῦθα
2851 3373 2921 3424 ἐν
2952 3371 3031 3436 τῷ
3076 3373 3217 3438 οἴκῳ
3246 3374 3497 3440 Κυρίου,
3540 3373 3662 3442 ἥτις
3699 3374 3846 3426 ἐστὶν
3890 3375 4003 3427 Ἐκν

2438 3467 2632 3536 κλησία
2661 3467 2792 3518 Θεοῦ
2824 3466 3044 3529 ζῶντος,
3067 3469 3181 3517 ἐκεῖ
3218 3469 3312 3518 Ἐν
3341 3467 3466 3534 ταῖς
3490 3469 3703 3535 αὐλαῖς
3724 3469 3831 3523 τοῦ
3861 3471 4006 3524 Θεοῦ

2438 3557 2602 3626 ἡμῶν
2624 3556 3088 3622 ἐξανθήσουσιν.
3137 3559 3192 3609 '0
3215 3557 3271 3609 δὲ
3311 3559 3568 3613 θεοποιῶν
3593 3563 3797 3616 κοιλίαν
3821 3606 3836 3628 ,
3863 3563 3897 3634 ἢ
3925 3563 3983 3616 δό

2441 3651 2555 3714 ξαν,
2588 3649 2620 3719 ἢ
2655 3649 2935 3720 ἀργύριον,
2963 3650 2993 3718 ἢ
3022 3651 3147 3703 ἄλλο
3174 3668 3248 3712 τι,
3275 3650 3303 3703 ὃ
3327 3651 3537 3704 πάντων
3571 3652 3990 3728 μᾶλλοντετίμη

2440 3762 2555 3808 κεν,
2580 3741 2702 3795 οὗτε
2728 3743 3118 3814 προσκυνεῖτῴ
3141 3744 3350 3814 Κυρίῳ,
3385 3741 3504 3796 οὔτε
3532 3745 3587 3795 ὲν
3619 3748 3685 3814 τῇ
3723 3747 3858 3817 αὐλῇ
3895 3750 4007 3801 ἐστι

2439 3839 2503 3906 τῇ
2536 3835 2687 3906 ἁγίᾳ,
2732 3834 2835 3888 κᾶν
2873 3834 3022 3900 ἄξιος
3073 3834 3179 3888 τῶν
3232 3835 3502 3905 αἰσθητῶν
3558 3835 3829 3901 συνάξεων
3876 3834 4008 3890 εἶναι

2438 3926 2776 3996 δοκῇ.Φωνὴ
2812 3927 3031 3994 Κυρίου
3063 3927 3158 3978 ἐπὶ
3203 3925 3320 3978 τῶν
3351 3926 3602 3980 ὑδάτων.
3641 3926 3912 3996 Πολλαχοῦ
3948 3928 4009 3981 ἂν

2442 4015 2618 4084 εὕροις
2646 4016 2705 4066 τὸ
2732 4016 2828 4085 τῆς
2857 4016 3038 4084 φωνῆς
3057 4015 3224 4084 ὄνομα
3260 4015 3530 4085 κείμενον.
3557 4018 3718 4070 Ὥστε
3747 4018 3887 4090 ὑπὲρ
3918 4017 4009 4071 τοῦ

2441 4106 2648 4174 νοῆσαι,
2677 4104 2759 4167 τίς
2787 4107 2902 4156 ἐστι
2931 4105 3022 4156 τοῦ
3048 4106 3253 4174 Κυρίου
3296 4107 3328 4174 ἡ
3357 4106 3527 4176 φωνὴ,
3555 4107 3705 4171 ἄξιόν
3744 4111 3860 4162 ἐστι
3892 4127 4009 4162 συν-

2444 4203 2668 4268 αγαγεῖν
2698 4201 2845 4270 ἡμᾶς
2871 4199 3010 4251 κατὰ
3040 4199 3099 4251 τὸ
3121 4199 3340 4251 δυνατὸν
3376 4201 3438 4251 ἐκ
3478 4202 3575 4269 τῆς
3616 4201 3766 4264 θείας
3791 4202 4010 4273 Γραφῆς

2443 4294 2510 4346 τὰ
2537 4293 2892 4364 γεγραμμένα
2914 4293 3040 4361 περὶ
3061 4292 3259 4361 φωνῆς·
3293 4291 3366 4353 ὼς
3401 4293 3457 4343 ἐν
3479 4292 3557 4360 τῷ
3593 4293 3725 4361 πρὸς
3764 4295 4009 4365 Ἀϐραὰμ

2445 4383 2805 4455 χρηματισμῷ
2824 4401 2836 4415 ⁸
2863 4384 2967 4438 Καὶ
2999 4383 3214 4449 εὐθέως
3240 4382 3406 4452 φωνὴ
3440 4383 3673 4452 ἐγένετο
3710 4382 3977 4453 λέγουσα
3997 4405 4010 4419 ·

2002 4511 2048 4542 ⁸⁸⁵
2079 4511 2215 4565 Psal.
2247 4516 2445 4579 scuti.

851 4643 963 4720 (86)
996 4642 1127 4720 Reg.
1165 4657 1434 4720 securibus
1465 4659 1552 4712 μοι
1580 4643 1712 4696 νόει.
1744 4643 1943 4698 Ibidem
1985 4642 2116 4716 Reg.
2156 4650 2344 4703 tertius
2377 4657 2419 4711 ι)
2449 4668 2502 4705 δε

2328 4657 2419 4711 sl)
2449 4668 2502 4705 se
2540 4650 2857 4720 ferunt,gnec
2905 4656 3097 4710 tamen,
3131 4658 3234 4720 etc.
3289 4650 3356 4702 At
3409 4650 3579 4704 libens
3626 4668 3925 4720 quaererem
3980 4667 4010 4707 ι

778 4714 1024 4788 περᾲινοει
1043 4714 1174 4788 τους
1206 4713 1494 4788 πολέμους.

851 4783 1158 4857 (87)-Μετὰ
1200 4783 1314 4857 τὴν
1347 4785 1756 4851 καρποφορίαν
1805 4784 1922 4839 τῶν
1963 4786 2342 4857 ἐπιζητουμέ-

779 4850 919 4910 νων.
943 4850 1110 4927 ycrte
1140 4870 1152 4904 :
1189 4850 1313 4905 Post
1351 4850 1663 4907 oblationem
1688 4871 1865 4908 eorum
1900 4875 2018 4926 quae
2043 4850 2199 4925 petita
2228 4850 2343 4927 fue-

782 4937 921 4980 runt.
940 4923 1148 4978 Marum.

852 4996 962 5131 (88/
989 4993 1118 5061 Reg.
1156 4992 1423 5046 secundus
1469 5005 1518 5044 et
1555 4993 1705 5048 Coll).
1738 5004 1918 5048 sextus
1948 5013 2344 5068 παρασυναγω-

852 5083 903 5130 .;,
953 5065 1093 5115 alsas
1121 5079 1430 5130 synagogas.
1465 5063 1601 5116 Editi
1631 5075 1683 5115 et
1716 5068 1802 5116 alii
1839 5081 2024 5118 novem
2057 5083 2185 5120 mss.
2212 5074 2341 5122 sint-

781 5071 903 5135 τάς,
929 5063 1093 5131 faba,-
1121 5079 1430 5135 synugogas,
1465 5063 1601 5116 Editi
1631 5075 1683 5115 et
1716 5068 1802 5116 alii
1839 5063 2039 5118 novem'
2057 5083 2185 5120 mss.
2212 5063 2341 5122 sint-

785 5133 990 5204 ptictter
1012 5135 1350 5205 συναγωείάς.
1381 5133 1500 5205 Mox
1529 5136 1691 5205 editio
1723 5134 1896 5188 Paris.
1933 5139 2028 5205 μία
2067 5140 2214 5190 ἐστὶν
2237 5140 2338 5192 αὐ-

782 5201 848 5284 λῇ
867 5205 995 5272 ἁγία
1018 5203 1110 5284 τοῦ
1130 5201 1263 5255 Θεοῦ
1290 5203 1584 5284 Ἐκκλησία
1616 5215 1726 5284 ⁸σου
1754 5217 1851 5258 Vox
1883 5201 2173 5284 Ἐκκλησία
2197 5213 2344 5263 abest

782 5281 850 5399 ab
893 5276 1145 5394 qmnibus
1198 5276 1394 5326 nostris
1439 5277 1683 5328 undecim
1741 5292 1867 5329 mss.
1905 5290 1959 5331 et
2009 5276 2075 5331 ab
2108 5281 2346 5334 editione

830 5361 902 5398 πει
933 5383 943 5394 .

830 5361 943 5398 11811.

855 5413 962 5485 (89)
997 5413 1126 5481 lieg.
1160 5413 1361 5485 lenius
1409 5414 1648 5483 προσῆκε
1678 5415 1767 5466 τὸν
1812 5414 1961 5470 Θεόν.
2005 5415 2118 5478 Illa,
2151 5418 2345 5470 Πολλοὶ

783 5483 892 5558 γὰρ
915 5486 1131 5537 ἑστᾶσιν
1156 5483 1212 5533 ὲν
1241 5485 1476 5558 σχήματι
1515 5486 1610 5558 μὲν
1638 5486 1960 5556 προσευκῆςτ
1999 5491 2074 5539 δίο
2107 5500 2341 5542 νετίθτδί

789 5554 1054 5624 interpres
1089 5565 1259 5617 vetus,
1297 5554 1478 5606 Plures
1510 5557 1644 5607 enim
1676 5554 1892 5619 ἐμοι-[ειη
1922 5559 2169 5610 orationis
2205 5575 2340 5624 pra:-

785 5628 922 5696 ferre
945 5628 1200 5687 videntur,
1223 5626 1310 5692 qui
1347 5633 1542 5688 tamen,
1577 5637 1681 5679 etc.
1722 5627 1823 5679 Sed
1857 5630 2204 5696 conqueritur
2230 5628 2338 5679 Du-

786 5712 928 5751 caus
955 5699 1211 5747 omissum
1255 5697 1418 5747 tuisse
1446 5701 1688 5762 corporis
1728 5709 1945 5759 statum,
1975 5714 2130 5764 quem
2161 5709 2336 5752 tamen

787 5775 1457 5837 expressum‘nportuerat.
1486 5769 1728 5834 obithne
1756 5769 1911 5819 verba
1945 5769 2025 5820 illa
2048 5772 2124 5821 sic
2153 5770 2338 5821 Latine

789 5832 1044 5900 reddidit,
1087 5832 1242 5887 Multi
1268 5836 1406 5888 enim
1445 5832 1920 5892 stantesiorationis
1966 5841 2182 5906 speciem
2228 5857 2336 5907 prie

2453 4724 2566 4774 viro
2614 4718 2942 4792 doctissimo,
2987 4733 3112 4792 num
3156 4719 3343 4792 ii_soli
3404 4722 3490 4773 hic
3539 4718 3857 4792 arguantur,
3921 4725 4009 4792 qui

2451 4800 2655 4844 stantes
2681 4803 2783 4841 non
2822 4788 2905 4854 pie
2925 4787 3169 4841 orabant.
3211 4787 3343 4854 lino,
3371 4792 3470 4844 nisi
3515 4791 3669 4844 valde
3711 4792 3888 4855 fallor,
3921 4787 4010 4844 a'r-

2451 4873 2684 4929 gnuntur
2710 4859 2960 4929 hocloco
3000 4869 3108 4910 tum
3141 4858 3234 4921 illi,
3273 4863 3364 4928 qui
3400 4870 3606 4914 stantes
3637 4863 3852 4929 non,pie
3890 4878 4012 4915 ora-

2452 4928 2588 4991 rent,
2615 4940 2724 4980 tuin
2757 4928 2844 4978 alii
2869 4929 3062 5000 quivis.
3092 4931 3177 4994 qui
3197 4945 3514 4998 quocunque
3544 4928 3782 4998 tempore
3804 4944 3856 4986 et
3881 4950 4012 5000 quo-

2451 5014 2662 5067 cunque
2695 4999 2934 5070 uorporis
2964 4999 3144 5050 habitu
3184 5001 3321 5051 maie
3366 5013 3420 5053 et
3469 5001 3766 5067 irreligiose
3819 5017 4009 5070 preca-

2457 5082 2657 5122 rentur.
2694 5067 2806 5120 Non
2841 5068 3001 5135 igitur
3042 5071 3180 5121 ullus
3229 5071 3468 5137 corporis
3514 5073 3728 5124 habitus
3780 5067 4011 5140 eiprimi

2451 5140 2650 5201 debuit,
2682 5152 2803 5191 cum
2826 5153 2962 5190 unus
2995 5155 3096 5189 non
3124 5141 3292 5207 magis
3310 5157 3465 5207 quam
3491 5141 3625 5194 alter
3662 5142 4009 5208 intelligatur,

2451 5212 2544 5263 sed
2574 5222 2761 5261 omnes
2809 5208 3026 5260 omnino
3066 5209 3268 5274 pariter
3311 5211 3857 5278 comprehendantur.
3901 5211 4009 5266 Nec

2455 5295 2551 5331 vox
2586 5278 2800 5330 ἑστᾶσιν
2822 5291 3142 5344 quemquam
3172 5294 3386 5333 movere
3411 5283 3586 5333 debet.
3622 5280 3844 5335 Constat
3869 5284 4010 5336 enim

2452 5349 2672 5401 verbum
2717 5347 2960 5408 ἑστάναι,
2998 5362 3092 5413 pro
3121 5363 3184 5400 eo
3225 5352 3364 5414 quod
3405 5359 3506 5412 est,
3537 5350 3740 5413 adesse,
3783 5368 3902 5416 seu,
3935 5356 4013 5404 in-

2455 5430 2806 5490 teresse,_no_n
2838 5421 3128 5490 raroﬂapud
3172 5420 3408 5486 Optimos
3448 5434 3691 5488 quosque
3717 5424 4014 5490 scriptores

2448 5488 2714 5555 usurpari.
2760 5487 2866 5542 Nec
2915 5487 3067 5559 aliter
3099 5490 3164 5541 tle
3209 5491 3371 5541 verbo
3400 5487 3538 5542 stare
3599 5487 3736 5559 apud
3794 5487 4012 5545 Latinos

2443 5559 2948 5627 jtnlicandum,cum
2985 5558 3110 5609 illud
3146 5573 3243 5625 pro
3265 5573 3329 5612 eo
3356 5563 3495 5626 quod
3526 5558 3865 5627 est,’adesse,
3896 5579 4011 5624 seu,

2445 5632 2709 5686 interesse.
2750 5631 2944 5695 saepius
2974 5629 3199 5696 positum
3235 5631 3524 5682 videamus.

2516 5699 2944 5775 (9'0)_t_;olbertini
2993 5701 3178 5775 tertius
3221 5711 3291 5775 _et
3343 5701 4012 5775 qu‘ar‘tus‘tnava6e6'qx6-

2442 5785 2556 5830 τας.
2591 5771 2690 5823 Alii
2715 5784 2842 5823 mss.
2878 5784 3000 5823 cum
3031 5769 3186 5824 editis
3218 5768 3726 5840 ὲπαναὸεὸηκότως.
