4260 6508
247 432 355 486 9.89

1336 433 1615 489 IIOIIILIA
1657 434 1722 488 IN
1763 433 2091 491 PSALMUM
2130 436 2365 494 XXVIII.

3373 443 3477 497 296

247 553 333 603 Οὐ
357 550 790 619 κληρονομήσει
823 564 895 604 σε
917 542 1123 615 οὗτος’
1161 550 1254 603 καὶ
1297 552 1386 603 ἐπὶ
1425 552 1668 604 Μωῦσεῖ·
1704 553 1807 605 Καὶ

1914 553 2051 620 facta
2078 563 2152 607 est
2185 557 2358 607 dicens
2395 569 2412 606 .'
2442 555 2562 609 Non
2605 557 2930 609 ha‘reditabit
2963 569 3010 611 te
3053 559 3144 610 iste
3167 559 3230 610 δ’.
3264 559 3392 614 Item
3424 563 3474 614 in

244 643 358 707 πᾶς
409 646 440 693 ό
467 641 613 706 ,ιαὸς
637 639 783 708 ἐώρα
816 641 930 707 τὴν
965 641 1173 710 φωνὴν
1196 643 1291 695 καὶ
1321 641 1428 706 τὰς
1459 642 1777 710 λαμπάδας
1798 662 1809 673 ·

243 735 340 787 κα)⁵
375 733 521 802 παρά
542 733 619 802 τῷ
650 733 844 803 Ἥσαῖα
892 733 1050 786 πάλιν
1080 753 1091 764 ·
1130 733 1300 801 Φωνὴ
1324 735 1629 804 λέγοντος⁶
1662 739 1811 804 Βόη-

245 842 380 880 σον.
422 825 484 877 Ἦ
511 825 607 894 μὲν
639 823 730 878 οὖν
759 825 883 896 παρ’
912 828 1040 896 ἡμῖν
1073 826 1219 896 φωνὴ
1258 827 1288 897 ἢ
1322 828 1430 898 ἀήρ
1461 829 1574 881 ἐστι
1610 831 1814 899 πεπλη-

245 917 466 986 γμένος,
501 917 533 986 ἢ
579 916 639 968 τὸ
678 918 960 986 γινόμενον
987 913 1124 980 εἶδος
1155 919 1278 987 περὶ
1307 918 1396 970 τὸν
1432 919 1596 990 ἀέρα,
1627 921 1759 990 πρὸς
1787 922 1815 974 ὂ

246 1006 359 1075 (9|)
387 1005 630 1074 βούλεται
658 1006 858 1059 τυποῦν
893 1009 920 1060 6
954 1006 1229 1074 ἐκφωνῶν.
1268 1009 1330 1059 Τί
1353 1005 1444 1062 οὖν
1479 1013 1510 1079 ὴ
1547 1013 1694 1082 φωνὴ
1720 1013 1813 1065 τοῦ

246 1099 487 1168 κυρίους
520 1098 742 1168 πότερον
766 1099 944 1169 πληγὴ
977 1101 1102 1170 περὶ
1126 1101 1217 1153 τὸν
1243 1101 1379 1171 ἀέρα
1411 1106 1611 1166 νοοῖτο;
1649 1105 1680 1175 ἦ
1709 1107 1814 1176 ἀὴρ

245 1190 624 1261 πεπληγμένος
657 1189 867 1258 φθάνων
920 1190 1081 1259 μέχρι
1119 1192 1218 1261 τῆς
1258 1193 1424 1262 ἀκοῆς
1461 1193 1552 1246 τοῦ
1587 1196 1720 1266 πρὸς
1757 1197 1813 1249 ὃν

243 1280 451 1347 γίνεται
484 1284 515 1351 ἡ
548 1281 731 1350 φωνὴς
760 1281 827 1332 Ἢ
857 1280 1137 1351 οὐδέτερον
1169 1283 1393 1346 τούτων,
1427 1285 1539 1336 ἀλλ’
1567 1287 1813 1357 ἑτερογε-

244 1374 341 1442 νής
364 1373 446 1435 τίς
476 1374 618 1426 ἐστιν
654 1371 818 1440 αὕτη,
861 1372 1318 1443 φαντασιουμένου
1359 1375 1450 1428 τοῦ
1484 1379 1810 1446 ἡγεμονικοῦ

242 1463 352 1518 τῶν
397 1464 692 1536 ἀνθρώπων
740 1462 833 1526 οὓς
884 1463 950 1517 ἂν
993 1466 1208 1518 ἀκούειν
1250 1466 1502 1538 βούληται
1544 1472 1642 1539 τῆς
1679 1471 1813 1534 ἰδίας

245 1557 428 1626 φωνῆς
459 1559 486 1609 6
516 1557 644 1620 Θεός
663 1574 677 1588 ·
707 1555 843 1608 ὥστε
869 1555 1156 1626 ἀναλογίαν
1195 1558 1336 1629 ἔχειν
1377 1563 1474 1632 τὴν
1517 1565 1813 1631 φαντασίαν

241 1647 444 1716 ταύτην
474 1647 606 1717 πρὸς
623 1647 720 1718 τὴν
748 1649 804 1700 ὲν
833 1651 943 1710 τοῖς
971 1649 1194 1720 ὀνείροις
1215 1651 1506 1722 γινομένην
1535 1655 1809 1718 πολλάκις.

245 1741 454 1809 Ὠσπερ
478 1739 606 1811 γάρ,
637 1742 695 1792 οὐ
727 1742 1093 1810 πληττομένου
1131 1742 1225 1795 τοῦ
1254 1744 1432 1813 ἀέρος,
1468 1744 1810 1815 λαμϐάνομεν

241 1849 362 1884 τινα
407 1832 462 1882 ὲν
494 1835 612 1894 ταῖς
644 1832 762 1885 καθ’
815 1833 977 1886 ὕπνον
1030 1834 1138 1903 (9‘).)
1187 1836 1505 1903 φαντασίαις
1553 1838 1809 1905 ῥημάτων

239 1922 402 1975 τινῶν
435 1924 527 1976 καὶ
557 1925 804 1994 φθόγγων
843 1927 1082 1997 μνήμην.
1113 1927 1172 1978 ού
1207 1926 1292 1978 διὰ
1324 1930 1421 1995 τῆς
1457 1928 1624 1996 ἀκοῆς
1655 1929 1807 1992 δεξά-

243 2029 398 2083 μενοι
433 2012 530 2085 τὴν
565 2015 764 2085 φωνὴν,
795 2015 907 2068 ἀλλ’
958 2015 1125 2083 αὐτῆς
1155 2015 1252 2084 τῆς
1280 2017 1501 2086 καρδίας
1537 2017 1692 2087 ἡμῶν
1717 2037 1812 2071 τυ-

245 2105 545 2177 πωθείσης·
575 2106 825 2177 τοιαύτην
851 2107 971 2159 τινὰ
1003 2107 1108 2177 χρὴ
1137 2105 1376 2176 νομίζειν
1411 2111 1504 2162 καὶ
1538 2111 1634 2181 τὴν
1663 2112 1812 2182 παρὰ

237 2197 336 2250 τοῦ
370 2198 504 2251 Θεοῦ
548 2199 728 2268 φωνὴν
775 2199 1082 2266 ἐγγίνεσθαι
1120 2202 1233 2262 τοῖς
1283 2201 1604 2271 προφήταις.
1641 2201 1809 2268 Φωνὴ

239 2293 461 2359 Κυρίου
485 2292 580 2345 ἐπὶ
615 2289 730 2343 τῶν
771 2289 1020 2344 ὑδάτων.
1061 2291 1149 2354 Ὠς
1176 2291 1271 2361 μὲν
1295 2291 1429 2361 πρὸς
1453 2293 1512 2344 τὸ
1537 2292 1807 2362 αἰσθητὸν,

239 2384 429 2454 ἐπειδὴ
461 2386 514 2436 αἱ
541 2382 777 2451 νεφέλαι,
806 2382 1021 2436 ἐπειδὰν
1051 2382 1240 2447 ὓδατος
1264 2379 1362 2436 ὦσι
1393 2384 1634 2453 πλήρεις,
1679 2381 1811 2454 ἦχον

239 2477 340 2531 καὶ
366 2478 534 2546 ψόφον
569 2474 886 2530 ἀποτελοῦσι
925 2477 1350 2546 συγκρουόμεναι
1400 2476 1532 2546 πρὸς
1558 2477 1808 2547 ἀλλήλας,

241 2567 439 2635 Φωνὴ,
465 2566 616 2634 φησὶ.
641 2565 858 2632 Κυρίου
895 2564 1127 2617 ἐπὶτῶν
1158 2563 1408 2618 ὑδάτων.
1453 2565 1611 2617 ’Λλλά
1641 2567 1734 2618 καὶ
1763 2567 1814 2617 εἴ

242 2677 347 2713 που
392 2658 502 2725 (95)
553 2656 722 2725 ψόφος
763 2655 967 2709 ὑδάτων
1008 2656 1526 2727 περιρῤηγνυμένων
1565 2659 1677 2710 τισὶ
1703 2658 1810 2710 τῶν

241 2747 548 2804 ἀντιτύπων
573 2749 830 2817 γίγνοιτο,
869 2748 960 2800 καὶ
990 2748 1036 2800 εί
1071 2749 1102 2818 ἡ
1131 2748 1371 2800 θάλασσα
1407 2747 1671 2818 πνεύμασι
1713 2766 1808 2802 τα-

249 2837 555 2910 ρασσομένη
584 2838 918 2908 κυμαίνοιτο,
945 2838 1036 2891 καὶ
1069 2839 1238 2908 βίαιον
1261 2834 1392 2908 ἦχον
1419 2839 1710 2908 ἐκπέμποι,
1744 2839 1812 2892 τὰ

237 2930 426 2999 ἄψυχα
454 2927 627 2982 ταῦτα
656 2929 754 2998 τὴν
777 2927 926 2998 παρὰ
947 2927 1039 2980 τοῦ
1070 2927 1270 2997 Κυρίου
1305 2927 1415 2997 ἔχει
1461 2927 1641 2997 φωνὴν
1665 2968 1678 2990 ,
1704 2929 1811 2980 δει-

240 3022 464 3085 κνύντος
485 3021 577 3075 τοῦ
607 3022 786 3091 λόγου,
814 3022 894 3074 ὅτι
939 3021 1085 3072 πᾶσα
1117 3021 1148 3087 ἡ
1188 3019 1362 3082 κτίσις
1405 3019 1678 3088 μονονουχὶ
1714 3020 1820 3089 βοᾷ

237 3115 331 3169 τὸν
365 3115 561 3184 ἑαυτῆς
587 3114 913 3184 δημιουργὸν
936 3111 1358 3179 ἀναγγέλλουσα.
1391 3110 1506 3163 Κᾶν
1535 3109 1725 3181 βροντὴ
1754 3113 1810 3165 δὲ

238 3207 350 3260 ἀπὸ
395 3207 569 3274 νεφῶν
604 3205 713 3274 (94)
748 3206 976 3273 ἐκραγῇ,
1011 3202 1110 3254 οὐκ
1155 3201 1282 3255 ἄλλο
1308 3219 1361 3253 τι
1408 3200 1511 3270 χρὴ
1547 3203 1806 3272 νομίζειν,
1837 3236 1877 3292 c

238 3300 275 3370 ἢ
303 3301 382 3352 ὅτι
402 3302 429 3352 6
447 3299 571 3360 Θεὸς
589 3297 683 3366 τῆς
711 3295 866 3365 δόξης
891 3295 1200 3366 ἐϐρόντησε,
1228 3295 1320 3348 καὶ
1344 3296 1422 3346 ὅτι
1445 3293 1643 3364 Κύριός
1663 3298 1805 3376 ἐστιν

236 3393 268 3443 6
304 3392 400 3459 τὴν
432 3387 600 3457 ὑγρὰν
628 3385 786 3453 φύσιν
831 3386 1066 3456 συνέχων
1101 3387 1168 3438 δι’
1203 3385 1414 3438 ἑαυτοῦ.
1454 3388 1665 3452 Κύριος
1709 3389 1806 3440 ἐπὶ

238 3479 474 3533 ὑδάτων
505 3475 766 3530 πολλῶν.
819 3475 1221 3546 Μεμαθήκαμεν
1268 3475 1374 3546 γὰρ
1410 3477 1466 3527 ὲν
1499 3479 1565 3547 τῇ
1605 3495 1803 3546 κοσμο-

238 3569 423 3640 γενείᾳ
456 3569 597 3639 ὕδωρ
629 3570 810 3622 ὲπάνω
837 3569 942 3622 τῶν
971 3567 1236 3638 οὐρανῶν,
1270 3566 1413 3638 ὓδωρ
1443 3567 1601 3622 πάλιν
1626 3570 1685 3620 τὸ
1709 3571 1806 3638 τῆς

237 3663 498 3724 ἀϐύσσου,
540 3664 724 3733 ἕτερον
762 3661 828 3713 τά
869 3661 1184 3729 συστήματα
1231 3659 1336 3712 τῶν
1371 3659 1671 3713 θαλασσῶν.
1713 3661 1804 3723 Τίς

237 3750 331 3806 οὖν
361 3756 506 3806 ἐστιν
535 3755 562 3805 6
595 3753 912 3822 συγκρατῶν
942 3749 1112 3802 ταῦτα
1132 3790 1146 3811 ,
1192 3751 1284 3802 καὶ
1320 3751 1393 3818 μὴ
1433 3750 1535 3801 ἐῶν
1569 3751 1706 3803 αὐτὰ
1737 3753 1801 3820 τῇ

239 3851 443 3916 φυσικῇ
479 3848 615 3915 ροπῇ
645 3844 902 3915 φέρεσθαι
935 3841 1069 3911 πρὸς
1110 3839 1178 3891 τὰ
1204 3842 1352 3893 κάτω
1400 3841 1528 3910 (93),
1574 3841 1604 3912 ἢ
1635 3844 1662 3893 6
1691 3842 1798 3893 Κύο

241 3956 355 4010 ριος
385 3939 412 3990 ὁ
460 3941 570 3999 τοῖς
619 3939 779 3988 πᾶσιν
821 3931 1166 4004 ἐμϐεϐηκὼς,
1204 3930 1261 3993 ὃς
1307 3933 1400 3983 καὶ
1445 3933 1550 3984 τῶν
1599 3934 1804 3985 ὑδάτων

237 4031 351 4100 ἔχει
384 4029 445 4080 τὸ
492 4028 725 4096 κράτος;
756 4027 905 4094 Τάχα
937 4027 993 4078 δὲ
1031 4026 1122 4078 καὶ
1165 4023 1594 4095 μυστικώτερον,
1633 4025 1801 4094 Φωνὴ

235 4121 456 4188 Κιιοίου
489 4119 583 4172 ἐπὶ
613 4118 728 4172 τῶν
751 4117 1001 4179 ὑδάτων,
1027 4119 1118 4184 ile
1152 4116 1495 4187 βαπτισθέντι
1525 4119 1602 4187 τῷ
1632 4120 1802 4188 Ἰησοῦ

164 4230 166 4233 '
236 4213 457 4280 ἐγένετο
483 4209 684 4265 ἄνωθεν
706 4210 877 4280 φωνὴ,
901 4211 981 4262 ὅτι
1004 4205 1186 4274 Οὗτός
1212 4209 1380 4261 ἐστιν
1403 4211 1434 4261 ό
1465 4209 1592 4272 Υἱός
1619 4227 1735 4275 μου
1771 4213 1803 4262 ὀ

234 4303 562 4373 ἀγαπητός.
613 4302 742 4354 Τότε
776 4301 884 4371 γὰρ
928 4302 955 4352 6
995 4299 1193 4370 Κύριος
1231 4300 1328 4369 μὲν
1358 4296 1424 4369 ἦν
1474 4300 1560 4352 ἐπὶ
1599 4300 1802 4352 ὑδάτων

236 4396 468 4455 πολλῶν,
513 4395 750 4461 ἀγιάςισιν
789 4393 855 4445 τὰ
886 4392 1050 4444 ὕδατα
1087 4392 1172 4444 διὰ
1205 4391 1297 4444 τοῦ
1339 4393 1738 4462 βαπτίσματοςο
1776 4397 1803 4446 6

231 4486 294 4540 δὲ
321 4488 450 4549 Θεὸς
493 4487 590 4554 τῆς
619 4487 772 4556 δόξης
815 4488 880 4554 τῇ
943 4483 1320 4554 μεγαλοφωνίᾳ
1367 4485 1463 4552 τῆς
1501 4485 1801 4555 μαρτυρίας

1918 644 2096 714 Moyse
2134 645 2238 701 :Et
2262 647 2427 698 omnis
2470 646 2688 714 papulas
2735 648 2938 701 ridebat
2979 665 3148 702 vocem
3193 661 3242 703 et
3274 649 3479 719 lampa-

1914 737 2000 787 des
2027 736 2090 787 ⁸ο.
2109 735 2172 788 Et
2193 735 2330 804 apud
2356 735 2542 789 Isaiam
2572 751 2782 788 rursus;
2811 735 2926 790 Vox
2947 738 3184 804 dicentis,
3209 738 3394 793 Clama
3410 742 3477 794 ".

1914 824 2025 880 Vox
2051 827 2263 893 quidem
2316 836 2400 880 est
2441 829 2578 894 apud
2626 843 2720 881 nos
2778 838 2870 881 aut
2918 843 3010 881 aer
3045 843 3348 892 percussus,
3387 841 3482 884 aut

1915 919 2122 985 species
2138 919 2376 986 quaedam
2409 917 2460 972 in
2491 933 2614 973 aere
2642 919 3099 990 impressa.quam
3123 923 3209 991 qui
3240 938 3480 991 pronun-

1916 1010 2042 1073 tiat,
2074 1010 2374 1076 exprimere
2418 1009 2548 1064 vult.
2595 1010 2730 1075 Quid
2762 1010 2927 1078 igitur
2973 1023 3057 1066 est
3097 1028 3198 1066 vox
3224 1014 3479 1069 Domini?

1915 1103 2260 1171 percussione
2289 1102 2338 1155 in
2372 1117 2496 1157 aere
2517 1101 2735 1170 intelligi
2767 1103 2942 1165 debet,
2964 1119 3031 1156 an
3055 1119 3149 1157 aer
3172 1119 3475 1172 percussus.

1914 1193 1978 1246 ad
2021 1207 2178 1247 aures
2207 1208 2374 1261 usque
2410 1195 2726 1263 perveniens
2761 1195 2908 1264 ejus,
2941 1196 3004 1246 ad
3041 1211 3197 1264 quem
3241 1197 3299 1250 iit
3325 1199 3473 1251 vox?

1915 1283 2107 1338 Utrum
2147 1294 2396 1338 neutrum
2447 1286 2657 1347 horum,
2708 1290 2802 1340 sed
2858 1287 3078 1343 alterius
3126 1292 3335 1358 generis
3366 1289 3480 1345 bzec

1913 1391 2013 1430 vox
2051 1386 2154 1443 est,
2188 1392 2306 1445 quae
2333 1377 2382 1430 in
2413 1389 2592 1432 mente
2616 1379 2870 1433 horumce
2893 1379 3166 1435 hominum
3206 1399 3341 1452 quos
3368 1387 3480 1439 vult

1915 1467 2053 1522 Deus
2093 1484 2242 1522 suam
2282 1483 2464 1522 vocem
2517 1470 2718 1533 audire,
2753 1472 3068 1540 recipiatur,
3105 1475 3477 1543 consignetur-

1913 1574 2036 1628 que,
2067 1562 2136 1612 ita
2172 1571 2228 1613 ut
2280 1561 2392 1614 haec
2441 1561 2718 1628 phantasia
2763 1578 2881 1615 cum
2933 1579 2994 1617 ca
3041 1580 3160 1632 quae
3201 1567 3393 1636 smpius
3426 1569 3477 1621 in

1911 1651 2114 1704 somnis
2143 1653 2218 1714 fit,
2237 1652 2430 1706 habeat
2447 1653 2820 1720 cognationem
2847 1665 3004 1725 atque
3026 1658 3474 1712 convenientiam.

1913 1742 2370 1808 Quemadmodum
2400 1745 2563 1808 enim,
2592 1760 2716 1800 aere
2739 1761 2842 1799 non
2875 1762 3157 1816 percusso,
3189 1751 3475 1817 quamdam

1915 1833 2197 1887 verborum
2227 1844 2280 1887 et
2308 1849 2558 1888 sonorum
2602 1837 2913 1890 memoriam
2958 1837 3009 1891 in
3051 1839 3346 1908 phantasiis
3382 1857 3479 1908 per

1913 1939 2156 1977 somnum
2189 1925 2500 1994 accipimus,
2526 1941 2825 1995 quanquam
2858 1943 2956 1980 vox
2983 1945 3077 1997 per
3104 1931 3338 1984 auditum
3371 1948 3473 1984 non

1915 2014 2203 2081 recipitur,
2241 2015 2331 2068 sed
2392 2015 2441 2066 in
2497 2017 2611 2083 ipso
2663 2017 2823 2070 corde
2885 2029 3067 2071 nostro
3115 2020 3474 2088 imprimitur;

1913 2103 2073 2155 etiam
2105 2103 2362 2170 ejusmodi
2395 2119 2572 2157 vocem
2599 2105 2650 2158 in
2672 2107 2944 2174 prophetis
2971 2123 2997 2160 a
3029 2108 3136 2162 Deo
3158 2112 3474 2177 productam

1913 2192 2077 2248 fuisse
2133 2193 2352 2248 credere
2388 2211 2484 2263 par
2515 2205 2614 2250 est.
2673 2195 2783 2250 Vox
2834 2197 3046 2253 Domini
3090 2218 3244 2267 super
3288 2220 3473 2271 aquas.

1913 2283 2062 2350 Quod
2089 2286 2299 2354 quidem
2328 2289 2391 2340 ad
2436 2287 2688 2342 sensibile
2723 2291 2916 2342 attinet
2963 2309 2976 2356 ;
3010 2295 3261 2361 quoniam
3306 2297 3474 2350 nubes

1912 2376 2068 2429 simul
2102 2383 2158 2431 ut
2192 2379 2341 2447 aquis
2375 2379 2632 2436 conferta:
2657 2391 2802 2443 sunt,
2835 2397 3020 2435 sonum
3064 2386 3472 2456 strepitumque,

1911 2469 2035 2521 dum
2069 2470 2211 2524 inter
2232 2485 2288 2523 se
2318 2471 2665 2536 colliduntur,
2703 2477 2886 2538 edunt,
2926 2477 3043 2531 ideo
3076 2479 3150 2530 ait
3183 2491 3197 2532 :
3237 2477 3349 2532 Vox
3378 2481 3477 2532 Do-

1912 2560 2040 2612 mini
2063 2577 2216 2629 super
2242 2579 2423 2630 aquas.
2457 2562 2562 2618 Sed
2592 2574 2648 2616 et
2694 2566 2864 2620 sicubi
2903 2567 2993 2622 fiat
3018 2569 3271 2639 strepitus
3307 2585 3475 2639 aqua-

1913 2667 2028 2705 rum
2057 2652 2125 2707 ob
2171 2656 2490 2708 renitentem
2543 2655 2770 2724 aliquem
2803 2658 3010 2712 obicem
3039 2661 3396 2729 diruptarum,
3422 2675 3475 2716 et

1911 2743 1954 2798 si
1987 2758 2136 2798 mare
2158 2745 2331 2797 ventis
2357 2746 2610 2814 agitatum
2640 2757 2923 2813 exaestuet,
2950 2759 3002 2802 et
3029 2749 3315 2804 violentum
3352 2747 3476 2807 i-dat

1911 2848 2122 2898 sonum,
2161 2835 2240 2888 hae
2273 2850 2359 2888 res
2389 2836 2692 2888 inanimata:
2715 2853 2743 2888 a
2773 2837 2998 2892 Domino
3025 2841 3218 2894 habent
3249 2857 3430 2896 vocent
3458 2862 3471 2896 :

1911 2923 2104 2992 quippe
2141 2924 2375 2976 ostendit
2400 2923 2699 2991 Scriptura,
2733 2941 2918 2980 omnes
2960 2943 3045 2981 res
3080 2939 3290 2984 creatas
3317 2932 3475 3000 Opiti-
3511 2990 3514 2998 ,

1910 3027 2025 3066 cem
2054 3029 2206 3067 suum
2235 3015 2614 3071 annuntiantes
2637 3027 2837 3070 tantum
2866 3034 2966 3072 non
2989 3020 3219 3076 clamare
3237 3023 3300 3076 δ’,
3323 3023 3472 3088 Quod
3501 2999 3508 3009 Ι
3550 3076 3594 3096 Α.

1911 3104 1955 3156 si
1981 3105 2175 3157 tonitru
2207 3120 2272 3158 ex
2307 3105 2534 3160 nubibus
2555 3107 2834 3175 obstrepit,
2861 3109 2987 3162 nihil
3013 3111 3152 3163 aliud
3181 3114 3470 3180 putandum

1911 3205 2009 3262 est,
2040 3199 2140 3250 nisi
2175 3199 2313 3267 quod
2373 3198 2512 3251 Deus
2562 3200 2856 3267 majestatis
2908 3202 3216 3267 intonuerit,
3245 3214 3298 3258 et
3330 3207 3470 3273 quod

1913 3289 2164 3343 Dominus
2190 3293 2278 3354 sit,
2314 3292 2402 3360 qui
2455 3307 2549 3361 per
2596 3294 2827 3362 seipsum
2885 3294 3155 3348 humidam
3201 3298 3474 3353 contineat

1909 3391 2172 3435 naturam.
2205 3382 2456 3436 Dominus
2489 3401 2644 3451 super
2691 3398 2852 3454 aquas
2899 3387 3110 3439 multas.
3141 3388 3472 3455 Agnovimus

1906 3473 2045 3526 enim
2106 3473 2156 3526 in
2219 3475 2396 3526 mundi
2434 3477 2798 3542 procreatione
2856 3491 3046 3543 aquam
3099 3493 3260 3546 super
3284 3481 3468 3542 caelos,

1907 3577 2096 3630 aquam
2157 3579 2341 3617 rursus
2387 3565 2596 3632 abyssi,
2630 3567 2753 3618 item
2809 3565 2967 3619 aliam
3022 3583 3247 3632 aquam,
3281 3585 3472 3639 nempe

1907 3653 2346 3721 congregationes
2377 3655 2538 3707 maris
2561 3655 2622 3707 ⁸³.
2642 3653 2772 3721 Quis
2795 3657 2953 3723 igitur
2979 3667 3060 3712 est
3087 3659 3174 3726 qui
3206 3659 3316 3713 haec
3343 3675 3472 3713 con-

1906 3746 2092 3806 tineat,
2122 3760 2220 3799 uec
2243 3759 2302 3798 ea
2336 3746 2473 3798 sinat
2503 3747 2729 3799 naturali
2761 3749 2994 3815 pondere
3025 3750 3270 3802 deorsum
3315 3752 3469 3812 ferri,

1906 3837 2009 3890 nisi
2045 3839 2422 3906 Dominus,qui
2453 3839 2580 3891 nihil
2608 3854 2710 3890 non
2745 3839 3018 3909 pertingit,
3062 3840 3262 3908 quique
3309 3857 3470 3909 aqua-

1907 3947 2020 3986 rum
2052 3933 2212 3986 habet
2239 3933 2516 3999 imperium
2545 3932 2784 3987 ?Forsan
2811 3949 2935 3988 vero
2964 3946 3017 3988 et
3047 3937 3211 4003 magis
3244 3937 3467 4006 myStice

1913 4023 2026 4076 Vox
2053 4023 2263 4076 Domini
2313 4039 2466 4092 super
2496 4041 2658 4092 aquas
2700 4037 2811 4078 erat
2834 4065 2847 4087 ,
2882 4041 2999 4079 cum
3036 4027 3304 4095 baptizato
3342 4027 3466 4081 Jesu

1906 4117 2040 4169 facta
2080 4124 2163 4170 est
2211 4131 2442 4184 superne
2482 4131 2624 4170 vox:
2671 4116 2768 4168 llic
2803 4128 2875 4169 est
2925 4117 3097 4169 Filius
3143 4135 3283 4171 meus
3340 4121 3469 4171 dile-

1904 4221 2014 4260 ctus
2057 4207 2119 4259 ⁶³.
2157 4208 2306 4263 Tunc
2357 4211 2497 4262 enim
2553 4211 2802 4261 Dominus
2858 4225 3018 4276 super
3070 4211 3264 4264 multas
3309 4213 3469 4281 118

1903 4315 2068 4369 aquas
2102 4311 2220 4354 erat
2251 4320 2261 4354 :
2292 4301 2484 4368 quippe
2508 4301 2594 4368 qui
2636 4316 2730 4369 per
2776 4301 3101 4368 baptismum
3133 4304 3286 4369 aquis
3339 4320 3470 4355 Cur-

1905 4392 2070 4447 I'erret
2108 4394 2444 4445 sanctitatem
2484 4409 2495 4442 :
2533 4392 2671 4444 Deus
2717 4404 2892 4446 autem
2931 4393 3112 4460 gloria:
3161 4394 3266 4445 alta
3317 4398 3468 4447 testi-

1904 4485 2065 4536 monii
2085 4485 2163 4536 sui
2190 4499 2316 4538 voce
2348 4487 2574 4553 desuper
2603 4486 2848 4538 intonuit.
2869 4487 3042 4552 Atque
3081 4487 3242 4540 etiam
3277 4487 3465 4541 relicta

234 4576 440 4629 ἄνωθεν
477 4575 858 4646 ὲπεὸρόντησε.
903 4575 1012 4626 Καὶ
1069 4577 1179 4637 τοῖς
1213 4575 1622 4644 βαπτιζομένοις
1665 4577 1721 4628 δὲ
1766 4580 1797 4645 ἡ
1835 4582 1840 4635 l

1910 4592 1933 4628 a
1985 4578 2208 4632 Domino
2263 4593 2361 4631 vox
2422 4593 2582 4646 super
2637 4577 2970 4644 baptizandis
3029 4580 3404 4647 pronuntiatur
3451 4597 3464 4632 :

233 4666 387 4737 παρὰ
423 4665 515 4718 τοῦ
572 4666 773 4736 Κυρίου
810 4665 1226 4734 καταλειφθεῖσα
1273 4668 1420 4736 φωνὴ
1455 4669 1796 4734 ὲπιλέγεταιο

233 4759 629 4826 Πορευθέντες
670 4758 800 4827 γὰρ,
844 4759 1006 4828 φησὶ.
1034 4759 1346 4820 βαπτίζετε
1387 4762 1474 4823 εἰς
1511 4762 1573 4813 τὸ
1613 4761 1798 4830 ὄνομα

232 4849 342 4901 τοῦ
374 4850 618 4915 Πατρός,
651 4850 745 4901 καὶ
796 4849 900 4902 τοῦ
935 4849 1097 4911 Υἱοῦ,
1127 4850 1223 4903 καὶ
1258 4851 1362 4903 τοῦ
1411 4854 1579 4920 ἁγίου
1614 4856 1796 4907 Πνεύ-

233 4960 437 5010 ματος.
465 4941 634 5009 Φωνὴ
673 4937 784 4996 οὖν
811 4944 1027 5009 Κυρίου
1066 4943 1162 4994 ἐπὶ
1214 4941 1330 4994 τῶν
1380 4943 1628 4996 ὑδάτων.
1677 4947 1801 4996 Συν-

304 5059 350 5089 ⁸⁹
377 5057 510 5111 Gen.
549 5071 638 5115 xv.
668 5055 720 5109 4.
798 5055 841 5086 ⁸ο
882 5053 1048 5109 Exod.
1097 5071 1188 5115 xx,
1230 5055 1323 5110 48.

232 5128 280 5161 ⁵⁸
306 5127 494 5181 Matth.
527 5141 712 5189 xxvttt,
744 5124 826 5180 19.

305 5239 415 5311 (9|)
449 5239 688 5311 Sicrmss.
724 5239 1097 5311 _cum_edi_tione
1127 5233 1488 5311 BasiILEd‘itio
1521 5249 1646 5289 vero
1679 5235 1781 5311 Pa-

233 5305 332 5366 ris.
365 5305 499 5380 πρὸς
527 5309 606 5380 ὃν,
636 5309 790 5362 male.
816 5309 1020 5380 iStatim
1053 5310 1221 5380 codex
1247 5305 1617 5380 ACorderianus
1653 5307 1784 5380 πρό-

230 5397 387 5449 τερον
413 5376 512 5449 pro
533 5378 775 5449 πότερον,
813 5379 952 5430 haud
1005 5388 1165 5430 recte.
1197 5376 1442 5443 Alioquin
1475 5379 1780 5449 enimset-i-

232 5446 356 5519 pter
387 5446 676 5519 aﬂirmaret
699 5449 837 5515 quod
877 5457 1325 5519 mox-negaturus
1363 5455 1463 5496 est.
1496 5446 1780 5519 Corderius

233 5515 364 5575 falsa
381 5518 646 5584 seriptura
677 5520 948 5581 deceptus,
977 5515 1052 5566 sic
1081 5518 1462 5582 interpretatur
1498 5534 1508 5566 :
1546 5516 1778 5567 Primum

231 5587 653 5658 percussiocirca
676 5603 842 5640 aerem
875 5584 1216 5658 intelligatur,
1243 5585 1318 5635 vel
1343 5596 1588 5658 aer,__etc.

303 5659 416 5730 (92)
452 5656 548 5730 εἰς
585 5669 726 5730 _mss.
772 5657 1026 5730 et‘editio
1067 5653 1415 5730 Basileensis.
1447 5652 1601 5716 Illud,
1642 5655 1772 5730 ,καθ’

231 5721 419 5791 ὕπνον,
450 5728 501 5779 in
535 5723 768 5777 editione
816 5724 988 5776 Paris.
1038 5725 1295 5778 omissum
1347 5721 1511 5778 fuisse
1569 5727 1781 5780 videtur

228 5799 514 5856 oscitantis
544 5794 1008 5863 typograpborum.

299 5869 410 5939 (95)
445 5867 581 5919 Editi
613 5875 666 5918 et
697 5879 824 5918 mss.
859 5879 961 5916 non
996 5865 1147 5933 pauci
1179 5864 1231 5918 εἴ
1269 5887 1391 5935 που,
1431 5869 1584 5940 φησί.
1624 5868 1781 5933 Illud,

509 5961 780 6022 Parnm“
812 5962 926 6020 tia.
960 5961 1011 6018 Χ
1029 5960 1172 6019 XIX
1188 6006 1205 6023 .

1403 5058 1445 5087 “
1472 5057 1570 5108 lsa.
1609 5057 1764 5120 xL,6.

1843 5057 1884 5086 ⁶¹
1921 5053 2058 5108 PsaI.
2104 5069 2259 5117 xvm,
2288 5057 2344 5109 9..

1904 4672 2100 4722 Euntes
2123 4672 2278 4730 enim,
2315 4671 2501 4736 inquit,
2533 4669 2791 4731 baptizale
2840 4669 2894 4720 in
2937 4671 3142 4720 nomine
3191 4667 3391 4732 Patris,
3419 4682 3463 4721 et

1907 4759 2056 4823 Filii,
2083 4773 2127 4813 et
2159 4761 2382 4828 Spiritus
2415 4759 2580 4809 sancti
2616 4758 2680 4813 ⁸⁵.
2723 4758 2833 4812 I'oa:
2876 4762 3034 4828 igitur
3062 4759 3272 4813 Domini
3315 4777 3468 4826 super

1906 4869 2088 4921 aquas.
2131 4852 2216 4904 Fit
2260 4859 2434 4902 autem
2487 4851 2718 4913 tonitru,
2762 4853 2973 4919 quando
3025 4853 3245 4921 spiritus
3291 4851 3466 4904 siccus

1909 4955 1963 4997 et
2002 4943 2286 5004 violentus,
2314 4943 2366 4996 in
2418 4945 2572 4997 nubis
2620 4958 2855 4997 concavo
2894 4943 3150 5006 inclusus,
3198 4957 3261 4996 ac
3305 4945 3464 4997 vehe-

2422 5056 2465 5086 ⁶³
2496 5055 2628 5110 Gen.
2661 5073 2698 5118 I,
2732 5055 2883 5108 7-10.
2961 5055 3004 5084 “
3032 5053 3220 5110 Matth.
3259 5071 3339 5122 tu,
3377 5057 3462 5110 l7.

1891 5239 2044 5310 φησί,
2074 5256 2172 5293 nec
2199 5241 2249 5292 in
2281 5240 2410 5306 Reg.
2451 5239 2705 5301 secundo,
2734 5255 2830 5294 uec
2853 5240 2906 5294 in
2937 5243 3085 5297 Colb.
3118 5250 3271 5295 sexto
3303 5257 3455 5310 repp-

1890 5309 2044 5381 ritur,
2080 5312 2237 5375 idque
2277 5311 2486 5362 melius.
2520 5310 2714 5381 Ibidem
2743 5325 2875 5364 mss.
2903 5313 3005 5366 duo
3029 5313 3198 5381 ψόφος
3225 5313 3317 5364 ἐπὶ
3346 5309 3454 5363 τῶν

1888 5377 2114 5431 ὑδάτων.
2145 5381 2335 5431 Statim
2396 5379 2630 5431 nonnulli
2677 5395 2806 5434 mss.
2839 5397 2959 5436 cum
3016 5377 3173 5436 editis
3222 5383 3452 5448 γένοιτο.

1887 5449 1987 5500 Alii
2013 5452 2228 5520 γίνοιτο.
2259 5452 2360 5503 Alii
2383 5463 2603 5501 numero
2636 5451 2816 5518 plures
2842 5453 3099 5520 γίγνοιτο.

1959 5522 2067 5592 (9ί)
2108 5519 2250 5592 Regii
2282 5520 2547 5573 secundus
2585 5519 2886 5589 etquartus
2908 5519 3015 5575 ἀπὸ
3051 5523 3310 5592 νεφελῶν.
3347 5523 3451 5574 lbi-

1886 5587 2004 5662 tlem
2041 5590 2190 5662 Regii
2218 5593 2404 5662 tertius
2435 5598 2490 5641 et
2523 5587 2742 5662 quartus
2766 5593 2870 5662 χρὴ
2900 5597 3060 5648 νοεῖν.
3097 5587 3308 5646 Rursus
3349 5595 3450 5644 hoc

1893 5659 2006 5723 ipso
2031 5663 2079 5712 itt
2109 5659 2222 5732 loco
2255 5660 2385 5726 Reg.
2426 5661 2617 5732 tertius
2665 5659 2941 5727 aliquanto
2976 5664 3148 5718 l'usius
3192 5662 3453 5732 ἐϐρόντη-

1893 5744 1982 5780 σεν
2010 5733 2098 5781 ἐπὶ
2123 5729 2328 5798 ύδὰτων
2361 5729 2591 5788 πολλῶν,
2621 5741 2728 5783 etc.

1965 5801 2072 5870 (93)
2100 5801 2250 5856 Coll).
2279 5811 2503 5868 quartus
2532 5801 2662 5870 πρὸς
2698 5803 2754 5854 τὸ
2786 5801 2954 5856 κάτω.

3113 5967 3182 6024 10
