4260 6516
287 457 396 512 995

1384 454 1666 510 IlOlllLIA
1704 452 1772 508 IN
1811 453 2140 511 PSALMCM
2181 454 2416 512 XXVIII.

3424 465 3524 516 29-1

292 577 541 647 πράξεων
591 578 887 648 ἐνεργείας,
944 579 971 630 ὀ
1003 577 1237 640 τοιοῦτος
1293 577 1479 629 ἀκούει
1522 576 1858 646 μεγαλοπρε-
1891 584 1974 638 At

1838 605 1858 614 -
1891 584 1935 638 Α
1967 574 2241 629 aﬂectihus
2277 575 2434 628 fuerit
2475 575 2661 636 libera,
2697 576 3073 643 acceperitque
3103 579 3520 647 magnitudinem

291 671 419 738 πῆς.
453 670 618 722 Ὅταν
641 667 731 722 οῦν
763 669 905 740 ψυχὴ
935 669 1229 731 ἁδούλωτος
1323 668 1398 738 τῷ
1435 671 1736 741 φρονήματι
1766 668 1862 736 τῆς

292 760 512 830 σαρκὸς,
571 759 796 829 μέγεθος
838 761 893 812 δὲ
933 763 1027 813 καὶ
1062 760 1138 825 (9.)
1188 758 1402 828 ἀξίωμα
1431 760 1636 829 πρέπον
1697 760 1860 828 ἑαυτῇ

291 851 356 902 ὲκ
385 851 480 920 τῆς
511 852 910 922 συναισθήσεως
943 852 1046 904 τῶν
1091 851 1397 921 προσόντων
1430 853 1563 921 αὐτῇ
1597 850 1699 902 άπὸ
1729 851 1861 902 Θεοῦ

292 942 559 1015 ἀναλάϐῃ,
601 946 656 995 ἐν
686 945 854 1015 ταύτῃ
884 943 1090 1010 γίνεται
1146 946 1176 1013 ἡ
1211 943 1361 1013 φωνὴ
1391 941 1481 995 τοῦ
1538 943 1761 1011 Κυρίου.
1801 943 1862 992 Οἱ

290 1030 385 1086 οὖν
425 1035 784 1104 μεγαλοερυεῖς
827 1034 923 1104 μὲν
952 1033 1163 1102 ἔχοντες
1186 1034 1284 1096 τὰς
1319 1035 1446 1106 περὶ
1472 1033 1605 1085 Θεοῦ
1637 1032 1860 1095 ἐννοίας,

295 1127 513 1196 ὑψηλῶς
553 1126 608 1180 δὲ
655 1127 1055 1196 τεθεωρηκότες
1089 1127 1214 1189 τοὺς
1239 1127 1363 1196 περὶ
1401 1125 1627 1203 κτίσεως
1652 1123 1859 1191 λόγους,

295 1220 390 1271 καὶ
423 1218 738 1287 δυνηθέντες
783 1217 873 1268 ἐπὶ
914 1217 1078 1269 ποσὸν
1108 1216 1237 1283 γοῦν
1270 1215 1542 1268 ἐπιϐαλεῖν
1574 1214 1651 1283 τῷ
1677 1213 1862 1282 ἀγαθῷ

291 1310 390 1379 τῆς
419 1309 511 1362 τοῦ
533 1309 665 1362 Θεοῦ
693 1309 965 1379 προνοίας,
1001 1312 1094 1360 καὶ
1125 1307 1346 1380 προσέτι
1373 1307 1428 1358 ἐν
1449 1308 1566 1367 ταῖς
1602 1306 1862 1366 δαπάναις

292 1401 550 1470 ἀφειδεῖς,
591 1401 682 1452 κα)⁸
731 1399 1092 1469 μεγαλόδωροι
1139 1402 1194 1452 ἐν
1222 1398 1298 1468 τῷ
1336 1397 1432 1460 τάς
1474 1397 1580 1449 τῶν
1622 1396 1862 1463 ἁδελψῶν

291 1495 482 1564 χρείας
515 1491 964 1562 ἐπανορθοῦσθαι,
993 1486 1139 1544 οὗτοί
1162 1492 1297 1542 εἰσιν
1320 1491 1368 1542 οί
1407 1489 1859 1559 μεγαλοπρεπεῖς,

289 1585 350 1636 ἐν
397 1581 537 1653 οἷςή
577 1584 725 1654 φωνὴ
783 1582 876 1634 τοῦ
912 1583 1110 1652 Κυρίου
1161 1580 1590 1651 ἐμπολιτεύεται.
1628 1579 1716 1649 Τῷ
1753 1581 1862 1633 ὄντι

289 1677 397 1744 γάρ
427 1678 453 1727 ὁ
503 1675 922 1745 μεγαλοπρεπὴς
969 1675 1210 1744 ὑπερορᾷ
1239 1674 1415 1727 πάντα
1448 1673 1516 1726 τά
1555 1672 1859 1742 σωματικά,

289 1766 498 1827 οὐδενὸς
526 1762 661 1819 εἶναι
706 1767 828 1830 ἄξια
876 1766 1072 1834 κρίνων
1101 1766 1257 1834 λόγου
1301 1768 1366 1835 τῇ
1413 1765 1711 1835 παραθέσει
1756 1765 1861 1816 τῶν

291 1859 553 1926 ἀοράτων.
597 1858 699 1910 Τὸν
748 1857 1138 1928 μεγαλοπρεπῆ
1183 1857 1404 1927 οὐδεμία
1441 1857 1667 1924 λυπήσει
1707 1857 1863 1926 περί*

292 1966 478 2011 στάσις
499 1966 511 1978 ·

288 2037 680 2110 ἀνθρωπαρίων
743 2040 961 2108 φαύλων
1003 2038 1094 2091 καὶ
1154 2038 1645 2107 εὐκαταφρονήτων
1687 2039 1863 2109 ἁμαρ-

286 2129 505 2198 τήματα
557 2131 800 2200 κινήσει·
841 2130 959 2182 οὐδὲ
993 2127 1301 2198 ἀκαθαρσία
1344 2128 1442 2198 τῆς
1474 2129 1672 2200 σαρκὸς
1705 2129 1864 2182 αὑτὸν

286 2222 628 2276 ταπεινώσει.
665 2223 1028 2293 Δυσπρὸσιτος
1065 2222 1174 2293 γάρ
1205 2224 1318 2275 ἐστι
1375 2226 1484 2285 τοῖς
1547 2241 1865 2276 ταπεινωτι-

287 2316 404 2377 κοῖς
457 2315 701 2373 πάθεσιν.
757 2314 874 2366 οὐδὲ
923 2314 1284 2384 προσϐλέπειν
1346 2314 1492 2385 αὐτῷ
1547 2314 1862 2385 δυναμένοις

283 2405 374 2458 διὰ
405 2406 464 2460 ea
494 2406 628 2472 ὕψος
652 2405 749 2475 τῆς
770 2404 1010 2476 γνώμης.
1039 2407 1266 2474 Λέγεται
1295 2407 1351 2458 δέ
1384 2425 1466 2469 τις
1494 2406 1584 2457 καὶ
1607 2406 1739 2458 Θεοῦ
1771 2423 1864 2476 με·-

286 2499 691 2572 γαλοπρέπεια·
747 2499 821 2562 ὼς
883 2500 962 2562 τὸ,
1009 2499 1262 2569 Ἐπήρθη
1321 2501 1359 2566 ἡ
1390 2497 1865 2567 μεγαλοπρέπειά

285 2609 406 2644 σου
434 2591 704 2657 ὑπεράνω
734 2591 855 2644 τῶν
884 2591 1174 2660 οὐρανῶν.
1210 2594 1271 2644 Οἱ
1299 2588 1390 2642 οὖν
1414 2589 1481 2642 τὰ
1505 2591 1713 2660 μεγάλα
1739 2591 1865 2662 περὶ

285 2681 424 2733 Θεοῦ
459 2680 789 2747 δοξάζοντες,
821 2678 964 2736 οῦτοι
1006 2681 1391 2751 ὑπεραίρουσιν
1426 2680 1588 2732 αὑτοῦ
1628 2680 1724 2750 τὴν
1771 2698 1865 2751 με·

286 2771 711 2842 γαλοπρέπειαν.

358 2863 410 2914 5.
440 2864 610 2932 Φωνὴ
646 2865 866 2930 Κυρίου
901 2862 1329 2929 συντρίϐοντος
1357 2860 1626 2928 κέδρους.
1683 2861 1745 2912 'II
1777 2860 1866 2912 κέ-

282 2955 407 3026 δρος
440 2956 567 3008 ποτέ
612 2955 709 3022 μὲν
735 2955 809 3017 ὡς
843 2954 1086 3024 μόνιμον,
1131 2954 1225 3004 καὶ
1261 2953 1475 3021 σήψεως
1514 2951 1739 3022 βέλτιον,
1774 2951 1866 3003 καὶ

285 3047 504 3111 εὐῶδες,
548 3047 640 3100 καὶ
695 3045 900 3115 σκέπην
937 3045 1115 3098 ἱκανὸν
1165 3043 1502 3114 παρέχεσθαι
1565 3043 1711 3112 παρὰ
1770 3042 1864 3112 τῆς

288 3139 510 3210 Γραφῆς
537 3142 834 3192 ἐπαινεῖται
855 3155 870 3167 ’
906 3138 1032 3190 ποτέ
1065 3138 1119 3188 δὲ
1137 3138 1210 3197 ὡς
1232 3138 1478 3206 ἄκαρπον
1510 3136 1601 3189 καὶ
1624 3136 1862 3204 δυσκαμ-

290 3232 387 3294 πὲς
410 3230 771 3289 διαϐάλλεται,
805 3229 879 3290 ὡς
902 3228 994 3278 καὶ
1018 3226 1197 3277 εἰκόνα
1229 3225 1467 3294 πληροῦν
1494 3224 1587 3277 τοῦ
1614 3223 1858 3286 ἀσεϐοῦς.

1967 682 2028 720 ac
2059 667 2395 736 dignitatem,
2418 681 2534 733 quae
2579 667 2739 736 119
2769 683 2863 735 pro
2890 667 3202 722 facultatum
3233 686 3259 721 a
3307 670 3413 722 Deo
3437 689 3523 720 ae-

1970 770 2247 824 ceptarum
2296 757 2603 824 cognitione
2634 759 2731 810 sibi
2766 759 3070 820 conveniat,
3107 768 3215 812 tum
3249 760 3300 811 in
3332 760 3416 812 illa
3469 761 3526 812 fit

1967 861 2066 898 vox
2092 847 2321 900 Domini.
2348 847 2706 911 Quamobrem
2741 848 2830 915 qui
2870 850 3154 917 magnifice
3190 851 3430 918 cogitant
3461 855 3526 903 de

1969 937 2075 991 Deo
2109 979 2123 1000 ,
2166 947 2218 988 et
2272 937 2562 992 creationis
2615 940 2852 992 rationes
2910 940 3015 994 alte
3067 941 3319 1009 speculati
3378 951 3522 1002 sunt,

1963 1040 2017 1082 et
2065 1031 2393 1096 aliquantum
2454 1029 2645 1083 saltem
2696 1030 2990 1085 bonitatem
3040 1032 3386 1100 providentia:
3435 1035 3522 1087 Dei

1964 1123 2175 1188 assequi
2203 1133 2446 1191 potuere,
2501 1122 2829 1192 insnperque
2861 1125 3004 1192 parci
3036 1141 3140 1178 non
3191 1135 3314 1179 sunt
3362 1127 3411 1178 in
3452 1127 3528 1179 fa-

1964 1213 2172 1267 ciendis
2219 1215 2540 1279 sumptibus,
2579 1223 2630 1263 et
2679 1213 2728 1264 in
2783 1213 3123 1266 sublevandis
3172 1212 3396 1267 fratrum
3432 1232 3523 1269 ne-

1964 1305 2306 1358 cessitatibus
2325 1305 2572 1358 liberales
2585 1314 2728 1370 sunt;
2748 1305 2824 1370 hi,
2847 1306 3221 1372 inquam,sunt
3236 1308 3526 1376 magnifici,

1966 1396 2016 1449 in
2055 1397 2248 1463 quibus
2297 1411 2395 1448 vox
2432 1395 2635 1450 Domini
2692 1395 2977 1448 inhabitat.
3010 1398 3221 1452 Etenim
3271 1400 3362 1468 qui
3402 1415 3528 1453 vero

1967 1488 2282 1555 magniﬁcus
2313 1498 2414 1552 est,
2451 1503 2535 1541 res
2565 1503 2754 1542 omnes
2782 1503 3066 1556 corporeas
3085 1500 3428 1558 aspernatur,
3459 1507 3523 1541 ac

1964 1593 2071 1645 pne
2101 1578 2455 1632 invisibilibus
2499 1594 2591 1630 eas
2644 1577 2774 1632 facit
2828 1580 2997 1631 nihili.
3038 1579 3352 1634 Advers‘tas
3384 1579 3524 1633 nulla

1965 1669 2302 1735 magnificum
2323 1669 2515 1723 aﬂiciet
2547 1670 2789 1733 tristitia,
2821 1670 2963 1723 nulla
2997 1686 3211 1738 prorsus
3243 1673 3380 1725 mala
3404 1682 3528 1726 sum

1965 1759 2110 1812 ilium
2153 1761 2528 1826 perlurbatura
2561 1779 2578 1816 :
2611 1776 2780 1829 neque
2825 1763 3187 1831 improborum
3246 1775 3299 1818 et
3349 1766 3528 1833 despi-

1963 1852 2273 1907 ciemlorum
2319 1853 2760 1907 honntnmtlorum
2807 1865 3019 1921 peccata
3065 1871 3185 1909 eum
3222 1871 3524 1910 commove-

555 1951 674 2002 οὐδὲ
719 1951 853 2013 ὅλως
898 1950 1070 2013 πάθος
1111 1967 1162 2002 τι
1191 1949 1352 2002 αὐτὸν
1400 1946 1708 2016 ἐκταράξει,
1743 1949 1862 2000 οὺδέ
1899 1953 1935 2004 Β
1967 1947 2096 1998 bunt
2125 1987 2140 2010 ,
2198 1964 2237 1998 tu

1839 1947 2140 2010 EBhunt,
2198 1962 2370 2016 neque
2418 1946 2595 2014 ipsum
2658 1949 2920 2018 deprimet
2977 1951 3158 2003 carnis
3218 1949 3521 2018 impurius.

1966 2037 2290 2093 Aﬂectiones
2360 2041 2501 2094 enim
2561 2056 2679 2108 quae
2744 2042 3028 2095 demittunt
3069 2079 3084 2103 ,
3137 2039 3524 2111 abjiciuntqne,

1966 2132 2052 2183 vix
2113 2131 2316 2183 aditum
2367 2132 2432 2184 ad
2493 2131 2638 2184 illum
2689 2131 2967 2185 inveniunt
2995 2172 3010 2192 .
3037 2147 3156 2185 cum
3190 2146 3256 2186 ne
3285 2133 3528 2201 aspicere

1965 2221 2176 2292 quidem
2261 2222 2431 2292 ipsum
2494 2223 2563 2276 ob
2642 2225 2838 2277 mentis
2901 2224 3233 2277 altitudinem
3301 2235 3523 2293 queant.

1971 2314 2176 2367 Dicitur
2221 2322 2400 2366 autem
2453 2321 2508 2366 et
2557 2313 2802 2382 quadam
2853 2312 2945 2366 Dei
3001 2313 3433 2382 magnificentia,
3473 2326 3530 2366 ut

1967 2404 2019 2456 in
2077 2406 2178 2458 hoc
2229 2404 2346 2458 loco
2379 2422 2393 2457 :
2427 2403 2643 2458 Elerata
2689 2416 2762 2458 est
2813 2405 3204 2476 magniﬁcentia
3249 2416 3337 2460 tua
3376 2423 3530 2474 super

1964 2496 2206 2549 catos".
2274 2495 2372 2561 Qui
2430 2496 2592 2566 igitur
2632 2513 2824 2567 magna
2865 2499 2930 2551 de
2985 2499 3094 2552 Deo
3140 2499 3411 2562 sentiunt,
3476 2499 3526 2551 hi

1969 2586 2139 2655 ipsius
2173 2585 2434 2640 extollunt
2463 2588 2939 2657 magniﬁcentiam.

2038 2855 2088 2909 ὅ.
2124 2858 2281 2910 Vens.
2316 2858 2366 2913 5.
2424 2858 2531 2913 Vox
2559 2859 2771 2912 Domini
2799 2861 3170 2932 ronfringcntis
3194 2863 3397 2917 cedrus.
3430 2864 3531 2920 Ceo

1966 2943 2095 2997 drus
2129 2948 2285 3000 modo
2327 2957 2384 2999 ut
2436 2964 2522 3002 res
2578 2951 2808 3013 stabilis,
2864 2960 2916 3005 et
2971 2955 3267 3019 putredinis
3308 2970 3529 3026 expers.

1967 3033 2320 3104 odorataque,
2352 3046 2406 3090 et
2463 3039 2527 3090 ad
2563 3041 2902 3107 pru'beudum
2947 3052 3156 3110 tegmen
3185 3055 3306 3113 apta
3331 3062 3359 3098 a
3387 3047 3530 3102 Scrio

1964 3138 2118 3196 ptura
2171 3127 2457 3195 laudatur;
2521 3131 2678 3184 modo
2745 3140 2802 3184 ut
2860 3131 3194 3188 infructuosa
3266 3146 3320 3190 et
3383 3154 3527 3207 aegre

1968 3217 2215 3273 ﬂexibilis
2253 3223 2608 3290 vituperatur,
2633 3225 2766 3277 adeo
2793 3234 2851 3276 ut
2879 3225 3023 3294 impii
3050 3226 3209 3279 etiam
3240 3226 3526 3297 imaginem

290 3292 471 3378 Εἶδον
496 3324 602 3389 γὰρ
632 3321 738 3373 τὸν
756 3317 942 3384 ἀσεϐῆ
971 3292 1468 3386 ὺπερυερὀύμενον
1497 3318 1590 3369 καὶ
1629 3317 1863 3382 ἑποιρό-
1890 3292 1934 3352 C
1969 3327 1972 3363 ι

1843 3292 1934 3353 -C
1969 3312 2147 3374 ferat,
2203 3311 2548 3382 impleatque.
2609 3313 2729 3366 Vidi
2775 3317 2909 3367 enim
2956 3292 3193 3383 impium
3216 3292 3525 3385 exaltatum,

283 3435 473 3486 μενον
498 3416 577 3480 ὡς
615 3415 720 3481 τὰς
749 3412 994 3481 κέδρους
1026 3413 1130 3467 τοῦ
1159 3412 1434 3467 Λιϐάνου.
1473 3411 1608 3464 Καθ’
1648 3411 1676 3462 ὃ
1704 3411 1776 3478 (5)
1803 3408 1863 3462 τὸ

289 3506 684 3576 σημαινόμενον
745 3507 838 3558 καὶ
891 3504 984 3557 νῦν
1035 3504 1377 3576 παρελήφθη.
1436 3504 1499 3556 Ἡ
1554 3503 1661 3574 γὰρ
1711 3501 1861 3573 φωνὴ

287 3599 381 3652 τοῦ
429 3599 632 3668 Κυρίου
683 3599 955 3670 συντρίϐει
997 3597 1238 3667 κέδρους.
1306 3596 1516 3665 ’Ὠσπερ
1549 3595 1656 3664 γὰρ
1701 3595 1758 3644 ἐν
1795 3595 1861 3662 τῇ

293 3691 694 3764 μεγαλοπρεπεῖ
751 3692 893 3762 ψυχῇ
938 3691 1162 3759 γίνεται,
1225 3686 1364 3740 οὕτω
1413 3691 1535 3750 τοὺς
1595 3686 1716 3756 εἰκῆ
1769 3703 1865 3754 φυ-

293 3784 631 3852 σιουμένους,
673 3786 798 3845 τοὺς
856 3783 1177 3851 ἐπαίροντας
1229 3778 1452 3840 ἑαυτοὺς
1514 3779 1570 3829 ἐν
1609 3782 1720 3840 τοῖς
1774 3795 1862 3830 νο-

296 3872 606 3941 μιζομένοις
644 3870 898 3940 ὑψώμασι
958 3870 1050 3922 τοῦ
1097 3869 1300 3938 κόσμου
1348 3866 1553 3929 τούτου,
1609 3866 1858 3929 πλούτου,

291 3964 323 4032 ἦ
376 3961 553 4028 δόξης,
583 3960 614 4027 ἢ
647 3961 981 4024 δυναστείας,
1027 3960 1057 4030 ἦ
1121 3959 1346 4022 κάλλους
1377 3957 1645 4027 σώματος,
1704 3958 1736 4028 ἢ
1768 3957 1861 4009 δυ-

292 4054 524 4121 νάμεως.
573 4052 605 4120 ἢ
666 4052 865 4122 ἰσχύος.
918 4050 1222 4121 συντρίϐειν
1267 4049 1502 4116 λέγεται.
1549 4049 1658 4102 Καὶ
1710 4065 1861 4102 συν-

291 4147 483 4214 τρίψει
525 4147 735 4212 Κύριος
770 4144 874 4210 τὰς
917 4144 1165 4211 κέδρους
1204 4143 1310 4197 τοῦ
1344 4140 1620 4196 Λιϐάνου.
1657 4143 1718 4194 Ol
1752 4145 1862 4204 τοῖς

290 4235 587 4306 ἀλλοτρίοις
617 4238 927 4306 πράγμασιν
976 4236 1362 4298 ἐπιϐαίνοντες,
1391 4234 1484 4286 καὶ
1515 4234 1609 4287 ἀπ’
1637 4235 1861 4286 ἐκείνων

294 4330 504 4391 ἑαυτοῖς
534 4327 631 4396 τὴν
658 4326 973 4388 ἀλαζονείαν
999 4327 1341 4392 συνάγοντες,
1368 4318 1510 4377 οῦτοί
1540 4324 1646 4375 εἱσι
1681 4323 1860 4393 κέδροι

291 4421 385 4474 τοῦ
423 4419 670 4473 Λιϐάνου.
711 4419 921 4488 ’Ὠσπερ
941 4419 1048 4490 γὰρ
1074 4419 1128 4471 αἱ
1158 4418 1359 4488 κέδροι,
1387 4416 1506 4469 καθ’
1543 4414 1738 4478 ἑαυτάς
1770 4411 1860 4468 οὗ·

296 4530 383 4564 σαι
411 4513 630 4582 ὑψηλαὶ,
654 4511 730 4582 τῷ
759 4512 842 4562 ἐπ’
869 4510 1025 4580 ὅρους
1065 4508 1266 4579 ὑψηλοῦ
1305 4508 1627 4575 πεφυκέναι,
1674 4509 1737 4559 ἐκ
1764 4507 1861 4576 τῆς

293 4605 605 4674 προσθήκης
634 4603 726 4656 τοῦ
759 4603 913 4673 ὅρους
940 4602 1395 4672 περιφανέστεραι
1417 4601 1687 4667 γίνονται·
1722 4598 1862 4653 οὕτω

293 4698 388 4748 καὶ
415 4698 464 4747 οί
493 4699 602 4757 τοῖς
637 4696 892 4766 φθαρτοῖς
927 4691 1020 4744 τοῦ
1060 4691 1266 4759 κόσμου
1303 4691 1617 4761 πράγμασιν
1649 4693 1862 4761 ἐπερει-

291 4788 502 4858 δόμενοι
526 4786 701 4855 κέδροι
727 4787 822 4857 μέν
849 4788 954 4838 είσι
984 4782 1070 4836 διὰ
1093 4784 1190 4851 τὴν
1218 4783 1530 4847 ἀλαζονείαν
1561 4785 1651 4835 καὶ
1679 4782 1738 4835 τὸ
1767 4784 1862 4852 τῆς

291 4879 528 4940 διανοίας
567 4877 810 4948 ἔπαρμα.
855 4877 1084 4930 Λιϐάνου
1120 4875 1176 4927 δὲ
1217 4877 1392 4947 κέδροι
1434 4874 1862 4946 προσαγορεύον-

291 4988 402 5033 ται,
431 4969 518 5022 διὰ
552 4968 609 5021 τὸ
636 4967 712 5035 τῷ
737 4968 999 5037 ἀλλοτρίῳ
1027 4964 1277 5035 ὑψώματι
1317 4965 1735 5034 ἐπαγάλλεσθαι,
1772 4967 1862 5018 καὶ

295 5063 400 5116 ὑπὸ
427 5064 527 5132 γῆς
572 5062 663 5114 καὶ
693 5059 800 5113 τῶν
833 5061 1033 5131 γηίνων
1075 5059 1432 5129 πραγμάτων,
1485 5056 1594 5110 οἷον
1635 5059 1736 5109 ὑπὸ
1761 5058 1858 5125 τῆς

293 5154 537 5224 κορυφῆς
573 5151 668 5204 τοῦ
704 5149 954 5211 Λιϐάνου,
987 5148 1118 5218 πρὸς
1155 5145 1466 5209 ἀλαζονείαν
1512 5147 1848 5217 ἐπαίρεσθαι.

293 5243 367 5294 Οὐ
402 5241 580 5301 πάσας
629 5239 807 5300 δὲτὰς
841 5235 1060 5305 κέδρους
1090 5235 1355 5306 συντρίϐει
1402 5237 1429 5285 ὁ
1461 5235 1679 5307 Κύριος,
1718 5235 1851 5287 ἀλλὰ

293 5340 390 5400 τὰς
414 5335 508 5389 τοῦ
540 5336 789 5388 Λιϐάνου.
841 5333 1053 5401 Ἐπειδὴ
1082 5334 1190 5403 γάρ
1226 5329 1660 5398 είδωλολατρείας
1693 5331 1853 5391 τόπος

288 5431 320 5482 ὁ
346 5429 593 5490 Λίϐανος,
631 5427 750 5479 ὅσαι
781 5424 947 5495 ψυχαὶ
974 5424 1284 5493 ἐπαίρονται
1320 5420 1459 5474 κατὰ
1484 5421 1581 5488 τῆς
1606 5420 1854 5486 γνώσεως

358 5563 405 5593 ⁷³
431 5564 569 5617 Psal.
593 5577 709 5628 νηί,
735 5561 789 5615 2.
876 5562 923 5593 "
959 5558 1100 5614 Psal.
1155 5573 1339 5622 xxxvr,
1382 5557 1449 5611 '55

364 5699 441 5769 (2‘,
468 5699 637 5750 Verba
671 5700 781 5762 illa,
823 5697 1049 5768 μέγεθος
1072 5695 1130 5769 δὲ
1163 5693 1278 5769 καί,
1300 5707 1439 5769 Δ(τις,
1461 5693 1552 5769 _ita
1585 5692 1850 5769 interpres

289 5763 447 5824 vetns
479 5769 665 5823 Latine
697 5763 944 5830 reddidit,
971 5780 1027 5820 ut
1049 5766 1324 5829 illud,cit1s‘)
1353 5763 1508 5826 Θεοῦ,
1537 5767 1601 5814 ad
1626 5765 1847 5817 verbum

293 5839 541 5913 ἀναλάϐῃ
598 5843 864 5913 retulerit,
914 5855 1034 5890 eum
1086 5837 1276 5892 referri
1335 5846 1509 5913 tamen
1553 5831 1616 5913 ad
1661 5848 1844 5913 vocem

294 5908 599 5983 προσόντων
631 5912 820 5965 debeat
859 5927 870 5962 :
927 5925 1029 5979 qua
1068 5924 1230 5978 parva
1283 5908 1601 5976 negligentia
1650 5908 1845 5958 mirum

1964 3413 2012 3455 et
2047 3403 2300 3457 eleuatum
2329 3405 2461 3458 sicut
2514 3409 2695 3460 Cedro:
2725 3406 2993 3461 Libani".
3026 3412 3137 3475 Qua
3174 3412 3226 3467 in
3261 3414 3529 3482 significa-

1967 3495 2109 3549 tione
2168 3498 2328 3551 etiam
2374 3514 2516 3554 nunc
2570 3514 2788 3571 accepta
2831 3511 2935 3556 est.
2971 3502 3084 3559 Vox
3143 3507 3288 3560 enim
3321 3509 3525 3563 Domini

1965 3588 2256 3656 confringit
2321 3594 2531 3645 cedros.
2601 3593 2671 3648 Ut
2736 3597 2877 3649 enim
2937 3597 3053 3651 haec
3129 3598 3179 3652 in
3247 3601 3526 3670 magniﬂca

1965 3683 2141 3735 anima
2181 3685 2279 3738 Iit:
2315 3683 2386 3735 ita
2427 3684 2672 3739 homines
2714 3694 2916 3741 temere
2941 3687 3171 3757 inﬂatos,
3202 3692 3291 3760 qui
3325 3692 3530 3761 scipsns

1965 3772 2216 3839 eﬂ'erunt,
2253 3775 2322 3829 ob
2346 3791 2406 3829 ea
2438 3791 2558 3844 quae
2590 3778 2641 3831 in
2683 3778 2712 3831 h
2733 3793 2783 3832 lC
2823 3781 3020 3834 mundo
3043 3781 3148 3834 alta
3173 3797 3237 3836 ac
3280 3782 3525 3836 sublimia

1964 3876 2241 3932 putantur,
2301 3882 2493 3935 nempe
2550 3868 2618 3921 ob
2678 3871 2918 3933 divitias,
2968 3883 3060 3926 aut
3122 3873 3387 3941 gloriam,
3439 3887 3528 3930 aut

1967 3957 2276 4023 imperium,
2333 3967 2426 4010 aut
2481 3961 2727 4028 corporis
2783 3963 3264 4030 pulchritudinem,
3298 3979 3392 4021 aut
3442 3985 3530 4038 po-

1965 4057 2259 4114 testalem,
2337 4061 2430 4104 aut
2498 4052 2692 4118 vires,
2759 4055 2958 4108 dicitur
3010 4058 3372 4128 confringere.
3462 4061 3527 4114 Et

1966 4142 2264 4213 confringet
2307 4144 2562 4199 Dominus
2624 4147 2806 4201 cedro:
2861 4147 3070 4204 Libani.
3130 4151 3337 4208 Alienis
3372 4156 3533 4208 rebus

1963 4233 2053 4301 qui
2103 4235 2368 4297 insident,
2421 4248 2474 4290 et
2537 4253 2603 4290 ex
2643 4241 2723 4292 eis
2779 4240 3004 4306 gloriam
3065 4243 3378 4310 fastumque
3433 4249 3529 4297 sibi

1963 4325 2215 4390 conflant,
2244 4327 2278 4379 ii
2306 4337 2433 4381 sunt
2465 4329 2610 4382 cedri
2646 4328 2857 4385 Libani.
2893 4331 3355 4398 Quemadmodum
3388 4339 3530 4390 enim

1963 4416 2108 4469 cedri
2162 4432 2257 4484 per
2305 4433 2364 4472 se
2412 4419 2534 4475 alta:
2593 4435 2715 4476 cum
2781 4426 2911 4487 sint,
2986 4433 3189 4488 tamen,
3243 4439 3528 4498 propterea

1964 4507 2103 4574 quod
2163 4508 2213 4560 in
2258 4508 2366 4563 alto
2427 4522 2609 4565 monte
2662 4524 2978 4577 nascuntur,
3031 4513 3168 4568 ﬂunt
3214 4531 3282 4570 ex
3332 4521 3530 4570 montis

1894 4642 1936 4695 Β
1966 4601 2276 4655 accessione
2309 4603 2479 4669 magis
2530 4605 2831 4673 conspicua:
2861 4622 2875 4658 :
2911 4607 2990 4660 sic
3022 4624 3237 4677 quoque
3257 4611 3348 4679 qui
3373 4610 3530 4665 ﬂuxis

1967 4693 2145 4747 mundi
2196 4694 2357 4748 rebus
2409 4694 2724 4764 fulciuntur,
2782 4701 2931 4754 cedri
2991 4703 3205 4771 quidem
3275 4716 3400 4758 sunt
3460 4707 3530 4757 ob

1964 4787 2331 4853 arrogantiam
2386 4803 2451 4844 ac
2483 4793 2680 4845 mentis
2740 4794 3062 4860 elationem,
3115 4797 3209 4850 sed
3265 4809 3528 4852 vocantur

1962 4875 2148 4928 Libani
2198 4880 2365 4946 cedri,
2393 4885 2536 4951 quod
2583 4885 2756 4938 aliena
2803 4887 3117 4954 superbiant
3146 4887 3426 4941 altitudine
3473 4899 3529 4942 et

1960 4983 1990 5020 e
2054 4978 2200 5023 terra
2258 4974 2530 5044 rebusque
2588 4978 2936 5032 terrestribus
2989 4987 3241 5046 tauquam
3274 4994 3303 5032 e
3340 4980 3524 5033 Libani

1962 5060 2163 5114 vertice
2209 5066 2274 5115 ad
2335 5065 2526 5118 fastum
2575 5076 2627 5119 et
2675 5069 2983 5135 superbiam
3023 5069 3368 5123 extollantur.
3405 5069 3522 5124 Non

1962 5165 2140 5206 autem
2172 5157 2360 5210 cedros
2395 5174 2603 5224 omnes,
2651 5162 2742 5215 sed
2777 5160 2967 5214 Libani
3014 5162 3207 5215 cedros
3233 5161 3526 5231 confringit

1963 5245 2235 5300 Dominus.
2271 5247 2401 5303 Nam
2427 5267 2545 5304 cum
2601 5253 2836 5305 Libanus
2875 5252 3191 5306 idololatriae
3229 5254 3299 5306 sit
3332 5254 3479 5306 locus
3504 5291 3520 5315 ,

1960 5351 2294 5407 qumcunque
2360 5344 2551 5394 animm
2621 5359 2679 5397 se
2749 5355 2938 5398 contra
3003 5345 3094 5400 Dei
3161 5346 3520 5414 cognitionem

1960 5428 2212 5496 efferunt,
2242 5435 2320 5487 lue
2354 5435 2500 5491 cedri
2536 5434 2727 5491 Libani
2778 5449 3175 5510 nuncupantur,
3209 5448 3263 5492 et
3296 5453 3523 5496 censen-

1957 5703 2217 5768 quagntum
2243 5713 2271 5750 a
2299 5714 2461 5768 sc0pn
2491 5703 2777 5755 aberrarit.

2030 5766 2106 5835 ('5)
2136 5767 2226 5819 Sic
2274 5766 2405 5822 mss.
2458 5773 2716 5837 nonnulli,
2747 5772 2898 5824 bene.
2939 5767 3118 5826 Editio
3146 5769 3319 5825 Paris.
3363 5770 3525 5825 unico

1956 5838 2218 5893 vocabulo
2244 5838 2399 5891 καθὸ.
