4260 6488
756 410 862 465 995

2064 405 2122 461 S.
2161 405 2406 460 BASlLll
2450 405 2661 459 MAGNI

3901 402 4014 460 296

759 541 840 577 lttr
893 527 1067 593 digna:
1103 540 1221 592 quae
1275 530 1646 577 conterantur.
1683 519 1821 573 Sunt
1877 531 2055 572 autem
2089 523 2329 590 quamam
2363 534 2404 587 Α
2437 543 2441 554 ι

2363 534 2404 587 Α
2437 521 2528 573 τοῦ
2558 521 2713 581 Θεοῦ,
2748 515 2903 574 αὗται
2953 520 3041 573 τοῦ
3095 520 3326 572 Λιϐάνου
3375 521 3724 591 ὀνομάζονται
3765 521 3863 591 (4),
3914 524 4011 573 καὶ

759 620 847 670 Dei
878 620 1050 678 cedri,
1099 634 1234 685 quas
1299 617 1523 672 arbusta
1573 615 1745 668 vinea:
1795 628 1916 680 qua:
1971 628 2036 667 ex
2092 612 2327 682 Egypto

755 710 1013 765 translata
1049 710 1211 773 est”,
1253 709 1526 777 operiunt,
1562 717 1620 760 ut
1644 707 1694 760 in
1743 705 1969 760 Psalmis
2000 706 2281 760 didicimus
2313 724 2326 759 :

756 803 973 872 Operuit
1027 813 1226 856 montes
1264 801 1447 854 umbra
1480 800 1612 869 ejus,
1664 809 1711 851 et
1749 798 1964 850 arbusta
2002 797 2116 865 ejus
2151 798 2329 850 cedros

756 895 936 948 Dei".
984 893 1218 948 Proinde
1265 908 1384 947 cum
1418 893 1560 945 inter
1583 902 1810 944 cmteras
1860 889 1925 943 de
1967 889 2188 944 Christo
2237 903 2332 941 uo-

757 989 933 1041 tiones
957 986 1216 1039 Dominus
1247 994 1428 1037 noster
1453 983 1579 1035 vitis
1601 983 1759 1034 etiam
1779 983 2024 1035 dicatur:
2060 980 2172 1050 Ego
2192 980 2328 1033 enim

753 1096 889 1144 sum,
913 1077 1111 1146 inquit,
1144 1077 1282 1136 vitis.
1303 1092 1390 1129 vos
1412 1074 1728 1143 palmites";
1752 1074 1894 1127 cedri
1912 1073 2000 1126 Dei
2021 1081 2145 1126 sunt
2161 1071 2220 1135 ii,
2239 1071 2328 1139 qui

753 1183 909 1226 antea
939 1171 1154 1240 quidem
1175 1170 1324 1222 luere
1348 1166 1560 1222 steriles
1591 1174 1643 1219 et
1668 1167 1731 1218 ad
1751 1165 2172 1219 combureudnm
2197 1163 2325 1230 apti:

752 1264 845 1318 sed
890 1264 980 1316 tibi
1031 1270 1399 1331 tegumentum
1467 1259 1748 1312 subierunt
1803 1257 2027 1321 Christi,
2074 1255 2329 1323 illumque

753 1355 898 1410 velut
921 1355 1232 1417 induerunt,
1262 1368 1356 1420 per
1388 1351 1556 1420 ipsius
1584 1352 1811 1420 gratiam
1851 1349 2197 1403 sterilitatem
2223 1363 2330 1401 sua:

751 1449 878 1500 vita:
903 1453 1217 1512 contegunt.
1253 1443 1341 1496 Dei
1371 1456 1501 1510 ergo
1541 1443 1731 1496 cedros
1759 1442 1916 1510 120
1943 1441 2216 1494 fructuosa
2243 1456 2331 1492 ar-

752 1544 909 1595 husta
937 1537 1340 1607 circumplicata
1367 1536 1673 1589 custodiunt
1705 1549 1717 1585 :
1752 1536 1942 1588 cedros
1972 1549 2099 1585 vero
2142 1530 2327 1584 Libani

753 1630 1044 1700 confringit
1095 1629 1368 1683 Dominus.
1435 1626 1599 1681 Vens.
1630 1627 1682 1680 6.
1758 1626 1821 1678 Et
1877 1623 2188 1677 comminuet
2243 1639 2329 1675 cas

751 1730 1004 1785 tanquam
1051 1715 1299 1776 vitulum,
1351 1712 1632 1765 Libanum.
1687 1709 1849 1763 Vituli
1911 1708 2052 1762 illius
2103 1708 2170 1761 de
2225 1723 2329 1775 quo

753 1810 953 1864 mentio
997 1811 1054 1861 lit
1095 1808 1145 1860 in
1173 1805 1446 1868 Exodo",
1498 1802 1834 1865 memineris,
1872 1816 2030 1870 quem
2075 1800 2126 1852 in
2163 1798 2332 1851 idolo-

2434 614 2718 682 συντριὸἧς
2743 612 3036 676 ἀξιοῦνται.
3071 614 3187 665 Εἰσὶ
3224 612 3332 683 γάρ
3359 629 3502 674 τινες
3525 613 3700 682 κέδροι
3728 612 3821 665 τοῦ
3848 613 4008 674 Θεοῦ,

2429 703 2494 766 ἃς
2528 706 2581 755 αἱ
2618 704 2996 774 ἀναδενδράδες
3029 706 3126 773 τῆς
3166 707 3259 758 ἀπ’
3303 705 3576 772 Αἰγύπτου
3626 704 4011 774 μετατεθείσης

2432 798 2675 867 ἀμπέλου
2731 798 3112 860 καλύπτουσιν,
3158 798 3232 860 ὡς
3278 798 3334 850 ὲν
3382 797 3628 867 Ψαλμοῖς
3687 795 4008 867 μεμαθήκα-

2437 907 2532 958 μεν
2554 907 2565 918 ·
2618 889 2957 956 Ἐκάλυψεν
2995 888 3099 956 ὅρη
3131 890 3168 955 ἡ
3211 888 3353 942 σκιὰ
3405 886 3612 954 αὐτῆς,
3647 888 3744 940 καὶ
3773 891 3831 940 αἱ
3859 888 4009 941 ἀνα-

2434 980 2750 1049 δενδράδος
2807 980 2996 1046 αὐτῆς
3039 983 3144 1044 τὰς
3182 980 3428 1048 κέδρους
3477 979 3584 1033 τοῦ
3642 980 3809 1033 Θεοῦ.
3857 981 4013 1033 Ἐπεὶ

2440 1070 2536 1125 οῦν
2589 1074 2723 1142 μετὰ
2783 1073 2889 1126 τῶν
2956 1072 3129 1126 ἄλλων
3174 1073 3282 1124 τῶν
3327 1073 3454 1144 περὶ
3510 1072 3744 1144 Χριστοῦ
3796 1075 4016 1126 ἐννοιῶν

2433 1167 2525 1219 καὶ
2573 1165 2808 1234 ἄμπελος
2864 1168 2891 1218 ὁ
2933 1164 3136 1236 Κύριος
3176 1166 3330 1234 ἡμῶν
3384 1167 3632 1234 λέγεται·
3708 1165 3847 1232 Ἐγὼ
3902 1164 4016 1233 γάρ

2430 1260 2565 1326 εἰμι,
2624 1259 2802 1326 φησιν.
2854 1259 2891 1323 ἡ
2951 1257 3237 1325 ἄμπελος,
3296 1258 3465 1325 ὑμεῖς
3513 1258 3585 1328 (5)
3632 1257 3704 1310 τὰ
3783 1258 4015 1325 κλήμα-

2432 1366 2501 1399 τα
2524 1366 2536 1377 ’
2571 1347 2748 1418 κέδροι
2788 1350 2890 1400 εἰσὶ
2922 1349 3014 1400 τοῦ
3046 1347 3180 1400 Θεοῦ
3222 1349 3272 1400 οἱ
3328 1349 3461 1411 τέως
3502 1350 3599 1418 μὲν
3629 1348 3868 1419 ἄκαρποι
3917 1350 4015 1399 καὶ

2431 1439 2567 1508 πρὸς
2616 1439 2810 1491 καῦσιν
2852 1440 3164 1508 ἐπιτήδειοι,
3213 1439 3531 1503 ὑπελθόντες
3565 1441 3618 1493 δὲ
3661 1439 3756 1509 τὴν
3802 1439 4014 1508 σκέπην

2429 1531 2523 1583 τοῦ
2565 1531 2824 1602 Χριστοῦ,
2856 1532 2949 1582 καὶ
2977 1534 3135 1585 οἱονεὶ
3186 1533 3529 1604 ἐνδυσάμενοι
3574 1534 3755 1594 αὑτὸν,
3814 1534 3876 1584 ὲκ
3914 1533 4015 1600 τῆς

2432 1624 2561 1695 παρ’
2598 1623 2762 1676 αὐτοῦ
2814 1624 3034 1693 χάριτος
3080 1624 3139 1676 τὸ
3184 1625 3430 1695 ἄκαρπον
3475 1626 3572 1692 τῆς
3611 1625 3819 1677 ἑαυτῶν
3860 1623 4011 1692 ζωῆς

2434 1716 2891 1784 συγκαλύπτουσι.
2941 1714 3051 1778 Τὰς
3085 1716 3180 1786 μὲν
3214 1713 3303 1769 οῦν
3347 1719 3567 1788 κέδρους
3596 1717 3687 1770 τοῦ
3717 1716 3850 1769 Θεοῦ
3881 1719 4015 1769 ἀνα-

2433 1804 2708 1875 δενδράδες
2738 1804 3003 1875 εὔκαρποι
3049 1804 3463 1874 περιπλακεῖσαι
3511 1806 3877 1874 φυλάττουσι·
3911 1807 4012 1868 τὰς

754 1902 910 1955 latria
966 1899 1317 1958 eﬂinxerunt,
1365 1908 1633 1963 quemque
1682 1892 2071 1946 comminutum
2112 1890 2326 1960 Moyses
2361 1897 2436 1957 [ιά

2361 1905 2398 1957 Β
2429 1897 2482 1948 δὲ
2510 1897 2733 1966 κέδρους
2767 1898 2859 1950 τοῦ
2899 1896 3131 1950 Λιϐάνου
3168 1897 3435 1965 συντρίϐει
3464 1899 3491 1947 ὁ
3519 1897 3737 1963 Κύριος.
3770 1896 3878 1949 Καὶ
3912 1901 4011 1949 ,λε-

754 1995 902 2047 dedit
926 1990 1124 2061 p0pulo
1167 1989 1482 2058 petandum.
1521 1987 1704 2055 Itaque
1749 1996 1914 2040 totum
1959 1985 2220 2039 Libanum
2277 1993 2330 2038 et

752 2083 1200 2140 consuetudinem
1231 2080 1546 2136 idololatria:
1574 2080 1624 2133 iu
1659 2093 1722 2131 eo
1757 2078 2174 2132 invalescentem
2208 2093 2329 2146 per-

753 2178 878 2231 inde
919 2186 977 2230 ut
1031 2175 1179 2230 illum
1239 2174 1463 2227 vitulum
1509 2169 1913 2225 exterminabit.
1985 2168 2053 2221 Et
2107 2167 2327 2220 dilectus

752 2271 885 2321 sicut
921 2268 1066 2336 [ilius
1101 2268 1451 2321 uuicornium.
1473 2264 1790 2330 Uuigeuitus
1812 2261 2002 2326 Filius,
2023 2261 2111 2327 qui
2134 2261 2329 2313 mundo

754 2363 846 2413 dat
878 2361 1124 2422 vitam",
1162 2375 1284 2414 cum
1323 2358 1553 2412 hostiam
1593 2365 1647 2408 et
1694 2354 2021 2408 oblationem
2077 2366 2173 2421 pro
2201 2366 2326 2420 pec-

752 2452 888 2506 catis
917 2450 1116 2505 nostris
1140 2450 1374 2518 seipsum
1406 2449 1513 2502 Deo
1537 2446 1779 2510 offert”,
1820 2458 1873 2499 et
1918 2445 2008 2500 Dei
2041 2460 2226 2514 agnus,
2276 2452 2328 2495 et

751 2546 870 2596 uvis
913 2542 1240 2595 nominatur.
1291 2539 1428 2593 Ecce
1487 2542 1648 2605 enim,
1697 2539 1892 2606 inquit,
1938 2553 2102 2606 agnus
2146 2534 2322 2587 Dei“.

759 2630 824 2684 Et
850 2645 1058 2693 rursus,
1088 2629 1361 2696 Tanquam
1394 2631 1500 2681 ovis
1529 2630 1594 2680 ad
1621 2628 1931 2680 occisionem
1958 2627 2142 2678 ductus
2168 2637 2238 2676 est
2258 2626 2323 2675 ⁸³.

751 2719 885 2772 Cum
926 2732 1053 2770 vero
1081 2725 1414 2785 potentatum
1449 2732 1617 2784 genus
1647 2716 1923 2770 hominum
1968 2715 2324 2778 adorientem,

755 2809 904 2864 illam
932 2804 1474 2862 videliceteﬂ'cratam
1511 2818 1563 2862 et
1587 2817 1958 2876 exasperatam
1995 2815 2318 2876 potestatem

752 2901 939 2955 ulcisci
983 2910 1038 2954 et
1075 2909 1320 2953 evertere
1371 2911 1599 2968 oportet.
1633 2910 1745 2953 tum
1795 2900 1933 2953 [ilius
1980 2900 2320 2953 uuicornium

751 2992 1082 3063 appellatur.
1125 2989 1412 3045 Unicornis
1459 2993 1626 3052 enim,
1675 3000 1732 3045 ut
1775 2993 1826 3044 in
1871 2992 1970 3045 Job
2019 2993 2322 3056 didicimus,

751 3096 836 3139 est
877 3084 1078 3136 animal
1127 3083 1476 3150 insuperabili
1528 3084 1729 3137 virtute
1779 3082 2098 3151 prmditum,
2157 3081 2326 3133 homi-

755 3175 913 3226 nibus
956 3173 1096 3226 haud
1140 3171 1460 3240 subjectum.
1492 3173 1612 3226 Non
1658 3173 1796 3226 enim
1827 3211 1843 3236 ,
1890 3171 2106 3239 inquit,
2158 3172 2325 3237 ipsum

2433 1988 2645 2039 πτυ-νεῐ
2669 1989 2852 2053 αὐτὰς
2875 1988 2954 2052 ὡς
2998 1986 3105 2039 τὸν
3139 1988 3378 2054 μόσχον
3402 1986 3508 2037 τὸν
3541 1988 3817 2039 Λίϐανον.
3857 1988 4013 2057 Μνή-

2433 2078 2588 2148 σθητι
2618 2078 2707 2130 τοῦ
2736 2079 2934 2152 μόσχου
2970 2077 3060 2131 τοῦ
3099 2079 3155 2129 ὲν
3196 2080 3260 2147 τῇ
3297 2076 3508 2146 Ἐξόδῳ,
3542 2077 3598 2128 ὃν
3629 2077 3767 2129 κατὰ
3807 2077 3905 2147 τὴν
3931 2080 4010 2129 εί-

2427 2169 2811 2238 δωλολατρείαν
2846 2171 3173 2232 ἀνέπλασαν,
3216 2171 3274 2222 ὃν
3322 2169 3574 2221 ὲλέπτυνε
3629 2169 3869 2238 Μωῦσῆς
3915 2171 4012 2220 καὶ

2429 2265 2644 2317 ἐπότισε
2681 2264 2768 2316 τὸν
2816 2263 2960 2318 λαόν.
3006 2265 3223 2334 Ἐκείνῳ
3275 2263 3451 2316 τοίνυν
3498 2263 3573 2333 τῷ
3606 2264 3789 2334 μόσχῳ
3825 2281 4008 2335 παρα-

2440 2356 2682 2427 πλησίως
2723 2356 2838 2408 ὅλον
2871 2355 2962 2406 τὸν
2997 2357 3223 2409 Λίϐανον
3268 2356 3360 2408 καὶ
3388 2353 3484 2424 τὴν
3517 2357 3572 2406 ὲν
3602 2355 3748 2425 αὐτῷ
3778 2356 4010 2426 κρατοῦ-

2436 2467 2532 2500 σαν
2565 2448 2850 2518 συνήθειαν
2875 2447 2972 2518 τῆς
2997 2448 3432 2519 εἰδωλολατρείας
3455 2447 3786 2516 ἐξαφανίσει.
3819 2450 3927 2502 Καὶ
3974 2453 4008 2501 ό

2429 2539 2810 2607 ἠγαπημένος
2854 2540 2934 2603 ὠς
2970 2539 3099 2605 υἱὸς
3132 2540 3571 2608 μονοκερώτων.
3613 2540 3668 2592 'O
3713 2541 4010 2610 μονογενὴς

2431 2628 2577 2691 Υἱὸς,
2627 2629 2654 2677 ὁ
2715 2628 2891 2692 διδοὺς
2945 2629 3089 2700 ζωὴν
3129 2629 3206 2699 τῷ
3251 2631 3457 2700 κόσμῳ,
3510 2630 3636 2682 ὅταν
3697 2631 3791 2698 μὲν
3836 2646 4007 2700 προσ-

2430 2719 2568 2790 φέρῃ
2609 2717 2793 2770 θυτίαν
2838 2720 2931 2770 καὶ
2976 2719 3285 2789 προσφορὰν
3339 2721 3524 2773 ἑαυτὸν
3575 2718 3649 2788 τῷ
3693 2718 3812 2789 Θεῴ
3864 2720 4005 2788 ὑπὲρ

2438 2811 2548 2862 τῶν
2617 2809 2899 2880 ἁμαρτιῶν
2951 2811 3124 2878 ἡμῶν,
3177 2814 3267 2863 καὶ
3324 2812 3490 2881 ἀμνὸς
3551 2811 3882 2882 ὀνομάζεται,
3911 2813 4006 2865 τοῦ

2430 2904 2566 2956 Θεοῦ
2627 2903 2721 2955 καὶ
2771 2902 3058 2972 πρόϐατον.
3123 2903 3242 2955 Ἴδε
3299 2905 3426 2972 γὰρ,
3493 2909 3674 2976 φησιν,
3732 2909 3763 2960 ὁ
3819 2907 4012 2975 ἀμνὸς

2426 2996 2530 3049 τοῦ
2603 2995 2749 3049 Θεοῦ
2794 2995 2906 3065 (6)'
2978 2994 3070 3046 καὶ
3142 2993 3338 3046 πάλιν
3415 2995 3505 3060 ’.Ως
3555 3000 3850 3062 πρόϐατον
3909 2998 4009 3050 ἐπὶ

2427 3087 2676 3155 σφαγὴν
2716 3086 2893 3155 ἤχθη.
2945 3087 3111 3137 Ὅταν
3143 3084 3199 3137 δὲ
3239 3083 3545 3154 ἀμύνασθαι
3590 3086 3684 3156 δέῃ
3737 3087 3832 3138 καὶ
3872 3087 4009 3140 καθ-

2429 3179 2568 3230 ελεῖν
2591 3178 2686 3249 τὴν
2731 3179 3049 3231 δυναστείαν
3081 3178 3178 3248 τὴν
3228 3177 3596 3247 ὲπιφῦομένην
3631 3177 3707 3247 τῷ
3730 3177 3875 3244 γένει
3902 3178 4012 3230 τῶν

752 3267 867 3320 loro
891 3265 1158 3334 alligabit,
1193 3280 1355 3334 neque
1380 3264 1602 3317 dormiet
1637 3267 1691 3315 in
1719 3266 1942 3332 prwsepi
1966 3263 2032 3316 ⁸³.
2068 3263 2135 3317 Ει
2162 3262 2328 3316 multa
2357 3247 2398 3303 (ἶ
2433 3307 2434 3310 η

2357 3247 2398 3303 c
2433 3247 2756 3341 ἀνθρώπων,
2783 3247 3251 3342 ὲκτεθηριωμένην
3293 3270 3412 3324 τινὰ
3447 3271 3536 3323 καὶ
3578 3270 4010 3340 ἀπηγριωμένην

752 3358 806 3411 in
829 3360 927 3413 hac
957 3357 1251 3426 prophetia:
1277 3365 1430 3426 parte
1459 3356 1600 3409 dicta
1637 3367 1784 3420 sunt,
1812 3371 1876 3410 ex
1899 3356 2093 3425 quibus
2118 3365 2333 3410 constat

753 3451 948 3504 animal
971 3450 1102 3504 illud
1132 3448 1399 3504 libertatis
1417 3462 1609 3502 amans
1627 3461 1765 3510 esse,
1793 3462 1964 3516 neque
1984 3447 2203 3517 obsequi
2240 3448 2331 3500 ho-

753 3543 1008 3596 minibus.
1063 3541 1423 3597 Observatum
1479 3549 1564 3594 est
1619 3547 1821 3603 autem,
1875 3537 2210 3608 Scripturam
2278 3541 2330 3592 in

753 3636 1037 3696 utramque
1079 3640 1283 3698 partem
1329 3628 1682 3683 similitudine
1718 3625 1995 3681 unicornis
2030 3630 2127 3692 uti,
2175 3631 2333 3683 modo

754 3733 873 3771 cum
895 3719 1074 3784 laude,
1104 3721 1261 3775 modo
1295 3736 1414 3774 cum
1446 3720 1862 3790 vituperatione.
1895 3717 2036 3772 Erue
2061 3723 2220 3784 enim,
2251 3724 2330 3774 in-

754 3813 890 3876 quit,
944 3828 974 3862 a
1009 3812 1210 3877 [ramea
1247 3810 1477 3862 animam
1506 3825 1696 3872 meam,
1720 3819 1766 3864 et
1806 3827 1838 3862 a
1862 3808 2102 3862 cornibus
2125 3811 2334 3860 uuicor-

756 3918 900 3954 nmm
930 3903 1280 3955 humilitatem
1304 3917 1471 3955 meam
1490 3900 1555 3953 ⁸⁵.
1581 3901 1719 3956 Dicit
1748 3902 1881 3967 haec,
1904 3900 2222 3956 insimulans
2239 3901 2331 3953 de-

755 3994 925 4045 ditum
956 3994 1090 4047 bello
1119 3995 1390 4063 populum,
1417 4005 1657 4065 tempore
1695 3995 1961 4063 passionis
1990 3995 2043 4048 in
2071 4009 2127 4049 se
2157 3995 2332 4048 insur-

757 4095 990 4154 gentem.
1021 4087 1226 4142 Rursus
1251 4100 1416 4140 vero:
1441 4085 1799 4152 Exaltabitur,
1836 4088 2030 4156 inquit,
2061 4089 2196 4140 sicut
2224 4087 2334 4140 uni-

756 4178 951 4244 carnis,
975 4194 1138 4231 cornu
1166 4179 1408 4232 meum“.
1436 4178 1663 4234 Videtur
1687 4179 1847 4247 igitur
1864 4189 2083 4248 propter
2112 4180 2329 4234 insitum

759 4270 977 4324 animali
1000 4272 1238 4324 studium
1259 4271 1576 4336 ulciscendi,
1609 4286 1752 4341 saepe
1775 4272 1825 4325 in
1853 4271 2049 4325 malam
2077 4272 2328 4326 similitu-

760 4362 938 4415 dinem
972 4363 1180 4431 accipi;
1213 4373 1425 4428 contra,
1460 4371 1682 4432 propter
1718 4378 1883 4418 cornu
1915 4364 2250 4418 altitudinem
2279 4374 2333 4417 et

762 4453 1085 4518 libertatem,
1135 4457 1188 4509 in
1238 4456 1432 4511 bonam
1473 4454 1882 4509 similitudinem
1923 4455 2134 4510 abduci.
2171 4456 2238 4510 Et
2278 4457 2329 4509 in

2433 3363 2684 3432 δύναμιν,
2740 3362 2861 3413 τότε
2905 3364 3017 3424 υίὸς
3069 3363 3449 3434 μονοκερώτων
3483 3362 3826 3432 ὀνομάζεται.
3863 3362 4012 3416 Ζῶον

2433 3455 2562 3525 γὰρ,
2600 3453 2675 3521 ὡς
2715 3454 2771 3504 ὲν
2801 3451 2878 3521 τῷ
2921 3453 3038 3504 Ἰὼϐ
3073 3454 3488 3525 μεμαθήκαμεν,
3530 3458 3558 3508 ὁ
3599 3453 3905 3525 μονόκερώς
3935 3455 4012 3524 (7)

2433 3546 2578 3596 ἐστιν
2610 3545 2822 3614 ἄμαχον
2853 3543 2949 3611 τὴν
2989 3541 3236 3610 δύναμιν,
3264 3544 3628 3597 ἀνυπότακτον
3656 3546 3768 3606 τοῖς
3801 3544 4011 3614 ἀνθρώ-

2433 3653 2573 3698 ποις.
2609 3636 2690 3688 Οὺ
2746 3634 2857 3702 γὰρ
2900 3631 3110 3700 δήσεις
3140 3635 3345 3696 αὐτὸν,
3381 3636 3563 3703 φησιν,
3606 3634 3821 3704 Ιμάντι,
3868 3635 4012 3689 οὐδὲ

2432 3726 2857 3796 κοιμηθήσεται
2913 3725 3009 3779 ἐπὶ
3069 3726 3319 3794 φάτνης.
3377 3727 3483 3776 Καὶ
3533 3727 3698 3780 πολλὰ
3757 3728 4009 3798 περὶτοῦ

2433 3819 2826 3891 ἐλευθεριάζειν
2855 3820 2916 3872 τὸ
2971 3818 3105 3883 ζῶον
3135 3818 3228 3871 καὶ
3255 3817 3330 3888 μὴ
3361 3817 3605 3869 ὑπείκειν
3657 3822 3767 3881 τοῖς
3800 3819 4008 3890 ἀνθρώ-

2433 3928 2553 3974 ποις
2587 3915 2643 3965 ὲν
2693 3913 2883 3980 ἐκείνῳ
2913 3911 2988 3981 τῷ
3039 3911 3192 3983 μέρει
3246 3911 3342 3982 τῆς
3400 3908 3734 3981 προφητείας
3768 3909 4004 3979 εἴρηται.

2434 4002 2541 4053 Καὶ
2586 4005 3050 4074 παρατετήρηται,
3087 4005 3167 4056 ὅτι
3200 4003 3286 4055 ἐπ’
3323 4004 3606 4074 ἀμφότερα
3647 4001 3911 4071 κέχρηται
3941 4005 4008 4075 τῇ

2433 4095 2598 4147 εἰκόνι
2631 4096 2723 4148 τοῦ
2767 4097 3135 4167 μονοκέρωτος
3169 4097 3201 4165 ἡ
3243 4096 3429 4165 Γραφή
3451 4112 3464 4125 ·
3495 4095 3623 4147 ποτὲ
3661 4094 3757 4164 μὲν
3792 4094 4011 4146 ἐπαινε-

2431 4184 2559 4247 τῶς,
2590 4185 2774 4237 ἄλλοτε
2809 4186 2865 4238 δὲ
2901 4185 3354 4254 διαϐεϐλημένως.
3404 4183 3611 4236 Ῥῦσίιι
3650 4182 3780 4252 γὰρ,
3819 4184 4007 4254 φησιν,

2431 4279 2498 4331 ἐκ
2540 4279 2839 4346 ῥομφαίας
2873 4277 2988 4344 τὴν
3018 4277 3228 4344 ψυχήν
3248 4295 3386 4344 μου,
3429 4276 3523 4328 καὶ
3583 4276 3700 4328 ἀπὸ
3745 4276 4008 4344 κεράτων

2425 4371 2846 4441 μονοκερὼτων
2886 4369 3000 4436 τὴν
3039 4369 3403 4422 ταπείνωσίν
3446 4385 3584 4437 μου.
3626 4367 3727 4418 Τὸν
3786 4369 4010 4439 πολεμο-

2431 4465 2580 4518 ποιὸν
2612 4463 2738 4517 λαὸν
2770 4463 3066 4516 διαϐάλλων
3117 4460 3292 4514 ταῦτά
3324 4479 3454 4532 φησι
3510 4459 3659 4531 παρὰ
3690 4459 3780 4512 τὸν
3820 4462 4009 4530 καιρὸν

759 4560 1000 4612 summa,
1039 4549 1294 4616 quoniam
1348 4550 1591 4603 invenire
1633 4557 1716 4604 est
1769 4562 1937 4603 cornu
1986 4563 2013 4600 a
2050 4549 2324 4618 Scriptura
2362 4590 2402 4642 D
2429 4573 2441 4587 ι

2362 4590 2402 4642 D
2429 4555 2522 4608 τοῦ
2554 4556 2757 4618 πάθους
2791 4555 3169 4608 ἐπαναστάντα
3202 4553 3349 4622 αὑτῷ
3377 4553 3474 4622 (8).
3505 4553 3670 4606 Πάλιν
3704 4551 3782 4615 δὲ,
3828 4552 4010 4619 Tym-

758 4652 899 4705 saepe
929 4655 1028 4708 pro
1057 4638 1228 4711 gloria
1261 4651 1574 4709 usurpatum
1606 4683 1618 4695 .
1650 4639 1796 4695 verbi
1833 4640 2026 4710 gratia,
2056 4639 2326 4694 Exaltabit

830 4824 874 4855 ⁷⁵
909 4822 1044 4878 Psal.
1079 4837 1261 4884 Lxxtx,
1295 4823 1347 4877 9.
1441 4825 1484 4852 7“
1521 4823 1647 4876 ibid.
1687 4825 1771 4877 ll.
1847 4820 2070 4875 "Joan.
2114 4841 2201 4889 xv,
2249 4828 2301 4879 3.

756 4891 800 4932 ⁸¹
829 4894 1034 4948 Joan.t
1085 4895 1173 4948 29.
1251 4895 1295 4925 δ’
1323 4897 1442 4947 Act.
1481 4909 1570 4947 vni
1623 4893 1728 4947 52·
1781 4895 1885 4949 Isa.
1915 4909 2009 4946 Llll
2075 4894 2123 4948 7.

828 5072 902 5144 (4)
941 5071 1116 5144 Egditio
1142 5070 1315 5144 Paris.
1338 5069 1572 5144 Λιϐάνου
1591 5070 1771 5144 κέδροι
1793 5069 2165 5144 ὀνομάζονται.
2201 5073 2310 5126 Vox

757 5141 938 5214 κέδροι
962 5142 1196 5214 decst_iu
1221 5143 1441 5214 _nos_tris
1471 5141 1716 5214 undecim
1735 5155 1861 5194 mss.
1896 5141 2117 5214 perinde
2152 5152 2310 5210 atque

759 5217 811 5264 iu
847 5210 1082 5266 editione
1109 5210 1275 5265 Basil.
1311 5211 1376 5263 Et
1406 5226 1533 5264 vero
1566 5212 1691 5278 quid
1753 5226 1970 5265 necesse
2003 5212 2072 5263 sit
2115 5227 2299 5265 vocem

757 5283 937 5352 κέδροι
964 5283 1050 5337 hic
1076 5280 1292 5352 apponi,
1327 5296 1430 5334 non
1470 5281 1643 5333 video.
1678 5279 1812 5334 Nam
1861 5296 1927 5334 ex
1958 5297 2016 5334 se
2064 5282 2196 5334 Satis
2231 5283 2313 5334 in-

761 5350 1040 5423 telligitur,
1083 5366 1147 5406 ac
1174 5350 1319 5404 nullo
1368 5352 1583 5423 negotio
1613 5366 1641 5402 a
1673 5351 2180 5423 quolibetsuppleri
2213 5366 2309 5418 po-

761 5419 900 5505 test;
919 5422 1206 5491 Aliquanto
1233 5429 1355 5491 pOSt
1393 5419 1522 5490 Reg.
1581 5423 1848 5475 secundus
1896 5419 2133 5490 Χριστοῦ
2187 5425 2311 5474 ἐπι-

759 5510 936 5547 νοιων.

832 5564 909 5635 (ξ)
938 5561 1030 5635 Sic
1059 5560 1225 5635 editio
1270 5557 1444 5635 Dasil.
1466 5574 1588 5635 cum
1621 5560 1920 5635 plerisque
1945 5577 2075 5616 mss.
2112 5561 2188 5635 At
2208 5564 2322 5617 edi-

762 5628 1038 5687 tio‘Paris.
1073 5632 1235 5702 ὑμεῖς
1267 5630 1341 5702 δέ.
1397 5628 1516 5682 Mox
1548 5633 1597 5684 iu
1625 5628 1953 5702 Colbertiuis
1994 5634 2229 5687 secundo
2267 5644 2324 5686 et

759 5713 955 5771 quarto
986 5699 1466 5771 legit'urﬁsoﬁgpro
1501 5701 1756 5770 Χριστοῦ.
1804 5702 1998 5755 Ibidem
2052 5703 2179 5771 Reg.
2233 5718 2320 5756 se-

765 5768 980 5841 cundus
998 5768 1319 5841 ὑπελθόντες
1340 5768 1395 5820 δὲ
1414 5771 1479 5841 τῇ
1503 5768 1699 5841 σκέπῃ.

842 5839 914 5905 (6)
943 5838 1088 5890 Colb.
1119 5838 1385 5892 secundus
1427 5838 1593 5904 ἀμνὸς
1630 5838 1721 5890 τοῦ
1766 5839 1896 5891 Θεοῦ
1945 5842 1971 5890 ὀ
2017 5842 2182 5910 αἴρων
2223 5842 2319 5910 τὴν

2379 4830 2422 4858 ⁷⁸
2446 4831 2611 4884 Exod.
2661 4847 2831 4890 χχχιι,
2865 4831 2918 4882 4.

2221 4897 2264 4928 ⁸³
2289 4896 2387 4952 Job
2442 4916 2628 4965 χχχιχ,
2663 4903 2748 4956 10.

2436 4647 2701 4715 θήσεται,
2754 4647 2938 4717 φησιν,
2978 4647 3057 4708 ὡς
3101 4645 3509 4714 μονοκέρωτος
3540 4642 3607 4695 τὸ
3643 4644 3818 4712 κέρας
3863 4660 4006 4712 μου.

3030 4831 3072 4862 ⁷⁹
3095 4829 3252 4882 Joan.
3287 4845 3362 4891 Vl,
3395 4827 3484 4881 35.
3557 4828 3602 4860 ⁸⁸
3629 4828 3829 4897 Ephes.
3857 4845 3909 4894 ν,
3948 4833 4004 4885 2.

2824 4902 2870 4932 ⁸³
2896 4901 3036 4955 Psal.
3095 4916 3205 4967 XXI,
3233 4899 3322 4951 22.
3397 4899 3441 4929 ⁸⁸
3473 4897 3610 4953 Psal.
3667 4914 3774 4963 XCI,
3807 4901 3896 4954 11.

2420 5078 2696 5152 ἁμαρτίαν
2741 5079 2835 5152 τοῦ
2880 5080 3107 5152 κόσμου.
3169 5078 3320 5132 Haud
3368 5078 3437 5132 ita
3489 5079 3649 5149 longe
3717 5077 3822 5132 duo
3874 5095 4004 5135 mss.

2419 5148 2530 5212 υἱὸς
2544 5148 2549 5149 ⁷
2562 5149 2953 5219 μονοκὲρωτος.

2491 5218 2571 5286 (7)
2599 5221 2849 5287 Scriptor
2874 5237 2975 5274 non
3003 5221 3112 5289 ipsa
3140 5219 3441 5289 Scriptura:
3471 5218 3632 5272 verba
3659 5219 3847 5274 retulit
3890 5238 3905 5272 :
3944 5237 4008 5275 ea

2417 5290 2764 5359 siquiSpiam
2804 5289 2986 5344 videre
3020 5287 3186 5356 cupit,
3225 5287 3418 5343 Jobnm
3463 5289 3604 5356 legat
3652 5306 3842 5351 χχχιιι,
3879 5291 3913 5344 9
3950 5303 4007 5344 et

2417 5358 2503 5431 {9.
2539 5358 2728 5430 Aqdila
2751 5373 2850 5431 pro
2884 5360 3190 5431 μονόκερως
3231 5359 3452 5426 scripsit
3497 5359 3816 5429 ῥινόκερως.
3853 5360 4007 5414 Unde

2429 5428 2676 5496 Vulgata,
2737 5428 2995 5499 Nunquid
3036 5428 3162 5483 colet
3207 5431 3508 5482 rltinoceros
3555 5428 4004 5499 serviregtibﬁ...

2434 5499 2685 5569 Nunquid
2720 5497 2961 5568 alliga'bis
2988 5500 3369 5554 rhinocerota?
3406 5499 3597 5564 Aliqua
3634 5501 3735 5552 hoc
3767 5497 3887 5553 loco
3926 5517 4009 5553 re-

2431 5572 2670 5693 gundare
2713 5571 2762 5622 in
2790 5570 3023 5625 editione
3076 5571 3278 5625 Veneta
3309 5579 3490 5624 monet
3525 5569 3611 5620 vir
3655 5569 4005 5627 doctissimus

2478 5656 2673 5693 ιιοξειιε.

2478 5656 2673 5694 ιιοξειις.

2501 5711 2575 5779 (8)
2605 5712 2656 5763 In
2681 5724 2761 5763 se.
2789 5708 2898 5763 Hoc
2929 5719 3030 5774 est,
3063 5710 3113 5763 in
3146 5709 3425 5763 Christum
3457 5707 3768 5777 Dominum,
3795 5709 3864 5764 de
3901 5724 4006 5778 quo

2435 5790 2576 5834 totus
2603 5781 2688 5833 ille
2718 5779 2957 5848 psalmus
2989 5780 3368 5849 intelligendus
3402 5788 3504 5833 est.
