4260 6510
266 498 378 550 9.97

1372 497 1654 552 llO.\I|l.lA
1692 499 1754 552 IN
1801 498 2130 552 PSALMUM
2164 499 2391 554 XXVIII.

3420 501 3523 551 Ξῡις

278 615 494 667 Ἔοικεν
522 609 612 668 οῦν
647 612 734 666 διὰ
771 612 866 683 μὲν
896 612 954 664 τὸ
985 613 1277 682 ἀμυντικὸν
1310 613 1402 664 τοῦ
1453 613 1593 677 ιζώου
1627 616 1716 668 ἐπὶ
1750 618 1847 687 τὴν
1880 624 1919 676 Α
1954 642 1960 668 4

1845 641 1847 652 ι
1880 624 1919 676 Α
1954 635 2114 670 cornu
2151 615 2329 682 populi
2367 617 2550 680 sui“;
2595 624 2671 680 et,
2729 613 2905 668 Cornu
2948 615 3059 682 ejus
3109 613 3427 666 exaltabitur
3474 615 3527 667 in

276 708 383 761 τῶν
421 710 675 778 χειρόνων
729 707 976 760 εἰκασίαν
1022 708 1096 777 (9)
1126 708 1383 769 πολλάκις
1434 708 1853 779 παραλαμϐάνε-

279 801 422 862 σθαι,
462 801 550 852 διὰ
591 799 649 851 δὲ
687 798 747 850 τὸ
787 798 1060 870 ὑψίκερων
1106 800 1199 851 καὶ⁹
1248 796 1551 870 ἐλευθέριον
1600 801 1733 870 πρὸς
1758 800 1854 871 τὴν

274 891 368 944 τοῦ
402 891 666 961 βελτίονος
689 891 915 958 ἄγεσθαι
941 892 1206 944 εἰκασίαν.
1246 891 1354 942 Καὶ
1395 892 1550 953 ὅλως,
1583 892 1766 962 ἐπειδὴ
1794 891 1855 943 τὸ

276 983 442 1052 κέρας
467 981 570 1031 ὑπὸ
588 983 683 1052 τῆς
708 983 746 1034 Γ
755 988 932 1054 ραιρῆς
957 984 1074 1036 ἀντὶ
1097 983 1196 1050 τῆς
1211 982 1366 1052 δόξης
1382 983 1648 1051 πολλαχοῦ
1670 1002 1857 1053 παρει⁸

278 1071 556 1138 λημμένον
583 1071 732 1127 ἔστιν
765 1076 966 1143 εὑρεῖν,
997 1071 1071 1133 ὡς
1105 1071 1184 1135 τὸ,
1224 1072 1470 1140 Tag-(Lausi
1508 1070 1598 1136 κέ(
1612 1088 1682 1136 ας
1705 1070 1857 1125 λαοῦ

1960 707 2124 773 gloria
2143 707 2184 738 ³⁷
2209 725 2222 768 ;
2244 712 2336 758 aut
2365 706 2524 757 etiam
2549 709 2668 774 quia
2696 720 2862 760 cornu
2889 719 2985 770 pro
3013 704 3209 756 virtute
3240 706 3525 774 :H‘cipilttr,

1961 806 2016 849 ut
2044 809 2127 853 est
2161 798 2315 852 illud:
2337 796 2611 849 Prolector
2640 817 2801 863 meus,
2835 807 2880 850 et
2913 812 3074 848 cornu
3107 796 3289 848 salutis
3317 814 3443 851 mea:
3461 799 3526 859 3‘;

1959 887 2206 943 Christus
2229 897 2405 940 autem
2446 887 2536 940 Dei
2570 889 2737 940 virtus
2763 900 2846 943 cst
2873 891 2941 955 “9;
2980 889 3100 941 ideo
3124 889 3399 942 unicoruis
3431 905 3526 956 ap—

1959 981 2185 1047 pellatus
2221 989 2322 1044 est,
2359 989 2615 1046 tanquam
2656 979 2745 1046 qui
2781 997 2944 1035 umnn
2991 982 3188 1036 habeat
3239 995 3430 1045 cornu,
3477 982 3525 1033 id

1958 1082 2059 1134 est,
2087 1089 2245 1125 unam
2292 1086 2414 1125 cum
2451 1070 2608 1123 Patre
2640 1087 2980 1124 communem
3011 1075 3327 1142 potentiam.

277 1164 464 1217 αὑτοῦ
491 1164 623 1236 (10)·
657 1169 770 1229 καὶ,
813 1165 882 1218 Τὸ
937 1164 1114 1232 κέρας
1145 1166 1330 1220 αὑτοῦ
1367 1165 1747 1234 ὑψωθήσεται
1771 1168 1840 1218 ἐν
1868 1165 2015 1230 δόξῃ
2037 1182 2048 1194 ο
2087 1166 2119 1234 ἢ
2149 1166 2240 1217 καὶ
2283 1162 2468 1233 ἐπειδὴ
2506 1163 2566 1214 τὸ
2605 1163 2774 1230 κέρας
2816 1165 2934 1215 ἀντὶ
2971 1164 3244 1235 δυνάμεως
3267 1164 3527 1228 πολλάκις

280 1259 802 1330 παραλαμϐάνεται·
874 1257 947 1320 ὡς
991 1258 1072 1321 τὸ,
1113 1256 1584 1326 Ὑπερασπιστής
1619 1277 1737 1326 μου
1805 1259 1902 1310 καὶ
1951 1258 2128 1324 κέρας
2183 1257 2477 1325 σωτηρίας
2521 1273 2672 1325 μου’
2728 1255 2959 1326 Χριστὸς
3009 1256 3065 1310 δὲ
3096 1256 3228 1309 Θεοῦ
3267 1260 3524 1330 δύναμις⁶

275 1351 363 1404 διὰ
387 1351 540 1402 τοῦτο
560 1350 634 1413 ὼς
663 1349 720 1401 ἓν
749 1349 883 1418 ἔχων
933 1351 1119 1422 κέρας,
1154 1352 1393 1403 τουτέστι
1465 1348 1589 1419 μίαν
1625 1349 1850 1420 δύναμιν
1887 1349 2021 1419 ἔχων
2068 1350 2164 1420 τὴν
2222 1350 2315 1402 τοῦ
2355 1350 2583 1420 Πατρδς,
2622 1348 2926 1420 μονόκερως
2960 1349 3408 1420 προσηγόρευται.

350 1444 400 1496 6.
425 1443 601 1510 ibat-ri;
662 1445 878 1512 Κυρίου
919 1446 1345 1508 διακόπτοντος
1392 1446 1587 1512 φλόγα
1641 1445 1848 1513 πυρός.

277 1537 512 1606 Διεκόπη
549 1537 644 1606 μὲν
669 1539 764 1592 καὶ
794 1539 932 1592 κατὰ
977 1538 1076 1607 τὴν
1110 1536 1350 1606 ἱστορίαν
1377 1535 1487 1588 τῶν
1521 1538 1724 1590 παίδων
1745 1535 1852 1588 τῶν

277 1629 444 1699 τριῶν
475 1632 530 1682 ἐν
576 1634 639 1701 τῇ
674 1630 986 1699 Βαϐυλωνία
1023 1628 1132 1699 (11)
1172 1630 1204 1699 ή
1238 1629 1368 1698 φλὸξ
1407 1628 1500 1680 τοῦ
1535 1629 1723 1699 πυρὸς,
1765 1628 1853 1678 ὅτε

278 1722 648 1793 ὑπερεξεχύθη
690 1723 786 1792 μὲν
808 1722 1371 1790 τεσσαρακονταεννέα
1409 1723 1656 1791 πήχειςή
1691 1721 1856 1790 κάμι-

279 1829 387 1875 νος,
419 1811 701 1883 ὲνεπὺριζε
728 1814 784 1864 δὲ
809 1814 935 1874 τοὺς
964 1812 1145 1884 κύκλῳ
1186 1814 1391 1878 πάντας
1410 1831 1421 1842 ’
1460 1813 1778 1866 διακοπεῖσα
1801 1813 1857 1865 δὲ

2031 1445 2078 1497 6.
2131 1443 2288 1497 Vens.
2321 1445 2372 1498 7.
2436 1444 2544 1497 Vox
2592 1442 2804 1495 Domini
2865 1441 3213 1495 intercidentis
3259 1442 3526 1509 ﬂammam

1960 1536 2115 1605 ignis.
2142 1535 2394 1589 lntercisa
2427 1545 2507 1588 est
2537 1534 2751 1604 quidem
2770 1532 2930 1586 etiam
2961 1533 3100 1600 ignis
3129 1531 3338 1584 ﬂamma
3366 1531 3531 1601 Baby-

1961 1629 2101 1695 lone,
2142 1627 2434 1682 secundum
2464 1625 2618 1678 trium
2645 1639 2933 1693 puerorum
2963 1623 3241 1676 historiam
3261 1623 3330 1688 9°,
3357 1637 3530 1688 quan-

1962 1720 2029 1772 do
2052 1719 2297 1774 caminus
2319 1732 2480 1785 supra
2501 1718 2710 1770 cubitos
2735 1715 3093 1785 quadraginta
3120 1731 3306 1770 novem
3331 1713 3530 1768 ollusns

1963 1821 2065 1874 est.
2090 1827 2155 1873 ac
2197 1813 2618 1866 circumstantes
2646 1825 2832 1863 omnes
2875 1809 3142 1862 ambussit
3173 1826 3184 1860 :
3243 1824 3272 1860 e
3295 1809 3530 1872 diverso,

278 1903 357 1972 τῷ
382 1906 760 1974 προστάγματι
809 1904 901 1956 τοῦ
940 1904 1094 1968 Θεοῦ,
1132 1906 1348 1975 πνεῦμα
1383 1906 1595 1972 ἐδέξατο
1645 1907 1702 1958 ἐν
1729 1908 1856 1958 έαυ-
1892 1916 1932 1968 Β

1846 1935 1856 1942 -
1892 1916 1932 1968 Β
1961 1902 2146 1955 eadem
2196 1904 2286 1957 Dei
2339 1911 2609 1971 praecepto
2654 1900 2925 1962 intercisa,
2968 1899 3019 1954 in
3081 1916 3139 1955 se
3183 1901 3294 1970 ipsa
3343 1916 3528 1955 auram

279 1999 368 2065 τῇ,
403 1996 620 2066 ἡδίστην
651 1997 921 2068 ἀναπνοὴν
962 2000 1056 2050 καὶ
1091 1997 1374 2064 ἀνάψυξιν,
1413 1998 1598 2068 ὥσπερ
1634 2003 1690 2052 ἐν
1730 2000 1858 2069 σκιᾷ

280 2106 387 2140 τινι
416 2088 615 2156 φυτῶν,
645 2091 700 2140 ὲν
737 2092 984 2161 εἰρηνικῇ
1013 2089 1340 2141 καταστάσει
1369 2093 1712 2158 παρεχομένη
1747 2094 1857 2154 τοῖς

283 2179 489 2231 παισίν.
541 2178 799 2248 Ἐγένετο
826 2182 954 2248 γὰρ,
988 2178 1173 2246 φησὶν,
1211 2178 1351 2230 ὡσεὶ
1381 2178 1613 2246 πνεῦμα
1637 2179 1858 2245 δρόσου

281 2271 621 2340 διασυρίζον
650 2274 780 2342 (12).
828 2273 938 2324 Καὶ
982 2271 1418 2343 θαυμαστότερόν
1452 2288 1515 2340 γε
1551 2272 1726 2343 πολλῷ
1763 2290 1861 2324 πυ-

285 2363 378 2434 ρὸς
409 2364 568 2430 φύσιν
595 2364 936 2433 διακοπῆναι,
976 2363 1007 2434 ἦ
1055 2363 1526 2434 καταδιαιρεθῆναι
1569 2363 1667 2434 τὴν
1707 2366 1861 2436 Ἐρυ-

284 2451 418 2522 θρᾶν
472 2453 741 2506 Θάλασσαν
807 2455 886 2516 είς
917 2453 1228 2522 διαιρέσεις.
1273 2453 1411 2503 Ἀλλ’
1454 2455 1661 2522 ὃμωςή
1709 2454 1858 2522 φωνὴ

283 2543 378 2595 τοῦ
425 2544 630 2614 Κυρίου
665 2545 758 2596 καὶ
790 2545 850 2596 τὸ
885 2543 1103 2612 συνεχὲς
1147 2546 1211 2612 τῇ
1267 2543 1422 2610 φύσει
1455 2545 1546 2595 καὶ
1585 2545 1860 2613 ἡνωμένον

283 2634 377 2688 τοῦ
402 2635 570 2705 πυρὸς
596 2635 897 2688 διακόπτει.
935 2635 1126 2687 Καίτοι
1165 2635 1405 2705 ἄτμητον
1441 2636 1532 2686 καὶ
1559 2635 1860 2704 ἀδιαίρετον

284 2729 548 2792 ἐπινοίαις
585 2727 952 2800 ἀνθρωπίναις
973 2729 1033 2781 τὸ
1062 2727 1172 2800 πῦρ
1207 2724 1344 2782 εἶναι
1373 2729 1536 2792 δοκεῖ,
1573 2727 1686 2780 ἀλλ’
1714 2728 1862 2797 ὅμως

286 2820 667 2889 προστάγματι
703 2821 909 2890 Κυρίου
940 2820 1049 2889 (15)
1081 2819 1422 2873 διακόπτεται
1456 2818 1546 2872 καὶ
1573 2818 1858 2871 διίσταται.

286 2906 453 2978 Οἶμαι
487 2911 562 2971 δὲ,
590 2913 669 2962 ὅτι
699 2912 759 2962 τὸ
790 2912 899 2980 πῦρ
920 2911 977 2963 τὸ
1003 2911 1401 2980 ἡτοιμασμένον
1432 2912 1508 2973 είς
1531 2911 1747 2963 κόλασιν
1785 2909 1862 2980 τῷ

284 2998 513 3067 διαϐόλῳ
543 2999 636 3051 καὶ
668 3002 778 3060 τοῖς
809 2999 1056 3065 ἀγγέλοις
1080 2999 1241 3050 αὑτοῦ
1277 2999 1619 3051 διακόπτεται
1653 3002 1715 3068 τῇ
1754 3017 1863 3066 φωο

287 3092 349 3159 νῇ
380 3089 471 3141 τοῦ
498 3089 700 3159 Κυρίου
720 3107 732 3118 ’
756 3090 861 3153 ἵνα,
887 3089 1071 3159 ἐπειδὴ
1102 3089 1193 3142 δύο
1215 3092 1348 3143 είσὶν
1374 3091 1430 3141 ὲν
1457 3089 1533 3158 τῷ
1559 3088 1691 3158 πυρὶ
1715 3089 1862 3140 δυνά·

290 3200 430 3251 μεις,
483 3182 516 3251 ἦ
574 3198 634 3234 τε
693 3181 959 3251 καυστικὴ
991 3183 1085 3233 καὶ
1115 3184 1144 3251 ἡ
1187 3181 1484 3250 φωτιστικὴ
1515 3181 1645 3250 (Ili),
1676 3181 1734 3232 τὸ
1766 3181 1860 3249 μὲν

1965 1995 2196 2060 recepit;
2249 1993 2665 2063 respirationem
2707 1990 3186 2059 iucundissimam,
3237 1993 3526 2061 refrigera-

1964 2084 2270 2152 tionemque
2298 2085 2477 2152 pueris
2509 2085 2559 2136 in
2589 2083 2880 2151 tranquillo
2909 2092 3049 2136 statu
3083 2084 3227 2137 velut.
3262 2085 3313 2136 in
3338 2084 3516 2152 aliqu:

1963 2178 2213 2230 arbormn
2247 2177 2437 2230 umbra
2473 2175 2781 2232 constitutis
2833 2177 3207 2246 suppeditans,
3245 2177 3534 2232 exhibensr

1963 2282 2086 2334 que.
2116 2267 2289 2322 Facta
2313 2277 2387 2322 est
2419 2268 2577 2331 enim,
2603 2267 2798 2336 inquit,
2828 2268 2960 2321 sicut
2995 2267 3210 2335 spiritus
3240 2269 3374 2322 roris
3407 2270 3533 2321 sibi-

1963 2359 2078 2410 lam
2103 2360 2168 2411 9‘.
2208 2360 2268 2412 Et
2299 2371 2447 2413 certe
2473 2359 2640 2412 multo
2672 2360 3046 2414 admirabilius
3081 2369 3164 2414 est
3204 2360 3342 2432 ignis
3370 2372 3527 2415 natu-

1964 2465 2076 2503 ram
2115 2449 2386 2513 intercidi,
2413 2465 2575 2519 quam
2610 2464 2758 2503 mare
2785 2451 3029 2504 Rubrum
3066 2453 3115 2504 in
3141 2462 3318 2519 partes
3340 2453 3527 2506 dividi.

1960 2541 2209 2593 Attamen
2266 2538 2478 2591 Domini
2508 2553 2607 2591 vox
2673 2539 2846 2606 ignem
2889 2550 3076 2607 suapte
3124 2552 3314 2594 natura
3359 2543 3532 2595 coeti-

1963 2645 2122 2682 nuum
2145 2644 2205 2682 ac
2223 2629 2321 2683 sibi
2347 2628 2499 2697 121
2526 2628 2884 2682 ςοιιαιι-ρηιιειη
2907 2629 3189 2684 intercidit.
3213 2631 3532 2700 Quanquam

1964 2718 2126 2783 igitur
2167 2720 2302 2787 ignis
2350 2718 2595 2775 consiliis
2660 2719 2910 2774 humanis
2959 2722 3266 2776 insecabilis
3329 2737 3392 2778 ac
3454 2724 3533 2776 in-

1964 2808 2212 2863 dividuus
2243 2810 2454 2865 videtur
2498 2827 2638 2876 esse,
2681 2811 3027 2867 nihilominus
3081 2824 3256 2868 tamen
3321 2816 3530 2870 Domini

1958 2898 2107 2968 jussu
2142 2901 2476 2956 interciditur
2512 2918 2576 2957 ac
2621 2904 2892 2957 dividitur.
2950 2904 3131 2970 Ignem
3189 2916 3367 2958 autem
3390 2947 3405 2971 ,
3438 2906 3528 2972 qui

1963 2991 2173 3046 diabolo
2205 3002 2256 3046 et
2287 2991 2490 3062 angelis
2520 2993 2634 3062 ejus
2664 2995 2715 3046 in
2762 2992 3081 3061 supplicium
3113 3003 3335 3061 paratus
3365 2994 3527 3057 est”,

1964 3100 2091 3139 voce
2137 3084 2343 3140 Domini
2400 3085 2642 3139 intercidi
2687 3100 2809 3140 reor
2861 3106 2872 3140 :
2919 3095 2975 3141 ut
3019 3101 3139 3140 cum
3176 3086 3293 3139 duae
3321 3087 3430 3142 sint
3479 3091 3530 3141 in

1965 3177 2084 3243 igne
2126 3176 2428 3240 facultates,
2466 3191 2693 3246 quarum
2751 3193 2856 3230 una
2889 3178 3179 3241 comburit,
3241 3179 3409 3235 altera
3469 3181 3530 3234 il-

285 3272 446 3343 δριμὺ
478 3274 569 3324 καὶ
604 3271 918 3326 κολαστικὸν
941 3271 1032 3325 τοῦ
1068 3273 1236 3343 πυρὸς
1267 3275 1377 3334 τοῖς
1400 3272 1569 3336 ἀξίοις
1595 3272 1696 3342 τῆς
1722 3273 1856 3325 καὺ-
1890 3261 1930 3319 C
1966 3313 1967 3318 η

1847 3302 1856 3310 -
1890 3261 1930 3319 C
1966 3269 2200 3332 lustrat,
2245 3270 2384 3338 ignis
2413 3269 2629 3338 quidem
2677 3271 2964 3338 asperitas,
2999 3286 3063 3324 ac
3095 3271 3377 3339 torquendi
3407 3285 3529 3339 pro-

289 3378 421 3423 σεως
472 3361 902 3432 προσαπομείνῃ,
959 3362 1017 3414 τὸ
1075 3361 1130 3414 δὲ
1171 3362 1494 3429 φωτιστικδν
1547 3362 1710 3414 αὑτοῦ
1763 3363 1858 3414 καὶ

286 3453 536 3522 λαμπρὸν
581 3457 644 3523 τῇ
677 3454 991 3523 φαιδρότητι
1018 3453 1124 3506 τῶν
1155 3455 1586 3525 εὐφραινομένων
1621 3457 1858 3527 ἀποκλη-

289 3544 457 3615 ρωθῇ.
501 3546 653 3614 Φωνὴ
687 3540 778 3598 οῦν
820 3546 1024 3616 Κυρίου
1059 3546 1437 3609 διακόπτοντος
1472 3548 1644 3616 φλόγα
1690 3549 1859 3619 πυρὸς

287 3636 384 3689 καὶ
421 3636 750 3706 μερίζοντος,
803 3636 876 3699 ὠς
908 3636 1157 3706 ἀλαμπὲς
1208 3638 1303 3706 μὲν
1358 3633 1580 3691 εἶναιτὸ
1626 3639 1734 3710 πῦρ
1763 3642 1860 3710 τῆς

288 3729 579 3791 κολάσεως,
616 3730 883 3782 ᾶκαυστον
905 3729 960 3780 δὲ
992 3730 1051 3780 τὸ
1073 3728 1186 3797 φῶς
1213 3729 1312 3798 τῆς
1342 3730 1697 3792 ἀναπαύσεως
1727 3732 1860 3782 ἁπο-

290 3825 491 3892 μεῖναι.
540 3821 709 3887 Φωνὴ
757 3822 980 3889 Κυρίου
1029 3821 1424 3886 σι’σσείοντος
1460 3823 1698 3888 ἔρημον.
1748 3822 1858 3872 Ἐπ’

287 3913 574 3984 εὐεργεσίᾳ
607 3914 703 3984 τῆς
742 3915 949 3984 ἐρήμου
983 3916 1011 3967 ό
1052 3915 1375 3985 συσσεισμὸς
1414 3915 1547 3986 αὐτῇ
1585 3917 1734 3987 παρὰ
1766 3916 1858 3990 ,τοῦ

287 4006 491 4076 Κυρίου
522 4007 904 4075 οἰκονομεῖται,
947 4007 1049 4065 ἵνα.
1084 4006 1452 4076 μεταϐαλοῦσα
1483 4009 1589 4060 ἀπὸ
1614 4008 1704 4061 τοῦ
1734 4009 1858 4080 ἕρη-

291 4113 392 4165 μος
421 4093 577 4162 εἶναι,
623 4097 844 4166 γένηται
877 4097 948 4166 γῆ
986 4098 1400 4167 κατοικουμένη,
1429 4099 1520 4150 καὶ
1553 4099 1856 4171 ἀποθεμένη

285 4187 348 4238 τὸ
382 4188 477 4254 τῆς
505 4190 754 4252 ἀτεκνίας
787 4190 1009 4252 ὄνειδος,
1054 4189 1152 4256 τῆς
1205 4190 1559 4252 πολυπαιδίας
1608 4191 1744 4262 λάϐῃ
1772 4193 1859 4244 τὸν

287 4278 508 4330 ἔπαινον
539 4279 764 4345 (Πολλὰ
787 4281 894 4350 γὰρ
925 4281 994 4334 τὰ
1021 4279 1199 4332 τέκνα
1228 4281 1334 4346 τῆς
1360 4281 1599 4350 ἐρήμου,
1622 4281 1860 4351 μᾶλλον

286 4371 326 4436 ἢ
359 4368 467 4436 τῆς
509 4370 772 4438 ἐχούσης
830 4373 934 4424 τὸν
957 4370 1189 4439 ἄνδρα),
1251 4373 1344 4424 καὶ
1391 4373 1496 4425 τῶν
1531 4375 1736 4427 ὑδάτων
1765 4375 1856 4426 τοῦ

286 4460 593 4531 πνεύματος
624 4461 987 4532 πληρωθεῖσα,
1016 4465 1240 4534 γένηται
1264 4468 1296 4534 ἡ
1322 4466 1426 4536 πρὸ
1447 4466 1632 4520 τούτου
1658 4467 1751 4538 ἕρη
1763 4485 1859 4536 μος

284 4549 368 4608 εἰς
397 4548 587 4618 λίμνας
613 4548 836 4604 ὑδάτων.
873 4552 980 4604 Καὶ
1017 4553 1335 4606 σ·υσσείσει
1354 4555 1567 4621 Κύριος
1595 4555 1708 4623 τὴν
1735 4557 1860 4624 ἕρη-

279 4657 401 4708 per
428 4640 644 4708 Κάδης.
677 4643 748 4694 Οὐ
788 4644 967 4695 πᾶσαν
995 4640 1085 4696 οῦν
1113 4645 1316 4716 ἔρημον
1352 4647 1379 4697 ό
1411 4647 1611 4716 Κύριος
1648 4651 1858 4702 συσσεί-

287 4745 370 4781 σει
398 4730 529 4796 (15),
568 4733 699 4785 ἀλλὰ
745 4735 840 4804 τὴν
876 4735 1077 4804 Κάδης,
1121 4739 1381 4802 τουτέστι,
1422 4740 1510 4792 τὸν
1551 4742 1849 4811 ἁγιασμόνο

282 4823 472 4893 Κάδης
525 4825 632 4896 γὰρ
663 4827 952 4896 ἁγιασμὸς
997 4829 1372 4898 ἑρμηνεύεται.
1427 4832 1595 4899 Φωνὴ
1633 4836 1853 4901 Kvpt’ov

284 4917 742 4986 καταρτιζομένη
781 4919 1061 4988 ἐλάφους.
1102 4921 1365 4990 Ὀμότιμα
1410 4922 1510 4992 χρὴ
1542 4928 1649 4987 τοῖς
1713 4943 1847 4995 προ-

362 5010 408 5039 ⁸⁸
434 5009 569 5063 Psal.
623 5029 846 5070 chvm.
880 5015 964 5067 M.
1043 5015 1085 5047 ⁸⁷
1112 5015 1249 5069 Psal.
1296 5032 1403 5077 CXI,
1437 5020 1490 5072 9.

283 5082 329 5114 ⁹¹
367 5079 555 5133 Matth.
601 5099 728 5146 xxv,
779 5085 863 5137 41.
944 5086 1113 5140 “lsa.
1172 5103 1276 5147 LIV,
1317 5088 1366 5139 I.

359 5171 600 5250 (Qt‘Reg.
637 5178 902 5250 secundus
939 5181 1029 5230 ἐπὶ
1053 5179 1158 5230 τῶν
1193 5180 1451 5250 χειρόνων
1485 5179 1722 5249 εἰκασίᾳ.

362 5243 700 5319 (I_0)_'I_‘olum
736 5243 1350 5319 111ι1ι1,παρειλημμένον
1376 5251 1522 5301 ἐστιν
1551 5243 1748 5319 εὑρεῖν,
1778 5251 1852 5311 ὡς

281 5313 368 5375 τὸ,
405 5313 639 5383 Ὑψώσει
691 5318 857 5386 κέρας
886 5313 1011 5371 λαοῦ
1048 5313 1234 5381 αὑτοῦ,
1273 5322 1324 5372 in
1362 5321 1558 5373 uestris
1609 5313 1851 5372 undecim

283 5400 419 5438 mss.
470 5385 828 5439 desideratdr.
872 5387 1065 5442 Videre
1106 5393 1315 5444 esthoc
1353 5392 1472 5442 loco
1523 5391 1572 5442 in
1628 5405 1760 5442 mss.
1799 5401 1854 5441 et

284 5454 601 5528 alias‘parvi
648 5460 1286 5528 momentivariationes.
1343 5477 1476 5528 quas
1541 5459 1743 5513 referre
1799 5469 1857 5512 ut

285 5523 498 5586 inutile,
536 5527 604 5575 ita
642 5526 802 5579 luerit
838 5526 1141 5581 molestum.

359 5593 796 5669 (IUUColbertiui
825 5600 1100 5669 secundus
1137 5610 1189 5651 et
1238 5613 1459 5665 quartus
1495 5602 1551 5652 ὲν
1587 5603 1648 5669 τῇ
1677 5600 1851 5652 Βαϐυ-

286 5661 600 5741 λῷειιτΔΜοε
641 5666 767 5718 editi
814 5667 1199 5738 ὑπερεξεχύοη.
1237 5661 1303 5723 ΑΙ.
1331 5671 1497 5737 major
1539 5661 1659 5736 pars
1683 5671 1851 5741 ὑπερ-

287 5731 538 5855 εεῖιιενιί

360 5803 470 5883 (1?)
501 5803 900 5883 ΙΙΙπ,ωἘγένετο
936 5809 1062 5880 γὰρ,
1097 5810 1278 5883 φησὶν,
1321 5811 1449 5862 ὡσεὶ
1490 5812 1700 5883 πνεῦμα
1725 5812 1843 5883 δρό·

289 5889 384 5926 σου
413 5873 740 5944 διασυρίζον,
769 5879 843 5930 sic
885 5873 1118 5933 vertarat
1143 5873 1457 5933 'I'ilmannus
1493 5899 1502 5931 :
1551 5873 1714 5934 nim
1741 5873 1838 5942 est.

288 5944 710 6011 inqui-l,/lunmm
740 5948 888 6002 veluti
918 5953 1128 6018 spiritus
1161 5953 1290 6005 toris
1331 5955 1478 6005 sariri
1531 5953 1734 6019 spirans
1768 5956 1841 6008 si-

1566 5020 1609 5049 “
1645 5019 1781 5073 Psal.
1822 5037 1953 5077 xm.
1983 5021 2035 5074 5.

1961 3359 2164 3427 prietas
2199 3361 2261 3413 iis
2296 3360 2386 3429 qui
2428 3359 2714 3414 adustione
2737 3360 2881 3430 digni
2918 3370 3043 3415 sunt
3073 3374 3320 3416 servetur
3353 3362 3530 3418 εἰιιὶιις

1965 3465 2089 3504 vero
2115 3450 2366 3519 splendor
2411 3459 2464 3502 et
2504 3449 2726 3504 claritas
2760 3450 2826 3504 ad
2863 3451 3190 3507 hilaritatem
3226 3469 3411 3509 eorum
3438 3457 3530 3526 qui

1963 3542 2134 3596 laetam
2180 3556 2243 3597 ac
2290 3543 2498 3596 beatam
2557 3543 2720 3595 vitam
2775 3545 2947 3598 acturi
3013 3555 3158 3609 sunt,
3212 3547 3528 3602 destinetur.

1962 3631 2075 3687 Vox
2106 3635 2267 3703 igitur
2301 3632 2508 3688 Domini
2539 3634 2911 3690 intercidentis
2933 3677 2947 3702 ,
2976 3652 3039 3691 ac
3071 3638 3360 3695 dividentis
3382 3641 3531 3693 llam-

1963 3742 2101 3780 mam
2132 3727 2292 3796 ignis,
2335 3729 2470 3783 adeo
2494 3739 2549 3782 ut
2570 3731 2812 3799 supplicii
2847 3732 3065 3800 quidem
3101 3733 3240 3803 ignis
3269 3734 3532 3789 obscurus

1962 3821 2080 3885 sit,
2142 3819 2229 3874 lux
2295 3835 2423 3875 vero
2452 3823 2752 3890 requietis,
2816 3824 2868 3876 vi
2923 3834 3107 3878 careat
3158 3825 3525 3882 comburendi.

1964 3910 2119 3966 Vens.
2154 3912 2206 3968 8.
2252 3912 2364 3968 Vox
2403 3913 2616 3969 Domini
2671 3918 3017 3972 concutientis
3067 3919 3350 3974 desertum.
3389 3922 3530 3976 Con—

1962 4007 2139 4059 cussio
2204 4006 2288 4060 illa
2352 4022 2382 4060 a
2453 4007 2681 4063 Domino
2711 4009 3057 4078 dispensatur
3091 4012 3308 4065 deserto
3331 4013 3382 4064 in
3414 4013 3530 4065 loco

1962 4097 2229 4163 beneficii,
2261 4107 2320 4151 ut
2353 4097 2656 4168 ipsumjam
2691 4109 3055 4168 permutatum
3092 4116 3157 4155 ex
3198 4101 3412 4156 deserto
3441 4105 3532 4156 liat

1964 4198 2101 4242 terra
2171 4187 2446 4253 habitata,
2518 4199 2606 4255 et,
2662 4190 2906 4258 deposito
2957 4191 3257 4247 sterilitatis
3309 4196 3525 4262 probro.

1965 4281 2142 4334 multa:
2190 4280 2534 4336 fecunditatis
2585 4283 2797 4338 laudem
2855 4285 3105 4352 accipiat.
3153 4285 3332 4354 (Multi
3383 4292 3520 4342 enim

1963 4371 2060 4439 ﬁlii
2090 4373 2325 4436 desertae,
2365 4375 2531 4444 magis
2566 4391 2722 4445 quam
2752 4376 2868 4445 ejus
2898 4393 3015 4440 qua:
3057 4377 3206 4431 habet
3238 4378 3525 4448 virum”),

1961 4472 2015 4518 et
2041 4465 2088 4518 id
2115 4467 2256 4534 quod
2285 4475 2439 4521 antea
2456 4467 2727 4522 desertum
2748 4476 2886 4534 erat,
2914 4478 3098 4536 postea
3122 4469 3280 4537 aquis
3305 4470 3528 4538 spiritus

1963 4558 2282 4624 confertum,
2326 4559 2377 4611 in
2407 4567 2595 4630 stagna
2645 4575 2910 4628 aquarum
2941 4561 3052 4613 liat.
3089 4557 3154 4611 Et
3190 4564 3529 4614 commovebit

1967 4647 2217 4703 Dominus
2268 4650 2528 4703 desertum
2586 4649 2774 4704 Gades.
2819 4649 3004 4716 Itaque
3059 4649 3327 4703 desertum
3369 4665 3529 4705 omne

1963 4756 2066 4795 non
2096 4742 2454 4796 commovebit
2487 4741 2766 4807 Dominus,
2797 4741 2888 4794 sed
2918 4742 3186 4794 desertum
3206 4740 3400 4807 Cades,
3431 4744 3532 4798 hoc

1962 4845 2064 4900 est,
2097 4834 2579 4888 sanctilicationem
2616 4852 2629 4887 :
2670 4834 2840 4888 Cades
2887 4834 3026 4888 enim
3057 4843 3161 4900 est,
3196 4836 3240 4888 si
3290 4837 3410 4904 quis
3443 4837 3528 4890 in-

1959 4936 2324 4993 terpretetur,
2383 4926 2756 4996 sanctiﬁcatio.
2816 4926 2972 4981 Vens.
3027 4926 3077 4979 9.
3161 4925 3276 4979 νοω
3317 4927 3530 4982 Domini

2134 5022 2179 5053 ‘9
2206 5022 2221 5073 ι
2253 5021 2375 5074 Cor.
2411 5037 2448 5082 1,
2486 5021 2577 5075 21.
2676 5023 2719 5052 '°
2749 5021 2880 5074 Dan.
2913 5037 2991 5084 Ill,
3037 5021 3123 5073 47.
3202 5019 3243 5050 ⁰¹
3277 5021 3408 5081 ibid.
3439 5023 3524 5078 50.

1959 5180 2083 5232 bilo.
2116 5179 2222 5233 Sed
2252 5193 2395 5247 {egre
2427 5180 2526 5234 fert
2553 5179 2774 5234 Dueams
2817 5181 3160 5237 Tilmannum
3200 5186 3265 5239 de
3305 5202 3403 5240 suo
3436 5204 3528 5240 vn-

1965 5265 2080 5303 cem
2106 5251 2321 5316 ﬂamma
2351 5251 2620 5305 addidisse
2665 5269 2677 5302 :
2726 5251 3081 5308 Combelisius
3118 5270 3245 5308 vero
3289 5259 3525 5310 additam

1965 5334 2082 5397 eam
2112 5321 2275 5397 fuisse
2300 5321 2365 5373 ad
2401 5329 2632 5397 mentem
2693 5320 2873 5373 Basilii
2916 5323 3166 5397 allirtnat.
3225 5325 3382 5378 Plura
3437 5333 3526 5397 qui

1966 5390 2126 5464 volet:
2167 5391 2450 5464 scriptoris
2480 5390 2764 5457 utriusque
2797 5398 2949 5464 notas
2982 5393 3159 5459 legere
3187 5398 3405 5464 poterit.

2036 5459 2146 5530 (15)
2181 5460 2337 5530 _Colb.
2366 5471 2589 5527 quartus
2618 5461 3001 5530 προστάγματι
3034 5459 3190 5523 Θεοῦ,

2031 5529 2140 5598 (14)
2174 5527 2263 5581 Sic
2291 5531 2415 5582 editi
2446 5539 2499 5582 et
2540 5527 2811 5606 tres'mss.
2843 5527 2911 5584 At
2931 5547 3022 5586 sex
3060 5535 3148 5588 alii
3185 5550 3321 5590 mss.
3355 5539 3525 5606 φωτί-

1961 5598 2599 5671 ζουσανυιοοίφωτιστική.
2630 5599 2795 5655 Paulo
2839 5612 2958 5671 post
2994 5619 3122 5658 IIISS.
3169 5615 3294 5660 octo
3337 5598 3378 5660 6'
3409 5625 3528 5664 συσ-

1962 5670 2200 5737 σεισμός.
2239 5670 2373 5722 Editi
2405 5673 2432 5722 ό
2461 5670 2700 5740 σεισμός.

2025 5740 2142 5812 (15)-
2167 5740 2442 5812 ὃὶοὼηιιιιιί
2471 5757 2600 5812 mss.
2628 5742 2695 5794 At
2719 5741 2845 5794 editi
2878 5757 2998 5796 cum
3024 5744 3346 5812 quibusdam
3389 5764 3519 5800 mss.

1956 5810 2216 5862 συσσείει.
2260 5810 2450 5863 Slatitn
2483 5811 2571 5862 ubi
2623 5812 2814 5880 legilur
2860 5813 2909 5865 in
2937 5810 3097 5868 edit—is
3135 5828 3188 5870 et
3238 5817 3288 5872 in
3326 5820 3524 5871 nostris

1955 5897 2084 5933 mss.
2121 5880 2574 5957 καταρτιζοξιένη,
2614 5884 2817 5938 editum
2854 5883 3160 5941 invenimus
3203 5891 3339 5957 apud
3383 5886 3522 5942 LXX

1951 5952 2426 6022 καταρτιζημένου.
