4260 6498
776 461 882 515 2‘39

2090 463 2146 516 S.
2197 462 2276 514 BA
2289 460 2438 513 SlLll
2479 459 2690 514 MACNI

3929 467 4030 520 ΞΞὊ

3927 502 3975 521 ν.

775 588 1080 640 pm-param
1111 589 1302 625 cervos.
1342 574 1472 640 Qua?
1521 575 1584 628 de
1628 577 2018 645 praeparatione
2066 596 2353 635 cervorum
2385 587 2428 640 Α

2347 603 2353 632 ι
2385 587 2428 640 Α
2461 581 2682 645 ἀγουσιν
2728 578 3053 648 ἀποδοθῆναι
3086 580 3196 650 (16)
3235 579 3327 634 καὶ
3379 583 3446 635 τὰ
3480 585 3601 656 περὶ
3629 580 3723 635 τοῦ
3774 600 4029 654 καταρτι-

775 677 868 731 per
928 676 1112 717 vocem
1166 664 1372 720 Domini
1401 667 1543 720 facta
1593 667 1880 732 dicuntur,
1934 671 2093 725 etiam
2153 671 2342 725 eodem

776 754 934 808 modo
962 769 1069 823 quo
1105 756 1287 824 priora
1350 758 1669 826 explicanda
1709 771 1855 815 sunt.
1887 758 2146 824 Quoniam
2182 762 2344 829 igitur

774 862 966 901 cervus
993 848 1063 901 ita
1089 863 1119 902 a
1151 860 1339 904 natura
1371 863 1714 920 comparatus
1732 861 1833 913 est,
1857 862 1914 904 ut
1946 854 2145 906 nullam
2164 870 2191 905 a
2231 871 2346 906 ser-

774 940 1025 1008 pentibus
1044 943 1268 1009 accipiat
1288 956 1482 996 noxam
1504 963 1516 997 :
1536 945 1642 998 imo
1659 958 1806 1006 vero,
1825 952 1882 997 ut
1904 945 2053 999 ainut
2070 946 2103 998 ii
2125 946 2214 1014 qtti
2234 947 2347 1001 ha:c

773 1032 1149 1097 observavere,
1176 1033 1373 1101 viperae
1396 1051 1521 1090 esus
1553 1037 1656 1089 vim
1688 1034 1802 1100 ejus
1839 1038 2097 1106 purgandi
2128 1037 2342 1100 habeat,

773 1131 826 1172 ct
856 1122 1110 1187 quoniam
1151 1136 1416 1180 venenata
1469 1128 1646 1180 omnia
1675 1126 1926 1181 animalia
1959 1143 2081 1181 cum
2111 1127 2266 1182 malis
2293 1138 2346 1181 et

774 1213 1018 1268 adversis
1046 1216 1337 1272 virtutibus
1372 1229 1774 1287 comparantur,
1818 1235 1939 1273 cum
1975 1219 2231 1274 Dominus
2261 1223 2335 1274 di-

775 1313 862 1357 cat
889 1322 902 1358 :
941 1305 1073 1358 Dedi
1098 1309 1237 1359 vobis
1283 1317 1585 1375 potestatem
1609 1311 1846 1363 calcandi
1872 1327 2030 1378 supra
2061 1324 2344 1380 serpentes,

775 1405 822 1446 et
851 1397 1165 1462 scorpiones,
1202 1406 1249 1450 et
1280 1415 1434 1466 super
1458 1416 1657 1453 onmem
1687 1403 1920 1456 virtutem
1961 1404 2162 1457 inimici
2182 1405 2260 1471 “;
2294 1423 2347 1459 et

776 1503 895 1538 cum
925 1502 1110 1540 rursus
1135 1490 1373 1556 psalmus
1396 1489 1674 1556 PrOphet;e
1699 1495 2008 1561 promittat:
2031 1493 2351 1564 Superaspi-

775 1584 890 1632 item
928 1591 973 1632 et
1007 1581 1305 1634 basiliscum
1360 1583 1726 1649 ambulabis";
1767 1603 1986 1641 necesse
2022 1599 2104 1642 est
2140 1599 2195 1642 ut
2225 1604 2345 1643 cum

776 1686 971 1736 nomen
1005 1675 1150 1728 cervi
1201 1675 1254 1728 in
1304 1675 1585 1744 Scriptura
1633 1679 1905 1741 audimus,
1937 1694 2247 1734 sermOuem
2280 1683 2347 1737 ad

777 1764 1056 1819 meliorem
1111 1769 1522 1823 similitudinem
1589 1773 1891 1826 trahantus.
1941 1772 2076 1827 Nam
2143 1772 2348 1831 Montes

773 1858 965 1913 excelsi
1016 1862 1179 1913 cervis
1203 1863 1282 1925 ";
1318 1864 1481 1915 item:
1521 1862 1788 1917 Desiderat
1835 1881 2014 1919 cervus
2058 1869 2127 1920 ad
2177 1867 2347 1937 fontes

775 1965 1032 2018 aquarum
1051 1949 1115 2002 ’⁷.
1161 1950 1391 2006 Proinde
1422 1968 1546 2006 cum
1576 1964 1627 2006 et
1651 1954 1835 2023 justus
1866 1959 2044 2013 omnis
2067 1960 2118 2014 in
2144 1962 2343 2015 altissi-

780 2042 881 2093 mis
929 2054 1321 2107 commoretur,
1356 2044 1521 2098 Juxta
1551 2064 1765 2114 scopum
1802 2067 2109 2120 persequens
2133 2055 2202 2104 ad
2227 2055 2346 2104 bra-

778 2133 914 2185 riunt
936 2149 1175 2199 superna:
1197 2135 1482 2187 vocationis
1501 2134 1568 2200 ⁸⁸,
1600 2138 1761 2188 etiam
1792 2136 1857 2188 ad
1890 2138 2200 2204 poculentos
2228 2137 2345 2191 fon-

781 2236 858 2273 tes
885 2224 1141 2284 accurrit,
1180 2224 1462 2291 theologia:
1503 2226 1767 2293 principia
1813 2228 1985 2293 prima
2031 2227 2336 2294 requirens.

778 2311 968 2368 Trahit
1000 2324 1175 2367 autem
1212 2329 1406 2368 cervus
1429 2317 1541 2369 oris
1577 2316 1658 2369 sui
1690 2319 2048 2386 i-eSpiratiotte
2078 2329 2341 2371 venenata

779 2408 1030 2462 animalia
1059 2407 1350 2472 latitantia,
1383 2426 1555 2479 eaque
1590 2411 1638 2464 vi
1669 2412 1895 2480 Spiritus
1939 2413 2019 2466 sui
2052 2428 2080 2466 c
2110 2412 2347 2466 latibulis

778 2500 979 2554 t-ducit.
1012 2501 1477 2568 Quemadmodum
1515 2502 1683 2573 igitur
1716 2515 1937 2560 sanctus
1985 2506 2161 2575 aquila
2217 2506 2347 2559 dici-

780 2604 885 2654 tur,
918 2594 1058 2659 quod
1103 2595 1352 2646 sublimia
1401 2605 1566 2661 petat,
1611 2606 1662 2649 et
1716 2597 2003 2660 plurimum
2034 2614 2062 2650 a
2093 2608 2232 2652 terra
2263 2599 2345 2651 di-

777 2691 919 2746 stet;
949 2695 1002 2736 et
1039 2685 1490 2754 quemadmodum
1542 2687 1746 2741 dicitur
1779 2687 1896 2739 ovis
1937 2689 2006 2740 ob
2040 2701 2348 2742 mansuetu-

779 2781 961 2832 dinem
1019 2787 1073 2831 et
1127 2790 1306 2830 rerum
1379 2790 1597 2829 suarum
1652 2777 2231 2840 communicationem;
2294 2790 2347 2830 et

779 2873 923 2925 aries
961 2873 1029 2925 ob
1080 2872 1398 2940 imperium;
1443 2879 1499 2923 et
1532 2869 1779 2924 columba
1821 2879 2042 2937 propter
2081 2871 2344 2923 innocen-

783 2966 909 3016 tiam
946 2981 959 3016 :
1000 2964 1072 3016 ila
1103 2979 1318 3030 quoque
1351 2962 1550 3016 dicitur
1585 2977 1778 3015 cervus
1822 2963 1890 3014 ob
1919 2978 2036 3014 eam
2067 2978 2227 3029 quam
2260 2963 2348 3013 ha-

781 3060 869 3110 het
908 3057 1173 3110 adversus
1225 3071 1387 3124 prava
1447 3054 1886 3123 repugnantiam.
1929 3055 2054 3108 ideo
2092 3063 2146 3108 et
2195 3054 2346 3107 Salo-

782 3171 903 3212 mon
934 3156 1010 3208 ait
1038 3172 1049 3208 :
1082 3152 1274 3207 Cervus
1307 3152 1574 3214 amicitiae,
1605 3162 1652 3204 et
1688 3151 1866 3219 pullus
1907 3160 2120 3203 tuarum
2148 3149 2347 3218 grada-

2453 668 2590 739 σμοῦ
2643 672 2747 724 τῶν
2795 671 3030 740 ὲλάφων,
3057 673 3171 745 ὃνή
3209 671 3358 742 φωνὴ
3386 675 3479 727 τού
3540 675 3742 747 Κυρίου
3792 675 4026 746 ἐνεργεῖ.

2465 764 2617 816 Ἐπεὶ
2658 764 2896 832 τοίνυνή
2949 763 3147 832 ἔλαφος
3190 763 3441 833 τοιαύτης
3486 767 3641 838 ἔτυχε
3701 767 3803 838 τῆς
3855 783 4027 820 κατα-

2456 863 2654 930 σκευῆς
2681 862 2755 923 ὼς
2785 859 3045 931 κρείττων
3087 861 3196 931 (17)
3231 857 3367 914 εἴναι
3399 860 3498 928 τῆς
3535 863 3600 914 ὲκ
3634 864 3742 919 τῶν
3782 862 4027 936 ἑρπετῶν

2453 952 2678 1022 βλάϐης,
2710 954 2844 1006 ἀλλὰ
2869 951 2962 1004 καὶ
2993 953 3358 1026 καθαρτήριον
3393 953 3527 1022 αὐτῇ
3559 955 3727 1018 ἐστιν,
3760 958 3835 1022 ὥς
3864 971 4025 1026 φασιν

2447 1046 2497 1096 οἱ
2542 1045 2607 1096 τά
2638 1047 2860 1098 τοιαῦτα
2897 1046 3276 1114 τετηρηκότες,
3327 1045 3507 1115 τὸτῆς
3554 1047 3764 1118 ἐχίδνης
3811 1049 4022 1121 βρῶμα,

2451 1137 2628 1188 πάντα
2665 1136 2808 1191 δὲτὰ
2845 1137 3018 1191 ἰοϐόλα
3056 1138 3192 1208 πρὸς
3215 1138 3312 1208 τὴν
3343 1139 3450 1191 τῶν
3479 1138 3727 1206 πονηρῶν
3757 1146 3849 1194 καὶ
3875 1143 4022 1199 ἀντι·

2451 1229 2718 1298 κειμένων
2739 1229 3019 1300 δυνάμεων
3055 1228 3236 1282 εἰκόνα
3264 1229 3596 1300 λαμϐάνεται
3625 1231 3735 1302 (18)
3761 1235 3874 1303 (τοῦ
3914 1239 4027 1289 Κυ-

2452 1320 2567 1391 ρίου
2594 1319 2844 1386 λέγοντος
2864 1339 2876 1350 ·
2911 1320 3143 1374 Δέδωκα
3187 1319 3328 1388 ὑμῖν
3358 1322 3471 1389 τὴν
3508 1323 3797 1387 ἐξουσίαν
3818 1327 4026 1380 πατεῖν·

2447 1411 2645 1464 ἐπάνω
2675 1412 2886 1482 ὄφεων,
2919 1411 3016 1465 καὶ
3049 1413 3376 1480 σκορπίων,
3418 1416 3512 1467 καὶ
3541 1417 3637 1468 ἐπὶ
3669 1413 3876 1468 πᾶσαν
3914 1420 4025 1487 τὴν

2449 1504 2703 1569 δύναμιν
2740 1507 2845 1561 τοῦ
2886 1505 3100 1573 ἐχθροῦ
3120 1522 3132 1535 ·
3165 1507 3257 1559 καὶ
3288 1505 3380 1560 τοῦ
3414 1507 3629 1578 ψαλμοῦ
3662 1510 3821 1562 πάλιν
3851 1513 4026 1580 ἑπαγ-

2449 1595 2772 1665 γελλομένου
2803 1598 2878 1667 τῷ
2902 1598 3176 1670 προφήτῃ,
3205 1600 3287 1652 ὅτι
3323 1599 3446 1651 ἐπὶ
3475 1600 3704 1655 ἀσπίδα
3731 1602 3830 1656 καὶ
3854 1604 4026 1666 βασι-

2449 1689 2667 1743 λίσκον
2688 1689 2992 1757 ἐπιϐιξσῃ)⁶
3012 1689 3246 1761 ἀνάγκη,
3265 1692 3392 1745 ὅταν
3419 1691 3618 1760 ἐλάφου
3635 1693 3804 1763 ὄνομα
3825 1694 4031 1748 ἁκούω-

2454 1797 2550 1851 μεν
2587 1782 2643 1833 ὲν
2664 1784 2730 1851 τῇ
2766 1781 2974 1852 Γραφῇ,
3013 1780 3148 1852 πρὸς
3167 1783 3527 1853 τὴνβελτίονα
3559 1786 3740 1839 εἰκόνα
3759 1787 3850 1840 τὸν
3870 1786 4028 1855 λόγον

2451 1872 2647 1924 ἕλκειν.
2690 1874 2826 1940 Ὄρη
2874 1871 2982 1942 γὰρ
3036 1873 3108 1924 τὰ
3162 1875 3370 1940 ὑψηλὰ
3403 1877 3531 1943 ταῖς
3569 1877 3847 1947 ἐλάφοις·
3895 1881 4013 1941 καὶ,

2462 1964 2762 2017 Ἐπιποθεῖ
2797 1964 2835 2030 ἠ
2872 1964 3095 2033 ἔλαφος
3127 1965 3222 2021 ἐπὶ
3253 1965 3359 2031 τὰς
3387 1971 3581 2038 πηγὰς
3625 1971 3744 2024 τῶν
3771 1971 4024 2027 ὑδάτων.

2459 2057 2610 2109 Ἐπεὶ
2656 2052 2748 2109 οὖν
2781 2058 2875 2110 καὶ
2919 2059 3025 2122 πᾶς
3055 2059 3262 2123 δίκαιος
3299 2061 3356 2113 ἐν
3399 2061 3623 2131 ὑψηλοῖς
3649 2065 3758 2134 ἔχει
3793 2066 3893 2136 τὴν
3921 2067 4030 2120 διαο

2444 2149 2657 2219 τριϐὴν.
2692 2148 2853 2202 Κατὰ
2888 2152 3123 2204 σκοπὸν
3145 2150 3374 2204 διώκων
3401 2153 3497 2205 ἐπὶ
3519 2155 3582 2207 τὸ
3606 2156 3892 2222 βραϐεῖον
3913 2157 4024 2224 (19)

2445 2239 2554 2307 τῆς
2585 2241 2707 2293 ἀνω
2745 2241 3036 2306 κλήσεως.
3078 2243 3170 2296 καὶ
3217 2243 3354 2313 πρὸς
3397 2243 3497 2307 τὰς
3543 2247 3804 2317 ποτίμους
3841 2248 4026 2316 πηγὰς

2443 2335 2751 2404 ἀνατρέχει,
2796 2335 2896 2395 τὰς
2932 2333 3154 2403 πρώτας
3186 2335 3357 2407 ἀρχὰς
3383 2336 3481 2405 τῆς
3514 2338 3787 2408 Θεολογίας
3817 2337 4021 2407 ἀναζη-

2443 2423 2569 2474 τῶν.
2609 2423 2795 2474 Ἔλκει
2823 2422 2879 2474 δὲ
2911 2424 2943 2492 ὴ
2967 2423 3162 2492 ἔλαφος
3186 2427 3251 2494 τῇ
3282 2425 3521 2497 άναπνοῇ
3547 2428 3638 2480 τοῦ
3667 2428 3932 2497 στόματος
3958 2431 4024 2483 τά

2446 2514 2753 2584 φωλεύοντα.
2782 2514 2889 2566 τῶν
2921 2515 3159 2578 ἰοϐόλων,
3188 2516 3279 2568 καὶ
3309 2518 3416 2570 ἀπὸ
3441 2521 3551 2572 τῶν
3574 2522 3915 2576 καταδύσειυν
3945 2525 4030 2590 ἐξ-

2447 2608 2569 2676 άγει
2607 2610 2671 2678 τῇ
2721 2606 2810 2678 βία
2851 2606 2944 2660 τοῦ
2985 2606 3310 2678 πνεύματος.
3353 2609 3563 2681 Ὠσπερ
3594 2609 3686 2666 οὖν
3729 2614 3887 2678 ἀετὸς
3917 2616 4026 2685 (‘20)

2446 2701 2661 2768 λέγεται
2714 2703 2741 2753 ὁ
2785 2699 2936 2767 ἆγιος
2989 2700 3075 2754 διά
3114 2699 3174 2753 τὸ
3223 2704 3653 2776 μετεωροπόρον,
3681 2708 3774 2761 καὶ
3831 2709 3921 2761 διά
3969 2711 4029 2762 τὸ

2446 2792 2734 2862 διηρμένον
2759 2793 2865 2845 ἀπὸ
2899 2791 3002 2861 γῆς
3033 2795 3125 2846 ὲπὶ
3150 2793 3332 2847 πλεῖον
3351 2810 3365 2826 ·
3408 2796 3503 2849 καὶ
3543 2797 3618 2861 ὡς
3647 2798 3917 2870 πρόϐατον
3943 2800 4030 2853 διὰ

2446 2885 2506 2934 τὸ
2539 2885 2745 2954 ἥμερον
2770 2885 2860 2936 καὶ
2881 2885 3226 2954 μεταδοτικὺν
3261 2881 3334 2941 ὧν
3366 2889 3472 2958 ἔχει
3502 2907 3514 2919 ’
3553 2892 3647 2943 καὶ
3677 2893 3828 2962 κριὸς
3855 2893 3943 2944 διὰ
3970 2892 4032 2944 τὸ

2448 2974 2800 3043 ἡγεμονικόν·
2833 2975 2924 3025 καὶ
2955 2977 3254 3046 περιστερά
3289 2978 3375 3030 διὰ
3409 2981 3468 3031 τὸ
3500 2981 3704 3033 ἄκακον
3724 2998 3736 3010 ’
3767 2981 3909 3033 οὓτω
3941 2984 4031 3034 καὶ

2450 3064 2643 3132 ἔλαφος
2664 3063 2753 3116 διὰ
2785 3062 2881 3132 τὴν
2911 3063 3044 3133 πρὸς
3069 3065 3136 3116 τὰ
3161 3067 3371 3135 πονηρὰ
3402 3070 3732 3123 ἐναντίωσιν.
3763 3071 3852 3124 Διὸ
3880 3074 3973 3125 καὶ
4004 3075 4031 3125 6

2451 3151 2699 3223 Σολομὼν
2748 3170 2910 3223 φησιν
2933 3144 2966 3182 ·’
2989 3154 3249 3222 Ἔλαφος
3273 3157 3495 3224 φιλίας,
3543 3159 3638 3211 καὶ
3666 3161 3867 3226 πῶλος
3903 3162 4032 3215 σῶν

781 3265 894 3304 ram
925 3247 1286 3314 confabuletur
1311 3245 1559 3300 tecum”.
1590 3243 1890 3299 MSautcm
1914 3245 2067 3298 docet
2088 3258 2351 3304 memora-
2378 3287 2418 3344 ε
2453 3264 2463 3314 ;

2349 3274 2351 3281 -
2378 3287 2418 3344 ε
2453 3246 2713 3314 χαρίτων
2751 3244 3022 3313 ὀμιλείτω
3048 3261 3178 3298 σοι’
3215 3245 3478 3300 διδάσκων
3506 3251 3650 3320 ἡμᾶς
3685 3255 3808 3314 τους
3843 3270 4031 3323 προει-

784 3353 863 3392 tos
894 3353 1082 3392 cervos
1113 3339 1180 3389 ad
1217 3337 1498 3406 theologia:
1533 3337 1835 3389 doctrinam
1862 3351 1980 3390 csse
2003 3335 2246 3390 idoneos.

856 3519 905 3573 7.
965 3519 1121 3589 122
1168 3517 1281 3573 Vox
1331 3517 1541 3569 Domini
1596 3533 1902 3584 prwparans
1959 3532 2159 3568 cervos.
2211 3515 2347 3569 Cum

786 3612 1269 3682 igiturquempiam
1317 3610 1407 3662 Dei
1443 3611 1714 3677 hominem
1756 3611 2051 3678 perfectum
2073 3609 2353 3664 etabsolu-

787 3717 896 3756 tum
931 3705 1246 3766 viderimus,
1290 3702 1576 3756 utilitatem
1605 3718 1672 3756 ex
1705 3703 1823 3771 ejus
1872 3716 2170 3770 congressu
2201 3718 2350 3770 qua:-

785 3811 986 3850 ramns.
1036 3793 1167 3849 Nam
1216 3809 1375 3848 cervo
1431 3805 1699 3862 praesente
1744 3795 2076 3864 serpentium
2137 3797 2354 3864 fugatur

785 3893 986 3947 tualitia
1023 3893 1218 3947 omnis.
1277 3892 1392 3945 Non
1438 3894 1582 3947 cnim
1630 3893 1787 3962 hujus
1831 3895 2081 3951 animalis
2132 3900 2352 3952 odorem

782 3987 1052 4041 virulenta
1100 3987 1394 4042 animantia
1435 3987 1732 4056 perferunt,
1770 3997 1824 4040 ut
1868 4005 1987 4056 qua:
2015 3991 2096 4043 vel
2130 3992 2195 4044 ad
2229 4007 2354 4046 cor-

787 4093 952 4130 nuum
1002 4078 1344 4130 cerviuarum
1394 4078 1630 4130 sullitum
1686 4079 1964 4132 secedant.
1999 4079 2067 4132 Et
2105 4081 2349 4134 reuelabit

783 4164 1068 4222 condensa.
1114 4162 1353 4219 Primum
1401 4179 1503 4217 vox
1556 4165 1768 4218 Domini
1821 4179 2086 4233 pra-parat
2120 4185 2350 4223 cervos:

784 4255 978 4308 deinde
1011 4253 1212 4305 revelat
1243 4257 1510 4308 condensa
1547 4256 1690 4320 loca,
1729 4257 1976 4311 videlicet
2012 4261 2240 4326 consita,
2280 4272 2356 4314 at-

784 4362 890 4417 que
923 4349 1124 4408 agresti
1158 4363 1221 4400 ac
1251 4345 1583 4400 infructuosa
1627 4349 1850 4402 materia
1895 4350 2256 4418 condensata;
2300 4354 2351 4406 itt

786 4457 904 4508 quae
948 4441 1065 4495 loca
1107 4441 1357 4496 animalia
1419 4453 1685 4495 venenata
1733 4443 1969 4497 maxime
2009 4444 2247 4513 recipere
2295 4461 2354 4501 se

785 4535 980 4587 solent.
1028 4533 1293 4598 Quoniam
1341 4534 1504 4603 igitur
1545 4551 1639 4602 per
1685 4536 2136 4602 przrparationem
2181 4553 2210 4591 a
2248 4539 2352 4592 Do-

2458 3338 2723 3409 ρημὲνους
2775 3338 3003 3405 ἐλάφους
3043 3337 3378 3407 ἐπιτηδείους
3420 3335 3556 3395 εἶναι
3597 3342 3730 3412 πρὸς
3758 3337 4029 3414 θεολογίας

2452 3431 2814 3484 διδασκαλίαν.

2525 3521 2574 3572 7.
2617 3520 2788 3587 Φωνὴ
2813 3521 3034 3587 Κυρίου
3062 3519 3515 3588 καταρτιζομένη
3545 3524 3832 3594 ἐλάφους.
3864 3530 4035 3582 Ὅταν

2453 3608 2544 3664 οὖν
2566 3612 2762 3681 ἴδωμέν
2786 3631 2903 3665 τινα
2935 3614 3215 3685 ἄνθρωπον
3248 3615 3382 3668 Θεοῦ
3417 3616 3620 3671 τέλειον
3650 3621 3743 3672 καὶ
3771 3639 4000 3693 κατηρτι
4020 3653 4033 3662 ο

2456 3703 2668 3774 σμένον,
2701 3702 2797 3774 τὴν
2830 3704 2937 3756 ἀπὸ
2973 3704 3072 3773 τῆς
3099 3705 3310 3775 ὁμιλίας
3353 3708 3521 3761 αὐτού
3561 3710 3828 3780 ὠφέλειαν
3871 3732 4033 3782 μετα-

2454 3791 2757 3862 διώκωμεν.
2790 3793 2961 3845 Ὅπου
2997 3795 3104 3865 γὰρ
3134 3793 3331 3864 ἐλάφου
3358 3801 3646 3870 παρουσία,
3674 3802 4032 3870 φυγαδεύεται

2455 3889 2602 3940 πᾶσα
2625 3886 2730 3939 τῶν
2764 3887 3007 3956 ἑρπετῶν
3105 3889 3288 3943 κακία.
3321 3892 3394 3943 υὺ
3417 3891 3522 3964 γὰρ
3551 3895 3703 3965 φέρει
3732 3895 3830 3964 τὴν
3860 3894 4031 3965 ὀσμὴν

2456 3982 2548 4036 τοῦ
2583 3983 2721 4048 ζώου
2752 3984 2818 4038 τά
2847 3985 3043 4047 ἰοϐόλα,
3079 3987 3211 4038 ὅπου
3238 4003 3300 4054 γε
3326 3988 3419 4040 καὶ
3452 3992 3564 4052 τοῖς
3597 3990 3821 4058 κέρασιν
3855 3990 4032 4042 αὐτῶν

2458 4076 2929 4145 ὑποϐυμιωμένοις
2965 4077 3250 4146 ὑποχωρεῖ,
3310 4079 3418 4130 Καὶ
3461 4080 3839 4147 ἀποκαλύψει
3890 4081 4032 4149 ὄρυ-

2450 4171 2604 4236 μούς
2631 4167 2760 4238 (ﬁl).
2801 4169 3018 4238 Πρῶτον
3048 4171 3078 4238 ἠ
3111 4170 3258 4240 φωνὴ
3290 4169 3380 4221 τοῦ
3410 4169 3614 4239 Κυρίου
3653 4171 4031 4241 καταρτίζεται

2456 4264 2552 4322 τὰς
2573 4262 2800 4330 ἐλάφους
2823 4277 2835 4288 ·
2868 4260 3056 4312 ἔπειτα
3086 4261 3454 4314 ἀποκαλύπτει
3482 4260 3739 4331 δρυμοὺς,
3766 4263 3889 4325 τοὺς
3906 4279 4034 4331 συμ-

2457 4351 2653 4417 φύτους
2686 4351 2779 4401 καὶ
2807 4349 2914 4401 ἀπὸ
2939 4349 3132 4420 ἀγρίας
3165 4349 3258 4400 καὶ
3291 4349 3541 4420 ἀκάρπου
3578 4351 3708 4422 ὕλης
3742 4369 4030 4405 πεπυκνω-

2459 4441 2650 4510 μένους
2690 4441 2908 4502 τόπους,
2939 4433 3017 4502 οἷς
3060 4440 3289 4510 μάλιστα
3333 4445 3697 4512 προσφεύγειν
3745 4443 3813 4495 τὰ
3853 4443 4030 4497 ὶοϐὁλα

2458 4531 2718 4599 πέφυκεν.
2757 4532 2906 4584 Ἐπεὶ
2929 4527 3018 4584 οὖν
3047 4531 3145 4601 ἤδη
3169 4533 3512 4586 τετελείωται
3537 4533 3622 4586 διὰ
3643 4535 3732 4587 τὸν
3762 4536 3910 4606 παρά
3937 4537 4028 4590 τοῦ

786 4625 930 4678 ιιιὶιιο
962 4623 1166 4678 factam
1200 4622 1312 4692 jam
1340 4624 1617 4677 absolutus
1648 4641 1837 4678 cet-vus
1860 4638 1962 4690 eat,
2004 4629 2094 4695 qui
2125 4627 2175 4681 ei
2211 4630 2351 4683 assi-
2383 4627 2428 4681 D
2458 4625 2468 4676 l

2347 4627 2428 4681 .D
2458 4623 2659 4692 Κυρίου
2713 4623 3000 4692 γενόμενον
3057 4626 3423 4696 καταρτισμὸν
3465 4627 3497 4696 ἡ
3545 4625 3757 4694 ἔλαφος,
3798 4629 3826 4678 ὁ
3858 4628 4029 4700 ταύτῃ

787 4718 1008 4770 milatur
1041 4715 1224 4782 justus
1281 4716 1489 4770 revelat
1543 4717 1836 4779 condensa,
1877 4728 1934 4772 ut
1996 4721 2118 4776 vita:
2157 4731 2353 4776 nostrai

784 4819 1132 4877 corruptores
1186 4808 1311 4861 nudi
1348 4818 1404 4862 et
1440 4809 1676 4876 expediti
1713 4807 2059 4874 objiciuntur.
2118 4811 2184 4866 Et
2225 4813 2348 4881 quia

784 4901 1005 4967 Lignum
1033 4917 1202 4965 omne,
1227 4902 1365 4966 quod
1403 4917 1505 4954 non
1541 4901 1665 4966 facit
1692 4902 1920 4956 fructum
1966 4904 2177 4970 bonum,
2214 4906 2352 4958 exci-

855 5014 903 5046 “
940 5012 1068 5067 an.
1106 5030 1158 5077 ι,
1196 5013 1284 5068 19.
1361 5014 1407 5045 ’⁵
1434 5014 1573 5068 Psal.
1609 5028 1690 5075 xc,
1723 5015 1808 5071 15.

784 5271 1021 5327 Subinde
1049 5269 1201 5324 Colb.
1230 5270 1266 5323 2
1291 5269 1545 5339 τοιαύτης
1571 5269 1750 5339 ἔλαχε,
1783 5288 1886 5324 non
1930 5273 2146 5327 diverso
2179 5289 2357 5326 sensu.

858 5343 970 5412 (l7)
1001 5340 1166 5394 Notat
1193 5343 1420 5396 Dnca-us
1448 5342 1906 5412 s.tnile_qniddatn
1929 5347 1996 5396 de
2023 5344 2197 5396 cervis
2222 5343 2358 5410 apud

786 5409 1022 5469 Plinium
1059 5411 1293 5473 narrari,
1320 5421 1376 5465 et
1407 5412 1546 5480 apud
1587 5409 1886 5464 (Elianum.

857 5482 970 5552 (18)
999 5482 1074 5552 Ita
1124 5483 1707 5552 quinqueimss.cntu
1763 5481 2002 5536 editione
2045 5481 2357 5552 Basileensi.

785 5551 966 5610 Editio
1012 5551 1184 5607 Paris.
1238 5551 1754 5622 παραλαμϐάνεται.
1789 5552 1930 5604 Infra
1977 5553 2126 5613 illud,
2179 5551 2357 5613 πάλιν,

784 5628 939 5679 deest
963 5624 1015 5677 in
1048 5623 1256 5678 duobus
1284 5621 1416 5678 mss.
1457 5621 1700 5677 Subinde
1733 5621 1866 5692 Reg.
1896 5624 2169 5678 secundus
2198 5622 2360 5676 ἀκού-

785 5711 991 5749 σωαεν.

850 5711 1288 5834 (ῗδῖὶοιιιοι-ιίηἰ
1331 5765 1601 5818 secundus
1641 5771 1695 5816 et
1723 5773 1948 5830 quartus
1998 5762 2090 5816 ἐπὶ
2140 5762 2198 5815 τὸ
2250 5764 2361 5816 ἄνω

787 5834 952 5910 βραϐ.
972 5833 1173 5910 Ibidem
1199 5851 1300 5910 vox
1326 5836 1495 5906 ἀρχάς
1527 5854 1552 5888 a
1582 5835 1915 5906 typographo
1952 5838 2152 5890 omiSsa
2187 5836 2358 5890 luctat

787 5903 839 5964 in
873 5906 1109 5964 editione
1139 5903 1310 5962 Paris.

1885 5015 1930 5047 "
1959 5013 2101 5068 Psal.
2139 5030 2252 5078 cut,
2292 5013 2377 5068 18.

857 5131 969 5201 (16)
999 5129 1071 5182 Ita
1103 5129 1258 5201 Regii
1299 5129 1583 5201 secundus
1612 5139 1667 5184 et
1709 5141 1939 5197 quartus
1975 5147 2093 5185 cum
2144 5132 2364 5185 Collier-

784 5199 898 5263 tino
929 5211 1102 5254 sexto.
1163 5199 1310 5256 Editi
1361 5217 1486 5252 cum
1542 5199 1816 5267 aliquibus
1866 5219 1995 5256 mss.
2049 5201 2362 5257 ἀποδοῦναι.

2461 4714 2810 4784 ὁμοιούμενος
2842 4714 3044 4779 δίκαιος
3078 4716 3449 4768 ἀποκαλύπτει
3487 4717 3608 4779 τοὺς
3643 4715 3904 4786 δρυμοὺς,
3950 4720 4032 4772 ἵνα

2459 4809 2655 4878 γυμνοὶ
2705 4807 2796 4860 καὶ
2837 4807 3043 4878 ’ἑτοιμοι
3087 4808 3459 4880 παραδοθῶσιν
3512 4808 3560 4859 οἰ
3605 4807 3892 4879 φθαρτικοὶ
3937 4810 4034 4878 τῆς

2465 4899 2608 4973 ζωῆς
2658 4899 2836 4971 ἡμῶν.
2898 4903 3009 4955 Καὶ
3063 4901 3250 4971 ἐπειδὴ
3290 4898 3419 4954 Πᾶν
3466 4900 3656 4964 ξύλον
3696 4900 3781 4969 μὴ
3823 4900 4034 4954 ποιοῖ...

2967 5015 3012 5046 ’⁸
3039 5015 3267 5082 Philipp.
3303 5029 3385 5076 ιιι,
3428 5013 3513 5067 11.
3589 5013 3635 5044 ’⁸
3658 5013 3815 5070 Prov.
3848 5032 3898 5081 ν,
3944 5017 4026 5068 19.

2544 5130 2654 5199 (ῗο)
2703 5130 2757 5182 lo
2804 5132 3188 5201 dnnbttsnnss.
3237 5130 3427 5197 legitur
3472 5129 3658 5201 ὥσπερ
3689 5129 3796 5199 γάρ
3853 5131 4028 5192 αὲτός.

2473 5200 2668 5272 Statim
2707 5213 2831 5272 tres
2864 5218 2992 5254 mss.
3025 5199 3371 5272 διῃρημένον.
3405 5201 3506 5252 Alii
3539 5221 3566 5248 ιι
3593 5199 3665 5255 ss.
3717 5215 3836 5252 Cum
3869 5203 4030 5253 editis

2469 5271 2779 5345 διῃρμένον.
2809 5271 2972 5324 Paulo
3001 5271 3122 5339 post
3164 5271 3314 5326 Colb.
3361 5283 3588 5340 quartus
3635 5272 3795 5323 habet
3838 5273 4030 5338 σοφίας

2509 5343 2565 5394 to
2589 5343 2788 5404 φιλίας.

2468 5360 2839 5482 Pl
2865 5410 3037 5482 locu"?
3062 5410 3630 5482 legliAllguﬂipmlm
3663 5417 3718 5461 ¹¹¹
3747 5412 4026 5467 νεηί¹η¹¹³⁴

2473 5480 2717 5552 Vulgata,
2747 5481 2814 5534 Et
2845 5480 3086 5534 reuelabit
3113 5483 3392 5534 condensa.
3426 5480 3746 5552 Paulopost
3773 5483 3862 5534 ubi
3899 5482 4030 5551 Ινεί-

2469 5563 2558 5606 tur
2582 5549 2644 5606 in
2684 5552 2864 5604 multis
2899 5568 3027 5604 mss.
3061 5563 3113 5606 et
3160 5552 3211 5602 in
3239 5552 3397 5604 editis
3431 5549 3764 5620 συμφύτους,
3800 5549 4032 5605 Ιιειιείυι·

2470 5623 2522 5676 in
2551 5623 2749 5676 Catena
2779 5623 3108 5676 Corderiana
3145 5621 3516 5690 ἀσυμφύτους,
3553 5625 3664 5674 sine
3696 5623 3880 5675 ordine
3913 5639 4029 5675 con-

2467 5696 2592 5747 sita.
2617 5693 2725 5746 Etsi
2755 5703 2932 5745 autem
2966 5695 3234 5760 scriptura
3283 5694 3439 5761 plane
3469 5695 3680 5744 diversa
3705 5703 3811 5754 est,
3841 5707 4032 5746 sensus

2472 5774 2650 5818 tamen
2682 5764 2868 5817 eodem
2907 5763 3061 5815 redit.
3100 5762 3249 5827 Quod
3287 5763 3426 5815 enim
3463 5777 3490 5812 a
3527 5772 3716 5814 natura
3753 5763 3870 5816 sine
3915 5774 4033 5816 arte

2469 5835 2806 5900 producitur,
2865 5833 2915 5886 id
2973 5837 3273 5900 prontiswe
3339 5843 3392 5886 et
3446 5835 3561 5886 sine
3623 5834 3812 5886 ordine
3885 5834 4032 5888 nasci

2467 5907 2623 5964 solet.

2454 5015 2496 5044 ⁸⁷
2523 5015 2665 5068 l’sal.
2695 5030 2803 5079 XLI,
2835 5014 2888 5068 ἓ.
