4260 6498
762 457 868 512 εδδ

2075 444 2130 498 S.
2175 439 2416 495 BASILII
2454 436 2664 490 MAGNI

3915 422 4022 478 39h

763 581 975 625 aetatem
1006 587 1017 621 :
1055 567 1120 620 In
1156 566 1347 633 templo
1396 565 1512 634 ejus
1542 565 1895 630 unusquisque
1926 562 2049 612 dicit
2085 560 2327 630 gloriam.
2363 565 2406 617 Α
2439 574 2445 624 ι

2363 565 2406 617 Α
2439 557 2656 624 μνήμην
2710 550 2816 602 τῶν
2869 547 3147 617 ἁμαρτιῶν
3186 545 3594 614 ἀφικνούμενοι,
3638 541 3697 594 οῦ
3758 540 4024 610 τρέμουσι

770 660 848 711 Tu
903 672 1033 711 vero
1083 673 1186 710 non
1238 655 1395 709 modo
1425 670 1531 709 non
1564 654 1832 719 loqueris;
1866 651 1959 704 sed
1992 652 2143 706 alteri
2175 651 2336 703 etiam

764 767 823 802 cs
854 748 1266 813 impedimento,
1300 746 1394 816 qui
1431 760 1551 800 eum
1599 742 1693 797 tibi
1725 743 1916 798 reddas
1941 751 2232 802 attentum,
2260 749 2340 794 at-

766 856 872 902 que
906 855 1001 908 per
1029 849 1178 893 tuum
1204 839 1487 892 tumultum
1512 848 1705 889 sonum
1729 833 1983 902 majorem
2018 835 2146 889 edas
2178 847 2336 900 quam

771 929 1006 996 Spiritus
1030 929 1297 983 doctrina.
1335 926 1478 981 Cave
1510 941 1577 980 ne
1618 925 1831 996 quando
1874 923 2059 987 abeas,
2086 939 2190 976 una
2217 936 2338 975 cum

769 1022 838 1075 iis
864 1021 954 1090 qui
1009 1021 1171 1090 impia
1206 1029 1260 1074 et
1290 1018 1684 1074 contumeliosa
1730 1015 1891 1068 verba
1929 1016 1981 1068 in
2020 1015 2110 1069 Dei
2141 1029 2337 1068 nomen

768 1123 1048 1178 evomunt,
1086 1113 1500 1179 condemnatus,
1558 1125 1678 1166 cum
1720 1106 1999 1162 debuisses
2033 1107 2336 1162 mercedem

769 1220 868 1275 pro
911 1219 1088 1259 rerum
1145 1203 1451 1258 divinarum
1479 1199 1843 1258 celebratione
1869 1199 2132 1269 recipere.
2163 1198 2340 1254 Habes

769 1295 1056 1367 psahnum,
1090 1298 1257 1352 habes
1291 1296 1647 1367 prophetiam,
1683 1306 1946 1364 praecepta
2007 1293 2336 1364 evangelica,

733 1389 1133 1459 apostolorum
1187 1389 1622 1460 praedicationes.
1669 1388 1872 1457 Lingua
1924 1387 2135 1456 psallat,
2189 1402 2340 1442 mens

771 1498 980 1546 eorum,
1014 1498 1132 1552 quae
1164 1483 1307 1537 dicta
1353 1489 1501 1542 sunt,
1560 1489 1834 1536 scrutetur
1879 1478 2290 1546 intelligentiam
2323 1493 2337 1531 :

773 1586 831 1629 ut
883 1575 1081 1645 psallas
1139 1573 1355 1642 spiritu,
1395 1573 1593 1644 psallas
1649 1573 1775 1627 item
1826 1581 1880 1625 et
1923 1583 2104 1626 mente
2128 1572 2169 1624 ⁸.
2201 1571 2339 1625 Deus

773 1667 916 1720 cnim
971 1665 1194 1720 minime
1249 1667 1452 1736 indiget
1501 1663 1670 1732 gloria
1700 1682 1713 1717 :
1746 1665 1838 1719 sed
1875 1674 1924 1716 te
1960 1662 2069 1717 vult
2115 1677 2236 1717 esse
2268 1662 2342 1716 di-

775 1773 961 1827 gnum,
993 1757 1084 1828 qui
1138 1758 1361 1829 gloriam
1416 1772 1773 1824 consequare.
1809 1757 2148 1825 Quapropter
2188 1753 2341 1819 Quod

775 1853 999 1906 seminat
1037 1853 1210 1914 homo,
1257 1850 1353 1903 hoc
1399 1861 1445 1902 et
1491 1859 1639 1904 metet
1659 1850 1701 1904 ⁵.
1751 1850 1966 1904 Semina
1999 1846 2343 1918 gloriﬁcatio—

2442 647 2541 715 τὴν
2574 642 2785 713 κρίσιν·
2811 639 2944 692 ἀλλὰ
2975 637 3305 711 μειδιῶντες,
3338 638 3431 690 καὶ
3445 638 3545 703 τὰς
3569 632 3746 702 δεξιὰς
3771 632 4024 703 ἀλλήλοις

2447 734 2824 805 ἐμϐάλλοντες,
2860 730 3023 783 τόπον
3058 726 3422 800 μακρολογίας
3457 729 3546 779 τὸν
3566 724 3712 780 οἷκον
3739 722 4023 776 ποιοῦνται

2441 829 2539 898 τῆς
2588 823 2913 896 προσευχῆς,
2970 817 3376 893 παρακούοντες
3416 819 3507 871 τοῦ
3536 816 3751 889 ψαλμοῦ
3777 814 3872 870 τοῦ
3903 815 4024 866 δια-

2447 918 2857 991 μαρτυρομένου
2905 916 2998 967 καὶ
3055 916 3321 984 λέγοντος,
3368 911 3448 962 ὅτι
3503 913 3599 963 Ἑν
3635 911 3714 976 τῷ
3757 906 3880 974 ναῷ
3914 906 4023 960 τοῦ

2447 1011 2592 1067 Θεοῦ
2626 1011 2744 1077 πᾶς
2775 1029 2866 1075 τις
2895 1007 3056 1076 λέγει
3082 1008 3288 1072 δόξαν.
3326 1003 3396 1054 Σὺ
3441 1002 3496 1055 δὲ
3547 1004 3605 1056 οὑ
3651 1003 3809 1074 μόνον
3845 1004 3904 1057 οῦ
3935 998 4024 1052 λέ-

2443 1119 2580 1172 γεις,
2604 1101 2739 1154 ἀλλὰ
2772 1101 2865 1153 καὶ
2895 1096 3064 1166 ἑτέρῳ
3095 1095 3347 1165 ἐμπόδιον
3384 1089 3496 1160 (‘27)
3528 1093 3650 1163 γίνῃ
3679 1092 4025 1163 ἐπιστρέφων

2445 1198 2579 1268 πρὸς
2612 1195 2821 1258 ἐαυτὸν,
2862 1192 2955 1246 καὶ
2997 1187 3073 1258 τῷ
3107 1187 3219 1258 ἰδίῳ
3249 1183 3463 1258 θορύϐῳ
3495 1183 3785 1255 ὑπερηχῶν
3824 1184 3922 1256 τὴν
3947 1184 4028 1236 δι..

2441 1286 2735 1344 δασκαλίαν
2784 1285 2878 1338 τοῦ
2928 1280 3262 1350 Πνεύματος.
3307 1280 3444 1347 Ὅρα
3484 1275 3555 1345 μή
3591 1292 3722 1328 ποτε
3761 1276 4024 1346 ἀπέλθῃς,

2442 1383 2561 1436 ἀντὶ
2599 1377 2691 1431 τοῦ
2728 1377 2915 1448 μισθὸν
2954 1372 3133 1428 λαϐεῖν
3163 1373 3254 1424 ἐπὶ
3281 1366 3577 1437 δοξολογίᾳ,
3603 1370 3717 1429 τοῖς
3761 1369 3820 1420 τὸ
3853 1367 4028 1436 ὄνομα

2441 1473 2535 1526 τοῦ
2581 1467 2713 1524 Θεοῦ
2764 1463 3142 1538 βλασφημοῦσι
3201 1455 3742 1530 συγκαταδικασθείς.
3795 1457 4029 1527 Ψαλμὸν

2443 1567 2605 1637 ἔχεις,
2637 1561 2976 1633 προφητείαν
3000 1557 3162 1626 ἔχεις,
3207 1550 3537 1623 εὐαγγελικὰ
3565 1548 4026 1619 παραγγέλματα,

2441 1659 2509 1711 τὰ
2556 1654 2664 1707 τῶν
2696 1652 3010 1706 ἀποστόλων
3047 1645 3397 1717 κηρύγματα.
3463 1644 3528 1697 Ἡ
3562 1639 3782 1710 γλῶσσα
3829 1638 4029 1707 eam-

2443 1769 2537 1813 τω,
2576 1749 2605 1800 ό
2640 1745 2768 1808 νοῦς
2819 1743 3093 1815 ἐρευνάτω
3138 1738 3237 1809 τὴν
3269 1737 3505 1789 διάνοιαν
3551 1732 3660 1786 τῶν
3700 1729 4027 1800 εἰρημένων.

2446 1844 2531 1895 ἵνα
2575 1837 2782 1908 ψάλλῃς
2815 1835 2893 1905 τῷ
2922 1834 3210 1903 πνεύματι,
3235 1828 3441 1899 eam“;
3476 1829 3532 1880 δὲ
3567 1825 3661 1879 καὶ
3705 1821 3772 1892 τῷ
3802 1821 3904 1875 νοῖ.
3935 1821 4029 1891 Μὴ

775 1960 921 2009 ueni,
957 1954 1010 1998 ut
1059 1957 1288 1997 coronas
1347 1942 1688 2011 honoresque
1737 1951 1790 1996 et
1822 1941 2007 1994 laudes
2067 1940 2118 1993 in
2177 1955 2343 2012 regno
2375 1927 2415 1980 Β
2444 1951 2457 1965 ‘

2375 1927 2415 1980 Β
2444 1932 2552 2002 γὰρ
2581 1930 2738 2000 δόξης
2767 1927 3036 1981 ἐπιδέεται
3071 1925 3098 1976 ὁ
3133 1922 3284 1983 Θεὸς,
3310 1919 3446 1973 ἀλλὰ
3487 1936 3545 1971 σε
3583 1915 3831 1988 βούλεται
3879 1911 4031 1977 ἄξιον

774 2037 1030 2090 ςωιοτιιιιι
1077 2045 1266 2090 metas.
1300 2035 1424 2089 Haec
1463 2052 1566 2090 non
1611 2036 1710 2090 abs
1745 2050 1802 2089 re
1826 2051 1920 2104 per
1948 2035 2339 2105 digressionem

773 2129 915 2180 dicta
949 2135 1073 2181 sunt
1104 2127 1155 2181 in
1178 2127 1319 2182 hunc
1343 2126 1516 2181 locum
1551 2149 1561 2180 :
1588 2125 1656 2180 In
1684 2125 1874 2196 templo
1912 2127 2024 2196 ejus
2057 2129 2339 2198 unusquis-

772 2237 873 2290 que
909 2221 1036 2275 dicit
1079 2221 1323 2289 gloriam,
1347 2219 1489 2288 quod
1536 2227 1663 2272 sunt
1690 2221 1781 2288 qui
1811 2219 2058 2288 loquendi
2096 2221 2254 2274 linem
2288 2220 2338 2270 in

776 2313 870 2367 Dei
904 2313 1099 2381 templo
1152 2326 1426 2382 nunquam
1484 2311 1704 2376 faciant,
1737 2327 1801 2365 ac
1847 2312 2108 2365 inutiliter
2161 2309 2339 2377 ingre-

775 2404 1010 2457 diantur.
1057 2402 1270 2457 Utinam
1309 2402 1588 2467 inutiliter,
1627 2417 1730 2458 ιιοιι
1765 2416 1884 2454 cum
1927 2401 2268 2456 detrimento.

847 2759 899 2810 8.
950 2755 1105 2810 Vens.
1151 2756 1236 2810 10.
1274 2757 1531 2810 Dominus
1566 2758 1823 2811 diluvium
1851 2759 2146 2812 inhabitare
2170 2757 2344 2825 faciet.

784 2849 1050 2903 Diluvium
1076 2848 1354 2904 inundatio
1391 2865 1542 2918 aqua:
1571 2859 1672 2914 est,
1702 2849 1960 2919 quidquid
2000 2852 2186 2905 subest
2215 2863 2348 2903 con-

783 2942 1035 3010 tegentis,
1070 2953 1125 2997 et
1161 2942 1421 3011 quidquid
1472 2943 1620 3012 prius
1648 2943 1997 2998 sordescebat
2040 2956 2349 3011 expurgan-

785 3034 874 3089 tis.
919 3035 1174 3104 Baptismi
1245 3035 1426 3105 itaque
1482 3034 1712 3105 gratiam
1772 3035 2031 3089 diluvium
2082 3034 2346 3098 nominat,

783 3127 916 3181 adeo
960 3137 1018 3180 ut
1063 3127 1241 3182 anima
1287 3127 1520 3198 peccatis
1571 3127 1773 3191 abluta,
1815 3135 1869 3182 et
1915 3128 2083 3182 veteri
2135 3127 2352 3181 homine

783 3229 1101 3290 expurgata,
1132 3221 1223 3274 liat
1257 3221 1507 3291 deinceps
1540 3222 1750 3285 idonea,
1782 3235 1898 3289 quae
1936 3219 1987 3273 in
2019 3218 2221 3289 Spiritu
2250 3219 2348 3272 ha-

787 3311 976 3365 bitatio
997 3312 1065 3366 sit
1094 3313 1206 3366 Dei.
1243 3311 1412 3367 Porro
1441 3330 1560 3385 qua:
1589 3315 1749 3369 etiam
1779 3315 1920 3368 dicta
1965 3321 2091 3366 sunt
2123 3312 2174 3366 in
2206 3311 2350 3380 psal-

789 3417 876 3456 mo
906 3403 1179 3456 tricesimo
1219 3406 1414 3471 primo,
1446 3421 1569 3458 cum
1606 3406 1690 3460 his
1721 3405 2032 3460 concinuut.
2068 3403 2356 3474 Postquam

787 3491 929 3544 enim
962 3493 1131 3547 dixit:
1167 3491 1496 3562 Iujustitiam
1525 3511 1694 3547 meam
1727 3498 1987 3564 cognitam
2018 3497 2138 3565 feci,
2172 3505 2219 3549 et
2245 3512 2361 3564 pec.

787 3592 962 3638 catum
1027 3601 1196 3637 meum
1247 3601 1348 3639 non
1398 3586 1686 3650 abscondi;
1724 3585 1853 3639 item
1907 3586 2074 3640 illud:
2109 3584 2214 3640 Pro
2263 3588 2362 3640 hac

787 3677 957 3728 orabit
985 3677 1053 3728 ad
1082 3686 1133 3729 te
1155 3678 1320 3728 onmis
1339 3672 1894 3741 sanctus,subjunxit:
1926 3672 2290 3730 Verumtamen
2307 3679 2360 3729 in

787 3766 981 3819 diluvio
1005 3785 1259 3835 aquarum
1284 3769 1567 3821 multarum
1593 3768 1661 3821 ad
1686 3785 1804 3821 eum
1836 3785 1938 3822 non
1971 3768 2360 3836 appropinqua-

791 3859 914 3912 buut
939 3859 980 3914 °.
998 3858 1113 3914 Non
1139 3862 1280 3916 enim
1302 3872 1517 3932 peccata
1544 3861 2046 3931 appropinquabant
2066 3842 2246 3928 ei,qni
2268 3875 2363 3928 per

793 3970 985 4022 aquam
1017 3966 1071 4010 ct
1100 3954 1356 4021 Spiritum
1391 3954 1654 4026 baptisma
1693 3951 2025 4006 remissionis
2047 3950 2360 4005 delictorum

794 4047 1080 4114 receperit.
1117 4044 1222 4100 Sed
1264 4056 1316 4100 et
1345 4047 1398 4099 in
1434 4046 1664 4099 Miehzeze
1699 4044 1974 4115 prophetia
2010 4043 2261 4112 quiddam
2283 4042 2365 4096 his

794 4138 951 4192 aliine
976 4139 1244 4192 invenitur
1270 4158 1282 4193 :
1305 4139 1440 4204 Quia
1455 4139 1624 4192 volens
1642 4138 2054 4192 misericordiam
2082 4147 2180 4201 est,
2202 4153 2367 4190 rever-

794 4241 930 4282 tetur
957 4241 1002 4282 et
1033 4231 1363 4285 miserebitur
1407 4233 1572 4285 nostri
1599 4248 1616 4285 :
1641 4233 1900 4302 demerget
1926 4241 2134 4298 peccata
2166 4239 2364 4295 nostra,

795 4329 840 4371 et
874 4319 1292 4387 projicienturin
1326 4322 1594 4389 profunda
1619 4325 1835 4375 maris".
1867 4321 1933 4375 Et
1967 4324 2159 4376 sedebit
2198 4322 2369 4375 Domi-

797 4428 892 4464 nus
914 4427 1002 4464 rex
1019 4411 1072 4464 in
1089 4422 1361 4466 reternum.
1384 4414 1588 4466 Anima:
1607 4429 1672 4467 ex
1692 4415 1892 4469 diluvio
1918 4415 2216 4482 splendenti
2241 4415 2370 4467 insi-

798 4502 931 4555 dens
961 4500 1116 4564 Deus,
1149 4515 1266 4555 eam
1298 4502 1395 4555 sibi
1428 4501 1590 4556 veluti
1621 4504 1872 4556 thronum
1896 4504 2248 4561 etIicit.\'ens.
2280 4505 2362 4557 11.

2443 2020 2582 2078 εἷναι.
2633 2020 2727 2076 τοῦ
2776 2017 3116 2088 δοξασθῆναι.
3161 2014 3305 2066 Διότι
3338 2014 3399 2064 Ὅ
3433 2012 3663 2081 σπείρει
3698 2009 4030 2076 ἄνθρωπος,

2441 2119 2618 2172 τοῦτο
2653 2115 2750 2170 καὶ
2781 2113 3020 2182 θερίσει.
3057 2111 3286 2179 Σπεῖρον
3315 2105 3646 2172 δοξολογίαν,
3682 2104 3770 2156 ἵνα
3811 2099 4033 2170 Θερίσῃς

2446 2209 2748 2277 στεφάνους
2799 2201 3088 2272 καὶτιμὰς
3147 2199 3239 2253 καὶ
3280 2195 3535 2258 ἐπαίνους
3578 2196 3634 2246 ἐν
3672 2195 3738 2261 τῇ
3786 2187 4034 2258 βασιλεία

2442 2274 2567 2354 τῶν⁷
2594 2295 2859 2368 οὐρανῶν.
2905 2291 3090 2344 Ταῦτα
3129 2289 3228 2342 οὑκ
3267 2286 3554 2357 ἀχρήστως
3603 2285 3659 2334 ἐν
3693 2274 4034 2368 παρεκϐᾇσει

2445 2393 2658 2464 εἴρηται
2692 2389 2771 2451 είς
2803 2387 2882 2449 τὸ,
2942 2387 3042 2438 Ἐν
3078 2381 3158 2446 τῷ
3200 2379 3324 2444 ναῷ
3361 2377 3547 2434 αὑτοῦ
3596 2370 3713 2438 πᾶς
3746 2387 3839 2434 τις
3873 2367 4035 2464 -Ῑέῖξί

2446 2461 2652 2550 δόξάν,
2677 2481 2767 2536 διὰ
2793 2479 2852 2531 τὸ
2877 2477 3001 2539 τοὺς
3031 2477 3087 2526 ἐν
3117 2473 3195 2544 τῷ
3217 2472 3330 2543 ναῷ
3356 2471 3449 2524 τοῦ
3481 2467 3616 2520 Θεοῦ
3643 2464 3897 2517 ἇπαυστα
3920 2461 4032 2531 (28)

2446 2565 2932 2648 γλωσσαλγοῦντας
2964 2566 3057 2620 καὶ
3085 2563 3374 2634 ἀνωφελῶς
3401 2559 3671 2620 εἰσιόντας
3688 2573 3702 2586 ο
3730 2553 3843 2608 εἴθε
3867 2554 3925 2607 δὲ
3953 2555 4038 2607 ἀν·

2449 2667 2678 2737 ωφελῶς
2703 2665 2795 2717 καὶ
2823 2662 2898 2734 μὴ
2921 2656 3244 2719 ἐπιϐλαὸῶς.

2519 2762 2571 2814 8.
2613 2760 2828 2826 Κύριος
2861 2759 2967 2808 τὸν
2999 2746 3429 2817 κατακλυσμὸν
3455 2743 3745 2800 κατοικιεῖ
3763 2741 3898 2812 (9.9).
3923 2741 4037 2792 Κα-

2447 2851 2755 2921 τακλυσμὸς
2785 2846 2974 2909 ὕδατός
3002 2847 3148 2898 ἐστιν
3177 2839 3458 2904 ἐπίκλυσις
3485 2835 3900 2908 ἐξαφανίςοντος
3927 2832 4036 2883 πᾶν

2449 2944 2508 2997 τὸ
2537 2941 2915 3010 ὑποκείμενον,
2955 2937 3050 2991 καὶ
3084 2933 3474 3006 καθαρίζοντος
3501 2929 3646 2983 ἆπαν
3667 2927 3727 2979 τὸ
3761 2922 4036 2993 προφρο-

2452 3035 2719 3105 πωμένον.
2765 3032 2875 3104 Τὴν
2907 3026 2998 3084 οῦν
3025 3029 3117 3083 τοῦ
3162 3027 3534 3098 βαπτίσματος
3569 3018 3728 3089 χάριν
3765 3013 4037 3067 κατακλυ-

2455 3126 2889 3200 σμψιόνομάζει,
2915 3125 3053 3177 ὥστε
3079 3123 3178 3192 τὴν
3215 3112 3671 3182 ἀποπλυναμένην
3699 3107 3768 3160 τὰ
3792 3107 4040 3200 ἁμαρτή-

2459 3197 2600 3292 ματα
2652 3197 2850 3288 ψυχὴν,
2907 3217 2999 3268 καὶ
3044 3205 3539 3279 ἀποκαθηραμένην
3571 3202 3661 3256 τὸν
3692 3199 3918 3253 παλαιὸν
3949 3197 4040 3250 ἇν-

2457 3312 2693 3383 Θρωπον,
2737 3306 3046 3376 ἐπιτηδείαν
3075 3299 3211 3355 εἶναι
3242 3299 3425 3352 λοιπὸν
3455 3297 3590 3369 πρὸς
3621 3292 4039 3361 κατοικητήριον

2458 3379 2550 3456 τοῦ
2596 3399 2729 3454 Θεοῦ
2781 3402 2836 3452 ἐν
2882 3395 3176 3465 Πνεύματι.
3221 3390 3441 3463 Συνᾴδει
3470 3389 3524 3441 δὲ
3551 3387 3724 3455 τούτῳ
3757 3383 3852 3436 καὶ
3886 3379 3956 3432 τὰ
3984 3379 4042 3429 ἐν

2460 3496 2535 3568 τῷ
2560 3491 2866 3568 τριακοστῷ
2892 3487 3092 3562 πρώτῳ
3120 3483 3318 3556 ψαλμῷ
3347 3481 3628 3554 εἰρημένα.
3661 3475 3816 3530 Μετὰ
3840 3472 3952 3568 γαρ
3976 3470 4042 3568 τὸ

2463 3561 2654 3651 εἰ-πείν,
2709 3587 2790 3639 ὅτι
3007 3578 3262 3648 ἀνομίαν
3296 3593 3414 3645 μου
3451 3574 3762 3642 ἐγνώρισα,
3794 3564 3893 3618 καὶ
3928 3561 4046 3632 τὴν

2463 3679 2755 3750 ἁμαρτίαν
2806 3693 2923 3746 μου
2973 3675 3083 3726 οὐκ
3133 3667 3448 3734 ἐκάλυψαο
3487 3664 3580 3715 καὶ
3622 3659 3829 3750 amart
3875 3654 4046 3723 Ὑπὲρ

2464 3749 2654 3835 αὐτῆς
2682 3769 2790 3836 (50)
2819 3762 3209 3832 προσεύξεται
3250 3756 3397 3825 πρὸς
3440 3753 3514 3808 σὲ
3561 3749 3685 3816 πᾶς·
3716 3749 3916 3815 ὅσιος·
3949 3749 4048 3800 ἐπρ-

2464 3861 2665 3930 ήγαγε⁸
2721 3855 2891 3922 Πλὴν
2948 3854 3017 3906 ἐν
3065 3843 3469 3914 κατακλυσμῷ
3511 3841 3747 3897 ὑδάτων
3800 3837 4048 3893 πολλῶν

2463 3951 2611 4018 πρὸς
2647 3949 2830 4001 αὑτὸν
2873 3948 2983 4000 οὐκ
3018 3943 3342 4015 ἐγγιοῦσιν.
3395 3938 3468 3992 Οὐ
3510 3936 3620 4007 γὰρ
3661 3933 3945 4003 ἐγγιοῦσιν
3992 3931 4047 3984 αἱ

2465 4043 2726 4115 ἁμαρτίαι
2766 4039 2841 4111 τῷ
2869 4038 3084 4092 λαϐόντι
3123 4037 3183 4089 τὸ
3215 4035 3494 4106 βάπτισμα
3531 4029 3629 4100 τῆς
3657 4027 3908 4098 ἀφέσεως
3941 4024 4048 4076 τῶν

2469 4132 2926 4207 παραπτωμάτων
2954 4131 3042 4185 διὰ
3092 4126 3185 4183 τοῦ
3227 4127 3414 4188 ὓδατος
3459 4124 3554 4178 καὶ
3585 4122 3678 4176 τοῦ
3709 4120 4045 4207 Πνεύματος.

2469 4203 2825 4291 Συγγενὲιδὲ
2846 4220 3027 4289 ,τούτῳ
3055 4217 3147 4271 καὶ
3174 4220 3230 4270 ἐν
3259 4218 3324 4286 τῇ
3356 4212 3660 4286 προφητείᾳ
3692 4210 3930 4280 Μιχαίου
3963 4203 4050 4256 εῦ-

2475 4335 2663 4392 ρηται·
2716 4318 2842 4368 Ὅτι
2888 4310 3146 4379 68.1mm-
3201 4309 3412 4373 ἐλέους
3466 4305 3656 4367 ἐστίν,
3705 4297 4049 4392 ἐπιστρέψει

2471 4391 2569 4465 καὶ
2633 4407 2869 4474 ἐλεήσει
2939 4403 3124 4472 ἡμᾶς·
3200 4400 3524 4454 κατα-δύσει
3593 4397 3698 4458 τὰς
3766 4391 4052 4461 ἁμαρτίας

2471 4499 2657 4568 ἡμῶν,
2695 4496 2792 4550 καὶ
2841 4491 3356 4560 ἀπορριφήσονται
3393 4490 3478 4553 εἰς
3508 4487 3578 4539 τὰ
3611 4483 3774 4549 ,θὰοη
3821 4480 3933 4546 τῆς
3961 4483 4054 4533 θα-

799 4590 1051 4646 Dominus
1073 4593 1311 4647 virtutem
1332 4593 1522 4661 populo
1537 4611 1633 4648 suo
1650 4595 1816 4655 dabit;
1835 4595 2090 4648 Dominus
2107 4597 2366 4650 benedice:
2401 4610 2446 4668 ο
2473 4631 2481 4643 ι

2401 4610 2446 4668 ο
2473 4589 2736 4655 λάσσης.
2779 4587 2888 4639 Καὶ
2936 4584 3219 4637 καθιεῖται
3243 4583 3453 4648 Κύριος
3487 4575 3789 4642 βασιλεὺς
3834 4577 3919 4638 είς
3955 4573 4053 4668 τάξ·

797 4684 986 4754 populo
1007 4703 1100 4740 suo
1129 4686 1181 4739 in
1195 4703 1342 4751 pace.
1367 4686 1411 4740 A
1432 4687 1625 4756 pupulo
1652 4687 1868 4751 quidem
1894 4697 2179 4754 peccatore
2205 4686 2364 4739 robu-

801 4787 944 4830 stum
973 4785 1026 4831 et
1057 4777 1330 4831 robustam
1355 4779 1563 4831 auferet
1589 4776 1880 4829 Dominus8
1908 4795 1920 4829 :
1949 4775 2213 4842 justitiam
2239 4790 2368 4839 verq

803 4870 1019 4923 facienti
1051 4871 1214 4924 robur
1245 4870 1475 4923 confert.
1507 4869 1638 4924 Nam
1673 4869 1827 4923 Omni
1857 4870 2067 4922 habenti
2097 4869 2344 4920 dabitur’

803 4960 1069 5014 Carterum
1103 4960 1196 5030 qui
1229 4963 1294 5015 ad
1331 4962 1656 5031 perficienda
1698 4964 1833 5016 bona
1863 4976 2022 5030 opera
2052 4964 2372 5016 corrobora-

805 5061 888 5106 tus
914 5061 1019 5117 est,
1056 5052 1103 5106 is
1144 5051 1204 5106 lit
1248 5053 1441 5126 dignus
1483 5055 1577 5109 Dei
1622 5055 2016 5110 benedictione.
2048 5051 2159 5106 Pax
2193 5064 2375 5107 autem

883 5192 906 5225 ⁸
930 5192 951 5246 ι
975 5193 1098 5248 Cor.
1132 5211 1242 5260 xiv,
1279 5197 1364 5253 15.

883 5330 994 5402 (9.7)
1020 5331 1161 5404 Reg.
1191 5333 1379 5404 tertius
1425 5333 1614 5404 éréptp
1650 5331 1881 5404 ἐμπόρῳ
1923 5332 2199 5404 ἐμπόδιον.
2239 5331 2380 5404 Quid

810 5415 991 5474 autem
1018 5402 1170 5474 iLIud,
1200 5403 1447 5474 ἐμπόρῳ,
1479 5402 1580 5457 bOc
1605 5403 1724 5474 loco
1750 5402 1852 5456 sibi
1889 5402 2036 5467 Vciil,
2065 5419 2168 5456 non
2203 5403 2376 5456 video.

888 5473 1000 5538 (28)
1028 5471 1180 5526 Colb.
1217 5471 1483 5528 Secundus
1516 5473 1830 5536 ἀπαύστως.

889 5543 1001 5612 (29)
1028 5541 1117 5596 Sic
1142 5543 1305 5597 editio
1335 5543 1497 5598 Basil.
1532 5555 1585 5596 et
1619 5543 1761 5597 Oliv.
1791 5560 1912 5598 cum
1957 5545 2160 5597 nostris
2195 5544 2378 5600 decem

817 5629 973 5677 mss.,
1001 5626 1099 5666 nec
1129 5615 1284 5670 aliter
1306 5615 1508 5668 editum
1537 5613 1636 5667 fuit
1665 5614 1804 5682 apud
1842 5612 2006 5667 LXX.
2042 5615 2219 5666 Editio
2251 5628 2374 5664 vero

817 5684 990 5737 Paris.
1021 5691 1076 5736 et
1103 5699 1239 5738 unus
1253 5692 1343 5737 aut
1369 5689 1504 5738 alter
1521 5701 1620 5738 ms.
1646 5685 1890 5737 enostris
1925 5687 2188 5736 κατοικεῖ·
2218 5699 2377 5751 quam

816 5753 1106 5806 lectionem
1163 5770 1397 5823 quoque,
1464 5765 1601 5809 teste
1645 5752 1874 5818 Nobilio,
1918 5763 2136 5805 tuentur
2185 5763 2238 5806 et
2294 5752 2379 5804 alii

818 5824 1032 5886 quidam
1063 5823 1207 5878 libri.
1247 5826 1405 5879 Certe
1448 5841 1510 5880 ex
1550 5824 1774 5877 Hehrseo
1805 5825 1965 5877 vertit
2004 5825 2384 5893 Hieronymus,

820 5895 1073 5956 {laminas
1115 5894 1367 5950 diluvium
1416 5897 1691 5953 inhabitat.
1745 5893 2127 5963 Hieronymum
2167 5906 2385 5949 secutus

1469 5198 1489 5227 ⁵
1517 5196 1632 5251 Gal.
1662 5212 1733 5260 Vl,
1769 5198 1821 5250 7.
1898 5204 1918 5235 ⁸
1944 5195 2082 5251 Psal.
2118 5209 2268 5259 xxxi,
2293 5194 2346 5258 5,
2377 5193 2428 5247 6.
2507 5194 2525 5223 ⁷
2563 5191 2770 5245 Μίυιιω.
2821 5205 2914 5253 vn,
2951 5189 3032 5243 19.

2473 4680 2677 4734 αἰῶνα.
2731 4679 2809 4748 Τῇ
2860 4675 3149 4747 λαμπούσῃ
3189 4674 3334 4744 ψυχῇ
3383 4671 3489 4725 ἀπὸ
3529 4667 3625 4722 τοῦ
3669 4662 4053 4736 κατακλυσμοῦ

2477 4772 2771 4846 ἐνιδρυθεὶς
2815 4771 2923 4843 (51)
2974 4774 3002 4823 ὁ
3039 4770 3190 4833 Θεὸς,
3234 4767 3394 4821 οἱονεὶ
3437 4764 3623 4836 Θρόνον
3661 4762 3832 4831 αὐτὴν
3885 4759 4056 4828 ἐαυτῷ

2480 4864 2870 4935 ἀπεργάζεται.
2905 4863 3120 4930 Κύριος
3157 4860 3340 4930 ἰσχὺν
3366 4856 3444 4923 τῷ
3475 4855 3601 4922 λαῷ
3624 4852 3812 4908 αὐτοῦ
3848 4850 4052 4904 δώσει·

2484 4960 2696 5026 Κύριος
2747 4957 3068 5026 εὐλογήσει
3125 4953 3232 5007 τὸν
3269 4952 3422 5006 λαὸν
3471 4948 3657 5003 αὐτοῦ
3710 4948 3781 5001 ὲν
3830 4944 4053 5013 εΙρήνῃ.

2500 5051 2630 5104 Ἀπὸ
2667 5049 2763 5120 μὲν
2790 5048 2883 5102 τοῦ
2910 5045 3230 5119 ἀμαρτωλοῦ
3256 5042 3384 5097 λαοῦ
3412 5041 3597 5110 ἀφελεῖ
3621 5039 3825 5111 Κύριος
3857 5034 4056 5106 ἰσχύονο

3125 5187 3145 5217 ⁸
3169 5187 3266 5238 Isa.
3301 5199 3379 5248 ut,
3413 5184 3462 5236 1.
3538 5183 3558 5213 ⁸
3592 5179 3779 5234 Matth.
3811 5193 3940 5240 xxv,
3972 5175 4056 5228 ‘29.

2488 5337 2570 5380 est
2606 5323 2962 5394 Augustinus.
2989 5323 3281 5391 Aliquanto
3327 5331 3446 5388 post
3499 5319 3630 5388 Reg.
3681 5319 3874 5372 tertius
3900 5319 4058 5389 ἐρρυ-

2488 5396 2763 5450 πωμένον.

2559 5415 2854 5535 ίςδῖοἷίεε.
2893 5464 3159 5517 secundus
3193 5463 3288 5516 καὶ
3316 5464 3398 5516 ὅτι
3419 5531 3428 5535 Α
3448 5461 3587 5532 ὑπὲρ
3612 5457 3836 5535 ταύτης.
3861 5455 3968 5509 Nec
3991 5458 4056 5535 i_ta

2488 5527 2664 5590 multo
2697 5527 2829 5604 post
2856 5535 3007 5589 Colb.
3055 5544 3280 5604 quartus
3329 5527 3575 5600 ἀφέσεως
3620 5528 3744 5604 τῶν,
3780 5527 4058 5604 ἁμαρτιῶν

2483 5607 2577 5660 κα¹ι
2621 5599 2728 5659 τῶν
2771 5599 3249 5675 παραπτωμάτων.
3279 5599 3516 5657 Subinde
3549 5614 3678 5654 mss.
3715 5599 3823 5653 duo
3866 5600 4058 5652 habent

2487 5678 2699 5748 εἴρηται
2725 5692 2818 5745 pro
2841 5674 3091 5748 εὓρηται.

2562 5738 2674 5814 (31)
2711 5738 2838 5815 Reg.
2895 5738 3166 5800 secundus
3223 5741 3564 5814 ἐνιδρυνθείς.
3595 5738 3718 5815 βίοι
3752 5754 3913 5815 _mss.
3958 5739 4055 5794 duo

2496 5809 2686 5872 ἑαυτοῦ
2749 5809 2900 5874 Haud
2941 5816 3097 5886 longe
3132 5815 3260 5884 Reg.
3287 5809 3550 5869 secundus
3585 5809 3885 5878 ἀφελεῖται.
