4260 6510
326 464 433 519 δῖιὸ

332 685 416 719 σιν
447 670 617 741 ἰσχύν.
649 678 792 728 Διότι
825 677 906 743 Τῷ
936 683 1135 750 ἔχοντι
1173 690 1346 740 παντὶ
1391 670 1723 757 δοθήσεται.
1781 700 1893 751 Ἐν-

327 759 660 856 ξυναμωθεὶς
686 768 739 820 δὲ
765 772 899 841 πρὸς
913 775 1009 845 τὴν
1030 776 1137 827 τῶν
1158 778 1374 846 ἀγαθῶν
1398 782 1571 853 ἔργων
1597 787 1889 856 ἐνέργειαν,

328 851 475 917 ἄξιος
512 858 715 924 γίνεται
755 861 854 932 τῆς
896 866 1002 917 ἀπὸ
1028 864 1120 918 τοῦ
1150 869 1280 923 Θεοῦ
1314 851 1581 941 εὐλογίας.
1626 851 1804 933 Ἐ-οικε
1836 851 1891 936 δέ

328 945 631 1018 τελειοτάτη
669 952 774 1006 τῶν
817 957 1074 1024 εὑλογιῶν
1117 958 1254 1016 εἶναι
1291 966 1322 1033 ἡ
1364 967 1571 1037 εἰρήνη,
1608 970 1893 1028 εὑστάθειά

332 1053 409 1100 τις
448 1034 579 1092 οὖσα
605 1042 695 1095 τοῦ
725 1047 1072 1118 ἡγεμονικοῦ*
1109 1052 1246 1107 ὥστε
1291 1056 1381 1108 τὸν
1419 1059 1688 1127 εἰρηνικὸν
1726 1066 1891 1137 ἄνδρα

328 1128 487 1219 ἐντῷ
513 1137 870 1191 κατεστάλθαι
900 1140 967 1193 τὰ
995 1141 1096 1215 ἡθη
1132 1149 1625 1219 χαρακτηρίζεσθαι
1644 1174 1656 1186 ’
1711 1159 1801 1211 τὸν
1823 1128 1890 1212 ¹δὲ

328 1218 726 1315 πολεμούμενον
769 1228 871 1281 ὑπὸ
919 1230 1025 1286 τῶν
1073 1218 1255 1290 παθῶν
1289 1241 1453 1309 μήπω
1486 1246 1581 1315 τῆς
1621 1248 1728 1300 ἀπὸ
1756 1252 1889 1304 Θεοῦ

330 1308 547 1398 εἰρήνης
577 1317 985 1386 μετεσχηκέναι,
1021 1324 1085 1393 ἣν
1118 1328 1145 1377 ὁ
1179 1308 1380 1395 Κύριος
1412 1308 1574 1386 ἔδωκε
1617 1338 1729 1398 τοῖς
1769 1339 1891 1390 ἐαυ-

323 1396 419 1449 -τοῦ
466 1399 753 1469 μαθηταῖς,
786 1404 924 1473 ἥτις,
958 1410 1295 1482 ὑπερέχουσα
1330 1415 1503 1471 πάντα
1545 1419 1688 1484 νοῦν,
1726 1439 1891 1491 φρου-

329 1490 479 1557 ρήσει
505 1489 603 1553 τὰς
623 1492 796 1564 ψυχὰς
819 1499 926 1552 τῶν
950 1501 1133 1567 ἀξίων.
1163 1504 1374 1577 Ταύτην
1394 1510 1485 1562 καὶ
1509 1514 1536 1563 ὁ
1572 1489 1889 1579 Ἀπόστολος

324 1579 610 1670 ἐπεύχεται
632 1590 748 1650 ταῖς
777 1589 1139 1660 Ἐκκλησίαις,
1174 1593 1343 1663 λέγων
1364 1616 1377 1629 υ
1404 1600 1583 1667 Χάρις
1619 1603 1757 1670 ὑμῖν
1789 1607 1887 1660 καί

322 1669 526 1739 εἰρήνη
560 1678 945 1746 πληθυνθείη.
974 1681 1012 1731 Γ
1016 1680 1184 1736 ένοιτο
1209 1682 1299 1739 οὖν
1332 1690 1460 1758 ἡμῖν
1488 1669 1664 1754 καλῶς
1694 1694 1889 1763 ἀγωνι-

324 1764 597 1831 σαμένοις,
628 1768 800 1858 καὶτὸ
822 1771 1075 1841 φρόνημα
1098 1775 1199 1845 τῆς
1219 1779 1418 1847 σαρκὸς
1441 1785 1888 1858 καταστρεψαμέ-

324 1866 455 1915 νοις,
480 1855 507 1905 ὃ
531 1856 675 1907 ἐστιν
702 1857 871 1928 ἔχθρα
899 1860 978 1922 εἰς
1002 1860 1149 1929 Θεὸν,
1179 1868 1235 1918 ἐν
1264 1867 1589 1938 γαληνιώσει
1622 1874 1716 1925 καὶ
1750 1855 1885 1929 ἀκύ-

326 1960 446 2039 μῌονι
471 1948 797 2039 καταστάσει
821 1950 918 2021 τῆς
950 1952 1125 2025 ψυχῆς
1157 1961 1471 2031 γενομένης,
1497 1966 1716 2036 εἰρήνης
1741 1970 1885 2039 ἡμᾶς
1918 1952 1957 2004 Β

323 2034 469 2130 υἰοὺς
501 2037 872 2130 χρηματίζειν,
904 2044 993 2096 καὶ
1029 2047 1125 2118 τῆς
1156 2052 1402 2121 εὐλογίας
1426 2055 1519 2109 τοῦ
1550 2034 1683 2111 Θεού
1714 2034 1883 2130 μετα-

322 2128 469 2193 σχεῖν
489 2129 565 2227 -ὲν
592 2130 799 2227 εἰρήνῃ,
828 2134 886 2227 ἐν
915 2137 1129 2209 Χριστῷ
1172 2143 1342 2213 Ἰησοῦ
1373 2148 1448 2218 τῷ
1478 2150 1665 2222 Κυρίῳ
1696 2128 1874 2224 ἡμῶν,
1916 2147 1960 2223 ᾧ
1980 2160 2012 2227 ἡ
2034 2160 2158 2227 δόξα
2184 2128 2278 2220 καί

322 2232 418 2279 νας
448 2217 553 2271 τῶν
581 2221 809 2276 αἰώνων.
855 2226 1042 2298 Ἀμήν.

1423 483 1700 539 ΙΙΟΜΙῌΛ
1744 491 1814 543 ΙΝ
1854 493 2187 552 PSALMUM
2228 502 2413 559 XXIX.

326 595 396 630 τα
425 579 519 632 καὶ
548 582 853 655 ἰσχύουσαν,
899 589 974 658 τῷ
1001 591 1055 645 δὲ
1089 593 1561 667 δικαιοπραγούντι
1599 601 1709 673 (ὅὲ)
1741 606 1893 659 δίδω-
1923 620 1969 669 Α

3448 533 3548 589 506

1997 626 2114 678 quae
2157 621 2348 672 mentis
2382 632 2463 675 est
2493 624 2720 682 lirmitas
2752 630 2909 703 124
2945 637 3185 703 quadam
3226 652 3386 711 alque
3425 661 3546 703 con-

1996 706 2216 772 stantia,
2260 707 2692 772 benedictionum
2738 722 3126 789 perfectissima
3154 744 3272 784 esse
3301 706 3550 801 ridetur;

1995 811 2161 864 quare
2200 802 2410 870 paciﬁci
2451 807 2550 861 viri
2599 814 2881 871 character
2916 818 2968 872 in
3020 825 3333 892 compositis
3368 843 3430 883 ac
3462 847 3549 885 se-

1996 888 2133 946 datis
2161 896 2400 949 moribus
2428 898 2563 953 situs
2595 912 2675 957 est
2698 922 2713 957 :
2738 922 2947 975 contra,
2989 914 3077 979 qui
3106 888 3553 986 a‘cupiditatibus

1995 991 2354 1081 oppugnatur,
2388 990 2622 1081 nondum
2662 1000 2808 1060 pacis
2836 997 2927 1056 Dei
2958 1006 3229 1074 particeps
3254 1020 3354 1073 est,
3388 1028 3548 1081 quam

1993 1083 2176 1166 pacem
2206 1076 2484 1147 discipulis
2509 1082 2621 1136 suis
2654 1084 2911 1147 Dominus
2950 1094 3120 1161 dedit,
3153 1112 3272 1166 qua:
3311 1076 3436 1155 cum
3467 1104 3548 1156 in-

1995 1160 2261 1219 tellectum
2300 1184 2511 1224 omnem
2548 1187 2765 1244 superet
2787 1177 2848 1243 “,
2883 1197 3085 1253 eorum,
3116 1160 3203 1258 qui
3232 1191 3379 1257 digni
3402 1204 3550 1260 sunt,

1992 1252 2200 1308 animas
2229 1260 2484 1318 tuebitur.
2525 1262 2674 1320 Hanc
2708 1271 2980 1337 apostolus
3007 1252 3262 1337 Ecclesiis
3289 1252 3548 1352 appreca;

2136 1346 2318 1403 dicens
2354 1369 2367 1403 :
2400 1352 2585 1408 Gratia
2636 1361 2777 1414 vobis
2832 1374 2882 1415 et
2932 1382 3038 1433 pax
3079 1346 3460 1442 multiplicetur
3484 1377 3548 1429 “.

1995 1433 2208 1533 Utinam
2242 1438 2403 1533 igitur
2450 1457 2733 1517 postquam
2779 1463 2999 1511 strenue
3045 1433 3451 1533 certaverimus,
3486 1483 3550 1523 ac

1987 1524 2171 1579 carnis
2233 1525 2480 1586 aﬂ'ectum
2557 1538 2645 1605 qui
2722 1539 3000 1599 inimicitia
3058 1550 3318 1606 adversus
3383 1557 3546 1613 Deum

1990 1625 2095 1714 est,
2131 1617 2185 1671 in
2218 1623 2532 1680 servitutem
2568 1633 2949 1701 redegerimus,
2988 1640 3165 1693 anima
3202 1641 3254 1695 in
3293 1650 3550 1714 tranquil-

1987 1703 2137 1760 litate
2165 1723 2227 1765 ac
2266 1716 2446 1782 quieto
2483 1729 2624 1773 Statu
2658 1724 2970 1793 constituta,
2997 1728 3087 1781 lilii
3121 1734 3270 1798 pacis
3304 1703 3541 1803 appelle-

1988 1812 2130 1897 mur,
2160 1810 2323 1870 atque
2370 1808 2422 1861 in
2459 1826 2590 1878 pace
2626 1813 2816 1871 liamus
2851 1818 3243 1878 benedictionis
3272 1824 3365 1880 Dei
3423 1844 3549 1897 par-

1990 1888 2216 1960 ticipes:
2248 1894 2299 1947 in
2336 1898 2553 1955 Christo
2583 1902 2704 1959 Jesu
2742 1907 2963 1964 Domino
3006 1922 3211 1981 nostro,
3245 1917 3330 1970 cui
3382 1888 3547 1986 gl-oria

1987 1988 2041 2032 et
2077 1982 2380 2053 imperium,
2415 2005 2556 2048 nunc
2586 2005 2640 2049 et
2669 2010 2900 2067 semper,
2929 2012 2983 2057 et
3020 2004 3070 2057 in
3100 2007 3295 2062 saecula
3324 2011 3548 2065 saeculo-

1991 2084 2128 2125 rum.
2159 2077 2348 2134 Amen.

2303 2170 2363 2223 τὸ
2392 2172 2591 2246 κράτος
2612 2175 2705 2229 νῦν
2737 2181 2829 2234 καὶ
2856 2181 2965 2248 ἀεὶ,
3001 2186 3091 2238 καὶ
3148 2191 3223 2251 εἰς
3278 2191 3401 2255 τοὺς
3422 2191 3549 2244 αἰῶ-

360 2352 3525 2429 ..ῇᾺῂ--Ἁ-

706 2442 815 2496 ΕΙΣ
854 2446 990 2500 TUN
1034 2449 1141 2501 KG’
1182 2452 1499 2511 ΨΑΛΜΟΝ.

429 2531 672 2603 Ψαλμὸς
714 2534 872 2606 ᾠδῆς
917 2538 1436 2615 τοῦ--έγκαινισμοῦ
1480 2549 1584 2603 τοῦ
1612 2550 1779 2605 οἴκου

918 2611 1094 2663 Δαϐίὸ
1120 2612 1253 2684 (ss).

391 2693 441 2786 i.
473 2694 777 2767 Ψαλτήριον
828 2700 923 2768 μὲν
972 2706 1263 2773 τροπικῶς,
1311 2709 1403 2760 καὶ
1449 2710 1674 2781 ὄργανον
1716 2716 1885 2786 ἡρμο-

320 2783 511 2850 σμένον
537 2787 805 2853 μουσικῶς
850 2792 929 2852 εἰς
970 2791 1170 2862 ὕμνους
1216 2796 1306 2848 τοῦ
1342 2798 1473 2851 Θεοῦ
1502 2802 1677 2870 ἡμῶν,
1730 2808 1762 2875 ἡ
1792 2807 1884 2859 τοῦ

320 2874 567 2943 σώματός
593 2879 706 2930 ἐστι
748 2886 1055 2956 κατασκευή
1078 2904 1089 2916 ·
1123 2886 1333 2958 ψαλμὸς
1361 2890 1416 2942 δὲ
1451 2893 1504 2944 αἰ
1534 2893 1620 2947 διὰ
1655 2874 1759 2948 τοῦθ
1783 2898 1886 2950 σώ-

322 2982 489 3036 ματος
516 2968 763 3039 πράξεις,
793 2975 847 3025 αἰ
878 2974 955 3037 εἰς
985 2976 1138 3041 δόξαν
1166 2978 1297 3031 Θεοῦ
1332 2981 1731 3053 ἀποδιδόμεναι,
1758 2986 1885 3041 ὅταν

318 3059 425 3111 ὑπὸ
457 3061 549 3114 τοῦ
580 3062 735 3131 λόγου
769 3067 1110 3138 ἡρμοσμένου
1153 3071 1316 3141 μηδὲν
1350 3073 1580 3144 ἐκμελὲς
1612 3076 1885 3131 ἀποτελῶ-

323 3167 423 3219 μεν
468 3152 524 3204 ὲν
568 3157 678 3217 τοῖς
716 3158 1031 3226 κινήμασιν.
1076 3161 1197 3232 ’ῼδὴ
1228 3162 1282 3215 δέ
1324 3165 1492 3227 ἐστιν,
1521 3166 1618 3220 ὅσα
1654 3167 1886 3240 θεωρίας

320 3243 501 3313 ἔχεται
550 3246 757 3317 ὑψηλῆς
802 3250 910 3319 (54)
955 3252 1048 3303 καὶ
1080 3228 1373 3321 θεολογίας.
1414 3258 1573 3311 Ὥστε
1616 3263 1643 3313 ὁ
1673 3228 1886 3332 ψαλμὺς
1915 3228 1958 3287 C

320 3336 476 3404 λόγος
511 3338 626 3391 ἐστὶ
667 3341 942 3408 μουσικὸς,
970 3344 1096 3395 ὅταν
1130 3345 1415 3416 εὐρύθμως
1456 3350 1594 3402 κατὰ
1629 3353 1752 3416 τοὺς
1788 3356 1888 3424 ἁρ-

322 3432 575 3498 μονικοὺς
602 3429 790 3498 λόγους
828 3432 961 3502 πρὸς
999 3434 1058 3486 τὸ
1113 3436 1341 3507 ὄργανον
1379 3441 1661 3511 κρούηται·
1697 3444 1806 3516 ᾠδὴ
1834 3447 1889 3498 δὲ

320 3522 472 3591 φωνὴ
515 3522 758 3593 ἐμμελὴς
797 3524 1151 3597 ἀποδιδομένη
1188 3529 1549 3599 ὲναρμονίως,
1580 3536 1751 3605 χωρὶς
1789 3538 1889 3607 τῆς

322 3616 673 3686 συνηχήσεως
714 3617 806 3671 τοῦ
854 3620 1104 3689 ὀργάνου.
1158 3622 1416 3676 Ἐνταῦθα
1464 3626 1659 3690 τοίνυν,
1705 3630 1890 3701 ἐπειδὴ

320 3711 743 3782 ἐπιγέγραπται,
803 3714 1046 3784 Ψαλμὸς
1092 3716 1269 3783 ᾠδῆς,
1314 3718 1592 3788 ἡγούμεθα
1631 3722 1726 3791 τὴν
1761 3723 1889 3774 ἀκό-

321 3803 511 3857 λουθον
536 3805 731 3875 πρᾶξιν
763 3808 826 3876 τῇ
868 3806 1068 3877 θεωρίᾳ
1103 3809 1193 3861 τὸν
1222 3809 1377 3877 λόγον
1407 3810 1763 3865 αἰνίσσεσθαι.
1795 3806 1893 3865 Οὗ-

320 3913 413 3959 τος
432 3896 488 3949 δὲ
512 3899 539 3949 ὁ
567 3896 776 3966 ψαλμὸς
814 3898 912 3966 τῆς
941 3899 1103 3969 ᾠδῆς,
1133 3901 1274 3954 κατὰ
1310 3903 1405 3973 τὴν
1434 3904 1763 3975 ἐπιγραφὴν,
1797 3906 1890 3957 τοῦ

322 3987 678 4058 ὲγκαινισμοῦ
716 3986 810 4039 τοῦ
857 3989 1004 4041 οἴκου
1052 3990 1292 4061 περιέχει
1335 3992 1485 4055 τινας
1532 3993 1741 4062 λόγους.
1784 3995 1891 4046 Καὶ

322 4082 469 4133 ἔοικε
498 4080 636 4133 κατὰ
674 4081 771 4151 μὲν
810 4080 870 4133 τὸ
904 4082 1211 4150 σωματικὸν
1233 4122 1246 4146 ,
1280 4085 1372 4136 ἐπὶ
1401 4085 1508 4137 τῶν
1548 4085 1753 4155 χρόνων
1797 4084 1889 4138 τού

324 4172 685 4242 Σολομῶντος,
715 4173 1096 4243 ἀνεγερθέντος
1128 4174 1237 4244 (55)
1264 4175 1354 4227 τοῦ
1390 4177 1710 4247 περιϐοήτου
1737 4178 1888 4243 ναοῦ,

322 4270 351 4321 ὁ
371 4266 526 4334 λόγος
553 4266 962 4333 διεξοδεύεσθαι,
994 4270 1129 4341 πρὸς
1152 4270 1211 4322 τὸ
1237 4269 1531 4340 ψαλτήριον
1558 4272 1895 4341 μελῳδούμε-

324 4374 441 4421 νος’
480 4357 618 4411 κατὰ
650 4359 704 4411 δὲ
735 4360 795 4412 τὸ
838 4362 1046 4429 νοητὸν,
1075 4362 1174 4433 τὴν
1208 4361 1594 4430 ἐνσωμάτωσιν
1626 4359 1717 4411 τοῦ
1757 4359 1890 4410 Θεοῦ

324 4451 499 4519 Λόγου
529 4452 813 4521 σημαίνειν
854 4452 985 4521 (56),
1019 4454 1113 4505 καὶ
1143 4454 1233 4505 τὸν
1264 4451 1615 4521 ὲγκαινισμὺν
1642 4450 1734 4503 τοῦ
1768 4468 1891 4503 και-

312 4543 432 4607 νῶς
476 4544 569 4596 καὶ
599 4542 911 4613 παραδόξως
940 4545 1102 4598 αὑτοῦ
1146 4544 1678 4607 κατασκευασθέντος
1706 4543 1852 4595 οἴκου
1877 4584 1889 4609 ,

396 4658 439 4690 ¹⁰
462 4656 689 4726 Philipp.
720 4672 793 4721 tv,
826 4657 877 4710 7.
957 4657 997 4686 “
1031 4656 1048 4710 l
1079 4656 1221 4711 Petr.
1258 4672 1295 4722 ι,
1329 4657 1381 4709 2.

2437 2478 2503 2533 IN
2545 2480 2873 2540 PSALMUM
2910 2487 3096 2544 XXIX.

2100 2590 2347 2648 Psalmus
2376 2598 2565 2650 cantici
2592 2598 2647 2651 in
2678 2601 3008 2655 dedicatione
3036 2605 3219 2658 domus
3248 2607 3436 2661 David.

2066 2723 2118 2777 i.
2173 2724 2453 2780 Structura
2502 2731 2761 2800 corporis,
2822 2733 3133 2803 psalterium
3193 2737 3405 2805 quidem
3468 2750 3551 2793 cst

1993 2828 2088 2884 per
2164 2818 2573 2887 metaphoram,
2642 2820 3205 2894 instrmnentumque,
3269 2830 3409 2896 quod
3481 2844 3546 2885 ex

1993 2907 2208 2960 musica:
2244 2910 2438 2979 regulis
2472 2909 2534 2963 ad
2569 2912 2928 2966 concinendos
2962 2914 3066 2966 Deo
3096 2925 3280 2968 nostro
3312 2919 3549 2985 hymnus

1993 2996 2301 3066 adaptatum
2338 3010 2420 3053 est
2452 3021 2463 3054 :
2509 3002 2636 3071 ipsa:
2683 3017 2813 3056 vero
2852 3006 3093 3072 corporis
3132 3005 3371 3059 actiones
3411 3009 3549 3075 psal-

1992 3101 2112 3141 mus
2142 3098 2265 3141 sunt
2292 3106 2306 3144 :
2333 3107 2449 3159 qua:
2474 3095 2537 3145 ad
2565 3094 2652 3147 Dei
2685 3094 2906 3162 gloriam
2937 3095 3244 3150 referuntur
3273 3106 3405 3161 tum,
3428 3115 3548 3152 cum

1994 3181 2204 3234 ratione
2235 3180 2303 3235 ita
2335 3183 2581 3237 concinni
2614 3183 2892 3249 elﬁcimur,
2925 3196 2983 3239 ut
3008 3188 3386 3241 inconcinnum
3418 3189 3549 3243 nihil

1996 3271 2045 3323 iu
2112 3275 2311 3328 nostris
2366 3276 2597 3329 motibus
2656 3291 2994 3347 peragamus.
3052 3277 3319 3347 Quidquid
3373 3289 3549 3334 autem

1992 3359 2207 3414 sublimi
2268 3364 2703 3431 contemplationi
2745 3381 2807 3418 ac
2863 3366 3142 3436 theologia:
3187 3367 3548 3437 coniungitur,

1993 3452 2260 3505 canticum
2309 3463 2412 3507 est.
2459 3453 2701 3510 Psalmus
2732 3457 2912 3527 itaque
2948 3474 3123 3513 sermo
3158 3468 3241 3513 est
3288 3462 3547 3524 musicus,

1993 3555 2112 3594 cum
2142 3544 2406 3598 concinne
2441 3553 2667 3613 apteque
2698 3562 2763 3600 ex
2792 3548 3083 3601 harmonia:
3116 3551 3322 3603 ratione
3356 3552 3422 3603 ad
3455 3565 3547 3604 or-

1993 3649 2185 3703 ganum
2222 3636 2506 3702 pulsatur:
2549 3639 2815 3692 canticum
2857 3654 2985 3693 vero
3016 3655 3113 3693 vox
3151 3651 3233 3693 est
3264 3641 3547 3702 concinna,

1994 3738 2110 3790 qua:
2140 3724 2406 3778 modulate
2433 3724 2565 3778 citra
2590 3727 2773 3795 organi
2798 3743 2983 3781 sonum
3012 3728 3295 3782 emittitur.
3320 3727 3551 3783 Proinde

1994 3829 2112 3867 cum
2146 3815 2232 3867 hic
2269 3816 2543 3883 inscriptio
2592 3816 2685 3882 sit,
2741 3818 2990 3873 Psalmus
3031 3821 3261 3885 cantici,
3302 3830 3551 3889 putamus

1995 3905 2078 3958 his
2110 3906 2286 3959 verbis
2333 3906 2646 3976 signiﬁcari,
2694 3911 2833 3977 quod
2868 3911 3371 3977 contemplationem
3410 3909 3550 3963 actio

1993 4006 2268 4064 sequatur.
2303 3996 2401 4052 llic
2437 4013 2563 4053 vero
2598 3999 2835 4068 psalmus
2865 4000 3094 4063 cantici,
3131 4001 3425 4054 secundum
3468 4000 3552 4054 in~

1993 4091 2335 4158 scriptionem
2359 4132 2372 4155 ,
2406 4092 2648 4158 quaedam
2686 4093 2750 4145 de
2785 4093 2977 4146 domus
3009 4092 3347 4149 dedicatione
3389 4108 3551 4164 argu-

1995 4192 2171 4233 menta
2205 4182 2463 4234 continuet.
2497 4182 2560 4234 Et
2589 4184 2731 4251 quod
2763 4184 2826 4237 ad
2852 4185 3183 4254 corporalem
3215 4201 3435 4239 sensum
3470 4197 3552 4238 at-

1997 4272 2149 4333 tinet,
2182 4270 2390 4325 videtur
2414 4272 2499 4325 hic
2534 4288 2711 4327 sermo
2746 4277 3073 4343 temporibus
3100 4275 3428 4342 Salomonis,
3458 4290 3549 4330 ce-

1995 4359 2279 4414 leberrimo
2331 4361 2419 4415 illo
2466 4364 2659 4431 templo
2697 4375 3002 4428 exstructo,
3051 4366 3310 4421 recitatus
3353 4364 3547 4431 fuisse,

1997 4461 2156 4520 atque
2204 4454 2268 4505 ad
2317 4455 2557 4522 psalterii
2605 4457 3023 4511 modulationem
3073 4458 3547 4522 accommodatus;

1998 4553 2053 4595 at
2090 4558 2215 4597 vero
2263 4546 2551 4599 secundum
2594 4547 2920 4617 spiritualem
2957 4549 3363 4618 intelligentiam
3388 4587 3404 4613 ,
3459 4548 3551 4603 Dei

399 4773 511 4841 (δὲ)
546 4771 651 4845 Ubi
698 4774 901 4845 legitur
935 4777 986 4829 in
1028 4775 1187 4828 editis
1219 4772 1722 4845 δικαιοπραγούντι,
1758 4775 1885 4826 scri-
1926 4776 1965 4829 Ι)
1996 4789 2081 4838 ψει

1870 4803 1885 4812 -
1926 4776 1965 4829 Ι)
1996 4789 2105 4838 ipsa
2139 4774 2332 4845 nativa,
2356 4770 2517 4845 καθάΪ
2551 4770 2673 4824 Haec
2730 4770 2836 4824 ille.
2891 4768 3020 4824 Cum
3042 4780 3237 4845 tamen
3272 4768 3324 4821 in
3360 4768 3552 4821 nostris

326 4844 474 4895 hitur
511 4845 560 4896 in
616 4842 939 4899 Colbertinis
958 4848 1194 4898 secundo
1233 4857 1287 4896 et
1336 4842 1525 4909 quarto
1571 4843 1763 4911 δικαίῳ
1800 4845 1892 4896 καὶ

326 4912 705 4983 εὑπράττοντι.
736 4914 861 4975 Sed,
892 4916 991 4968 nisi
1016 4930 1100 4969 me
1136 4912 1271 4967 fallit
1303 4915 1533 4976 animus,
1562 4915 1661 4983 hoc
1694 4916 1888 4965 factum

328 4991 415 5037 est
442 4982 483 5035 'a
507 4983 747 5063 librario,
791 4985 903 5063 qui,
954 4986 1095 5053 quod
1147 4999 1245 5037 vox
1287 4982 1763 5063 δικαιοπραγοῦντι
1790 4984 1889 5063 sibi

329 5067 519 5122 parum
556 5052 770 5122 elegans
795 5054 1086 5117 videretur,
1139 5058 1429 5109 emendare
1465 5052 1656 5110 valuit.
1697 5053 1891 5107 Statim

331 5137 432 5176 vox
461 5120 816 5189 Epytmfdeest
856 5128 906 5177 in
939 5124 1204 5189 aliquibus
1235 5140 1362 5177 mss.

402 5138 432 5174 ι
461 5138 485 5173 ε
527 5138 636 5189 γων
668 5138 816 5177 deest
856 5141 906 5177 tn
939 5138 1204 5189 aliquibus
1235 5140 1362 5177 mss.

401 5138 523 5272 (5δῖ
574 5192 682 5256 llla,
718 5192 947 5272 thiam-om
993 5193 1319 5272 σε,“Κύριε,
1358 5194 1437 5245 ὅτι
1485 5193 1747 5272 ὑπέλαϐές
1784 5210 1889 5272 με,

330 5261 673 5331 reperiuntur
719 5265 772 5318 in
798 5261 1047 5319 editione
1086 5261 1258 5315 Paris.
1296 5274 1417 5330 post
1458 5279 1639 5315 vocem
1702 5262 1885 5314 Δαὸίδ·

328 5333 426 5388 sed
456 5348 576 5385 cum
613 5332 665 5385 iu
709 5350 835 5387 mss.
871 5335 1073 5391 desint.
1098 5348 1157 5385 ea
1188 5334 1509 5386 delevimus.
1544 5332 1663 5401 Ipso
1693 5333 1884 5399 psalmi

328 5404 483 5456 initio
515 5402 715 5455 habent
749 5403 875 5456 editi
912 5404 1029 5456 κατ’
1059 5402 1306 5473 ὄργανον.
1337 5403 1406 5455 At
1447 5401 1667 5456 Ducaeus
1702 5416 1887 5473 emen-

327 5474 561 5525 dandum
599 5484 779 5526 censet
809 5488 875 5527 ex
906 5476 1042 5528 Oliv.
1095 5470 1551 5538 scribendumque
1579 5473 1671 5524 καὶ
1723 5470 1887 5540 ὄργα·

326 5560 437 5597 νον.
476 5543 565 5620 Ait
600 5544 811 5610 quidem
864 5542 1213 5620 Conilbetisius
1266 5540 1580 5620 illudhxar'
1631 5541 1880 5620 ὄργανον,

334 5615 650 5666 mendosum
683 5628 801 5666 esse
833 5631 843 5665 :
881 5614 975 5665 sed
1023 5614 1073 5665 in
1125 5611 1240 5678 ipsa
1274 5611 1451 5665 Ducaai
1482 5611 1878 5673 emendatione,

329 5682 519 5735 vitium
552 5698 764 5749 quoque
810 5684 1034 5735 subesse
1077 5682 1325 5734 allirmat.
1376 5681 1679 5747 Legendum
1724 5681 1886 5747 igitur

329 5761 481 5818 putat
516 5751 636 5803 καθ’
665 5754 913 5823 ὄργανον.
949 5754 999 5806 id
1036 5753 1175 5819 quod
1206 5753 1317 5818 ipse
1358 5752 1445 5823 ita_
1477 5751 1882 5823 interpretatur,

325 5837 440 5898 qua.
472 5818 751 5890 organum,
787 5824 973 5898 musice
1001 5818 1339 5898 cooptatum.
1401 5818 1634 5898 Fefeilit,
1691 5820 1884 5898 inquit,

325 5889 603 5960 aspiratio,
633 5906 871 5963 sequente
906 5894 1007 5946 leni
1041 5908 1056 5943 :
1090 5891 1177 5944 sed
1212 5891 1301 5944 illa
1328 5906 1429 5945 non
1464 5908 1491 5943 a
1525 5890 1626 5944 leni
1666 5900 1760 5957 est,
1791 5889 1880 5943 sed

1998 4843 2274 4917 duodecim
2328 4858 2456 4917 mss.
2503 4843 2944 4917 legaturquoqne
2974 4839 3064 4891 καὶ
3094 4839 3339 4917 ὄργανον,
3368 4853 3554 4917 quem-

2001 4914 2286 4966 admodum
2315 4913 2455 4965 etin
2507 4911 2642 4964 Oliv.
2676 4910 2829 4972 libro,
2888 4909 3040 4976 longe
3088 4911 3253 4963 tutius
3305 4908 3554 4960 duximus

1998 4986 2320 5050 scripturam
2374 4991 2451 5035 tot
2510 4982 2753 5050 codicum
2818 4978 3123 5050 testimonio
3165 4977 3551 5050 conﬁrmatam

1998 5046 2167 5121 sequi,
2195 5068 2354 5120 qttam
2385 5054 2641 5121 incertam
2672 5049 2813 5101 illam
2847 5062 2907 5102 ac
2949 5048 3116 5101 letem
3165 5047 3397 5101 hominis
3423 5046 3553 5099 alio-

1999 5125 2085 5189 qui
2114 5122 2463 5196 eruditissimi
2496 5120 2884 5196 conjecturam.
3109 5194 3114 5196 _
3372 5182 3411 5196 ἢ
3488 5184 3521 5196 η

2070 5192 2178 5261 (54)
2208 5193 2297 5244 Sic
2326 5182 2617 5261 Colhcrtini
2647 5190 2917 5261 tcrtius_et
2962 5194 3189 5255 quartus
3219 5198 3341 5261 c_um
3372 5182 3553 5261 Regiis

1998 5252 2191 5313 nuarto
2219 5270 2271 5314 et
2303 5270 2472 5314 sexto.
2507 5260 2643 5314 Editi
2665 5269 2717 5313 et
2753 5256 2920 5320 major
2944 5252 3066 5323 pars
3089 5270 3216 5309 mss.
3242 5252 3423 5324 ἔχεται
3460 5252 3550 5323 dxt-

1998 5332 2113 5398 λῆς,
2148 5330 2303 5385 male.
2333 5329 2463 5382 Nam
2504 5346 2683 5405 vocem
2728 5329 2887 5405 ψιλῆς
2929 5327 3052 5380 huic
3097 5326 3214 5380 loco
3246 5340 3553 5405 accommo-

1996 5393 2111 5454 dari
2166 5416 2268 5453 non
2324 5414 2480 5469 pusse
2532 5393 2987 5469 vident,‘opinor,
3040 5410 3247 5451 omnes.
3312 5393 3553 5449 Subinde

1996 5471 2230 5523 nonnulli
2264 5467 2389 5522 tttss.
2422 5469 2622 5539 θεωρίᾳ
2662 5467 2770 5521 τῶν
2796 5467 2989 5535 λόγων.

2067 5539 2176 5609 (55)
2209 5539 2307 5594 Ubi
2358 5540 2407 5591 in
2444 5531 2608 5592 editis
2636 5540 2831 5609 legitur
2868 5531 3271 5609 ἆνεγερθέντος,
3318 5531 3552 5609 habetur

1993 5610 2045 5662 in
2073 5604 2386 5678 quibusdam
2407 5624 2537 5663 mss.
2568 5604 2940 5671 ἀνατεθέντος,
2970 5604 3019 5660 in
3035 5604 3155 5661 aliis
3177 5619 3303 5660 vero
3326 5604 3559 5655 ἀναστα-

1993 5678 2369 5755 0év39g.nhaud
2397 5680 2641 5731 dissimili
2669 5693 2850 5755 sensu.
2966 5747 2976 5755 -
3001 5747 3030 5755 __
3194 5754 3199 5755 ί
3376 5743 3420 5755 Α,

2063 5742 2171 5821 (56)
2200 5749 2351 5821 (ζου).
2389 5760 2613 5816 quartus
2653 5747 2925 5820 σημαίνει.
2954 5747 3241 5817 Aliquanto
3274 5751 3390 5814 post
3409 5742 3553 5801 idem

1992 5819 2155 5878 codex
2185 5819 2420 5890 εὕραμεν
2456 5822 2530 5873 ὲν.
