4260 6498
273 453 380 508 309

1402 459 1683 511 HOMILIA
1724 460 1788 512 IN
1829 461 2158 515 PSALMUM
2199 461 2392 514 XXIX.

3404 457 3506 509 310

278 568 410 623 Θεοῦ
449 568 724 640 ἄνθρωποι
755 569 1100 643 ἐργάζονται,
1134 573 1372 627 τοιοῦτον
1402 576 1613 640 ἑαυτοῖς
1641 578 1852 631 ποιοῦν·
1880 591 1924 641 Α
1957 599 1960 628 λ

1831 609 1852 619 -
1880 591 1924 641 Α
1957 579 2095 630 niam
2122 577 2392 641 suscepisti
2420 592 2494 627 me
2521 593 2537 638 ;
2570 591 2660 626 nec
2687 574 2951 625 delectasti
2984 572 3222 624 inimicos
3257 586 3394 621 meos
3421 586 3513 621 su.

279 679 366 724 τες
397 661 488 713 τὸν
513 663 667 726 Θεὸν,
694 658 806 717 οἷον
831 666 992 728 αὐτὸς
1016 667 1203 720 ἑαυτὸν
1227 669 1456 731 ἕκαστος
1486 672 1846 740 προευτρεπί-

273 750 376 814 ζει.
420 752 673 822 Ύψώσω
699 769 773 807 σε
800 750 912 818 οὖν,
948 758 1144 825 Κύριε,
1176 758 1261 811 ὅτι
1295 758 1593 825 ὑπέλαϐές
1618 776 1715 827 με,
1750 761 1846 814 καὶ

271 845 382 896 οὐκ
414 847 714 915 εὔφρανας
754 848 894 914 τοὺς
941 849 1191 920 ἐχθρούς
1227 867 1346 918 μου
1385 853 1476 904 ἐπ’
1509 852 1632 920 ἐμὲ,
1685 853 1846 924 μηδὲν

272 940 524 991 ταπεινὸν
559 939 695 1008 μηδὲ
727 943 1058 1012 χαμαίζηλον
1095 943 1186 994 ἐπὶ
1219 942 1310 995 τοῦ
1352 943 1467 1014 βίου
1506 961 1605 1014 μου
1644 945 1842 1016 φέρων.

274 1030 383 1082 Καὶ
437 1030 599 1084 πόθεν
660 1050 748 1104 μοι
793 1037 826 1104 ἡ
875 1035 967 1086 τοῦ
1027 1033 1194 1104 ὑψοῦν
1241 1038 1536 1107 ἐνυπάρχει
1587 1036 1842 1108 δύναμις

285 1120 498 1192 Ἐπειδὴ
523 1122 585 1175 σύ
612 1143 678 1194 με
699 1124 983 1194 προλαϐὼν
1006 1125 1295 1192 ὑπέλαϐες.
1336 1129 1714 1197 Ἐμφαντικῶς
1733 1129 1843 1197 (41)

271 1211 459 1282 εἴρηκε
483 1214 543 1266 τὸ
563 1259 578 1280 ,
619 1217 951 1280 ’Υπέλαϐες,
985 1217 1106 1271 ἀντὶ
1131 1219 1246 1280 τοῦ,
1297 1217 1714 1286 Ἐμετεώρισάς
1745 1235 1838 1288 με,

274 1303 364 1354 καὶ
400 1303 668 1385 ἀνώτερον
707 1304 817 1357 τῶν
855 1307 1408 1376 κατεπανισταμένων
1446 1327 1513 1380 με
1560 1312 1840 1378 ἐποίησας.

272 1400 444 1451 Οἱονεὶ
473 1399 638 1451 παῖδά
665 1416 784 1453 τινα
815 1402 1055 1472 ἀπείρως
1084 1402 1276 1470 ἔχοντα
1307 1402 1442 1473 πρὸς
1472 1402 1531 1454 τὸ
1564 1401 1841 1471 νήχεσθαι,

270 1490 333 1555 τῇ
364 1487 506 1558 χειρί
533 1505 615 1552 τις
634 1489 934 1556 ὑπολαϐὼν,
958 1491 1354 1562 μετεωρότερον
1371 1492 1491 1558 ἄγοι
1515 1490 1606 1542 τοῦ
1633 1491 1842 1553 ὓδατος.

283 1583 339 1634 '0
365 1577 457 1635 οὖν
489 1583 553 1636 ἐκ
583 1585 679 1655 τῆς
710 1585 801 1638 τοῦ
836 1583 970 1636 Θεοῦ
1001 1583 1250 1654 βοηθείας
1282 1583 1580 1646 ἀνανεύσας
1610 1584 1716 1637 ἀπὸ
1748 1581 1841 1634 τοῦ

271 1674 583 1745 πτώματος,
621 1673 774 1739 οὗτος
808 1675 910 1728 ὑπὸ
929 1677 1349 1748 εὐγνωμοσύνης
1370 1678 1454 1731 διὰ
1483 1677 1590 1730 τῶν
1625 1675 1843 1746 ἀγαθῶν

270 1765 445 1836 ἔργων
477 1767 679 1836 ὖψωσιν
712 1766 1100 1834 ἐπαγγέλλεται
1132 1767 1208 1838 τῷ
1238 1768 1356 1833 Θεῷ
1388 1770 1518 1839 (42).
1558 1769 1628 1822 Ἦ
1654 1769 1842 1839 ὥσπερ

267 1859 388 1911 τινά
423 1859 721 1930 παλαιστὴν
752 1859 1078 1913 ἀσθενοῦντα
1110 1859 1474 1930 ὑποστηρίξας
1505 1878 1588 1923 τις
1616 1863 1721 1914 ἀπὸ
1745 1861 1838 1915 τοῦ

1951 687 2041 733 per
2079 684 2178 722 me.
2213 664 2356 718 Nihil
2391 664 2644 717 nimirum
2694 663 2927 727 humile,
2970 661 3103 715 nihil
3148 658 3410 725 abiectum
3459 659 3513 710 in

1950 764 2057 814 vita
2083 776 2200 815 mea
2230 757 2519 827 perferam.
2551 755 2704 810 Unde
2729 769 2857 808 vero
2884 752 3106 806 facultas
3134 750 3262 805 mihi
3293 759 3340 801 te
3369 747 3516 801 exal-

1951 853 2129 906 tandi?
2154 851 2418 918 Quoniam
2463 857 2512 901 tu
2556 863 2640 900 me
2683 841 3017 916 praeveniens
3051 837 3352 910 suscepisti.
3385 836 3516 889 Per-

1947 944 2128 1011 Spicue
2153 943 2306 1004 dixit,
2331 940 2618 1008 Suscepisti
2642 955 2743 1001 me,
2776 953 2889 1006 pro,
2917 931 3210 990 Sublevasti
3235 949 3333 996 me,
3353 941 3407 984 et
3426 945 3519 983 su-

1947 1037 2212 1104 periorem
2239 1033 2638 1103 insurgentibus
2669 1030 2719 1082 in
2747 1043 2830 1081 me
2847 1026 3090 1080 eil‘ecisti.
3125 1022 3295 1076 Veluti
3320 1023 3362 1077 si
3391 1021 3517 1092 quis

1949 1144 2171 1197 puerum
2203 1126 2512 1196 quempiam
2545 1120 2763 1176 natandi
2801 1119 3103 1188 imperitum
3143 1130 3304 1169 manu
3339 1117 3512 1170 susci-

1946 1221 2122 1288 piens,
2166 1232 2287 1271 eum
2335 1218 2488 1284 aquis
2542 1213 2788 1268 altiorem
2842 1210 3125 1264 sustineat.
3178 1207 3279 1276 Qui
3331 1207 3511 1276 igitur,

1945 1311 2238 1381 apitulante
2266 1309 2394 1372 Deo,
2432 1326 2457 1362 a
2485 1324 2613 1363 casu
2645 1321 2702 1359 se
2726 1303 2905 1371 erigit,
2935 1305 2978 1355 is
3005 1304 3140 1372 grati
3168 1302 3332 1354 animi
3357 1300 3514 1368 signi-

1945 1404 2196 1458 ﬁcatione
2231 1415 2328 1472 per
2361 1401 2498 1454 bona
2530 1415 2692 1469 opera
2723 1396 3103 1451 exaltationem
3148 1395 3257 1448 Deo
3292 1393 3512 1460 pollice-

1945 1509 2048 1550 tur.
2082 1497 2192 1551 Aut
2224 1493 2367 1548 velut
2419 1493 2463 1547 si
2497 1494 2616 1561 quis
2659 1490 2886 1546 debilem
2936 1489 3240 1557 quempiam
3288 1485 3513 1538 luctata.

1945 1603 2055 1641 rem
2085 1587 2414 1648 soll‘ulciens,
2445 1585 2511 1638 ab
2547 1585 2864 1638 imminente
2901 1582 3051 1649 lapsu
3081 1580 3291 1643 liberet,
3321 1593 3385 1632 ac
3409 1578 3513 1633 col-

1941 1678 2178 1733 luctante
2228 1679 2414 1733 reddat
2470 1680 2837 1744 superiorem;
2898 1673 2971 1727 illi
3012 1671 3224 1740 quidem
3271 1669 3526 1726 victoria:-

1941 1772 2142 1841 prmbet
2171 1772 2531 1833 occasionem,
2575 1770 2700 1824 huic
2742 1783 2871 1822 vero
2902 1776 3218 1835 conceptam
3254 1766 3318 1820 de
3357 1766 3506 1834 lapsu

1941 1864 2163 1920 alterius
2192 1863 2425 1918 laetitiam
2457 1862 2666 1918 adimit.
2712 1861 2827 1915 Non
2868 1870 3046 1913 autem
3076 1871 3349 1918 aerumna,
3383 1871 3510 1927 pro-

270 1951 709 2021 κινδυνευομένου
742 1950 1052 2022 πτώματος,
1089 1953 1181 2006 καὶ
1223 1953 1562 2022 ἐπανώτερον
1605 1955 1837 2023 ποιήσας
1871 1970 1911 2027 ε
1939 1957 1952 2010 1

1827 1972 1837 2017 :
1871 1970 1911 2027 Β
1939 1955 2174 2010 bationis
2216 1970 2375 2008 causa
2408 1955 2609 2008 sanctis
2639 1951 2878 2015 inﬂictae,
2917 1949 3280 2004 invisibilibus
3309 1945 3509 2000 nostris

268 2043 362 2097 τοῦ
409 2044 858 2116 συμπαλαίοντος,
898 2043 976 2114 τῷ
1013 2045 1108 2115 μὲν
1141 2044 1238 2115 τῆς
1269 2045 1425 2115 νίκης
1455 2044 1696 2115 παρέσχε
1741 2046 1838 2114 τὴν

270 2136 544 2207 ἀρορμην,
588 2136 680 2190 τοῦ
709 2136 765 2191 δὲ
801 2136 896 2207 τὴν
929 2138 1022 2190 ἐπὶ
1055 2135 1133 2206 τῷ
1169 2135 1420 2205 πτώματι
1453 2134 1615 2188 αὐτοῦ
1647 2136 1841 2206 εὐφρο-

273 2223 436 2295 σύνην
475 2226 743 2295 ἀφείλετο,
786 2227 918 2296 Οὐχὶ
961 2228 1018 2280 δὲ
1051 2227 1106 2279 ai
1152 2225 1380 2296 θλίψεις,
1425 2227 1479 2278 αἱ
1519 2226 1840 2298 δοκιμασίας

269 2314 457 2368 ἕνεκεν
491 2317 888 2386 προσαγόμεναι
937 2319 1049 2378 τοῖς
1089 2315 1294 2382 ἁγίοις,
1347 2314 1685 2386 εὐφροσύνην
1727 2318 1839 2378 τοῖς

269 2407 481 2478 ἐχθροῖς
507 2407 660 2478 ἡμῶν
699 2411 809 2470 τοῖς
839 2408 1088 2478 ἀοράτοις
1131 2406 1478 2477 προξενοῦσιν
1501 2425 1514 2439 ·
1557 2408 1669 2462 ἀλλ’
1709 2411 1838 2460 ὅταν

269 2500 731 2570 ἀπαγορεύσωμεν
802 2499 1141 2572 θλιϐόμενοι,
1206 2500 1297 2553 καὶ
1366 2498 1837 2570 στενοχωρηθῶσιν

268 2593 421 2664 ἡμῶν
450 2595 497 2646 οί
525 2593 789 2664 λογισμοὶ,
814 2594 1192 2668 ἀπειρηκότων
1212 2594 1367 2665 ἡμῶν
1392 2594 1525 2664 πρὸς
1548 2593 1607 2644 τὸ
1637 2591 1837 2643 πυκνὸν

266 2689 375 2741 τῶν
409 2689 721 2751 κακώσεων,
756 2690 876 2741 τότε
911 2689 1286 2759 εὐφραίνονται
1321 2688 1413 2739 καὶ
1446 2685 1698 2754 κροτοῦσι
1745 2685 1838 2737 καὶ

267 2779 659 2847 ἐπιχαίρουσιν.
703 2774 826 2828 Οἷον
871 2778 962 2829 ἐπὶ
1003 2777 1094 2830 τοῦ
1143 2776 1280 2830 Ἰώϐ.
1341 2775 1697 2828 Ἀπολωλέκει
1740 2775 1836 2847 τὴν

269 2869 498 2938 κτῆσιν·
547 2868 751 2921 τέκνων
806 2869 1092 2939 ἐστέρητο·
1135 2868 1337 2940 ἰχῶρας
1371 2867 1518 2937 αὐτῷ
1551 2870 1646 2920 καὶ
1693 2867 1836 2922 σκώ-

262 2960 492 3032 ληκαςή
528 2960 664 3030 σὰρξ
697 2961 960 3024 ἀπέζεσεν
997 2961 1126 3030 (45)·
1164 2960 1314 3014 οὔπω
1345 2960 1502 3014 τοῦτο
1530 2960 1834 3032 εὐφροσύνη

263 3054 341 3124 τῷ
382 3055 678 3124 ἀντιπάλῳ.
712 3054 772 3106 Εἰ
799 3052 856 3105 δὲ
888 3053 1067 3116 ἐνδοὺς
1103 3055 1235 3124 πρὸς
1264 3054 1330 3107 τὰ
1367 3053 1594 3105 ἐπίπονα
1629 3053 1834 3124 εἰρήκει

261 3167 313 3201 ·ι.
358 3149 637 3219 δύσφημον
680 3149 828 3219 ῥῆμα
872 3147 1010 3200 κατὰ
1045 3148 1142 3218 τὴν
1173 3146 1477 3218 συμϐουλὴν
1507 3147 1607 3214 τῆς
1653 3162 1838 3214 γυναι-

265 3239 376 3301 κὸς,
409 3240 529 3291 τότε
554 3239 617 3292 ἂν
649 3239 1027 3310 εὐφράνθησαν
1058 3241 1103 3292 οξ
1137 3239 1321 3310 ἐχθροὶ
1347 3240 1433 3291 ἐπ’
1465 3239 1631 3308 αὐτῷ.
1666 3238 1836 3292 Τοῦτο

1939 2046 2168 2100 inimicis
2195 2044 2445 2114 gaudium
2471 2043 2701 2098 all‘erunt
2731 2060 2744 2098 :
2791 2043 2886 2096 scd
2926 2055 3047 2094 cum
3081 2036 3318 2091 alﬂictati
3355 2035 3506 2089 fran-

1941 2138 2134 2206 gimur,
2169 2151 2400 2206 cmnque
2430 2138 2781 2205 cogitationes
2815 2143 3041 2199 nostra,
3080 2133 3234 2186 nobis
3287 2132 3355 2185 ob
3392 2131 3505 2185 l‘re-

1938 2240 2164 2300 quentes
2199 2230 2474 2285 molestias
2521 2231 2759 2284 animum
2815 2227 3301 2297 despondentibus,
3353 2239 3508 2278 coar-

1938 2332 2176 2384 ctantur,
2209 2331 2335 2375 tunc
2359 2321 2722 2384 oblectantur,
2746 2320 3108 2389 plauduntque
3140 2328 3192 2372 et
3222 2317 3502 2370 insultant.

1939 2413 2098 2468 Velut
2128 2415 2179 2468 in
2211 2413 2311 2469 Job
2343 2415 2587 2482 cootigit.
2619 2413 2888 2467 Amiserat
2918 2410 3308 2480 possessiones,
3347 2407 3506 2462 orba-

1942 2517 2023 2558 tus
2053 2508 2212 2577 126
2235 2517 2353 2561 erat
2391 2507 2534 2573 (iliis,
2569 2507 2690 2560 tabo
2720 2514 2773 2560 et
2803 2503 3080 2558 vermibus
3109 2503 3350 2556 scatebat
3386 2500 3505 2569 ejus

1937 2615 2098 2661 caro;
2138 2601 2360 2652 necdum
2399 2611 2571 2652 tamen
2617 2600 2667 2651 id
2696 2598 2880 2652 laetitia
2913 2596 3074 2649 allicit
3103 2596 3500 2649 adversarium.

1939 2691 2045 2744 Sed
2095 2691 2139 2744 si
2177 2690 2448 2744 laboribus
2494 2691 2734 2752 fractus,
2792 2688 3239 2742 contumeliosum
3287 2687 3503 2754 aliquod

1938 2783 2161 2836 verbum
2189 2797 2254 2835 ex
2291 2783 2474 2836 uxoris
2504 2783 2728 2836 consilio
2769 2783 3098 2851 protulisset,
3151 2790 3273 2835 tunc
3302 2782 3353 2834 in
3389 2781 3506 2849 ipso

1937 2873 2185 2927 oblectati
2215 2882 2398 2927 essent
2424 2873 2648 2927 inimici.
2682 2873 2817 2937 Quin
2850 2881 2901 2926 et
2934 2873 2983 2925 in
3014 2870 3177 2924 Paulo
3204 2871 3501 2931 esuriente,

1937 2963 2169 3029 sitiente,
2207 2965 2371 3028 nudo,
2401 2961 2640 3031 colaphis
2673 2976 2840 3021 caeso,
2873 2961 3170 3020 laborante,
3208 2958 3274 3013 de
3307 2958 3420 3012 loco
3451 2959 3502 3010 in

1940 3054 2115 3108 locum
2174 3057 2436 3126 migrante
2480 3071 2584 3110 non
2641 3054 3012 3108 delectabatur
3057 3052 3340 3116 inimicus;
3397 3051 3506 3103 imo

1939 3163 2066 3202 vero
2104 3149 2504 3212 conterebatur,
2534 3151 2656 3200 dum
2697 3163 2817 3201 eum
2858 3147 3062 3197 videret
3103 3144 3179 3196 sic
3206 3141 3504 3195 certamina

1938 3242 2315 3310 perferentem,
2347 3252 2404 3296 ut
2425 3243 2774 3310 contemptim
2802 3240 3002 3294 diceret
3029 3258 3040 3290 :
3077 3235 3205 3302 Quis
3231 3253 3321 3289 nos
3351 3251 3500 3303 sepa-

263 3333 357 3384 καὶ
395 3333 485 3383 ἐπὶ
523 3331 720 3397 Παύλῳ
767 3332 1038 3393 πεινῶντι,
1075 3334 1167 3384 καὶ
1198 3332 1438 3400 διψῶντι,
1487 3333 1579 3386 καὶ
1619 3350 1831 3403 γυμνη-
1861 3327 1902 3383 C
1935 3351 1945 3386 ι

1075 3334 1167 3384 καὶ
1198 3332 1438 3400 διψῶντι,
1487 3333 1579 3386 καὶ
1619 3350 1831 3403 γυμνη-
1861 3327 1902 3383 C
1935 3334 2072 3386 rabit
2103 3351 2133 3386 a
2157 3334 2408 3386 charitate
2431 3332 2625 3386 Christi
2657 3332 2738 3384 '3?

259 3421 489 3481 τεύοντι,
525 3423 616 3474 καὶ
653 3421 1076 3492 κολασιζομένῳ,
1143 3425 1235 3476 καὶ
1282 3426 1563 3488 κοπιῶντι,
1631 3427 1725 3478 καὶ
1789 3425 2140 3479 ἀστατοῦντι·
2185 3427 2284 3479 οὐκ
2331 3425 2651 3496 εὐφραίνετο
2701 3425 2728 3474 ὁ
2762 3422 2986 3494 ἐχθρός·
3022 3421 3082 3474 τὸ
3120 3418 3361 3472 ἐναντίον
3409 3418 3506 3488 μὲν

259 3513 374 3580 οὖν,
425 3515 767 3586 συνετρίϐετο
814 3515 1022 3584 βλέπων
1069 3515 1210 3568 οὓτω
1279 3517 1345 3569 τὰ
1421 3519 1778 3588 ἀγωνίσματα
1855 3520 2111 3592 φέροντα,
2176 3519 2315 3572 ὥστε
2375 3519 2554 3572 λέγειν
2618 3517 2778 3570 αὑτὸν
2835 3512 3344 3586 καταφρονητικῶς·
3412 3510 3507 3576 Τίς

260 3609 417 3680 ἡμᾶς
446 3611 686 3680 χωρίσει
719 3611 837 3664 ἀπὸ
867 3610 976 3678 τῆς
1009 3609 1241 3677 ἀγάπης
1274 3613 1378 3664 τοῦ
1404 3613 1693 3679 Χριστοῦ;

332 3704 384 3755 5.
417 3703 594 3769 Κύριε
613 3705 642 3752 (Ξ
665 3702 808 3766 Θεός
831 3719 971 3768 μου,
990 3701 1281 3768 ἐκέκραξα
1298 3701 1444 3770 πρὸς
1462 3703 1555 3764 σὲ,
1575 3703 1670 3755 καὶ
1691 3701 1837 3756 ἰάσω

250 3813 349 3864 με.
401 3797 686 3864 Μακάριος
735 3797 761 3846 ὁ
806 3795 904 3864 τὴν
944 3797 999 3847 ὲν
1053 3794 1129 3864 τῷ
1170 3795 1321 3864 βάθει
1374 3795 1588 3866 πληγὴν
1643 3794 1835 3847 ἑαυτοῦ

257 3888 569 3958 γνωρίζων,
614 3885 753 3937 ὥστε
785 3887 1043 3938 δύνασθαι
1092 3888 1168 3957 τῷ
1206 3887 1372 3958 ἰατρῷ
1413 3887 1693 3958 προσιέναι
1742 3887 1836 3940 καὶ

255 3977 466 4044 λέγειν·
518 3977 717 4031 Ἰασαί
743 3993 840 4045 με,
873 3977 1071 4043 Κύριε,
1103 3977 1190 4030 ὅτι
1237 3979 1532 4046 ἐταράχθη
1576 3980 1647 4032 τὰ
1685 3977 1836 4033 ὀστᾶ

249 4084 404 4138 μου·
450 4071 570 4130 καὶ,
618 4067 764 4137 Ἐγὼ
804 4068 962 4130 εἶπα,
1000 4069 1198 4135 Κύριε,
1246 4069 1504 4135 ἐλέησόν
1540 4087 1635 4138 με,
1669 4071 1832 4123 ίασαι

255 4159 372 4228 τὴν
410 4159 618 4227 ψυχήν
645 4179 784 4228 μου,
820 4160 908 4213 ὅτι
945 4160 1209 4228 ἥμαρτόν
1242 4177 1357 4214 σοι.
1413 4162 1673 4216 Ἐνταῦθα
1709 4163 1833 4232 μέν·

253 4268 338 4303 τοι
392 4250 710 4321 εὐχαριστία
766 4251 910 4302 ἐστὶν
967 4252 1104 4322 ὑπὲρ
1151 4252 1249 4322 τῆς
1303 4253 1636 4323 ἐπαχθείσης
1684 4253 1831 4324 αὐτῷ

258 4339 523 4410 ἰατρείας·
561 4341 737 4407 Κύριε
787 4339 914 4407 γὰρ,
955 4343 1136 4409 φησιν,
1170 4346 1201 4394 o'
1237 4345 1378 4407 Θεός
1402 4362 1538 4411 μου.
1576 4344 1648 4396 Οὐ
1692 4345 1829 4396 πάνλ·

254 4451 362 4485 των
391 4431 521 4493 Θεὸς
549 4433 578 4483 ό
611 4431 759 4494 Θεὸς.
805 4432 941 4484 ἀλλά
980 4432 1084 4484 τῶν
1130 4434 1514 4487 οίκειωθέντων
1555 4436 1700 4506 αὐτῷ
1743 4437 1831 4490 διὰ

253 4525 353 4592 τῆς
394 4523 630 4591 ἀγάπης.
681 4522 810 4585 Θεὸς
848 4523 955 4594 γὰρ
1017 4524 1284 4594 Ἀϐραὰμ,
1319 4524 1412 4577 καί
1449 4525 1580 4588 Θεὸς
1624 4527 1826 4590 Ὶσαάκ,

256 4619 350 4669 καὶ
395 4617 524 4680 Θεὸς
588 4617 798 4669 Ἰακώϐ.
837 4619 898 4669 Ei
941 4617 997 4669 δὲ
1038 4617 1253 4670 πάντων
1303 4613 1369 4687 ἦν
1421 4618 1573 4680 Θεὸς,
1621 4620 1721 4671 οὐκ
1763 4620 1827 4673 ἂν

255 4709 482 4772 ἐκείνοις
527 4710 602 4772 ώς
634 4707 909 4778 ἐξαίρετον
943 4709 1098 4761 τοῦτο
1143 4715 1665 4782 προσεμαρτυρεῖτο.
1718 4714 1826 4765 Καὶ

255 4800 416 4852 πάλιν
449 4803 476 4852 ὁ
519 4798 731 4852 Ἰακώϐ·
772 4797 1094 4864 Ἐῧοήθησέ
1118 4816 1212 4853 σοι
1244 4801 1353 4869 (4-4)
1385 4804 1416 4854 ὀ
1446 4801 1588 4867 Θεὸς
1610 4805 1640 4855 d
1663 4803 1819 4871 ἐμός.

253 4893 364 4946 Καὶ
398 4891 595 4960 Θωμᾶς
628 4892 765 4962 μετά
798 4893 895 4962 τὴν
928 4893 1293 4963 πληροφορίαν
1325 4895 1806 4965 κατασπαζόμενος

2009 3707 2062 3764 5.
2108 3705 2272 3760 Vens.
2303 3705 2352 3759 5.
2397 3705 2620 3758 Domine
2651 3703 2788 3758 Deus
2816 3717 2978 3766 meus,
3012 3698 3232 3756 clamavi
3261 3696 3328 3749 ad
3355 3705 3425 3759 te,
3457 3704 3505 3746 et

1937 3801 2134 3852 sanasti
2187 3814 2285 3851 me.
2341 3797 2535 3852 Beatus
2588 3796 2678 3865 qui
2726 3795 3030 3849 intestinam
3089 3803 3238 3845 suam
3294 3786 3503 3856 plagam

1937 3891 2233 3958 Cognoscit,
2281 3891 2412 3942 adeo
2441 3900 2498 3942 ut
2532 3889 2596 3942 ad
2645 3888 2909 3942 medicum
2941 3893 3100 3952 queat
3130 3879 3408 3943 accedere,
3441 3891 3504 3929 ac

1937 3981 2113 4033 dicere
2142 3998 2154 4032 :
2184 3981 2328 4033 Sana
2354 3996 2450 4041 me,
2489 3979 2734 4039 Domine,
2761 3976 3004 4046 quoniam
3042 3971 3350 4028 conturbata
3378 3978 3501 4022 sunt

1935 4089 2053 4127 ossa
2077 4089 2191 4125 mea
2215 4072 2277 4135 ¹⁹;
2303 4083 2382 4124 et:
2411 4069 2522 4140 Ego
2548 4073 2677 4132 dixi,
2705 4070 2939 4133 Domine,
2963 4068 3202 4121 miserere
3224 4063 3347 4125 mei,
3371 4077 3504 4115 sana

1934 4167 2165 4218 animam
2202 4180 2390 4229 meam,
2423 4164 2543 4233 quia
2572 4164 2777 4230 peccari
2816 4162 2908 4214 tibi
2940 4161 3005 4213 ¹⁰.
3054 4159 3151 4212 llic
3187 4156 3402 4226 quidem
3433 4154 3501 4205 ob

1933 4252 2223 4305 adhibitam
2275 4251 2374 4305 sibi
2430 4254 2763 4305 curationem
2815 4251 3016 4318 gratias
3076 4244 3496 4315 agitzﬂomine,

1930 4344 2085 4405 enim,
2137 4345 2330 4410 inquit,
2373 4342 2510 4395 Deus
2543 4360 2705 4396 meus.
2756 4341 2894 4394 Deus
2934 4354 3036 4392 non
3078 4337 3316 4391 omnium
3361 4334 3499 4388 Deus

1931 4443 2034 4496 est,
2066 4434 2156 4486 sed
2185 4449 2369 4487 eorum
2396 4435 2486 4502 qui
2517 4448 2564 4486 et
2592 4445 2713 4486 sunt
2737 4433 3000 4486 charitate
3022 4428 3318 4500 conjuncti.
3351 4427 3495 4480 Deus

1932 4527 2073 4579 enim
2108 4526 2377 4579 Abraham
2424 4535 2527 4592 est,
2569 4535 2623 4580 et
2670 4525 2808 4580 Deos
2847 4525 3012 4588 Isaac,
3052 4535 3106 4576 et
3139 4521 3278 4575 Deus
3307 4518 3496 4573 Jacob.

1931 4619 2141 4672 Etenim
2187 4621 2229 4673 si
2265 4619 2502 4672 omnium
2545 4630 2688 4674 esset
2737 4621 2897 4680 Dens,
2940 4632 3043 4669 non
3095 4615 3277 4682 utique
3328 4612 3379 4664 id
3418 4610 3499 4664 eis

1933 4721 2183 4779 tanquam
2217 4711 2488 4780 quidpiam
2521 4710 2792 4779 singulare
2822 4725 2884 4761 ac
2911 4706 3167 4760 eximium
3195 4704 3493 4759 tribuisset.

1929 4802 1991 4855 Et
2025 4805 2215 4857 iterum
2249 4802 2413 4857 Jacoh
2446 4821 2460 4858 ;
2494 4803 2709 4871 Adjuvit
2741 4811 2788 4854 te
2819 4800 2960 4854 Deus
2988 4815 3132 4852 meus
3155 4799 3221 4851 ’⁸.
3256 4796 3321 4850 Et
3349 4793 3492 4848 Tho-

1930 4913 2066 4962 mas,
2090 4908 2291 4950 semota
2317 4897 2654 4950 dubitatione
2686 4896 2854 4960 omni,
2884 4893 3164 4948 Dominum
3191 4889 3492 4958 amplexus,

250 4987 344 5040 τὸν
387 4987 679 5056 Δεσπότην,
736 4987 797 5039 Ὀ
849 4987 1062 5054 Κύριός
1093 5004 1232 5055 μου,
1267 4990 1419 5058 φησὶ,
1470 4989 1564 5042 καί
1597 4992 1627 5042 ό
1681 4993 1824 5056 Θεός
1857 4979 1901 5035 D

1814 4979 1901 5051 το
1932 4990 2180 5042 Dominus
2227 5007 2390 5054 meus,
2435 4990 2626 5057 inquit,
2668 4998 2717 5042 et
2759 4989 2897 5043 Deus
2950 5004 3092 5040 meus
3131 4987 3196 5036 ".
3258 4983 3496 5036 Alit-ctus

243 5097 386 5150 μου.
432 5078 758 5144 Ἑνδιάθετος
785 5076 876 5134 οὖν
904 5082 935 5148 ἡ
970 5081 1118 5149 φωνὴ
1149 5083 1204 5150 ἡ,
1237 5082 1409 5148 Κύριε
1444 5085 1474 5134 0'
1514 5083 1656 5148 Θεός
1677 5101 1817 5150 μου,

323 5264 368 5294 ⁸⁸
409 5263 564 5318 Rom.
591 5281 710 5330 \‘itl,
742 5265 831 5320 35.
907 5265 949 5298 "
987 5266 1128 5322 Psal.
1162 5283 1234 5334 vn,
1271 5269 1323 5322 5.
1401 5271 1443 5300 ³ο
1487 5269 1624 5327 Psal.
1662 5287 1745 5333 sc,

322 5402 436 5471 (Η)
468 5401 599 5472 Reg.
626 5405 892 5475 secundus
924 5406 1258 5475 ἐμφατικῶς.
1294 5406 1413 5461 Mox
1442 5409 1606 5462 editio
1644 5409 1816 5463 Paris.

249 5474 808 5544 κατεπανισταμένων
835 5474 966 5544 μου.
989 5478 1161 5530 Ιαὶιίίιὶο
1192 5493 1318 5530 vero
1360 5477 1523 5532 Basil.
1548 5489 1601 5532 et
1630 5497 1817 5534 norem

251 5559 382 5616 ni_~s.
419 5546 968 5616 κατεπανισταμενων
1034 5565 1119 5616 με.
1177 5549 1378 5602 Ibidem
1438 5550 1602 5604 editio
1645 5549 1816 5606 Paris.

249 5608 397 5665 υἷον.
433 5613 500 5665 At
523 5633 652 5667 mss.
682 5608 876 5667 Οίονεί.

324 5683 604 5758 (ἀκλειίίιί
647 5696 700 5739 et
723 5686 958 5758 nonnulli
990 5701 1116 5739 mss.
1155 5685 1388 5754 ὑψώσειν
1424 5690 1816 5758 ἐπαγγέλλεται

246 5753 338 5830 τὸν
366 5753 624 5830 Θεόνη-ᾼι
657 5757 972 5830 majorpars
1000 5772 1129 5808 mss.
1162 5753 1283 5830 cum
1322 5759 1458 5813 Oliv.
1494 5753 1555 5814 et
1584 5753 1802 5828 'Anglic.

249 5827 343 5896 ita,
377 5833 432 5896 ut
473 5826 756 5896 edidimus.
801 5824 908 5878 Nec
956 5827 1024 5877 ita
1065 5828 1229 5896 tmtlto
1277 5841 1395 5892 post
1447 5831 1576 5896 Reg.
1614 5824 1806 5886 tertius

246 5895 341 5950 καὶ
384 5892 675 5965 ἀνώτερον.
720 5895 954 5950 Subinde
1010 5897 1172 5951 editio
1201 5895 1372 5954 Paris.
1424 5913 1476 5954 et
1521 5892 1626 5956 ires
1674 5919 1801 5957 mss.

1906 5271 1945 5302 ²¹
1986 5267 2119 5320 Gen.
2155 5282 2297 5328 sus,
2331 5265 2418 5319 9.5.

1935 5082 2094 5150 igitur
2120 5096 2220 5135 vox
2260 5090 2362 5143 est,
2409 5082 2627 5134 Domine
2657 5079 2796 5133 Deus
2835 5095 3000 5140 meus,
3036 5087 3229 5144 etqua:
3264 5075 3495 5144 prophe-

2495 5266 2537 5296 "
2573 5263 2724 5318 Joan.
2757 5278 2846 5325 xx,
2875 5259 2965 5314 28.

1927 5409 2020 5462 τοῦ
2045 5408 2099 5459 δὲ
2127 5409 2245 5477 τήν.
2277 5407 2378 5461 Alii
2411 5421 2536 5458 mss.
2573 5418 2792 5477 numero
2825 5401 3004 5468 plures
3038 5397 3113 5469 τῷ
3147 5397 3202 5451 δὲ
3235 5399 3353 5464 τήν.
3397 5395 3498 5447 lbi-

1927 5482 2046 5532 dem
2075 5473 2222 5533 (Iolb.
2264 5488 2487 5546 quartus
2510 5473 2784 5544 ἀφείλατο.

1999 5549 2110 5618 (45)
2140 5535 2573 5618 Βσικ.ἐειοιιιιόιιέ
2628 5560 2751 5618 cum
2796 5542 2946 5618 Colh.
2983 5541 3179 5618 quinto
3209 5535 3364 5618 σὰρξ.
3389 5538 3489 5618 ὲπ-

1924 5605 2134 5684 έζεσεν.
2173 5605 2289 5671 Mox
2323 5618 2486 5670 editio
2519 5615 2692 5668 Paris.
2729 5605 3118 5682 ἀντιπάλῳ-ἦν.
3148 5605 3306 5663 Deest
3338 5605 3404 5679 ἦν
3437 5609 3488 5660 in

1923 5683 2052 5743 mss.
2095 5691 2333 5744 Subinde
2364 5688 2492 5755 Reg.
2533 5686 2802 5741 secundus
2836 5683 3023 5754 εἴρηκὲ
3056 5702 3128 5736 τι.

1992 5759 2277 5829 (“)Colb.
2338 5750 2609 5812 secundus
2654 5771 2774 5829 cum
2828 5750 3001 5829 altero
3049 5768 3168 5829 _rn_s.
3215 5750 3486 5829 ἐϐοήθησέ

1920 5821 2226 5954 μυίηιδιιὲιρ
2259 5841 2376 5897 post
2414 5845 2540 5885 mss.
2579 5839 2684 5884 trcs
2712 5827 2743 5895 ἡ
2776 5824 2927 5894 φωνὴ
2961 5823 3015 5894 ἡ,
3049 5823 3242 5896 Κύριε.
3277 5821 3418 5878 Edili
3448 5823 3479 5893 ὴ

1920 5919 2084 5954 εωνττ.
2183 5917 2317 5954 υβῑῐο

1918 5919 2084 5972 gum/1;,
2128 5917 2317 5969 λυριε.
