4260 6502
248 422 356 476 315

1381 427 1658 482 HOMILIA
1700 425 1764 480 IN
1807 426 2133 486 PSALMUM
2174 432 2366 487 XXIX.

3388 438 3492 498 διε

248 562 365 612 γης
408 547 608 600 αὐτοῦ.
645 549 756 602 Οὐκ
789 543 958 612 εἶπεν,
994 549 1422 621 Ἑξομολογεῖσθε
1454 556 1518 622 τῇ
1551 551 1824 623 ἁγιωσύνῃ
1853 557 1897 610 Α
1927 578 1930 601 t

1811 557 1897 622 1A
1927 554 2084 618 dixit,
2122 554 2463 609 Confitemiui
2521 559 2794 611 sanctitati
2849 559 2995 628 ejus,
3040 561 3171 625 scd,
3224 561 3493 616 Memoria:

251 639 440 699 αὑτοῦ,
483 639 645 702 ἀλλά,
695 639 770 708 Τῇ
814 642 1018 712 μνήμη
1065 642 1173 710 τῆς
1220 643 1558 711 ἁγιωσύνης
1602 643 1818 697 αὑτοῦ·

252 731 546 796 τουτέστιν,
597 733 993 804 Εύχαριστεῖτε.
1047 735 1109 786 Ἡ
1152 733 1258 802 γὰρ
1305 733 1684 804 ἐξομολόγησις
1735 737 1819 786 ἐν·

252 821 425 874 ταῦθα
470 823 589 876 ἀντὶ
638 824 984 894 εὐχαριστίας
1034 824 1387 894 λαμϐάνεται.
1437 822 1819 896 Εὐχαριστεῖτε

250 912 368 975 οὖν,
406 915 487 969 ὅτι
531 917 586 967 ἐν
625 918 810 987 μνήμῃ
847 917 944 985 τῆς
974 915 1282 987 ἁγιωσύνης
1329 917 1493 969 αὐτοῦ
1539 917 1814 985 ἐγένεσθε·

253 1005 303 1056 οἳ
335 1005 614 1077 πρότερον,
654 1007 741 1061 διὰ
784 1007 842 1060 τό
885 1006 1208 1077 ἐμὸαθύνειν
1244 1011 1309 1079 τῇ
1345 1010 1531 1078 κακία,
1576 1010 1668 1062 καὶ
1701 1013 1818 1072 ταῖς

253 1098 610 1168 ἀκαθαρσίαις
658 1100 756 1170 τῆς
811 1098 1007 1168 σαρκὸς
1075 1099 1469 1169 ἐμμολύνεσθαι
1538 1101 1684 1169 (51),
1740 1104 1816 1163 είς

253 1188 423 1258 λήθην
455 1187 643 1257 ἤλθετε
689 1189 786 1257 τῆς
818 1187 1125 1256 ἁγιωσύνης
1168 1187 1260 1240 τοῦ
1303 1189 1623 1258 ποιήσαντος
1651 1190 1813 1257 ὑμᾶς.

264 1277 434 1348 Ὑπὲρ
467 1276 558 1331 οῦν
585 1279 676 1330 τοῦ
720 1276 1006 1347 ὲξιλασμοῦ
1036 1278 1143 1332 τῶν
1187 1280 1605 1350 ἡμαρτημένων,
1641 1281 1820 1350 ἐξομο-

252 1370 493 1438 λογεῖσθε
529 1373 652 1438 περὶ
679 1370 784 1422 τῶν
807 1371 904 1439 ούχ
935 1370 1100 1438 ὑγιῶς
1134 1373 1260 1441 ὑμῖν
1285 1373 1814 1443 προπεπραγμένων.

253 1464 374 1515 Ὅτι
403 1462 543 1530 ὀργὴ
574 1462 642 1513 ἐν
669 1459 747 1525 τῷ
780 1462 942 1529 θυμῷ
989 1463 1196 1526 αὑτοῦ,
1235 1463 1330 1516 καὶ
1369 1461 1477 1530 ζωὴ
1512 1464 1580 1515 ἐν
1617 1462 1695 1527 τῷ
1722 1466 1817 1516 θε-
1856 1452 1858 1455 ν

251 1549 468 1618 ,λήματι
498 1547 700 1601 αὐτοῦ.
730 1550 998 1620 Πρότερον
1035 1546 1154 1603 εἷπε
1184 1552 1245 1603 τὸ
1277 1552 1618 1621 σκυθρωπὸν,
1647 1553 1816 1624 ὀργὴν

253 1642 312 1691 ἐν
357 1639 434 1709 τῷ
483 1638 638 1709 θυμῷ
676 1639 767 1692 τοῦ
823 1641 990 1694 Θεοῦ·
1042 1638 1163 1694 εἶτα
1207 1642 1266 1695 τὸ
1314 1644 1679 1715 φαιδρότερον,
1721 1645 1818 1714 τὴν

252 1733 394 1802 ζωὴν
424 1735 480 1784 ἐν
523 1733 599 1803 τῷ
633 1733 890 1804 θελήματι
925 1735 1108 1790 αὑτοῦ.
1145 1737 1299 1788 Δοκεῖ
1327 1737 1644 1805 ταυτολογία
1676 1732 1815 1790 εἷναι

249 1827 361 1885 τοῖς
407 1823 480 1894 μὴ
528 1825 838 1895 δυναμένοις
870 1827 966 1896 τῆς
1011 1826 1292 1897 ἀκριϐείας
1334 1827 1439 1878 τῶν
1486 1828 1816 1898 σημαινομέ-

253 1933 357 1966 νων
390 1916 742 1984 ἐφάπτεσθαι,
775 1917 868 1970 τοῦ
919 1919 1189 1988 προφήτου
1237 1916 1483 1987 λέγοντος
1527 1920 1694 1990 ὀργὴν
1741 1915 1818 1973 εἷο

249 2026 337 2060 ναι
373 2008 481 2078 (52)
510 2010 566 2060 ἐν
596 2009 672 2079 τῷ
701 2009 855 2080 θυμῷ
892 2009 983 2061 τοῦ
1027 2008 1181 2070 Θεοῦ,
1211 2006 1287 2072 ὡς
1330 2009 1422 2062 τοῦ
1463 2011 1622 2064 αὑτοῦ
1667 2012 1818 2076 ὄντος

250 2102 418 2172 ὀργῆς
462 2101 551 2154 καὶ
596 2101 798 2172 θυμοῦ·
847 2102 1088 2154 πλεῖστον
1131 2101 1188 2153 δὲ
1222 2101 1283 2153 τὸ
1328 2101 1599 2173 διάφορον.
1638 2104 1818 2175 Θυμὸς

255 2191 352 2258 μὲν
394 2190 500 2262 γάρ
531 2193 674 2243 ἐστιν
704 2193 736 2260 ἡ
770 2191 946 2260 κρίσις
981 2189 1073 2242 τοῦ
1108 2192 1404 2262 ἐπαχθῆναι
1436 2194 1558 2246 τάδε
1592 2195 1712 2248 τινὰ
1751 2196 1816 2249 τὰ

253 2283 547 2354 σκυθρωπὰ
584 2283 660 2352 τῷ
704 2281 836 2351 ἀξίῳ
911 2283 1047 2356 ὀργὴ
1090 2285 1223 2358 δὲτὸ
1272 2286 1430 2348 πόνος
1475 2287 1595 2356 ἤδη,
1647 2287 1738 2338 καὶ
1781 2287 1813 2356 ἡ

250 2375 467 2437 κόλασις
500 2376 532 2444 ἠ
569 2374 674 2426 ἀπὸ
717 2374 809 2426 τοῦ
844 2375 1050 2428 δικαίου
1097 2374 1284 2446 κριτοῦ
1334 2377 1472 2429 κατὰ
1518 2377 1578 2428 τὸ
1619 2376 1813 2447 μέτρον

247 2466 346 2534 τῆς
399 2464 608 2527 ἀδικίας
668 2465 1001 2536 ἐπαγομένη.
1065 2465 1196 2517 Ἀπὸ
1259 2463 1700 2535 παραδείγματος
1756 2463 1812 2516 δὲ

251 2553 578 2625 σαφέστερον
606 2554 634 2606 δ
672 2554 814 2624 λέγω
862 2557 1146 2625 γενήσεται
1182 2552 1314 2622 (55).
1359 2553 1812 2624 Σημειωσὰμενος

245 2646 277 2696 6
317 2646 498 2715 ίατρὸς
523 2647 582 2698 τὸ
610 2646 936 2716 φλεγμαῖνον
968 2647 1130 2714 μέρος
1165 2646 1256 2696 καὶ
1291 2643 1543 2709 ὓπουλον,
1575 2645 1813 2718 ἐγκρίνει

244 2739 346 2811 τὴν
376 2741 546 2809 τομὴν
579 2737 877 2806 ἀναγκαίαν
907 2733 1041 2788 εἶναι
1071 2735 1147 2806 τῷ
1179 2735 1457 2806 κάμνοντι.
1500 2737 1668 2790 Τοῦτο
1716 2737 1812 2790 θυ-

250 2831 351 2900 μὸν
380 2828 629 2898 ὀνομάζει
668 2829 699 2896 ἡ
738 2827 947 2898 Γραφή.
978 2825 1132 2879 Μετὰ
1157 2826 1212 2879 δέ
1250 2828 1347 2898 τὴν
1377 2829 1468 2880 ἐπὶ
1496 2827 1570 2898 τῷ
1614 2828 1810 2899 βοηθή-

251 2938 379 2990 ματι
413 2919 590 2989 κρίσιν
631 2917 722 2970 τοῦ
765 2917 946 2989 ἰατροῦ
977 2917 1328 2972 ἐπακολουθεῖ
1367 2919 1550 2972 λοιπὸν
1584 2922 1615 2991 ἡ
1662 2920 1811 2991 ἐνέρ-

249 3029 368 3080 γεια
403 3013 480 3073 εἰς
525 3011 681 3081 ἔργον
726 3011 836 3083 (54)
877 3011 1080 3079 ἄγουσα
1125 3011 1192 3064 τὰ
1233 3013 1516 3083 κριθέντα,
1549 3014 1642 3067 καὶ
1670 3016 1697 3067 6
1734 3014 1812 3067 σί-

243 3106 405 3175 δηρος
459 3105 670 3175 τέμνων
719 3107 810 3158 καὶ
862 3106 1052 3176 ὀδύνην
1104 3106 1342 3176 ἐμποιῶν
1396 3107 1473 3175 τῷ
1521 3107 1808 3160 διακοπτο-

247 3192 412 3262 μένῳ.
459 3193 627 3245 Τοῦτο
676 3193 809 3263 ὀργὴ
862 3193 995 3245 Θεοῦ
1045 3193 1373 3264 ὠνόμασται.
1432 3195 1582 3247 Ἐλθὲ
1628 3196 1808 3250 τοίνυν
1835 3229 1875 3286 C

243 3283 338 3335 ἐπὶ
362 3284 422 3336 τὸ
467 3284 840 3353 προκείμενον,
876 3285 968 3336 καίΙ
1013 3285 1262 3357 εὑρήσεις
1291 3287 1351 3339 τὸ
1392 3285 1676 3339 ἀκόλουθον
1706 3287 1807 3358 τῆς

243 3375 470 3438 ἐννοίας.
499 3376 618 3427 Ὅτι
665 3374 808 3443 ὀργὴ
842 3374 910 3427 ἐν
957 3375 1036 3441 τῷ
1083 3378 1243 3447 θυμῷ
1290 3378 1495 3432 αὑτοῦ.
1537 3379 1802 3450 Τιμωρία,

244 3468 384 3521 κατὰ
431 3469 491 3519 τὸ
522 3467 724 3520 δίκαιον
772 3470 942 3538 κρῖμα
995 3469 1090 3523 τοῦ
1143 3469 1296 3523 Θεοῦ·
1337 3470 1464 3537 Ζωὴ
1511 3469 1578 3523 δὲ
1619 3472 1690 3524 ἐν
1726 3472 1806 3538 τῷ

241 3559 528 3627 θελήματι
555 3559 757 3613 αὐτοῦ.
787 3561 851 3613 Τί
891 3557 981 3615 οὖν
1016 3580 1208 3634 φησιν;
1246 3565 1363 3617 Ὅτι
1392 3563 1420 3615 6
1453 3565 1550 3634 μὲν
1597 3564 1738 3618 θέλει
1775 3567 1804 3619 6

241 3649 395 3712 Θεὸς,
423 3649 578 3704 τοῦτό
607 3652 741 3716 ἐστι,
775 3653 981 3716 πάντας
1015 3655 1258 3725 μετέχειν
1287 3655 1451 3708 αὐτοῦ
1489 3658 1586 3729 τῆς
1625 3658 1766 3729 ζωῆς
1786 3676 1798 3689 ·

239 3743 308 3795 τὰ
335 3743 389 3795 δὲ
424 3745 794 3816 περιστατικὰ,
834 3747 953 3816 οὐχὶ
999 3746 1074 3817 τῷ
1117 3747 1378 3818 θελήματι
1428 3750 1592 3802 αὐτοῦ
1648 3752 1800 3822 ἐνερ-

239 3835 438 3902 γεῖται,
481 3835 614 3888 ἀλλὰ
656 3839 721 3906 τῇ
773 3835 897 3906 ἀξία
931 3836 1039 3888 τῶν
1089 3838 1484 3910 ἡμαρτηκότων
1517 3843 1799 3908 ἐπάγεται.

240 3926 351 3997 Τὴν
386 3929 482 3997 μὲν
515 3924 606 3980 οὖν
640 3927 782 3999 ζωὴν
813 3929 841 3979 6
870 3928 1000 3992 Θεὸς
1028 3929 1106 3999 τῷ
1143 3929 1255 4000 ἰδίῳ
1295 3931 1554 4002 θελήματι
1591 3933 1802 4004 ἑκάστῳ

238 4021 543 4090 χαρίζεται,
571 4022 670 4090 τὴν
702 4021 758 4072 δὲ
787 4021 958 4090 ¹ὀργήν
1001 4023 1158 4084 αύτὸς
1203 4023 1431 4085 ἕκαστος
1479 4025 1652 4094 ἐαυτῷ
1702 4025 1797 4096 θη-

239 4110 482 4182 σαυρίζει
511 4111 621 4181 (55)
658 4113 752 4164 Ἐν
796 4112 985 4181 ἡμέρᾳ
1022 4113 1201 4182 ὀργῆς
1241 4115 1337 4166 καὶ
1366 4116 1802 4185 ἀποκαλύψεως

235 4203 336 4256 καὶ
363 4202 788 4271 δικαιοκρισίας
829 4204 933 4258 τοῦ
976 4205 1142 4259 Θεοῦ.
1170 4205 1403 4276 Σύνηθες
1431 4206 1488 4259 δὲ
1514 4211 1579 4279 τῇ
1612 4210 1797 4282 Γραφῇ

236 4295 562 4364 προτάσσειν
606 4296 676 4349 τὰ
720 4297 1017 4369 σκυθρωπά
1060 4298 1166 4351 τῶν
1218 4300 1627 4373 χρηστοτέρων·
1667 4303 1798 4357 διότι

234 4383 400 4452 ἡδίων
427 4385 572 4438 ἐστὶν
610 4387 641 4456 ἡ
675 4387 991 4450 ἀπόλαυσις,
1035 4388 1605 4459 προκαθηγήσαμένων
1633 4393 1798 4462 αὐτῆς

231 4475 345 4531 τῶν
377 4476 708 4530 λυπούντων.
766 4478 912 4546 Ἐγὼ
961 4480 1071 4547 γὰρ
1115 4478 1451 4540 ἀποκτενῶ,
1504 4483 1663 4551 φησὶ,
1699 4485 1798 4537 καὶ

1924 646 2220 699 sanctitatis
2257 642 2416 715 ejus:
2454 648 2556 702 hoc
2599 659 2705 714 est,
2747 649 2963 705 Gratias
3009 654 3169 723 agite.
3213 654 3493 708 Confessio

1922 752 2156 806 namque
2201 739 2288 792 hic
2323 753 2418 808 pro
2453 741 2744 808 gratiarum
2787 743 2998 798 actione
3032 745 3311 811 accipitur.
3355 745 3491 799 Gra-

1928 830 2034 885 tias
2066 832 2229 900 igitur
2264 832 2424 902 agite,
2460 833 2597 901 quod
2639 832 2690 885 in
2729 835 2990 888 memoria
3026 836 3327 890 sanctitatis
3369 836 3483 904 ejus

1922 923 2041 977 sitis
2073 941 2086 977 :
2119 925 2209 993 qui
2254 925 2425 994 prius,
2461 934 2644 995 utpote
2683 926 2943 993 profunda
2988 929 3221 982 immersi
3255 929 3478 993 malitia,

1921 1026 1975 1070 et
2020 1017 2200 1071 carnis
2259 1019 2531 1085 spurcitiis
2584 1018 2953 1080 contaminati,
2996 1020 3049 1071 in
3103 1019 3219 1087 ejus
3262 1022 3348 1089 qui
3390 1035 3484 1074 vos

1927 1108 2170 1162 condidit
2216 1107 2541 1164 oblivionem
2584 1111 2876 1163 veneratis.
2913 1109 3093 1178 Itaque
3137 1112 3202 1165 ad
3243 1112 3488 1166 obtineno

1922 1199 2044 1251 dam
2089 1207 2427 1265 peccatorum
2484 1199 2720 1264 veniam,
2768 1201 2832 1254 de
2879 1201 2960 1255 his
2992 1216 3109 1270 qua:
3142 1213 3297 1256 antea
3329 1218 3357 1254 a
3389 1217 3486 1257 vo-

1922 1289 2006 1344 bis
2034 1304 2138 1344 non
2165 1300 2310 1344 recte
2335 1299 2481 1360 gesta
2513 1302 2637 1345 sunt
2664 1293 3051 1348 confiteamini.
3077 1292 3236 1346 Vens.
3260 1294 3311 1346 6.
3344 1295 3490 1360 Quo-

1920 1384 2061 1436 niam
2108 1384 2188 1436 ira
2227 1385 2280 1436 in
2311 1385 2666 1453 indignatione
2696 1384 2830 1453 ejus,
2864 1396 2912 1438 et
2962 1387 3069 1439 vita
3118 1387 3172 1439 in
3219 1387 3487 1438 voluntate

1920 1477 2057 1544 ejus.
2092 1475 2250 1530 Prius
2303 1475 2454 1530 triste
2501 1477 2753 1545 quiddam
2799 1478 2953 1540 dixit,
2993 1479 3125 1532 iram
3162 1480 3211 1533 in
3245 1480 3486 1549 indigna-

1923 1564 2066 1618 tione
2098 1565 2188 1619 Dei
2227 1586 2238 1619 :
2275 1566 2466 1620 deinde
2510 1567 2710 1634 aliquid
2753 1568 2941 1632 lanius,
2980 1570 3142 1623 vitam
3193 1570 3244 1624 in
3291 1573 3484 1626 volun-

1921 1666 2032 1710 tate
2065 1657 2200 1724 cjus.
2231 1658 2452 1711 Videtur
2481 1657 2728 1728 repetitio
2757 1673 2896 1723 esse,
2928 1660 2993 1714 iis
3025 1663 3113 1730 qui
3150 1662 3483 1731 significato-

1919 1763 2036 1800 rum
2071 1748 2474 1818 intelligentiam
2508 1759 2816 1803 accuratam
2847 1752 3056 1820 assequi
3085 1768 3185 1805 non
3217 1765 3478 1820 possunt:

1918 1838 2348 1906 quandoquidem
2382 1839 2639 1907 propheta
2675 1840 2806 1893 dicit
2853 1842 2984 1894 iram
3026 1857 3145 1896 esse
3177 1843 3227 1895 in
3267 1844 3354 1897 Dei
3395 1846 3480 1897 in-

1919 1928 2249 1999 dignatione,
2281 1929 2436 1999 quasi
2486 1930 2561 1982 ira
2593 1938 2644 1982 et
2679 1931 2971 1999 indignatio
3017 1934 3155 1987 idem
3199 1934 3329 1994 sint.
3358 1951 3478 1989 cum

1920 2028 2094 2075 tamen
2154 2020 2442 2089 plurimum
2500 2020 2771 2075 differant.
2834 2022 3130 2092 Indignatio
3189 2026 3333 2079 enim
3399 2037 3483 2079 est

1911 2110 2168 2179 judicium
2218 2113 2283 2167 de
2327 2112 2622 2182 iuiligendis
2671 2114 2896 2167 merenti
2948 2115 3111 2170 certis
3153 2117 3478 2185 quibusdam

1919 2204 2160 2258 tristibus
2195 2223 2207 2258 :
2239 2205 2317 2259 ira
2369 2220 2493 2259 vero
2547 2206 2697 2259 labor
2748 2215 2802 2260 et
2858 2207 3198 2276 supplicium,
3247 2210 3388 2278 quod
3449 2226 3476 2262 a

1910 2293 2054 2362 justo
2095 2293 2275 2362 judice
2314 2311 2411 2365 pro
2457 2295 2730 2365 injustitise
2778 2313 3027 2352 mensura
3073 2298 3184 2366 jam
3228 2299 3474 2356 infertur.

1915 2382 2063 2449 Quod
2117 2395 2295 2439 autem
2353 2386 2508 2449 dico,
2565 2386 2617 2440 id
2673 2389 2917 2456 exemplo
2978 2391 3313 2446 manifestius
3362 2395 3474 2448 fiet.

1914 2472 2149 2529 Medicus
2198 2474 2244 2529 si
2289 2489 2447 2545 quam
2482 2485 2688 2545 partem
2738 2478 3159 2536 inﬂammatione
3202 2483 3474 2549 affectam.

1913 2574 1967 2618 et
2011 2565 2163 2620 sanie
2208 2568 2414 2621 occulta
2453 2567 2704 2623 refertam
2739 2571 3126 2638 observaverit,
3158 2575 3474 2632 incisionem

1907 2655 2115 2724 judicat
2139 2671 2257 2712 esse
2287 2660 2567 2728 mgrotanti
2601 2664 2981 2717 necessariam.
3026 2664 3158 2720 illud
3198 2667 3473 2737 Scriptura

1914 2747 2331 2815 indignationem
2374 2758 2548 2804 vocat.
2586 2750 2689 2805 Sed
2728 2763 2849 2821 post
2899 2755 3162 2821 prolatam
3198 2773 3226 2810 a
3263 2760 3476 2814 medico

1911 2838 1976 2892 de
2009 2836 2279 2892 afferendo
2322 2839 2559 2894 remedio
2603 2843 2944 2909 sententiam,
2976 2846 3117 2900 actio
3149 2847 3362 2900 tandem
3395 2864 3477 2904 se-

1911 2932 2112 3000 quitur,
2147 2945 2250 2999 qua
2287 2932 2429 3000 quod
2468 2931 2744 2986 decretum
2780 2944 2860 2990 est
2897 2935 3191 3005 perficitur,
3241 2938 3474 2993 ferrqu-

1911 3039 2035 3092 que,
2064 3025 2204 3093 quod
2245 3025 2453 3089 incidit,
2484 3034 2538 3079 et
2566 3026 2801 3082 dolorem
2851 3031 2990 3098 parit
3029 3033 3343 3090 incisionem
3378 3051 3475 3105 pa-

1913 3115 2084 3180 tienti,
2125 3115 2427 3173 adhibetur.
2477 3117 2606 3173 lllud
2646 3119 2722 3173 ira
2762 3120 2852 3174 Dei
2884 3122 3202 3191 appellatum
3237 3138 3337 3181 est.
3373 3127 3473 3180 Ve-

1911 3205 2028 3260 nias
2056 3221 2182 3276 ergo
2211 3208 2276 3260 ad
2306 3209 2653 3276 propositum,
2689 3221 2742 3265 et
2781 3211 2940 3283 hujus
2967 3216 3245 3270 sententiae
3279 3233 3472 3273 conse-

1912 3295 2182 3363 quentiam
2236 3295 2494 3351 invenies.
2551 3297 2811 3362 Quoniam
2867 3303 2947 3356 ira
2997 3305 3049 3357 in
3113 3307 3473 3377 indignatione

1911 3385 2044 3455 ejus.
2084 3386 2270 3452 Poena,
2300 3389 2592 3442 secundum
2639 3390 2843 3455 juStum
2876 3393 2967 3448 Dei
3013 3396 3312 3464 judicium:
3352 3397 3472 3454 Vita

1913 3486 2038 3525 vero
2068 3472 2121 3524 in
2152 3471 2415 3527 voluntate
2447 3474 2578 3542 ejus.
2621 3477 2757 3542 Quid
2792 3495 2919 3549 ergo
2943 3480 3108 3535 dicit?
3139 3482 3289 3550 Quod
3325 3486 3471 3541 Deus

1911 3560 2040 3628 vult,
2071 3567 2170 3617 hoc
2209 3578 2348 3628 esse,
2379 3575 2436 3618 ut
2469 3568 2590 3622 vitae
2627 3571 2742 3639 ejus
2785 3571 2894 3625 sint
2937 3576 3227 3645 participes
3257 3594 3466 3635 omnes.

1909 3650 2042 3704 Mala
2094 3661 2266 3706 autem
2318 3669 2422 3709 non
2471 3656 2587 3725 ejus
2637 3661 2912 3717 voluntate
2961 3665 3115 3730 fiunt,
3151 3670 3246 3723 sed
3275 3673 3472 3725 merito

1909 3756 2091 3796 eorum
2115 3745 2204 3814 qui
2266 3760 2622 3814 peccaverunt
2682 3754 3002 3812 inferuntur.
3065 3759 3240 3814 Vitam
3306 3762 3471 3830 igitur

1909 3834 2102 3903 cuique
2142 3835 2277 3890 Deus
2327 3840 2542 3906 propria
2589 3841 2863 3899 voluntate
2911 3847 3094 3901 tribuit
3127 3865 3140 3900 :
3174 3847 3306 3903 iram
3341 3866 3470 3906 vero

1908 3927 2006 3980 sibi
2044 3929 2268 3996 quisque
2310 3934 2548 3998 congerit
2575 3933 2642 3985 In
2675 3936 2758 3988 die
2798 3939 2915 4002 ἕνα»,
2947 3950 2993 3991 et
3033 3941 3385 4008 reuelationis,
3417 3955 3468 4000 et

1899 4016 2032 4086 justi
2072 4017 2262 4087 judicii
2295 4018 2392 4074 Dei
2424 4021 2489 4076 ³⁸.
2539 4022 2735 4080 Tristia
2771 4036 2952 4082 autem
3007 4041 3131 4085 ante
3180 4050 3268 4089 res
3321 4036 3469 4092 laetas

1907 4111 2164 4168 collocare
2192 4113 2328 4170 solet
2359 4114 2659 4186 Scriptura,
2693 4131 2976 4190 propterea
3009 4125 3150 4192 quod
3184 4127 3466 4183 delectatio

1901 4203 2183 4270 jucundior
2219 4216 2334 4270 est,
2380 4217 2523 4272 tum,
2565 4224 2684 4264 cum
2726 4227 2846 4280 qua:
2885 4227 3168 4268 mmrorcm
3213 4216 3464 4286 aderunt,

1908 4294 2075 4362 ipsam
2130 4307 2537 4363 prmccsserunt.
2587 4299 2696 4368 Ego
2752 4302 2920 4368 enim,
2962 4305 3152 4375 inquit,
3209 4311 3463 4377 occidam,

1904 4395 1951 4438 et
1986 4388 2148 4440 uiuere
2180 4387 2369 4454 faciam
2406 4388 2471 4441 ³⁸.
2507 4387 2832 4448 Beneficium
2869 4410 3026 4463 pceua
3064 4408 3147 4451 est
3178 4403 3462 4468 posterius.

1904 4475 2225 4540 Percutiam,
2257 4485 2306 4530 et
2347 4495 2439 4549 ego
2471 4482 2667 4538 sonabo
2695 4484 2757 4535 ³¹.
2792 4485 2906 4553 Ipse
2939 4487 3081 4540 enim
3122 4489 3276 4545 affert
3316 4494 3465 4547 dolo-

231 4565 342 4635 ζῇν
393 4565 641 4631 ποιήσω.
695 4567 933 4638 Δευτέρα
979 4570 1010 4637 ὴ
1064 4569 1348 4638 εὐεργεσία
1407 4569 1542 4639 μετὰ
1587 4573 1684 4644 τὴν
1719 4577 1809 4630 κό-
1840 4586 1913 4644 D'

1780 4581 1809 4621 μ
1840 4589 1884 4644 Ι)
1910 4583 2043 4632 rem,
2075 4577 2128 4622 et
2179 4584 2365 4625 rursus
2411 4583 2619 4628 recreat
2658 4593 2672 4629 :
2710 4579 2991 4644 percussit,
3021 4588 3074 4633 et
3116 4596 3309 4638 manus
3349 4584 3462 4653 ejus

230 4657 406 4708 λασιν.
432 4655 698 4721 Πατάξω,
740 4656 900 4726 κάγὼ
957 4657 1216 4726 ἰάσομαι.
1259 4659 1429 4722 Αὐτὸς
1475 4661 1582 4732 γὰρ
1615 4664 1799 4734 ἀλγεῖν

229 4747 410 4809 ποιεῖ,
457 4746 551 4799 καὶ
602 4749 765 4802 πάλιν
813 4749 1269 4822 ἀποκαθίστησιν·
1321 4752 1539 4818 ἔπαισε,
1594 4758 1687 4809 καὶ
1742 4762 1798 4812 αί

229 4841 412 4908 χεῖρες
452 4837 615 4891 αύτοῦ
662 4840 898 4896 ίάσαντο.
953 4841 1328 4913 Προλαμόἀνει
1374 4846 1441 4898 τὰ
1495 4848 1794 4912 κακοῦντα,

229 4931 318 4982 ἵνα
355 4931 716 5003 μονιμώτεραι
753 4933 882 5002 ἡμῖν
913 4936 969 4986 αί
1004 4935 1220 5005 χάριτες
1245 4936 1524 5004 γένωνται,
1558 4941 1796 5011 σφοδρῶς

226 5013 680 5091 ἀντιποιηθέντων
731 5024 885 5095 ἡμῶν
920 5026 1019 5095 τῆς
1071 5026 1314 5096 φυλακῆς
1363 5027 1468 5080 τῶν
1514 5029 1792 5086 δοθέντων.

231 5111 304 5166 Τὸ
332 5112 595 5180 ἑσπέρας
632 5114 1070 5182 αὐλισθήσεται
1103 5118 1432 5187 κλαυθμὸς,
1479 5121 1576 5174 καὶ
1611 5124 1696 5187 εἰς
1730 5123 1794 5174 τὸ

222 5205 372 5270 πρωὶ
406 5205 785 5276 ἀγαλλίασις.
805 5207 1083 5280 Μνήσθητι
1112 5209 1204 5262 τοῦ
1234 5210 1421 5282 καιροῦ
1453 5210 1543 5262 τοῦ
1576 5213 1715 5265 κατὰ
1742 5213 1801 5266 τὸ

294 5293 340 5325 ³ο
365 5294 518 5353 Rom.
546 5315 604 5363 ιι,
638 5299 690 5353 5.
765 5300 806 5330 "
828 5301 979 5355 Deut.
1012 5317 1182 5366 xxx",
1217 5303 1305 5357 59.
1379 5302 1422 5332 δ’
1452 5303 1581 5357 ibid.

318 5387 616 5468 5|)“Editio
648 5391 817 5448 Paris.
860 5394 1197 5468 μολύνεσθαι.
1227 5398 1291 5468 At
1315 5412 1445 5451 mss.
1479 5399 1780 5468 ἐμμολύνε-

220 5457 367 5512 σθαι.
411 5459 539 5535 _Mox_
571 5470 678 5516 tres
708 5480 835 5518 mss.
860 5457 1347 5535 ἐξομολογήσασθε.
1383 5457 1583 5521 ibidem
1624 5472 1776 5526 Colb.

219 5528 488 5604 secundus
518 5528 1097 5604 Opiv_1rsrtpa7jt€vwv.

295 5599 406 5673 (.53)
432 5599 586 5673 Deest
619 5599 755 5656 εἶναι
780 5599 840 5673 in
862 5599 1125 5673 aliquibus
1157 5619 1265 5657 mss

293 5668 407 5741 (55)
434 5667 531 5723 Ubi
554 5685 802 5741 corrupte
833 5667 1022 5740 legitur
1057 5678 1108 5728 in
1128 5674 1363 5730 editione
1389 5689 1568 5731 nostra
1607 5678 1778 5735 Paris.

231 5737 363 5789 Ἀπὸ
408 5737 841 5821 παραδείγματος
883 5737 942 5821 δὲ
987 5745 1382 5821 ἀσαφέστερον
1412 5748 1438 5798 ὃ
1461 5749 1599 5817 λέγω
1621 5754 1780 5821 γενή-

218 5823 396 5883 σεται,
428 5811 681 5883 scriptqu
711 5814 986 5883 invenitur
1033 5817 1086 5867 iu
1142 5811 1414 5883 aliquibus
1457 5811 1581 5872 mss.
1632 5811 1776 5874 ’Άτὲὸ

217 5877 661 5947 παραδείγματος
701 5882 753 5932 δὲ
791 5884 1112 5952 σαφέστερον
1139 5886 1186 5946 ὃ,
1227 5877 1348 5947 étc.,
1391 5886 1440 5938 in
1494 5887 1624 5956 Reg.
1655 5907 1778 5946 vero

1907 4673 2251 4718 sanaverunt.
2286 4666 2616 4724 Antecedunt
2651 4671 2810 4736 mala,
2844 4688 2947 4742 quo
2985 4674 3144 4746 128
3183 4677 3333 4732 nobis
3369 4680 3461 4734 bc-

1905 4755 2095 4810 neticia
2145 4759 2416 4815 stabiliora
2463 4762 2594 4816 fiant
2646 4775 2804 4833 atque
2855 4766 3111 4835 ﬁrmiora,
3147 4772 3338 4841 quippe
3369 4775 3459 4841 qui

1905 4855 2033 4901 tunc
2090 4863 2411 4918 magnopere
2459 4853 2580 4907 data
2631 4857 3010 4912 custodiamus.
3063 4861 3142 4911 Ad
3198 4879 3460 4926 vesperum

1903 4935 2261 4991 demorabitur
2298 4942 2470 5007 ﬂetus,
2501 4953 2548 4994 et
2580 4945 2648 4997 ad
2689 4948 3002 5001 matutinum
3045 4950 3249 5007 Ia’titia.
3281 4953 3462 5008 Remi-

1905 5028 2111 5082 niscere
2163 5033 2413 5100 temporis
2465 5036 2733 5103 passionis
2784 5038 3015 5105 Domini,
3069 5051 3124 5094 et
3175 5047 3459 5101 verborum

1902 5125 2142 5182 invenies
2174 5127 2599 5199 intelligentiam.
2627 5134 2705 5187 Ad
2739 5150 3012 5205 vesperam
3047 5141 3188 5194 enim
3218 5144 3462 5198 demora-

1911 5225 1993 5271 tus
2024 5229 2103 5274 est
2136 5219 2292 5277 ﬂetus
2339 5225 2387 5276 in
2434 5223 2642 5280 Domini
2677 5228 2972 5298 discipulis,
3004 5247 3122 5286 cum
3163 5250 3283 5288 eum
3316 5238 3462 5290 vide-

1890 5404 2046 5491 tertio
2090 5405 2219 5458 Ἀπὸ
2241 5408 2679 5491 παραδείγματος
2704 5414 2757 5491 δέ
2791 5414 2817 5466 ὂ
2844 5411 2985 5482 λεγω
3015 5421 3341 5490 σαφέστερον
3367 5439 3458 5491 γε·

1888 5475 2105 5541 νήσεται
2135 5493 2149 5506 ·
2202 5493 2264 5530 ex
2296 5475 2400 5546 quo
2443 5475 2590 5534 vario
2641 5475 2924 5538 verborum
2972 5475 3159 5543 ordine
3212 5475 3452 5547 οὖτοι-δίη

1893 5547 2239 5620 ιγροξιιιψιιίε
2266 5550 2531 5616 objectum
2559 5571 2678 5606 esse
2706 5554 3066 5620 su~picamur.

1961 5613 2069 5694 (54)
2101 5615 2232 5694 Reg.
2263 5613 2529 5675 secundus
2561 5627 2637 5688 είς
2664 5624 2718 5675 ἓν
2737 5613 2916 5694 ἔργον.
2948 5630 3070 5683 Mox
3090 5631 3251 5686 editio
3279 5632 3447 5688 Paris.

1888 5683 1915 5734 ὁ
1937 5683 2353 5753 τέμνων.1)ερει
2385 5683 2643 5749 articulus
2678 5697 2726 5748 in
2761 5683 2888 5750 iuss.

1962 5756 2076 5845 (5.51
2109 5757 2298 5811 Nostra
2332 5762 2493 5818 editio
2527 5763 2698 5820 Paris.
2732 5764 3104 5841 θησαυρίζειν.
3126 5775 3192 5829 At
3217 5793 3340 5830 mss.
3365 5777 3453 5848 θη-

1885 5827 2146 5892 σαυρίζει.
