4260 6502
791 407 899 460 515

2131 403 2187 455 S.
2233 399 2476 454 BASlLll
2516 398 2732 452 MAGNI

3929 393 4036 452 516

795 530 913 574 rent
939 521 990 574 in
1019 533 1178 574 cruce
1208 518 1526 588 pendentem
1567 537 1579 573 :
1616 519 1679 573 ad
1725 519 2042 572 matutinum
2073 534 2198 572 vero
2220 519 2359 574 laati-
2391 525 2434 579 Α
2466 536 2477 570 1

2349 549 2359 560 -
2391 525 2434 579 Α
2466 518 2635 579 πάθος
2662 516 2754 569 τοῦ
2805 515 3032 587 Κυρίου,
3066 516 3159 568 καὶ
3203 514 3310 586 (56)
3367 517 3615 586 εὑρήσεις
3649 515 3717 568 τά
3767 515 4031 586 σημαινό-

797 611 892 674 tia,
925 626 1045 664 cum
1076 619 1194 678 post
1223 611 1665 664 resurrectionem
1697 619 1997 668 currere-ut,
2032 625 2093 662 ac
2121 607 2354 664 faustum

796 703 942 755 illum
988 705 1232 756 nuntium
1266 719 1373 765 quo
1408 701 1663 755 Dominus
1697 701 1847 753 visus
1875 701 2042 755 fuisse
2076 704 2356 756 nuntiaba-

795 803 904 856 tur,
939 793 1040 846 sibi
1082 795 1308 845 invicem
1355 808 1472 846 eum
1523 793 1716 861 gaudio
1761 790 2051 845 deferrent.
2084 792 2188 845 Ant
2223 792 2356 847 forte

792 884 953 938 etiam
987 885 1036 936 in
1072 886 1402 946 universum,
1433 899 1655 952 vespera
1707 883 1958 938 smeulum
1996 885 2094 937 hoc
2138 884 2352 947 dicitur,

795 974 846 1026 in
884 990 990 1042 quo
1031 976 1121 1041 qui
1175 975 1326 1027 beate
1359 973 1623 1033 ﬂeverint,
1657 972 1971 1025 adveniente
2017 975 2352 1038 postmodum

795 1065 1084 1130 matutino,
1117 1066 1539 1119 consolationem
1588 1064 1872 1133 accipient.
1901 1063 2053 1116 Beati
2097 1068 2231 1116 enim
2271 1069 2358 1134 qui

793 1156 1013 1226 lugent;
1064 1161 1310 1225 quoniam
1362 1159 1462 1224 ipsi
1523 1157 1928 1212 consolabuntur
1963 1158 2027 1211 ³³.
2074 1158 2224 1211 Beati
2274 1162 2360 1227 qui

793 1250 937 1318 ﬂent,
971 1251 1218 1317 quoniam
1249 1251 1348 1316 ipsi
1377 1249 1614 1304 ridebunt
1646 1251 1712 1305 “.
1745 1248 1843 1315 Qui
1870 1249 2030 1318 igitur
2057 1250 2173 1304 dies
2204 1249 2360 1316 hujus

794 1339 974 1391 sazculi
1030 1337 1142 1405 jam
1196 1341 1711 1394 consummationem
1775 1340 2119 1409 attingentis,
2181 1350 2234 1393 et
2293 1342 2357 1392 ad

795 1446 950 1484 suum
985 1447 1234 1486 occasum
1268 1433 1554 1500 vergentis,
1587 1432 1638 1485 in
1685 1431 1953 1500 plorandis
1984 1433 2218 1501 peccatis
2249 1432 2361 1486 suis

801 1523 1240 1590 absumpserunt,
1262 1525 1310 1577 lii
1340 1540 1467 1578 vero
1497 1525 1586 1578 illo
1610 1523 1872 1576 matutino
1893 1523 2209 1576 adveniente
2238 1539 2362 1592 gau-

795 1614 1019 1669 debunt.
1075 1613 1179 1678 Qui
1222 1617 1358 1669 enim
1406 1617 1660 1668 reininattt
1712 1631 1848 1668 nunc
1898 1616 1950 1666 in
2001 1615 2265 1684 lacrymis,
2305 1619 2357 1668 in

793 1704 1138 1757 exsultatione
1166 1715 1351 1757 nictent
1383 1705 1446 1768 ³⁸,
1489 1707 1738 1758 nimirum
1771 1706 1820 1756 in
1854 1703 2032 1758 futuro
2068 1705 2285 1758 smculo.

2464 625 2618 679 μενα.
2659 606 2927 678 Ἐσπέρας
2971 605 3079 674 γάρ
3122 605 3346 676 ηὐλίσθη
3381 606 3652 676 κλαυθμὸς
3691 609 3804 668 τοῖς
3856 605 4033 674 μαθη-

2460 703 2575 760 ταῖς
2611 698 2701 750 τοῦ
2731 699 2954 768 Κυρίου,
2982 698 3067 749 ὅτε
3099 696 3322 748 ἔϐλεπον
3359 696 3515 748 αὑτὸν
3550 697 3638 747 ἐπὶ
3662 694 3753 747 τοῦ
3799 695 4032 766 στανροῦ

2461 791 2839 861 κρεμάμενον’
2873 788 2930 840 τὸ
2961 788 3015 840 δὲ
3051 788 3196 858 πρωὶ
3234 787 3565 854 ἀγαλλίασις,
3608 789 3695 839 ὅτε
3751 786 3889 857 μετά
3936 788 4032 856 τὴν

2459 883 2750 934 ἀνάστασιν
2796 881 3064 950 διέτρεχον
3116 878 3252 948 μετά
3296 880 3467 948 χαρᾶς
3515 877 3759 947 ἀλλήλοις
3801 878 4032 939 stam;

2457 976 2525 1026 τὰ
2577 973 2864 1040 εὐαγγέλια
2913 972 3010 1041 τῆς
3063 970 3325 1032 ὀπτασίας
3369 969 3460 1022 τοῦ
3511 970 3735 1039 Κυρίου.
3780 971 3847 1022 Ἦ
3895 970 4030 1038 τάχα

2466 1067 2558 1118 καὶ
2599 1065 2898 1127 καθολικῶς
2938 1063 3138 1135 ἑσπέρα
3165 1066 3191 1116 ὁ
3224 1062 3354 1115 αἰὼν
3383 1054 3534 1125 οὗτος
3567 1061 3800 1129 λέγεται,
3835 1063 3889 1112 ἐν
3917 1055 3959 1127 ᾧ
3985 1062 4030 1111 οἱ

2468 1159 2747 1227 μακαρίως
2778 1156 3127 1216 κλαύσαντες,
3166 1155 3262 1225 τῆς
3303 1155 3512 1225 πρωίας
3543 1152 3896 1221 ἐπελθούσης,
3929 1170 4026 1204 πα-

2469 1249 2914 1319 ρακληθήσονται.
2952 1245 3237 1313 Μακάριοι
3267 1247 3372 1315 γὰρ
3415 1248 3468 1298 οὶ
3516 1244 3898 1308 πενθοῦντες,
3945 1245 4031 1294 ὅτι.

2465 1340 2630 1390 αὐτοὶ
2675 1337 3258 1406 παρακληθήσονται.
3292 1339 3572 1404 Μακάριοι
3601 1340 3652 1389 οὶ
3695 1336 4030 1400 κλαίοντες,

2464 1430 2550 1482 ὅτι
2577 1430 2743 1483 αὐτοὶ
2784 1430 3156 1497 γελάσουσιν
3186 1429 3318 1499 (57).
3347 1433 3408 1481 υἱ
3441 1426 3531 1482 οὖν
3561 1429 3656 1491 τας
3693 1427 3907 1498 ἡμέρας
3937 1427 4030 1478 τοῦ

2460 1523 2656 1584 αἰῶνος
2701 1521 2888 1574 τούτου
2933 1523 3024 1574 ἐπὶ
3059 1521 3336 1591 συντελείᾳ
3385 1522 3482 1591 ἤδη
3530 1522 3715 1584 ὄντος,
3766 1521 3859 1573 καὶ
3898 1518 4033 1589 1:95;

2459 1615 2555 1678 τάς
2604 1614 2794 1667 ἑαυτοῦ
2837 1614 3042 1683 δυσμὰς
3091 1615 3470 1678 ἀποκλίνοντος
3511 1614 3644 1683 (58),
3688 1616 3744 1666 ὲν
3788 1613 3863 1684 τῷ
3900 1613 4034 1663 ἀπο-

2461 1707 2666 1760 κλαίειν
2717 1706 2816 1768 τὰς
2869 1708 3082 1758 ἑαυτῶν
3135 1709 3403 1778 ἁμαρτίας
3452 1707 3833 1776 διαγαγόντες,
3889 1700 4034 1758 οὖτοι

792 1796 892 1864 τῆς
928 1795 1184 1864 ἀληθινῆς
1214 1797 1426 1868 ἐκείνης
1463 1797 1672 1867 πρωίας
1704 1798 2030 1867 ἐπελθούσης
2073 1798 2506 1864 ἀγάλλιάσονται.
2558 1803 2620 1853 Οἱ
2655 1801 3007 1867 σπείροντες
3048 1799 3154 1868 γὰρ
3189 1801 3256 1852 ἐν
3288 1799 3540 1868 δάκρυσι
3574 1799 3707 1864 νῦν,
3741 1798 3810 1850 ἐν
3845 1799 4029 1866 ἀγαλ-

792 1892 990 1947 λιάσει
1039 1893 1334 1960 θεριοῦσι⁸
1385 1891 1582 1963 δηλαδὴ
1635 1891 1771 1963 πρὸς
1805 1892 1864 1944 τὸ
1930 1891 2139 1960 μέλλον.

865 1984 919 2038 5.
965 1982 1125 2038 Vens.
1165 1985 1214 2037 7.
1256 1983 1369 2054 Ego
1401 1993 1573 2038 autem
1610 1985 1721 2038 dixi
1757 1987 1808 2038 in
1846 1984 2173 2037 abundantia
2223 2001 2355 2049 mea,
2392 2000 2432 2052 Β
2532 1986 2547 2039 Ξ

2349 2000 2432 2052 ,Β
2532 1986 2584 2039 5.
2640 1987 2786 2055 Ἐγὼ
2819 1985 2888 2038 δὲ
2941 1982 3079 2039 εἶπα
3133 1986 3200 2037 ἐν
3232 1984 3307 2051 τῇ
3337 1986 3581 2052 εὐθηνίᾳ
3623 2001 3763 2053 μου⁶
3818 1989 3902 2040 Οὐ
3948 1984 4031 2054 μὴ

796 2073 921 2129 Νοη
971 2077 1207 2130 movebar
1251 2077 1303 2129 in
1355 2086 1628 2128 wternum.
1665 2075 2124 2141 Quemadmodum
2169 2092 2353 2130 earum

792 2184 974 2223 rerum
1026 2185 1146 2237 quae
1192 2170 1243 2221 in
1293 2167 1408 2221 loro
1453 2167 1754 2223 vendantur
1798 2167 1973 2236 c0pia,
2005 2167 2238 2221 civitatis
2277 2179 2360 2223 est

797 2262 1152 2323 abundantia,
1172 2270 1219 2314 et
1248 2257 1696 2329 quemadmodum
1727 2260 2000 2328 regionem
2029 2275 2148 2329 quae
2173 2259 2358 2314 fructi-

795 2352 894 2406 bus
932 2352 1111 2407 multis
1154 2352 1350 2407 referta
1401 2361 1503 2418 est,
1536 2352 1810 2406 abundare
1862 2353 2092 2408 dicimus
2126 2372 2139 2407 :
2173 2354 2252 2408 sic
2305 2362 2357 2405 et

794 2444 988 2498 animae
1038 2447 1279 2513 quaedam
1333 2453 1417 2497 est
1472 2443 1830 2508 abundantia,
1881 2445 2004 2497 dum
2055 2445 2356 2514 omnigenis

793 2535 1046 2604 operibus
1089 2536 1290 2604 repleta
1329 2545 1412 2589 est
1442 2553 1454 2588 :
1485 2550 1646 2604 quam
1683 2537 1910 2604 primum
1943 2536 2160 2604 quidem
2193 2537 2357 2589 multo

794 2643 920 2682 cum
948 2626 1133 2682 labore
1160 2628 1332 2682 excoli
1363 2638 1595 2697 oportet,
1629 2637 1845 2697 tumque
1878 2630 2024 2683 uberi
2056 2630 2356 2685 caelestium

794 2735 1054 2788 aquarum
1101 2720 1412 2790 irrigatione
1454 2722 1714 2793 saginari,
1747 2722 1882 2776 adeo
1911 2732 1963 2775 ut
1997 2722 2228 2776 fructum
2264 2723 2360 2775 tri-

793 2811 1076 2877 cesimum,
1107 2821 1199 2863 aut
1249 2813 1665 2882 sexagesimum,
1696 2823 1786 2866 aut
1827 2813 2181 2867 centesimum
2233 2811 2359 2866 aﬂ'ev

794 2914 877 2956 rat
911 2904 978 2967 ³⁸,
1014 2919 1077 2957 ac
1107 2905 1533 2958 benedictionem
1580 2905 1818 2958 obtineat
1850 2907 2112 2960 dicentem
2147 2926 2159 2960 :
2193 2906 2359 2960 Bene-

795 2997 950 3048 dicta:
1005 2995 1266 3064 apotheca:
1316 3004 1439 3061 tum,
1472 3004 1520 3048 et
1558 2995 1789 3064 reliquie:
1823 3005 1924 3049 tua:
1953 2996 2016 3050 ³⁷.
2056 2995 2188 3050 Nam
2237 3012 2350 3051 cono

795 3086 1004 3140 stantiie
1052 3100 1162 3140 suae
1214 3087 1302 3154 qui
1357 3087 1607 3140 conscius
1660 3096 1763 3151 est,
1815 3087 1957 3140 dicet
2001 3087 2354 3148 conﬁdenter,

795 3178 1183 3247 ailirmabitque
1215 3178 1348 3240 fore,
1382 3189 1438 3231 ut
1474 3179 1540 3230 ab
1586 3180 1894 3232 adversario
1926 3194 2028 3235 non
2062 3190 2354 3246 evertatur,

797 3269 941 3322 velut
973 3283 1100 3334 ager
1127 3267 1333 3337 plenus,
1363 3268 1447 3320 cui
1478 3268 1748 3321 benedixit
1780 3268 2050 3322 Dominus.
2097 3269 2260 3323 Vnus.
2298 3271 2352 3324 8.

2464 2078 2738 2131 σαλευθῶ
2785 2079 3010 2144 εἰς.τύν
3043 2077 3247 2131 αἰῶνα.
3279 2077 3485 2146 Ὥσπερ
3530 2077 3732 2140 πόλεώς
3763 2079 3908 2130 ἐστιν
3945 2081 4034 2130 εύ-

2465 2170 2620 2240 θηνία
2651 2173 2683 2240 ἡ
2736 2173 2840 2223 τῶν
2877 2172 3049 2224 ὠνίων
3102 2173 3220 2223 κατ’
3247 2170 3448 2240 ἀγοράν
3483 2169 3710 2237 ἀφθονία
3749 2170 3896 2238 (59),
3945 2172 4035 2222 καὶ

2464 2264 2644 2336 χώραν
2665 2265 3001 2334 εὐθηνεῖσθαι
3025 2265 3258 2335 λέγομεν
3282 2265 3378 2334 τὴν
3407 2263 3630 2326 πολλοὺς
3650 2264 4034 2333 εύφορήσασαν

2461 2356 2586 2417 τοὺς
2629 2353 2900 2425 καρπούς·
2937 2354 3077 2408 οὕτω
3116 2357 3208 2407 καὶ
3251 2355 3349 2425 τῆς
3382 2353 3491 2422 (60)
3537 2353 3713 2423 ψυχῆς
3757 2353 3842 2416 τίς
3887 2355 4036 2406 ἐστιν

2463 2445 2683 2514 εὑθηνία
2719 2445 2814 2515 τῆς
2850 2444 3281 2515 πεπληρωμένης
3322 2441 3678 2496 παντοδαπῶν
3719 2440 3895 2510 ἔργων
3918 2458 3930 2469 ·
3971 2442 4035 2509 ἣν

2466 2534 2677 2604 πρῶτον
2729 2535 2824 2605 μὲν
2859 2535 3236 2606 γεωργηθῆναι
3282 2535 3362 2588 δεῖ
3394 2534 3721 2602 φιλοπόνως,
3770 2533 3863 2585 καὶ
3913 2531 4036 2583 τότε

2463 2629 2581 2688 ταῖς
2615 2628 2861 2694 ἀφθόνοις
2884 2629 2989 2680 τῶν
3017 2629 3278 2698 οὐρανίων
3313 2628 3518 2681 ύδάτων
3545 2627 3848 2699 ἐπιρροίαις
3880 2643 4037 2677 πιαν-

2467 2718 2644 2789 θῆναιν
2675 2717 2811 2770 ὥστε
2843 2721 3258 2790 καρποφορῆσαι
3289 2722 3344 2772 ὲν
3367 2719 3677 2792 τριάκοντα,
3709 2719 3801 2770 καὶ
3833 2720 3890 2769 ἐν
3921 2718 4039 2785 ἑξήο

2466 2829 2649 2873 κοντα,
2681 2812 2772 2864 καὶ
2813 2813 2868 2862 ὲν
2901 2813 3108 2875 ἑκατὸν,
3157 2815 3250 2864 καὶ
3295 2818 3478 2883 τυχεῖν
3517 2815 3614 2882 τῆς
3649 2812 3903 2879 εὐλογίας
3937 2813 4036 2880 τῆς

2465 2905 2724 2974 λεγούσης
2747 2921 2760 2933 ⁵
2793 2904 3199 2972 Εὑλογημέναι
3225 2908 3282 2956 ai
3323 2905 3620 2971 ἀποθῆκαί
3659 2922 3798 2970 σου,
3834 2905 3932 2956 καὶ
3965 2903 4036 2955 τὰ

2462 2992 2973 3064 ἐγκαταλείμμαεά
3030 3009 3164 3046 σου.
3208 2993 3265 3043 '0
3333 2988 3424 3044 οὖν
3484 2992 3868 3060 αἰσθανόμενος
3924 2990 4034 3058 (61)

2465 3091 2561 3159 τῆς
2596 3089 2790 3142 ἑαυτοῦ
2828 3088 3192 3159 βεϐαιότητος,
3222 3083 3555 3146 πεποιθότως
3573 3084 3704 3154 ἐρεῖν
3736 3084 3829 3134 καὶ
3859 3083 4036 3135 διαδε·

2465 3179 2757 3232 ϐαιώσεται
2792 3181 2862 3250 μὴ
2892 3178 3292 3248 περιτραπῆναι
3325 3176 3433 3243 (69.)
3475 3174 3579 3227 ὑπὸ
3612 3173 3705 3225 τοῦ
3734 3174 4036 3240 ἀνταγωνι-

2466 3273 2715 3342 ζομένου,
2742 3274 2813 3336 ὡς
2846 3274 3012 3345 ἀγρὸς
3052 3271 3283 3342 πλήρης,
3326 3269 3384 3323 ὃν
3410 3266 3701 3337 εὐλόγησεν
3738 3269 3764 3318 ὁ
3799 3266 4029 3336 Κύριος·

798 3357 1042 3420 Domine,
1066 3361 1119 3410 in
1159 3358 1425 3411 uoluntate
1453 3367 1544 3411 tua
1573 3359 1862 3424 prteslilisti
1893 3359 2066 3412 decori
2097 3377 2207 3412 meo
2247 3362 2356 3412 vir-
2386 3365 2427 3420 C
2463 3368 2480 3416 ι

2352 3365 2427 3420 ’(3
2463 3366 2659 3429 Κύριε,
2698 3364 2765 3414 ἐν
2808 3362 2886 3426 τῷ
2937 3361 3221 3429 θελήματι
3272 3376 3386 3412 σου
3439 3357 3745 3425 παρέσχου
3798 3355 3908 3426 (65)
3958 3354 4034 3419 τῷ

797 3461 976 3504 intem.
1004 3449 1058 3504 ln
1091 3450 1459 3521 investiganda
1494 3451 1747 3503 virtutum
1780 3450 1984 3505 ratione
2009 3451 2094 3520 qui
2123 3466 2180 3506 se
2206 3465 2361 3504 exer-

797 3555 979 3606 cuere,
1009 3541 1140 3595 alias
1160 3541 1376 3609 quidem
1405 3543 1626 3595 virtutes
1654 3542 1908 3596 dixerunt
1939 3556 2003 3596 ex
2036 3543 2364 3613 contempla-

799 3635 1038 3688 tionibus
1065 3645 1338 3695 constare,
1369 3633 1502 3686 alias
1530 3649 1657 3687 vero
1690 3635 1821 3688 sitas
1846 3651 1950 3689 non
1981 3650 2101 3690 esse
2146 3637 2197 3689 in
2230 3652 2361 3690 con-

799 3728 1146 3796 templatione
1177 3744 1191 3780 :
1219 3727 1365 3782 verbi
1408 3727 1603 3796 gratia,
1651 3729 1988 3795 prudentiam
2037 3730 2250 3796 quidem
2293 3746 2360 3783 ex

797 3819 1339 3886 contemplationibus
1370 3826 1639 3882 constare,
1672 3833 1794 3872 eum
1828 3818 1893 3872 de
1927 3819 2080 3874 bonis
2116 3834 2178 3873 ac
2211 3820 2363 3875 malis

801 3910 977 3976 agitur
1008 3926 1019 3960 :
1050 3908 1172 3962 liine
1198 3924 1325 3962 vero
1356 3909 1764 3979 temperantiam
1801 3908 1955 3972 oriri,
1986 3913 2127 3980 quod
2167 3926 2360 3979 specu-

802 4001 975 4053 lamur
1006 4017 1122 4067 quae
1165 4001 1271 4054 sint
1314 4003 1552 4071 eligenda
1602 4011 1692 4054 aut
1733 4001 1980 4069 fugienda
2015 4020 2026 4055 :
2061 4003 2184 4056 liiuc
2210 4003 2367 4071 juSti-

802 4097 951 4157 tiam,
983 4095 1124 4164 quod
1159 4094 1521 4162 speculamur,
1547 4109 1666 4162 qua:
1711 4093 2077 4148 distribuenda
2113 4096 2240 4158 sint,
2272 4105 2364 4150 aut

800 4203 905 4243 non
935 4187 1301 4242 distribuenda
1337 4208 1348 4240 :
1381 4188 1504 4241 hinc
1541 4186 1926 4253 fortitudinem,
1959 4188 2100 4255 quod
2130 4189 2362 4255 specula-

871 4371 914 4403 ³³
943 4371 1132 4426 Matth.
1168 4384 1220 4431 ν,
1260 4370 1312 4423 5.
1391 4369 1435 4399 "
1465 4369 1593 4424 Luc.
1627 4386 1703 4431 v1.
1728 4369 1821 4424 ει.

1013 4547 1161 4621 _Colb.
1196 4551 1461 4606 secundus
1497 4553 1666 4617 πάθος
1690 4552 1783 4606 τοῦ
1808 4551 2040 4621 Χριστοῦ
2072 4553 2184 4606 καί.

1010 4617 1225 4692 [legitur
1261 4621 1310 4672 in
1347 4623 1554 4678 duobus
1580 4641 1710 4680 mss.
1732 4617 2069 4692 γελάσονται.

872 4688 994 4762 (58)
1019 4688 1156 4742 Editi
1182 4703 1302 4740 cum
1342 4693 1618 4762 aliquibus
1653 4688 1781 4748 mss.
1820 4691 2223 4757 ἀποκλίναντος.
2250 4692 2353 4745 Alii

800 4760 1200 4832 ἀποκλίνοντος,
1230 4760 1453 4832 meliust
1475 4763 1636 4816 Paulo
1660 4776 1773 4832 post
1800 4764 1932 4830 Reg.
1967 4766 2234 4818 secundus
2258 4763 2352 4814 ἐπὶ

799 4830 1048 4902 δάκρυσι.
1087 4830 1202 4902 [lux
1262 4831 1369 4891 illa,
1396 4831 1504 4902 γὰρ
1549 4830 1671 4892 νῦν,
1697 4838 1888 4887 desunt
1918 4834 1968 4885 in
1996 4833 2125 4901 Reg.
2174 4837 2355 4886 tertio.

804 4900 1041 4978 Subinde
1090 4901 1238 4978 Cglb.
1293 4900 1516 4972 quartus
1563 4905 1693 4978 πρὸς
1714 4904 1780 4956 τὰ
1821 4900 2100 4976 μέλλοντα.
2156 4905 2356 4958 Ibidem

801 4976 904 5023 duo
939 4985 1061 5023 mss.
1099 4965 1269 5024 εἶπον.

868 5042 978 5114 (59)
1009 5040 1160 5114 9οη).
1207 5042 1469 5114 secundus
1501 5044 1673 5096 ὠνίων
1721 5047 1837 5098 κατ’
1879 5042 2083 5114 ἀγορὰν
2117 5043 2360 5114 εύθηνία.

835 5112 982 5192 ~{till}
1009 5109 1184 5164 Editio
1218 5113 1384 5166 Paris.
1420 5115 1513 5166 καὶ
1557 5115 1734 5185 ήτῆς.
1783 5116 1850 5170 At
1891 5109 2044 5168 multi
2089 5109 2245 5168 mssf
2271 5113 2364 5165 καὶ

812 5217 894 5243 ιιι,

833 5199 982 5320 η(61)
1006 5249 1139 5324 ἷξες.
1165 5253 1453 5313 secundus,
1478 5254 1814 5324 αἰσθόμενος.

871 5323 982 5403 (ϐξ.)
1006 5320 1150 5403 puti
1179 5320 1734 5403 παρατραπῆναι.Ἀι
1765 5336 1965 5403 septem
1997 5341 2125 5403 mss.
2167 5337 2363 5403 prmter

799 5389 1040 5444 Comliel.
1086 5389 1512 5463 Δ’τιῐεριτραιτῆναι,
1563 5400 1713 5463 longe
1764 5389 1974 5449 melius.
2029 5389 2353 5450 Μυχίιιιιιιί

801 5477 930 5515 mss.
956 5463 983 5513 ὁ
1017 5459 1238 5531 Κύριος.
1257 5459 1425 5518 Deest
1454 5459 1710 5517 articulus
1741 5466 1791 5516 in
1817 5466 1996 5518 editis.

874 5532 983 5602 (63)
1015 5533 1086 5602 lta
1129 5547 1220 5585 sex
1257 5549 1382 5586 mss.
1428 5551 1548 5588 cum
1577 5538 1810 5587 editione
1849 5536 2007 5587 Βλκὶι.
2044 5537 2110 5587 At
2170 5548 2355 5592 nostra

799 5603 969 5675 editio
1001 5601 1167 5675 Paris.
1199 5613 1252 5656 et
1294 5604 1381 5657 alii
1415 5616 1523 5658 tres
1558 5621 1684 5658 mss.
1722 5606 2024 5675 παράσχου.
2069 5605 2170 5659 Ubi
2207 5617 2358 5663 notat

799 5671 1061 5745 Nobilius,
1091 5673 1439 5745 legiquoque
1473 5677 1754 5745 παράσχου
1789 5671 1856 5728 ab
1897 5671 2249 5745 Kpollinurio,
2306 5691 2360 5732 et

801 5743 1135 5865 ibi-psalterio
1154 5744 1479 5813 Aﬂttiioiiico,
1515 5743 1752 5814 atquein
1784 5747 1904 5802 aliis
1933 5743 2249 5816 quibusdam
2295 5749 2357 5803 li-

842 5829 933 5865 ns.

842 5829 933 5866 I'IS.

1892 4370 1936 4401 ³⁸
1961 4368 2100 4426 Psal.
2129 4384 2288 4432 cxxv,
2321 4369 2372 4423 ὅ.
2450 4369 2492 4400 ³⁸
2518 4369 2704 4424 Matth.
2734 4383 2850 4431 xm,
2884 4366 2935 4420 8.

2462 3457 2674 3506 κάλλει
2703 3472 2820 3520 μου
2852 3453 3126 3520 δύναμιν.
3153 3454 3215 3504 Οἱ
3245 3454 3370 3522 περὶ
3392 3451 3490 3522 τὴν
3514 3451 3757 3517 ἐξέτασιν
3781 3449 3876 3501 τοῦ
3904 3449 4034 3518 περὶ

2463 3546 2670 3617 ἀρετῶν
2695 3545 2851 3611 λόγου
2883 3544 3294 3615 κατατριῦἐντες
3325 3545 3422 3607 τὰς
3455 3546 3553 3614 μὲν
3587 3545 3694 3596 τῶν
3723 3543 3934 3613 ἀρετῶν
3967 3544 4032 3595 ὲκ

2465 3637 2832 3708 θεωρημάτων
2859 3635 3062 3703 ἔφασαν
3095 3638 3430 3699 συνεστάναι,
3454 3637 3550 3700 τάς
3574 3636 3632 3688 δὲ
3657 3634 4029 3705 ἀθεωρήτους⁶

2461 3727 2592 3792 οἷον,
2640 3729 2898 3798 φρόνησιν
2943 3728 3038 3797 μὲν
3074 3729 3136 3778 ἐκ
3184 3727 3548 3797 θεωρημάτων
3583 3727 3926 3791 συνεστάναι,
3974 3726 4033 3777 ἐν

2466 3824 2544 3893 τῷ
2575 3824 2702 3893 περὶ
2736 3820 2953 3890 ἀγαθῶν
2991 3820 3083 3874 καὶ
3113 3819 3295 3873 κακῶν
3327 3820 3474 3888 τόπῳ
3503 3820 3608 3888 (64)
3631 3837 3644 3849 ·
3680 3819 4034 3890 σωφροσύνην

2465 3917 2521 3971 δὲ
2557 3919 2620 3969 ὲκ
2652 3913 2745 3968 τοῦ
2787 3913 3048 3986 περὶτῶν
3092 3911 3323 3984 αἱρετῶν
3371 3911 3462 3964 καὶ
3502 3911 3782 3980 φευκτῶν·
3832 3912 4033 3965 δικαιο-

2470 4008 2634 4078 σύνην
2677 4006 2732 4059 δὲ
2779 4008 2842 4058 ὲκ
2885 4005 2979 4058 τοῦ
3026 4007 3151 4076 περ).
3192 4005 3299 4058 τῶν
3350 4003 3734 4073 ἀπονεμητέων
3783 4004 3874 4055 καὶ
3933 4006 4032 4056 οὐκ

2467 4097 2878 4168 ἁπονεμητὲων”
2917 4097 3009 4150 καὶ
3038 4097 3287 4165 ἀνδρείαν
3329 4097 3391 4147 ἐκ
3424 4094 3515 4148 τοῦ
3548 4093 3674 4165 περὶ
3716 4093 3904 4146 δεινῶν
3937 4094 4030 4147 καὶ

2466 4193 2527 4242 οὺ
2573 4190 2791 4240 δεινῶν·
2847 4185 3039 4250 κάλλος
3081 4189 3138 4240 δὲ
3171 4191 3264 4243 καὶ
3301 4189 3448 4257 ἰσχὺν
3498 4187 3842 4256 ἀθεωρήτους
3891 4182 4030 4239 εἶναι

3016 4368 3056 4398 ³⁷
3086 4367 3239 4423 Deut.
3263 4383 3454 4433 xxvttt,
3482 4368 3535 4422 5.

2539 4552 2646 4624 (66)
2683 4554 2816 4608 Editi
2842 4565 2895 4609 et
2931 4558 3096 4611 nostri
3144 4555 3423 4611 duodecim
3473 4570 3601 4610 mss.
3632 4567 3946 4612 constanter
3972 4561 4030 4612 ὲν

2465 4624 2542 4696 τῷ
2572 4625 2696 4695 περὶ
2719 4628 2937 4696 ἀγαθῶν
2967 4630 3060 4682 καὶ
3089 4629 3274 4682 κακῶν
3297 4627 3462 4696 τόπῳ,
3492 4627 3896 4682 subobscurius.
3931 4632 4031 4683 Ca-

2464 4707 2584 4770 ten_a
2611 4700 3078 4770 verotjorderiana
3104 4702 3160 4750 ὲν
3185 4702 3251 4770 τῇ
3285 4700 3414 4770 περ)1
3441 4696 3656 4770 ἀγαθῶν
3687 4698 3782 4750 καὶ
3840 4703 4026 4755 κακῶν

2460 4766 2677 4835 γνώσει,
2710 4768 2853 4821 clare
2879 4770 3090 4836 quidem
3129 4786 3142 4822 :
3184 4766 3275 4822 sed
3307 4766 3366 4820 ni
3393 4767 3560 4828 fallor,
3584 4782 3687 4819 nun
3720 4784 3863 4822 vere.
3898 4772 4027 4824 Nam

2466 4854 2689 4902 magnus
2717 4838 2804 4891 ille
2835 4847 2912 4890 tot
2944 4839 3186 4891 codicum
3213 4852 3508 4892 consensus
3536 4838 3683 4900 facit,
3713 4849 3768 4889 ut
3805 4840 3876 4891 ita
3917 4858 4029 4893 Iltll-

2467 4919 2631 4962 latum
2665 4916 2841 4978 putem
2880 4909 2946 4959 ab
2977 4909 3176 4976 aliquo,
3203 4909 3290 4974 qui
3320 4908 3426 4978 rsibi
3454 4906 3740 4978 plusjttsto
3778 4910 4030 4961 itiilulsns-

2467 4994 2524 5031 se
2555 4977 2697 5033 credi
2725 4979 2912 5047 possit.
2948 4978 3106 5044 quue
3134 4994 3198 5031 eo
3229 4977 3436 5031 facilius
3461 4977 3734 5047 accidisse
3773 4982 4027 5038 arbitror,

2462 5052 2599 5115 quod
2631 5046 2734 5100 vos
2775 5048 2940 5110 τόπος
2992 5050 3075 5102 liic
3113 5064 3214 5100 non
3250 5053 3320 5098 ita
3365 5046 3585 5098 tuultum
3628 5051 3915 5101 ('OIIVCilll'c
3954 5052 4028 5101 vi—

2462 5121 2671 5173 dentur.
2703 5120 2782 5170 Ad
2819 5121 3036 5171 verbum
3067 5136 3078 5170 :
3114 5117 3176 5170 In
3200 5119 3312 5169 loco
3337 5117 3399 5168 de
3431 5115 3576 5168 bonis
3599 5133 3659 5167 ac
3695 5122 3867 5169 matis.
3918 5119 4029 5173 lluc

2461 5199 2560 5250 est,
2593 5188 2690 5241 Ubi
2720 5192 2896 5254 agitur
2919 5190 2980 5241 de
3015 5189 3162 5242 bonis
3186 5205 3246 5240 ac
3286 5189 3462 5249 mulis,
3493 5186 3592 5238 Ubi
3618 5187 3751 5236 bona
3781 5202 3813 5237 a
3874 5190 4028 5242 malis

2462 5259 2685 5312 discerni
2726 5268 2943 5322 oportet.
2983 5259 3100 5313 Jum
3137 5260 3178 5310 si
3209 5258 3513 5325 cetijectarc
3545 5255 3907 5325 nolus_liceat,
3933 5277 4027 5313 su-

2462 5332 2636 5394 διήσοι-
2665 5339 2898 5381 veterem
2955 5329 3118 5396 ipsam
3158 5323 3649 5396 interpretationem
3698 5323 3946 5382 Latinam
3975 5333 4023 5382 in

2454 5417 2612 5455 causa
2654 5400 2842 5457 luisse,
2882 5395 2983 5451 cur
3012 5413 3109 5449 \ox
3150 5397 3351 5464 γνώσει
3389 5399 3439 5448 in
3465 5395 3662 5447 Catena
3696 5399 4024 5451 Cordi-riaua

2456 5470 2775 5536 reperiatur.
2810 5471 2940 5520 Cum
2978 5474 3116 5520 ettini
3155 5471 3447 5522 (λιιι-«ιυιήιις
3477 5465 3526 5516 itt
3564 5469 3731 5538 veteri
3762 5471 4026 5538 interpre-

2457 5545 2656 5596 tatione
2709 5537 2906 5590 editum
2965 5540 3226 5591 inveniret
3260 5541 3310 5588 iu
3342 5538 3635 5604 cognitione
3683 5537 3939 5591 bonorum
3967 5558 4028 5591 ac

2454 5612 2731 5668 malorum,
2789 5609 2942 5662 facile
2978 5611 3076 5662 sibi
3114 5611 3434 5676 persuadere
3465 5609 3633 5676 potuit
3679 5609 4025 5676 interpretem

2455 5691 2690 5733 veterem
2722 5678 2938 5745 γνώσει,
2966 5695 3068 5731 non
3100 5680 3272 5746 τόπῳ,
3296 5680 3509 5750 legisse,
3537 5687 3695 5740 atque
3714 5694 3893 5744 operte
3919 5699 4032 5750 prc-

2461 5752 2587 5803 tium
2634 5765 2750 5802 esse
2803 5753 2940 5802 hunc
2977 5751 3148 5804 locum
3180 5749 3484 5810 restituere,
3528 5764 3581 5800 et
3615 5751 3688 5802 ita
3732 5749 3928 5817 cdere,
3956 5753 4029 5806 uti

2461 5820 2653 5891 legisse
2681 5829 2910 5874 veterem
2943 5821 3289 5890 interpretem
3318 5821 3554 5876 nutabat.
