4260 6500
286 424 390 477 ΞΠ

1403 425 1684 479 ΙΙΟΜΙΙΛᾹ
1724 425 1788 477 lN
1835 425 2161 479 PSALMUM
2206 426 2396 479 XXIX.

3405 430 3510 488 518

283 541 502 612 ἀρετὰς,
541 541 1006 603 ἐπακολουθούσας
1035 543 1154 602 ταῖς
1187 542 1246 592 ὲκ
1281 541 1666 610 Θεωρημάτων.
1698 541 1852 593 Κατά
1881 547 1926 601 Α
1958 557 1965 591 I

1824 541 1852 593 ἀ
1881 547 1926 601 Α
1958 555 2094 601 mur,
2132 556 2251 610 qua:
2312 540 2644 594 formidanda
2691 553 2834 606 sunt,
2872 553 2962 598 aut
3008 559 3111 596 non
3155 545 3506 598 formidanda.

285 633 392 702 γάρ
442 633 537 700 τὴν
571 632 910 703 συμμετρίαν
963 635 1054 684 καὶ
1088 632 1349 703 ἁρμονίαν
1396 632 1500 684 τῶν
1533 633 1629 700 τῆς
1673 630 1847 700 ψυχῆς

287 722 674 793 Θεωρημάτων,
707 725 834 778 ἔνιοι
870 725 973 776 τῶν
1007 725 1183 793 σοφῶν
1224 726 1503 793 νενοήκασι
1533 725 1593 777 τὸ
1622 723 1841 787 κάλλος·

286 814 424 865 κατά
472 813 528 866 δὲ
583 817 642 868 τὸ
694 815 1105 868 ἀποτελεστικὸν
1137 816 1244 868 τῶν
1296 814 1740 884 ὑπιδαλλομένων
1786 816 1847 866 ὲκ

284 903 393 954 τῶν
423 903 768 977 θεωρητικῶν
801 905 1030 975 ἀρετῶν,
1059 908 1154 977 τὴν
1193 907 1342 974 ἰσχὺν
1374 910 1676 977 νενοήκασι.
1702 905 1846 975 Πλὴν

288 994 369 1046 ἵνα
418 999 509 1050 καὶ
543 997 733 1057 κάλλος
784 999 1100 1068 ἐπιγένηται
1133 999 1197 1066 τῇ
1248 998 1427 1070 ψυχῇ,
1477 999 1567 1050 καὶ
1623 996 1846 1067 δύναμις

282 1088 390 1139 τῶν
423 1089 648 1140 δεόντων
682 1089 1083 1159 ὲπιτελεστικὴ,
1133 1087 1279 1151 Θείας
1312 1093 1388 1153 εἰς
1429 1089 1585 1141 τοῦτο
1629 1091 1844 1159 χάριτος

283 1180 578 1252 χρῄζομεν.
613 1182 697 1245 Ὠς
729 1183 905 1235 τοίνυν
939 1183 1048 1236 ἅνω
1078 1181 1315 1252 εἴρηκεν,
1349 1187 1474 1235 Ὀτι
1512 1181 1621 1248 (cui;
1668 1183 1736 1233 ἑν
1767 1182 1845 1246 τῷ

283 1271 566 1338 θελήματι
603 1273 812 1326 αὐτοῦ·
846 1272 987 1324 οὕτω
1029 1271 1121 1324 νῦν
1169 1274 1291 1342 ὑψοῐ
1322 1275 1412 1326 τὸν
1457 1273 1586 1326 Θεὸν
1629 1271 1715 1324 διὰ
1748 1273 1844 1341 τῆς

282 1363 626 1432 εὐχαριστίας
664 1365 832 1433 λέγων
870 1362 1000 1431 (65),
1039 1365 1120 1416 ὅτι
1163 1368 1256 1419 Ἐν
1287 1367 1364 1432 τῷ
1405 1366 1693 1435 θελήματί
1724 1381 1839 1419 σου

281 1453 585 1522 παρέσχου
615 1453 693 1518 τῷ
722 1452 929 1505 κάλλει
955 1472 1073 1522 μου
1099 1455 1369 1524 δύναμιν.
1401 1457 1573 1518 Καλὸς
1603 1456 1699 1527 μὲν
1735 1455 1841 1524 γὰρ

281 1547 426 1615 ἢμην
479 1547 618 1598 κατά
657 1545 755 1611 τὴν
809 1545 987 1612 φύσιν,
1035 1547 1261 1616 ἀσθενὴς
1312 1548 1366 1598 δὲ
1399 1548 1485 1599 διὰ
1535 1548 1593 1599 τὸ
1626 1549 1682 1612 ἐξ
1718 1550 1839 1600 ἐπι-

281 1635 479 1707 ϐουλῆς
535 1636 625 1688 τοῦ
678 1637 850 1703 ὄφεως
902 1636 1239 1706 νεκρωθῆναι
1290 1635 1366 1704 τῷ
1418 1637 1836 1706 παραπτώματι.

280 1728 368 1798 Τῷ
399 1726 490 1781 οὖν
518 1728 700 1781 κάλλει
742 1746 861 1798 μου,
890 1728 917 1780 ὃ
945 1727 1092 1799 παρὰ
1122 1728 1212 1780 σοῦ
1253 1727 1438 1780 ἔλαϐον
1473 1729 1536 1779 ἐκ
1575 1727 1672 1795 τῆς
1699 1727 1842 1797 πρώ-

277 1837 377 1890 της
412 1821 769 1890 κατασκευῆς,
814 1817 1150 1890 προσέθηκας
1186 1819 1407 1887 δύναμιν
1447 1817 1541 1885 τὴν
1568 1817 1674 1868 τῶν
1702 1815 1840 1868 δεόν-

1959 630 2154 684 Verum
2185 632 2333 684 aiunt
2363 631 2814 699 pulchritudinem
2850 649 2913 688 ac
2946 637 3109 689 robur
3138 638 3363 687 virtutes
3396 649 3515 701 spe-

1955 722 2239 778 culatrices
2259 738 2360 777 non
2375 738 2512 784 esse,
2529 738 2646 775 cum
2663 723 2770 776 sint
2791 726 3230 791 speeulatrieibus
3251 726 3514 792 pOSterio-

1957 829 2041 867 res
2077 814 2206 868 Nam
2225 833 2288 871 ex
2312 816 2682 871 convenientia
2703 816 3089 884 liarmouiaque
3105 819 3262 888 129
3274 827 3513 873 contem-

1956 905 2247 971 plationmn
2282 909 2493 970 animae,
2521 909 2787 976 sapientes
2814 909 3028 974 quidem
3061 911 3506 976 puleln-itndinem

1956 996 2334 1049 intellexerunt
2371 1019 2380 1050 :
2418 1007 2472 1050 at
2503 1015 2629 1054 vero
2654 1015 2716 1053 ex
2747 999 2795 1052 vi
2828 999 3091 1053 efficiente
3123 1015 3307 1053 eorum
3338 1020 3452 1070 qua:
3480 1021 3505 1054 a

1953 1085 2241 1140 virtutibus
2272 1085 2714 1155 speculatricibus
2744 1099 3136 1158 proponuntur,
3171 1089 3332 1142 robur
3365 1107 3481 1143 com

1953 1180 2114 1231 menti
2150 1188 2294 1231 sunt.
2337 1175 2712 1232 Verumtamen
2754 1192 2809 1233 ut
2842 1191 2892 1234 et
2933 1181 3094 1234 decor
3134 1183 3323 1236 animm
3359 1197 3491 1236 acce

1951 1271 2059 1335 dat,
2095 1280 2147 1324 ct
2186 1270 2325 1324 adsit
2373 1272 2452 1324 vis
2494 1287 2678 1324 eorum
2725 1287 2841 1339 qua:
2888 1273 3042 1328 officii
3088 1285 3210 1327 sunt
3249 1273 3507 1336 effectrix,

1954 1363 2102 1415 nobis
2133 1365 2196 1415 ad
2230 1366 2331 1418 hoc
2361 1379 2497 1433 opus
2525 1374 2606 1418 est
2633 1365 2808 1418 divina
2839 1368 3032 1431 gratia.
3066 1367 3131 1422 lit
3163 1367 3326 1436 igitur
3355 1377 3506 1418 antea

1951 1453 2104 1515 dixit,
2155 1453 2414 1517 Quoniam
2463 1457 2568 1509 vita
2613 1457 2670 1508 in
2725 1457 2988 1508 voluntate
3041 1459 3151 1526 ejus
3199 1460 3333 1514 :sic
3371 1475 3510 1512 nunc

1951 1544 2114 1598 Deum
2153 1545 2448 1611 gratiarum
2482 1547 2692 1602 actione
2721 1547 2926 1600 exaltat
2961 1548 3144 1601 dicens
3174 1564 3186 1600 :
3222 1549 3285 1601 In
3324 1550 3507 1602 rotun-

1949 1642 2054 1686 tate
2107 1642 2198 1684 tua
2248 1635 2536 1699 pra’stitisti
2574 1637 2751 1690 decori
2803 1652 2913 1688 meo
2969 1639 3226 1690 virtutem.
3284 1637 3507 1691 Pulcher

1947 1725 2159 1790 quidem
2209 1738 2355 1776 erant
2402 1729 2688 1778 secundum
2739 1736 3022 1788 naturam;
3061 1731 3152 1782 scd
3205 1727 3502 1797 languidus,

1951 1825 2228 1884 prepterea
2265 1817 2406 1884 quod
2453 1832 2515 1869 ex
2560 1821 2823 1886 serpentis
2865 1819 3073 1872 insidiis
3112 1830 3328 1886 peccato
3364 1838 3505 1872 mor-

277 1929 388 1965 των
419 1915 725 1983 πρακτικήν
777 1913 904 1981 (66).
955 1912 1105 1982 Καλὴ
1160 1913 1254 1982 μὲν
1297 1907 1387 1964 οὖν
1432 1913 1577 1962 πᾶσα
1620 1910 1762 1980 ψυχὴ
1811 1912 1842 1980 ἡ
1878 1903 1959 1958 BI

1818 1912 1842 1980 ἡ
1878 1903 1917 1955 Β
1951 1917 2070 1960 tuus
2100 1923 2266 1964 eram.
2301 1907 2688 1964 Pulchritudini
2737 1929 2862 1981 ergo
2897 1929 3046 1974 meae,
3078 1927 3236 1980 quam
3270 1928 3334 1966 ex
3370 1924 3420 1966 te
3452 1916 3500 1966 in

279 2002 335 2053 ὲν
382 2000 688 2070 συμμετρίᾳ
737 2001 840 2052 τῶν
877 2001 1088 2052 οἰκείων
1147 2001 1423 2068 δυνάμεων
1459 1999 1836 2070 Θεωρουμένη’

278 2090 470 2153 κάλλος
522 2091 576 2141 δὲ
622 2089 890 2157 ἀληθινὸν,
940 2089 1030 2141 καὶ
1084 2086 1510 2159 ἐρασμιώτατον,
1563 2090 1707 2158 μόνῳ
1765 2089 1842 2159 τῷ

275 2185 365 2237 τὸν
405 2184 526 2237 νοῦν
562 2183 952 2255 κεκαθαρμένῳ
987 2182 1276 2253 Οεωρητὸν,
1308 2183 1369 2234 τὸ
1396 2183 1524 2253 περὶ⁹
1560 2181 1656 2251 τὴν
1695 2183 1841 2235 Θείαν

275 2279 366 2329 καὶ
413 2277 683 2346 μακαρίαν
723 2275 899 2345 φύσιν.
940 2270 1012 2329 Ub
1045 2278 1073 2328 ὁ
1111 2274 1420 2336 ὲνατενίσας
1461 2277 1576 2337 ταῖς
1625 2292 1842 2345 μαρμα-

277 2370 468 2436 ριδγαῖς
500 2368 590 2419 καὶ
626 2367 743 2427 ταῖς
775 2365 977 2433 χάρισι,
1015 2362 1414 2434 μεταλαμϐάνει
1441 2381 1489 2415 τι
1522 2364 1614 2415 ἀπ’
1651 2360 1837 2423 αὑτοῦ,

275 2454 460 2526 ῶσπερ
499 2456 606 2506 ἀπό
652 2471 792 2516 τινος
837 2453 1043 2522 βαφῆς,
1083 2453 1273 2522 αἴγλην
1318 2453 1439 2505 τινὰ
1484 2453 1721 2522 ἀνθηρὰν
1761 2454 1840 2514 εἰς

274 2546 370 2616 τὴν
414 2547 616 2598 οἰκείαν
657 2546 776 2616 ὄψιν
820 2543 1321 2616 ἁναχρωννὺμενος.
1346 2543 1504 2596 Ὅθεν
1538 2546 1629 2596 καὶ
1678 2546 1840 2596 Moab-

277 2639 404 2707 σῆς,
443 2637 520 2708 τῷ
572 2637 950 2708 μετειληφέναι
995 2636 1085 2687 τοῦ
1135 2635 1362 2697 κάλλους
1410 2634 1614 2686 ἐκείνου
1666 2636 1721 2685 ἐν
1763 2633 1839 2702 τῷ

272 2731 478 2802 ὁμιλεῖν
522 2733 657 2803 Θεῷ,
687 2730 941 2801 ἐδοξάσθη
987 2730 1046 2783 τὸ
1097 2729 1401 2801 πρόσωπον.
1443 2729 1498 2780 ’0
1531 2725 1621 2779 οὖν
1662 2727 1841 2780 αἰσθό-

277 2839 434 2889 μενος
474 2822 570 2890 τῆς
603 2820 792 2874 ἑαυτοῦ
827 2819 1045 2891 ἀρετῆς,
1088 2819 1184 2888 τὴν
1211 2815 1593 2888 εὖχαριστικὴν
1639 2814 1838 2884 ταύτην

273 2913 461 2980 ἀφίησι
496 2917 706 2982 φωνήν·
748 2914 938 2978 Κύριε,
967 2912 1035 2962 ἐν
1093 2908 1170 2974 τῷ
1199 2907 1486 2977 θελήματι
1527 2925 1641 2961 σου
1690 2923 1836 2973 παρ-

273 3003 463 3071 έσχου
507 3001 582 3066 τῷ
625 3002 834 3055 κάλλει
875 3020 993 3070 μου
1046 3000 1316 3068 δύναμιν.
1367 3002 1570 3068 Ὥσπερ
1619 2999 1672 3050 δὲ
1721 3001 1835 3060 ταῖς

271 3092 625 3162 Θεωρητικαῖς
685 3094 901 3163 ἀρεταῖς
943 3090 1238 3161 ἀίὶεώρητοι
1295 3089 1663 3152 ἀκολουθοῦσι,
1693 3088 1752 3140 τό
1779 3104 1835 3140 τε

271 3187 465 3250 κάλλος
519 3188 609 3240 καὶ
661 3189 693 3258 ἡ
739 3187 994 3256 δύναμις,
1059 3186 1228 3248 οὕτως
1281 3184 1386 3237 είσί
1439 3201 1580 3247 τινες
1641 3183 1829 3236 κακίαι

268 3269 588 3346 ἀθεώρητοι,
620 3276 652 3344 ἦ
684 3293 740 3326 τε
787 3276 1074 3345 αἰσχρότης
1115 3277 1263 3346 καὶὴ
1297 3273 1564 3327 ἀσθένεια.
1615 3273 1679 3325 Τί
1725 3275 1832 3345 γὰρ

267 3369 572 3438 ἀωρότερον
617 3369 708 3421 καὶ
737 3367 1132 3437 είδεχθὲστερον
1173 3367 1346 3437 ψυχῆς
1379 3365 1693 3436 εμπαϐοὖςς
1727 3366 1831 3417 Ἴδε

270 3476 360 3528 μοι
408 3460 497 3512 τὸν
548 3459 902 3530 Ουμούμενον,
947 3461 1037 3511 καὶ
1068 3461 1164 3528 τὴν
1213 3460 1268 3512 ἐν
1315 3459 1461 3529 αὺτῴ
1515 3459 1827 3530 ἀγριότητα.

267 3551 469 3602 Θέασαι
507 3553 594 3603 τὸν
643 3551 994 3621 λυπούμενον,
1043 3552 1133 3603 καὶ
1175 3551 1232 3602 τὸ
1281 3553 1337 3603 ἐν
1383 3549 1530 3620 αὐτῷ
1578 3551 1829 3602 ταπεινὸν

267 3641 362 3693 καὶ
421 3643 812 3711 συμπεπτωκὸς
871 3643 966 3710 τῆς
1015 3641 1210 3710 ψυχῆς.
1239 3642 1340 3692 Τὸν
1385 3642 1440 3693 δὲ
1484 3642 1754 3708 λαγνείαις
1798 3641 1828 3712 ἦ

267 3734 729 3803 γαστριμαργίαις
759 3732 1209 3793 ὑποπεπτωκότα,
1255 3730 1286 3800 ἢ
1332 3730 1513 3798 φόϐοις
1562 3731 1830 3799 ἐπτοημέ-

267 3840 376 3885 νον,
410 3824 490 3886 τίς
518 3824 582 3876 ἂν
609 3824 700 3876 καὶ
732 3823 1062 3892 προσϐλέψαι
1109 3821 1419 3890 ἀνάσχοιτο;
1451 3820 1827 3888 διαϐαινούσης

269 3913 430 3983 μέχρι
468 3913 571 3964 τῶν
623 3913 870 3983 περάτων
904 3912 994 3964 τοῦ
1045 3912 1287 3981 σώματος
1334 3912 1429 3979 τῆς
1475 3910 1613 3963 κατά
1655 3910 1828 3981 ψυχὴν

263 4005 580 4068 διαθέσεως’
614 4004 799 4075 ὥσπερ
833 3999 922 4056 οὖν
957 4005 1047 4055 καὶ
1083 4002 1148 4054 τά
1178 4001 1285 4068 (67)
1318 4001 1434 4071 ἴχνη
1476 4001 1567 4053 τοῦ
1603 4002 1831 4065 κάλλους

263 4096 364 4164 τῆς
393 4097 568 4165 ψυχῆς
593 4097 649 4147 ὲν
690 4099 752 4165 τῇ
788 4094 1114 4148 καταστάσει
1151 4091 1241 4145 τοῦ
1278 4092 1431 4158 ἁγίου
1473 4093 1828 4161 διαφαίνεται.

263 4189 594 4257 Προνοητέον
626 4189 801 4241 τοίνυν
832 4187 922 4239 τοῦ
959 4187 1184 4248 κάλλους
1214 4188 1363 4255 ἡμῖν,
1389 4186 1474 4237 ἵνα
1506 4186 1599 4238 καὶ
1637 4188 1664 4238 ό
1694 4204 1830 4253 νυμ-

264 4278 388 4345 φίος
418 4279 587 4345 Λόγος
617 4279 1010 4348 ἀποδεξάμενος
1044 4278 1186 4346 ἡμᾶς
1217 4278 1344 4348 εἴπῃ
1363 4294 1374 4305 ο
1403 4277 1551 4341 Ὄλη
1591 4277 1747 4343 καλὴ
1789 4276 1841 4341 νγ

262 4372 533 4438 πλησίον
559 4388 699 4438 μου,
730 4370 828 4423 καὶ
859 4367 1058 4438 μῶμος
1080 4370 1190 4421 οὐκ
1217 4368 1386 4420 ἔστιν
1409 4368 1477 4420 ἐν
1502 4367 1621 4420 σοί.

1945 1999 2113 2065 prima
2163 2004 2438 2056 creatione
2478 2005 2680 2072 accepi,
2713 2007 2960 2058 addidisti
2996 2007 3268 2065 virtutem,
3316 2019 3501 2058 eorum

1944 2106 2062 2158 qua!
2094 2095 2157 2147 ad
2191 2094 2419 2150 ofﬁcium
2442 2097 2707 2166 pertinent
2732 2095 3066 2150 efficientem.
3090 2097 3316 2150 Pulchra
3343 2099 3505 2167 igitur

1944 2192 2024 2234 est
2050 2183 2229 2236 anima
2257 2187 2454 2250 omnis,
2485 2205 2604 2257 qua:
2633 2188 2682 2242 in
2710 2190 3044 2258 propriarum
3069 2191 3327 2244 virtutum
3356 2207 3502 2263 sym-

1946 2276 2137 2328 metria
2187 2279 2541 2346 conspicitur.
2582 2281 2930 2336 Pulchritudo
2969 2293 3144 2337 autem
3179 2298 3325 2346 vera,
3355 2299 3503 2336 ama-

1944 2367 2344 2438 bilissimaque.
2396 2386 2556 2439 quam
2620 2373 2664 2425 is
2715 2374 2859 2427 solus
2903 2377 2992 2442 qui
3035 2392 3220 2444 puram
3269 2386 3500 2431 mentem

1943 2457 2101 2512 habet
2136 2461 2483 2530 contemplari
2515 2473 2709 2533 potest,
2737 2465 2876 2518 circa
2926 2466 3157 2519 divinam
3197 2485 3259 2522 ac
3291 2469 3499 2522 beatam

1943 2559 2192 2603 naturam
2239 2555 2508 2606 consistit.
2560 2553 2723 2622 Cujus
2775 2554 3006 2624 fulgores
3057 2568 3110 2610 et
3161 2559 3359 2626 gratias
3409 2560 3497 2626 qui

1943 2635 2148 2690 intente
2177 2644 2536 2708 conspexerit,
2577 2644 2643 2696 ab
2671 2659 2734 2697 ea
2773 2647 2915 2698 velut
2951 2645 3018 2698 ab
3058 2647 3234 2713 aliqua
3267 2649 3500 2702 tinctura

1942 2727 2184 2780 nonnihil
2220 2741 2516 2795 mutuatur,
2560 2732 2804 2786 floridum
2841 2736 3125 2802 quemdam
3165 2735 3498 2804 splendorem

1942 2817 1993 2869 in
2047 2821 2322 2888 prepriam
2375 2823 2564 2877 facient
2621 2824 2952 2893 imprimens.
3007 2824 3158 2880 Unde
3206 2837 3258 2879 et
3304 2827 3499 2896 Moysis

1940 2907 2105 2964 facies
2134 2912 2292 2965 simul
2329 2922 2490 2982 atque
2534 2931 2596 2968 ex
2643 2915 2890 2968 familiari
2923 2930 3044 2968 cum
3079 2915 3188 2968 Deo
3213 2932 3500 2982 congressu

1939 3003 2352 3068 pulchritudinis
2400 3007 2540 3060 illius
2591 3007 2859 3075 particeps
2895 3005 3013 3067 fuit,
3057 3007 3349 3060 elarificata
3392 3019 3498 3062 est.

1940 3092 2171 3148 l‘roinde
2214 3095 2429 3148 virtutis
2465 3111 2573 3148 suae
2601 3096 2689 3163 qui
2723 3096 2970 3150 conscius
3003 3108 3104 3161 εει,
3146 3098 3282 3151 hanc
3316 3113 3498 3154 vocom

1937 3193 2114 3252 grates
2163 3185 2540 3254 rependentem
2592 3185 2833 3239 emittit:
2867 3183 3105 3247 Domine.
3138 3187 3189 3239 in
3237 3188 3498 3241 voluntat:

1939 3285 2028 3328 tua
2056 3278 2345 3344 pra'stttisti
2385 3278 2558 3329 decori
2595 3292 2707 3329 meo
2735 3278 2991 3330 virtutem.
3036 3278 3495 3343 Quemadmodum

1938 3377 2118 3419 autem
2159 3381 2234 3419 ea:
2271 3368 2500 3419 virtutes
2532 3382 2649 3434 qua:
2679 3368 2727 3419 in
2764 3366 3216 3435 contemplatione
3246 3367 3362 3422 sita:
3392 3385 3496 3422 non

1938 3469 2084 3522 sunt,
2118 3459 2346 3513 virtutes
2395 3458 2779 3526 speculatrices
2828 3469 3139 3526 sequuntur,
3175 3469 3298 3527 puta
3339 3461 3499 3516 decor

1937 3564 1993 3609 et
2035 3553 2201 3606 robur
2247 3569 2260 3604 :
2313 3549 2390 3604 sic
2439 3558 2564 3602 sunt
2605 3550 2846 3618 quaedam
2892 3549 3018 3602 vitia
3063 3552 3494 3620 contemplatioiii

1940 3658 2043 3697 non
2077 3641 2341 3707 subjecta,
2369 3654 2558 3706 nempe
2585 3638 2798 3690 fwditas
2822 3648 2872 3691 et
2899 3637 3162 3694 debilitas.
3190 3640 3325 3705 Quid
3354 3642 3492 3694 enim

1938 3734 2272 3786 invenustius
2303 3747 2365 3784 ac
2405 3731 2700 3784 deformius
2729 3731 2902 3783 dedita
2956 3729 3235 3784 aﬂ'ectibus
3279 3733 3497 3786 anima?

1937 3821 2091 3884 Vide,
2123 3834 2324 3888 qumso,
2354 3819 2565 3881 iratutn,
2597 3829 2652 3872 et
2673 3834 2789 3872 eam
2819 3836 2976 3887 quam
3008 3835 3115 3888 pra:
3142 3837 3198 3873 se
3230 3819 3333 3874 fert
3368 3821 3492 3875 ferio

1938 3921 2124 3966 tatem.
2187 3911 2417 3966 Tristem
2483 3927 2544 3965 ac
2602 3922 2852 3965 maestum
2914 3914 3226 3976 considera,
3275 3913 3495 3983 ejusque

1936 4003 2313 4056 demissiouem
2364 4012 2415 4055 et
2470 4001 2636 4054 animi
2691 4002 3042 4065 abjectionem
3091 4003 3321 4057 intuere.
3364 4004 3495 4070 Quis

1935 4109 2063 4149 vero
2101 4095 2306 4148 libidini
2338 4103 2429 4146 aut
2467 4093 2602 4160 gula:
2637 4092 3040 4158 inservientem,
3069 4106 3160 4148 aut
3200 4097 3496 4149 terroribus

1937 4196 2358 4247 consternatum,
2401 4185 2483 4238 vel
2518 4184 2760 4253 aspicere
2797 4187 2995 4254 queat“!
3030 4202 3149 4240 cum
3185 4187 3298 4240 inec
3329 4188 3495 4239 animi

1937 4275 2147 4331 affectio
2175 4279 2239 4330 ad
2268 4285 2505 4330 extrema
2540 4292 2704 4345 usque
2732 4280 2972 4345 corporis
3002 4279 3279 4345 pervadat,
3307 4293 3494 4345 quem-

1938 4369 2222 4423 admodum
2258 4385 2287 4422 e
2326 4369 2596 4422 contrario
2629 4369 2849 4437 vestigia
2881 4371 3042 4421 eziain
3079 4369 3491 4436 pulchritudinis

261 4460 458 4513 animm
502 4461 553 4513 in
596 4462 696 4513 viri
744 4459 910 4514 sancti
959 4460 1143 4512 habitu
1197 4458 1553 4526 resplendent.
1603 4457 1968 4525 Comparanda
2034 4460 2214 4526 itaque
2284 4459 2438 4513 nobis
2497 4469 2575 4514 est
2632 4459 2815 4513 istbmc
2849 4460 3202 4528 pulchritudo,
3238 4471 3292 4513 ut
3328 4477 3489 4530 spon-

261 4569 357 4607 Sus
410 4553 642 4606 Verbum
702 4553 1006 4620 approbatis
1053 4566 1148 4604 nos
1197 4551 1339 4603 dicat
1381 4565 1394 4601 :
1426 4549 1552 4602 Tota
1590 4549 1825 4617 pale/tm,
1865 4549 2100 4618 proxima
2124 4567 2261 4613 mea,
2285 4562 2330 4604 et
2354 4554 2559 4606 macula
2591 4570 2690 4606 nou
2720 4562 2792 4604 est
2824 4552 2878 4604 in
2911 4563 2958 4603 te
2981 4551 3044 4604 "‘.

337 4645 388 4697 6.
443 4644 840 4714 Ἀπέστρεψας
871 4645 936 4697 δὲ
966 4645 1028 4697 τὸ
1069 4644 1391 4710 πρόσωπόν
1425 4658 1561 4705 σου,
1597 4643 1694 4694 καὶ
1719 4643 1835 4710 ἐγε-
1867 4647 1909 4701 D
2005 4643 2019 4696 f

1807 4659 1835 4692 ῖ-
1867 4647 1909 4701 D
2005 4641 2056 4696 6.
2095 4647 2341 4697 Auertiin
2397 4657 2568 4699 autent
2620 4646 2810 4714 [ariam
2876 4655 3040 4707 tuam,
3078 4653 3124 4696 et
3163 4644 3331 4711 [actus
3377 4660 3489 4696 sum

259 4736 459 4804 νήθην
517 4737 963 4806 τεταραγμένος.
1014 4737 1156 4797 Ἕως
1216 4735 1311 4804 μὲν
1367 4736 1489 4797 ὅτε,
1541 4735 1724 4805 φησὶν,
1769 4735 1824 4786 al

259 4829 478 4892 ἀκτῖνες
516 4830 612 4900 τῆς
661 4830 958 4898 ἐπισκοπῆς
997 4845 1087 4880 σου
1121 4827 1434 4895 ἐπέλαμπόν
1481 4844 1598 4896 μοι,
1641 4828 1695 4877 ὲν
1739 4828 1826 4878 εὑ-

336 4966 380 4997 ³⁸
403 4965 556 5018 Cant.
585 4981 658 5028 ιν,
685 4967 734 5018 7.

340 5127 448 5196 (65)
511 5127 639 5192 lteg.
681 5127 943 5182 secundus
989 5128 1044 5178 ὲν
1093 5126 1168 5195 τῷ
1225 5124 1485 5194 Οελήματί
1533 5123 1830 5196 como-31m

258 5195 357 5252 νῦν
399 5197 520 5266 ὑψοῖ
549 5199 638 5249 τὸν
686 5199 816 5250 Θεὸν
865 5196 950 5248 διά
992 5197 1090 5261 τῆς
1125 5196 1346 5267 χάριτος
1381 5196 1591 5267 λέγων.
1631 5195 1828 5246 Ibidem

260 5265 660 5321 editionostra
708 5269 876 5322 Paris.
933 5265 1237 5335 παράσχου.
1289 5265 1433 5318 Multi
1501 5282 1625 5318 mss.
1689 5282 1829 5333 παρ-

261 5340 448 5393 έσγου.

486 5405 635 5472 Regii
673 5407 896 5474 primus,
930 5406 1195 5478 seeumlns
1221 5413 1273 5457 et
1303 5405 1534 5478 qu_intus_
1553 5419 1684 5478 cum
1708 5403 1829 5454 Col-

264 5473 490 5529 liertinis
536 5473 724 5544 quinto
756 5487 808 5530 et
862 5487 1011 5529 sexto
1061 5475 1285 5543 δύναμιν
1332 5474 1426 5543 τὴν
1469 5473 1574 5524 τῶν
1600 5473 1826 5525 δεόντων

262 5538 620 5616 παρεκτικῆν,
656 5538 769 5598 Vim
798 5564 856 5597 ea
900 5563 1014 5614 qum
1055 5538 1353 5616 ofﬁciorum
1386 5538 1719 5616 'targt'cntcm.
1761 5551 1826 5616 At

269 5614 379 5668 tres
412 5620 499 5669 alii
531 5614 659 5670 mss.
696 5617 842 5685 ltegii
880 5628 933 5668 et
967 5625 1164 5685 septem
1199 5615 1636 5685 Colbertmicum
1665 5614 1824 5685 editis

265 5699 316 5740 et
357 5702 475 5738 cum
514 5687 708 5739 Catena
735 5681 1058 5738 (Jorderiana
1084 5683 1309 5751 δύναμιν
1335 5683 1429 5752 τὴν
1462 5683 1569 5734 τῶν
1600 5681 1822 5733 δεόντων

266 5757 594 5826 πρακτικήν,
643 5755 754 5807 Vim
788 5771 964 5808 eorum
1011 5769 1126 5820 qua?
1159 5754 1307 5821 nﬂicii
1341 5764 1456 5805 sunt
1488 5754 1811 5820 «ﬂecti-irem.

261 5825 456 5894 Aptam
513 5827 724 5895 quidem
774 5839 828 5879 et
891 5827 1132 5878 idoneam
1185 5829 1500 5878 sententiain
1557 5839 1620 5878 cx
1667 5835 1813 5877 utra-

1934 4737 2293 4788 conturbatus.
2321 4735 2565 4802 Quaniliu
2591 4737 2756 4797 enim,
2790 4735 2984 4802 inquit,
3011 4735 3361 4802 inspectionis
3390 4743 3491 4787 tuze

1936 4826 2068 4878 radii
2104 4827 2233 4878 mihi
2266 4825 2537 4890 aﬂ‘ulsere,
2570 4827 2620 4879 in
2654 4836 2796 4880 statu
2834 4826 2987 4879 firmo
3017 4835 3176 4893 atque
3206 4825 3489 4891 tranquillo

1935 5137 2036 5190 que
2077 5120 2300 5174 lectione
2326 5120 2458 5174 efﬁci
2497 5135 2649 5187 posse
2683 5127 2889 5173 constat
2922 5138 2935 5173 :
2967 5121 3060 5174 sed
3093 5117 3490 5190 quinsrpaxtt-

1933 5187 2036 5261 κήν
2069 5193 2165 5261 legi
2216 5201 2478 5260 oporteat.
2513 5191 2740 5261 dubitari
2797 5205 2897 5243 non
2949 5203 3106 5258 posse
3137 5187 3482 5261 arbitramur.

1934 5257 2142 5314 Etenim
2169 5263 2210 5313 si
2252 5257 2378 5313 nihil
2412 5260 2576 5324 aliud,
2613 5259 2722 5327 ipsa
2747 5269 2892 5313 certe
2919 5257 3180 5311 orationis
3211 5258 3376 5327 series
3413 5257 3483 5308 ita

1931 5331 2212 5398 legi-udum
2242 5346 2361 5383 esse
2409 5340 2588 5398 aperte
2617 5324 2867 5398 ostendit.
2916 5330 3048 5398 Cum
3086 5327 3224 5398 enim
3259 5324 3486 5398 Basilius

1929 5396 2088 5468 paulo
2115 5413 2236 5452 ante
2268 5396 2560 5466 scripserit,
2593 5399 2685 5450 καὶ
2715 5397 2942 5468 δύναμις
2973 5397 3082 5449 τῶν
3108 5396 3330 5468 δεόντων
3367 5397 3480 5468 ἐπιι

1926 5465 2230 5537 τελεστική,
2262 5465 2439 5522 debuit
2475 5484 2621 5527 Sane,
2670 5469 2710 5520 si
2755 5465 2862 5521 sibi
2903 5478 3145 5522 constare
3177 5465 3358 5526 voluit,
3403 5465 3486 5517 hic

1928 5536 2236 5609 πρακτικην
2287 5539 2540 5600 εςιηιιρτρ,
2585 5549 2639 5588 ιιι
2674 5553 2770 5609 vox
2809 5554 2910 5590 una
2945 5537 3120 5609 alteri
3145 5536 3360 5586 omnino
3405 5549 3488 5609 re-

1914 5605 2202 5677 ‘spomleatl
2240 5609 2367 5661 Nam
2422 5609 2481 5660 τὸ
2531 5608 2930 5660 ὲπιτελεστικόν
2977 5619 3028 5662 et
3077 5606 3136 5660 τὸ
3187 5605 3456 5675 πρακτικό

1926 5681 2080 5747 plane
2117 5681 2248 5735 idem
2284 5680 2460 5733 valere
2497 5695 2675 5739 nctno,
2712 5683 2920 5744 opinor,
2951 5680 3182 5748 negabit.

1971 5750 2106 5833 ’(67)
2139 5750 2227 5804 Sic
2278 5764 2400 5804 octo
2431 5765 2560 5803 mss.
2618 5752 2685 5803 At
2733 5751 2895 5804 editio
2945 5745 3116 5803 l‘ai-is.
3165 5747 3354 5814 ὥσπερ
3394 5745 3489 5800 καὶ

1922 5837 2008 5873 τα.
