4260 6492
761 407 866 462 3l9

2083 398 2140 451 S.
2185 393 2425 453 BASILII
2465 396 2678 454 MAGNI

3873 394 3986 449 5Ξο

761 522 908 589 vixi;
935 531 1216 592 postquam
1247 535 1374 576 vero
1411 521 1655 576 arertisti
1693 519 1884 575 faciem
1916 528 2077 582 tuam,
2107 528 2322 588 pertur-
2348 520 2395 576 Α
2423 533 2443 568 c

2301 545 2322 557 -
2348 520 2395 576 Α
2423 518 2607 571 σταθεῖ
2656 518 2983 571 καταστάσει
3031 519 3122 572 καὶ
3154 515 3409 590 ἀταράχῳ
3455 517 3637 587 διῆγον
3657 533 3668 546 ·
3702 516 3890 588 ἐπειδὴ
3922 518 3983 570 δὲ

764 612 908 666 batio
947 612 1139 667 anima:
1187 611 1550 680 tumultusque
1596 611 2027 679 deprehenditur.
2065 609 2321 664 Avertere

765 714 941 758 autem
966 702 1153 758 faciem
1179 719 1329 758 suam
1349 705 1543 759 dicitur
1564 702 1703 756 Deus
1727 712 1859 769 tum,
1879 717 1997 758 cum
2023 697 2320 756 afﬂictionis

765 803 1005 864 tempore
1040 797 1428 851 tentatiouibus
1463 794 1740 863 expositos
1774 794 2046 864 relinquit,
2081 803 2138 846 ut
2168 792 2321 848 forti-

766 886 893 941 tudo
944 890 1201 944 certantis
1254 896 1631 958 cognoscatur.
1689 888 1917 944 Proinde
1969 886 2010 940 si
2063 901 2164 954 pax
2203 901 2321 955 qua:

765 975 1099 1032 intellectum
1157 993 1373 1033 omnem
1424 990 1641 1048 superat
1676 981 1719 1013 "
1787 979 2095 1035 custodierit
2161 981 2319 1035 corda

768 1077 992 1134 nostra,
1077 1069 1424 1138 cupiditatum
1496 1072 1778 1126 tumultum
1849 1069 2322 1142 confusionemque

763 1159 936 1215 vitare
970 1175 1275 1230 possumus.
1317 1162 1446 1216 Cum
1491 1162 1654 1233 igitur
1691 1163 1780 1218 Dei
1816 1161 2069 1216 voluntati
2111 1166 2320 1220 aversio

767 1261 1093 1321 opponatur,
1145 1252 1528 1321 pulchritudini
1582 1271 1709 1311 vero
1765 1263 1819 1309 et
1863 1253 2044 1308 decori
2105 1257 2320 1309 virtuti-

764 1358 868 1413 que
909 1345 1271 1412 perturbatio;
1318 1347 1500 1416 utique
1553 1345 1883 1417 perturbatio
1930 1345 2091 1400 fuerit
2136 1347 2321 1402 defor-

767 1436 926 1490 mitas
968 1445 1022 1491 et
1077 1437 1365 1495 inﬁrmitas
1424 1442 1634 1503 animze,
1686 1453 1752 1492 ex
1799 1439 2117 1493 alienatione
2157 1456 2184 1493 a
2218 1440 2323 1494 Deo

765 1529 1108 1594 proVeniens.
1143 1530 1434 1585 Precemur
1481 1532 1660 1600 itaque
1715 1545 1926 1601 semper
1962 1532 2114 1584 nobis
2155 1540 2210 1584 ut
2242 1532 2320 1584 at.

765 1619 968 1691 fulgeat
1001 1623 1093 1676 Dei
1131 1621 1317 1684 facies,
1345 1632 1402 1675 ut
1433 1621 1484 1674 in
1513 1633 1697 1676 sancto
1756 1638 1819 1678 ac
1881 1622 2132 1693 religioso
2179 1632 2319 1681 statu

767 1716 958 1779 simus,
993 1724 1046 1770 et
1083 1715 1262 1781 mites,
1293 1727 1347 1771 et
1375 1717 1548 1773 modis
1580 1720 1829 1774 omnibus
1883 1719 2193 1788 tranquilli,
2255 1735 2321 1774 ex

767 1808 929 1862 animi
982 1808 1046 1862 ad
1097 1808 1234 1864 bona
1288 1814 1696 1880 praeparatione.
1753 1811 1983 1864 Paratus
2019 1811 2174 1882 130
2202 1828 2318 1865 sum

766 1899 926 1962 enim,
973 1898 1178 1968 inquit,
1217 1909 1262 1953 et
1295 1918 1399 1953 non
1449 1917 1563 1953 sum
1598 1903 1836 1954 turbatus
1864 1902 1930 1959 ⁸ο.
1959 1901 2123 1958 Vens.
2151 1904 2202 1958 9.
2238 1905 2319 1957 Ad

768 2000 836 2054 te,
881 1989 1119 2054 Domine,
1151 1990 1412 2054 clamabo,
1439 2000 1486 2044 et
1517 1992 1583 2044 ad
1610 1992 1772 2045 Deum
1797 2010 1964 2047 meum
1982 1995 2318 2062 deprecabor.

769 2081 922 2150 Saepe
945 2083 1142 2137 dictum
1172 2092 1253 2138 est
1287 2083 1353 2137 dc
1377 2085 1610 2138 clamore
1637 2087 1700 2138 ad
1732 2085 2035 2150 Dominum,
2080 2089 2220 2156 quod
2253 2089 2323 2143 sit

766 2172 884 2242 ejus
931 2173 1096 2229 solius
1128 2175 1217 2244 qui
1250 2191 1438 2246 magna
1484 2185 1538 2229 et
1584 2176 1826 2231 cmlestia
1861 2178 2026 2249 cupit,
2063 2181 2320 2234 clamare.

770 2263 827 2317 Si
864 2264 986 2334 quis
1015 2274 1192 2319 autem
1216 2280 1381 2336 parva
1413 2275 1466 2320 et
1493 2275 1703 2320 terrena
1753 2282 1780 2321 a
1816 2268 1922 2323 Deo
1967 2269 2224 2338 petierit,
2274 2271 2319 2322 is

770 2369 933 2422 parva
967 2365 1021 2409 et
1042 2354 1276 2410 demissa
1308 2370 1460 2420 voce,
1497 2370 1667 2424 eaque
1700 2371 1804 2411 non
1851 2359 1915 2409 ad
1946 2357 2174 2411 sublime
2200 2373 2321 2426 per-

772 2444 1028 2512 tingeute,
1062 2459 1160 2498 nec
1197 2445 1260 2497 ad
1293 2445 1499 2498 Domini
1548 2459 1707 2499 aures
1742 2446 2088 2514 perveniente
2131 2446 2319 2500 utitur.

773 2533 933 2589 Vens.
972 2534 1054 2589 10.
1093 2535 1222 2600 Quae
1255 2537 1454 2589 utilitas
1504 2539 1556 2589 in
1591 2538 1843 2607 sanguine
1892 2554 2036 2603 meo,
2071 2540 2194 2592 dum
2233 2541 2324 2592 de-

769 2628 958 2681 scendo
988 2628 1040 2681 in
1079 2629 1502 2698 corruptionem?
1551 2627 1680 2695 Cur,
1731 2630 1926 2699 inquit,
1974 2631 2244 2686 clamavi?
2272 2643 2324 2685 et

767 2735 888 2788 quae
939 2729 991 2774 te
1040 2721 1321 2775 Dominum
1383 2736 1556 2775 meum
1587 2737 1653 2775 ac
1697 2722 1862 2776 Deum
1893 2740 2064 2776 meum
2101 2725 2326 2794 rogavi?

767 2811 927 2877 Quid,
954 2811 1145 2880 inquit,
1171 2813 1305 2866 bona
1331 2829 1388 2866 ca
1401 2814 1509 2867 ruis
1540 2814 1869 2877 habitudine,
1897 2825 1987 2867 aut
2006 2816 2171 2868 multo
2202 2831 2325 2869 san-

767 2902 929 2971 guine
965 2904 1096 2957 mihi
1123 2918 1257 2972 opus
1284 2913 1366 2959 est
1400 2923 1413 2958 :
1443 2919 1565 2959 cum
1591 2919 1786 2974 corpus
1810 2906 2145 2961 dissolutioni
2183 2923 2325 2963 com-

771 2995 916 3049 muni
941 2994 1119 3050 statim
1144 2996 1457 3049 tradendum
1481 2994 1667 3049 sit?At
1685 2997 1884 3065 castigo
1910 3013 2097 3066 corpus
2132 3016 2322 3066 meum,

767 3095 812 3139 et
845 3086 903 3139 in
930 3087 1228 3139 servitutem
1255 3087 1434 3154 redigo
1467 3085 1532 3150 δι,
1583 3095 1640 3138 ut
1674 3102 1740 3141 ne
1788 3089 2020 3157 vigente,
2059 3092 2325 3162 nimisque

769 3185 1096 3231 exaestuante
1124 3189 1242 3229 meo
1267 3176 1562 3245 sanguine,
1600 3177 1934 3247 corpulentia
1976 3183 2187 3235 occasio
2231 3183 2322 3235 ﬁat
2351 3201 2393 3257 ο

772 3269 998 3336 peccati.
1033 3266 1192 3322 Carni
1247 3276 1349 3320 tua:
1401 3280 1468 3321 ne
1493 3267 1815 3337 obsequare,
1859 3283 2068 3335 somno,
2110 3271 2322 3337 balneo,

771 3376 836 3415 ac
861 3360 1108 3414 mollibus
1140 3359 1401 3424 culeitris,
1443 3374 1652 3430 semper
1674 3360 1811 3414 hanc
1837 3371 2083 3431 repetens
2109 3372 2327 3416 senten-

772 3451 899 3502 tiam
934 3466 948 3501 :
984 3449 1114 3513 Quae
1139 3450 1343 3503 utilitas
1369 3450 1421 3502 in
1457 3452 1710 3518 sanguine
1741 3467 1875 3515 meo,
1921 3452 2045 3506 dum
2073 3455 2327 3510 descendo

768 3540 826 3593 in
854 3541 1238 3608 corruptionem
1259 3543 1284 3594 .9
1309 3541 1444 3605 Quid
1484 3540 1634 3595 foves
1661 3543 1801 3610 quod
1833 3543 1991 3611 paulo
2024 3558 2138 3614 post
2161 3548 2330 3602 inter-

773 3636 970 3687 iturum
1020 3633 1146 3686 est?
1186 3632 1312 3700 quid
1345 3635 1560 3702 saginas
1592 3643 1642 3686 te
1675 3636 1844 3702 ipsum
1874 3645 1927 3688 et
1950 3638 2332 3707 pinguefacis?

772 3722 850 3774 An
876 3721 1090 3791 ignoras
1119 3722 1256 3790 quod
1286 3732 1486 3788 quanto
1511 3722 1759 3791 pinguius
1810 3723 1905 3777 tibi
1936 3740 2130 3792 corpus
2162 3730 2330 3782 conti-

776 3815 873 3880 cis,
900 3823 1049 3868 tanto
1073 3814 1372 3883 graviorem
1407 3827 1682 3866 carcerem
1713 3814 1907 3868 animae
1934 3817 2137 3870 struis?
2170 3817 2328 3873 Nun-

778 3906 903 3977 quid
931 3906 1259 3974 con/itebitur
1287 3903 1380 3956 tibi
1405 3903 1596 3970 pulvis,
1641 3913 1730 3956 aut
1763 3907 2097 3960 annuntiabil
2137 3909 2330 3963 uerita-

775 4011 878 4052 tem
925 3999 1112 4051 tuam?
1164 3998 1439 4064 Quomodo
1491 3997 1631 4050 enim
1682 3998 1958 4051 terrestris
1989 4013 2051 4053 ac
2093 4014 2327 4056 carneus

778 4091 937 4146 homo
969 4092 1064 4146 tibi
1108 4092 1216 4146 Deo
1258 4089 1639 4144 conﬁtebitur?
1700 4089 1968 4157 quomodo
2010 4104 2138 4145 vero
2165 4093 2328 4148 etiam

776 4181 1117 4234 anuuntiabit
1147 4181 1444 4241 veritatem,
1486 4180 1578 4250 qui
1623 4195 1794 4248 neque
1843 4182 2137 4252 disciplinis
2187 4185 2332 4239 dedit

778 4286 984 4344 tempus
1011 4273 1200 4338 ullum,
1234 4285 1286 4328 et
1310 4273 1464 4341 cujus
1492 4290 1644 4328 mens
1693 4275 1744 4328 in
1777 4284 1921 4328 tanta
1979 4278 2157 4332 carnis
2196 4281 2333 4333 mole

775 4368 985 4420 defossa
1016 4373 1098 4418 est
1132 4380 1194 4417 ac
1218 4365 1447 4418 obruta?
1472 4363 1551 4418 0b
1587 4367 1639 4418 id
1689 4367 1854 4434 igitur
1899 4383 2114 4423 carnem
2158 4387 2327 4426 meam

776 4475 1010 4523 macero,
1060 4473 1156 4512 nec
1213 4472 1373 4526 parco
1423 4471 1542 4510 meo
1585 4457 1853 4526 sanguini,
1905 4461 1994 4526 qui
2029 4461 2078 4512 in
2114 4477 2327 4516 carnem

2420 608 2764 680 ἀπέστρεψάς
2818 626 2910 661 σου
2954 609 3015 661 τὸ
3047 611 3358 680 πρόσωπον,
3401 609 3458 663 τὸ
3488 611 3731 679 ἐμπαθὲς
3761 611 3856 664 καὶ
3894 628 3986 663 τε-

2421 699 2784 771 θορυϐημένον
2813 701 2907 770 τῆς
2938 700 3112 770 ψυχῆς
3142 703 3475 774 ἀπηλέγχθη.
3517 702 3900 775 Ἀποστρέφειν
3925 703 3987 757 δὲ

2419 790 2633 858 λέγεται
2673 795 2732 847 τὸ
2773 793 2963 847 ἑαυτοῦ
3011 795 3296 864 πρόσωπον
3342 801 3369 850 ὁ
3409 797 3575 863 Θεὸς,
3617 796 3744 849 ὅταν
3781 802 3838 851 ἐν
3869 801 3986 860 τοῖς

2417 879 2524 932 τῶν
2577 884 2942 954 περιστάσεων
2990 887 3199 955 καιροῖς
3233 885 3476 951 ἐκδότους
3525 886 3658 960 ἀφίῃ
3704 889 3815 950 τοῖς
3868 888 3985 956 (68)

2420 978 2761 1042 πειρασμοῖς,
2810 973 2900 1026 ἐπὶ
2929 975 2990 1027 τὸ
3021 975 3326 1046 γνωσθῆναι
3354 977 3413 1029 τὸ
3453 979 3664 1033 εὔτονον
3703 977 3796 1031 τοῦ
3836 979 3987 1044 ἀγω-

2419 1061 2718 1134 νιζομένου.
2763 1067 2884 1120 Ἐὰν
2929 1061 3018 1120 οῦν
3053 1069 3084 1137 ἡ
3127 1069 3314 1138 εἰρήνη
3355 1069 3387 1139 ή
3434 1070 3768 1142 ὑπερέχουσα
3805 1070 3986 1123 πάντα

2419 1155 2541 1209 νοῦν
2584 1160 2860 1231 φρουρήσῃ
2909 1159 3004 1223 τὰς
3058 1160 3283 1229 καρδίας
3340 1160 3515 1230 ήμῶν,
3563 1162 3836 1234 δυνάμεθα
3879 1162 3982 1231 τὴν

2419 1246 2659 1318 ταραχὴν
2698 1248 2789 1300 καὶ
2841 1250 2938 1320 τὴν
2993 1247 3250 1320 σύγχυσιν
3295 1248 3400 1300 τῶν
3447 1249 3631 1303 παθῶν
3680 1253 3981 1321 διαφυγεῐι.

2433 1337 2582 1389 Ἑπεὶ
2629 1334 2718 1391 οῦν
2764 1339 3167 1410 ἀντίκειταιτῷ
3208 1340 3302 1411 μὲν
3335 1338 3595 1408 θελήματι
3647 1341 3738 1394 τοῦ
3779 1339 3911 1394 Θεοῦ
3945 1342 3980 1409 ή

2421 1431 2767 1501 ἀποστροφὴ,
2807 1430 2884 1500 τῷ
2913 1431 2967 1482 δὲ
3008 1431 3192 1484 κάλλει
3228 1432 3320 1485 καὶ
3347 1433 3412 1500 τῇ
3455 1430 3744 1501 ὡραιότητι
3782 1435 3877 1488 καὶ
3917 1435 3986 1502 τῇ

2420 1519 2641 1590 δυνάμει
2671 1523 2702 1591 ή
2735 1523 2942 1592 ταραχή
2969 1539 2981 1550 ·
3014 1525 3096 1593 εἴη
3129 1523 3193 1577 ἂν
3228 1528 3259 1593 ή
3289 1522 3497 1595 ταραχὴ
3531 1521 3639 1591 (69)
3661 1521 3848 1594 αἶσχος
3891 1526 3988 1578 καὶ

2420 1611 2667 1664 ἀσθένεια
2696 1612 2890 1683 ψυχῆς,
2924 1617 2986 1666 ἐκ
3017 1614 3114 1683 τῆς
3142 1616 3248 1667 ἀπὸ
3275 1615 3405 1669 Θεοῦ
3449 1614 3851 1686 ἀλλοτριώσεως
3887 1619 3988 1684 ἐγ-

2420 1703 2693 1773 γινομένη.
2751 1704 3049 1774 Εὑχώμεθα
3104 1701 3194 1758 οὖν
3249 1709 3334 1760 ἀεὶ
3380 1707 3704 1778 ἐπιλάμπειν
3755 1709 3884 1777 ἡμῖν
3925 1709 3990 1760 τὸ

2422 1793 2707 1864 πρόσωπον
2759 1795 2849 1847 τοῦ
2905 1795 3037 1849 Θεοῦ
3063 1836 3078 1862 ,
3139 1797 3224 1850 ἵνα
3286 1801 3341 1851 ἐν
3398 1802 3772 1871 καταστήματι
3836 1793 3988 1870 ὦμεν

2423 1889 2751 1959 ἱεροπρεπεῖ,
2775 1889 2867 1942 καὶ
2906 1891 3089 1959 πρᾶοι,
3126 1890 3216 1943 καὶ
3240 1893 3394 1945 παντὶ
3427 1894 3609 1964 τρόπῳ
3632 1892 3892 1965 ἁτάραχοι
3924 1893 3990 1944 ἐκ

2420 1981 2517 2050 τῆς
2559 1981 2693 2050 πρὸς
2739 1980 2805 2033 τὰ
2852 1980 2991 2033 καλὰ
3026 1981 3384 2052 ἑτοιμότητος.
3429 1985 3824 2054 Ἠτοιμάσθην
3855 1983 3990 2054 γὰρ,

2422 2073 2573 2140 φησι,
2605 2072 2699 2123 καὶ
2731 2073 2840 2125 οὐκ
2869 2072 3223 2143 ἐταράχθην.
3251 2074 3404 2140 Πρὸς
3431 2076 3522 2140 σὲ,
3553 2079 3748 2146 Κύριε,
3786 2076 3993 2146 κεκρά-

2422 2163 2613 2232 ξομαι,
2645 2165 2740 2217 καὶ
2773 2164 2920 2234 πρὸς
2957 2165 3063 2219 τὸν
3089 2159 3234 2220 Θεόκ
3265 2182 3382 2233 μου
3420 2167 3804 2238 δεηθήσομαι.
3854 2168 3993 2220 Πολ-

2421 2253 2576 2318 λάκις
2603 2255 2811 2328 εἴρηται
2841 2259 2969 2330 περὶ
2999 2257 3091 2311 τοῦ
3121 2257 3447 2327 κεκραγέναι
3491 2262 3624 2332 πρὸς
3649 2261 3871 2330 Κύριον,
3906 2260 3992 2312 ὅτι

2425 2344 2582 2415 μόνου
2614 2345 2707 2399 τοῦ
2746 2347 2952 2418 μεγάλα
2985 2347 3078 2400 καὶ
3104 2347 3397 2416 ἐπουράνια
3441 2349 3830 2420 ἐπιθυμοῦντός
3875 2351 3993 2402 ἐστι

2409 2437 2481 2489 «τὸ
2523 2439 2764 2509 κράζειν.
2813 2441 2873 2492 Ei
2901 2439 2956 2492 δέ
3013 2456 3088 2500 τις
3131 2436 3302 2509 μικρὰ
3328 2441 3420 2492 καὶ
3452 2441 3666 2510 ἐπίγεια
3694 2439 3869 2510 αίτοίη
3900 2439 3994 2492 τὸν

2422 2529 2574 2596 Θεὸν,
2616 2532 2784 2601 μικρᾷ
2830 2531 2922 2584 καὶ
2972 2533 3196 2601 ταπεινῇ
3249 2531 3509 2602 κέχρηται
3566 2534 3632 2602 τῇ
3685 2534 3856 2601 φωνῇ,
3917 2532 3992 2601 μὴ

2424 2622 2696 2697 φθανούσῃ
2744 2624 2821 2686 είς
2875 2623 3024 2692 ὕψος,
3077 2623 3209 2693 μηδὲ
3245 2625 3509 2696 ἐρχομένῃ
3549 2627 3625 2688 εἰς
3676 2624 3776 2688 τὰς
3821 2626 3994 2690 ἀκοάς

2423 2715 2514 2768 τοῦ
2550 2716 2771 2785 Κυρίου.
2810 2715 2904 2780 Τίς
2926 2714 3177 2782 ὠφέλεια
3202 2716 3270 2767 ἐν
3299 2715 3376 2780 τῷ
3413 2716 3613 2785 αἵματί
3638 2733 3776 2786 μου,
3811 2717 3882 2770 ἐν
3915 2717 3996 2782 τῷ

2423 2808 2799 2861 καταϐαίνειν
2842 2807 2956 2877 (70)
3012 2825 3085 2877 με
3135 2810 3221 2874 είς
3266 2808 3630 2878 διαφθοράν;
3669 2811 3769 2877 Τί,
3805 2810 3993 2881 φησιν,

2424 2898 2721 2970 ἐκέκραξα;
2767 2899 2858 2951 καὶ
2903 2901 3029 2970 περὶ
3063 2898 3204 2963 τίνος
3233 2899 3455 2972 ἐδεήθην
3484 2902 3621 2973 πρὸς
3655 2900 3713 2955 σὲ
3753 2902 3846 2954 τὸν
3878 2900 3994 2953 Κύ-

2427 2992 2537 3062 ριόν
2583 3009 2682 3061 μου
2727 2992 2820 3044 καὶ
2864 2991 2952 3045 τὸν
2993 2992 3122 3045 Θεὸν
3172 3010 3312 3063 μου;
3357 2994 3450 3058 Τίς
3480 3011 3568 3064 μοι
3613 2995 3789 3064 χρεία,
3839 2992 3993 3062 φησι,

2427 3084 2625 3156 σαρκὸς
2657 3085 2948 3148 εὐπαθείας
2997 3085 3088 3138 καὶ
3135 3086 3362 3156 αἵματος
3403 3085 3669 3155 πλήθους,
3713 3086 3996 3155 μέλλοντος

2426 3177 2546 3229 ὅσον
2569 3177 2776 3229 οὐδέπω
2807 3177 3186 3246 παραδίδοσθαι
3222 3179 3283 3245 τῇ
3320 3178 3467 3246 κοινῇ
3502 3175 3737 3228 διαλύσει
3767 3176 3860 3229 τοῦ
3893 3176 3994 3229 σώα

2434 3285 2631 3337 ματο;;
2680 3269 2830 3320 Ἀλλ’
2877 3267 3183 3326 ὑπωπιάζω
3224 3265 3332 3336 (71)
3373 3285 3492 3336 μου
3542 3268 3607 3320 τὸ
3644 3269 3846 3338 σῶμα,
3897 3272 3993 3324 καὶ

2427 3358 2800 3427 δουλαγωγῶ,
2852 3360 3044 3430 μήπως
3103 3359 3446 3423 εὐεκτοῦντος
3500 3360 3593 3413 καὶ
3642 3361 3997 3431 ὐπερζέοντός

2434 3471 2521 3525 μοι
2553 3451 2646 3506 τοῦ
2677 3453 2927 3523 αἵματος,
2964 3453 3182 3523 ἀφορμὴ
3211 3453 3342 3524 πρὸς
3369 3453 3640 3524 ἁμαρτίαν
3667 3455 3698 3523 ὴ
3729 3453 3999 3524 πολυσαρ-

2431 3547 2523 3599 κία
2562 3546 2802 3616 γένηται.
2835 3544 2924 3615 Μὴ
2949 3545 3206 3598 κολάκευέ
3233 3562 3323 3598 σου
3356 3545 3454 3616 τὴν
3491 3545 3665 3616 σάρκα
3691 3544 3876 3608 ὕπνοις
3906 3545 3998 3597 καὶ

2431 3640 2672 3711 λουτροῖς
2715 3639 2806 3691 καὶ
2848 3639 3106 3710 μαλακοῖς
3132 3639 3442 3709 στρώμασιν
3466 3679 3480 3702 ,
3521 3638 3609 3689 ἀεὶ
3643 3639 3908 3706 ἐπιλέγων
3938 3637 4018 3702 τὸ,

2433 3732 2581 3802 ῥῆμα
2611 3731 2769 3783 τοῦτο
2791 3749 2803 3762 ο
2842 3731 2932 3796 Τίς
2961 3729 3210 3799 ὠφέλεια
3236 3730 3304 3781 ἐν
3333 3728 3412 3793 τῷ
3441 3730 3640 3796 αἵματί
3652 3749 3791 3799 μου,
3826 3733 3894 3783 ἐν
3924 3730 3999 3793 τῷ

2431 3823 2804 3874 καταϐαίνειν
2851 3838 2925 3889 με
2967 3823 3050 3885 είς
3096 3818 3458 3888 διαφθορεὺς
3510 3821 3573 3871 Τί
3615 3822 3895 3891 περιέπεις
3943 3820 4000 3871 τὸ

2433 3912 2624 3981 μικρὸν
2656 3910 2876 3981 ὕστερον
2903 3910 3344 3980 φθαρησόμενον;
3371 3909 3421 3961 τί
3447 3911 3825 3973 καταπιαίνεις
3853 3928 4001 3962 σεαυ-

2426 4004 2515 4055 τὸν
2548 4003 2641 4056 καὶ
2669 4005 3054 4073 περισαρκοῖς;
3093 4003 3162 4054 Ἦ
3191 4003 3421 4069 ἀγνοεῖς,
3454 4002 3533 4054 ὅτι
3561 4003 3670 4072 ὅσῳ
3691 4002 3998 4073 παχυτέραν

2428 4097 2525 4167 τὴν
2566 4097 2740 4165 σάρκα
2795 4093 3002 4165 σεαυτῷ
3059 4096 3247 4156 ποιεῖς,
3302 4093 3536 4164 τοσούτῳ
3585 4093 3881 4162 βαρύτερον
3916 4097 3997 4164 ¹τῇ

2429 4186 2571 4256 ψυχῇ
2605 4185 3029 4250 κατασκευάζεις
3068 4187 3128 4238 τὸ
3165 4185 3563 4256 δεσμωτήριον;
3599 4185 3692 4252 Μὴ
3721 4185 4000 4254 ἐξομολο-

2432 4280 2677 4350 γήσεται
2698 4299 2793 4335 σοι
2817 4281 2983 4350 χοῦς,
3016 4282 3053 4348 ἢ
3079 4279 3395 4350 ἀναγγελεῖ
3411 4278 3521 4344 τὴν
3542 4278 3828 4345 ἀλήθειάν·
3848 4294 3962 4332 σου
3983 4298 4000 4343 ,-

2432 4374 2556 4436 Πῶς
2601 4374 2706 4443 γὰρ
2757 4375 2785 4425 ό
2840 4373 3019 4442 χοῖκδς
3072 4371 3354 4443 ἄνθρωπος
3387 4372 3478 4424 καὶ
3513 4364 3766 4442 σάρκινός
3811 4369 3998 4441 ἐξομο-

2431 4460 2716 4535 λογήσεταὶ
2759 4481 2840 4514 σοι
2888 4463 2964 4532 τῷ
2993 4462 3145 4531 Θεῷ;
3201 4461 3316 4523 πῶς
3366 4463 3422 4513 δὲ
3464 4463 3555 4514 καὶ
3589 4462 3879 4529 ἀναγγελεῖ
3906 4462 4000 4530 τὴν

779 4550 1077 4605 coalescere
1102 4548 1258 4612 solet,
1299 4555 1358 4601 ut
1389 4547 1833 4616 impedimentum
1865 4547 2068 4601 nullum
2104 4552 2232 4605 mihi
2264 4555 2334 4608 sit
2366 4547 2409 4604 D
2434 4559 2461 4610 ἁ

2317 4547 2409 4608 ιι)
2434 4557 2685 4626 ἀλήθειαν
2727 4554 2840 4622 (72)
2891 4556 2919 4605 ό
2971 4555 3106 4622 μήτε
3158 4551 3437 4621 μαθήμασι
3472 4552 3659 4622 καιρὸν
3701 4553 3856 4615 δοὺς,
3909 4555 3999 4604 καὶ

782 4645 850 4699 ad
880 4642 1296 4706 confessionem,
1326 4654 1496 4709 neque
1525 4640 1592 4693 ad
1626 4639 1868 4693 veritatis
1903 4641 2332 4711 intelligentiam.

2439 4651 2495 4701 ἐν
2524 4647 2756 4715 τοσούτῳ
2793 4645 2946 4716 βάρει
2989 4645 3087 4713 τῆς
3129 4642 3325 4712 σαρκὸς
3355 4643 3443 4695 τὸν
3481 4642 3606 4695 νοῦν
3643 4643 3834 4696 ἑαυτοῦ
3872 4661 3999 4711 συγ-

776 4739 1117 4810 κεχωσμένον
1145 4737 1314 4808 ἔχων;
1353 4735 1450 4788 Διὰ
1479 4735 1633 4788 τοῦτο
1657 4735 1834 4787 τοίνυν
1865 4737 2078 4806 ἐκτήκω
2110 4756 2210 4807 μου
2246 4744 2347 4813 τὴν
2401 4744 2596 4816 σάρκα,
2659 4743 2750 4794 καὶ
2781 4738 2985 4809 ἀφειδῶ
3027 4737 3119 4790 τοῦ
3148 4738 3376 4806 αἵματος
3413 4737 3549 4806 ὅπερ
3574 4737 3652 4798 εἰς
3687 4738 3864 4806 σάρκα
3904 4736 3999 4788 πὲδ

775 4848 911 4900 φυκε
954 4827 1426 4900 μεταπήγνυσθαι,
1477 4827 1562 4878 ἵνα
1611 4825 1774 4896 μηδὲν
1830 4842 1917 4895 μοι
2048 4829 2160 4898 (75)
2210 4833 2347 4904 πρὸς
2390 4833 2827 4905 ἐξομολόγησινῆ
2863 4830 2996 4901 πρὸς
3017 4829 3114 4899 τὴν
3141 4829 3238 4898 τῆς
3275 4828 3528 4898 ἀληθείας
3564 4829 3889 4898 κατανόησιν
3915 4831 4002 4899 ἑμ-

775 4924 1008 4988 ποδίζον.

843 5020 894 5074 7.
923 5020 1086 5074 Vens.
1117 5018 1204 5072 11.
1230 5016 1444 5071 Audiuit
1480 5015 1749 5075 Dominus.
1769 5027 1816 5070 et
1831 5020 2073 5072 misertus
2097 5030 2168 5072 est
2194 5025 2328 5076 mei:

2510 5021 2559 5073 7.
2591 5021 2851 5072 Ἤκουσε
2873 5015 3101 5080 Κύριος,
3135 5010 3229 5064 καὶ
3249 5008 3475 5077 ἠλέησέ
3498 5025 3572 5078 με
3593 5026 3606 5038 ·
3631 5009 3846 5076 Κύριος
3882 5007 4004 5078 ἐγέ-

841 5111 884 5144 ³⁹
910 5111 1138 5180 Philipp.
1165 5123 1238 5172 tv,
1261 5110 1312 5163 7.
1385 5107 1587 5161 “Psal.
1614 5123 1801 5172 cxvm,
1829 5109 1920 5162 60.
1996 5111 2034 5140 δ’
2061 5111 2225 5165 lCor.
2250 5113 2435 5177 tx,9.7.

841 5207 954 5277 (68)
998 5206 1173 5279 Editio
1195 5204 1565 5279 [ﬁnisﬁnem
1599 5208 1730 5279 τοῖς.
1759 5204 1836 5279 _At
1879 5221 2005 5279 mss.
2033 5221 2142 5279 se);
2169 5207 2326 5279 ἀφίῃ.

773 5274 905 5346 Reg.
935 5274 1126 5332 sextus
1146 5275 1355 5346 ἀφίησι.
1381 5274 1590 5346 Ibidem
1609 5275 1769 5346 aliqui
1806 5291 1933 5327 mss.
1965 5276 2054 5328 ἐπὶ
2074 5276 2153 5330 τό.

840 5345 951 5418 (69)
992 5346 1102 5411 Illa,
1128 5347 1214 5415 εἴη
1246 5345 1311 5398 ἂν
1337 5345 1624 5418 ἡταραχή,
1656 5345 1848 5418 desunt
1876 5345 1923 5418 in
1957 5347 2159 5418 duobus
2187 5360 2313 5418 mss.

771 5413 1050 5482 Aliquanto
1097 5413 1216 5483 post
1266 5413 1502 5468 nonnulli
1540 5429 1667 5467 mss.
1694 5413 1982 5482 εὐχόμεθα.
2014 5416 2116 5467 Alii
2158 5413 2328 5483 εὐχώ-

775 5489 932 5558 μεθα.
964 5485 1080 5558 Mox
1124 5486 1250 5539 editi
1300 5487 1489 5558 ἦσυχοι
1539 5483 1631 5558 καὶ
1677 5485 1859 5552 πρᾶοι.
1898 5484 2003 5538 Sed
2043 5500 2144 5538 vox
2188 5485 2326 5553 ἥσυ-

771 5555 1031 5629 χοιᾷίιοεει
1059 5556 1110 5629 in
1142 5557 1341 5608 nostris
1371 5555 1612 5629 undecim
1645 5569 1773 5629 _mss.

791 5618 804 5629 ’
840 5626 954 5695 (70)
994 5623 1157 5695 Colb.
1186 5635 1411 5692 quartus
1474 5623 1692 5690 perinde
1738 5631 1900 5690 atque
1954 5621 2097 5695 LXX
2141 5625 2197 5695 ἐν
2243 5623 2322 5693 τῷ

769 5693 1091 5764 καταϐῆναι.
1122 5694 1256 5749 Editi
1292 5708 1418 5747 vero
1448 5704 1502 5746 et
1534 5708 1661 5747 mss.
1692 5708 1794 5746 non
1835 5694 1988 5760 pauci
2018 5695 2074 5745 ἐν
2119 5693 2195 5762 τῷ
2229 5711 2328 5745 κα-

770 5767 1061 5820 ταϐαἱνειν.

844 5838 956 5907 (7t)
993 5833 1105 5890 Duo
1137 5850 1267 5891 mss.
1309 5849 1428 5890 cum
1482 5842 1626 5890 textu
1675 5846 1830 5888 sacro
1864 5832 2184 5895 ὑπωπιάζω.
2221 5831 2326 5886 Alii

2437 5206 2540 5259 duo
2573 5196 2857 5258 ὑποπιάζω
2879 5233 2893 5254 ,
2936 5201 3208 5260 corrupte,
3255 5204 3352 5258 pro
3383 5185 3999 5260 bnwmdiw._Nopnulli

2436 5257 2522 5326 alii
2556 5257 2850 5328 ὑποπιέζω.
2889 5264 3006 5316 Mox
3041 5257 3187 5329 Regii
3228 5257 3496 5313 secundus
3524 5267 3576 5311 et
3613 5257 4004 5329 tertiusbmp-

2433 5325 2642 5407 ζέον-,τός
2674 5325 2797 5408 μου.
2842 5333 2982 5408 Εόίιὶ
3018 5341 3072 5384 et
3105 5325 3192 5384 avlii
3213 5329 3441 5408 ﬂuidam
3479 5325 3999 5408 ittss._urrsp{éovrd;

2435 5395 2542 5483 μοι.
2580 5395 2688 5483 Sed
2735 5408 2804 5483 ita
2837 5403 3007 5483 multo
3045 5409 3163 5483 post.
3213 5398 3344 5467 Reg.
3377 5398 3596 5483 tertius.

2429 5463 2537 5549 in};
2559 5480 2729 5550 ῥῆμα.
2758 5473 2993 5528 Subinde
3025 5463 3252 5550 quatuor
3287 5463 3414 5550 mss.
3445 5470 3500 5519 ὲν
3529 5464 3607 5535 τῷ
3634 5463 4000 5517 καταϐαίνειν.

2428 5536 2763 5605 Εάὶιῖο”γθτο
2795 5536 3059 5614 Ριιι·ἱε.ἐν
3081 5536 3512 5614 τερ-καταϐῆναιἸ
3683 5603 3715 5614 η
3749 5603 3759 5614 _
3827 5603 3866 5614 Ἀ
3938 5604 3950 5614 ο

2499 5620 2611 5685 (7'2)
2653 5614 2804 5670 Unus
2839 5603 3226 5685 tns._dl_ﬁ05'tﬁ~t
3259 5603 3604 5685 aoualbi‘d‘em
3632 5603 3798 5657 editio
3827 5603 3999 5657 Paris.

2432 5675 2677 5761 μαθήσει-
2692 5702 2790 5761 και
2798 5682 2892 5761 ρόν
2895 5719 2907 5730 .
2940 5681 3046 5761 sed
3061 5675 3208 5761 “mss.
3235 5688 3369 5761 nicto.
3393 5675 3532 5744 μαθή
3544 5690 3696 5761 μασ..

2503 5742 2614 5827 (73)
2665 5742 2813 5816 Illud,
2865 5749 2934 5827 ᾗ,Δ
2970 5750 3212 5827 de_est_in
3258 5742 3672 5827 οοιδχᾳειετυξ..
3713 5743 3782 5827 ιη.
3814 5742 4001 5827 eodem

2432 5809 2762 5885 illd—codice
2802 5809 2994 5879 'stiit'im
3045 5819 3237 5889 legitur
3280 5813 3581 5882 ἐμποδίζοι.
3631 5812 3784 5866 Haud
3843 5811 3996 5880 longe
