4260 6506
225 443 321 498 591

1357 442 1632 496 lithlLM
1675 445 1736 497 IN
1781 445 2103 502 PSALMUM
2145 448 2331 504 XXIX.

3357 451 3461 503 392

219 557 374 623 νήθη
402 556 630 621 ,ϐοηθός
674 573 813 626 μου,
860 551 1012 606 Μετά
1056 552 1117 604 τὸ
1156 553 1512 626 διηγήσασθαι
1554 555 1671 608 τίνα
1725 553 1792 628 ἦν
1823 565 1901 615 Α.

1780 575 1792 608 ρ
1823 565 1867 615 Α
1896 556 2151 614 Dominus
2183 560 2357 628 {actui
2383 570 2459 612 est
2493 558 2713 628 adjutor
2739 573 2903 612 meus.
2949 557 3236 628 Postquam
3276 572 3462 615 narra'

217 650 254 704 ἃ
286 649 418 720 πρὸς
440 649 529 702 τὸν
551 649 681 702 Θεὸν
703 645 1015 717 ὲκέκραξεν,
1052 647 1210 709 εὐθὺς
1237 650 1552 722 αἰσθόμενος
1580 650 1676 721 τῆς
1697 651 1790 702 ἁν-

219 744 486 814 τιλήᾷεως
526 743 617 796 τοῦ
652 739 806 801 Θεοῦ,
855 740 1152 811 παρορμῶν
1198 743 1342 811 ἡμᾶς
1381 743 1514 817 πρὸς
1541 744 1640 814 τὴν
1683 744 1789 798 τῶν

216 836 414 905 ὁμοίων
439 838 668 903 αἴτησιν,
709 834 980 896 Ἤκουσε,
1008 835 1161 905 φησὶ,
1187 837 1416 903 Κύριος,
1445 836 1541 890 καὶ
1562 837 1790 904 ἠλέησέ

216 947 288 996 με
315 947 328 960 ’
374 932 586 995 Κύριος
623 925 873 994 ἐγενήθη
908 928 1136 995 ,Βοηθός
1159 945 1296 996 μου.
1349 928 1649 999 Εύχώμεθα
1697 927 1789 984 οὖν

217 1024 310 1075 καὶ
355 1023 549 1090 ἡμεῖς,
601 1019 692 1071 καὶ
733 1020 1023 1090 κράζωμεν
1072 1018 1168 1089 τὴν
1214 1022 1584 1094 πνευματικὴν
1639 1021 1785 1092 βοὴν,

216 1113 521 1181 αἰτούμενοι
549 1110 612 1164 τὰ
649 1113 876 1182 μεγάλα,
913 1110 985 1180 μὴ
1009 1113 1436 1186 ἀντιποιούμενοι
1464 1117 1560 1183 τῆς
1590 1116 1789 1185 σαρκὸς

216 1205 298 1273 (nt
325 1203 431 1271 γὰρ
456 1202 524 1254 ἐν
554 1207 729 1272 σαρκὶ
762 1204 950 1267 ὄντες,
981 1203 1100 1269 Θεῷ
1130 1208 1337 1274 ἀρέσαι
1369 1210 1439 1261 οὐ
1460 1208 1785 1274 δύνανται),

215 1294 303 1348 ἴνα
336 1296 428 1347 καὶ
460 1296 612 1365 ἡμῶν
645 1294 923 1368 ἐπακούσῃ
964 1298 991 1348 6
1028 1297 1245 1368 Κύριος,
1283 1301 1510 1370 ἐλεήσας
1543 1302 1698 1372 ἡμῶν
1729 1301 1788 1352 τὸ

215 1385 455 1448 ἀσθενὲς,
501 1389 593 1439 καὶ
629 1403 726 1453 της
776 1385 923 1448 θείας
973 1385 1219 1456 βοηθείας
1252 1389 1652 1454 ἀπολαύσαντες
1695 1391 1787 1443 καὶ

215 1479 373 1547 ἡμεῖς
411 1481 684 1547 εἴπωμενο
734 1479 1074 1544 Ἕστρειίγις
1114 1480 1220 1531 τὸν
1264 1482 1516 1532 κοπετόν
1552 1501 1667 1547 μου
1701 1485 1788 1546 εἰς

214 1570 406 1638 χαρὰν
429 1570 578 1639 ἐμοί.
629 1570 700 1621 Οὐ
731 1573 797 1640 τῇ
829 1570 1062 1640 τυχούσῃ
1094 1570 1235 1640 ψυχῇ
1267 1573 1297 1641 ἠ
1330 1573 1437 1623 ἀπὸ
1466 1573 1598 1625 Θεοῦ
1645 1576 1787 1644 χαρὰ

213 1662 507 1731 ἐγγίνεται,
549 1660 661 1714 ἀλλ’
689 1660 741 1715 εἴ
778 1680 861 1725 τις
908 1662 1075 1715 πολλά
1109 1663 1204 1732 τὴν
1235 1664 1506 1735 ἁμαρτίαν
1532 1664 1627 1734 τὴν
1661 1666 1786 1717 ἐαυ-

211 1755 304 1808 τοῦ
359 1754 770 1818 ἀπεκλαύσατο,
830 1756 1068 1827 ἰσχυροῖς
1127 1755 1379 1826 ὀδυρμοῖς
1429 1758 1520 1810 καὶ⁸
1571 1757 1787 1829 θρήνοις

209 1846 529 1916 διηνεκέσιν,
564 1848 637 1910 ὡς
678 1849 768 1899 ἐπὶ
801 1847 1053 1900 τεθνεῶτι
1100 1848 1275 1918 ἐαυτῷ
1323 1850 1548 1902 κοπετὸν
1595 1853 1782 1921 ἐποιὴ-

212 1955 374 2000 σατο,
402 1940 493 1990 τοῦ
528 1940 766 1990 τοιούτου
802 1940 829 1989 ὁ
865 1941 1090 2002 κοπετὸς
1138 1943 1214 2002 εἰς
1258 1941 1429 2008 χαρὰν
1479 1943 1782 2012 στρέφεται.

213 2033 338 2097 ζὈτι
376 2034 434 2086 δέ
470 2036 616 2086 ἐστιν
652 2035 949 2097 ἐπαινετῶς
999 2034 1298 2102 κόψασθαι,
1347 2035 1594 2098 δηλοῦσιν
1637 2041 1683 2089 οἱ
1730 2041 1787 2090 ὲν

208 2129 332 2189 ταῖς
356 2127 576 2198 ἀγοραῖς
607 2126 902 2197 καθήμενοι
957 2127 1162 2191 παῖδες,
1197 2131 1244 2179 oi
1279 2127 1555 2194 λέγοντες’
1595 2130 1788 2196 Ὲθρη-

209 2215 484 2287 νήσαμεν
511 2217 669 2287 ὑμῖν,
715 2218 811 2271 καὶ
853 2220 962 2272 οὐκ
999 2219 1306 2285 ἐκόψασθε
1336 2219 1478 2288 (74)’
1515 2220 1788 2288 nidiﬁca-

205 2323 321 2376 μεν
342 2309 502 2378 ὑμῖν,
535 2309 632 2361 καὶ
658 2311 765 2362 οὐκ
791 2308 1167 2376 ὠρχήσασθε.
1200 2311 1353 2361 Ἔστι
1380 2309 1436 2361 δὲ
1464 2312 1491 2363 6
1518 2312 1676 2375 αὐλὸς
1698 2312 1787 2384 ὅρ-

207 2414 374 2465 γανον
405 2399 658 2468 μουσικὸν
703 2397 968 2467 πνεύματι
1019 2398 1264 2468 συνεργῷ
1309 2401 1444 2470 πρὸς
1505 2402 1599 2472 τὴν
1662 2403 1787 2472 μελ-

207 2489 372 2558 ῳδίαν
389 2488 686 2559 χρώμενον.
708 2488 905 2559 Διόπερ
939 2485 1090 2558 οἶμαι
1121 2491 1296 2542 πάντα
1323 2490 1474 2559 ἅγιον
1501 2494 1786 2563 προφήτην

208 2581 370 2634 αὐλὸν
403 2580 674 2652 τροπικῶς
713 2582 1070 2653 ὀνομάζεσθαι
1114 2582 1200 2634 διὰ
1243 2583 1339 2654 τὴν
1382 2587 1444 2637 ὲκ
1491 2585 1584 2636 τοῦ
1629 2584 1782 2650 ἁγίου

207 2671 523 2740 Πνεύματος
576 2671 806 2740 κίνησιν.
860 2673 1087 2743 Διόπερ,
1157 2674 1352 2742 φησιν,
1417 2673 1786 2742 Ηύλήσαμεν

205 2763 367 2831 ὑμῖν,
401 2763 496 2816 καὶ
518 2767 626 2816 οὐκ
649 2765 1026 2832 ὠρχήσασθε.
1065 2767 1126 2816 Ui
1153 2764 1260 2834 γὰρ
1289 2767 1611 2835 προφητικοὶ
1638 2766 1784 2835 λόγοι

205 2853 608 2924 προτρέπονται
667 2855 815 2924 ἡμᾶς
864 2852 956 2906 ἐπὶ
1014 2852 1111 2924 τὴν
1158 2852 1424 2923 εὔρυθμον
1476 2853 1574 2921 τῆς
1623 2853 1784 2920 ἁγίας

205 2945 538 3017 προφητείας
575 2947 873 3018 ἐνέργειαν,
934 2946 1053 3016 ἥτις
1093 2946 1302 3016 εἴρηται
1334 2945 1577 3015 ὄρχησις.
1627 2944 1783 2997 Ἀλλά

205 3039 298 3090 καὶ
335 3037 618 3109 θρηνοῦσιν
649 3039 778 3107 ἡμῖν
819 3038 866 3088 οἱ
914 3038 1184 3107 προφῆται
1211 3077 1225 3098 ,
1275 3037 1353 3098 είς
1384 3035 1610 3088 κοπετὸν
1638 3037 1783 3105 ἡμᾶς

205 3132 656 3203 προκαλούμενοι,
690 3132 796 3194 ἵνα,
831 3132 906 3193 είς
933 3129 1281 3200 συναίσθησιν
1316 3128 1557 3192 ἐλθόντες
1591 3130 1652 3181 ἐκ
1676 3129 1781 3182 τῶν

207 3225 559 3294 προφητικῶν
581 3224 752 3292 λόγων
781 3223 873 3275 ἐπὶ
900 3225 1012 3286 τοῖς
1042 3221 1248 3274 ἑαυτῶν
1283 3222 1658 3292 ἁμαρτήμασι,
1687 3239 1782 3274 κα-

200 3316 630 3385 ταπενθήσωμεν
664 3315 819 3385 ἡμῶν
867 3315 965 3386 τὴν
1011 3313 1282 3367 ἀπώλειαν
1306 3356 1320 3379 ,
1359 3316 1415 3365 ἐν
1463 3314 1651 3378 κόποις
1692 3314 1781 3366 καὶ

206 3406 420 3476 μόχθοις
460 3407 559 3477 τὴ]
608 3408 784 3477 σάρκα
838 3405 994 3476 ἡμῶν
1047 3405 1477 3467 καταπιέσαντες
1513 3403 1643 3474 (75).
1693 3403 1782 3474 Τῷ

201 3497 427 3569 τοιούτῳ
473 3499 652 3550 τοίνυν
692 3499 1122 3568 περιρρήγνυται
1176 3498 1270 3566 μὲν
1309 3497 1368 3549 τὸ
1399 3496 1648 3549 πενθικὸν
1696 3496 1781 3549 ἕν-

200 3589 368 3660 δυμα,
415 3589 442 3642 δ
474 3588 829 3643 καταπενθῶν
875 3589 1064 3641 ἑαυτοῦ
1096 3588 1193 3658 τὴν
1223 3588 1494 3658 ἁμαρτίαν
1528 3588 1782 3659 περιεδά-

201 3685 343 3740 λετο.
394 3683 733 3757 Περιτίθεται
762 3684 817 3736 δὲ
849 3682 996 3752 αὐτῷ
1034 3685 1060 3735 6
1093 3681 1258 3752 χιτὼν
1291 3681 1388 3751 τῆς
1421 3681 1777 3752 εὐφροσύνης,

199 3779 295 3832 καὶ
323 3778 384 3830 τὸ
431 3776 642 3848 ἱμάτιον
687 3775 778 3830 τοῦ
813 3775 1101 3844 σωτηρίου,
1141 3773 1208 3826 τὰ
1241 3772 1440 3844 φαιδρὰ
1472 3773 1640 3825 ταῦτα
1689 3776 1780 3826 καὶ

198 3872 412 3941 γαμικά
436 3871 725 3940 ἐνδύματα,
754 3864 835 3932 οἷς
865 3869 893 3920 6
919 3866 1329 3938 κεκοσμημένος
1359 3867 1422 3919 ἐκ
1448 3866 1540 3918 τοῦ
1564 3867 1780 3938 νυμφῶ-

196 3979 289 4024 νος
319 3963 418 4014 οὐκ
447 3962 860 4031 ἐκϐληθήσεται.
892 3959 1212 4027 Διέρῤηξας
1242 3959 1348 4011 τὸν
1382 3957 1612 4010 σάκκον
1634 3975 1774 4026 μου,

197 4054 298 4106 καὶ
325 4051 676 4120 περιέζωσάς
699 4069 772 4119 με
792 4053 1197 4118 εὐφροσύνην.
1226 4050 1490 4120 Συνεργὸς
1515 4050 1592 4111 είς
1616 4049 1778 4118 μετά-

195 4160 347 4197 νοιαν
367 4145 396 4195 6
422 4144 638 4205 σάκκος,
663 4140 1039 4204 ταπεινώσεως
1067 4142 1328 4212 ὑπάρχων
1356 4142 1417 4194 σύ
1427 4142 1619 4212 μϐολον
1643 4142 1774 4212 (76).

198 4236 391 4291 Πάλαι
417 4239 525 4306 γὰρ
559 4235 632 4288 ἂν
665 4236 734 4288 ἐν
766 4236 992 4302 σάκκῳ,
1044 4236 1198 4306 φησι,
1251 4235 1347 4287 καὶ
1392 4236 1599 4301 σποδῷ
1637 4240 1777 4290 καθ-

193 4329 402 4402 ήμενοι
419 4329 813 4399 μετενόησαν.
833 4330 983 4381 Ἐπεὶ
1013 4329 1069 4381 δὲ
1093 4331 1120 4380 6
1154 4328 1470 4390 Ἀπὸστολος
1503 4329 1611 4398 (77)
1643 4333 1779 4382 ἁνα-

193 4423 623 4492 κεκαλυμμένῳ
661 4421 955 4488 προσώπῳ
993 4420 1106 4487 τὴν
1144 4419 1338 4486 αὐτὴν
1369 4421 1570 4472 εἰκόνα
1614 4437 1776 4489 μετα-

198 4516 499 4587 μορφοῦται
530 4514 647 4568 ἀπὸ
678 4513 864 4582 δόξης
894 4517 980 4578 εἰς
1007 4513 1210 4577 δόξαν,
1236 4514 1334 4583 τὴν
1355 4512 1597 4565 δοθεῖσαν
1626 4512 1774 4583 αὐτῷ

1895 651 2243 720 νίιιιιιιιιιιτιιιι
2302 648 2501 704 t‘uerint
2560 665 2680 721 quae
2717 650 2828 720 ipse
2886 650 2950 703 ad
3005 650 3285 709 Dominum
3342 654 3459 709 cla-

1894 743 2078 802 mavit,
2133 742 2313 794 statim
2358 739 2448 793 Dei
2510 742 2747 795 sentiens
2808 738 3089 806 auxilium,
3134 756 3230 794 nos
3280 745 3342 796 ad
3374 761 3461 812 pc-

1894 833 2050 886 tenda
2084 833 2277 886 similia
2303 844 2579 902 provocat.
2623 835 2876 897 Audiuit,
2927 835 3135 903 inquit,
3175 835 3452 900 Dominus,

1891 933 1936 975 et
1970 924 2299 976 miserlusest
2318 924 2451 976 mei:
2480 922 2732 976 Dominus
2751 927 2924 993 factus
2948 936 3023 978 est
3051 927 3269 995 adjutor
3289 945 3453 983 meus.

1891 1013 2121 1070 Oremus
2145 1016 2307 1085 igitur
2334 1025 2389 1068 et
2422 1031 2540 1079 nos,
2575 1031 2636 1068 ac
2675 1016 3006 1082 spiritualem
3034 1016 3328 1071 clamorem
3352 1019 3458 1072 cla-

1891 1122 2120 1171 memus,
2155 1121 2260 1160 non
2311 1121 2472 1176 parva
2523 1118 2781 1172 pctcntes,
2826 1125 2922 1162 nec
2973 1111 3121 1164 carni
3182 1111 3457 1164 studentes

1892 1194 2018 1262 (Qui
2053 1199 2187 1248 enim
2212 1198 2267 1249 in
2285 1211 2440 1248 carne
2471 1206 2611 1259 sunt,
2633 1195 2738 1248 Deo
2755 1196 2960 1263 placere
2990 1216 3091 1252 non
3115 1215 3331 1268 possunt
3363 1199 3453 1268 δ’),

1892 1296 1948 1337 ιιι
1979 1298 2032 1338 et
2063 1303 2160 1339 nos
2190 1288 2447 1340 exaudiat
2481 1286 2638 1350 Deus,
2669 1289 2994 1342 debilitatem
3032 1305 3268 1347 nostram
3300 1292 3458 1345 mise-

1893 1387 2060 1439 ratus,
2098 1384 2258 1442 atque
2305 1379 2506 1432 auxilio
2548 1377 2732 1431 divino
2778 1378 2925 1433 fruiti
2965 1383 3126 1434 etiam
3175 1401 3271 1440 nos
3301 1385 3455 1438 dica-

1890 1482 2006 1520 mus
2038 1483 2051 1520 :
2091 1466 2251 1520 Vens.
2289 1466 2372 1519 12.
2412 1467 2726 1522 Convertiin
2751 1468 3021 1537 planctum
3048 1489 3211 1525 meum
3240 1474 3291 1527 in
3319 1491 3454 1544 gan-

1887 1561 2032 1610 dium
2081 1560 2229 1612 mi/ti.
2286 1557 2398 1611 Non
2439 1561 2488 1611 in
2522 1562 2760 1629 qualibet
2787 1563 2963 1614 anima
3019 1563 3157 1616 inest
3204 1569 3455 1632 gaudium

1891 1650 1981 1702 Dei
2010 1668 2024 1702 :
2059 1653 2149 1703 sed
2177 1652 2221 1705 si
2254 1650 2374 1720 quis
2411 1650 2633 1704 multum
2665 1662 2947 1722 peccatum
2975 1670 3129 1705 suum
3166 1655 3450 1723 planxerit,

1890 1742 2191 1796 vehementi
2247 1743 2498 1796 videlicet
2538 1744 2704 1804 luctu,
2756 1756 2809 1799 et
2861 1746 3092 1800 assiduis
3126 1748 3451 1816 gemitibus,

1889 1835 2112 1901 perinde
2136 1838 2287 1904 quasi
2321 1852 2378 1891 se
2416 1837 2527 1904 ipse
2559 1849 2825 1892 mortuum
2860 1840 3179 1910 planxisset,
3219 1842 3341 1896 huic
3368 1843 3455 1897 isti

1890 1930 2140 1994 plani-tus
2177 1929 2226 1981 in
2269 1929 2519 1999 gaudium
2550 1932 2792 1985 vertitur.
2827 1935 2976 1997 Quod
3004 1944 3184 1988 autem
3217 1934 3456 1988 laudabi-

1889 2019 1952 2073 lis
1979 2020 2048 2073 sit
2080 2020 2249 2074 luctus
2276 2025 2512 2092 quidam,
2545 2025 2833 2077 ostendunt
2857 2029 2999 2092 pueri
3035 2029 3083 2081 in
3111 2027 3226 2084 foro
3261 2029 3456 2084 seden-

1890 2122 1969 2164 tes
2002 2128 2064 2166 ac
2091 2114 2333 2168 dicentes
2360 2133 2372 2169 :
2403 2116 2706 2170 Lamentati
2746 2133 2926 2170 sumus
2959 2121 3185 2182 vobis,et
3206 2138 3306 2175 non
3338 2120 3454 2188 plo-

1888 2206 2048 2257 rastis
2071 2222 2092 2260 :
2140 2210 2463 2263 enatavimus
2499 2209 2640 2264 vobis
2673 2211 2837 2275 tibiis,
2873 2221 2922 2264 et
2975 2227 3076 2265 non
3109 2212 3342 2265 tta/lastis
3381 2213 3450 2268 ⁸⁵³.

1888 2296 2039 2350 Tibia
2073 2307 2251 2352 autem
2279 2300 2692 2355 instrumentum
2742 2304 3002 2358 musicum
3031 2315 3133 2369 est,
3171 2305 3314 2374 quod
3359 2304 3454 2358 tia-

1890 2397 1976 2441 tus
2011 2404 2109 2457 ope
2140 2389 2382 2442 ιιιθΙοιΙὶιιι
2414 2390 2659 2446 inservit.
2707 2389 2915 2446 Idcirco
2951 2407 3196 2448 sanctum
3224 2397 3454 2464 queruli-

1888 2481 1978 2534 bet
2004 2482 2319 2550 prophetam
2359 2483 2543 2536 tibiam
2573 2500 2668 2554 per
2722 2484 3130 2540 translationem
3185 2489 3451 2543 nominari

1886 2572 2140 2638 arbitror,
2181 2577 2249 2629 ob
2308 2578 2480 2630 sancti
2524 2577 2756 2645 Spiritus
2783 2586 3002 2632 motum.
3043 2577 3451 2646 Quamobrem,

1887 2663 2080 2733 inquit,
2112 2663 2446 2720 Cantavimus
2471 2667 2609 2720 vobis
2642 2669 2806 2733 tibiis,
2831 2679 2881 2724 et
2906 2687 3007 2723 non
3033 2671 3289 2725 saltastis.
3319 2671 3452 2726 Nam

1886 2757 2184 2824 pmpbetici
2209 2772 2489 2812 sermones
2515 2758 2868 2814 adhortantur
2888 2776 2984 2813 nos
3013 2762 3078 2813 ad
3100 2772 3301 2817 sanctae
3329 2779 3454 2833 pro-

1884 2847 2078 2916 phetize
2096 2849 2412 2901 concinnam
2436 2851 2724 2915 actionem,
2750 2852 3273 2923 qutedictal3lest
3293 2853 3456 2908 salta-

1886 2938 2126 3005 tio.Quin
2144 2939 2304 2992 etiam
2323 2949 2503 2994 nostra
2524 2957 2681 2996 causa
2698 2943 3058 2998 lamentantur
3074 2949 3366 3014 prophetae,
3386 2949 3452 3002 ad

1886 3031 2085 3084 luctum
2119 3047 2215 3086 nos
2248 3033 2622 3102 Cohortantes,
2651 3045 2703 3088 ut
2732 3050 2825 3104 per
2867 3037 3209 3106 propheticos
3239 3053 3450 3094 sermo-

1885 3139 1980 3177 nes
2012 3134 2358 3192 peccatorum
2397 3135 2703 3180 nostrorum
2736 3130 2937 3182 conscii
2974 3129 3181 3195 etfecti,
3223 3132 3448 3186 exitium

1886 3226 2128 3270 nostrum
2155 3216 2454 3284 lugeamus,
2497 3217 2772 3272 laboribus
2814 3235 2877 3274 ac
2917 3224 3170 3277 aerumnis
3226 3239 3447 3279 carnem

1886 3317 2121 3361 nostram
2154 3310 2496 3376 eastigautes.
2527 3308 2642 3363 Tali
2672 3311 3052 3377 igiturhomiui
3079 3313 3323 3368 luctuosa
3354 3332 3448 3370 ve-

1883 3400 1982 3452 stis
2005 3399 2396 3464 conscinditur,
2425 3415 2582 3467 quam
2610 3418 2731 3456 eum
2779 3415 3062 3473 peccatum
3112 3420 3268 3460 suum
3305 3407 3450 3475 plan-

1883 3497 2054 3556 geret,
2095 3488 2364 3542 induerat.
2422 3488 2659 3558 Denique
2692 3491 2741 3544 ei
2790 3492 3216 3561 circumponitur
3266 3494 3447 3549 tunica

1883 3579 2098 3642 la-titize,
2124 3589 2180 3634 et
2207 3579 2424 3648 pallium
2460 3581 2675 3645 salutis,
2701 3581 2979 3652 splendida
3024 3584 3230 3638 scilicet
3274 3585 3362 3638 illa
3393 3593 3450 3641 et

1883 3671 2145 3741 nuptialia
2175 3672 2514 3735 indumenta,
2548 3675 2743 3744 quibus
2781 3676 2825 3728 si
2861 3677 2982 3745 quis
3011 3675 3170 3730 fuerit
3198 3685 3445 3738 ornatus.

1881 3779 1910 3819 e
1938 3766 2162 3833 nuptiali
2190 3766 2424 3821 thalamo
2462 3783 2566 3820 non
2598 3769 2862 3835 ejicietur.
2890 3767 3208 3822 Conscidisti
3238 3784 3447 3823 saccum

1879 3874 2070 3921 meum,
2089 3870 2136 3913 et
2153 3859 2545 3912 circumdedisti
2561 3876 2640 3913 me
2667 3860 2877 3913 latitia.
2901 3859 3101 3915 Saccus
3132 3860 3447 3930 adiumento

1878 3961 1960 4004 est
2011 3950 2075 4003 ad
2123 3951 2514 4019 pcenitentiam,
2565 3964 2687 4002 cum
2739 3950 2948 4018 signum
2996 3955 3066 4004 sit
3105 3951 3442 4006 humilitatis.

1880 4040 2021 4095 Olim
2053 4041 2218 4102 enim,
2254 4040 2445 4106 inquit,
2481 4041 2534 4092 in
2560 4054 2711 4092 sacco
2735 4049 2782 4092 et
2822 4041 2992 4093 cinere
3026 4044 3259 4094 sedentes
3286 4043 3447 4110 paeni-

1880 4133 2094 4184 tentiam
2127 4141 2340 4200 egerunt
2372 4129 2437 4181 ⁸⁸.
2463 4129 2722 4196 Quoniam
2765 4145 2892 4183 vero
2923 4131 3213 4198 Apostolus
3233 4171 3247 4193 ,
3305 4148 3447 4186 reve-

1877 4224 1986 4277 lata
2023 4225 2175 4292 facie,
2224 4225 2292 4277 ad
2348 4225 2578 4276 eamdem
2630 4222 2911 4290 imaginem
2965 4222 3446 4280 transformata“;

1876 4317 2046 4388 gloria
2066 4317 2118 4369 in
2140 4316 2444 4386 gloriam“;
2476 4314 2672 4368 idcirco
2698 4313 2874 4367 datam
2900 4313 3000 4368 sibi
3027 4331 3053 4368 a
3080 4314 3305 4368 Domino
3323 4331 3445 4385 gra-

1879 4412 2026 4475 tiam,
2060 4409 2332 4478 propriam
2367 4407 2590 4475 gloriam
2619 4417 2794 4462 vocat.
2835 4405 2993 4462 Vens.
3030 4408 3116 4462 1³5.
3162 4405 3233 4460 Ut
3267 4417 3443 4460 cantet

1876 4501 2156 4570 tibigloria
2184 4517 2318 4554 mea.
2339 4498 2519 4554 Gloria
2546 4498 2699 4566 justi,
2722 4498 2943 4567 spiritus
2969 4498 3058 4566 qui
3103 4498 3152 4550 in
3192 4497 3309 4565 ipso
3339 4507 3442 4551 est.

193 4609 354 4678 χάριν
388 4608 493 4660 ἀπὸ
519 4607 611 4660 τοῦ
646 4606 849 4676 Κυρίου
900 4605 1034 4657 ἰδίαν
1072 4605 1218 4672 λέγει
1248 4605 1423 4671 δόξαν.
1479 4605 1669 4669 Ὅπως
1696 4603 1772 4655 ἂν
1803 4603 1846 4657 D

1762 4621 1772 4635 -
1803 4603 1846 4657 1)
1876 4593 2128 4662 Quisquis
2158 4595 2318 4663 igitur
2356 4594 2545 4663 spiritu
2584 4592 2784 4661 psallit,
2817 4593 2963 4644 dicat
2996 4609 3008 4643 :
3061 4589 3128 4642 Ut
3153 4598 3326 4643 cantet
3353 4590 3444 4644 tibi

190 4699 366 4768 ψάλῃ
394 4715 488 4752 σοι
513 4700 547 4765 ἡ
574 4697 720 4760 δόξα
733 4714 872 4766 μου.
893 4696 1026 4760 Δόξα
1057 4697 1262 4748 δικαίου
1295 4699 1354 4750 τὸ
1379 4697 1590 4766 πνεῦμα
1617 4695 1676 4747 τὸ
1710 4697 1767 4747 ἐν

191 4790 363 4860 αύτῷ.
419 4792 474 4842 '0
507 4786 595 4842 οὖν
625 4788 839 4858 ψάλλων
865 4787 942 4858 τῷ
979 4789 1269 4858 πνεύματι,
1301 4789 1503 4856 λεγέτω
1524 4805 1536 4818 ο
1570 4790 1768 4851 ’Ὂπως

265 4953 308 4984 δ’
341 4953 490 5007 Rom.
521 4969 634 5015 vm.
686 4957 736 5010 8.
815 4954 860 4985 “
889 4953 1015 5007 Luc.
1049 4969 1145 5014 vn,
1181 4953 1271 5005 52.
1344 4952 1389 4982 “
1419 4950 1548 5006 Luc.
1587 4968 1640 5016 χ,
1673 4951 1763 5004 15.

186 5112 359 5169 editio
398 5112 565 5164 Paris.
609 5112 942 5182 ἁντιλήψεως
987 5113 1086 5182 τῆς
1130 5110 1246 5165 τοῦ.
1300 5110 1405 5166 Sed
1442 5110 1590 5175 illud,
1635 5110 1754 5180 τῆς,

190 5184 322 5238 delit
354 5183 402 5234 iu
425 5198 656 5250 qumque
680 5201 806 5235 mss.

263 5253 374 5324 (7t)
416 5251 614 5324 Textus
647 5268 799 5305 sacer
836 5249 1156 5324 ἐκλαύσατε.

261 5319 373 5393 (75)
411 5321 559 5393 Colb.
586 5332 849 5393 quartus
886 5322 1204 5393 πίε-σαντες.
1265 5321 1458 5393 Statim
1527 5319 1743 5393 plurimi

187 5389 319 5446 mss.
353 5389 720 5460 περιεϐάλετο,
761 5391 932 5443 Editio
981 5390 1148 5462 Paris.
1199 5391 1602 5462 περιεϐάλλετο.
1644 5389 1749 5443 lbi-

185 5464 306 5518 dem
341 5459 508 5526 maior
542 5479 663 5529 pars
694 5476 818 5514 mss.
848 5459 1176 5530 περιτίθεται
1207 5459 1477 5514 δεαύτοῦ.

260 5534 372 5601 (76)
412 5533 584 5586 Ealitio
619 5542 796 5585 nostra
834 5529 1010 5601 Paris.
1033 5547 1151 5601 cum
1187 5549 1292 5584 uno
1324 5531 1478 5584 Colb.
1509 5529 1746 5600 σύμϐουι

180 5599 294 5658 λον.
345 5607 414 5656 At
478 5603 622 5654 multi
683 5617 808 5654 mss.
871 5599 1156 5668 σύμϐολον.
1209 5602 1406 5653 Ibidem
1465 5599 1629 5654 editio
1685 5603 1743 5651 ὲν

183 5675 396 5743 σάκκῳ,
447 5674 628 5742 φησιν,
666 5673 714 5724 οἱ
760 5672 1024 5743 πατέρες,
1059 5681 1164 5722 etc.
1217 5672 1286 5743 At
1318 5672 1484 5743 illud,
1534 5672 1582 5722 οἱ
1635 5687 1742 5743 πα-

179 5733 358 5816 τέρες,
381 5733 546 5796 deest
581 5745 628 5793 in
665 5758 792 5794 mss.
825 5733 1053 5816 perinde
1080 5741 1594 5816 atquenitreititiotie
1635 5739 1739 5790 Ba-

179 5808 265 5869 sit'.
298 5815 494 5868 Ibidem
516 5814 660 5864 multi
684 5827 808 5863 mss.
831 5825 950 5880 cum
975 5811 1208 5880 editione
1232 5808 1391 5860 Basil.
1417 5808 1749 5880 καθήμεναι.

179 5888 281 5940 Alii
330 5900 456 5938 mss.
487 5898 604 5936 cum
643 5882 874 5932 editione
911 5879 1077 5932 Paris.
1111 5879 1431 5948 καθήμενοι.

502 5977 769 6035 ΡΑτιιοι..
819 5978 934 6034 Gn.
984 5975 1192 6034 XXIX

1875 4689 2043 4756 gloria
2073 4704 2207 4748 mea,
2246 4697 2292 4739 et
2323 4703 2423 4739 non
2450 4700 2791 4752 compungur.
2829 4682 2941 4735 Non
2971 4681 3216 4751 amplius,
3250 4681 3443 4751 inquit,

1876 4780 2157 4834 admittam
2186 4777 2313 4839 ulla,
2360 4779 2425 4832 ob
2463 4793 2582 4847 quae
2626 4778 2749 4846 jure
2793 4790 2855 4829 ac
2904 4777 3097 4830 merito
3140 4789 3232 4828 cor
3263 4787 3442 4827 meum

1836 4947 1879 4978 ⁸⁵
1915 4944 1954 4998 ιι
1988 4942 2111 4998 Cor.
2144 4958 2222 5007 ιιι,
2259 4942 2321 4995 18

1940 5109 2051 5177 (7'7)
2091 5108 2196 5161 Alii
2246 5122 2374 5162 mss.
2420 5121 2540 5160 cum
2598 5106 2828 5177 editis_6
2884 5104 3222 5177 ’Δπόστολος
3260 5102 3368 5177 Alii
3409 5102 3440 5155 6

1867 5174 2052 5245 ἅγιος.
2102 5179 2300 5230 omissa
2351 5192 2476 5230 voce
2508 5174 2881 5237 .‘Anéozo‘mg.
2932 5175 3124 5242 Regius
3174 5175 3440 5245 secundus

1867 5242 2082 5301 eihibet
2110 5258 2395 5324 utramque
2420 5247 2724 5324 lectionem,
2752 5262 2911 5298 uuam
2936 5247 2989 5298 in
3018 5242 3440 5324 Q0ttlc.Xltt,.’allﬂ-

1856 5334 1969 5370 ram
1985 5319 2042 5392 Ain
2068 5313 2328 5392 margine:
2350 5319 2474 5386 lteg.
2493 5319 2710 5392 quintus
2731 5314 3222 5392 utratnquejunxit.
3238 5315 3264 5365 6
3283 5313 3439 5379 ἅγιος

1866 5387 2206 5449 Ἀπόστολος.
2245 5389 2483 5456 Itespicit
2528 5387 2758 5439 Basilius
2795 5387 2859 5438 ad
2893 5396 3050 5454 caput
3078 5387 3307 5456 Διιιηῇῃυι
3355 5399 3439 5432 se-

1852 5459 2040 5534 cunda:
2094 5450 2368 5534 Epistulae"
2391 5460 2455 5510 ad
2492 5456 2805 5534 tioriuthios
2850 5450 2988 5534 vers.
3038 5453 3121 5534 t_8,
3161 5454 3248 5504 ubi
3283 5450 3437 5534 ᾼροο

1852 5527 2022 5579 Stolus
2061 5531 2137 5579 sic
2167 5530 2443 5604 loquitur:
2490 5527 2687 5604 ςΗμεῖς
2713 5528 2778 5604 ’δὲ
2815 5527 3011 5604 πάντες
3052 5525 3438 5604 ἀνακεκαλυμ-

1854 5597 1998 5666 μένῳ
2033 5596 2421 5668 προσώπῳ.....
2450 5598 2549 5668 τὴν
2603 5597 2772 5668 αὐτὴν
2826 5598 3009 5649 εἰκόνα
3057 5596 3436 5668 μεταμορφού-

1854 5661 1993 5736 μεθα
2031 5661 2138 5719 ἀπὸ
2169 5661 2324 5737 δόξης
2358 5669 2436 5729 είς
2463 5661 2645 5731 δόξαν,
2689 5661 2798 5720 Nos
2832 5683 2950 5725 vero
2982 5661 3161 5718 omnes
3203 5661 3433 5715 revelata

1852 5738 2022 5805 facie.
2043 5778 2078 5792 ..
2104 5773 2119 5789 .
2141 5777 2153 5787 .
2203 5740 2254 5789 in
2284 5736 2528 5791 eamdem
2581 5738 2862 5804 imaginem
2908 5736 3352 5805 transformamur
3397 5743 3435 5782 ιι

1855 5802 2097 5863 claritate
2136 5810 2191 5861 in
2239 5809 2553 5863 claritatem.
2599 5802 2796 5862 Ibidem
2848 5807 3065 5876 plurimi
3114 5818 3242 5857 mss.
3281 5802 3434 5853 ἐπαι-

1857 5877 1920 5948 δὴ
1951 5881 1993 5930 6.
