4260 6492
845 418 951 470 523

2163 422 2218 474 S.
2261 418 2503 474 BASILII
2542 416 2758 468 MAGNI

3966 419 4074 471 σει

837 540 1242 597 compungatur,
1286 530 1730 600 confodiatnrque
1762 531 1830 585 ob
1866 535 2069 600 peccati
2115 535 2216 586 mei
2271 551 2371 588 me-
2420 543 2459 592 Α
2491 530 2519 579 ἂ

2420 543 2459 592 Α
2491 530 2567 579 ἂν
2589 528 2756 594 agi-dx"
2787 543 2882 580 σοι
2923 529 2962 591 ἠ
3007 526 3155 588 δόξα
3186 543 3329 592 μου,
3365 530 3462 582 καί
3501 527 3573 581 οὐ
3608 529 3696 596 μὴ
3730 527 4071 596 martyrii).

833 620 1077 670 moriam.
1109 617 1325 668 Domine
1353 616 1491 670 Deus
1518 635 1684 678 meus,
1716 618 1770 669 in
1803 629 2055 671 wternum
2097 621 2383 685 conﬁtebor

829 706 923 756 tibi
952 721 984 756 :i
1008 706 1106 757 hoc
1130 712 1231 764 est,
1263 704 1430 771 Agam
1464 707 1684 775 gratias.
1709 704 1841 760 Cum
1867 710 2008 762 enim
2033 718 2249 777 propter
2275 726 2386 780 pm-

827 795 1104 849 nitentiam
1134 794 1261 847 mihi
1292 797 1500 849 veniam
1526 797 1756 862 dederis,
1785 815 1995 867 meque,
2018 801 2228 855 sublato
2254 818 2380 870 pec-

823 895 1065 938 catorum
1107 886 1392 952 dedecore,
1439 888 1503 940 ad
1561 888 1785 956 gloriam
1824 892 2123 955 reduxeris,
2153 894 2274 948 ideo
2328 895 2380 948 in

822 989 983 1030 omne
1011 990 1183 1030 aevum
1212 979 1506 1033 confitebor
1535 981 1651 1034 tibi.
1693 981 1840 1045 Quod
1864 983 2004 1036 enim
2032 994 2238 1039 tantum
2261 1002 2381 1041 esse

823 1068 998 1132 possit
1035 1072 1292 1138 temporis
1322 1070 1681 1133 intervallum.
1724 1076 1865 1142 quod
1914 1084 2185 1130 tantorum
2219 1079 2380 1133 bene-

822 1153 1066 1211 ﬁciorum
1091 1159 1411 1213 oblivionem
1439 1165 1628 1214 anima:
1659 1175 1790 1212 mea:
1823 1161 2071 1214 inducere
2103 1166 2308 1232 queat?

2494 618 2687 669 Οὐκέτι
2733 618 2826 689 μὴ,
2879 619 3029 686 φησί,
3071 618 3278 687 ποιήσω
3322 618 3446 682 ἄξια
3489 619 3582 674 τοῦ
3627 621 4075 674 κατανύτσεσθαι

2493 708 2588 760 καὶ
2616 707 3057 763 κατακεντείσθαι
3102 711 3201 780 τὴν
3253 711 3478 779 καρδίαν
3520 713 3612 767 ἐπὶ
3659 713 3724 782 τῇ
3760 712 4076 783 ὑπομνήσει

2492 797 2592 866 τῆς
2639 799 2908 869 ἁμαρτίας
2959 815 3080 867 μου.
3133 800 3308 867 Κύριε
3355 802 3388 851 o'
3445 803 3588 869 Θεός
3627 819 3768 872 μου,
3820 802 3910 864 εις
3961 800 4078 852 τὸν

2492 890 2675 943 αἰῶνα
2695 890 3206 961 ἐξομολογήσομαί
3223 906 3344 945 σοι’
3371 891 3489 943 ἀντὶ
3508 895 3623 957 τοῦ,
3646 893 4066 966 Εὐχαριστήσω.

2501 984 2720 1054 Ἐπειδὴ
2751 986 2859 1055 γὰρ
2908 983 3114 1046 ἔδωκάς
3146 1002 3233 1055 μοι
3266 985 3358 1056 τὴν
3395 985 3460 1037 ἐκ
3491 984 3592 1052 τῆς
3619 987 3908 1057 μετανοίας
3935 1000 4071 1050 συγ-

2487 1073 2749 1145 χώρησιν,
2784 1079 2879 1129 καὶ
2911 1077 3254 1145 ἐπανήγαγές
3301 1094 3367 1147 με
3401 1078 3479 1140 εἰς
3505 1075 3680 1141 δόξαν,
3707 1081 3808 1151 τὴν
3849 1082 3915 1133 ἐκ
3955 1075 4069 1128 τῶν

2484 1169 2900 1238 ἁμαρτημάτων
2955 1167 3212 1238 αἰσχύνην
3271 1169 3569 1241 περιελὼν,
3630 1168 3718 1222 διὰ
3773 1173 3934 1226 τοῦτο
3985 1172 4067 1232 εἰς

822 1250 996 1302 πάντα
1040 1251 1132 1302 τὸν
1177 1249 1348 1305 αἰῶνα
1397 1251 1855 1324 ἐξομολογησομαί
1907 1271 2008 1307 σοι.
2057 1257 2120 1308 Τί
2167 1259 2274 1328 γὰρ
2326 1257 2390 1312 ἂν
2428 1258 2642 1327 γένοιτο
2669 1263 2919 1315 τοσοῦτον
2958 1263 3147 1336 χρόνου
3216 1261 3523 1337 διάστημα,
3571 1265 3600 1318 ὃ
3655 1265 3718 1334 τῇ
3767 1268 3874 1337 ἐμῇ
3915 1267 4066 1337 ψυχῇ

821 1341 988 1412 λήθην
1025 1342 1133 1394 τῶν
1173 1342 1502 1414 τηλικούτων
1549 1346 1876 1414 εὐεργεσιῶν
1916 1349 2208 1420 ἐμποιῆσαι
2242 1351 2563 1421 δυνήσεται;

860 1453 3557 1486 —_—_———_——__________________

1266 1536 1330 1589 IN
1367 1536 1690 1592 PSALMUM
1719 1537 1930 1594 XXXII.

820 1651 1118 1716 Exsultale,
1133 1652 1291 1720 justi,
1310 1653 1363 1705 in
1382 1651 1604 1705 Domino
1630 1668 1648 1706 :
1681 1664 1845 1705 rectos
1876 1655 2016 1707 decet
2037 1655 2383 1714 coltaudatio.

889 1788 942 1843 l.
977 1786 1267 1856 Scripturge
1296 1786 1578 1840 familiaris
1607 1795 1688 1839 est
1709 1786 2084 1844 exsultationis
2112 1806 2235 1853 vox,
2254 1807 2377 1859 per-

2685 1543 2822 1596 ΤΟΥ
2847 1544 3078 1599 ΑΥΤΟΥ
3103 1547 3209 1598 ΕΙΣ
3238 1546 3374 1598 TON
3396 1549 3496 1599 AB'
3525 1549 3842 1604 ΨΑΛΜΟΝ.

2561 1632 2965 1701 Ἀγανιὶιᾶσθε,
3001 1637 3236 1710 δίκαιοι,
3264 1638 3336 1710 ἐν
3359 1640 3582 1707 Κυριῳο
3625 1643 3748 1710 τοῖς
3784 1643 3998 1697 εὐθέσι

3012 1708 3221 1777 πρέπει
3273 1709 3530 1777 αἵνεσις.

2549 1797 2598 1851 l.
2639 1797 2883 1870 Συνήθης
2922 1803 2988 1872 τῇ
3031 1802 3220 1872 Γραφῇ
3268 1800 3366 1871 τῆς
3397 1801 3765 1871 ἀγαλλιάσεως
3799 1809 3831 1878 ἡ
3883 1805 4060 1876 φωνὴ.

815 1895 977 1948 quam
1003 1878 1225 1933 hilarem
1254 1893 1315 1931 ac
1347 1877 1524 1930 laetum
1559 1878 1754 1932 anima:
1799 1890 1996 1934 statum
2054 1883 2106 1935 in
2155 1882 2237 1934 his
2283 1883 2374 1951 qui
2409 1877 2451 1888 ”
2481 1906 2497 1956 ς

2409 1877 2451 1888 υ
2481 1889 2844 1962 φαιδροτάτην
2870 1893 2989 1945 τινά
3018 1893 3110 1945 καὶ
3148 1893 3420 1964 περιχαρῆ
3464 1896 3798 1953 κατάστασιν
3824 1877 3929 1970 τῆς
3954 1898 4061 1967 ψυ-

817 1970 999 2024 laetitia
1019 1970 1160 2038 digni
1188 1978 1314 2024 sunt
1335 1969 1648 2025 ostendens.
1681 1969 1960 2025 Exsultate
1997 1971 2196 2041 itaque,
2217 1972 2375 2041 justi,

816 2064 870 2114 in
904 2062 1163 2127 Domino;
1191 2078 1295 2116 non
1321 2077 1442 2117 cum
1483 2077 1569 2117 res
1613 2065 1752 2117 domi
1785 2064 1935 2116 vobis
1960 2078 2217 2134 prospere
2256 2084 2379 2124 suc-

816 2155 1038 2220 cedunt,
1084 2171 1188 2210 non
1221 2171 1341 2210 cum
1372 2155 1512 2208 bona
1567 2154 1731 2208 fuerit
1772 2158 2020 2224 corporis
2072 2159 2331 2214 habitudo
2359 2201 2375 2222 ,

819 2265 924 2301 non
951 2264 1073 2302 cum
1109 2249 1220 2317 agri
1259 2246 1522 2300 fructibus
1546 2248 1846 2317 omnigenis
1872 2248 2052 2304 referti
2090 2260 2213 2305 sunt
2243 2266 2258 2303 :
2283 2255 2376 2306 sed

817 2338 956 2406 quod
991 2337 1275 2390 Dominum
1306 2335 1533 2395 habetis,
1565 2335 1656 2390 tali
1685 2337 2105 2404 pulchritudine,
2153 2339 2242 2392 tali
2279 2340 2376 2394 bo-

816 2428 1003 2491 nitate,
1038 2425 1124 2478 tali
1171 2426 1434 2494 sapientia
1491 2426 1792 2492 praeditum.
1846 2425 2084 2482 SulIiciat
2133 2429 2282 2485 vobis
2313 2446 2375 2485 ea

815 2519 997 2574 L'etitia
1022 2535 1137 2589 qua:
1159 2520 1209 2574 in
1242 2519 1354 2590 ipso
1383 2529 1482 2574 est.
1508 2518 1570 2572 Et
1592 2520 1835 2590 quisquis
1859 2519 1909 2574 in
1939 2536 1995 2576 re
2023 2521 2199 2592 aliqua
2217 2538 2374 2591 quam

817 2614 1029 2682 plurimi
1063 2612 1210 2674 facit,
1244 2627 1363 2666 cum
1398 2611 1578 2665 laetitia
1635 2627 1699 2667 ac
1757 2615 1951 2682 gaudio
1994 2617 2250 2680 exsultat,
2311 2617 2376 2670 ad

815 2718 934 2755 eum
989 2705 1200 2755 modum
1254 2704 1305 2755 in
1363 2717 1424 2754 ea
1465 2702 1737 2756 exsultare
1775 2704 2008 2757 videtur.
2043 2705 2378 2774 Quapropter

812 2795 980 2862 iustos
1018 2807 1196 2846 sermo
1249 2793 1590 2856 adhortatur,
1631 2801 1688 2844 ut
1715 2806 1866 2845 suam
1908 2794 2223 2863 dignitatem
2256 2812 2376 2866 per-

815 2885 1080 2948 sentiant;
1139 2883 1376 2952 itemque
1413 2893 1471 2936 ut
1508 2881 1942 2950 exsultenlquod
1999 2883 2116 2938 talis
2159 2888 2368 2940 Domini

812 2978 953 3032 servi
973 2991 1093 3030 esse
1123 2975 1327 3045 dignati
1358 2975 1488 3038 sint,
1519 2976 1570 3028 in
1601 2974 1741 3028 illius
1768 2976 1992 3029 servitio
2022 2991 2144 3029 cum
2177 2978 2376 3047 gaudio

815 3068 1159 3124 inenarrabili
1181 3078 1231 3123 et
1257 3082 1378 3122 cum
1412 3067 1677 3136 tripudiis,
1721 3070 1882 3123 corde
1915 3084 1984 3122 ex
2012 3066 2189 3121 alllatu
2238 3070 2375 3123 dile-

2480 1981 2579 2051 Χῆς
2623 1982 2715 2035 ἐπὶ
2758 1987 2869 2046 τοῖς
2915 1983 3087 2050 ἀξίοις
3127 1983 3390 2055 εὐθυμίας
3441 1989 3796 2060 ἐμφαίνουσα.
3859 1993 4061 2059 Ἀγαλ-

2478 2071 2690 2125 λιᾱσθε
2738 2069 2848 2137 οὖν,
2896 2072 3132 2135 δίκαιοι,
3177 2073 3247 2126 ἐν
3274 2078 3466 2144 Κυρίῳ
3490 2095 3503 2109 ο
3550 2079 3624 2149 μὴ
3659 2080 3784 2131 ὅταν
3811 2079 3938 2148 ὑμῖν
3966 2080 4059 2131 εὐ-

2480 2164 2704 2235 θηνῆται
2734 2164 2798 2217 τὰ
2843 2164 2984 2219 κατὰ
3029 2166 3119 2220 τὸν
3163 2161 3310 2222 οἷκον
3344 2169 3480 2242 (78),
3521 2171 3594 2241 μὴ
3639 2172 3768 2223 ὅταν
3795 2171 4062 2239 εὐεκτῆτε

2476 2255 2553 2326 τῷ
2592 2255 2822 2326 σώματι,
2861 2256 2935 2329 μὴ
2973 2258 3099 2312 ὅταν
3137 2262 3191 2313 αί
3228 2261 3458 2334 ἄρουραι
3485 2261 3795 2333 πληθύνωσι
3825 2258 4060 2332 καρπῶν

2478 2345 2830 2400 παντοδαπῶν
2851 2363 2863 2374 ·
2902 2346 3019 2400 ἀλλ’
3046 2348 3127 2402 ὅτι
3162 2349 3367 2422 Κύριον
3392 2351 3564 2421 ἔχετε,
3599 2348 3836 2403 τοιοῦτον
3870 2349 3969 2419 μὲν
3998 2350 4062 2402 τὸ

2477 2438 2690 2501 κάλλος,
2720 2439 2960 2495 τοιοῦτον
2997 2441 3054 2495 δέ
3082 2443 3180 2514 τὴν
3213 2444 3544 2515 ὰγαθότητα,
3581 2444 3678 2515 τὴν
3726 2441 3918 2510 σοφίαν
3945 2459 4062 2493 τοι-

2476 2529 2650 2583 οῦτον.
2696 2530 2960 2602 Ἀρκείτω
3012 2535 3140 2604 ύμῖν
3185 2539 3218 2605 ἠ
3265 2537 3353 2587 ἐπ’
3385 2536 3532 2604 αὐτῷ
3568 2519 4061 2605 εὐφροσύνη.’Καὶ

2477 2621 2650 2675 ἔοικεν
2690 2623 2718 2675 ὁ
2760 2626 2875 2694 μετ’
2905 2625 3241 2696 εὐφροσύνης
3282 2625 3376 2677 καὶ
3407 2627 3581 2696 χαρᾶς
3621 2627 4059 2696 ἐπαγαλλόμενός

2475 2729 2579 2765 τινι
2604 2712 2709 2767 τῶν
2742 2715 3253 2784 περισπουδάστων,
3289 2714 3463 2779 οὕτως
3504 2716 3769 2786 άγαλλιᾷν
3812 2717 3926 2785 (79)
3963 2717 4054 2768 ἐπ’

2476 2805 2642 2877 αὐτῷ.
2693 2806 2782 2859 Διὸ
2824 2809 2950 2872 τοὺς
2994 2808 3234 2872 δικαίους
3265 2810 3521 2881 παρορμᾷ
3547 2812 3574 2862 ό
3617 2809 3772 2878 λόγος
3807 2809 4058 2863 αἰσθάνε-

2479 2897 2599 2951 σθαι
2647 2900 2783 2969 μετὰ
2831 2899 2926 2952 τοῦ
2972 2899 3301 2971 ἀξιώματος,
3356 2902 3438 2956 ὅτι
3488 2903 3731 2956 τοιούτου
3782 2905 4056 2956 Δεσπότου

2476 2988 2652 3043 δοῦλοι
2689 2988 2826 3045 εἶναι
2865 2993 3301 3066 κατηξιώθησαν,
3337 2997 3432 3048 καὶ
3461 2995 3856 3063 ἐπαγάλλεσθαι
3888 2994 4057 3048 αὐτοῦ

2474 3083 2540 3150 τῇ
2568 3081 2776 3152 δουλείᾳ
2813 3084 2950 3152 μετὰ
2985 3087 3157 3154 χαρᾶς
3188 3086 3473 3156 ἀμυθήτου
3518 3088 3610 3140 καὶ
3645 3086 4057 3156 σκιρτημάτων,

816 3163 1012 3216 ctionis
1043 3161 1166 3215 boui
1197 3161 1352 3232 quasi
1379 3160 1716 3215 subsiliente.
1743 3161 1797 3215 Si
1828 3163 2041 3230 quando
2088 3174 2175 3215 tuo
2224 3165 2370 3217 cordi
2399 3176 2441 3234 (ς
2474 3187 2498 3222 τ

2399 3176 2441 3234 C
2474 3171 2574 3239 τῆς
2616 3172 2840 3241 καρδίας
2895 3173 3055 3224 οἱονεὶ
3107 3173 3359 3243 πηδώσης
3409 3174 3488 3244 τῷ
3535 3175 3910 3244 ἐνθουσιασμῷ
3957 3175 4059 3246 τῆς

816 3257 907 3310 lux
939 3258 1182 3323 quaedam
1210 3254 1367 3324 quasi
1407 3254 1613 3322 illapsa,
1641 3255 1968 3325 repentinam
2004 3253 2094 3308 Dei
2121 3255 2374 3323 cognitio-

815 3363 936 3401 nem
983 3347 1257 3407 indiderit,
1292 3356 1454 3413 atque
1507 3348 1739 3401 animam
1789 3358 1930 3402 tuam
1981 3347 2327 3404 iliustraverit
2357 3390 2372 3414 ,

814 3441 946 3493 adeo
984 3450 1042 3492 ut
1088 3438 1253 3492 Deum
1298 3439 1506 3506 diligas,
1545 3441 1799 3492 mundum
1840 3441 1994 3510 132
2027 3458 2152 3498 vero
2196 3458 2258 3497 ac
2289 3458 2375 3500 res

813 3547 1000 3586 omnes
1032 3545 1321 3599 corporeas
1338 3540 1669 3592 contemnas,
1698 3543 1761 3581 ex
1786 3531 2013 3585 obscura
2039 3533 2127 3586 illa
2153 3545 2204 3587 et
2227 3535 2375 3588 brevi

817 3624 1172 3676 similitudine
1207 3637 1421 3676 omnem
1455 3618 1726 3688 iustorum
1758 3630 1954 3674 statum
1989 3625 2224 3694 intellige
2285 3627 2374 3694 qui

813 3714 1148 3782 aequabiliter
1212 3712 1686 3780 indesinenterque
1747 3712 1799 3765 in
1847 3711 1959 3767 Deo
2013 3713 2374 3770 delectantur.

814 3805 932 3857 Tibi
972 3806 1185 3873 quidem
1226 3805 1316 3857 Dei
1351 3803 1751 3871 dispensatione
1785 3802 2094 3872 aliquando,
2127 3808 2219 3860 sed
2249 3823 2375 3860 raro

816 3898 1004 3951 incidit
1025 3897 1283 3965 ejusmodi
1309 3897 1623 3960 exsultatio,
1655 3907 1713 3951 ut
1735 3906 1784 3948 te
1807 3911 1902 3965 per
1929 3897 2198 3952 modicum
2228 3900 2374 3953 hunc

815 3999 1052 4057 gustum,
1090 4003 1274 4042 eorum
1315 3986 1510 4057 quibus
1545 3986 1784 4053 privatus
1815 3999 1902 4052 es,
1954 3986 2261 4044 admoneat.
2307 3986 2376 4041 At

814 4078 1113 4144 verojusto
1130 4089 1383 4148 perpetua
1415 4087 1496 4131 est
1534 4077 1714 4130 divina
1759 4092 1823 4132 ac
1866 4076 2100 4132 caelestis
2141 4077 2327 4131 laetitia
2355 4120 2371 4143 ,

813 4172 954 4238 quod
990 4172 1154 4224 semel
1185 4173 1235 4223 in
1272 4170 1388 4239 ipso
1420 4169 1687 4223 inhabitat
1731 4169 2002 4238 Spiritus;
2035 4171 2240 4238 primus
2277 4185 2374 4223 au-

815 4269 921 4315 t‘em
963 4259 1193 4312 Fructus
1220 4263 1436 4328 spiritus
1467 4264 1544 4314 est
1576 4263 1829 4323 Charitas,
1864 4262 2141 4330 gaudium,
2175 4278 2279 4331 pax
2308 4263 2372 4317 ⁵⁸.

813 4354 1091 4407 Exsultate
1138 4352 1318 4419 igitur,
1362 4352 1519 4420 justi,
1558 4354 1612 4405 in
1645 4353 1884 4406 Domino.
1921 4354 2083 4408 Velut
2113 4355 2261 4409 locus
2291 4355 2378 4424 ju-

814 4456 1018 4500 storutn
1057 4455 1138 4498 est
1161 4443 1414 4497 Dominus
1437 4458 1625 4510 capas,
1657 4444 1707 4495 in
1748 4459 1855 4512 quo
1882 4446 1973 4512 qui
2000 4461 2100 4511 est,
2132 4463 2253 4501 eum
2282 4451 2374 4504 la:-

2474 3263 2692 3334 ἀγάπης
2727 3263 2820 3316 τοῦ
2870 3263 3093 3332 ἀγαθοῦ.
3142 3266 3209 3318 Εἴ
3239 3265 3367 3319 ποτέ
3412 3283 3505 3318 σου
3537 3269 3602 3337 τῇ
3653 3266 3851 3339 καρδία
3893 3269 4059 3320 οἱονεὶ

2474 3355 2590 3425 φῶς
2633 3355 2870 3425 ἐμπεσὸν
2919 3355 3119 3426 ἀθρόαν
3161 3357 3295 3409 Θεοῦ
3340 3357 3545 3411 ἔννοιαν
3592 3359 3910 3428 ἐνεποίησε,
3961 3359 4058 3413 καὶ

2476 3447 2814 3519 περιέλαμψε
2842 3463 2933 3500 σου
2970 3448 3068 3513 τὴν
3104 3447 3311 3519 ψυχὴν,
3357 3447 3496 3501 ὥστε
3529 3449 3812 3519 ἀγαπῆσαι
3840 3450 3936 3520 μὲν
3967 3449 4057 3502 τὸν

2476 3541 2627 3608 Θεὸν,
2675 3543 3083 3613 καταφρονῆσαι
3130 3541 3186 3594 δέ
3235 3542 3436 3612 κόσμου
3470 3542 3701 3596 καὶτῶν
3732 3542 4057 3610 σωματικῶν

2476 3635 2727 3700 πάντων,
2795 3637 2860 3688 ἐκ
2923 3635 3020 3706 τῆς
3085 3635 3327 3705 ἀμυδρᾶς
3385 3635 3600 3704 ἐκείνης
3659 3635 3752 3688 καὶ
3801 3634 4056 3704 βραχείας

2476 3725 2684 3787 εἰκόνος
2729 3724 2994 3795 γνώρισον
3040 3727 3137 3796 τὴν
3187 3727 3311 3797 ὃλην
3364 3727 3472 3779 τῶν
3523 3727 3742 3779 δικαίων
3788 3726 4058 3777 κατάστα-

2478 3831 2583 3877 σιν,
2643 3815 2861 3884 ὁμαλῶς
2919 3816 3014 3869 καὶ
3069 3817 3375 3879 ἀδιακόπως
3415 3819 3512 3886 τὴν
3552 3818 3642 3868 ἐπὶ
3685 3815 3761 3884 τῷ
3803 3814 3922 3885 Θεῷ
3975 3815 4057 3868 εύ-

2477 3903 2753 3975 φροσύνην
2823 3904 3252 3975 κατορθούντων.
3310 3907 3401 3957 Σοὶ
3473 3905 3571 3974 μὲν
3625 3904 3732 3975 γὰρ
3794 3906 4054 3974 ἐμπίπτει

2476 3994 2605 4048 ποτὲ
2658 3994 2899 4059 σπανίως
2957 3997 3133 4050 ἐκεῖνο
3188 3996 3249 4048 τὸ
3301 3997 3612 4067 άγαλλίαμα
3674 3999 3791 4049 κατ’
3853 4000 4054 4050 οἰκονο-

2478 4086 2606 4157 μίαν
2650 4086 2804 4151 Θεοῦ,
2859 4088 2942 4141 ἵνα
2996 4105 3054 4140 σε
3111 4088 3198 4140 διά
3249 4088 3447 4160 μικροῦ
3496 4088 3766 4158 γεύματος
3793 4090 3872 4151 εἰς
3925 4089 4055 4141 ὑπό-

2480 4196 2671 4250 μνησιν
2722 4180 2903 4253 ἀγάγῃ
2956 4181 3081 4233 οἴων
3131 4182 3424 4253 ἐστέρησαι
3460 4181 3600 4252 (80)·
3647 4181 3723 4252 τῷ
3760 4182 3816 4234 δὲ
3865 4182 4054 4253 δικαίῳ

2476 4273 2701 4344 διαρκής
2766 4274 2981 4343 ἐστινὴ
3033 4272 3151 4326 θεία
3211 4275 3305 4326 καὶ
3365 4275 3683 4344 ἐπουράνιος
3727 4275 4050 4346 εὐφροσύνη,

2477 4364 2608 4418 διότι
2674 4361 2818 4429 ἅπαξ
2869 4364 3015 4435 αὐτῴ
3061 4367 3256 4419 ἐνοικεῖ
3321 4365 3384 4418 τὸ
3432 4365 3687 4436 Πνεῦμα·
3734 4367 3946 4438 πρῶτος
3996 4369 4052 4422 δὲ

2477 4455 2716 4525 Καρπὸς
2777 4457 2880 4510 τοῦ
2932 4459 3278 4526 Πνεύματός
3347 4458 3517 4511 ἐστιν
3567 4457 3805 4528 ἀγάπη,
3878 4465 4049 4528 χαρὰ,

812 4537 915 4590 tari
941 4545 994 4589 et
1017 4534 1286 4590 exsultare
1313 4535 1532 4588 omnino
1564 4548 1783 4588 necesse
1813 4545 1914 4587 est.
1963 4534 2049 4589 Fit
2088 4542 2249 4592 etiam
2288 4541 2375 4605 ju-
2412 4524 2494 4602 οε

2362 4569 2375 4580 -
2412 4524 2705 4616 ιδείρίήνη.
2779 4524 3166 4618 Ἀγαλλιᾶαθε
3224 4546 3347 4614 οὖν,
3399 4524 3650 4612 δίκαιοιν,
3709 4524 3778 4604 ἐκ·

811 4637 946 4695 stus,
967 4627 1114 4681 locus
1143 4626 1387 4692 Domino,
1409 4643 1530 4681 cum
1557 4626 1701 4680 illum
1731 4627 1782 4680 in
1810 4642 1868 4681 se
1893 4628 2099 4697 recipit.
2127 4631 2226 4697 Qui
2249 4648 2374 4687 vero

812 4729 1016 4788 peccat,
1045 4721 1218 4774 locum
1252 4721 1340 4772 dat
1363 4720 1599 4783 diabolo,
1629 4735 1735 4772 non
1766 4719 2148 4790 obtemperans
2185 4725 2230 4777 ei
2280 4727 2370 4794 qui

814 4811 942 4865 dicit
971 4829 984 4865 :
1044 4810 1223 4864 Nolite
1269 4809 1441 4863 locum
1481 4812 1605 4864 dare
1629 4810 1836 4864 diabolo
1870 4811 1914 4841 ⁸⁷
1943 4828 1956 4864 :
1988 4827 2158 4882 neque
2190 4814 2375 4870 Eccle-

812 4904 1006 4966 siastze,
1065 4900 1121 4956 Si
1156 4902 1384 4969 Spiritus
1437 4910 1745 4969 potestatem
1784 4902 2026 4955 habentis
2072 4907 2366 4959 ascenderit

809 5015 963 5067 super
990 5010 1059 5062 te,
1090 4996 1259 5050 locum
1287 5008 1432 5048 tuum
1462 5012 1523 5048 ne
1561 4995 1820 5047 dimiseris
1851 4994 1918 5048 ⁸⁸.
1965 4994 2021 5048 lu
2051 4994 2166 5065 ipso
2191 4998 2370 5066 itaque

812 5091 1036 5144 Domino
1065 5091 1406 5151 exsistentes,
1458 5098 1509 5141 et
1552 5096 1812 5154 quantum
1851 5086 2005 5139 nobis
2033 5087 2159 5141 licet
2189 5127 2203 5150 ,
2253 5090 2368 5158 ejus

813 5183 1074 5237 mirabilia
1105 5180 1386 5249 speculati,
1417 5179 1485 5232 ita
1516 5193 1579 5232 ex
1618 5179 1717 5232 hac
1757 5179 2212 5246 contemplatione
2247 5195 2373 5234 cor-

811 5275 966 5328 dibus
997 5275 1201 5329 nostris
1247 5273 1486 5326 laetitiatn
1543 5284 1936 5338 comparemus.
1991 5269 2178 5325 Raetos
2221 5274 2365 5327 decet

881 5415 926 5445 “
954 5413 1070 5468 Gal.
1099 5428 1149 5478 ν,
1189 5425 1280 5469 22..
1355 5411 1397 5442 ⁸⁷
1427 5410 1621 5479 Ephes.
1672 5425 1743 5471 tv,
1789 5408 1878 5461 27.
1957 5411 2002 5441 ⁸⁸
2041 5411 2213 5468 Eccle.
2243 5429 2294 5475 Χ,
2326 5414 2378 5468 4.

880 5549 990 5619 (78)
1033 5547 1198 5616 Major
1229 5563 1351 5617 pars
1385 5561 1513 5599 mss.
1540 5543 1678 5619 κατά
1723 5542 2007 5619 τὸνΑοῖκον.
2056 5545 2197 5600 ΕιΙίιί
2248 5563 2368 5601 cum

809 5613 1017 5676 duobus
1045 5613 1137 5672 aut
1167 5613 1334 5671 tribus
1367 5632 1495 5669 mss.
1525 5614 1665 5666 κατὰ
1688 5615 1778 5668 τὸν
1817 5613 1950 5682 βίον,
1983 5633 2061 5668 res
2103 5619 2170 5668 ad
2208 5621 2365 5671 vitam

807 5700 1117 5757 spectantes.
1153 5689 1399 5741 Diversus
1435 5701 1540 5738 non
1571 5695 1650 5738 est
1689 5700 1896 5738 sensus.
1925 5686 2057 5757 Mox
2097 5690 2201 5741 duo
2239 5704 2367 5742 mss.

807 5755 1038 5832 ἄρουραι
1099 5758 1359 5832 πλῄθωσι.
1403 5757 1851 5832 (Σο-Ιίι-ηᾳιιλτιιιδλ
1882 5755 2362 5832 πλήθουσιτηῐίιεεζ.

807 5824 1024 5898 quintus
1059 5824 1403 5900 πληθύνουσι.
1452 5825 1623 5881 Editio
1659 5841 1782 5881 vero
1818 5824 2068 5885 Paris-et
2119 5828 2209 5882 alii
2260 5824 2368 5884 duo

809 5917 936 5956 mss.
964 5900 1295 5973 πληθύνωσι.

2481 4641 2654 4692 Οἰονεὶ
2677 4640 2839 4703 τόπος
2866 4642 3169 4712 χωρητικός
3196 4644 3308 4695 ἐστι
3339 4641 3447 4694 τῶν
3474 4641 3696 4694 δικαίων
3742 4644 3770 4694 ό
3811 4643 4010 4714 Κύριος
4031 4662 4044 4675 ·

2480 4731 2536 4782 ἐν
2575 4724 2618 4798 ᾧ
2649 4731 2738 4784 τὸν
2781 4733 3070 4802 γενόμενον
3114 4735 3262 4786 πᾶσα
3310 4733 3520 4801 ἀνάγκη
3568 4732 3919 4803 εὐθυμεῖσθαι
3960 4737 4048 4788 καὶ

2485 4821 2950 4893 ἐνευφραίνεσθαι.
2994 4824 3203 4877 Γίνεται
3232 4826 3322 4876 καὶ
3347 4826 3374 4875 ό
3403 4824 3606 4888 δίκαιος
3633 4826 3791 4890 τόπος
3834 4829 3910 4898 τῷ
3940 4830 4048 4882 Κυ-

2484 4913 2599 4986 ρίῳ,
2643 4914 2932 4985 λαμϐάνων
2964 4916 3126 4968 αὐτὸν
3157 4918 3214 4968 ἐν
3254 4915 3449 4985 ἐαυτῷ.
3501 4915 3557 4969 Ὀ
3600 4918 3700 4985 μὲν
3726 4919 4048 4988 ἁμαρτάνων

2482 5007 2588 5079 (81)
2618 5008 2800 5060 δίδωσι
2830 5009 2990 5060 τόπον
3017 5009 3094 5078 τῷ
3123 5009 3369 5076 διαϐόλῳ,
3402 5009 3726 5080 παρακούων
3757 5012 3848 5064 τοῦ
3880 5013 4051 5080 λέγον-

2482 5116 2604 5161 τος’
2649 5100 2812 5168 Μηδὲ
2856 5101 3052 5155 δίδοτε
3105 5104 3291 5154 τόπον
3348 5100 3426 5166 τῷ
3475 5102 3731 5166 διαϐόλῳ
3763 5120 3776 5135 ⁸
3825 5105 3918 5158 καὶ
3959 5103 4047 5157 τοῦ

2496 5189 2944 5261 Ἐκκλησιαστοῦ·
2999 5192 3139 5246 Ἐὰν
3169 5192 3402 5260 πνεῦμα
3449 5193 3555 5246 τοῦ
3595 5194 4047 5260 ἐξουσιάζοντος

2480 5281 2673 5351 ἀναϐῇ
2708 5283 2806 5337 ἐπὶ
2842 5282 2936 5346 σὲ,
2986 5284 3169 5337 τόπον
3194 5299 3308 5338 σου
3332 5282 3417 5352 μὴ
3447 5281 3628 5351 ἀφῇς.
3673 5285 3763 5337 Ἐν
3787 5284 3934 5356 αὐτῷ
3960 5281 4047 5338 οὖν

2545 5547 2653 5621 (79)
2695 5547 2842 5600 Mulli
2878 5563 3006 5621 mss.
3035 5540 3192 5621 οὗτος
3221 5547 3504 5621 άγαλλιᾷν.
3537 5549 3710 5621 Editio
3731 5549 3911 5621 Paris.
3930 5568 4047 5607 cum

2470 5618 2826 5691 Reg._ijiiarto
2850 5628 2903 5672 et
2935 5619 3086 5672 Colb.
3119 5622 3351 5691 septimo
3377 5619 3551 5691 οὐτως
3585 5619 3873 5691 άγαλλιᾷν.

2541 5683 2665 5760 (ῑιογ
2693 5688 2844 5761 Colb.
2891 5683 3362 5761 quitr_ttts_df&70t
3406 5683 3480 5742 ὧν
3527 5683 3842 5761 ὲστέρησαὶ.
3885 5691 4050 5747 Paulo

2467 5758 2588 5827 post
2620 5759 2769 5810 multi
2807 5774 2935 5812 mss.
2961 5758 3062 5814 διό.
3089 5758 3188 5810 Alii
3218 5759 3374 5812 διότι.

2539 5828 2650 5899 (8i)
2693 5827 2837 5900 Reg._
2873 5831 3138 5900 secundus
3168 5829 3195 5879 ὁ
3242 5829 3298 5880 δὲ
3319 5830 3520 5900 -άμαρ.
3575 5828 3724 5898 Regii
3779 5833 3968 5888 tertius
3999 5841 4052 5887 et

2469 5897 2694 5971 quartus
2726 5901 2753 5950 ὁ
2786 5897 2883 5968 μὲν
2918 5900 3044 5970 γάρ.
3083 5897 3279 5954 Statim
3315 5898 3447 5970 Reg.
3470 5897 3676 5955 tertius
3703 5899 3846 5958 δότε.
