4260 6540
287 515 390 570 5‘25

1409 500 1685 558 IIOMILIA
1723 499 1790 552 IN
1833 495 2157 551 PSALMUM
2198 495 2413 549 XXXII.

3409 482 3514 544 396

287 630 561 704 γενόμενοι
587 629 665 698 τῷ
695 627 901 698 Κυρίῳ,
929 628 1022 679 καὶ
1046 617 1273 678 καθόσον
1296 623 1458 690 ἐσμὲν
1474 621 1704 684 δυνατοὶ,
1736 634 1859 671 κατ·
1887 623 1933 677 Α
1960 621 1969 666 t

1835 635 1859 656 ι-
1887 623 1933 677 Α
1960 615 2220 668 laudatio.
2247 609 2707 678 Quemadmodum
2755 622 2848 676 pes
2886 607 3134 663 obtortus
3159 599 3342 662 calceo
3369 623 3517 661 recto

289 723 608 783 οπτεύοντες
643 717 807 772 αὐτοῦ
851 718 921 771 τά
956 717 1256 786 θαυμάσια,
1291 713 1432 765 οὕτω
1468 714 1860 782 συναγάγωμεν

294 817 357 869 ἐκ
399 816 497 884 τῆς
545 811 774 882 Θεωρίας
829 813 946 873 ταῖς
994 807 1240 878 καρδίαις
1289 804 1445 873 ἡμῶν
1503 804 1858 874 εὐφροσύνην.

296 907 420 967 Τοῖς
461 901 639 956 εὐθέσι
697 899 897 970 πρέπει
945 901 1148 960 αἴνεσις
1182 914 1194 925 ·
1232 896 1421 965 ὥσπερ
1471 895 1678 955 σκολιὸς
1729 894 1863 956 ποῦς

297 997 442 1069 ὀρθῷ
472 994 774 1064 ὑποδήματι
818 995 916 1046 οὐκ
955 989 1328 1060 ἐναρμόζεται,
1374 987 1545 1047 οὕτως
1574 985 1692 1037 οὐδὲ
1727 1003 1862 1055 καρ-

298 1089 436 1151 δίαις
481 1084 878 1153 ἐνδιαστρόφοις
920 1088 952 1155 ὴ
992 1083 1196 1144 αίνεσις
1249 1079 1344 1133 τοῦ
1396 1077 1529 1130 Θεοῦ
1579 1077 1866 1146 ἐπιπρέπει

301 1177 432 1245 (8‘2).
465 1177 561 1230 Διὰ
587 1175 760 1238 τοῦτο,
803 1170 976 1245 οἶμαι,
1006 1172 1080 1236 ὡς
1111 1173 1171 1224 οὐ
1204 1173 1502 1243 πρέποντος
1535 1166 1613 1237 τῷ
1644 1167 1866 1236 στόματι

300 1267 407 1318 τῶν
432 1267 696 1336 δαιμόνων
722 1264 814 1317 τοῦ
848 1263 972 1334 περὶ
999 1260 1094 1314 τοῦ
1124 1263 1374 1332 Σωτῆρος
1402 1259 1560 1327 λόγου
1582 1300 1594 1322 ,
1623 1259 1870 1326 ἀφαιρεῖ-

300 1372 389 1408 ται
418 1356 594 1410 αὐτῶν
621 1353 716 1421 τὴν
741 1353 1002 1418 ἐξουσίαν,
1040 1351 1125 1404 ἵνα
1167 1351 1238 1420 μὴ
1278 1350 1506 1422 φανερὸν
1529 1347 1687 1401 αὐτὸν
1719 1349 1871 1418 ποιήέ

305 1464 458 1498 σωσι.
506 1443 615 1497 Καὶ
657 1441 734 1513 τῷ
772 1443 984 1496 Πύθωνι
1027 1443 1054 1494 6
1092 1439 1303 1502 Παῦλος
1344 1440 1601 1509 ἐπιτιμᾷ,
1658 1438 1741 1489 ἵνα
1798 1438 1870 1508 μὴ

306 1537 412 1590 άπὸ
460 1532 764 1604 ἀκαθάρτου
814 1535 843 1584 6
891 1533 1042 1599 ἅγιος
1097 1532 1430 1602 συνιστῆται.
1483 1527 1733 1583 Τοιοῦτον
1779 1529 1873 1580 καὶ

304 1627 386 1686 τὸ.
428 1625 510 1690 Τῷ
551 1626 617 1680 δὲ
647 1623 971 1695 ἁμαρτωλῷ
994 1624 1160 1676 εἶπεν
1206 1628 1238 1678 ό
1275 1625 1448 1690 Θεόςο
1507 1625 1638 1677 Ἵνα
1685 1621 1740 1673 τί
1792 1619 1873 1672 σὺ

305 1717 549 1788 ἐκδιηγῇ
599 1721 668 1773 τὰ
724 1715 1078 1785 δικαιώματά
1119 1731 1269 1785 μους
1323 1712 1733 1783 Φιλοτιμώμεθα
1783 1707 1875 1764 οὖν

308 1813 499 1878 φυγεῖν
538 1811 643 1862 πᾶν
688 1807 894 1860 σκολιὸν
943 1807 1100 1878 ἔργον
1140 1807 1230 1858 καὶ
1277 1803 1731 1876 στραγγαλιῶδες,
1783 1801 1877 1854 καὶ

323 1901 739 1971 ιατορθώσωμεν
787 1898 862 1960 ὡς
899 1897 1027 1966 εὐθῆ
1061 1898 1260 1948 κανόνα
1305 1896 1395 1947 τὸν
1429 1896 1551 1948 νοῦν
1597 1895 1750 1965 ἡμῶν
1785 1895 1877 1946 καλ⁵

1964 723 2067 760 non
2113 707 2434 773 adaptatur;
2472 705 2540 757 ita
2578 715 2749 771 neque
2777 701 3015 754 distortis
3046 699 3304 753 cordibus
3334 696 3518 751 lau‘da-

1965 794 2039 846 tio
2071 793 2160 846 Dei
2185 789 2457 845 convenit.
2482 790 2838 860 Quapropter,
2876 791 3090 858 opinor,
3123 789 3380 858 quoniam
3412 803 3519 842 ser-

1966 899 2052 938 mo
2081 885 2169 953 qui
2203 885 2267 936 de
2290 881 2574 935 Servalore
2598 885 2826 937 habetur
2864 883 3159 934 daemonum
3190 897 3250 936 os
3286 895 3391 934 non
3427 881 3521 934 de-

1967 985 2070 1031 ret,
2100 976 2300 1026 idcirco
2328 972 2404 1023 cis
2435 971 2622 1023 adimit
2650 970 2975 1033 facultatem,
3003 979 3058 1021 ut
3086 986 3152 1024 ne
3177 973 3518 1028 manifeslttm

1969 1065 2141 1132 ipsum
2176 1064 2398 1116 faciant.
2426 1062 2488 1116 Et
2515 1059 2814 1131 Pythonem
2849 1065 3087 1132 increpat
3137 1062 3333 1117 Paulus
3366 1065 3433 1131 δ’,
3464 1067 3522 1118 ιιι

1969 1171 2036 1210 ne
2064 1155 2131 1208 ab
2173 1156 2380 1222 impuro
2419 1163 2636 1208 sanctus
2670 1155 3093 1208 commendetur.
3132 1142 3262 1209 Tale
3288 1167 3370 1208 est
3397 1163 3518 1220 hoc,

1973 1248 2250 1301 Peccntori
2287 1261 2459 1300 autem
2504 1247 2637 1298 dixit
2686 1245 2820 1298 Πρω
2846 1259 2864 1296 :
2905 1244 3079 1310 Quare
3111 1261 3163 1301 tu
3186 1266 3404 1304 enarras
3431 1248 3525 1319 ju-

1967 1341 2141 1395 stitias
2180 1355 2317 1392 meas
2346 1339 2435 1393 '°?
2469 1339 2738 1394 Conemur
2780 1337 2940 1406 igitur
2975 1336 3158 1406 fugere
3202 1357 3359 1397 omne
3390 1357 3526 1412 opus

1971 1434 2246 1500 obliquum
2282 1444 2344 1481 ac
2375 1438 2713 1495 tortuosum;
2755 1438 2914 1496 atque
2949 1439 3180 1483 mentem
3213 1443 3450 1486 nostram
3474 1433 3528 1488 et

1973 1521 2414 1592 animijudicinm
2443 1520 2494 1572 in
2540 1523 2752 1575 modum
2786 1531 2944 1573 rectae
2986 1521 3181 1588 regulae
3215 1522 3524 1592 dirigamus,

1977 1627 2032 1669 ut
2065 1632 2183 1670 cum
2215 1615 2342 1669 recti
2373 1613 2654 1678 fuerimus,
2678 1617 2866 1669 deccat
2895 1631 2989 1670 nos
3034 1615 3240 1670 Domini
3270 1611 3526 1673 laudatio.

1974 1706 2048 1760 lla
2083 1708 2226 1761 enim
2253 1708 2455 1777 peccati
2483 1715 2668 1759 auctor
2690 1722 2934 1774 serpens,
2986 1706 3236 1776 obliquus
3293 1709 3488 1764 dicitur
3512 1750 3529 1772 ,

1977 1807 2031 1851 et
2052 1797 2255 1865 gladius
2282 1799 2371 1852 Dei
2397 1797 2668 1851 inducitur
2695 1799 2744 1850 in
2778 1798 3064 1853 draconem
3097 1811 3395 1869 serpentem
3425 1812 3534 1855 tor-

1980 1896 2190 1940 tuosum
2220 1889 2289 1950 ⁸¹,
2315 1891 2456 1958 quod
2479 1889 2652 1958 spiras
2676 1903 2739 1943 ac
2775 1890 2998 1944 divortia
3041 1893 3092 1946 in
3120 1892 3313 1946 itinere
3346 1893 3529 1948 faciat.

313 1990 369 2043 λεδ
405 1959 682 2061 κριτήριον
724 1988 824 2057 τῆς
846 1959 853 1960 7
879 1959 1072 2056 ψυχῆς,
1121 1985 1208 2037 ἵνα
1262 1986 1570 2054 γενομένοις
1617 1959 1751 2056 ημῖν
1785 1985 1877 2037 εὐ·
1910 1959 1951 2013 Β
1987 1979 1995 2031 l

1853 2014 1877 2024 -
1910 1959 1951 2013 Β
1987 1979 2193 2032 Etenim
2221 1978 2346 2031 dum
2383 1979 2648 2047 serpentis
2680 1988 2881 2033 tractus
2908 1981 3140 2046 ducitur,
3187 1984 3240 2037 in
3270 1993 3410 2038 terra
3445 1985 3529 2037 is-

310 2079 458 2132 θέσιν
508 2079 782 2150 ἐπιπρέψῃ
813 2079 844 2146 ή
882 2076 1084 2132 αἴνεσις
1129 2075 1221 2128 τοῦ
1255 2075 1480 2145 Κυρίου.
1530 2075 1737 2148 ’Ὠσπερ
1773 2075 1880 2146 γὰρ

309 2173 338 2224 6
373 2174 471 2241 τὴν
511 2171 777 2240 ἁμαρτίαν
817 2169 1265 2240 καθηγησάμενος
1307 2168 1429 2235 ὄφις
1469 2166 1682 2230 σκολιὸς
1728 2169 1883 2237 λέγε-

308 2275 422 2324 ται,
457 2263 551 2314 καὶ
597 2261 858 2328 ἐπάγεται
889 2262 923 2330 ἡ
951 2260 1042 2313 τοῦ
1070 2258 1202 2312 Θεοῦ
1235 2259 1480 2330 μάχαιρα
1516 2258 1609 2310 ἐπὶ
1648 2257 1736 2311 τὸν
1763 2260 1884 2330 δρά-

311 2368 475 2404 κοντα
501 2349 591 2404 τὸν
623 2352 744 2420 ὅφιν
788 2351 899 2419 (85)
942 2351 1030 2402 τὸν
1071 2349 1299 2411 σκολιὸν,
1343 2350 1422 2402 ὅτι
1469 2347 1666 2410 πολλάς
1709 2350 1884 2402 ἐκκλί-

314 2456 429 2501 σεις
461 2441 551 2491 καὶ
589 2439 855 2508 ἐκτροπὰς
882 2439 938 2488 ἐν
976 2439 1040 2506 τῇ
1071 2435 1265 2505 πορείᾳ
1293 2437 1542 2487 ποιεῖται.
1579 2433 1882 2504 Συρόμενος

312 2530 424 2598 γάρ
451 2530 478 2580 6
504 2528 656 2590 όλκὸς
694 2527 787 2579 τοῦ
821 2527 992 2594 ὅψεως
1015 2525 1311 2594 ἀνωμάλως
1343 2527 1409 2596 τῇ
1447 2526 1517 2594 γῇ
1542 2517 1881 2594 ἐπισύρεται,

316 2620 489 2683 ἄλλως
525 2617 816 2690 ὁρμώντων
843 2617 951 2670 τῶν
981 2615 1305 2687 ἔμπροσθεν,
1342 2617 1434 2668 καὶ
1477 2614 1717 2682 πλαγίως
1762 2617 1885 2682 ἐφε-

315 2713 564 2784 πομένων
614 2711 722 2765 τῶν
762 2711 922 2781 ἑξῆς,
977 2710 1069 2762 καὶ
1114 2708 1274 2761 πάλιν
1317 2708 1423 2761 τῶν
1464 2707 1698 2778 οὐραίων
1751 2698 1886 2776 πρὸς

314 2808 377 2858 τὸ
409 2803 646 2859 ἐναντίον
673 2804 1057 2856 ἀπονευόντων.
1097 2801 1258 2854 Ὥστε
1290 2803 1318 2854 6
1371 2800 1467 2870 μὲν
1496 2799 1573 2870 τῷ
1611 2799 1730 2868 ὄφει
1769 2794 1886 2852 ἑπό-

322 2913 481 2965 μενος
522 2896 729 2947 σκολιὸν
765 2895 856 2946 καὶ
898 2886 1181 2961 ἀνώμαλον
1210 2883 1304 2942 καὶ
1345 2892 1761 2960 ἐναντιωμάτων
1788 2890 1882 2957 γέ-

323 3003 488 3050 μοντα
518 2985 608 3036 τὸν
656 2983 767 3049 βίον
808 2981 997 3034 ἑαυτοῦ
1029 2980 1352 3045 ἐπιδείξεται
1375 2997 1387 3010 ⁸
1424 2983 1451 3033 6
1479 2979 1533 3031 δὲ
1568 2980 1739 3032 ὀπίσω
1771 2980 1886 3031 Κυ-

321 3076 437 3147 ρίου
470 3075 562 3129 τοῦ
583 3073 717 3127 Θεοῦ
756 3073 1117 3146 πορευόμενος
1145 3062 1360 3134 εὐθείας
1387 3074 1617 3122 ποιεῖται
1646 3069 1743 3130 τὰς
1776 3068 1828 3137 (8
1842 3067 1884 3140 ί)

318 3167 557 3238 τρίϐους,
609 3167 701 3219 καὶ
745 3166 908 3237 ὀρθὰς
946 3164 1042 3226 τάς
1092 3163 1310 3234 τροχιὰς
1350 3160 1456 3214 τῶν
1489 3159 1663 3212 ποδῶν
1701 3157 1883 3210 αὐτοῦ.

318 3257 515 3324 Εὑθὴς
548 3259 656 3328 γὰρ
696 3259 909 3324 Κύριος
947 3258 978 3308 ό
1017 3255 1156 3319 Θεὸς
1192 3247 1377 3321 ἡμῶν,
1421 3249 1517 3304 καὶ
1561 3251 1886 3314 εὐθύτητας

321 3345 443 3401 εἶδε
470 3350 536 3402 τὸ
569 3351 888 3416 πρόσωπον
926 3341 1133 3401 αὐτοῦ.
1178 3340 1302 3398 Ἐάν
1334 3337 1426 3396 δύο
1460 3342 1684 3404 κανόνες
1724 3339 1886 3410 ἀλλή-

321 3442 436 3503 λοις
486 3440 894 3511 παρατεθῶσιν,
942 3436 975 3509 ἡ
1033 3438 1260 3509 εὐθύτης
1317 3437 1494 3490 αὐτῶν
1559 3431 1886 3504 συναρμόζει

324 3533 603 3603 ἀλλήλοιςο
631 3532 724 3584 ἐὰν
752 3531 807 3582 δὲ
840 3531 1163 3601 διάστροφον
1187 3529 1338 3592 ξύλον
1371 3527 1552 3580 κανόνι
1584 3523 1887 3595 παρατεθῇ,

1982 2061 2260 2136 aequaliter
2297 2069 2622 2138 imprimitur
2657 2088 2669 2124 :
2702 2085 2824 2125 cum
2866 2073 3026 2126 aliter
3063 2078 3353 2142 procedant
3381 2084 3535 2132 ante-

1984 2159 2156 2213 riores
2179 2171 2379 2229 partes,
2414 2171 2468 2214 et
2501 2163 2715 2230 oblique
2743 2164 3092 2233 insequantur
3120 2176 3533 2236 consequentes,

1981 2262 2036 2306 et
2054 2267 2262 2304 rursum
2283 2253 2466 2307 cauda:
2491 2265 2666 2320 partes
2685 2256 2736 2308 iu
2755 2257 3083 2312 contrarium
3102 2269 3341 2330 vergant.
3357 2253 3536 2328 Quare

1982 2347 2072 2416 qui
2110 2356 2410 2414 serpentem
2464 2346 2728 2416 sequitur,
2777 2365 2926 2403 suam
2961 2352 3123 2406 vitam
3155 2343 3424 2423 obliquant
3456 2355 3538 2408 In-

1982 2438 2348 2508 aequalemque
2371 2447 2423 2492 et
2454 2439 2920 2495 contrarietatibus
2936 2441 3180 2498 refertam
3196 2439 3536 2501 demonstra.

1982 2528 2099 2582 bit:
2130 2531 2220 2598 qui
2253 2544 2380 2583 vero
2419 2543 2556 2597 pone
2601 2525 2879 2583 Dominum
2915 2523 3079 2585 Deum
3115 2534 3329 2599 incedit,
3361 2547 3536 2591 rectas

1983 2621 2202 2672 semitas
2218 2629 2270 2673 et
2302 2629 2443 2674 recta
2469 2620 2686 2690 vestigia
2713 2622 2903 2689 pedum
2926 2636 3141 2676 Suorum
3173 2619 3319 2680 facit.
3350 2623 3538 2683 Rectus

1983 2708 2125 2762 enim
2165 2708 2415 2760 Dominus
2452 2709 2586 2761 Deus
2630 2722 2823 2774 noster,
2854 2720 2901 2764 et
2934 2728 3049 2780 qua:
3085 2725 3222 2767 recta
3259 2725 3379 2769 sunt
3414 2718 3538 2770 vidit

1985 2797 2142 2866 facies
2176 2797 2337 2866 ipsius
2360 2797 2450 2850 εν.
2471 2796 2686 2864 Regula:
2709 2797 2827 2850 duae
2855 2799 2897 2853 si
2924 2799 3076 2869 juxta
3107 2817 3164 2856 se
3188 2803 3537 2870 collocentiir,

1983 2905 2167 2945 earum
2207 2889 2471 2943 rectitudo
2519 2890 2656 2942 inter
2689 2905 2746 2943 se
2783 2893 3063 2956 convenit;
3098 2895 3141 2947 si
3175 2910 3305 2952 vero
3341 2897 3540 2952 distou

1986 2995 2095 3037 tum
2130 2983 2330 3051 lignum
2361 2983 2427 3035 ad
2469 2975 2703 3051 regulam
2737 2992 3053 3051 apponatur,
3088 2986 3357 3041 obtortum
3390 3004 3541 3058 repe-

1986 3072 2122 3125 ritur
2171 3084 2314 3126 recto
2358 3089 2460 3125 non
2506 3087 2819 3142 congruere.
2863 3071 3126 3140 Quoniam
3184 3076 3346 3145 igitur
3397 3084 3540 3132 recta

1987 3173 2068 3216 est
2108 3161 2198 3216 Dei
2234 3163 2484 3224 laudatio,
2532 3173 2676 3216 recto
2709 3177 2839 3230 Opus
2883 3174 2965 3218 est
3013 3166 3194 3230 corde,
3240 3169 3289 3222 ei
3335 3181 3392 3224 ut
3425 3170 3543 3225 laus

1987 3254 2264 3308 conveniat
2298 3263 2686 3320 competatque.
2717 3253 2865 3318 Quod
2899 3255 2941 3308 si
2983 3270 3139 3310 nemo
3170 3258 3310 3314 valet
3355 3261 3534 3316 dicere

1992 3340 2270 3399 Dominum
2303 3343 2480 3399 Jesum
2513 3347 2612 3400 nisi
2650 3347 2700 3400 in
2733 3342 2932 3413 Spiritu
2964 3358 3153 3402 sancto
3176 3350 3243 3415 ",
3273 3354 3544 3422 quomodo

1992 3431 2233 3503 proferes
2266 3433 2497 3496 laudem,
2523 3451 2641 3488 cum
2680 3444 2882 3490 rectum
2913 3438 3163 3506 spiritum
3197 3449 3302 3495 nou
3340 3442 3542 3497 habeas

1996 3523 2048 3576 in
2078 3522 2185 3575 tuis
2219 3523 2510 3577 visceribus
2542 3526 2848 3579 innovatum
2872 3524 2951 3580 "2

324 3622 735 3692 άσυνάρμοστον
790 3619 1099 3689 εὑρίσκεται
1155 3618 1233 3686 τῷ
1289 3617 1434 3686 ὀρθῷ
1496 3617 1557 3668 τὸ
1609 3614 1882 3685 στρεϐλόν.
1939 3614 2090 3670 Ἐπεὶ
2131 3609 2222 3668 οὖν
2270 3614 2431 3686 εὐθής
2474 3617 2812 3705 ἐστινὴ-τοῦ
2877 3618 3010 3672 Θεοῦ
3075 3623 3298 3688 αίνεσις,
3338 3616 3547 3692 εὐθείας

326 3714 485 3787 χρεία
505 3714 750 3785 καρδίας,
768 3713 1141 3784 ίναέπιπρέψῃ
1156 3713 1291 3781 αὐτῇ
1316 3710 1408 3763 καὶ
1449 3709 1734 3778 ὲφαρμόσῃ
1770 3708 1798 3760 6
1823 3707 1930 3777 (85)
1971 3702 2133 3770 αἶνος.
2160 3709 2222 3760 Et
2257 3710 2313 3761 δὲ
2373 3710 2545 3772 οὐδεὶς
2575 3702 2793 3764 δύναται
2825 3713 2998 3765 εἰπεῖν
3028 3713 3226 3785 Κύριον
3265 3718 3466 3788 Ἰησοῦν
3499 3723 3546 3773 εί

331 3812 406 3882 μὴ
431 3813 488 3865 ἐν
522 3810 797 3880 Πνεύματι
831 3809 989 3878 ἁγίῳ,
1023 3808 1138 3870 πῶς
1169 3807 1233 3860 ἂν
1260 3805 1488 3877 ἐνέγκῃς
1512 3804 1602 3858 τὸν
1640 3799 1725 3858 air

330 3920 425 3955 σου
447 3920 460 3967 ;

399 3996 454 4048 2.
501 3994 991 4065 Ἐξομολογεῖσθε
1045 3992 1125 4058 τῷ
1174 3991 1367 4060 Κυρίῳ
1411 3985 1480 4046 ἐν
1530 3986 1770 4060 κιθάρᾳ,
1820 3985 1890 4045 ἐν

329 4090 642 4157 ψαλτηρίῳ
679 4087 1015 4154 δεκαχόρδῳ
1044 4079 1278 4154 ψάλατε
1321 4083 1499 4149 αὐτῷ.
1535 4085 1804 4155 Πρότερον
1833 4084 1891 4135 ὲν

331 4178 534 4248 κιθάρα
581 4177 661 4229 δεῖ
711 4176 1204 4243 ἐξομολογήσασθαι
1256 4175 1364 4246 (86)
1403 4173 1478 4244 τῷ
1512 4175 1734 4244 Κυρίῳ·
1771 4191 1894 4225 του-

331 4262 505 4330 τέστι,
539 4267 637 4329 τὰς
669 4267 754 4319 διὰ
812 4267 904 4318 τοῦ
965 4257 1214 4335 σώματος
1273 4265 1549 4336 ἐνεργείας
1607 4265 1894 4325 ἀποδοῦναι

333 4359 686 4431 ὲναρμονίως.
733 4357 947 4428 Ἐπειδὴ
974 4358 1080 4426 γὰρ
1111 4360 1168 4409 ἐν
1193 4358 1268 4426 τῷ
1297 4352 1506 4426 σώματι
1555 4358 1891 4428 ἡμάρτομεν,

333 4451 422 4504 ὅτε
453 4449 871 4519 παρεστήσαμεν
900 4448 966 4499 τά
1005 4447 1140 4517 μέλη
1168 4446 1332 4516 ιήμῶν
1357 4447 1517 4498 δοῦλα
1548 4449 1613 4517 τῇ
1651 4443 1895 4519 ἁμαρτία

334 4542 418 4602 είς
443 4539 539 4608 τὴν
573 4537 817 4607 ἀνομίαν,
852 4536 928 4606 τῷ
968 4535 1177 4605 σώματι
1216 4537 1308 4588 καὶ
1354 4532 1893 4606 ὲξομολογησώμεθα,

333 4629 414 4698 τῷ
453 4628 598 4698 αὐτῴ
624 4628 952 4699 κεχρημένοι
983 4626 1196 4697 ὀργάνῳ
1225 4627 1360 4694 πρὸς
1384 4626 1483 4696 τὴν
1515 4628 1771 4681 ἀνάλυσιν
1796 4629 1895 4698 τῆς

338 4719 632 4790 ἁμαρτίας.
694 4719 1098 4788 Ἐλοιδόρησας;
1151 4719 1464 4789 εὐλόγησαν.
1508 4720 1891 4792 Ἐπλεονέκτη-

1860 3803 1929 3871 ⁴ιὴ
1968 3801 2104 3873 ἔχων
2141 3804 2201 3857 τὸ
2234 3803 2386 3866 “WE;
2413 3805 2630 3876 πνεῦμα
2693 3807 3032 3875 ἐγκαινισθὲν
3068 3811 3124 3862 ὲν
3151 3813 3261 3875 τοῖς
3299 3814 3548 3882 ἐγκάτοις

2063 3987 2116 4042 2.
2158 3987 2310 4042 Vens.
2360 3987 2413 4042 2.
2451 3986 2784 4057 Conﬁteminl
2835 3984 3058 4046 Domino
3107 3993 3160 4046 in
3210 3995 3443 4063 cithara,
3494 3993 3551 4051 lu

1993 4081 2240 4146 psalterio
2273 4082 2445 4132 decem
2483 4083 2798 4133 chordarum
2834 4082 3041 4150 psallite
3081 4085 3178 4138 illi.
3217 4086 3454 4143 Primum
3497 4093 3548 4142 in

1995 4171 2199 4224 cithara
2237 4170 2457 4223 Domino
2496 4171 2738 4223 confiteri
2770 4181 3011 4240 oportet;
3049 4175 3148 4229 hoc
3175 4184 3277 4239 est,
3308 4179 3552 4244 corporis

2000 4262 2238 4315 actiones
2274 4262 2533 4314 concinne
2565 4262 2859 4316 absolvere.
2891 4264 3151 4329 Quoniam
3199 4267 3343 4321 enim
3391 4262 3547 4340 133

2001 4353 2055 4408 in
2095 4367 2320 4421 corpore
2352 4353 2709 4421 peccavimus,
2736 4367 2856 4405 cum
2899 4364 3080 4407 nostra
3113 4356 3350 4411 membra
3394 4369 3551 4413 serva

2000 4447 2220 4512 peccato
2252 4444 2317 4497 ad
2361 4444 2693 4510 iniquitatem
2734 4444 3076 4513 prmbuimus.
3120 4459 3341 4515 corpore
3389 4449 3552 4504 etiam

2001 4536 2374 4600 confiteamur,
2416 4536 2605 4589 eodem
2642 4545 2853 4590 utentes
2880 4535 3236 4589 instrumento
3264 4537 3328 4589 ad
3363 4553 3554 4607 pecca-

2002 4637 2111 4682 tum
2164 4629 2553 4683 dissolvendum
2579 4629 2645 4682 “.
2700 4627 3045 4682 Conviclatus
3099 4629 3193 4682 es?
3246 4630 3552 4688 benedicasi

2004 4717 2256 4787 Eripuisti
2322 4720 2534 4774 aliena?
2595 4721 2820 4775 reddito.
2870 4720 3165 4775 Inebriatus
3213 4721 3308 4775 es?
3351 4721 3552 4792 jejuna;

340 4825 474 4873 σας;
519 4808 733 4870 ἀπόδος.
777 4808 1108 4878 Ἐμεθύσθης
1149 4809 1288 4878 (87);
1319 4813 1632 4880 νήστευσον.
1677 4811 1897 4878 Ἦλαζο-
1929 4811 2022 4866 οε

1869 4842 1897 4857 -
1929 4811 1972 4866 D
1999 4811 2275 4880 Superbus
2309 4812 2497 4865 fuisti?
2529 4823 2642 4866 esto
2685 4811 2920 4865 humilis.
2972 4811 3258 4867 lnvidisti?
3308 4816 3551 4869 obsecra.

341 4899 551 4964 νεύσως
617 4899 998 4971 ταπεινώθητι.
1065 4891 1430 4970 Ἒφθόνησαςς
1499 4903 1895 4973 παρακάλεσον.

353 4982 709 5060 Ἒφόνευσας
748 4990 1190 5061 μαρτύρησονοῆ
1237 4989 1306 5043 τὰ
1354 4991 1770 5062 ίσοδυναμοῦντα
1824 4993 1902 5064 τῷ

414 5102 459 5134 δ’
502 5103 615 5155 Act.
659 5119 767 5162 xw.
827 5101 913 5156 18.
1003 5104 1048 5134 ⁸⁰
1097 5103 1239 5157 Psal.
1275 5119 1397 5159 xm
1427 5145 1442 5169 ,
1480 5105 1566 5161 16.

340 5173 388 5206 ⁸³
420 5171 562 5225 Psal.
599 5190 649 5235 L,
682 5173 766 5226 12.
847 5172 893 5203 ⁸⁸
932 5171 1086 5226 Rom.
1117 5190 1187 5233 Vt,
1228 5175 1316 5228 19.

416 5284 527 5354 (82)
568 5283 699 5354 Ijeg.
731 5285 920 5354 tertius
950 5284 1080 5338 Θεοῦ
1124 5286 1339 5354 πρέπει.

414 5350 527 5424 (83)
569 5352 742 5406 Editio
797 5353 966 5406 Paris.
1013 5357 1104 5407 τὸν
1153 5350 1293 5422 ὅφιν.
1348 5353 1505 5407 Deest
1539 5350 1797 5424 articulus
1846 5352 1900 5407 in

341 5423 615 5543 (similibus,
655 5438 789 5490 quos
835 5425 964 5476 mihi
1011 5427 1226 5494 quidem
1276 5425 1455 5477 videre
1501 5423 1758 5492 contigit,
1805 5437 1900 5476 co-

386 5510 450 5543 ιρι
494 5508 574 5543 IIS.

346 5495 574 5548 dicibus.

417 5561 527 5630 (.84)
569 5561 717 5616 Colb.
746 5571 969 5629 quartus
1002 5565 1139 5615 ποιεῖ
1166 5563 1280 5626 τάς.

566 5631 712 5684 Culb.
738 5643 959 5700 quartus
1006 5635 1098 5684 καὶ
1148 5631 1460 5702 ὲφαρμοσθῇ
1510 5632 1557 5685 6.
1590 5631 1706 5686 Mox
1747 5632 1894 5696 Regii

347 5705 536 5755 tertius
558 5712 610 5753 et
635 5712 818 5754 sextus
841 5716 958 5753 cum
982 5704 1212 5754 editione
1242 5703 1400 5756 Basil.
1428 5704 1750 5767 coniunctim
1781 5703 1899 5766 πῶς

345 5771 663 5842 ἀνενέγκῃς.
690 5771 865 5842 Editio
887 5770 1058 5824 Paris.
1088 5788 1206 5842 cum
1237 5771 1575 5842 Regaquinto
1606 5774 1895 5838 separatim

345 5842 412 5892 ἂν
454 5839 871 5912 ἐνέγκηςηκεε.
898 5841 1314 5912 εερυιιόυεᾼρυιη
1344 5840 1492 5912 βαιὴ.
1524 5844 1750 5912 septimo
1783 5842 1897 5912 πῶς

347 5907 671 5978 άνενὲγκειξ.
698 5907 844 5966 οου).
867 5920 1088 5980 quartus
1110 5909 1224 5973 πῶς
1251 5910 1314 5962 ἂν
1339 5907 1598 5983 ἐνενέγκῄ
1626 5911 1715 5965 τὸν
1747 5907 1896 5966 αἶνον

1677 5108 1720 5138 ⁸⁸
1756 5105 1857 5162 lsa.
1893 5124 2063 5175 xxvn,
2094 5110 2144 5163 1.

2003 4900 2292 4959 Occidisti?
2331 4905 2640 4975 martyrium
2679 4902 2948 4973 perferas;
2998 4903 3080 4958 vel
3117 4901 3256 4973 quod
3301 4906 3557 4976 martyrio

2006 5011 2103 5064 par
2134 5006 2235 5059 est,
2279 5011 2373 5066 per
2405 4995 2791 5051 confessionem
2836 5011 3029 5064 corpus
3074 5005 3216 5049 tuum
3251 4994 3445 5064 amige.
3488 4994 3556 5048 Et

2243 5111 2312 5144 ’ν
2352 5110 2495 5165 Psal.
2524 5127 2633 5176 XCI,
2673 5111 2773 5178 {6;
2834 5128 2888 5175 ι,
2917 5107 2971 5162 8ι
3070 5109 3115 5140 ⁸⁸
3150 5108 3318 5163 1001³·
3375 5124 3470 5175 ιιι.
3499 5109 3553 5164 δ·

1995 5287 2024 5338 6
2061 5285 2225 5366 μὴν..
2255 5289 2312 5341 ὲν
2358 5292 2470 5352 τοῖς
2511 5289 2763 5359 ἐγκάτοις
2813 5290 3011 5356 αὐτοῦς
3065 5290 3335 5356 Quomodo
3379 5293 3423 5348 is
3470 5296 3560 5366 qui

1998 5368 2104 5408 non
2133 5361 2306 5420 habet,
2331 5371 2436 5411 etc.

2069 5425 2180 5496 (86)
2222 5428 2293 5479 Ita
2325 5430 2559 5496 quinque
2595 5444 2721 5484 mss.
2753 5445 2874 5484 cum
2908 5432 3140 5485 editione
3173 5430 3338 5485 Basil.
3374 5432 3553 5486 Editio

1999 5509 2126 5571 vero
2177 5496 2422 5571 Paris._et
2462 5501 2698 5551 nonnulli
2751 5516 2878 5571 mss.
2925 5501 3383 5571 ἐξομολογεῖσθαι.
3436 5502 3559 5557 Mox

2000 5563 2126 5641 editi
2164 5579 2281 5641 cum
2335 5567 2464 5633 Reg.
2509 5582 2701 5641 quarto
2750 5563 3041 5625 ἀποδοῦναι
3091 5563 3446 5641 ἐναρμονιως.
3490 5577 3562 5626 ΑΙ.

2001 5633 2352 5710 οΙῐίΑιιίιΕμιε
2392 5633 2883 5710 ιιιεε.’ἐναρμονίως
2919 5633 3246 5696 ἀποδιδόναιῖ

2075 5703 2186 5781 ςβἹ)
2224 5703 2353 5774 Reg.
2386 5703 2662 5781 secundus
2686 5703 2811 5781 'cunt
2845 5711 3223 5781 _Co|b.rqujnto
3265 5710 3558 5781 ὲμέθυσαςι

2002 5772 2103 5852 Alii
2123 5789 2264 5852 mss.
2294 5772 2412 5852 cum
2445 5779 2601 5834 editis
2630 5779 2954 5852 ὲμεθύσθης.
2999 5772 3191 5837 Staiim
3230 5772 3381 5838 (λόει).
3408 5772 3561 5851 quini

2004 5851 2088 5898 tus
2115 5843 2492 5917 ὴλαζονεύθης,
2663 5843 2675 5851 “
2890 5843 2927 5852 "
3339 5866 3349 5876 ..
