4260 6516
767 452 876 508 321

2121 449 2173 503 S.
2218 449 2455 504 BASILH
2496 449 2711 505 MAGNI

3916 460 4009 513 323

773 584 898 626 tunc
934 582 1054 642 post
1105 569 1531 633 confessionem,
1576 569 1764 638 dignus
1810 582 1869 620 es
1915 568 2006 636 qui
2071 569 2124 621 in
2178 570 2336 623 tleca-
2368 578 2409 633 Α
2446 589 2455 640 ε

2325 599 2336 610 -
2368 578 2409 633 Α
2446 571 2746 641 μαρτυρίῳ,
2779 570 2866 622 διὰ
2893 571 2991 641 τῆς
3028 570 3466 642 ὲξομολογήσεως
3500 573 3727 627 σεαυτοῦ
3769 574 3828 627 τὸ
3860 574 4007 646 σῶμα

770 666 975 721 chordo
1019 664 1274 733 psalterio
1326 662 1435 716 Deo
1483 659 1676 731 psallas
1699 661 1768 712 ".
1820 657 1979 714 Prius
2029 659 2171 713 enim
2219 675 2341 714 cor-

774 758 920 826 poris
972 758 1212 812 aetiones
1262 765 1477 824 Oportet
1519 753 1832 817 emendari,
1876 760 1932 805 ut
1982 763 2343 821 congruenter

771 851 954 905 divino
1001 849 1166 904 verbo
1213 848 1695 915 convenienterque
1748 845 2116 916 perficiantur,
2152 848 2340 914 sicque

771 957 938 1013 queas
992 942 1058 996 ad
1114 957 1296 994 rerum
1352 939 1763 1008 intelligibilittm
1825 939 2336 1007 contemplationem

771 1035 1084 1090 ascendere.
1140 1032 1406 1085 Fortassis
1468 1031 1610 1084 enim
1670 1043 1849 1093 mens,
1921 1044 2040 1098 qua
2108 1044 2336 1098 superna

771 1128 996 1198 quaerit,
1047 1125 1357 1196 psalterimn
1414 1124 1557 1177 dicta
1603 1133 1718 1183 est,
1755 1125 1893 1190 quod
1953 1121 2109 1188 hujus
2148 1122 2335 1191 organi

772 1229 1041 1275 structura
1096 1234 1126 1272 a
1176 1217 1437 1286 superiori
1482 1223 1630 1285 parte
1673 1214 1778 1266 vim
1845 1224 2184 1267 resonantem
2242 1229 2335 1268 ac-

772 1313 922 1380 cipit.
955 1311 1207 1380 Corporis
1239 1310 1418 1378 itaque
1447 1322 1606 1377 Opera
1651 1306 1790 1360 velut
1829 1321 1894 1360 ex
1943 1306 2166 1359 infernis
2210 1321 2337 1360 con-

771 1404 989 1458 litcntur
1027 1403 1137 1457 Deo
1164 1421 1177 1455 -.
1208 1416 1326 1469 quae
1355 1415 1482 1453 vero
1531 1414 1626 1468 per
1678 1409 1910 1452 mentem
1947 1398 2336 1451 annuntiantur

769 1495 1063 1566 mysteria,
1110 1509 1140 1550 e
1175 1493 1417 1562 supernis
1479 1491 1816 1546 occasionem
1871 1490 2104 1552 habent,
2160 1500 2337 1544 mente

769 1587 914 1640 velut
962 1601 1150 1640 sonum
1190 1601 1283 1654 per
1332 1584 1576 1654 spiritum
1625 1583 1974 1650 adipiscente.
2017 1578 2113 1646 Qui
2169 1582 2332 1649 igitur

767 1680 832 1732 ad
869 1680 1042 1733 omnia
1092 1688 1353 1746 prrecepta
1396 1675 1641 1742 respicit,
1685 1689 1751 1728 ex
1799 1674 1981 1741 eisque
2027 1675 2170 1728 velut
2204 1691 2336 1730 con-

767 1785 981 1826 centum
1033 1788 1095 1826 ac
1151 1771 1518 1842 symphoniam
1587 1766 1749 1834 facit,
1793 1769 1837 1823 is
1885 1769 1937 1822 in
1998 1769 2333 1825 decachordo

765 1867 1021 1936 psalterio
1064 1867 1169 1919 Deo
1211 1863 1422 1933 psallit,
1471 1864 1608 1931 quod
1660 1860 1929 1930 generalia
1966 1861 2150 1914 decem
2199 1875 2333 1929 pra:-

2443 661 2715 715 κάκωσον.
2759 662 2868 714 Καὶ
2910 662 3030 714 τότε
3075 663 3209 732 μετὰ
3237 663 3334 732 τὴν
3379 664 3762 735 ἐξομολόγησιν
3791 666 3940 732 ἄξιος
3966 661 4011 718 εἱ

2441 755 2497 807 ἐν
2528 754 2812 824 ψαλτηρίῳ
2851 754 3158 826 δεκαχόρδῳ
3205 755 3426 824 ψάλλειν
3468 756 3546 826 τῷ
3586 756 3706 828 Θεῷ
3747 757 3881 827 (88).
3927 759 4010 811 Δεῖ

2441 847 2549 918 γὰρ
2567 847 2831 917 πρότερον
2867 847 3206 918 κατορθῶσαι
3239 848 3336 911 τὰς
3360 849 3445 901 διὰ
3475 849 3568 902 τοῦ
3593 847 3842 919 σώματος
3864 851 4006 921 ἐνερ-

2441 939 2612 1007 γείας,
2648 938 2788 992 ὥστε
2818 940 3093 1009 ἁρμονίως
3124 939 3201 1010 τῷ
3248 940 3376 1011 θείῳ
3403 941 3545 1010 λόγῳ
3583 943 3886 1001 ἀποτελεῖν.
3921 943 4007 997 καὶ

2441 1029 2615 1093 οὓτως
2645 1033 2735 1084 ἐπὶ
2773 1030 2875 1101 τὴν
2911 1031 3142 1101 θεωρίαν
3179 1032 3290 1086 τῶν
3321 1031 3526 1103 νοητῶν
3549 1033 3830 1103 ἀναϐῆναι.
3864 1035 4007 1087 Ψαλ-

2439 1123 2626 1193 τήριον
2656 1124 2762 1194 γάρ
2797 1125 2934 1195 τάχα
2973 1126 3000 1178 6
3026 1123 3149 1187 νοῦς
3177 1125 3392 1196 εἴρηται
3415 1127 3442 1178 6
3469 1125 3534 1178 τά
3560 1125 3671 1179 άνω
3699 1125 3894 1195 ζητῶν.
3926 1128 4004 1180 διὰ

2438 1212 2498 1264 τὸ
2521 1212 2617 1284 τὴν
2652 1213 2992 1286 κατασκευὴν
3021 1214 3114 1268 τοῦ
3154 1217 3386 1287 ὀργάνου
3429 1215 3618 1270 τούτου
3648 1216 3748 1287 τὴν
3775 1218 4005 1287 ηχοῦσαν

2436 1304 2668 1375 δύναμιν
2699 1307 2763 1357 ἐκ
2801 1306 2906 1358 τῶν
2940 1307 3144 1361 ἄνωθεν
3183 1309 3346 1378 ἔχειν.
3381 1307 3460 1361 Τὰ
3507 1308 3605 1380 μέν
3655 1305 3747 1362 οὖν
3781 1309 3874 1361 τοῦ
3913 1310 4008 1363 σώ-

2441 1419 2606 1472 ματος
2658 1400 2795 1471 ἔργα
2835 1403 2993 1455 οἱονεὶ
3025 1402 3268 1456 κάτωθεν
3309 1403 3712 1473 ἐξομολογεῖται
3742 1404 3820 1474 τῷ
3858 1404 4004 1474 Θεῷ·

2435 1491 2504 1545 τὰ
2530 1492 2586 1544 δὲ
2613 1491 2700 1546 διὰ
2735 1491 2828 1544 τοῦ
2859 1493 2949 1545 νοῦ
2990 1494 3428 1565 ἐπαγγελλόμενα
3457 1497 3568 1565 (89)
3607 1499 3880 1568 μυστήρια
3911 1498 4004 1559 τὰς

2437 1584 2692 1656 ἀφορμὰς
2749 1584 2952 1638 ἄνωθεν
3009 1586 3142 1655 ἔχει,
3191 1589 3354 1640 οἱονεὶ
3389 1589 3750 1659 ἐνηχουμένου
3783 1590 3874 1643 διά
3915 1589 4002 1643 τοῦ

2435 1677 2762 1747 πνεύματος.
2809 1677 2866 1730 '0
2899 1677 3076 1729 τοίνυν
3103 1678 3194 1731 ἐπὶ
3225 1679 3402 1742 πάσας
3433 1681 3533 1740 τὰς
3563 1681 3780 1745 ἐντολάς
3803 1682 4004 1736 ἐπεδλέ·

2436 1788 2572 1834 πων,
2634 1773 2727 1825 καὶ
2781 1771 2943 1824 οίονεί
3002 1771 3261 1841 συνῳδίαν
3310 1772 3487 1826 αὐτῶν
3537 1774 3630 1827 καὶ
3686 1777 4002 1845 συμφωνίαν

2435 1858 2793 1927 ποιῶν,οὒτος
2822 1866 2880 1918 ἐν
2913 1863 3221 1935 δεκαχόρδῳ
3235 1863 3516 1937 ψαλτηρίῳ
3544 1867 3731 1935 ψάλλει
3758 1869 3835 1939 τῶ
3865 1869 4000 1940 Θεῷ,

766 1971 923 2030 cepta
985 1958 1277 2012 secundmn
1335 1958 1558 2026 primam
1618 1954 1747 2023 legis
1802 1956 2144 2009 traditionem
2204 1970 2333 2009 con-
2367 1940 2448 2003 Bl

2317 1984 2333 1994 -
2367 1940 2408 1994 Β
2436 1951 2524 2004 διά
2565 1953 2626 2005 τὸ
2679 1954 2808 2007 δέκα
2854 1951 2992 2008 εἶναι
3042 1956 3141 2019 τάς
3187 1956 3408 2025 γενικὰς
3460 1959 3675 2022 ἐντολὰς
3721 1961 3862 2014 κατὰ
3907 1964 3999 2034 τὴν

764 2050 958 2117 scripta
987 2057 1127 2102 sunt.
1171 2046 1331 2101 Vens.
1359 2047 1411 2100 5.
1447 2044 1665 2098 Cuntate
1699 2043 1920 2098 Domino
1949 2047 2210 2099 canticum
2245 2062 2333 2098 no-

762 2159 901 2196 vum.
938 2141 1048 2196 Hoc
1083 2149 1198 2203 est,
1240 2139 1360 2193 Non
1397 2139 1451 2192 in
1492 2147 1738 2192 veluslale
1777 2139 1984 2206 litteris,
2028 2141 2118 2193 sed
2153 2144 2206 2192 in
2238 2155 2330 2192 no-

763 2236 918 2286 vitate
953 2231 1168 2300 spiritus
1204 2231 1362 2284 Deum
1397 2229 1554 2283 colite
1583 2230 1649 2282 ⁸⁸.
1679 2228 1779 2296 Qui
1820 2245 1922 2283 non
1969 2229 2325 2301 corporaliter

763 2313 930 2394 legem
966 2325 1182 2393 accipit,
1227 2324 1320 2380 sed
1384 2323 1527 2377 illius
1562 2324 1706 2376 novit
1746 2323 2040 2392 spiritalem
2077 2338 2316 2387 sensum,

763 2420 849 2475 hic
891 2419 1160 2474 canticum
1208 2432 1403 2472 novum
1461 2425 1661 2471 cantat.
1694 2413 1826 2468 Nam
1869 2427 2021 2471 vetus
2067 2426 2121 2471 et
2171 2431 2327 2470 sene-

761 2527 918 2567 εουιιε
984 2510 1380 2564 Testamentum
1452 2508 1796 2578 pertransiit,
1852 2523 2046 2561 novum
2097 2523 2225 2561 vero
2272 2517 2327 2562 et

762 2606 1116 2656 instauratum
1165 2601 1431 2654 canticum
1476 2598 1734 2651 doctrina:
1779 2599 1983 2650 Domini
2023 2613 2126 2651 non
2165 2613 2322 2651 exce-

763 2692 862 2758 pit,
905 2688 1385 2760 qttzejuveututem
1428 2696 1688 2750 nostram,
1721 2687 1862 2741 velut
1907 2687 2119 2756 aquilze,
2164 2702 2321 2741 reno-

761 2793 853 2837 vat
879 2783 948 2848 ",
982 2781 1068 2836 ubi
1125 2778 1529 2848 corruperimus
1579 2791 1858 2832 externum
1914 2777 2219 2842 hominem,
2271 2785 2323 2832 et

759 2872 997 2928 renovati
1047 2870 1305 2924 fuerimus
1343 2868 1407 2923 de
1446 2869 1530 2922 die
1561 2869 1612 2921 in
1645 2870 1782 2923 diem
1812 2869 1878 2925 ⁸⁸.
1929 2868 2031 2922 Sed
2061 2879 2113 2923 et
2143 2869 2231 2936 qui
2266 2883 2323 2921 se

759 2967 827 3021 ad
867 2965 1133 3019 anteriora
1164 2962 1401 3016 extendit
1458 2975 1667 3030 semper
1699 2975 1756 3014 ευ
1793 2962 1906 3030 ipso
1938 2962 2209 3016 recentior
2239 2962 2317 3014 lit.

757 3059 934 3128 Quare
976 3056 1066 3127 qui
1111 3069 1169 3109 se
1202 3055 1314 3119 ipso
1355 3053 1414 3107 lit
1453 3067 1668 3122 semper
1711 3053 1998 3115 recentior,
2052 3053 2322 3106 recentius

756 3152 1022 3206 canticum
1060 3147 1168 3201 Deo
1203 3146 1367 3200 canit.
1416 3145 1704 3202 Recentius
1743 3155 1921 3199 autem
1953 3159 2018 3199 ex
2055 3159 2204 3199 more
2234 3144 2316 3197 di-

758 3243 902 3296 citur
926 3240 1010 3294 vel
1042 3240 1094 3293 id
1121 3237 1262 3306 quod
1291 3246 1373 3290 est
1399 3236 1735 3301 admirabile,
1759 3235 1843 3289 vel
1874 3235 1922 3288 id
1953 3236 2091 3304 quod
2128 3249 2316 3289 recens

2435 2043 2658 2114 πρώτην
2689 2046 2781 2098 τού
2815 2047 2975 2118 νόμου
3005 2048 3302 2120 παράδοσιν
3340 2049 3748 2121 γεγραμμένας.
3785 2053 4002 2121 ’ᾼσιιτε

2430 2135 2511 2201 τῷ
2539 2138 2732 2206 Κυρίῳ
2760 2130 2924 2207 ᾆσμα
2956 2139 3064 2209 (90)
3101 2143 3329 2195 καινόν.
3356 2143 3667 2204 Τουτέστιν,
3703 2143 3799 2211 Μὴ
3833 2145 3905 2198 ἐν
3930 2146 4001 2215 τῇ

2428 2229 2780 2296 παλαιότητι
2807 2230 2912 2282 τοῦ
2943 2229 3298 2300 γράμματος,
3326 2233 3461 2287 ἀλλ’
3491 2234 3561 2287 ἐν
3587 2233 3661 2302 τῇ
3700 2238 3999 2300 καινότητι

2425 2320 2530 2373 τοῦ
2548 2323 2886 2391 πνεύματος
2915 2319 3200 2394 λατρεύετε
3221 2323 3299 2394 τῷ
3325 2324 3462 2396 Θεῷ.
3494 2326 3551 2379 '0
3579 2327 3652 2398 μὴ
3677 2328 4000 2397 σωματικῶς

2425 2412 2783 2482 ἐκλαμϐάνων
2814 2413 2905 2466 τὸν
2953 2413 3136 2483 νόμον,
3168 2414 3306 2468 ἀλλὰ
3338 2417 3398 2470 τὸ
3430 2419 3798 2488 πνευματικὸν
3834 2421 3998 2476 αὐτοῦ

2424 2503 2724 2574 γνωρίζων,
2766 2497 2920 2568 οὗτος
2953 2504 3065 2576 ᾄδει
3099 2505 3158 2558 τὸ
3201 2508 3384 2560 καινὸν
3425 2504 3595 2579 ᾆσμα.
3625 2512 3768 2565 Διότι
3806 2511 3865 2564 τὸ
3904 2514 3999 2583 μὲν

2427 2592 2824 2662 παλαιούμενον
2861 2597 2954 2649 καὶ
2991 2597 3266 2668 γηράσκον
3301 2599 3400 2669 τῆς
3425 2598 3698 2671 Διαθήκης
3726 2601 3909 2673 διὲ6η’
3940 2604 3999 2657 τὸ

2421 2684 2476 2737 δέ
2513 2685 2695 2738 καινὸν
2718 2688 2810 2738 καὶ
2838 2689 3228 2760 ἀνανεούμενον
3268 2688 3416 2763 ᾆσμα
3448 2695 3598 2764 ἡμᾶς
3627 2695 3727 2765 τῆς
3755 2695 3848 2749 τοῦ
3885 2698 3996 2750 Κυ-

2423 2778 2539 2848 ρίου
2593 2778 2936 2843 διδασκαλίας
2981 2781 3249 2848 διεδέξατο
3303 2785 3446 2854 (91),
3497 2789 3620 2858 ἦτις
3660 2790 3996 2857 άνακαινίζει

2420 2870 2992 2944 ἡμῶν,ὼςάετοῦ.τὴν
3025 2874 3271 2944 νεότητα,
3293 2876 3416 2928 ὅταν
3450 2879 3758 2949 φθείρωμεν
3786 2884 3882 2952 μὲν
3908 2884 3996 2935 τὸν

2418 2962 2522 3028 ἔξω
2555 2961 2860 3032 ἄνθρωπον,
2891 2963 3310 3035 ἁνακαινώμεθα
3353 2967 3409 3020 δὲ
3437 2969 3618 3040 ἡμέρα
3664 2971 3757 3022 καὶ
3791 2974 3993 3044 ἡμέρα.

2431 3053 2590 3106 Ἀλλὰ
2618 3055 2711 3106 καὶ
2736 3057 2763 3109 6
2790 3059 2901 3120 τοῖς
2931 3056 3237 3129 ἔμπροσθεν
3263 3059 3706 3130 ἐπεκτεινόμενος
3739 3063 3828 3116 ἀεὶ
3881 3066 3998 3118 ἐαυο

2418 3142 2510 3195 τοῦ
2541 3147 2851 3216 καινότερος
2888 3149 3115 3216 γίνεται.
3151 3150 3310 3204 Ὥστε
3344 3151 3372 3203 6
3405 3153 3490 3204 ἀεὶ
3532 3153 3842 3226 καινότερος
3874 3157 3997 3209 ἐαυ-

2418 3234 2512 3287 τοῦ
2541 3236 2820 3306 γινόμενος
2853 3241 3160 3310 καινότερον
3186 3238 3335 3314 ᾆσμα
3377 3244 3490 3316 ᾄδει
3515 3244 3592 3316 τῷ
3622 3246 3757 3316 θεῷ.
3799 3249 3995 3303 Καινό-

755 3345 932 3387 ortum
959 3331 1160 3386 habuit.
1191 3332 1318 3384 Sive
1351 3329 1511 3398 igitur
1541 3328 1926 3380 incarnationis
1959 3326 2169 3381 Domini
2203 3341 2317 3381 tno—
2345 3310 2389 3373 ο
2419 3345 2437 3379 1

2307 3354 2317 3367 ι
2345 3310 2389 3373 C
2419 3343 2572 3396 τερον
2592 3327 2648 3380 δὲ
2683 3327 2714 3398 ἢ
2756 3327 2815 3379 τὸ
2851 3329 3146 3398 παράδοξον
3179 3334 3281 3386 ὑπὸ
3306 3335 3405 3404 τῆς
3437 3337 3722 3406 συνηθείας
3750 3338 3989 3407 λέγεται,

757 3427 882 3479 dum
923 3424 1289 3479 admirabilem
1324 3432 1378 3477 et
1417 3431 1605 3477 natura
1632 3419 1775 3474 onmi
1810 3419 2140 3486 superiorem
2191 3434 2316 3472 nar-

761 3542 868 3590 res,
917 3524 1186 3580 recentius
1237 3536 1302 3576 ac
1338 3521 1613 3575 insolitum
1656 3514 1923 3571 canticum
1983 3517 2310 3570 concinnis:

759 3621 874 3675 sive
920 3620 1083 3674 totius
1116 3620 1292 3672 mundi
1326 3632 1421 3687 per
1451 3625 1730 3688 peccatum
1766 3612 2047 3668 inveterati
2095 3626 2316 3680 regene—

756 3711 1020 3767 rationem
1073 3710 1581 3777 renovationemque
1616 3721 1924 3769 recenseas,
1972 3720 2034 3759 ac
2075 3719 2318 3758 resurre-

752 3804 946 3860 ctionis
985 3801 1383 3858 annuntiaveris
1417 3801 1691 3871 mysteria,
1735 3800 1813 3855 sic
1846 3811 2059 3870 quoque
2112 3809 2310 3850 novum

756 3909 820 3948 ac
850 3909 1037 3948 recens
1065 3894 1334 3947 canticum
1365 3891 1534 3946 canis.

816 4166 869 4221 5.
911 4167 1048 4220 Bene
1083 4163 1290 4234 psallite
1326 4164 1374 4218 ei
1405 4165 1459 4218 in
1502 4163 1894 4232 vociferatione.
1933 4162 2127 4217 Audite
2168 4177 2306 4231 prte-

749 4269 986 4329 ceptum.
1015 4256 1151 4310 Bene
1180 4255 1418 4324 psallite;
1449 4268 1624 4310 mente
1665 4266 1893 4318 attenta,
1934 4257 2144 4308 sincero
2176 4253 2308 4309 alle-

744 4362 856 4407 ctu.
902 4349 968 4404 In
1018 4347 1389 4418 vociferatione
1440 4347 1666 4414 psallite.
1705 4345 1865 4399 Velut
1916 4344 2040 4399 boni
2091 4344 2306 4414 quidem

745 4444 942 4499 milites
974 4453 1092 4511 post
1139 4451 1344 4509 partam
1375 4439 1440 4493 de
1472 4436 1716 4492 hostibus
1764 4437 2067 4501 victoriam,
2106 4435 2306 4491 referte

744 4537 972 4606 hymnos
1009 4533 1215 4586 auctori
1247 4532 1500 4585 victoriae.
1534 4528 1813 4597 Con/Edita,
1851 4529 2047 4599 inquit,
2083 4543 2174 4597 ego
2206 4527 2304 4581 vici

2423 3421 2451 3492 ἢ
2476 3421 2536 3473 τὸ
2565 3422 2890 3493 προσφάτως
2916 3423 3181 3492 παρελθὸν
3219 3429 3296 3488 είς
3323 3427 3418 3498 τὴν
3444 3430 3657 3497 γένεσιν
3689 3431 3824 3501 (92).
3864 3435 3990 3488 Ἐάν

2415 3528 2474 3564 τε
2511 3507 2602 3566 οὖν
2652 3512 2741 3565 τὸν
2776 3511 3074 3584 Θαυμάσιον
3110 3515 3305 3585 τρόπον
3349 3519 3439 3570 καὶ
3465 3523 3645 3573 πᾶσαν
3675 3521 3772 3592 τὴν
3824 3525 3990 3593 φύσιν

2417 3604 2808 3676 ὑπερϐαίνοντα
2839 3608 2938 3678 τῆς
2963 3605 3421 3679 ἐνανθρωπήσεως
3441 3610 3602 3682 διηγῇ
3626 3614 3720 3667 τοῦ
3755 3617 3988 3688 Κυρίου,

2416 3697 2723 3767 καινότερον
2751 3693 2898 3768 ᾆσμα
2923 3701 3014 3752 καὶ
3048 3699 3194 3764 ξένον
3227 3700 3374 3772 ᾄδεις
3394 3718 3406 3730 ·
3442 3701 3534 3753 ἐάν
3559 3719 3616 3755 τε
3644 3706 3740 3774 τὴν
3761 3708 3990 3777 ἀναγέν-

2415 3804 2568 3858 νησιν
2597 3790 2690 3841 καὶ
2718 3790 3013 3844 ἀνανέωσιν
3037 3793 3128 3845 τοῦ
3157 3794 3357 3857 παντὸς
3395 3793 3598 3863 κόσμου
3633 3795 3724 3847 τοῦ
3756 3797 3864 3851 ὑπὸ
3890 3802 3986 3870 τῆς

2413 3880 2683 3952 ἁμαρτίας
2715 3883 3111 3950 παλαιωθέντος
3142 3886 3365 3959 διεξίῃς,
3406 3889 3499 3940 καὶ
3529 3886 3598 3939 τὰ
3623 3887 3722 3958 τῆς
3749 3889 3987 3944 ἀναστά-

2415 3987 2552 4036 σεως
2597 3973 2945 4047 ἀπαγγέλλῃς
2993 3977 3285 4047 μυστήρια,
3329 3979 3422 4030 καὶ
3476 3977 3620 4030 οὕτω
3655 3979 3846 4032 καινὸν
3889 3983 3986 4034 καὶ

2413 4064 2720 4135 πρόσφατον
2749 4065 2892 4138 ᾄδεις
2921 4067 2980 4120 τὸ
3003 4063 3169 4139 ᾆσμα.

2480 4157 2530 4210 5.
2558 4158 2764 4224 Καλῶς
2786 4161 3018 4226 ψάλατε
3046 4158 3205 4224 αὐτῷ
3238 4160 3307 4212 ἐν
3338 4161 3683 4231 ἀλαλαγμῷ.
3727 4165 3983 4220 Ἀκούετε

2408 4249 2503 4303 τοῦ
2528 4252 3004 4323 παραγγέλματος.
3033 4253 3238 4317 Καλῶς
3275 4252 3508 4320 grauate
3530 4270 3541 4281 ·
3590 4256 3984 4328 άμετεωρίστῳ

2407 4347 2472 4414 τῇ
2515 4342 2741 4414 διανοίᾳ,
2792 4344 3073 4416 εἰλικρινεῖ
3120 4348 3183 4415 τῇ
3219 4344 3476 4399 διαθέσει.
3528 4345 3628 4400 Ἐν
3648 4347 3982 4417 ἀλαλαγμῷ

2407 4436 2660 4506 ψάλατε.
2699 4436 2905 4507 Ὥσπερ
2951 4437 3096 4500 τινὲς
3143 4437 3298 4491 καλοὶ
3355 4437 3685 4510 στρατιῶται
3725 4439 3864 4509 μετὰ
3910 4439 3981 4493 τά

2406 4529 2694 4598 νικητήρια
2720 4529 2786 4581 τὰ
2821 4531 2962 4582 κατὰ
2993 4530 3100 4582 τῶν
3130 4530 3371 4601 ἐχθρῶν,
3414 4532 3742 4599 ἀνενέγκατε
3775 4531 3980 4603 ὕμνους

740 4626 993 4680 mundum
1017 4624 1082 4677 ".
1119 4622 1246 4689 Quis
1274 4623 1549 4677 hominum
1580 4623 1836 4675 adversus
1876 4618 2147 4675 diabolum
2192 4618 2300 4673 bel-
2333 4664 2377 4720 Β
2404 4638 2422 4673 ιι

2296 4648 2300 4657 ι
2333 4664 2377 4720 D
2404 4621 2482 4692 τῷ
2509 4622 2664 4688 αἰτίῳ
2691 4623 2789 4691 τῆς
2810 4624 2985 4692 νίκης.
3009 4627 3307 4692 Θαρσειτε,
3338 4626 3521 4695 φησὶν,
3685 4626 3978 4691 νενίκηκα

739 4717 847 4770 lum
878 4731 1062 4787 gerere
1093 4715 1290 4786 possit,
1339 4713 1437 4767 nisi
1466 4714 1530 4766 ad
1565 4713 1868 4780 prmsidium
1919 4712 2169 4780 potentia:
2202 4711 2301 4765 itu-

737 4811 1001 4878 peratoris
1052 4806 1452 4878 confugientes,
1502 4805 1647 4860 illinc
1703 4819 1798 4874 per
1854 4802 2008 4858 [idem
2064 4819 2182 4873 quae
2244 4803 2297 4858 in

736 4903 853 4972 ipso
897 4909 1011 4964 est,
1065 4899 1336 4954 inimicum
1394 4907 1632 4952 nostrmn
1669 4895 1924 4950 feriamus
1976 4909 2041 4949 ac
2083 4894 2295 4964 sagittis

805 5105 850 5136 "
889 5103 1026 5158 Psal.
1055 5119 1164 5165 xei.
1192 5104 1244 5158 4.
1320 5102 1366 5133 ⁸⁸
1406 5101 1562 5155 Rom.
1607 5117 1697 5165 vn,
1731 5099 1784 5154 6.
1861 5099 1904 5130 "
1945 5099 2086 5155 Psal.
2111 5115 2205 5163 cn,
2234 5101 2287 5154 5.

806 5285 915 5355 (88)
953 5289 1084 5355 Reg.
1123 5285 1398 5355 secundus
1427 5283 1760 5355 cummaltero
1808 5296 1906 5355 ms.
1947 5281 2168 5350 ψάλλειν
2197 5280 2287 5355 -τῷ

731 5352 1075 5428 ΚυρίιρχΑιῖί
1108 5372 1236 5411 mss.
1263 5354 1516 5428 zqreaqi.
1542 5353 1747 5428 Necila
1779 5352 1940 5406 multo
1977 5365 2095 5428 ρρει
2125 5353 2288 5428 editio

730 5421 902 5498 Paris.
930 5426 1067 5498 ὥστε
1103 5421 1472 5498 ἐναρμονίωςζ
1494 5426 1562 5477 At
1587 5427 1833 5498 quinque
1852 5421 2147 5498 mss._£6:t~ce
2189 5424 2288 5498 αρ-

733 5497 948 5567 μονίως.
985 5497 1176 5552 Slatitn
1204 5492 1359 5552 Colb.
1401 5506 1624 5563 quartus
1671 5492 1899 5559 θεωρίαν
1931 5495 2037 5546 τῶν
2082 5496 2287 5562 νοημά-

729 5585 913 5708 τωᾶξθ)
953 5635 1145 5692 Nostra
1189 5635 1353 5690 editio
1388 5633 1560 5688 Paris.
1579 5643 1639 5708 _et
1672 5632 1907 5708 nonnulli
1955 5648 2081 5686 mss.
2107 5634 2285 5708 smy-

725 5703 1043 5778 γελλόμενα.
1093 5709 1195 5761 Alii
1247 5722 1340 5760 sex
1395 5722 1524 5760 tnss.
1568 5703 2033 5778 ἀπαγγελλόμενα.
2098 5703 2286 5778 ()hiter

725 5775 1082 5840 manebimus,
1137 5778 1381 5830 mutilum
1430 5790 1548 5829 esse
1599 5775 1739 5826 hunc
1774 5777 1946 5826 locum
1998 5778 2048 5826 in
2103 5775 2282 5827 multis

724 5861 882 5914 !Itss.,
913 5849 1000 5909 qui
1045 5850 1121 5900 sic
1174 5848 1417 5900 habent:
1465 5847 1751 5914 Μυστήρια
1799 5843 2003 5896 ἄνωθεν
2056 5846 2279 5912 ἐνηχου-

728 5912 889 5980 μένου
925 5917 1010 5968 διὰ
1042 5917 1134 5968 τοῦ
1171 5917 1502 5982 πνεύματος·
1533 5917 1560 5966 ὁ
1587 5912 1780 5967 τοίνυν.
1818 5917 1920 5969 Sed
1959 5916 2164 5985 integer
2199 5916 2282 5969 itt-

2364 5101 2410 5132 ”
2450 5100 2490 5153 ll
2517 5101 2648 5156 Cor.
2677 5115 2749 5165 tv,
2783 5103 2871 5157 lli.

2405 4710 2509 4762 τὸν
2541 4712 2790 4781 κόσμον.
2828 4714 2921 4775 Τίς
2952 4713 3251 4785 ἀνθρώπων
3288 4715 3469 4778 ἱκανὸς
3513 4714 3976 4786 ἀντιστρατεύσα-

2404 4801 2525 4854 σθαι
2549 4803 2624 4874 τῷ
2657 4804 2898 4874 πονηρῷ,
2931 4804 3026 4857 ἐὰν
3063 4805 3137 4876 μὴ
3165 4808 3230 4876 τῇ
3263 4805 3438 4878 σκέπῃ
3467 4806 3559 4859 τοῦ
3606 4809 3977 4880 ἀρχιστρατή-

2400 4909 2496 4960 γου
2545 4893 2653 4964 (93)
2701 4894 2796 4963 τῆς
2824 4895 3103 4965 δυνάμεως
3136 4899 3566 4968 προσφυγόντες,
3611 4899 3822 4954 ἐκεῖθεν
3866 4902 3977 4955 άπὸ

2972 5116 2989 5134 ⁸
3019 5117 3174 5158 Joan.
3208 5120 3318 5168 xw,
3349 5104 3433 5157 15,

2385 5284 2601 5361 venitur
2646 5284 2698 5337 in
2753 5282 2937 5354 Regiis
2984 5285 3143 5339 tertio
3192 5295 3247 5340 et
3296 5297 3487 5356 quarto
3516 5295 3569 5342 et
3607 5285 3658 5339 in
3693 5283 3844 5340 Colb.
3877 5301 3968 5343 se-

2424 5363 2572 5406 ltttm.

2424 5369 2572 5406 iuno.

2385 5369 2416 5421 Ρ
2457 5425 2569 5497 (ιίο)
2612 5423 2742 5497 Beg.
2770 5424 3041 5479 secundus
3071 5440 3190 5479 cum
3218 5425 3378 5480 Coisl.
3405 5426 3571 5496 ᾅσατε
3606 5426 3755 5496 αύτῷ
3787 5421 3963 5497 ᾆσμα.

2459 5484 2568 5566 (91)
2616 5484 2747 5564 Ηυξ.
2791 5502 3056 5549 secundus
3106 5511 3226 5566 cum
3285 5484 3434 5549 (ςυιιί.
3475 5503 3648 5565 primo
3719 5484 3941 5561 ἐδέξατο

2389 5564 2507 5617 Mox
2543 5564 2752 5618 Codices
2783 5581 2876 5619 sex
2923 5564 3382 5635 ἀνακαινούμεθα.
3416 5564 3592 5619 Editio
3624 5566 3797 5622 Paris.
3831 5569 3965 5620 ἁνα-

2391 5635 2724 5707 καινὼμεθα.
2766 5635 2898 5703 ch.
2928 5637 3654 5707 (ιυτιτιυείὰνακαινιζόμεθα.

2463 5709 2572 5771 (92)
2614 5706 2687 5776 ita
2716 5711 2953 5776 quinque
2982 5721 3108 5776 mss.
3136 5706 3310 5760 Editio
3345 5706 3515 5759 Paris.
3543 5709 3818 5776 γέννησιν.

2461 5777 2570 5846 (95)
2612 5774 2772 5849 Notat
2801 5774 3156 5830 Combcﬁsius
3194 5793 3377 5832 vocem
3414 5774 3852 5849 ἀρχιστράτηγος
3892 5793 3960 5831 ex

2387 5844 2559 5900 Josue'
2594 5844 2760 5908 v.14,
2809 5854 3075 5904 sumptam
3126 5862 3244 5902 esse
3285 5868 3296 5904 :
3344 5844 3642 5917 quirinali:
3682 5849 3957 5904 intellecta

2391 5919 2748 5973 ubutcbautur
2774 5917 2981 5972 Ariani.
