4260 6514
305 460 414 522 ’ὀὶῦ

1437 460 1718 516 HOMILIA
1757 459 1822 512 IN
1867 459 2191 515 PSALMUM
2232 457 2442 512 XXX“.

3428 459 3536 514 530

305 582 407 650 tri];
432 581 488 632 tv
519 578 668 648 αὑτῷ
706 579 938 642 πίστεως
973 577 1218 648 βάλωμεν
1237 579 1342 647 (94)
1365 578 1522 663 ἡμῶν
1547 580 1635 631 τὸν
1659 579 1870 649 ἐχθρὸν,
1902 587 1946 641 Α
1977 579 1987 631 i

1848 601 1870 642 ι,
1902 587 1946 641 Α
1977 577 2336 643 impetamus?
2393 577 2528 630 Bene
2573 578 2735 646 igitur
2776 578 2985 646 psallite
3030 578 3082 630 in
3142 579 3530 646 vociferatione.

305 670 404 727 θδιὶ
425 667 762 738 τοξεύσωμεν
783 686 796 730 ;
830 667 1038 734 Καλῶς
1065 667 1156 720 οὖν
1184 660 1416 736 ψὰλατὲ
1432 669 1500 721 ἐν
1526 668 1869 738 ἀλαλαγμῷ.

313 758 470 812 Ἐστι
500 760 555 812 δὲ
582 761 610 812 6
638 760 948 829 ἀλαλαγμὸς
973 763 1119 830 φωνή
1146 777 1228 822 τις
1257 760 1427 830 ᾶναρθ
1439 779 1546 831 ρος,
1571 762 1872 832 συμφώνως

311 850 560 922 ἀλλήλοις
615 851 721 903 τῶν
763 851 1197 914 συνασπιζόντων
1248 853 1306 903 tv
1363 851 1442 922 τῷ
1485 852 1705 923 πολέμῳ
1751 869 1872 904 συν-

310 943 781 1013 ιπηχούντων.Ἑν
805 944 1089 1014 συμφωνίᾳ
1118 939 1210 996 οὖν
1243 944 1335 996 καὶ
1369 946 1426 996 tv
1458 946 1745 1016 συμπνοίᾳ.
1779 946 1872 998 καὶ

308 1038 375 1106 τῇ
403 1035 487 1088 διὰ
514 1037 610 1105 τῆς
638 1037 853 1106 ἀγάπης
882 1034 1067 1088 ὲνώσει
1089 1035 1315 1104 ψάλατε.
1340 1037 1403 1089 Τί
1427 1034 1516 1091 οὖν
1545 1038 1623 1090 δεῖ
1648 1037 1872 1107 ψάλλον-

308 1144 409 1189 τας
441 1127 650 1195 λέγεινς
683 1128 812 1180 Ὀτι
844 1125 1026 1192 εὐθὴς
1060 1129 1092 1180 ὁ
1129 1127 1310 1196 λόγος
1346 1129 1454 1182 τοῦ
1487 1129 1731 1196 Kvplov.
1773 1126 1874 1180 Διὰ

307 1219 467 1272 τοῦτο
500 1220 763 1291 πρότερον
819 1220 944 1281 τοὺς
996 1219 1171 1282 εὑθεῑς
1223 1220 1379 1272 καλεῖ
1434 1219 1543 1288 (95)
1595 1219 1731 1289 πρὸς
1773 1219 1872 1287 τὴν

309 1313 530 1375 αίνεσιν,
574 1311 756 1381 ἐπειδὴ
789 1309 950 1380 εὑθής
982 1310 1096 1362 ἐστι
1137 1310 1228 1363 καὶ
1266 1312 1294 1362 6
1328 1309 1531 1379 μέλλων
1559 1308 1872 1374 δοξάζεσθαι

310 1401 500 1468 Λόγος,
536 1404 564 1454 6
596 1399 688 1452 τοῦ
720 1401 944 1471 Κυρίου,
975 1401 1003 1452 6
1040 1402 1098 1453 tv
1128 1401 1268 1471 ἀρχῇ
1313 1399 1387 1452 ὢν
1423 1399 1558 1470 πρὸς
1583 1401 1674 1452 τὸν
1703 1400 1836 1452 θεὸν
1856 1440 1870 1463 ,

310 1493 406 1545 καῖ
433 1493 560 1554 Θεὸς
582 1491 674 1545 ὢν.
713 1492 888 1562 Εὑθὴς
917 1488 1008 1545 οὖν
1034 1495 1060 1545 6
1079 1494 1286 1563 Πατήρ·
1309 1491 1471 1561 εὑθὴς
1492 1494 1519 1546 6
1548 1491 1692 1555 Υἱόςο
1719 1491 1874 1554 εὑθὲς

308 1583 372 1634 τὸ
419 1583 568 1647 ἅγιον
619 1581 862 1652 Πνεῦμα.
916 1583 1025 1634 Καὶ
1080 1582 1257 1635 πάντα
1299 1582 1369 1636 τὰ
1427 1583 1562 1653 ἔργα
1599 1580 1760 1633 αὑτοῦ
1813 1582 1871 1633 tv

310 1672 512 1725 πίστει.
543 1673 607 1725 Τί
628 1673 772 1726 ἐστιν
811 1673 839 1725 ὃ
871 1673 1046 1742 λέγει;
1085 1672 1284 1743 Ἔργον
1317 1675 1344 1726 6
1368 1673 1610 1741 οὐρανὸς,
1639 1671 1799 1742 ἔργον
1837 1672 1869 1741 ἡ

309 1766 406 1834 γῆ,
448 1766 605 1836 ἔργον
643 1768 674 1837 ή
716 1767 987 1826 Θάλασσα,
1023 1769 1050 1820 6
1084 1766 1211 1836 ἀὴρ,
1259 1765 1325 1818 τὰ
1363 1764 1543 1834 ἄψυχα
1577 1764 1773 1826 πάντα,
1805 1762 1872 1816 τὰ

1976 671 2073 724 Est
2114 681 2293 725 autem
2327 669 2635 725 vociferatio
2662 683 2760 722 vox
2791 671 3030 736 quaedam
3069 668 3311 732 confusa,
3341 685 3462 725 cum
3496 673 3531 727 ii

1975 761 2065 829 qui
2098 761 2149 814 in
2183 761 2320 815 bello
2355 775 2411 814 se
2437 761 2660 815 invicem
2686 758 2899 828 agmine
2931 759 3170 813 conferto
3198 761 3530 822 adoriuntur,

1974 869 2267 908 consonam
2309 868 2491 908 vocem
2522 853 2704 906 edunt.
2748 850 2930 918 itaque
2972 849 3023 903 in
3074 861 3331 904 concentu
3376 861 3429 905 et
3478 854 3532 906 in

1973 946 2286 1008 concordia,
2327 953 2383 999 et
2420 947 2471 998 in
2523 943 2802 998 charitalis
2862 941 3239 1009 conjunctione
3297 941 3528 1009 psallite.

1976 1037 2112 1104 Quid
2171 1038 2334 1107 igitur
2390 1036 2679 1105 psallentes
2729 1035 2904 1088 dicere
2977 1034 3222 1101 oportet?
3273 1034 3532 1088 Nimirum

1982 1128 2142 1200 13E.
2171 1131 2332 1184 Vens.
2363 1127 2432 1182 4:
2461 1127 2610 1191 Quod
2643 1135 2837 1180 rectum
2869 1138 2940 1179 est
2966 1125 3169 1179 verbum
3197 1124 3424 1180 Domini.
3450 1125 3532 1180 ld-

1973 1225 2123 1278 circo
2152 1231 2329 1276 rectos
2373 1221 2522 1289 prius
2552 1219 2615 1272 ad
2648 1218 3006 1272 laudationem
3039 1227 3212 1278 vocat.
3261 1218 3403 1286 quod
3454 1231 3536 1271 re-

1973 1325 2118 1369 ctum
2167 1321 2248 1366 est
2282 1311 2443 1365 etiam
2494 1309 2620 1362 illud
2669 1307 2879 1361 Domini
2929 1307 3199 1369 Verbum,
3250 1305 3387 1376 quod
3420 1316 3536 1360 erat

1973 1405 2139 1473 gloria
2202 1402 2572 1463 afﬁciendum,
2621 1401 2761 1466 quod
2813 1399 2863 1452 in
2917 1399 3177 1467 principio
3231 1409 3346 1453 erat
3393 1399 3532 1468 apud

1976 1499 2165 1558 Deum,
2196 1506 2251 1550 et
2287 1495 2426 1548 Deus
2456 1502 2574 1547 erat
2598 1491 2665 1545 5°.
2698 1489 2898 1544 Rectus
2937 1491 3114 1556 itaque
3143 1489 3323 1550 Pater,
3358 1503 3534 1544 rectus

1972 1588 2160 1651 Filius,
2190 1598 2369 1641 rectus
2400 1586 2633 1654 Spiritus
2658 1596 2896 1639 sanctus.
2923 1582 2990 1636 Et
3029 1585 3202 1637 omnia
3233 1599 3388 1651 opera
3421 1584 3534 1651 ejus

1969 1681 2026 1732 in
2068 1680 2192 1748 ﬁde.
2241 1679 2376 1744 Quid
2429 1689 2512 1733 est
2557 1679 2700 1748 quod
2765 1677 2935 1731 dicit?
2976 1677 3121 1745 Opus
3173 1686 3253 1728 cst
3301 1674 3531 1737 caelum,

1970 1787 2104 1839 Opus
2139 1783 2310 1832 terra,
2341 1785 2474 1839 opus
2515 1786 2679 1831 mare.
2717 1785 2831 1831 aer,
2868 1770 3157 1823 inanimato
3186 1769 3387 1831 omnia,
3418 1768 3535 1821 ani-

309 1856 550 1927 ἔμψυχα,
594 1859 663 1911 τὰ
690 1857 900 1927 λογικὰ,
941 1857 1008 1912 τὰ
1040 1858 1228 1924 ἄλογα.
1274 1855 1396 1918 Πῶς
1451 1851 1542 1908 οὖν
1593 1857 1649 1908 tv
1689 1856 1869 1908 πίστει
1907 1923 1942 1930 _
1975 1881 1991 1915 ε

1853 1874 1869 1908 ι
1907 1923 1942 1930 _
1975 1873 2139 1926 mata,
2187 1863 2504 1926 rationalia,
2555 1861 2906 1916 irrationalia.
2951 1861 3226 1927 Quomodo
3272 1861 3443 1930 igitur.
3479 1861 3531 1913 in

310 1949 522 2013 miv’ca;
561 1949 690 2002 ποία
726 1951 906 2011 πίστις
938 1950 995 2000 tv
1033 1950 1143 2010 τοῖς
1170 1946 1419 2015 ἀψύχοιςς
1464 1946 1592 1999 ποία
1622 1947 1802 2009 πίστις
1836 1949 1868 2015 ἡ
1907 1923 1947 1976 Β
1975 1955 1990 2005 ί

1851 1949 1868 2015 ἢ
1907 1923 1947 1976 Β
1975 1953 2076 2006 title
2111 1923 2337 2006 omnia?
2384 1923 2640 2017 Quamam
2690 1951 2740 2004 in
2792 1923 3099 2002 inaniuiatis
3149 1923 3318 2000 lidesi
3363 1943 3533 2014 qualis

307 2038 419 2092 τῶν
467 2039 715 2108 ἁλόγων;
762 2040 900 2092 Ποία
937 2039 994 2091 δὲ
1033 2040 1212 2101 πίστις
1256 2040 1312 2091 tv
1345 2037 1420 2108 τῷ
1455 2038 1614 2108 λίθῳς
1648 2038 1775 2092 ποία
1815 2038 1870 2091 δὲ

308 2129 491 2193 πίστις
544 2132 602 2183 tv
645 2130 722 2200 τῷ
768 2131 915 2193 κυνί;
956 2128 1090 2182 Οὔτε
1146 2130 1370 2200 ἄψυχον,
1421 2129 1543 2182 οὒτε
1594 2129 1785 2197 ἄλογον
1813 2131 1870 2182 tv

310 2221 510 2275 πίστει.
539 2224 602 2275 'H
650 2223 829 2292 μέντοι
875 2221 1146 2290 ἀπόρασις
1185 2222 1338 2275 οὐδὲν
1378 2222 1688 2287 ὑπεξείλετο
1736 2221 1869 2289 (96),

309 2314 446 2366 ἀλλὰ
490 2315 663 2366 πάντα
708 2314 1057 2382 περιείληφεν
1089 2313 1346 2366 εἰποῦσα·
1383 2311 1584 2366 Πάντα
1620 2311 1691 2363 τὰ
1729 2311 1872 2380 ἔργα

308 2406 496 2458 αὑτοῦ
520 2407 588 2458 ἐν
619 2406 836 2457 πίστει.
879 2406 942 2458 Τί
967 2402 1058 2459 οὖν
1089 2408 1234 2458 ἐστιν
1264 2406 1291 2457 ὃ
1317 2405 1496 2471 λέγεις
1546 2403 1669 2457 Ἐάν
1698 2421 1756 2456 τε
1779 2406 1870 2457 οὑ-

313 2495 493 2564 ρανὸν,
530 2494 713 2565 φησὶν,
746 2495 878 2566 ἴδῃς,
910 2497 1005 2548 καὶ
1036 2495 1132 2565 τὴν
1165 2497 1222 2547 tv
1251 2493 1397 2564 αὑτῴ
1424 2493 1610 2557 τάξιν,
1641 2492 1874 2558 πίστεώς

311 2590 460 2640 ἑστιν
480 2588 670 2658 ὁδηγός
691 2606 704 2620 ο
738 2590 973 2641 δείκνυσι
1001 2588 1105 2658 γὰρ
1139 2588 1229 2641 τὸν
1264 2589 1514 2658 τεχνίτην
1543 2589 1609 2642 δι’
1641 2589 1834 2643 ἑαυτοῦ
1855 2607 1868 2620 °

310 2683 408 2735 ὲάν
435 2699 493 2735 τε
513 2684 608 2745 τὰς
629 2684 755 2752 περὶ
779 2683 874 2751 τὴν
902 2684 1003 2750 γῆν
1030 2681 1436 2752 διακοσμήσεις,
1470 2683 1628 2735 πάλιν
1660 2684 1755 2736 καὶ
1789 2683 1875 2736 διὰ

308 2772 514 2826 τούτων
549 2774 766 2836 αὔξεταί
805 2775 947 2843 σοιή
984 2773 1110 2844 περὶ
1146 2773 1236 2826 τὸν
1267 2775 1398 2828 Θεὸν
1437 2776 1635 2836 πίστις.
1661 2775 1735 2827 Οὑ
1766 2776 1874 2848 γὰρ

311 2865 590 2932 σαρκίνοις
621 2864 918 2934 ὀφθαλμοῖς
950 2866 1356 2936 καταμαθόντες
1401 2867 1493 2918 τὸν
1530 2866 1682 2929 Θεὸν,
1711 2884 1873 2919 πεπι-

311 2954 614 3025 στεύκαμεν
639 2958 719 3020 είς
747 2958 928 3018 αὑτὸν,
959 2958 1094 3010 ἀλλὰ
1139 2961 1203 3028 τῇ
1238 2957 1331 3010 τοῦ
1381 2957 1472 3011 νοῦ
1520 2959 1742 3028 δυνάμει
1789 2957 1875 3010 διὰ

309 3045 421 3098 τῶν
442 3048 734 3119 ὁρωμένων
759 3051 847 3103 τὸν
869 3051 1097 3121 ἀόρατον
1119 3051 1456 3123 καθορῶμεν.
1478 3051 1677 3104 Πάντα
1693 3045 1784 3101 οὖν
1806 3048 1876 3101 τὰ

309 3134 455 3204 ἔργα
469 3137 652 3191 αὑτοῦ
675 3139 746 3191 ἐν
771 3140 990 3192 πίστει.
1013 3139 1127 3193 Κᾶν
1140 3141 1230 3193 τὸν
1243 3140 1387 3192 λίθον
1404 3138 1744 3209 καταμάθῃς,
1765 3138 1875 3207 ἔχει

1970 2056 2054 2099 est
2081 2045 2210 2098 ﬁdes
2237 2043 2549 2098 brutorutn?
2572 2043 2826 2106 Quaenam
2856 2041 2984 2094 fides
3014 2040 3065 2092 in
3105 2037 3316 2106 lapide?
3347 2051 3536 2089 rursus

1971 2153 2089 2206 quae
2120 2137 2250 2190 fides
2285 2136 2334 2189 in
2371 2135 2539 2190 cane?
2570 2134 2751 2204 Neq'ue
2784 2132 3154 2193 inanimatum,
3197 2143 3366 2195 neque
3407 2127 3533 2180 bru-

1974 2239 2083 2282 tum
2124 2231 2172 2281 iu
2206 2230 2309 2284 (ide
2345 2239 2443 2283 est.
2473 2228 2596 2282 llaec
2625 2236 2800 2280 tamen
2827 2223 3094 2279 sententia
3133 2221 3266 2274 nihil
3299 2217 3526 2286 excepit,

1973 2319 2063 2373 sed
2089 2320 2266 2371 omnia
2293 2318 2720 2386 comprehendit,
2745 2319 2928 2371 dicens
2959 2334 2969 2366 :
3009 2315 3199 2367 Omnia
3231 2329 3387 2377 opera
3419 2312 3533 2379 ejus

1973 2410 2025 2462 in
2069 2408 2193 2478 ﬁde.
2225 2407 2361 2475 Quid
2412 2408 2571 2477 igitur
2607 2418 2690 2461 est
2722 2409 2862 2477 quod
2911 2406 3075 2461 dicit?
3125 2405 3270 2466 Sive,
3324 2401 3531 2470 inquit,

1975 2501 2334 2568 contemplere
2390 2499 2584 2555 caelum
2645 2499 2864 2568 ejusque
2920 2501 3200 2558 ordinem,
3256 2495 3374 2549 fidei
3425 2495 3530 2548 dux

1975 2600 2097 2653 est;
2147 2589 2407 2644 artiﬁcem
2453 2591 2596 2642 enim
2643 2605 2738 2658 per
2778 2605 2837 2644 se
2876 2589 3047 2656 ipsum
3098 2587 3332 2642 ostendit
3371 2604 3383 2640 :
3421 2586 3534 2640 sive

1977 2691 2133 2736 terra:
2165 2690 2432 2745 ornatum,
2484 2697 2671 2735 rursus
2716 2696 2927 2750 quoque
2968 2680 3069 2734 hoc
3122 2691 3276 2748 pacto
3309 2688 3534 2746 augetur

1978 2782 2062 2826 tua
2110 2772 2160 2825 in
2197 2772 2360 2826 Deum
2393 2771 2540 2826 fides.
2573 2769 2684 2824 Non
2721 2772 2863 2826 enim
2911 2772 3119 2825 carneis
3164 2771 3333 2824 oculis
3368 2771 3536 2825 Deum

1975 2865 2171 2927 edocti,
2208 2865 2258 2917 in
2291 2864 2461 2932 ipsum
2494 2863 2840 2927 credidimus,
2879 2864 2972 2918 sed
3007 2863 3053 2916 vi
3105 2861 3297 2916 tuentis
3326 2877 3421 2930 per
3455 2862 3534 2914 vi-

1975 2956 2149 3010 sibilia
2195 2955 2513 3009 invisibilem
2566 2955 2943 3025 conspicimus.
2981 2952 3168 3006 Omnia
3201 2967 3329 3022 ergo
3380 2967 3534 3021 opera

1975 3047 2087 3116 ejus
2136 3048 2190 3100 in
2236 3047 2361 3115 ﬁde.
2413 3047 2537 3102 Sive
2581 3046 2810 3117 lapidem
2872 3047 3324 3110 consideraveris,
3377 3047 3536 3098 habet

1975 3137 2135 3190 etiam
2172 3135 2284 3204 ipse
2319 3135 2550 3202 aliquam
2591 3137 2840 3205 potentia:
2872 3137 3165 3190 conditoris
3198 3137 3531 3189 demonstra-

311 3229 407 3281 καὶ
434 3230 595 3292 αὑτός
631 3247 749 3282 τινα
780 3231 878 3298 τῆς
910 3232 1187 3300 δυνάμεως
1215 3231 1308 3284 τοῦ
1346 3231 1702 3300 πεποιηκότος
1735 3231 1872 3283 άπόο
1903 3267 1945 3300 ,ι
1979 3237 1993 3281 ι

1850 3260 1872 3270 ο
1903 3267 1945 3300 ρ
1979 3227 2208 3291 tionem;
2252 3228 2364 3282 sive
2408 3225 2710 3290 formicam,
2755 3229 2867 3282 sive
2904 3228 3160 3291 culicem,
3203 3227 3316 3281 sive
3358 3242 3532 3296 apem.

309 3315 508 3381 δειξιν·
553 3319 653 3372 κᾶν
695 3319 994 3389 μύρμηκα,
1043 3320 1146 3372 κᾶν
1182 3322 1404 3390 ἐμπίδα,
1441 3320 1542 3374 κᾶν
1589 3320 1869 3391 μέλισσαν.

311 3409 578 3470 Πολλάκις
619 3411 713 3462 καὶ
742 3412 799 3463 tv
824 3414 935 3474 τοῖς
967 3414 1312 3483 μικροτάτοις
1351 3416 1382 3483 ἡ
1433 3415 1593 3484 σοφία
1640 3413 1733 3466 τοῦ
1781 3413 1873 3480 δη-

314 3496 572 3568 μιουργοῦ
607 3498 963 3568 διαφαίνεται.
1011 3502 1066 3555 '0
1113 3504 1220 3574 γὰρ
1274 3503 1496 3573 οὐρανὸν
1543 3500 1872 3567 διαπλὼσας,

311 3587 404 3640 καὶ
445 3589 511 3640 τὰ
543 3587 748 3643 ἆπλετα
775 3591 975 3662 μεγέθη
1018 3592 1123 3645 τῶν
1159 3593 1410 3661 πελαγῶν
1435 3593 1687 3661 ἀναχέας,
1721 3586 1875 3656 οὗτός

310 3679 459 3731 ἐστιν
487 3679 514 3730 ὁ
549 3680 639 3732 καὶ
661 3682 718 3732 τὸ
744 3681 1065 3735 λεπτότατον
1097 3682 1319 3753 κέντρον
1347 3685 1447 3753 τῆς
1479 3683 1738 3754 μελίσσης
1764 3701 1877 3736 κοι-

310 3768 475 3833 λάνας
503 3771 689 3842 ὥσπερ
722 3773 903 3832 αὑλὸν,
943 3773 1082 3826 ὥστε
1113 3774 1179 3826 δι’
1221 3775 1384 3826 αὑτοῦ
1416 3776 1506 3827 τὸν
1549 3776 1624 3828 ίδν
1657 3777 1877 3846 ἁποχεῖ-

312 3861 458 3926 σθαι.
481 3861 680 3913 Πάντα
699 3857 791 3914 οὖν
817 3864 886 3915 τὰ
905 3866 1045 3933 ἔργα
1061 3864 1244 3919 αὑτοῦ
1271 3865 1570 3919 ἐνπίστει.
1590 3866 1770 3936 Μηδέν
1795 3884 1875 3919 σοι

308 3948 564 4011 ἀπιστίας
590 3949 796 4016 ἐφόδιον
820 3951 974 4004 ἔστω.
1012 3955 1100 4024 Μὴ
1131 3953 1289 4026 εἴπης
1307 3969 1321 3982 °
1368 3954 1454 4017 Ὠς
1473 3953 1650 4025 ἔτυχε,
1690 3957 1876 4025 γέγονε

310 4040 487 4104 τοῦτο,
504 4043 596 4094 καὶ
621 4043 941 4113 αὐτομάτως
965 4045 1244 4116 ἀπήντησε
1262 4047 1400 4101 τόδε.
1429 4047 1595 4100 Οὐδὲν
1621 4049 1872 4110 ἄτακτον,

309 4133 462 4187 οὐδὲν
487 4135 755 4206 ἀόριστον,
796 4135 946 4188 οὐδὲν
968 4138 1086 4207 είκῆ
1119 4137 1429 4206 γενόμενον,
1466 4138 1586 4190 οὑδὲ
1623 4139 1696 4202 ὡς
1720 4139 1874 4209 ἔτυχε

310 4224 609 4295 φερόμενον
637 4227 694 4277 tv
717 4229 828 4289 τοῖς
859 4222 1026 4281 οὖσιν.
1067 4229 1158 4292 Ἢ,
1194 4228 1353 4299 Κακὴ
1382 4228 1657 4298 συντυχία,
1689 4229 1743 4300 ἢ,
1769 4230 1874 4281 Πο-

309 4317 453 4389 νηρὰ
485 4318 618 4389 ὥρα.
667 4319 1026 4372 ’Λπαιδεύτων
1055 4315 1214 4374 αὗται
1244 4323 1300 4373 αἱ
1334 4322 1529 4390 φωναί.
1582 4322 1726 4390 Οὐχί
1767 4321 1875 4375 δύο

309 4409 596 4474 στρουθία
627 4409 924 4477 ἀσσαρίου
949 4411 1223 4464 πωλεῖται
1240 4429 1255 4473 ;
1274 4413 1367 4464 καὶ
1393 4411 1462 4464 ἐν
1490 4411 1558 4476 ἐξ
1577 4412 1773 4466 αὐτῶν
1803 4415 1875 4466 οὐ

309 4500 581 4553 πεσεῖται
619 4502 746 4555 ἄνευ
779 4500 872 4554 τοῦ
902 4501 1046 4554 θείου
1076 4502 1199 4573 θελή
1211 4521 1377 4573 ματος
1411 4505 1543 4574 (97).
1598 4505 1768 4557 Πόσαι
1818 4506 1873 4556 αἱ

1979 3319 2132 3390 Saepe
2174 3323 2254 3376 vel
2288 3321 2340 3376 in
2386 3321 2618 3376 minimis
2648 3322 2822 3376 elucet
2863 3321 3071 3389 apiIicis
3116 3322 3398 3390 sapientia.
3432 3321 3533 3388 Qui

1973 3415 2114 3468 enim
2165 3414 2360 3467 caelum
2410 3415 2686 3481 expandit,
2717 3425 2772 3468 et
2806 3417 3118 3468 immensam
3159 3413 3325 3482 pelagi
3373 3413 3536 3466 vasti-

1977 3512 2139 3558 tatem
2188 3502 2392 3564 eﬂ‘udit,
2425 3503 2511 3558 ille
2546 3505 2658 3573 ipse
2688 3514 2791 3567 est,
2830 3506 2918 3574 qui
2958 3504 3327 3558 tenuissimum
3372 3506 3532 3558 etiam

1976 3597 2091 3665 apis
2141 3596 2382 3651 aculeum
2421 3596 2584 3652 veluti
2627 3597 3189 3663 ilstulamexcavavit,
3241 3607 3298 3650 ut
3343 3613 3439 3667 per
3484 3599 3534 3650 id

1976 3688 2123 3740 virus
2171 3684 2494 3740 eiTuudatur.
2539 3684 2727 3739 Omnia
2775 3686 2936 3756 igitur
2965 3703 3118 3754 opera
3152 3686 3263 3753 ejus
3311 3688 3363 3739 in
3409 3687 3533 3753 ﬁde.

1977 3776 2128 3830 Nulla
2175 3778 2266 3831 tibi
2319 3778 2391 3830 sit
2436 3777 2822 3831 incredulitatis
2858 3779 3096 3832 occasio.
3147 3776 3226 3831 Ne
3276 3779 3475 3832 dixeris
3521 3801 3532 3834 :

1978 3867 2088 3922 Hoc
2122 3877 2319 3921 temere
2353 3867 2578 3931 factum,
2610 3879 2660 3923 et
2699 3870 2821 3922 illud
2852 3884 2979 3923 casu
3028 3869 3223 3924 evenit.
3263 3868 3405 3922 Nihil
3455 3869 3536 3922 in-

1975 3961 2276 4014 ordiuatum
2309 3970 2423 4020 est,
2477 3960 2882 4014 interminatum
2930 3960 3091 4022 nihil.
3149 3961 3282 4015 nihil
3331 3960 3532 4014 frustra

1977 4050 2212 4114 factum,
2269 4065 2441 4117 neque
2495 4049 2783 4117 quidquam
2836 4063 3013 4102 rerum
3068 4046 3289 4101 fortuito
3345 4049 3534 4104 fertur.

1977 4137 2158 4207 Neque
2191 4139 2377 4194 dicas:
2419 4138 2586 4192 Malus
2628 4154 2805 4196 casus.
2849 4147 2938 4191 aut
2974 4137 3142 4192 Prava
3188 4139 3335 4191 hora.
3365 4135 3536 4192 Voces

1977 4230 2107 4298 ipsa:
2148 4242 2275 4284 sunt
2308 4231 2717 4284 ineruditorum.
2770 4230 2957 4282 Nonne
3000 4230 3103 4283 duo
3143 4244 3378 4298 passeres
3421 4246 3536 4282 asse

1975 4335 2215 4391 veneunt,
2249 4335 2296 4378 et
2337 4342 2468 4379 unus
2501 4341 2565 4380 ea:
2594 4326 2697 4379 illis
2731 4341 2830 4378 non
2870 4327 3015 4378 cadet
3059 4325 3173 4378 sine
3219 4325 3397 4378 divina
3445 4337 3536 4376 vo-

1979 4416 2281 4472 luntate“?
2323 4417 2464 4483 Quot
2505 4417 2682 4484 capilli
2729 4416 2954 4482 capitis!
3013 4414 3157 4470 Unus
3187 4431 3254 4469 ex
3301 4415 3384 4468 his
3428 4424 3536 4468 tra-

1978 4510 2122 4565 ditus
2155 4524 2259 4564 non
2302 4519 2382 4562 est
2416 4507 2672 4562 oblivioni
2699 4508 2764 4562 ".
2795 4507 2953 4560 Vides
2996 4507 3234 4560 divinutn
3283 4505 3536 4570 oculum,

306 4591 494 4662 τρίχες
515 4593 613 4662 τῆς
641 4595 913 4664 κεφαλῆςι
950 4595 1064 4648 Μία
1093 4596 1270 4648 αὐτῶν
1310 4599 1407 4649 οὐκ
1447 4598 1592 4650 ἔστιν
1626 4597 1876 4669 ὲπιλελη-
1908 4615 1951 4670 ι)
1979 4616 1988 4652 t

1853 4629 1876 4639 -
1908 4615 1951 4670 ι)
1979 4602 2244 4668 quomodo
2271 4597 2400 4650 nihil
2433 4597 2910 4653 minutissimarum
2941 4612 3118 4652 rerum
3149 4596 3534 4667 inspectionem

310 4682 504 4754 σμένη.
543 4684 702 4756 Ὁρᾷς
734 4687 824 4740 τὸν
865 4687 1002 4739 θεῖον
1025 4686 1318 4757 ὀφθαλμὸν,
1342 4690 1416 4751 ὡς
1441 4690 1590 4742 οὐδὲν
1622 4691 1730 4742 τῶν
1783 4708 1871 4760 μι-

309 4775 589 4845 κροτάτων
640 4779 738 4848 τὴν
794 4778 1096 4846 ἐπισκοπὴν
1163 4779 1326 4831 αὑτοῦ
1382 4779 1657 4848 διαφεύγει
1720 4781 1868 4852 (98);

323 4866 549 4937 Ἀταπᾷ
581 4871 1001 4939 ἐλεημοσύνην
1033 4871 1128 4924 καὶ
1177 4873 1378 4938 κρίσιν
1417 4875 1448 4925 ό
1476 4874 1716 4941 Κύριος·
1767 4874 1872 4926 τοῦ

305 4959 522 5026 ἐλέους
570 4963 792 5028 Κυρίου
844 4961 1081 5031 πλήρης
1132 4964 1171 5030 ἡ
1229 4962 1327 5031 γῆ.
1383 4964 1445 5016 Ei
1501 4963 1621 5017 καθ’
1675 4966 1874 5036 ἑαυτὴν

311 5051 554 5121 ὑπῆρχεν
584 5049 729 5124 ήτοῦ
756 5052 889 5105 Θεοῦ
912 5054 1109 5123 κρίσις,
1144 5055 1431 5123 ἀποτόμως
1458 5057 1587 5125 ἡμῖν
1611 5058 1750 5109 κατὰ
1777 5057 1871 5127 τὴν

310 5143 470 5210 ἀξίαν
500 5146 652 5214 ἡμῶν
675 5144 1014 5208 ἀποδιδόντος
1037 5149 1173 5216 πρὸς
1207 5147 1241 5200 ἃ
1264 5148 1616 5217 ἐποιήσαμεν,
1649 5150 1776 5202 ποία
1806 5146 1872 5220 ἦν

311 5235 496 5302 ὲλπίς;
549 5235 631 5300 τίς
660 5237 725 5291 ἂν
766 5237 942 5309 ἐσώθη
980 5238 1086 5290 τῶν
1122 5240 1370 5301 πάντων;
1401 5237 1510 5290 Νῦν
1552 5239 1609 5293 δὲ
1654 5241 1871 5309 Ἀγαπᾷ

387 5375 434 5406 ’θ
470 5374 629 5429 Joan.
665 5391 703 5439 ι,
737 5375 786 5428 1.
865 5377 906 5407 ⁶¹
952 5376 1132 5430 Matth.
1179 5393 1231 5436 ι,
1263 5377 1352 5431 29.
1430 5376 1472 5406 ⁶¹
1516 5377 1642 5430 ibid.
1670 5375 1758 5432 50.

391 5532 504 5606 (94)
545 5535 640 5606 Sic
664 5537 813 5602 Regii
849 5547 1070 5601 quartus
1098 5548 1150 5593 et
1177 5548 1360 5592 sextus
1385 5553 1504 5592 cum
1536 5537 1687 5592 Colb.
1716 5552 1874 5606 quar-

314 5605 592 5678 tAOtEditio
624 5605 791 5662 Paris.
821 5607 1116 5678 βάλλωμεν.
1145 5607 1261 5660 Mox
1300 5607 1426 5678 Reg.
1460 5605 1872 5662 secunduscum

309 5672 477 5800 ξριδό
501 5677 672 5745 primo
699 5672 1024 5748 τοξεῦωμενξ
1065 5680 1255 5734 Statitn
1300 5672 1451 5732 Colvb.
1497 5689 1720 5747 quartus
1760 5678 1873 5730 ἔστι

391 5761 420 5800 ρ
483 5784 496 5799 .

349 5757 384 5795 at
483 5784 496 5799 .

308 5757 347 5810 γ
386 5757 497 5885 ῗθὲ)
536 5815 686 5870 Colh.
740 5829 962 5877 quartus
1010 5817 1210 5872 ἐκάλει.
1258 5815 1451 5875 Ibidem
1502 5833 1691 5872 novem
1742 5835 1868 5872 mss.

311 5895 436 5939 cum
482 5889 715 5944 editione
750 5887 909 5944 Dastl.
957 5890 1173 5960 Ἐπειδὴ
1205 5885 1356 5951 οὗτός
1396 5889 1528 5940 ἐστι.
1567 5890 1737 5943 Editio
1779 5889 1876 5944 Pa-

1977 4690 2091 4758 ejus
2118 4688 2377 4756 effugiat?
2413 4689 2574 4744 Vens.
2604 4689 2657 4743 5.
2693 4688 2871 4756 Diligit
2917 4689 3324 4742 misericordiam
3365 4698 3414 4741 et
3447 4688 3541 4756 jn-

1977 4782 2171 4835 dioium
2227 4780 2479 4834 Dominus
2523 4795 2542 4833 :
2589 4782 2950 4835 misericordia
3001 4781 3214 4834 Domini
3262 4782 3415 4849 plena
3458 4792 3534 4835 est

1979 4882 2139 4927 terra.
2186 4871 2242 4927 Si
2278 4873 2564 4941 separatim
2611 4881 2664 4926 et
2697 4873 2986 4926 secundum
3034 4886 3092 4926 se
3142 4872 3231 4926 Dei
3278 4873 3537 4940 judicium

1982 4964 2119 5017 foret
2149 4981 2160 5017 :
2197 4964 2267 5018 ita
2305 4973 2362 5018 ut
2411 4964 2564 5017 nobis
2595 4978 2778 5018 severe
2821 4979 2916 5030 pro
2949 4965 3155 5019 meritis
3191 4979 3375 5018 eorum
3420 4981 3539 5033 qure

1980 5057 2206 5127 egimus,
2239 5059 2575 5125 rependeret,
2618 5072 2736 5124 qua:
2772 5073 2895 5126 spes
2941 5059 3279 5126 superesset?
3320 5058 3442 5125 quis
3473 5072 3539 5110 ex

1978 5150 2225 5202 omnibus
2257 5149 2438 5203 salvus
2475 5149 2658 5202 tiereti
2698 5149 2849 5204 Nunc
2890 5162 3066 5203 autem
3109 5149 3291 5218 Diiigit
3331 5151 3540 5201 miseri-

1981 5239 2216 5294 cordiam
2260 5251 2310 5294 et
2359 5242 2643 5311 judicium.
2691 5241 3046 5310 Posteaquam
3112 5243 3536 5297 misericordiam

1977 5539 2069 5592 ris.
2113 5536 2328 5607 Ἐπειδὴ
2361 5535 2521 5606 εὑθής
2550 5535 2682 5588 ἐστι.

2049 5609 2162 5676 (96)
2205 5603 2354 5660 (lolii.
2383 5603 2606 5676 quartus
2651 5603 2984 5674 ὑφεξείλατο.
3019 5606 3147 5670 Reg.
3183 5604 3370 5660 tertius
3416 5618 3536 5654 cum

1977 5679 2129 5732 Colb.
2175 5678 2346 5743 primo
2393 5675 2721 5743 ὑφεξείλετο.
2778 5676 2927 5745 Regii
2985 5688 3209 5745 quartus
3258 5686 3310 5731 et
3359 5688 3542 5727 sextus

1915 5749 1922 5768 ¹
1979 5747 2306 5814 ὑπεξείλετο.

2052 5819 2162 5886 (97)
2200 5818 2350 5870 Cnlb.
2379 5828 2600 5884 quartus
2634 5816 2777 5869 Θείου
2812 5815 3171 5887 βουλήματος.

2049 5890 2159 5960 (98)
2205 5888 2333 5957 llcg.
2370 5889 2557 5943 tertius
2598 5888 2805 5956 φεύγει.
