4260 6484
727 390 824 446 331

2067 394 2123 450 S.
2168 395 2405 453 BASlLll
2447 395 2659 449 MACNI

3881 392 3990 449 5.72

726 507 871 565 velut
902 506 1003 561 sibi
1044 507 1371 562 assidentem
1419 516 1473 562 et
1514 515 1637 561 ante
1685 508 1890 579 regium
1919 511 2104 581 judicii
2152 513 2301 566 tbro-
2330 519 2408 572 At

2330 519 2372 572 Α
2400 514 2824 580 ἐλεημοσύνην
2857 512 2954 565 καὶ
2994 512 3198 580 κρίσιν·
3223 552 3236 565 .
3276 511 3451 564 Οἱονεὶ
3491 512 3757 584 πάρεδρον
3804 512 3986 583 ἐαυτῷ

727 616 853 658 num
888 608 1120 654 stantem
1157 600 1459 662 constituit,
1506 602 1577 653 ila
1611 600 1851 670 singulos
1886 605 2102 658 adducit
2134 603 2185 656 itt
2217 604 2300 671 ju-

728 691 947 745 dicium.
997 682 1055 746 Si
1103 693 1403 759 iniquitates
1456 692 1841 756 observaveris,
1893 695 2134 760 Domine,
2192 695 2303 749 Do-

728 778 893 838 mine.
936 779 1051 844 quis
1101 781 1371 833 sustinebit
1400 779 1481 832 “‘1
1532 778 1717 850 Neque
1769 783 2140 839 misericordia
2187 786 2304 838 sine

723 867 956 937 judicio,
1007 885 1178 939 neque
1222 872 1483 938 judicium
1535 874 1653 928 sine
1719 874 2114 933 misericordia.
2167 880 2305 934 Ante

724 961 984 1029 judicium
1031 962 1190 1033 igitur
1238 963 1411 1034 diligit
1458 966 1911 1030 misericordiam,
1942 981 1996 1023 et
2038 979 2157 1038 post
2207 972 2305 1024 tui-

731 1057 1098 1119 sericordiam.
1132 1060 1279 1113 venit
1318 1062 1381 1111 ad
1422 1059 1709 1127 judicium.
1762 1062 1884 1116 llaec
1933 1074 2112 1118 autem
2165 1063 2307 1118 inter

732 1160 793 1201 se
835 1147 1117 1218 cettjuncta
1152 1160 1277 1205 sunt
1318 1174 1331 1205 :
1375 1154 1747 1208 misericordia
1793 1171 1914 1209 cum
1960 1156 2207 1225 judicio:
2240 1172 2306 1212 ne

734 1249 827 1296 aut
860 1242 1226 1296 misericordia
1277 1243 1386 1297 sola
1447 1244 1721 1299 mollitiem
1768 1247 1975 1315 pariat,
2026 1260 2117 1301 aut
2156 1246 2304 1311 judi—

734 1332 876 1385 cium
912 1332 1084 1386 solum
1122 1332 1310 1388 aﬂerat
1359 1335 1808 1405 desperationem.
1843 1336 1969 1392 Vult
2018 1343 2089 1394 ttti
2140 1343 2303 1396 mise-

738 1422 843 1475 reri
875 1422 1064 1491 judex,
1096 1434 1253 1493 teque
1284 1426 1692 1482 miserationunt
1723 1446 1943 1485 suarum
1978 1432 2154 1486 facere
2184 1449 2307 1502 par-

738 1511 995 1582 ticipem:
1029 1514 1073 1567 si
1127 1515 1283 1568 modo
1323 1528 1441 1585 post
1476 1529 1759 1587 peccatum
1810 1523 2013 1590 reperit
2049 1532 2098 1576 te
2130 1524 2307 1578 Immi-

738 1606 863 1670 lem,
891 1608 1203 1673 contritum,
1248 1626 1409 1679 prava
1443 1628 1605 1681 opera
1649 1614 1876 1668 multum
1907 1614 2297 1686 deplorantem,

736 1714 801 1752 ac
828 1698 889 1753 e'a
920 1716 1038 1769 quae
1067 1700 1203 1754 clam
1240 1702 1379 1756 facta
1411 1714 1538 1759 sunt
1578 1706 1920 1775 evulgantem
1971 1710 2102 1762 citra
2135 1712 2308 1779 pudo-

738 1806 874 1854 rem,
922 1805 1197 1862 regalitem
1244 1795 1441 1852 fratres
1483 1799 1577 1852 tibi
1623 1810 1680 1852 ut
1727 1799 1835 1852 sint
1880 1801 2195 1869 adjumento
2240 1805 2304 1857 ad

2406 602 2625 673 (991τὴν
2643 600 3009 674 ἐλεημοσύνην
3041 602 3426 674 ποιησάμενος,
3454 606 3546 656 καὶ
3578 603 3985 675 προϐληθείσαν

2406 696 2481 765 τῷ
2496 695 2756 767 βασιλικῷ
2775 696 2871 766 τῆς
2891 695 3121 765 κρίσεως
3137 696 3331 767 θρόνῳ,
3350 693 3490 748 οὕτω
3515 698 3752 766 παράγει
3768 698 3848 760 εἰς
3864 696 3987 767 κρί-

2408 805 2490 843 σιν
2542 789 2792 845 ἐκαστον.
2840 788 2981 843 Ἐὰν
3016 788 3270 856 ἀνομίας
3300 788 3749 859 παρατηρήσῃς,
3780 790 3983 861 Κύριε,

2406 883 2602 948 Κύριε,
2634 883 2724 947 τίς
2748 878 3184 945 ὑποστήσεται;
3216 882 3353 934 οὔτε
3383 885 3415 952 ἡ
3456 882 3789 953 ἐλεημοσύνη
3827 884 3989 954 ἄκρι-

2410 994 2520 1039 τος,
2563 974 2687 1027 οὔτε
2719 976 2750 1044 ἡ
2779 976 2959 1045 κρίσις
2985 974 3321 1043 ἁνελεήμων.
3363 976 3475 1046 Πρὸ
3502 979 3599 1046 τῆς
3638 972 3869 1045 κρίσεως
3891 972 3986 1028 οὖν

2406 1068 2597 1137 ἀγαπᾷ
2653 1066 3068 1138 ἐλεημοσύνην.
3121 1065 3216 1118 καὶ
3277 1066 3413 1133 μετὰ
3460 1068 3557 1138 τὴν
3611 1065 3988 1137 ἐλεημοσύνην

2407 1160 2626 1231 ἔρχεται
2676 1158 2769 1211 ἰεπῖ¹
2820 1158 2919 1225 τὴν
2962 1159 3162 1230 κρίσιν.
3218 1154 3402 1210 Ταῦτα
3446 1157 3501 1209 δέ
3550 1157 3800 1227 ἀλλήλοις
3853 1174 3983 1208 συν-

2409 1250 2686 1315 έζευκται,
2706 1252 2733 1303 6
2761 1249 2907 1312 ἕλεος
2932 1252 3069 1319 μετὰ
3092 1251 3188 1320 τῆς
3211 1247 3467 1319 κρίσεως·
3502 1249 3586 1300 ἵνα
3613 1252 3747 1320 μήτε
3782 1250 3810 1301 6
3836 1247 3985 1309 ἕλεος

2411 1340 2569 1411 μόνος
2622 1340 2921 1410 χαυνότητα
2981 1340 3277 1409 ἐμποιήσῃ,
3339 1338 3474 1408 μήτε
3530 1338 3662 1407 μόνη
3712 1342 3743 1408 ἡ
3804 1338 3985 1410 κρίσις

2408 1433 2716 1499 ἀπόγνωσιν
2766 1430 3147 1501 ἐνεργάσηται.
3195 1429 3452 1483 Βούλεταί
3496 1445 3552 1481 σε
3604 1430 3843 1498 ἐλεῆσαι.
3890 1430 3987 1483 καὶ

2406 1521 2514 1573 τῶν
2544 1520 2733 1572 ἑαυτοῦ
2756 1519 3053 1590 οἰκτιρμῶν
3084 1520 3400 1589 μεταδοῦναι
3431 1522 3457 1573 6
3489 1519 3681 1590 κριτής
3701 1534 3714 1546 ⁸
3749 1520 3865 1571 ἁλλ’
3890 1523 3987 1572 ἐὰν

2409 1611 2543 1685 εὕρῃ
2570 1628 2628 1663 σε
2667 1611 2806 1682 μετὰ
2851 1612 2951 1683 τὴν
3002 1611 3277 1682 ἁμαρτίαν
3319 1612 3602 1676 ταπεινὸν,
3657 1627 3983 1682 συντετριμ-

2412 1704 2590 1774 μένον,
2613 1705 2781 1758 πολλὰ
2804 1704 3252 1775 μετακλαύσαντα
3268 1706 3361 1757 ἐπὶ
3373 1709 3481 1768 τοῖς
3500 1707 3753 1776 πονηροῖς
3778 1702 3983 1774 ἔργοις,

2409 1797 2479 1849 τὰ
2506 1797 2772 1867 γενόμενα
2807 1797 2991 1868 κρυφῆ
3028 1796 3473 1868 ἁνεπαισχύντως
3511 1797 3947 1867 δημοσιεύσαντα
3969 1837 3984 1859 ,

738 1886 1103 1955 accipiendam
1144 1890 1427 1944 medelam.
1486 1891 1602 1947 Uno
1652 1907 1816 1947 verno
1862 1894 1905 1948 si
1954 1896 2309 1950 commisera-
2344 1870 2420 1938 Βί

2305 1927 2309 1936 .
2344 1870 2383 1924 Β
2411 1889 2668 1958 δεηθέντα
2707 1888 2947 1958 ἀδελφῶν
2983 1890 3058 1961 (1)
3095 1893 3392 1961 συγκαμεῖν
3422 1906 3503 1942 σοι
3536 1891 3670 1961 πρὸς
3693 1889 3791 1959 τὴν
3821 1889 3987 1951 ἴασιν,

740 1977 885 2033 tione
911 1979 1066 2049 135
1098 1982 1314 2050 dignum
1358 1983 1575 2049 viderit,
1624 1983 1838 2039 abunde
1886 1986 1979 2039 tibi
2014 2002 2166 2041 suam
2215 1989 2314 2041 im-

739 2058 1018 2133 pertietur'
1070 2071 1540 2139 miscricordiam;
1596 2073 1641 2128 si
1702 2090 1834 2131 vero
1890 2094 1987 2132 cor
2046 2082 2313 2147 paenitere

741 2159 1002 2223 nescium,
1049 2174 1279 2216 mentem
1329 2165 1656 2235 superbam,
1706 2170 1945 2223 animum
1995 2170 2175 2224 futuro
2212 2185 2313 2224 Ite-

742 2249 861 2303 cnlu
909 2268 1013 2305 non
1065 2257 1410 2340 credentem,
1458 2274 1520 2313 ac
1575 2260 1777 2313 nullum
1823 2261 2010 2328 judit'ii
2066 2262 2310 2313 timorem

740 2346 1114 2411 conspexerit,
1160 2354 1285 2401 tunc
1329 2350 1378 2400 in
1421 2358 1470 2402 te
1502 2351 1767 2419 judicium
1804 2351 2000 2420 diligit.
2050 2349 2124 2404 Ita
2165 2354 2309 2407 enim

742 2433 911 2487 bonus
955 2449 1018 2489 ac
1067 2438 1335 2490 humanus
1369 2440 1605 2495 medicus
1640 2442 1890 2497 fomentis
1924 2444 2075 2513 prius
2108 2457 2170 2496 ac
2218 2457 2306 2496 re-

743 2525 933 2580 mediis
975 2527 1223 2583 mollibus
1274 2540 1539 2587 tumorem
1593 2535 1786 2590 sedare
1832 2546 2060 2590 conatur
2098 2552 2113 2589 :
2162 2543 2307 2606 post-

743 2632 903 2688 quam
940 2633 1067 2676 vero
1097 2622 1293 2677 viderit
1324 2625 1516 2680 molem
1552 2628 1683 2682 nihil
1717 2630 2015 2695 remittere,
2049 2639 2210 2700 atque
2239 2631 2317 2683 in-

744 2712 991 2766 duratam
1027 2717 1222 2779 reniti;
1272 2727 1379 2769 tum
1416 2720 1633 2773 demum
1685 2721 1898 2790 rejectis
1940 2723 2057 2776 oleo
2088 2738 2151 2777 ac
2187 2722 2318 2775 mol-

743 2801 878 2857 .iore
908 2805 1126 2859 curandi
1179 2809 1410 2870 ratioae.
1446 2808 1574 2864 ferri
1636 2827 1790 2866 usum
1858 2815 2092 2870 adhibet.
2136 2815 2316 2885 Diligit

745 2892 909 2963 igitur
938 2896 1365 2953 misericordiam
1410 2901 1462 2955 in
1500 2904 1887 2970 paenitentibus
1931 2922 1946 2958 :
1984 2905 2157 2969 diligit
2188 2922 2316 2960 vero

747 2985 800 3037 in
837 2984 1123 3042 obstinatis
1156 2986 1442 3055 judicium.
1475 2991 1605 3048 Tale
1632 2995 1759 3065 qttid
1791 2993 1959 3050 Isaias
1992 2996 2154 3051 etiam
2188 2998 2316 3049 dicit

747 3073 856 3128 Deo
895 3088 911 3127 :
946 3074 1317 3133 Misericordia
1364 3091 1454 3135 tua
1501 3085 1553 3136 in
1605 3088 1808 3154 pondus
1831 3085 1898 3140 “.
1946 3084 2078 3140 Nam
2117 3095 2171 3141 et
2230 3086 2315 3140 ille

748 3166 1177 3225 misericordiam
1223 3188 1343 3226 cum
1373 3174 1577 3240 judicio
1610 3177 1828 3231 exhibet
1854 3178 1992 3245 ejus,
2029 3183 2117 3247 qui
2157 3179 2313 3244 libra,
2343 3215 2385 3272 ο

746 3269 801 3312 et
833 3273 1060 3316 numero
1102 3277 1166 3317 ac
1209 3267 1446 3333 pondere
1481 3285 1583 3339 pro
1628 3269 1891 3342 eujusque
1937 3274 2130 3328 merito
2174 3273 2318 3327 vices

745 3351 1008 3420 fepeudit.

817 3534 874 3590 ὃ.
918 3535 1287 3593 Misericordia
1319 3540 1531 3595 Domini
1575 3543 1728 3612 plena
1761 3556 1835 3598 est
1867 3554 2028 3602 terra.
2066 3546 2163 3601 Hic
2208 3549 2319 3603 dis-

744 3629 930 3707 juncta
994 3642 1078 3687 est
1128 3649 1157 3687 δ
1216 3634 1419 3702 judicio
1498 3638 1888 3693 misericordia.
1968 3640 2092 3695 Sola
2172 3643 2316 3696 enim

750 3721 1122 3779 misericordia
1180 3725 1390 3780 Domini
1444 3726 1597 3796 plena
1648 3740 1735 3783 est
1791 3742 1966 3796 terra,
2010 3731 2217 3800 judicio
2266 3737 2316 3787 in

750 3815 1101 3873 constitutum
1154 3829 1364 3889 tempus
1416 3833 1711 3877 reservato.
1762 3824 1858 3880 Hic
1912 3826 2091 3895 itaque
2150 3831 2317 3882 mise-

753 3906 987 3962 ricordia
1022 3918 1106 3965 est
1140 3911 1258 3966 sine
1290 3912 1494 3982 judicio
1540 3933 1553 3969 :
1606 3931 1710 3969 non
1750 3917 1893 3970 enim
1945 3919 2089 3971 venit
2135 3930 2194 3973 ut
2228 3918 2319 3984 ju-

753 3998 896 4053 dicet
923 4002 1201 4067 mundum,
1235 4004 1328 4058 sed
1367 4015 1424 4057 ut
1454 4006 1625 4061 salvet
1657 4010 1910 4061 mundum
1936 4008 2002 4062 ⁸⁸.
2044 4008 2156 4065 Illic
2196 4025 2321 4061 vero

754 4104 860 4142 non
905 4100 987 4145 est
1038 4094 1407 4150 misericordia
1460 4097 1765 4165 judicium,
1821 4109 2103 4167 prepterea
2177 4104 2318 4170 quod

754 4174 916 4231 homo
957 4192 986 4229 a
1022 4181 1272 4236 sordibus
1322 4199 1489 4253 purus
1546 4188 1768 4255 reperiri
1834 4202 2096 4258 nequeat,
2146 4191 2189 4245 si
2240 4189 2323 4245 vel

752 4282 915 4321 unam
962 4270 1102 4324 diem
1132 4275 1333 4330 vixerit
1357 4278 1423 4331 “.
1451 4278 1630 4344 Quare
1668 4282 1711 4333 si
1742 4282 1863 4349 quis
1898 4286 2156 4338 malitiam
2191 4300 2325 4356 quo-

752 4358 881 4413 tidie
925 4374 1294 4431 grassantem,
1340 4378 1395 4422 et
1433 4368 1625 4438 fragile
1670 4371 1944 4425 hominum
1990 4390 2180 4443 genus,
2226 4378 2323 4429 lia-

752 4450 863 4505 bita
943 4465 1284 4523 peccatorum
1376 4461 1614 4524 ratione,
1684 4463 1980 4516 innumeris
2065 4466 2325 4520 mortibus

2414 1979 2551 2043 ὅλως
2577 1979 2809 2033 ἐλεεινόν
2838 1999 2896 2033 σε
2918 1981 3209 2052 γενόμενον
3238 1982 3333 2033 ἐὰν
3376 1981 3481 2051 ἴδῃ,
3506 1979 3735 2048 ἇψθονόν
3771 1996 3857 2031 σοι
3890 1977 3989 2046 τὴν

2414 2073 2606 2127 ἐαυτοῦ
2656 2074 3027 2146 ἐλεημοσύνην
3082 2076 3439 2143 ἐπιχορηγεί·
3497 2075 3590 2127 ἐὰν
3640 2073 3694 2125 δὲ
3760 2072 3990 2144 καρδίαν

2414 2167 2815 2239 ἀμετανόητον,
2862 2169 3115 2239 φρόνημα
3162 2166 3532 2235 ὑπερήφανον,
3588 2164 3846 2217 ἀπιστίαν
3894 2162 3990 2215 τοῦ

2415 2258 2609 2322 αἰῶνος
2651 2259 2745 2312 τοῦ
2795 2259 3099 2329 μέλλοντος,
3154 2256 3382 2324 ἀφοϐίαν
3430 2256 3527 2327 τῆς
3576 2255 3834 2326 κρίσεως,
3866 2255 3989 2307 τότε

2414 2351 2605 2421 ἀγαπᾷ
2639 2352 2730 2403 ἐπὶ
2781 2351 2863 2403 σοὶ
2895 2350 2994 2419 τὴν
3023 2348 3222 2417 κρίσιν.
3267 2350 3350 2412 Ὠς
3389 2348 3497 2419 γὰρ
3532 2348 3712 2419 [ατρὸς
3744 2346 3991 2418 ἐμμελὴς

2416 2441 2508 2493 καὶ
2554 2440 2934 2510 φιλάνθρωπος
2980 2440 3397 2511 καταντλήμασι
3448 2440 3714 2511 πρότερον
3764 2440 3859 2491 καὶ
3894 2456 3991 2490 πε-

2418 2531 2788 2602 ριπλάσμασιν
2812 2530 3041 2594 ἁπαλοῖς
3071 2534 3329 2603 πειρᾶται
3365 2532 3713 2583 καταστεῖλαι
3742 2528 3802 2579 τὸ
3845 2528 3993 2595 οἴδη-

2420 2642 2495 2695 μα
2515 2640 2526 2655 ·
2556 2624 2693 2677 ἐπὰν
2719 2622 2775 2676 δὲ
2824 2623 2899 2694 (2)
2935 2624 3016 2693 ἴδῃ
3053 2623 3345 2683 ἁνενδότως
3376 2623 3468 2673 καὶ
3500 2619 3750 2691 σκληρῶς
3779 2620 3995 2671 ἀντιτυ-

2417 2713 2621 2768 ποῦντα
2650 2715 2742 2767 τὸν
2770 2713 2951 2780 ὄγκον,
2991 2712 3153 2783 ῥίψας
3191 2712 3250 2763 τὸ
3281 2710 3455 2764 ἔλαιον
3488 2711 3582 2763 καὶ
3610 2710 3707 2780 τὴν
3742 2707 3992 2779 μαλακὴν

2417 2807 2662 2877 ἀγωγὴν,
2713 2806 2947 2878 αἱρεῖται
2980 2804 3163 2856 λοιπὸν
3208 2802 3308 2873 τὴν
3355 2801 3449 2856 τοῦ
3495 2803 3713 2874 σιδήρου
3768 2802 3987 2873 χρῆσιν.

2431 2898 2645 2966 Ἀγαπᾷ
2692 2892 2784 2950 οὖν
2834 2895 3202 2967 ἐλεημοσύνην
3241 2894 3335 2949 ἐπὶ
3382 2895 3489 2947 τῶν
3540 2894 3944 2963 μετανοούντων
3970 2908 3988 2923 ·

2415 2988 2604 3058 ἀγαπᾷ
2630 2989 2685 3041 δὲ
2719 2990 2815 3041 καὶ
2845 2990 3025 3059 κρίσιν
3041 2989 3134 3042 ἐπὶ
3161 2988 3268 3040 τῶν
3299 2987 3612 3040 ἁνενδότων.
3648 2984 3899 3038 Τοιοῦτόν
3936 3000 3992 3035 τι

2417 3078 2568 3131 καὶὸ
2614 3079 2841 3141 Ἡσαΐας
2880 3078 3026 3147 λέγει
3077 3079 3152 3148 τῷ
3204 3078 3356 3147 Θεῷ,
3384 3079 3465 3131 ὃτι
3523 3078 3583 3130 Ἠ
3609 3076 3990 3144 ἐλεημοσύνη

2417 3190 2533 3229 σου
2561 3174 2649 3239 είς
2680 3173 2951 3241 σταθμόν
2985 3172 3081 3241 (5).
3132 3171 3242 3223 Καὶ
3288 3169 3396 3241 γὰρ
3446 3170 3696 3231 κάκεῖνος
3724 3168 3821 3238 τὴν
3853 3167 3993 3236 μετὰ

2420 3268 2651 3339 κρίσεως
2683 3262 3053 3336 ἐλεημοσύνην
3088 3264 3413 3336 παρίστησι,
3468 3259 3618 3331 ζυγῷ
3649 3261 3742 3313 καὶ
3774 3257 3991 3329 ἀριθμῷ

2417 3362 2511 3415 καὶ
2546 3357 2771 3431 σταθμῷ
2810 3356 2952 3411 κατὰ
2986 3357 3085 3429 τὴν
3118 3357 3348 3410 ἑκάστου
3392 3354 3549 3422 ἀξίαν
3600 3349 3991 3423 ἀντιμετροῦν-

2416 3468 2528 3515 τος.

2488 3543 2542 3597 4.
2583 3543 2693 3598 Τοῦ
2734 3543 2949 3609 ἐλέους
2994 3545 3218 3611 Κυρίου
3247 3540 3486 3609 πλήρης
3507 3540 3545 3606 ἠ
3579 3536 3677 3605 γῆ.
3724 3535 3995 3590 Ἐνταῦθα

2416 3636 2722 3700 διέζευκται
2752 3635 2858 3688 ἀπὸ
2896 3636 2995 3704 τῆς
3020 3635 3255 3705 κρίσεως
3282 3635 3310 3685 6
3346 3633 3513 3694 ἔλεος.
3545 3630 3723 3683 Μόνον
3754 3628 3864 3699 γὰρ
3900 3627 3994 3680 τοῦ

2418 3726 2601 3789 ἐλέους
2633 3727 2839 3797 Κυρίου
2883 3726 3099 3796 πλήρης
3140 3727 3173 3794 ἡ
3215 3724 3321 3793 γῆ,
3366 3724 3465 3794 τῆς
3503 3722 3739 3791 κρίσεως
3780 3722 3861 3783 εἰς
3903 3720 3995 3772 τὸν

2417 3816 2721 3889 ὡρισμένον
2769 3816 2958 3886 καιρὸν
2994 3814 3401 3886 ταμιευθείσης.
3462 3810 3725 3864 Ἐνταῦθα
3771 3810 3870 3881 μὲν
3901 3806 3995 3863 οὖν

2422 3911 2569 3974 ἔλεός
2610 3912 2724 3963 ἐστι
2763 3910 2931 3980 χωρὶς
2969 3909 3202 3979 κρίσεως
3227 3923 3240 3937 ·
3273 3909 3335 3960 ού
3371 3906 3479 3978 γὰρ
3516 3901 3680 3974 ἦλθεν
3717 3904 3805 3957 ἵνα
3832 3903 3993 3975 κρίνῃ

2420 4005 2511 4057 τὸν
2559 4004 2782 4071 κόσμον,
2834 4001 2948 4054 ἀλλ’
2986 4002 3073 4054 ἵνα
3118 3999 3266 4072 σώσῃ
3318 3998 3409 4052 τὸν
3456 3998 3680 4068 κόσμον.
3735 3996 3883 4049 Ἐκεί
3938 3996 3996 4049 δὲ

2423 4098 2522 4151 οὐκ
2563 4095 2766 4167 ἔστινή
2802 4095 2983 4166 κρίσις
3026 4094 3195 4165 χωρὶς
3244 4092 3448 4155 ἐλέους,
3489 4090 3579 4144 διὰ
3622 4090 3683 4144 τὸ
3728 4091 3801 4163 μὴ
3845 4091 3998 4143 δύνα-

2428 4191 2549 4243 σθαι
2581 4190 2864 4261 ἄνθρωπον
2898 4186 3135 4258 καθαρὸν
3178 4185 3464 4257 εὑρεθῆναι
3514 4183 3623 4237 ἀπὸ
3661 4184 3856 4256 ῥύπου,
3892 4200 3995 4253 μη-

2426 4284 2481 4336 δὲ
2517 4283 2609 4337 ἐὰν
2647 4282 2743 4353 μία
2779 4276 3015 4352 ἡμέρα
3044 4280 3142 4349 τῆς
3188 4280 3453 4347 γενέσεως
3488 4278 3654 4330 αὐτοῦ
3703 4277 3799 4346 (Α).
3837 4275 3997 4326 Ὥστε

2428 4378 2521 4431 ἐὰν
2553 4394 2637 4441 τις
2666 4376 2749 4448 ἴδη
2774 4376 2872 4445 τὴν
2910 4375 3106 4426 κακίαν
3148 4372 3416 4441 ὁσημέραι
3449 4370 3779 4440 νεμομένην,
3814 4367 3909 4420 καὶ
3937 4365 3998 4417 τὸ

2429 4468 2689 4537 ἐπίκηρον
2729 4468 2885 4535 γένος
2914 4464 3021 4518 τῶν
3066 4464 3365 4536 ἀνθρώπων
3397 4462 3542 4528 ἄξιον
3585 4460 3789 4532 μυρίων
3824 4458 3984 4511 θανά-

751 4544 969 4613 diguum
1009 4548 1212 4614 videat,
1260 4552 1613 4607 admirabilnr
1639 4554 1854 4607 divitias
1902 4554 2156 4609 bonitatis
2211 4558 2320 4619 Dei,
2356 4574 2433 4628 Di

2314 4599 2320 4618 μ
2356 4574 2399 4628 1)
2429 4579 2553 4621 των,
2598 4562 2717 4611 ὅσον
2757 4559 2848 4610 ἐπὶ
2876 4560 2985 4619 τοῖς
3017 4557 3372 4627 ἁμαρτήμασι
3402 4554 3685 4621 τυγχάνον,
3730 4549 3996 4619 θαυμάσει

757 4638 1135 4711 patientiaeque
1182 4643 1372 4711 ipsius,
1420 4655 1472 4699 et
1524 4646 1761 4702 lenitatis
1782 4647 1847 4701 ⁸⁷.
1904 4648 2046 4702 Sane
2093 4649 2215 4700 dttm
2267 4650 2320 4701 in

752 4739 899 4785 terra
936 4748 1143 4795 sumus.
1190 4739 1559 4794 misericordia
1588 4756 1720 4809 opus
1752 4742 1907 4796 nobis
1929 4752 2027 4796 est.
2071 4740 2203 4795 Nam
2231 4742 2319 4809 qui

754 4822 807 4876 in
837 4824 989 4878 caelis
1022 4841 1326 4895 versantur,
1370 4831 1513 4900 digni
1547 4842 1689 4897 sunt,
1723 4833 1813 4903 qui
1852 4834 1992 4887 beati
2031 4835 2329 4903 pra-dicen—

756 4923 861 4978 tur,
916 4932 1021 4971 non
1058 4934 1286 4987 quorum
1328 4923 1703 4980 misereantur.
1762 4926 1867 4979 Aut
1925 4925 2172 4980 lortassis
2210 4942 2329 4994 pro-

756 5018 876 5079 pter
905 5012 1412 5069 condemnationem
1448 5017 1499 5071 in
1537 5035 1633 5072 nos
1653 5022 1722 5073 ob
1753 5030 2026 5089 peccatum
2061 5021 2326 5090 prolatam

827 5149 872 5183 ⁸³
908 5149 1053 5212 l’sal.
1082 5168 1273 5219 cxxtx.
1311 5158 1365 5211 5.
1443 5158 1488 5189 ⁸⁸
1527 5158 1628 5214 lsa.
1672 5175 1878 5223 urttt,
1917 5160 2004 5214 17.

832 5290 941 5365 (99)
984 5291 1231 5348 Nomalli
1283 5308 1412 5348 mss.
1453 5291 1670 5346 ἐαυτοῦ.
1711 5293 1811 5345 Alii
1860 5293 2057 5365 ἐαυτῷ.
2109 5292 2218 5346 Nec
2258 5294 2327 5345 ita

757 5364 939 5435 nullo
964 5375 1086 5430 post
1118 5376 1322 5433 septem
1362 5379 1489 5419 mss.
1516 5365 1908 5435 παρατηρήσῃ.
1949 5364 2077 5433 lleg,
2108 5373 2330 5428 quartus

758 5444 813 5488 et
834 5432 983 5488 Colb.
1001 5432 1263 5495 septimus
1284 5452 1404 5490 cum
1429 5436 1585 5488 editis
1600 5432 1658 5487 et
1680 5432 1797 5485 cum
1817 5432 1971 5506 textu
1994 5450 2147 5490 sacro
2168 5451 2334 5506 παρα-

757 5506 1023 5576 τηρήσῃς.
1060 5506 1196 5559 Infra
1238 5507 1364 5574 lleg.
1397 5508 1660 5576 secundus
1694 5504 2018 5576 ἐργάζηται.

831 5574 909 5641 tl)
946 5574 1082 5644 Reg.
1127 5576 1347 5648 quintus
1387 5591 1507 5648 cum
1551 5574 1914 5648 Colb.’|triino
1945 5574 2189 5648 ἀδελφόνῘ
2231 5574 2333 5627 Nec

760 5646 922 5699 aliter
959 5643 1171 5697 videtur
1212 5646 1405 5704 legisse
1434 5647 1720 5713 interpres,
1753 5643 1846 5709 qui
1874 5656 2041 5696 vertat
2078 5664 2090 5699 :
2132 5644 2188 5699 Si
2226 5648 2337 5709 Ῑτη-
2386 5690 2395 5711 δ

763 5727 892 5771 trem
924 5718 1176 5777 oraveris.
1207 5718 1383 5769 Editio
1406 5717 1576 5769 Paris.
1608 5730 1728 5769 eum
1773 5716 1955 5766 multis
1993 5732 2102 5767 MSS
2132 5754 2150 5775 .
2182 5716 2336 5769 ἀδελ·-

762 5787 896 5858 95w.
936 5788 1227 5858 aliquanto
1262 5798 1379 5855 post
1411 5786 1560 5839 (loli).
1597 5785 1922 5858 priutttséa‘t
1958 5785 2050 5838 σοῦ
2085 5788 2201 5855 τήν.

834 5858 911 5932 (2)
952 5856 1084 5930 Reg.
1126 5860 1398 5915 secundus
1446 5858 1611 5909 insi?)
1646 5856 1709 5910 ἂν
1758 5855 1833 5907 δέ.
1883 5856 1998 5910 Mox
2044 5858 2170 5912 editi
2217 5873 2334 5911 cum

2081 5159 2125 5191 ⁸⁵
2165 5158 2320 5215 Ιοιιιι.
2347 5174 2426 5219 Ill,
2461 5158 2543 5213 17.

2430 4651 2517 4702 τὶν
2545 4647 2771 4701 πλοῦτον
2797 4647 2891 4715 τῆς
2910 4646 3272 4715 χρηστότητος
3292 4643 3385 4695 τοῦ
3406 4641 3560 4703 Θεοῦ,
3581 4640 3783 4710 καὶτῆς
3804 4638 4000 4708 ἀνοχῆς

2429 4739 2591 4794 αὐτοῦ
2629 4740 2721 4791 καὶ
2742 4738 2839 4808 τῆς
2867 4735 3262 4807 μακροθυμίας.
3306 4734 3393 4784 Ἐν
3434 4734 3499 4802 τῇ
3530 4735 3599 4802 γῇ
3636 4732 3818 4802 μέντοι
3850 4731 3999 4793 οντες

2425 4832 2519 4885 τοῦ
2555 4830 2738 4893 ἐλέους
2763 4827 3053 4901 χρῄζομεν.
3094 4827 3155 4878 οξ
3185 4826 3293 4894 γὰρ
3324 4826 3381 4876 ὲν
3408 4823 3485 4893 τῷ
3511 4823 3725 4894 οὐρανῷ
3760 4822 3855 4876 τοῦ
3892 4842 3995 4894 με-

2426 4922 2745 4996 χαρίζεσθαί
2779 4924 2935 4985 εἰσιν,
2977 4918 3091 4973 ἀλλ’
3130 4919 3249 4988 οὐχὶ
3289 4916 3381 4970 τοῦ
3431 4915 3693 4969 ἐλεεῖσθαι
3735 4915 3893 4981 ἄξιοι.
3928 4916 3997 4968 ’11

2425 5020 2562 5089 τάχα
2586 5016 2671 5069 διὰ
2700 5014 2797 5086 τὴν
2831 5016 2895 5066 ἐκ
2919 5012 3019 5082 τῆς
3045 5010 3315 5082 ἁμαρτίας
3337 5010 3464 5079 ἡμῖν
3497 5006 3876 5075 ἐπενεχθεῖσαν
3905 5024 3997 5060 κα-

2649 5154 2693 5185 ⁸⁶
2731 5153 2831 5208 Job
2856 5167 2962 5212 τιν,
2998 5151 3054 5213 4,
3082 5148 3136 5213 5,
3160 5148 3315 5217 juxta
3340 5144 3503 5203 LXX.
3563 5138 3623 5179 ’⁸⁷
3656 5144 3815 5200 Rom.
3851 5164 3913 5212 Il,
3940 5150 3993 5200 4.

2438 5294 2759 5361 ηιιῖὶηιειιειηι
2792 5306 2920 5346 mss.
2948 5292 3037 5344 τὸν
3066 5290 3230 5343 ἔλεον.
3254 5288 3663 5361 _At_Cnlbertini
3713 5289 3995 5361 [δήριος-ιιι

2439 5358 2663 5429 quartus
2690 5379 2808 5417 eum
2845 5363 2971 5430 Reg.
3000 5371 3191 5431 quarto
3220 5358 3514 5431 toi-Elatov,
3538 5359 3759 5431 optime.
3790 5358 3994 5431 Etenim

2441 5451 2560 5484 eum
2605 5434 2691 5489 hic
2742 5449 2919 5487 seruio
2968 5429 3035 5483 sit
3084 5432 3148 5484 de
3203 5429 3443 5483 molliore
3493 5430 3715 5485 curandi
3772 5429 3994 5485 ratione,

2435 5505 2609 5556 oleum
2646 5503 3059 5570 prtetermissnm
3110 5516 3213 5552 non
3246 5501 3500 5566 Opurtnit,
3541 5502 3683 5568 quod
3725 5500 3775 5551 in
3812 5500 3999 5566 primis

2436 5576 2499 5626 ad
2535 5576 2692 5627 talem
2723 5574 2984 5625 tractandi
3020 5572 3231 5624 modum
3263 5570 3532 5631 pertinere
3565 5579 3749 5622 notum
3785 5577 3891 5622 est:

2508 5645 2585 5711 (5i
2629 5644 2777 5696 Culb.
2808 5652 3029 5708 quartus
3058 5642 3137 5703 εἰς
3166 5638 3441 5705 στάθμιον.

2507 5707 2582 5781 (4)
2626 5715 2754 5779 Reg.
2800 5707 3068 5765 set-nudus
3115 5721 3167 5765 et
3219 5711 3371 5763 Colb.
3402 5710 3619 5781 primus
3674 5711 3774 5780 τῆς
3811 5707 4001 5777 γεννή-

2439 5803 2592 5847 σεως.
2636 5784 2753 5838 Mox
2792 5784 2942 5839 ιῖυιι).
2978 5794 3202 5852 quartus
3233 5781 3328 5834 mi.
3367 5780 3424 5832 τι
3459 5780 3767 5849 ἐπίκαιρον,
3805 5790 4000 5846 tempo-

2443 5873 2664 5913 ταινιιιηι.
