4260 6528
239 457 349 522 335

1373 471 1653 527 BOMILIA
1693 473 1758 528 IN
1799 472 2133 529 PSALMUM
2175 470 2393 529 XXXII.
3372 467 3474 521 3736

243 578 467 645 ταδικη’ν
496 578 568 648 γῆ
590 579 857 651 λεγόμεθα
890 582 1049 650 ἡμεῖς
1078 585 1125 635 οἱ
1151 584 1480 649 ἀκούσαντες
1515 588 1663 657 παρὰ
1683 589 1816 642 Θεοῦ
1846 597 1892 649 Α
1924 601 1925 629 ῖ

1793 589 1816 641 ῦ
1846 597 1892 649 Α
1924 598 2060 640 terra
2089 587 2317 641 dicimur
2344 599 2441 640 nos
2471 585 2561 652 qui
2597 583 2723 638 illud
2753 598 2781 637 a
2810 583 2920 637 Deo
2949 580 3251 634 audivimus
3277 598 3288 633 :
3318 578 3475 632 Tcna

244 667 329 732 τὸ,
354 670 444 739 Γῆ
467 669 537 737 εἴ,
567 672 664 725 καὶ
685 666 770 735 ἑις
794 663 909 738 γῆῦ
933 673 1243 741 ἀπελεύσῃ
1267 689 1279 702 ·
1317 676 1365 726 οἳ
1402 675 1627 747 πλήρεις
1653 678 1816 748 ὲσμὲν

244 760 353 814 τῶν
379 764 675 836 οἰκτιρμῶν
704 761 796 814 τοῦ
820 761 952 814 Θεοῦ
974 780 987 791 ’
1024 763 1294 834 Νεκροὺς
1327 765 1435 837 γὰρ
1462 766 1639 833 ὄντας
1662 769 1818 840 ἡμᾶς

245 856 373 921 ταῖς
402 856 708 925 ἁμαρτίαις
753 856 844 907 καὶ
890 858 1001 920 τοῖς
1052 858 1491 929 παραπτώμασιν
1525 860 1750 931 ἐλεήσας
1790 865 1819 916 6

247 944 380 1010 Θεὸς
407 946 883 1014 σιηαεζωοποίησε
904 948 985 1014 τῷ
1017 948 1266 1019 Χριστῷ.
1303 951 1385 1017 Τῷ
1422 952 1579 1020 λόγῳ
1600 956 1818 1022 Κυρίου

248 1041 303 1090 οὶ
330 1037 569 1103 οὐρανοὶ
609 1038 1075 1106 ἐστερεώθησαν,
1125 1041 1222 1092 καὶ
1265 1042 1345 1107 τῷ
1390 1044 1680 1111 πνεύματι
1713 1044 1820 1097 τοῦ

248 1130 544 1195 στόματος
578 1130 761 1184 αὐτοῦ
791 1130 958 1185 πᾶσα
1010 1133 1047 1197 ἠ
1090 1129 1339 1201 δύναμις
1381 1132 1596 1189 αὐτῶν.
1627 1135 1737 1189 Ποῦ
1771 1136 1820 1187 οἱ

246 1222 311 1274 τὸ
353 1220 573 1293 Πνεῦμα
607 1222 1043 1289 ἐξουθενοῦντεςς
1086 1224 1187 1277 ποῦ
1236 1227 1285 1278 οἱ
1336 1226 1656 1296 χωρίζοντες
1691 1228 1823 1282 αὐτὸ

248 1313 359 1366 ἀπὸ
398 1315 494 1387 τῆς
536 1314 932 1387 δημιουργικῆς
966 1315 1280 1385 δυνάμεως;
1339 1317 1440 1369 ποῦ
1470 1319 1518 1370 οἱ
1554 1319 1652 1389 τῆς
1687 1319 1823 1390 πρὸς

250 1404 466 1478 Πατέρα
525 1410 619 1458 καὶ
685 1406 807 1458 Υίὸν
868 1408 1161 1474 συναφείας
1219 1409 1350 1463 αὐτὸ
1408 1410 1820 1483 διατέμνοντεςς

264 1494 631 1549 Ἀκουέτωσαν
654 1494 745 1548 τοῦ
769 1494 979 1566 ψαλμοῦ
999 1496 1245 1567 λέγοντος
1266 1517 1278 1529 ⁸
1318 1501 1399 1567 Τῷ
1424 1504 1581 1570 λόγῳ
1606 1502 1824 1570 Κυρίου

250 1590 305 1638 οι
337 1587 577 1653 οὐρανοὶ
616 1587 1082 1657 ἐστερεώθησαν,
1124 1592 1222 1644 καὶ
1269 1591 1347 1657 τῷ
1390 1594 1679 1660 πνεύματι
1719 1590 1826 1644 τοῦ

250 1680 546 1747 στόματος
577 1684 761 1736 αὑτοῦ
800 1681 966 1736 πᾶσα
1015 1685 1054 1751 ὴ
1111 1683 1363 1752 δύναμις
1413 1682 1632 1736 αὐτῶν.
1691 1682 1826 1736 Οῦτε

250 1771 361 1839 γὰο
383 1774 551 1841 Λόγος
584 1774 681 1842 (5),
714 1777 746 1843 ἡ
778 1774 928 1843 κοινὴ
962 1774 1097 1843 αὕτη
1133 1774 1310 1837 λαλιὰ,
1352 1775 1737 1846 νομισθήσεται
1769 1775 1829 1841 ἐξ

251 1866 526 1936 ὀνομάτων
562 1867 652 1918 καὶ
683 1867 941 1936 ῥημάτων
969 1867 1067 1937 τὴν
1094 1866 1350 1920 σύστασιν
1372 1867 1589 1938 ἔχουσα,
1616 1868 1738 1922 οὔτε
1767 1870 1828 1923 τὸ

1918 695 1991 742 es,
2016 689 2066 731 et
2098 680 2151 731 in
2175 690 2367 731 terram
2397 680 2495 732 ibis
2522 676 2588 733 ⁸⁸.
2628 676 2798 730 Porro
2824 674 3005 743 repleti
3042 690 3224 727 sumus
3259 673 3349 726 Dei
3383 673 3478 725 ιιιί-

1919 768 2310 832 seratiouibus;
2348 787 2469 824 cum
2502 770 2644 824 enim
2690 766 2890 821 Morini
2932 782 3158 820 essemus
3190 766 3396 819 delictis
3426 775 3481 819 et

1923 862 2170 928 peccatis,
2193 860 2448 913 misertus
2470 864 2610 927 Deus
2643 859 2916 929 viviﬁcuvit
2943 874 3032 911 nos
3053 874 3167 910 cum
3190 855 3478 909 Christo“.

1926 951 2087 1007 Vens.
2114 952 2167 1006 6.
2212 950 2373 1005 Verbo
2405 952 2617 1006 Domini
2657 954 2771 1007 caeli
2804 950 3005 1019 ﬁrmati
3047 960 3183 1012 sunt,
3215 960 3261 1002 ct
3294 949 3479 1015 spiritu

1922 1048 2027 1099 oris
2055 1049 2165 1113 ejus
2195 1046 2361 1098 omnis
2393 1045 2556 1096 virtus
2583 1062 2778 1099 eorum.
2816 1042 2916 1099 Ubl
2951 1052 3076 1095 sunt
3101 1040 3188 1108 qui
3225 1040 3479 1108 Spiritum

1923 1136 2330 1191 ﬂoccifaciunt?
2362 1136 2449 1188 ubi
2479 1145 2605 1188 sunt
2638 1137 2727 1203 qui
2778 1137 2928 1190 illum
2982 1149 3011 1187 a
3049 1132 3287 1200 potentia
3323 1147 3481 1184 erea-

1928 1229 2059 1281 trice
2082 1228 2371 1297 separant?
2394 1227 2481 1279 ubi
2516 1227 2605 1295 qui
2640 1226 2810 1295 ipsum
2838 1244 2867 1280 a
2900 1228 3075 1282 Patris
3109 1240 3172 1279 ac
3212 1224 3328 1277 Filii
3354 1239 3482 1277 con-

1920 1318 2194 1388 junctione
2243 1319 2541 1373 dirimunt?
2569 1318 2805 1371 Audiant
2864 1320 3124 1386 psalmum
3167 1317 3431 1371 dicentem
3469 1332 3480 1367 :

1934 1408 2101 1461 Verbo
2134 1408 2344 1464 Domini
2396 1408 2510 1464 caeli
2549 1410 2748 1477 ﬁrmati
2774 1419 2916 1470 sunt,
2941 1420 2985 1460 et
3016 1411 3199 1477 spiritu
3234 1409 3342 1461 oris
3370 1405 3484 1475 ejus

1927 1504 2092 1556 omnis
2115 1504 2272 1556 virtus
2299 1520 2498 1557 eorum.
2542 1501 2722 1570 Neque
2755 1503 2898 1556 enim
2926 1501 3156 1555 Verbum
3209 1500 3485 1555 existima-

1927 1593 2070 1647 bitur
2098 1596 2400 1648 communis
2432 1598 2546 1650 ιιωο
2586 1594 2782 1647 locutio
2812 1610 2955 1656 esse,
2990 1607 3108 1660 quae
3152 1606 3215 1644 ex
3253 1591 3486 1645 nomini-

1929 1683 2029 1737 bus
2055 1701 2117 1738 ac
2155 1686 2477 1740 dictionibus
2510 1687 2757 1741 consistit
2810 1705 2823 1738 :
2856 1700 3027 1753 neque
3060 1683 3293 1752 Spiritus
3318 1700 3481 1752 vapor

1931 1773 1981 1826 in
2029 1790 2151 1828 aera
2178 1774 2434 1841 diffusus;
2473 1776 2565 1829 sed
2590 1786 2643 1829 et
2680 1776 2934 1839 Verbum,
2968 1765 3108 1843 qu'od
3143 1776 3193 1826 in
3226 1774 3485 1842 principio

1929 1876 2047 1921 erat
2093 1868 2228 1935 apud
2278 1867 2440 1919 Deum
2461 1867 2527 1930 ⁷ο,
2566 1878 2619 1920 et
2663 1868 2895 1936 Spiritus
2944 1879 3179 1931 sanctus,
3228 1866 3317 1935 qui
3352 1864 3491 1918 hanc

254 1958 475 2029 Πνεῦμα
498 1960 659 2030 ἀτμὶς
688 1962 765 2024 είς
788 1960 924 2033 ἀέρα
950 1959 1268 2032 διαχεομένη
1285 1978 1297 1989 ·
1330 1961 1464 2013 ἀλλὰ
1488 1963 1581 2014 καὶ
1606 1963 1774 2030 Λόγος
1799 1965 1827 2014 6
1859 1943 1899 1996 Β
1929 1976 1936 2029 ι

1802 1965 1827 2014 6
1859 1943 1899 1996 Β
1929 1959 2141 2029 prOprie
2175 1959 2399 2012 sortitus
2440 1970 2522 2011 est
2551 1958 2977 2027 appellationem.
3029 1958 3484 2024 Quemadmodum

254 2050 311 2098 ὲν
351 2049 489 2119 ἀρχῇ
533 2049 606 2101 ὣν
637 2052 769 2121 πρὸς
795 2052 884 2105 τὸν
917 2053 1069 2113 Θεὸν,
1106 2054 1200 2107 καὶ
1234 2052 1455 2124 Πνεῦμα
1494 2052 1555 2106 τὸ
1586 2053 1761 2122 ἅγιον,
1798 2053 1827 2105 6

258 2137 404 2201 ίδίως
428 2139 525 2209 τῆς
559 2145 929 2213 προσηγορίας
960 2144 1162 2215 ταύτης
1194 2146 1510 2215 τετύχηκεν.
1551 2146 1637 2209 Ὠς
1676 2140 1767 2198 οῦν
1798 2145 1827 2196 6

252 2229 581 2300 δημιουργὸς
622 2234 791 2302 Λόγος
838 2237 1132 2304 ὲστερέωσε
1180 2238 1268 2288 τὸν
1307 2240 1552 2308 οὐρανὸν,
1588 2240 1728 2293 οὕτω
1768 2238 1827 2291 τὸ

256 2320 478 2391 Πνεῦμα
522 2323 582 2375 τὸ
630 2325 695 2377 ἐκ
728 2325 819 2378 τοῦ
854 2326 1009 2388 Θεοῦ,
1053 2328 1080 2379 ὂ
1113 2327 1262 2397 παρὰ
1292 2330 1384 2381 τοῦ
1420 2332 1631 2401 Πατρὸς
1661 2335 1825 2384 ὲκπο-

259 2412 472 2480 ρεύεται
508 2413 825 2484 (τουτέστιν,
851 2416 878 2466 6
899 2418 961 2467 ἐκ
993 2415 1084 2468 τοῦ
1116 2416 1380 2486 στόματος
1412 2418 1595 2479 αὐτοῦ,
1633 2420 1716 2471 ἵνα
1754 2421 1827 2490 μὴ

254 2506 367 2558 τῶν
396 2507 593 2573 ἔξωθέν
625 2526 675 2561 τι
708 2509 929 2562 καὶτῶν
956 2511 1266 2581 κτισμάτων
1294 2512 1424 2564 αὐτὸ
1466 2514 1678 2583 κρίνῃς.
1714 2510 1825 2565 ἀλλ’

256 2599 331 2661 ὡς
357 2601 420 2652 ὲκ
450 2600 581 2653 Θεοῦ
603 2602 723 2672 ἕχον
750 2603 846 2673 τὴν
876 2603 1171 2657 ὑπόστασιν
1191 2605 1461 2678 δοξάζῃς),
1490 2604 1708 2668 ἁπάσας
1731 2605 1829 2670 τὰς

257 2690 313 2739 ὲν
336 2691 483 2758 αὐτῴ
510 2692 765 2761 δυνάμεις
797 2695 1149 2764 συνεπέφερε.
1180 2697 1269 2765 Τῷ
1299 2692 1389 2749 οῦν
1417 2696 1692 2769 Πνεύματι
1727 2701 1830 2753 πᾶ-

259 2794 326 2829 σα
356 2780 388 2847 ἡ
421 2778 645 2849 δύναμις
676 2783 708 2851 ἡ
744 2784 1061 2851 ἐπουράνιος
1087 2783 1159 2851 (6)
1200 2784 1528 2855 ἐστερεώοη·
1558 2788 1824 2851 τουτέστι,

257 2869 316 2921 τὸ
346 2868 556 2922 εὔτονον
589 2871 683 2923 καὶ
711 2872 905 2940 πάγιον
945 2873 1040 2925 καὶ
1074 2873 1286 2943 βέϐαιον
1323 2878 1380 2927 ὲν
1417 2877 1692 2946 ἁγιασμῷ,
1736 2880 1830 2931 καὶ

257 2963 409 3034 πάσῃ
447 2966 511 3033 τῇ
544 2964 825 3037 πρεπούσῃ
853 2968 971 3029 ταῖς
1002 2966 1171 3037 ἱεραῖς
1200 2967 1490 3037 δυνάμεσιν
1524 2968 1714 3039 ἀρετῇ,
1767 2974 1830 3022 ὲκ

256 3056 357 3125 τῆς
384 3054 475 3107 τοῦ
503 3057 815 3126 Πνεύματος
847 3059 1164 3129 ἐπικουρίας
1198 3058 1434 3129 ἔχουσιν.
1484 3060 1699 3115 Ἐιιοὰδε
1733 3063 1831 3133 μὲν

258 3144 353 3201 οῦν
377 3146 597 3216 Πνεῦμα
637 3149 901 3217 στόματος
928 3150 1093 3201 αὑτοῦ
1123 3152 1561 3224 ἀναγέγραπταιο
1599 3154 1829 3225 εὑρήσο-

261 3253 361 3306 μεν
386 3237 441 3289 δὲ
457 3235 691 3308 ἀλλαχοῦ
728 3238 821 3289 καὶ
844 3238 1012 3305 Λόγον
1047 3240 1308 3309 στόματος
1330 3242 1491 3294 αὑτοῦ
1521 3245 1827 3314 εἰρημένον,

259 3330 348 3381 ἵνα
375 3329 535 3399 νοηοῇ
570 3330 597 3381 6
632 3331 820 3401 Σωτὴρ
846 3329 942 3400 (7),
981 3331 1072 3383 καὶ
1113 3332 1172 3384 τὸ
1202 3332 1355 3399 ἅγιον
1393 3332 1556 3386 αὑτοῦ
1606 3335 1830 3406 Πνεῦμα

256 3423 322 3473 ὲκ
345 3422 438 3474 τοῦ
461 3424 689 3493 Πατρός.
732 3424 881 3476 Ἐπεὶ
910 3420 1001 3477 οῦν
1032 3424 1200 3491 Λόγος
1224 3425 1322 3495 μὲν
1347 3427 1548 3497 Κυρίου
1570 3428 1597 3480 6
1618 3429 1827 3499 Σωτὴρ,

256 3516 352 3566 καὶ
384 3514 602 3584 Πνεῦμα
630 3516 723 3569 τοῦ
769 3516 1033 3586 στόματος
1080 3517 1242 3570 αὑτοῦ
1284 3518 1343 3570 τὸ
1393 3518 1544 3586 ἅγιον
1586 3518 1828 3587 Πνεῦμα,

257 3605 541 3674 ἀμφότερα
580 3606 635 3657 δὲ
676 3608 981 3676 συνήργησε
1013 3610 1077 3677 τῇ
1112 3608 1285 3661 κτίσει
1317 3609 1423 3661 τῶν
1453 3610 1697 3681 οὐρανῶν
1736 3616 1831 3663 και

255 3697 365 3748 τῶν
404 3698 459 3748 ὲν
486 3697 667 3759 αὐτοῖς
695 3696 998 3766 δυνάμεων,
1025 3697 1112 3749 διὰ
1143 3699 1297 3751 τοῦτο
1334 3700 1581 3770 εἴρηται·
1616 3699 1704 3766 Τῷ
1728 3702 1831 3755 Λό-

256 3806 341 3855 γῳ
386 3789 606 3855 Κυρίου
665 3791 719 3841 οἱ
768 3790 1009 3855 οὐρανοὶ
1068 3789 1535 3857 ἐστερεώθησαν,
1598 3794 1692 3844 καὶ
1752 3790 1831 3857 τῷ

258 3880 552 3945 Πνεύματι
590 3879 694 3932 τοῦ
727 3881 1020 3947 στόματος
1060 3880 1244 3933 αὑτοῦ
1294 3880 1460 3935 πᾶσα
1500 3883 1537 3949 ἠ
1580 3881 1830 3949 δύναμις

256 3971 473 4027 ἀυτῶν.
516 3973 680 4026 Οὐδὲν
708 3972 814 4043 γὰρ
843 3970 1147 4041 ἁγιάζεται,
1178 3976 1225 4026 εί
1258 3974 1331 4044 μὴ
1368 3975 1441 4043 (8)
1469 3978 1532 4045 τῇ
1564 3974 1830 4046 παρουσίᾳ

254 4064 351 4118 τοῦ
387 4065 721 4135 Πνεύματος.
765 4066 1031 4134 Ἀγγέλων
1060 4065 1190 4134 γοῦν
1222 4068 1317 4137 τὴν
1356 4067 1454 4136 μὲν
1485 4069 1563 4129 είς
1594 4068 1655 4119 τὸ
1690 4061 1827 4120 εἶναι

256 4158 487 4227 πάροδον
537 4160 565 4211 6
617 4158 942 4230 δημιουργὸς
994 4157 1165 4224 Λόγος
1215 4160 1243 4211 6
1281 4160 1507 4228 ποιητὴς
1548 4159 1654 4211 τῶν
1693 4160 1828 4211 ὅλων

255 4249 574 4312 παρείχετο·
611 4249 701 4299 τὸν
762 4249 1027 4317 ἁγιασμόν
1077 4248 1133 4299 δὲ
1177 4249 1357 4311 αὐτοῖς
1400 4247 1459 4300 τὸ
1504 4248 1723 4319 Πνεῦμα
1767 4251 1828 4303 τὸ

257 4338 412 4403 ἆγιον
442 4338 821 4407 συνεπέφερεν.
858 4338 933 4389 Ου
968 4335 1075 4404 γὰρ
1108 4338 1286 4407 νήπιοι
1316 4336 1623 4398 κτισυέντες
1658 4340 1704 4388 οἱ
1728 4337 1827 4405 ἆγ-

256 4424 426 4491 γελοι,
465 4421 580 4476 εἶτα
613 4423 985 4485 τελειωθέντες
1011 4428 1078 4496 τῇ
1112 4427 1228 4476 κατ’
1261 4425 1439 4493 ὀλίγον
1483 4425 1702 4495 μελέτῃ,
1739 4425 1829 4477 οῦ-

254 4532 365 4578 τως
407 4514 543 4581 ἄξιοι
580 4514 679 4585 τῆς
722 4513 811 4567 τοῦ
843 4514 1157 4585 Πνεύματος
1206 4516 1467 4587 ὑποδοχῆς
1508 4516 1823 4585 γεγόνασιν·

254 4604 371 4657 ἀλλ’
401 4607 457 4657 ὲν
488 4608 551 4676 τῇ
591 4604 780 4677 πρώτῃ
812 4605 1064 4657 συστάσει
1108 4608 1201 4659 καὶ
1234 4606 1309 4675 τῷ
1351 4606 1510 4658 οἱονεὶ
1548 4607 1824 4677 φυράματι

254 4698 355 4767 τῆς
386 4699 569 4761 οὐσίας
614 4698 790 4751 αὐτῶν
834 4698 1365 4768 συγκαταὸληθεῖσαν
1410 4698 1485 4767 (9)
1529 4699 1683 4770 ἔσχον
1727 4702 1825 4771 τὴν

254 4788 534 4857 ἁγιότητα.
563 4788 651 4839 Διὸ
675 4788 765 4838 καὶ
797 4788 1178 4856 δυσμετάθετοί
1207 4789 1310 4840 είσι
1340 4788 1473 4857 πρὸς
1495 4790 1711 4856 κακίαν⁹
1738 4792 1826 4842 εὑ-

1931 2051 2095 2119 igitur
2125 2048 2357 2103 Verbum
2403 2049 2582 2117 opifex
2622 2049 2857 2103 ﬁrmavit
2897 2051 3109 2117 coelum,
3142 2050 3220 2103 sic
3258 2048 3489 2117 Spiritus

1926 2140 2017 2209 qui
2055 2154 2121 2191 ex
2152 2139 2279 2203 Deo,
2312 2141 2402 2208 qui
2432 2156 2460 2192 a
2498 2140 2658 2194 Patre
2694 2141 2953 2209 procedit,
2981 2142 3081 2196 hoc
3128 2151 3228 2205 est,
3279 2140 3368 2209 qui
3421 2155 3486 2193 ex

1926 2246 2020 2285 ore.
2061 2229 2200 2283 illius
2221 2242 2303 2284 est
2334 2232 2506 2300 (utne
2532 2232 2706 2300 ipsum
2738 2247 3015 2285 enernam
3047 2234 3332 2299 quamdam
3365 2247 3476 2285 rem

1924 2333 2018 2378 aut
2048 2333 2351 2378 creaturam
2396 2338 2516 2377 esse
2532 2322 2763 2393 judices,
2808 2324 2901 2377 sed
2944 2334 3197 2392 tanquam
3233 2325 3486 2393 hyposta-

1925 2418 2025 2470 sim
2058 2432 2119 2470 ex
2154 2418 2261 2471 Deo
2312 2418 2597 2471 habentem
2643 2416 2954 2487 gloriﬁces),
3004 2432 3192 2472 onmcs
3236 2415 3354 2485 ejus
3384 2416 3493 2468 vir—

1927 2516 2067 2559 tutes
2091 2506 2251 2559 simul
2277 2507 2473 2561 intulit.
2498 2507 2680 2577 itaque
2709 2509 2945 2563 caelestis
2966 2508 3143 2561 mnnis
3170 2509 3339 2561 virtus
3372 2506 3493 2574 Spi—

1926 2599 2032 2652 ritu
2082 2599 2295 2652 ﬁrmata
2330 2610 2413 2652 est
2447 2615 2462 2653 :
2498 2600 2599 2652 hoc
2636 2611 2739 2663 est,
2771 2599 3117 2661 soliditatem,
3152 2599 3490 2650 ﬁrmitatem-

1930 2704 2035 2760 que
2068 2698 2122 2745 et
2162 2691 2547 2755 constantiam,
2577 2690 2629 2744 in
2672 2690 2981 2753 sanctitate,
3012 2700 3065 2744 et
3112 2689 3257 2741 omni
3290 2689 3494 2741 virtute

1927 2784 2101 2837 sacris
2133 2781 2495 2853 potestatibus
2529 2782 2904 2843 conveniente,
2933 2795 2997 2833 ex
3031 2779 3267 2850 Spiritus
3294 2780 3495 2833 auxilio

1928 2877 2107 2930 habet.
2166 2874 2266 2929 Hic
2294 2874 2455 2944 igitur
2490 2873 2727 2942 Spiritus
2778 2873 2891 2926 oris
2937 2871 3053 2939 ejus
3104 2872 3338 2939 scriptus
3388 2882 3493 2924 est.

1927 2967 2261 3021 Inveniemus
2284 2980 2463 3021 autem
2494 2965 2623 3020 alibi
2654 2976 2710 3020 et
2732 2965 2967 3021 Verbum
2996 2967 3108 3020 oris
3136 2965 3305 3035 ipsius
3336 2964 3496 3035 138

1928 3060 2154 3122 dictum,
2206 3070 2264 3113 ut
2311 3059 2643 3128 intelligatur
2691 3060 2939 3114 Salvator
2964 3060 3102 3128 ipse,
3160 3068 3214 3112 et
3270 3069 3495 3111 sanctus

1935 3149 2054 3218 ejus
2109 3147 2346 3219 Spiritus
2378 3164 2443 3204 ex
2487 3150 2666 3203 Patre.
2721 3150 2987 3215 Quoniam
3045 3149 3206 3218 igitur
3241 3148 3499 3202 Servator

1935 3243 2172 3298 Verbum
2212 3243 2425 3297 Domini
2452 3253 2559 3307 est,
2587 3254 2641 3295 et
2666 3242 2901 3310 Spiritus
2930 3252 3148 3295 sanctus
3175 3242 3286 3295 oris
3323 3242 3497 3310 ipsius

1934 3336 2162 3398 Spiritus
2189 3344 2293 3401 est,
2332 3345 2561 3403 uterque
2596 3344 2774 3388 autem
2806 3334 2858 3387 in
2901 3332 3053 3387 caelis
3096 3343 3151 3385 et
3177 3347 3362 3385 eorum
3387 3332 3497 3384 vir—

1932 3430 2139 3484 tutibus
2188 3429 2440 3483 creandis
2494 3430 2699 3497 pariter
2726 3442 2944 3496 operam
2986 3424 3241 3488 contulit,
3296 3424 3497 3477 idcirco

1930 3522 2128 3575 dictum
2154 3532 2238 3575 est
2275 3539 2291 3576 :
2333 3519 2495 3573 Verbo
2529 3521 2738 3572 Domini
2765 3518 2878 3572 caeli
2902 3518 3101 3585 firmati
3129 3526 3269 3579 sunt,
3298 3527 3344 3569 et
3374 3513 3493 3581 Spi-

1931 3614 2033 3664 ritu
2051 3613 2156 3665 oris
2184 3613 2296 3681 ejus
2332 3612 2501 3664 omnis
2534 3612 2695 3664 virtus
2720 3626 2921 3663 eorum.
2954 3610 3094 3663 Nihil
3134 3610 3275 3663 enim
3298 3608 3497 3660 sancti-

1933 3713 2091 3778 tatem
2127 3704 2465 3771 adipiscitur,
2507 3703 2607 3755 nisi
2642 3717 2735 3769 per
2767 3700 3000 3771 Spiritus
3042 3700 3215 3755 sancti
3253 3713 3489 3767 praesen-

1931 3795 2078 3846 tiam.
2127 3792 2310 3862 Itaque
2340 3795 2482 3862 quod
2537 3794 2709 3862 angeli
2761 3803 2908 3854 sunt,
2968 3792 3035 3845 ab
3083 3792 3275 3860 Opilice
3320 3789 3495 3843 Verbo

1930 3884 2303 3937 universorum
2336 3883 2613 3939 conditore
2660 3884 2863 3937 habent
2908 3900 2923 3936 :
2966 3881 3043 3934 eis
3078 3896 3205 3935 vero
3240 3878 3496 3933 sanctita-

1931 3985 2034 4028 tem
2070 3974 2304 4043 Spiritus
2337 3988 2557 4031 sanctus
2605 3973 2917 4043 impertivit.
2946 3971 3062 4027 Non
3090 3973 3231 4027 enim
3268 3970 3496 4023 infantes

1928 4068 2099 4121 creati
2127 4078 2252 4120 sunt
2286 4068 2486 4135 angeli,
2537 4068 2731 4121 deinde
2766 4067 3021 4135 paulatim
3073 4064 3335 4121 exercitio
3375 4078 3496 4131 per-

1929 4158 2074 4220 t'ecti,
2111 4156 2191 4209 sic
2233 4156 2363 4211 facti
2392 4167 2519 4211 sunt
2552 4158 2696 4227 digni
2735 4161 2824 4227 qui
2863 4158 3123 4226 Spiritum
3155 4157 3489 4223 reciperent;

1928 4248 2019 4299 sed
2057 4247 2111 4298 in
2146 4248 2319 4314 prima
2363 4250 2769 4311 constitutione,
2800 4259 2855 4302 et
2888 4264 2990 4302 una
3014 4265 3136 4302 cum
3176 4248 3492 4304 substantire

1927 4351 2038 4389 suae
2078 4339 2232 4407 quasi
2275 4340 2507 4392 mixtura
2558 4339 2791 4393 infusam
2848 4341 3087 4395 habuere
3132 4341 3491 4394 sanctitatem.

1927 4426 2263 4496 Quapropter
2308 4431 2469 4483 etiam
2510 4445 2651 4501 aegre
2686 4432 2751 4483 ad
2801 4431 3059 4484 malitiam
3087 4442 3406 4486 convertere
3438 4448 3497 4484 se

1930 4529 2170 4586 possunt,
2212 4521 2409 4589 quippe
2445 4521 2535 4590 qui
2582 4522 2725 4576 illico
2772 4524 3152 4586 sanctimonia,
3190 4524 3352 4575 veluti
3400 4524 3499 4574 tin-

1930 4618 2077 4661 ctura
2104 4614 2337 4680 quadam
2395 4614 2731 4668 corroborati
2790 4617 2922 4676 sint,
2978 4613 3396 4681 firmitatemque
3440 4613 3493 4666 in

1930 4705 2126 4757 virtute
2160 4720 2224 4758 ac
2274 4707 2637 4759 constantiam
2688 4709 2829 4760 dono
2864 4705 3102 4774 Spiritus
3140 4707 3312 4761 sancti
3337 4721 3493 4760 acce-

1931 4806 2125 4863 perint.

256 4878 374 4940 Θὺς,
403 4882 561 4932 οἱονεὶ
588 4879 729 4949 βαφῇ
763 4896 888 4945 τινι,
922 4879 999 4949 τῷ
1032 4881 1285 4950 ἁγιασμῷ
1315 4881 1698 4944 στοαωθέντες,
1731 4883 1822 4934 καὶ
1862 4886 1918 4937 τὸ
1986 4889 2209 4959 μόνιμον
2274 4890 2352 4951 εἰς
2374 4888 2571 4960 ἀρετὴν
2596 4892 2659 4960 τῇ
2684 4889 2860 4961 δωρεᾷ
2884 4889 2975 4944 τοῦ
3006 4890 3158 4958 ἁγίου
3184 4890 3498 4959 Πνεύματος

258 4969 489 5039 ἔχοντες.

331 5086 376 5117 ⁸⁸
399 5084 531 5139 Gen.
562 5102 641 5147 tu,
675 5086 758 5140 19.
820 5087 862 5117 ⁸³
893 5087 1085 5156 Ephes.
1124 5103 1184 5150 rt,
1221 5087 1272 5144 5.
1351 5088 1395 5117 ⁷⁰
1422 5085 1574 5143 Joau.
1610 5105 1649 5153 t,
1688 5090 1739 5143 1.

330 5205 406 5275 (5)
432 5206 605 5259 Editio
632 5207 802 5260 Paris.
849 5210 877 5259 6
908 5209 1100 5275 Λόγος.
1145 5209 1249 5261 Sed
1281 5209 1431 5262 deest
1455 5211 1713 5263 articulus
1770 5211 1821 5263 in

256 5291 503 5351 sexutnsns.
521 5276 648 5351 ΔΜωι
679 5278 806 5351 Beg.
828 5282 1092 5351 secundus
1116 5278 1335 5349 Πνεῦμα
1376 5281 1435 5331 τὸ
1460 5281 1613 5347 ἆγιον
1637 5279 1820 5351 ἀτμίς.

329 5347 405 5415 (6)
437 5345 588 5399 Colb.
618 5348 820 5413 primus
847 5350 880 5416 ἡ
910 5349 1178 5416 οὐράνιος.

331 5418 405 5491 (7)
440 5418 576 5485 Reg.
629 5419 815 5491 tertius
859 5418 942 5469 ἵνα
977 5418 1203 5488 νομισθῇ
1253 5422 1280 5472 ὀ
1319 5421 1527 5491 Σωτήρ.
1560 5419 1673 5474 Vox
1718 5422 1817 5473 αῦ-

252 5486 375 5549 τοῦ,
410 5502 527 5553 qua:
559 5488 799 5554 proxime
854 5486 1115 5555 sequitur,
1164 5486 1317 5543 deest
1376 5493 1429 5543 in
1459 5486 1653 5543 'multis
1684 5507 1816 5545 mss.

258 5559 365 5610 Sed
393 5573 511 5611 eam
548 5558 685 5610 male
728 5558 981 5629 omissam
1029 5575 1148 5612 esse
1190 5578 1216 5611 a
1268 5562 1500 5614 librariis
1545 5572 1814 5629 putamus.

259 5630 548 5699 tumquod
586 5629 636 5679 in
666 5628 848 5680 multis
876 5628 993 5699 aliis
1021 5646 1148 5682 mss.
1177 5630 1404 5699 legatur,
1430 5628 1553 5694 tum
1591 5634 1817 5685 maxime

257 5698 399 5759 quod
462 5698 764 5750 inveniatur
813 5699 863 5749 in
921 5698 1148 5751 Eusobio
1209 5698 1245 5753 εί
1287 5717 1315 5753 a
1351 5716 1455 5768 quo
1486 5711 1654 5752 totum
1690 5702 1812 5753 illud

256 5767 636 5835 fragmentum.
668 5770 739 5819 uti
771 5769 821 5820 in
858 5769 1169 5837 praefatione
1196 5767 1511 5830 ostenditur,
1545 5782 1811 5837 sumptum

257 5848 362 5889 est.
398 5838 568 5889 Aliter
606 5838 669 5890 de
704 5838 813 5898 illo,
843 5840 906 5889 ἐκ
934 5836 1028 5888 τοῦ
1064 5840 1294 5907 Πατρός.
1318 5836 1814 5906 judicattdumcen-

259 5920 458 5963 scmus.
514 5907 645 5963 Cum
678 5911 818 5963 enim
849 5908 999 5973 illud,
1050 5909 1111 5962 ὲκ
1158 5909 1249 5963 τοῦ
1284 5910 1514 5978 Πατρός,
1573 5908 1709 5964 desit
1762 5911 1814 5963 tu

1934 5207 2113 5277 multis
2144 5221 2299 5270 mss.,
2328 5221 2428 5260 nec
2477 5207 2685 5277 legatur
2712 5221 2925 5275 quoque
2970 5206 3024 5259 in
3051 5205 3493 5277 ACommentariis

1932 5276 2173 5349 Eusebii,
2216 5279 2266 5330 id
2316 5280 2419 5331 huc
2472 5274 2648 5349 inepte
2672 5274 2993 5332 accersitum
3043 5274 3208 5329 fuisse
3237 5276 3377 5328 haud
3412 5278 3493 5329 in-

1923 5348 2067 5414 juria
2090 5349 2233 5401 credi
2267 5356 2459 5416 potest.

2000 5417 2074 5485 (8)
2117 5411 2487 5485 Editi'etlteg.
2514 5425 2699 5467 sextus
2758 5421 2809 5465 et
2836 5411 2985 5486 Colb.
3040 5424 3262 5486 quintus
3306 5416 3355 5467 si
3392 5416 3488 5486 μή.

1928 5487 2087 5541 Deest
2137 5489 2184 5539 εί
2239 5488 2289 5539 in
2330 5487 2543 5540 Eusebii
2573 5485 3007 5554 Commentariis,
3059 5494 3112 5536 et
3143 5485 3210 5554 in
3254 5485 3494 5554 quinque

1928 5559 2054 5609 mss'.
2108 5556 2227 5609 Mox
2274 5558 2437 5609 editio
2480 5554 2654 5608 Paris.
2705 5553 2733 5603 6
2788 5553 3115 5624 δημιουργὸς
3157 5553 3267 5607 τῶν
3296 5554 3430 5607 ὅλων
3464 5558 3495 5609 6

1923 5628 2153 5697 ποιητὴς
2201 5628 2369 5695 Λόγος
2411 5625 2719 5695 παρείχετο,
2756 5625 2994 5678 coM'use.
3049 5624 3399 5697 Restituimus
3438 5635 3491 5677 et

1925 5714 1986 5750 ex
2026 5715 2155 5750 mss.
2182 5705 2235 5749 et
2265 5713 2329 5750 ex
2357 5699 2487 5765 ipsis
2518 5698 2730 5749 Eusebii
2761 5696 3173 5748 Commentariis
3204 5698 3488 5765 pristinum

1926 5786 1987 5820 ac
2019 5768 2304 5820 aet-uiuum
2344 5767 2624 5820 verborum
2651 5766 2915 5818 ordinem.

2054 5784 2304 5819 emunum
2344 5784 2624 5820 \‘8t'DUI'ﬂtII
2651 5784 2915 5818 ormnem.

1994 5784 2243 5919 (SlColb.
2273 5848 2495 5916 quartus
2554 5833 3268 5919 συγκαταβληῦείσῃς,,ιιοη
3318 5845 3488 5917 recte.

1923 5907 2088 5963 Paulo
2121 5919 2241 5977 post
2268 5907 2504 5976 quinque
2531 5923 2656 5960 tnss.
2697 5907 2772 5963 ὡς
2797 5905 2982 5959 ἀσκόν.
3021 5905 3158 5960 Editi
3198 5906 3346 5962 ὠτεί.
