4260 6530
350 461 451 514 337

1461 463 1739 518 HOMLIA
1783 465 1848 519 IN
1889 464 2218 523 PSALMUM
2254 471 2468 526 XXX“.

3447 476 3550 528 ὅτε

349 584 457 618 οντι
483 567 536 619 δὲ
557 567 852 636 ἐπαγγελία
881 566 1086 624 δέδοται
1121 570 1268 640 παρά
1288 571 1444 635 Θεοῦ,
1479 575 1559 625 ὅτι
1593 573 1765 627 Δώσω
1799 592 1897 628 σοι
1926 582 1971 634 Α
2011 592 2031 628 ε

1873 594 1897 627 ιι
1926 582 1971 634 Α
2011 578 2170 629 etiam
2212 593 2303 631 eas
2342 595 2459 646 qua
2482 582 2532 633 in
2567 581 2656 634 Dei
2691 581 2954 634 thesauris
2989 590 3112 634 sunt
3135 581 3355 649 abyssos
3386 580 3555 632 intue-

349 657 686 723 θησαυροὺς
726 659 1129 728 ἀποκρύφους,
1175 661 1486 728 ἁοράτους.
1541 663 1782 718 Ἐπειδὰν
1813 662 1904 720 οὖν

352 743 765 816 καταξιωθῶμεν
810 745 907 816 τῆς
954 749 1239 819 πρόσωπον
1281 750 1414 820 πρὸς
1453 752 1738 820 πρόσωπον
1767 753 1899 822 γνὼ-

352 851 505 901 σεως,
537 833 775 905 ὀψόμεθα
823 838 914 890 καὶ
954 839 1049 900 τὰς
1091 838 1148 890 ὲν
1192 841 1300 900 τοῖς
1325 838 1609 910 θησαυροῖς
1645 841 1738 892 τοῦ
1771 843 1903 898 θεοῦ

349 926 633 987 ἀϐύσσους.
669 925 920 994 Συνάγων
963 930 1018 982 δὲ
1056 927 1124 980 τὰ
1158 929 1214 980 ἐν
1245 932 1309 1001 τῇ
1349 931 1532 1002 Γραφῇ
1569 933 1695 1001 περὶ
1724 934 1904 989 ἀσκῶν

350 1020 626 1089 εἰρημένα,
653 1020 846 1088 μᾶλλον
874 1024 1075 1093 γενήσῃ
1109 1023 1164 1074 ὲν
1189 1025 1430 1096 περινοίᾳ
1453 1024 1544 1078 τοῦ
1572 1025 1902 1096 βουλήματος

348 1110 439 1162 τοῦ
468 1113 798 1182 προφητικοῦ
828 1114 958 1184 (l7).
989 1115 1050 1166 Ol
1081 1114 1175 1183 μὲν
1196 1111 1286 1167 οὖν
1311 1117 1752 1187 ἀνακαινούμενοι
1779 1120 1903 1187 ἡμέ-

352 1218 421 1270 ρᾳ
449 1202 541 1254 mi.
579 1204 777 1276 ἡμέρᾳ,
809 1205 900 1257 καὶ
923 1205 1012 1257 τὸν
1035 1207 1216 1258 καινὸν
1241 1203 1378 1261 οἶνον
1405 1210 1511 1262 ἀπὸ
1535 1208 1633 1276 τῆς
1662 1209 1902 1277 ἀμπέλου

347 1291 726 1369 τῆςῇάληθινῆς
757 1296 1074 1366 χωροῦντες,
1104 1298 1257 1349 ἀσκοὶ
1298 1295 1436 1352 εἶναι
1463 1300 1707 1366 λέγονται
1741 1300 1795 1350 ὲν
1827 1298 1903 1369 τῷ

349 1384 660 1454 Εὑαγγελίῳ
682 1384 851 1436 καινοί
876 1401 888 1414 ·
922 1387 969 1436 οἱ
999 1385 1054 1438 δὲ
1077 1387 1298 1456 μηδέπω
1323 1389 1412 1441 τὸν
1439 1388 1659 1441 παλαιὸν
1699 1388 1903 1460 ἀνθρω-

351 1496 449 1531 πον
477 1475 792 1546 ἀποθέμενοι
821 1478 975 1530 ἀσκοί
996 1481 1097 1532 εἰσι
1134 1480 1365 1544 παλαιοὶ,
1399 1481 1472 1550 μὴ
1497 1482 1776 1550 δυνάμενοι
1816 1498 1905 1534 πι-

352 1565 632 1619 στεύεσθαι
671 1569 766 1637 τὴν
802 1568 1061 1642 ὑποδοχὴν
1098 1572 1190 1624 τοῦ
1227 1573 1342 1623 νέου
1371 1572 1533 1622 οἴνου.
1581 1571 1765 1632 Οὐδεὶς
1797 1570 1902 1641 γὰρ

352 1657 530 1726 βάλλει
559 1655 695 1712 οἶνον
724 1659 838 1712 νέον
879 1663 957 1725 εἰς
994 1663 1192 1724 ἀσκοὺς
1219 1661 1496 1724 παλαιοὺς,
1534 1661 1617 1712 ἵνα
1653 1661 1725 1730 μὴ
1756 1661 1849 1713 καὶ
1876 1664 1904 1714 6

348 1741 488 1811 οἰνος
535 1748 733 1820 ἐκχυθῇ
766 1749 897 1819 (18),
939 1749 1031 1801 καὶ
1060 1749 1233 1816 πάντη
1266 1747 1570 1800 ἀπόλωνται
1611 1750 1803 1802 ἐκεῖνοι
1852 1751 1900 1802 οἰ

347 1840 524 1902 ἀσκοὶ,
561 1842 810 1912 οὐδεμιᾶς
857 1842 1158 1909 ἀξιούμενοι
1199 1840 1524 1912 συγγνώμης
1557 1841 1654 1908 ἔτι,
1692 1842 1783 1896 ἐὰν
1811 1843 1901 1895 τὸν

2005 666 2200 720 bitnur.
2231 669 2380 733 Quod
2403 669 2447 722 si
2473 686 2532 723 ea
2561 687 2678 738 qua:
2707 673 2759 725 in
2784 668 3059 738 Scriptura
3086 669 3151 721 de
3177 669 3383 721 utribus
3413 669 3553 719 dicta

2003 771 2144 823 smn,
2174 759 2472 828 collegeris.
2505 762 2824 826 prophetica:
2847 759 3125 814 sententiae
3147 757 3550 826 intelligentiam

2005 850 2172 915 magis
2206 853 2528 917 assequeris.
2562 849 2660 914 Qui
2707 853 2867 918 igitur
2913 852 2978 903 de
3011 850 3094 902 die
3146 851 3196 901 in
3230 850 3366 902 diem
3405 862 3554 902 reno-

2004 948 2217 998 vantur,
2249 949 2302 990 et
2323 940 2502 990 vinum
2535 951 2726 989 novum
2752 954 2776 987 a
2803 952 2926 990 vera
2958 938 3060 990 vile
3089 935 3372 1002 accipiunt,
3408 942 3554 986 utres

2003 1030 2122 1082 novi
2147 1043 2265 1082 esse
2306 1030 2354 1080 in
2389 1029 2674 1096 Evangelia
2712 1029 2976 1083 dicuntur.
3021 1028 3120 1097 Qui
3169 1041 3298 1079 vero
3322 1026 3551 1078 nondum

2005 1132 2236 1174 veterem
2281 1119 2547 1173 hominem
2598 1129 2884 1179 exuerunt,
2945 1132 3068 1174 sunt
3132 1126 3345 1174 veteres
3377 1125 3547 1178 utres,

2003 1214 2194 1276 quibus
2244 1211 2563 1280 suscipiendi
2605 1211 2709 1264 vini
2770 1211 2889 1264 novi
2924 1211 3145 1265 facultas
3187 1209 3406 1264 concedi
3446 1222 3549 1260 non

2005 1313 2200 1370 potest.
2235 1303 2402 1358 Nemo
2457 1302 2598 1355 enim
2651 1302 3019 1355 tnittitvinnm
3072 1316 3261 1354 novum
3306 1304 3358 1354 in
3406 1312 3554 1354 utres

2004 1407 2229 1458 veteres,
2257 1405 2311 1448 ut
2338 1412 2403 1449 ne
2435 1405 2488 1448 et
2520 1395 2698 1446 vinum
2738 1393 3060 1455 effundatur,
3107 1401 3161 1445 et
3188 1392 3262 1444 illi
3292 1403 3436 1446 utres
3464 1410 3552 1460 pe-

2005 1482 2147 1535 nitus
2193 1494 2411 1550 pereant
2437 1485 2507 1547 ⁷³,
2560 1481 2758 1538 nullam
2794 1482 3019 1551 amplius
3051 1479 3258 1534 veniam
3299 1494 3553 1532 consecu-

2005 1575 2149 1638 turi,
2219 1573 2263 1627 si
2334 1573 2528 1628 bonum
2597 1590 2658 1629 ac
2710 1588 2905 1627 novum
2967 1574 3146 1626 vinum
3200 1568 3549 1623 inell'undanl.

2003 1667 2207 1720 Novum
2264 1665 2404 1717 enim
2445 1667 2622 1718 vinum
2657 1666 2709 1719 in
2734 1674 2882 1720 utres
2907 1679 3077 1718 novos
3101 1671 3184 1718 est
3213 1661 3552 1715 mittendum.

2005 1756 2196 1810 Vinum
2221 1754 2360 1821 quod
2409 1767 2600 1805 novum
2634 1769 2694 1804 ac
2731 1751 3003 1821 spirituaie
3051 1752 3141 1814 sit,
3169 1753 3416 1820 quodque
3443 1747 3553 1820 Spi'

2007 1843 2107 1894 ritu
2133 1852 2320 1894 sancto
2351 1839 2572 1902 ferveat,
2602 1841 2767 1906 ipsam
2798 1840 3046 1895 videlicet
3080 1840 3325 1894 veritatis
3355 1838 3554 1895 intelli-

348 1931 506 1982 καλὸν
537 1933 628 1983 καὶ
657 1932 836 1984 καινὸν
880 1931 1135 1998 ἐκχέωσιν
1172 1925 1329 1984 οἶνον.
1385 1929 1535 1986 Οἶνον
1574 1935 1678 2002 γὰρ
1717 1934 1899 1986 καινὸν
1930 1929 1971 1983 Β
1999 1949 2029 2002 g

1872 1953 1899 1985 ν
1930 1929 1971 1983 Β
1999 1933 2228 2002 gentiam
2258 1946 2527 2000 nunquam
2569 1939 3010 1994 veterascentem,
3049 1931 3098 1984 in
3147 1945 3339 1984 navum
3383 1929 3552 1984 homi-

347 2023 427 2084 εἰς
486 2022 685 2084 ἀσκοὺς
730 2021 944 2084 καινοὺς
990 2019 1225 2090 βλητέον.
1267 2023 1366 2075 Τὸν
1397 2022 1577 2073 καινὸν
1612 2022 1703 2072 καὶ
1739 2038 1900 2073 πνευ-

350 2111 572 2181 ματικὸν
624 2107 782 2176 οἶνον,
837 2113 928 2165 καὶ
989 2111 1065 2182 τῷ
1129 2113 1402 2182 Πνεῦματι
1458 2109 1535 2180 τῷ
1581 2111 1716 2182 ἁγίῳ
1760 2109 1903 2174 ζέον-

345 2220 434 2268 τα,
467 2202 558 2256 τὸν
604 2202 868 2273 μηδέποτε
916 2203 1302 2272 παλαιούμενον
1350 2202 1447 2271 τῆς
1496 2202 1747 2271 ἀληθείας
1781 2204 1901 2258 νοῦν

2006 2040 2124 2077 nem
2154 2026 2363 2077 mittere
2410 2037 2582 2092 operm
2622 2021 2845 2090 pretium
2875 2030 2992 2085 est;
3025 2023 3137 2091 qui,
3166 2021 3306 2090 quod
3347 2033 3557 2088 semper

2007 2116 2469 2168 mortiﬁcationem
2505 2113 2626 2167 Jesn
2654 2115 2702 2165 in
2736 2129 2961 2182 corpore
2990 2114 3298 2168 circumfert
3326 2115 3392 2180 ⁷⁸,
3439 2125 3560 2167 nter

2004 2223 2174 2261 novus
2225 2207 2329 2260 dici
2361 2208 2550 2259 merito
2583 2216 2770 2273 potest.

347 2301 427 2362 εἰς
491 2300 581 2352 τὸν
638 2299 819 2350 καινὸν
882 2298 1163 2369 ἄνθρωπον
1223 2297 1481 2368 βλητέον⁶
1551 2297 1641 2362 ὃς,
1704 2298 1790 2351 διὰ
1847 2301 1908 2354 τὸ
1980 2305 2206 2358 πάντοτε
2263 2301 2363 2373 τὴν
2423 2300 2682 2372 νέκρωσιν
2741 2299 2832 2353 τοῦ
2913 2298 3084 2371 Ἰησοῦ
3143 2301 3199 2354 ὲν
3253 2297 3328 2369 τῷ
3377 2299 3559 2369 σώμα-

346 2409 400 2444 τι
443 2391 771 2462 περιφέρειν,
835 2391 997 2452 ἀσκὸς
1043 2389 1107 2442 ἂν
1152 2389 1358 2457 λέγοιτο
1411 2385 1546 2442 εἶναι
1604 2391 1784 2454 καινὸς
1829 2393 2070 2458 δικαίως.

417 2483 469 2538 6.
500 2482 807 2551 Φοϐηθήτω
827 2483 931 2535 τόν
955 2483 1169 2550 Κύριον
1192 2481 1359 2536 πᾶσα
1387 2483 1423 2550 ἠ
1454 2482 1526 2553 γῆ
1548 2501 1560 2513 ·
1593 2484 1690 2536 ἀπ’
1721 2485 1904 2538 αὑτοῦ

349 2573 415 2627 δὲ
460 2575 924 2641 σαλευθήτωσαν
985 2573 1208 2640 πάντες
1249 2579 1300 2629 οἰ
1327 2576 1736 2643 κατοικοῦντες
1790 2577 1903 2642 τὴν

351 2665 724 2734 οἰκουμένην.
783 2666 997 2736 Ἐπειδὴ
1048 2667 1209 2734 φόϐος
1257 2667 1460 2736 Κυρίου
1520 2668 1661 2739 ἀρχὴ
1725 2667 1908 2737 αἰσθή-

356 2773 489 2818 σεως
520 2757 650 2824 (19),
674 2758 723 2807 οἰ
751 2755 817 2808 τὰ
841 2758 1002 2824 γήινα
1027 2757 1344 2826 φρονοῦντες
1368 2757 1456 2809 διὰ
1479 2758 1640 2825 φόϐου
1660 2757 1909 2810 παιδευέ-

358 2848 585 2899 σθωσαν.
641 2847 725 2909 Ὠς
794 2846 891 2915 μὲν
941 2847 1047 2915 γάρ
1098 2848 1451 2914 εἰσαγωγικὸς
1501 2850 1578 2909 εἰς
1631 2849 1908 2901 εὐσέϐειαν

353 2938 658 3006 ἀναγκαίως
692 2938 1169 3009 παραλαμϐάνεται
1205 2942 1234 2992 6
1266 2940 1445 3008 φόϐος,
1480 2940 1663 3010 ἀγάπη
1691 2942 1767 3005 δὲ,
1797 2941 1907 2992 λοι-

354 3031 454 3084 πὸν
487 3029 867 3101 παραλαϐοῦσα
891 3030 1013 3091 τοὺς
1041 3029 1429 3100 ρυθμισθέντας
1449 3031 1554 3083 ἀπὸ
1575 3030 1666 3084 τοῦ
1691 3034 1909 3101 ἐπιστη-

357 3122 574 3194 μονικοῦ
603 3122 786 3192 φόϐου,
817 3121 1024 3173 τελειοῖ.
1069 3122 1224 3194 Πάσῃ
1249 3118 1338 3174 οὖν
1379 3127 1442 3194 τῇ
1473 3126 1541 3195 γῇ
1576 3123 1735 3192 φόϐον
1772 3141 1910 3195 παρ-
1936 3169 1979 3227 c

353 3216 605 3285 ἀγγέλλει
635 3218 662 3269 6
688 3215 860 3284 λόγος.
897 3216 1368 3280 Σαλευθήτωσαν
1387 3216 1473 3279 δὲ,
1502 3221 1652 3286 φησὶ,
1681 3219 1780 3271 ἀπ’
1811 3222 1908 3272 αὑ-

353 3308 459 3361 τοῦ
524 3307 744 3372 πάντες
793 3309 843 3360 οἰ
900 3304 1312 3370 κατοικοῦντες
1367 3308 1480 3373 τὴν
1528 3307 1904 3377 οἰκουμένην.

356 3398 529 3451 Οίονεὶ
560 3399 666 3450 πᾶν
693 3397 910 3468 κίνημα,
949 3397 1056 3450 εἴτε
1091 3397 1228 3450 κατὰ
1258 3397 1399 3458 νοῦν,
1424 3398 1530 3450 εἴτε
1565 3398 1705 3451 κατά
1729 3415 1910 3468 σωμα-

353 3488 511 3557 τικὴν
538 3487 810 3557 ἐνέργειαν
836 3488 1262 3557 ὲπιτελούμενον,
1292 3487 1434 3541 κατὰ
1468 3489 1527 3541 τὸ
1553 3488 1796 3560 βούλημα
1819 3490 1912 3541 αὑ-

353 3582 466 3643 τοῖς
488 3578 579 3630 τοῦ
610 3578 741 3631 Θεοῦ
764 3579 1104 3647 ὲνεργείσθω.
1137 3579 1289 3631 Οὕτω
1317 3579 1424 3650 γὰρ
1462 3581 1566 3635 νοῶ
1587 3581 1664 3647 τὸ,
1694 3585 1913 3634 Σαλευ-

355 3671 631 3736 θήτωσαν
662 3669 760 3723 ἀπ’
788 3669 993 3723 αὑτοῦ.
1029 3669 1202 3720 Οἰονεὶ
1231 3671 1363 3740 μήτε
1390 3671 1661 3740 ὀφθαλμὸς
1697 3670 1915 3723 σαλευέ-

359 3763 469 3816 σθω
500 3762 610 3833 (ΞΟ)
644 3763 768 3815 ἄνευ
799 3760 964 3813 Θεοῦ’
1007 3761 1080 3830 μὴ
1118 3762 1235 3832 χεὶρ
1288 3761 1537 3814 κινείσθω
1577 3764 1700 3816 ἄνευ
1748 3761 1911 3814 Θεοῦ·

360 3854 434 3925 μὴ
472 3856 504 3924 ἡ
555 3852 746 3924 καρδία
791 3850 1100 3904 διανοείσθω
1142 3851 1210 3904 τὰ
1247 3851 1319 3922 μὴ
1356 3853 1618 3922 εὖάρεστα
1665 3851 1740 3920 τῷ
1777 3850 1913 3920 Θεῷ.

359 3944 468 3996 Καὶ
520 3943 653 4007 ὅλως
701 3942 805 3996 ἀπὸ
841 3941 1061 4011 μηδενὸς
1102 3942 1257 3996 ἀλλου
1307 3943 1734 4012 σαλευθήτωσαν,
1785 3942 1916 4012 μηδὲ

360 4034 555 4098 αὐτούς
583 4052 635 4087 τι
666 4036 900 4099 κινείτω,
936 4036 981 4086 εί
1017 4034 1089 4105 μὴ
1121 4038 1148 4088 6
1182 4035 1273 4089 τοῦ
1300 4035 1430 4088 Θεοῦ
1457 4035 1637 4102 φόϐος.
1673 4035 1791 4086 Ὅτι
1819 4035 1918 4086 αὑ·

358 4127 461 4190 τὸς
483 4124 630 4190 εἶπε,
667 4127 762 4179 καί
786 4124 1157 4194 ἐγενήθησαν
1178 4144 1190 4156 ⁸
1225 4126 1402 4190 αὐτὸς
1429 4126 1782 4186 ἐνετείλατο,
1818 4123 1918 4176 καί

358 4212 742 4284 ἐκτίσθησαν.
784 4219 925 4288 Πρὸς
961 4217 1050 4270 δύο
1077 4218 1143 4269 τὰ
1171 4219 1473 4288 προάγοντα
1510 4215 1601 4267 δύο
1631 4217 1875 4282 ἐπήγαγε
1900 4230 1913 4243 °

361 4309 670 4374 Φοϐηθήτω
695 4310 861 4363 πᾶσα
882 4312 917 4376 ἠ
948 4310 1045 4377 τῆ,
1069 4311 1180 4369 καὶ,
1203 4306 1675 4372 Σαλευθήτωσαν
1699 4305 1920 4370 πάντες

361 4401 416 4454 οι
457 4399 866 4465 κατοικοῦντες
907 4399 1019 4466 τὴν
1047 4397 1420 4468 οἰκουμένην,
1453 4399 1531 4462 τὸ,
1559 4397 1747 4463 Αὐτὸς
1771 4393 1919 4462 εἷπε,

2070 2489 2124 2542 6.
2155 2488 2321 2542 Vens.
2355 2492 2407 2545 8.
2439 2489 2637 2542 Tinteat
2686 2489 2960 2542 Dominum
2995 2490 3162 2540 omnis
3195 2496 3332 2540 terra
3357 2502 3377 2540 :
3409 2485 3473 2538 ab
3501 2502 3559 2540 eo

2003 2589 2173 2631 autem
2232 2591 2650 2632 commoveantur
2709 2594 2883 2630 omnes
2946 2578 3298 2630 inhabitantes
3361 2578 3559 2628 orbem.

2005 2668 2447 2737 Quandoquidem
2480 2669 2637 2720 timor
2677 2666 2880 2719 Domini
2918 2666 3126 2718 initium
3171 2675 3252 2719 est
3284 2680 3474 2719 sensus
3494 2665 3561 2724 ".

2006 2770 2213 2813 terrena
2259 2758 2350 2828 qui
2392 2759 2625 2826 sapiunt,
2669 2773 2762 2823 per
2811 2757 3054 2811 timorem
3105 2757 3440 2810 erudiantur.
3476 2753 3565 2808 Ti-

2006 2864 2120 2902 mor
2151 2851 2291 2903 enim
2337 2850 2479 2903 velut
2511 2850 2574 2901 ad
2615 2850 2863 2918 pietatem
2915 2849 3278 2911 introducens,
3321 2862 3568 2901 necessa-

2013 2941 2092 2992 rio
2121 2942 2404 2994 adhibetur
2439 2960 2451 2994 :
2497 2942 2734 2996 Charitas
2780 2957 2908 2994 vero
2955 2941 3210 3006 deinceps
3253 2940 3565 3004 succedens,

2014 3046 2106 3085 eos
2127 3046 2257 3099 quos
2287 3032 2445 3084 timor
2487 3034 2552 3084 ad
2605 3033 2954 3085 erudiendum
3001 3031 3224 3085 idoneus
3267 3032 3567 3084 concinna-

2012 3123 2108 3189 vit,
2141 3121 2366 3192 perlicit.
2411 3122 2598 3190 Itaque
2641 3131 2794 3175 terra:
2819 3123 2962 3175 omni
3010 3126 3170 3174 verba
3206 3123 3388 3175 istbmc
3422 3121 3569 3175 tim)-

2012 3229 2123 3267 retn
2157 3213 2474 3282 praecipiunt
2507 3210 2980 3266 :Commoreantur
3030 3224 3222 3273 autent,
3268 3212 3460 3279 inquit,
3504 3229 3567 3265 α)

2013 3321 2070 3357 eo
2097 3321 2272 3357 omnes
2323 3305 2671 3357 inhabitantes
2700 3305 2893 3356 orbem.
2939 3302 3200 3356 Nimirum
3251 3313 3424 3356 motus
3455 3316 3572 3356 om-

2016 3393 2120 3454 nis,
2152 3402 2259 3443 tutn
2283 3394 2371 3459 qui
2403 3409 2465 3446 ex
2502 3403 2700 3456 mente,
2732 3402 2838 3444 Iunt
2870 3392 2958 3460 qui
2982 3407 3046 3446 ex
3071 3392 3333 3458 corporali
3356 3394 3570 3446 actione

2016 3483 2209 3547 oritur,
2249 3484 2540 3536 secundum
2577 3483 2668 3537 Dei
2702 3485 3028 3537 voluntatem
3055 3483 3121 3537 ab
3158 3485 3287 3552 ipsis
3321 3483 3572 3552 perﬁcia-

2021 3583 2125 3626 tur.
2157 3574 2246 3628 Sic
2278 3574 2419 3627 enim
2459 3575 2698 3646 intelligo
2756 3576 2903 3638 illttd,
2934 3573 3365 3629 Commoveantur
3399 3576 3461 3626 ab
3491 3590 3570 3628 eo.

2020 3666 2260 3733 Exempli
2291 3667 2483 3733 gratia,
2530 3682 2702 3734 neque
2731 3667 2917 3720 oculus
2959 3677 3236 3720 moveatur
3277 3667 3394 3720 sine
3437 3667 3565 3731 Duo,

2022 3772 2192 3826 neque
2230 3772 2416 3810 manus
2461 3759 2693 3824 agitetur
2746 3759 2859 3810 sine
2921 3758 3046 3824 Deo,
3109 3773 3206 3812 nec
3236 3773 3327 3812 cur
3377 3760 3577 3826 cegitet

2022 3865 2140 3918 qua:
2179 3849 2288 3904 Deo
2352 3865 2455 3903 non
2489 3850 2718 3917 placent.
2770 3848 2832 3902 Et
2865 3850 2915 3902 in
2961 3866 3193 3914 summa,
3229 3867 3256 3903 a
3290 3850 3438 3903 nullo
3464 3849 3568 3901 alio

2023 3952 2341 3994 moveantur
2386 3958 2398 3994 :
2438 3955 2609 4008 neque
2657 3940 2800 4008 ipsos
2851 3941 3138 4009 quidquam
3199 3951 3430 4005 moveat,
3471 3943 3571 3995 nisi

2023 4031 2114 4086 Dei
2159 4033 2335 4085 timor.
2395 4030 2553 4085 Vens.
2593 4032 2643 4084 9.
2706 4031 2967 4094 Quoniam
3003 4033 3109 4099 ipse
3148 4035 3303 4095 dixit,
3340 4044 3386 4087 et
3432 4032 3573 4102 facta

2023 4133 2175 4187 sunt;
2204 4123 2311 4189 ipse
2337 4124 2623 4184 mandavit,
2658 4135 2705 4174 et
2753 4133 2926 4175 creata
2961 4135 3098 4176 sunt.
3133 4124 3344 4179 Duobus
3375 4139 3576 4192 praece-

2024 4213 2278 4266 dentibus
2304 4213 2407 4264 duo
2437 4213 2672 4264 subdidit
2713 4229 2725 4264 :
2759 4213 3008 4280 primum,
3050 4211 3248 4266 Timent
3275 4214 3439 4266 omnis
3474 4224 3580 4266 te:-

2027 4321 2106 4365 ra,
2145 4314 2217 4366 et,
2257 4302 2684 4356 Contmoveantur
2742 4319 2915 4355 omne:
2960 4304 3308 4357 inhabitantes
3353 4309 3521 4356 orbem
3558 4315 3577 4355 :

2027 4394 2145 4461 Ipse.
2183 4395 2338 4459 dixit,
2393 4405 2438 4445 et
2475 4394 2617 4460 facta
2653 4403 2771 4447 sunt
2815 4394 3073 4459 :deinde,
3129 4393 3248 4463 Ipse
3294 4396 3577 4463 mandarit,

361 4489 462 4542 καί
489 4488 878 4558 ἐγενήθησαν,
917 4489 1104 4555 Αὐτὸς
1135 4491 1490 4551 ἐνετείλατο,
1524 4489 1619 4542 καί
1646 4489 1923 4554 ἐκτίσθη·
1954 4521 1997 4579 D
2029 4501 2043 4537 t

1891 4512 1923 4527 ι-
1954 4521 1997 4579 D
2029 4493 2076 4537 et
2111 4493 2283 4536 creata
2330 4492 2470 4536 sunt.
2522 4482 2740 4548 Quando
2802 4493 3128 4549 composnus
3177 4484 3334 4535 homo
3386 4491 3573 4535 estex

362 4598 500 4635 σαν.
539 4581 751 4650 Ἐπειδὴ
793 4579 1036 4642 σύνθετος
1071 4581 1098 4631 6
1127 4579 1405 4650 ἄνθρωπος
1439 4579 1500 4632 ἐκ
1528 4597 1585 4632 τε
1608 4579 1699 4631 τοῦ
1728 4580 1915 4649 γηίνου

364 4671 673 4740 πλάσματος
699 4671 790 4722 καὶ
813 4672 873 4722 ἐκ
903 4671 998 4740 τῆς
1032 4669 1339 4741 ὲνοικούσης
1377 4669 1551 4739 ψυχῆς
1577 4668 1651 4738 τῷ
1683 4669 1916 4738 σώματι,

362 4760 433 4829 γῆ
461 4760 554 4828 μὲν
582 4760 791 4826 λέγεται
816 4759 875 4811 τὸ
899 4762 960 4811 ὲκ
981 4759 1079 4828 τῆς
1105 4759 1206 4828 γῆς
1232 4757 1625 4828 πεπλασμένον,
1655 4757 1921 4808 κατοικῶν

361 4850 416 4902 δὲ
443 4849 538 4919 τὴν
558 4851 898 4919 οἰκουμένην,
930 4853 961 4919 ἡ
987 4849 1082 4919 τὴν
1111 4852 1168 4901 ὲν
1203 4849 1412 4918 σώματι
1436 4847 1705 4916 διαγωγὴν
1733 4846 1925 4916 λαχοῦ-

365 4958 433 4992 σα
453 4940 615 5010 dum.
652 4940 1004 5008 Καταλλήλως
1037 4936 1125 4992 οὖν
1163 4945 1228 5010 τῇ
1253 4943 1322 5009 γῇ
1354 4939 1665 4991 ἀποδέδοται
1694 4937 1773 5001 τὸ,
1803 4940 1918 4991 Αὑ-

363 5034 464 5096 τὸς
500 5027 646 5094 εἷπε,
679 5029 774 5084 καί
812 5031 1180 5098 ἐγενήθησαν
1207 5031 1348 5099 (21)·
1388 5030 1480 5082 ἐπὶ
1518 5028 1614 5098 μὲν
1661 5026 1754 5078 τοῦ
1785 5027 1894 5080 πλά

436 5147 482 5180 ’³
517 5147 699 5202 Matth.
727 5164 801 5210 ιι,
833 5148 918 5201 17.
991 5147 1037 5178 ⁷⁸
1064 5147 1102 5200 ιι
1132 5147 1255 5201 Cor.
1287 5163 1360 5209 tv,
1391 5146 1476 5200 10.
1550 5145 1596 5176 ⁷⁸
1632 5144 1790 5198 Prov.
1826 5160 1861 5208 ι,
1891 5147 1943 5200 7.

435 5305 544 5372 (Π)
570 5303 722 5375 ilegii
761 5304 944 5357 tertius
968 5313 1020 5375 et
1041 5314 1222 5357 sextus
1250 5303 1626 5375 προϐλήματος
1656 5303 1746 5355 τοῦ
1783 5319 1913 5373 προ-

366 5373 614 5444 φητικοῦ.
649 5373 775 5443 Reg.
815 5374 1076 5428 secundus
1119 5373 1434 5439 scripturam
1465 5373 1768 5440 utramque
1820 5389 1914 5428 ex-

369 5443 514 5498 ltilml
544 5458 556 5494 :
593 5459 750 5495 unam
778 5443 826 5495 in
859 5452 1125 5504 contextu,
1153 5445 1371 5496 alteram
1407 5444 1456 5496 itt
1488 5444 1746 5510 margine.

441 5514 546 5580 (l8)
582 5513 710 5575 lleg.
745 5521 964 5578 quartus
995 5513 1211 5582 ὲκχεθῇ.

440 5583 550 5650 (l9)
586 5583 792 5632 Ιαὶιιίιιιιιι
825 5581 1120 5650 invenimus
1149 5581 1196 5634 in
1244 5582 1408 5634 veteri
1453 5581 1911 5650 interpretatione.

371 5648 548 5703 Timor
571 5651 775 5702 Domini
801 5649 1007 5702 initium
1037 5662 1109 5702 est
1139 5651 1426 5718 sapientite.
1467 5651 1622 5703 male.
1663 5648 1785 5716 Ejus
1817 5651 1917 5701 loci

370 5736 495 5789 pars
545 5722 711 5789 media
762 5732 970 5784 sumpta
1011 5731 1095 5773 est
1137 5736 1200 5773 ex
1249 5723 1451 5789 psalmo
1496 5735 1584 5783 cx,
1622 5721 1706 5781 l0,
1754 5722 1917 5773 altera

371 5788 498 5841 vero
527 5805 588 5842 ex
615 5788 768 5842 Prov.
799 5806 835 5848 ι.
862 5789 914 5841 7.

440 5858 551 5931 (20)
575 5859 721 5916 Colb.
749 5868 970 5929 quartus
995 5857 1266 5927 ὀφθαλμός
1292 5857 1614 5928 σαλευθήτω.
1649 5858 1760 5913 Mox
1790 5857 1918 5927 Reg.

2028 4586 2237 4629 terreno
2291 4576 2559 4645 figmento,
2626 4585 2680 4627 et
2732 4589 2795 4625 ex
2859 4572 3192 4625 inhabitante
3252 4571 3304 4623 in
3356 4586 3581 4638 corpore

2027 4667 2204 4720 anima
2249 4686 2261 4721 :
2294 4669 2343 4720 id
2370 4668 2507 4735 quod
2541 4683 2569 4719 e
2606 4676 2750 4718 terra
2794 4662 3084 4715 formatum
3134 4673 3236 4726 est,
3270 4673 3409 4716 terra
3443 4663 3576 4717 diei-

2029 4768 2114 4809 tur
2145 4775 2156 4810 :
2209 4757 2389 4810 anima
2427 4770 2555 4809 vero
2585 4754 2969 4807 habitationem
3020 4754 3069 4804 in
3121 4768 3342 4821 corpore
3369 4757 3578 4819 sortita,

2028 4850 2208 4899 orbem
2229 4846 2538 4898 inhabitans
2563 4856 2800 4896 vocatur.
2826 4841 3010 4910 Itaque
3042 4844 3200 4913 138
3229 4855 3582 4911 congruenter

2025 4947 2180 4990 terra:
2209 4937 2693 5002 convenienterque
2725 4935 2928 4986 editum
2965 4945 3046 4987 est
3098 4952 3111 4986 :
3149 4933 3269 5000 Ipse
3315 4935 3473 4996 dixit,
3535 4943 3582 4986 et

2024 5028 2162 5082 facta
2185 5038 2338 5091 sunt;
2363 5042 2482 5080 cum
2502 5027 2588 5080 illa
2619 5028 2800 5092 verba,
2829 5024 2994 5079 Facta
3027 5039 3167 5088 sunt,
3191 5028 3256 5079 de
3277 5033 3461 5080 nostro
3499 5024 3585 5094 lig-

2021 5304 2208 5356 tertins
2227 5299 2528 5354 διανοείτω.

2090 5372 2202 5440 (2|)
2239 5371 2412 5423 Editio
2449 5370 2617 5440 Paris.
2667 5376 2719 5422 et
2747 5363 3156 5440 nonttttlli_n)ss.
3206 5361 3314 5440 καὶ
3330 5361 3587 5440 ἐγενήθη-

2020 5431 2137 5493 σαν.
2187 5431 2360 5502 Ἀύτὸς
2390 5439 2709 5496 ἐνετείλατο.
2757 5436 2852 5488 καὶ
2894 5431 3237 5502 ἐκτίσθησαν.
3283 5431 3384 5484 Sed
3418 5441 3585 5502 totum

2018 5512 2168 5570 illud,
2225 5500 2394 5572 Αὐτός
2451 5509 2754 5562 ἐνετείλατο
2786 5505 2880 5557 καὶ
2912 5500 3255 5572 ἐκτίσθησαν,
3313 5501 3461 5554 deest
3531 5501 3582 5552 in

2021 5590 2252 5644 quatuor
2283 5569 2413 5632 mss.
2448 5590 2503 5632 et
2533 5580 2584 5632 in
2615 5577 2847 5630 editione
2879 5572 3038 5626 Basil.
3076 5569 3234 5644 Certe
3271 5586 3392 5644 cum
3424 5575 3585 5644 verba

2024 5640 2108 5702 illa
2175 5649 2332 5715 paulo
2380 5661 2505 5701 ante
2546 5648 2751 5714 prolata
2807 5644 2935 5704 sint,
2979 5641 3158 5715 statim
3189 5640 3375 5715 eadem
3413 5640 3578 5702 repeti

2026 5707 2211 5773 inutile
2245 5721 2460 5772 omnino
2507 5707 2626 5772 esse
2671 5715 3018 5767 arbitramur.
3054 5708 3251 5764 Vocula
3313 5707 3431 5779 μέν,
3466 5725 3582 5778 qua

2027 5805 2146 5844 mox
2184 5790 2450 5859 sequitur,
2485 5791 2635 5843 abest
2661 5801 2689 5839 a
2724 5798 2849 5838 mss.
