  <div class='ocr_page' id='page_1' title='image "/cluster/home/n/w/nwhite01/storage/ocr_20150623/29/uva.x004321530/589.png"; bbox 0 0 4260 6492; ppageno 0'>
   <div class='ocr_carea' id='block_1_1' title="bbox 729 402 831 456">
    <p class='ocr_par' dir='ltr' id='par_1_1' title="bbox 729 402 831 456">
     <span class='ocr_line' id='line_1_1' title="bbox 729 402 831 456; baseline 0.02 -2"><span class='ocrx_word' id='word_1_1' title='bbox 729 402 831 456; x_wconf 81' lang='grc'><strong>559</strong></span> 
     </span>
    </p>
   </div>
   <div class='ocr_carea' id='block_1_2' title="bbox 2051 407 2642 467">
    <p class='ocr_par' dir='ltr' id='par_1_2' title="bbox 2051 407 2642 467">
     <span class='ocr_line' id='line_1_2' title="bbox 2051 407 2642 467; baseline 0.005 -6"><span class='ocrx_word' id='word_1_2' title='bbox 2051 408 2105 461; x_wconf 89' lang='lat' dir='ltr'><strong>S.</strong></span> <span class='ocrx_word' id='word_1_3' title='bbox 2149 407 2388 464; x_wconf 82' lang='lat' dir='ltr'><strong>BASILII</strong></span> <span class='ocrx_word' id='word_1_4' title='bbox 2431 409 2642 467; x_wconf 83' lang='lat' dir='ltr'><strong>MAGNI</strong></span> 
     </span>
    </p>
   </div>
   <div class='ocr_carea' id='block_1_3' title="bbox 3843 418 3949 471">
    <p class='ocr_par' dir='ltr' id='par_1_3' title="bbox 3843 418 3949 471">
     <span class='ocr_line' id='line_1_3' title="bbox 3843 418 3949 471; baseline -0.019 0"><span class='ocrx_word' id='word_1_5' title='bbox 3843 418 3949 471; x_wconf 76' lang='grc' dir='ltr'><strong>’5ίο</strong></span> 
     </span>
    </p>
   </div>
   <div class='ocr_carea' id='block_1_4' title="bbox 728 526 2410 603">
    <p class='ocr_par' dir='ltr' id='par_1_4' title="bbox 728 526 2410 594">
     <span class='ocr_line' id='line_1_4' title="bbox 728 526 2410 594; baseline 0.002 -18"><span class='ocrx_word' id='word_1_6' title='bbox 728 530 908 576; x_wconf 86' lang='lat' dir='ltr'><strong>mento</strong></span> <span class='ocrx_word' id='word_1_7' title='bbox 923 528 1111 574; x_wconf 89' lang='lat' dir='ltr'><strong>eterra</strong></span> <span class='ocrx_word' id='word_1_8' title='bbox 1130 532 1408 577; x_wconf 71' lang='lat' dir='ltr'><strong>constante</strong></span> <span class='ocrx_word' id='word_1_9' title='bbox 1428 526 1787 594; x_wconf 91' lang='lat' dir='ltr'><strong>accipiantur:</strong></span> <span class='ocrx_word' id='word_1_10' title='bbox 1804 527 1919 583; x_wconf 70' lang='lat' dir='ltr'><strong>haec</strong></span> <span class='ocrx_word' id='word_1_11' title='bbox 1936 542 2081 591; x_wconf 86' lang='lat' dir='ltr'><strong>vero,</strong></span> <span class='ocrx_word' id='word_1_12' title='bbox 2102 526 2288 582; x_wconf 81' lang='lat' dir='ltr'><strong>Creata</strong></span> <span class='ocrx_word' id='word_1_13' title='bbox 2319 533 2360 587; x_wconf 79' lang='grc' dir='ltr'><strong>Α</strong></span> <span class='ocrx_word' id='word_1_14' title='bbox 2392 546 2410 580; x_wconf 84' lang='lat' dir='ltr'><strong>c</strong></span> 
     </span>
    </p>
   </div>
   <div class='ocr_carea' id='block_1_5' title="bbox 2273 526 3955 603">
    <p class='ocr_par' dir='ltr' id='par_1_5' title="bbox 2273 531 3955 603">
     <span class='ocr_line' id='line_1_5' title="bbox 2273 531 3955 603; baseline 0.005 -23"><span class='ocrx_word' id='word_1_15' title='bbox 2273 546 2288 580; x_wconf 81' lang='grc' dir='ltr'><strong>ι</strong></span> <span class='ocrx_word' id='word_1_16' title='bbox 2319 533 2360 587; x_wconf 79' lang='grc' dir='ltr'><strong>Α</strong></span> <span class='ocrx_word' id='word_1_17' title='bbox 2392 545 2594 598; x_wconf 86' lang='grc' dir='ltr'>σματος</span> <span class='ocrx_word' id='word_1_18' title='bbox 2621 531 2776 600; x_wconf 79' lang='grc' dir='ltr'>ἡμῶν</span> <span class='ocrx_word' id='word_1_19' title='bbox 2805 532 2897 586; x_wconf 81' lang='grc' dir='ltr'>τοῦ</span> <span class='ocrx_word' id='word_1_20' title='bbox 2930 532 3036 585; x_wconf 83' lang='grc' dir='ltr'><strong>ἀπὸ</strong></span> <span class='ocrx_word' id='word_1_21' title='bbox 3064 533 3163 603; x_wconf 81' lang='grc' dir='ltr'>τῆς</span> <span class='ocrx_word' id='word_1_22' title='bbox 3183 531 3287 603; x_wconf 76' lang='grc' dir='ltr'>γῆς</span> <span class='ocrx_word' id='word_1_23' title='bbox 3311 533 3393 600; x_wconf 81' lang='grc' dir='ltr'>τὸ,</span> <span class='ocrx_word' id='word_1_24' title='bbox 3433 532 3737 603; x_wconf 77' lang='grc' dir='ltr'>Ἐγενήθη·</span> <span class='ocrx_word' id='word_1_25' title='bbox 3771 535 3864 586; x_wconf 69' lang='grc' dir='ltr'><strong>ἐπὶ</strong></span> <span class='ocrx_word' id='word_1_26' title='bbox 3895 537 3955 588; x_wconf 66' lang='grc' dir='ltr'>δὲ</span> 
     </span>
    </p>
   </div>
   <div class='ocr_carea' id='block_1_6' title="bbox 726 613 2283 687">
    <p class='ocr_par' dir='ltr' id='par_1_6' title="bbox 726 613 2283 687">
     <span class='ocr_line' id='line_1_6' title="bbox 726 613 2283 687; baseline 0.004 -23"><span class='ocrx_word' id='word_1_27' title='bbox 726 623 867 674; x_wconf 77' lang='lat' dir='ltr'><strong>sunt,</strong></span> <span class='ocrx_word' id='word_1_28' title='bbox 884 613 947 665; x_wconf 90' lang='lat' dir='ltr'><strong>de</strong></span> <span class='ocrx_word' id='word_1_29' title='bbox 965 615 1140 666; x_wconf 83' lang='lat' dir='ltr'><strong>anima</strong></span> <span class='ocrx_word' id='word_1_30' title='bbox 1160 614 1224 667; x_wconf 90' lang='lat' dir='ltr'><strong>ad</strong></span> <span class='ocrx_word' id='word_1_31' title='bbox 1246 614 1338 667; x_wconf 93' lang='lat' dir='ltr'><strong>Dei</strong></span> <span class='ocrx_word' id='word_1_32' title='bbox 1363 616 1643 687; x_wconf 76' lang='lat' dir='ltr'><strong>imaginem</strong></span> <span class='ocrx_word' id='word_1_33' title='bbox 1664 617 1881 673; x_wconf 87' lang='lat' dir='ltr'><strong>condita</strong></span> <span class='ocrx_word' id='word_1_34' title='bbox 1900 617 2283 687; x_wconf 74' lang='lat' dir='ltr'><strong>intelligantur.</strong></span> 
     </span>
    </p>
   </div>
   <div class='ocr_carea' id='block_1_7' title="bbox 725 701 2289 781">
    <p class='ocr_par' dir='ltr' id='par_1_7' title="bbox 725 701 2289 781">
     <span class='ocr_line' id='line_1_7' title="bbox 725 701 2289 781; baseline 0.006 -26"><span class='ocrx_word' id='word_1_35' title='bbox 725 701 990 780; x_wconf 81' lang='lat' dir='ltr'><strong>Quoniam</strong></span> <span class='ocrx_word' id='word_1_36' title='bbox 1035 720 1162 758; x_wconf 88' lang='lat' dir='ltr'><strong>vero</strong></span> <span class='ocrx_word' id='word_1_37' title='bbox 1190 709 1394 762; x_wconf 86' lang='lat' dir='ltr'><strong>creatio</strong></span> <span class='ocrx_word' id='word_1_38' title='bbox 1427 722 1566 773; x_wconf 66' lang='lat' dir='ltr'><strong>saepe</strong></span> <span class='ocrx_word' id='word_1_39' title='bbox 1611 723 1709 776; x_wconf 87' lang='lat' dir='ltr'><strong>pro</strong></span> <span class='ocrx_word' id='word_1_40' title='bbox 1755 711 1983 781; x_wconf 89' lang='lat' dir='ltr'><strong>quadam</strong></span> <span class='ocrx_word' id='word_1_41' title='bbox 2017 710 2065 762; x_wconf 91' lang='lat' dir='ltr'><strong>in</strong></span> <span class='ocrx_word' id='word_1_42' title='bbox 2100 709 2289 764; x_wconf 87' lang='lat' dir='ltr'><strong>melius</strong></span> 
     </span>
    </p>
   </div>
   <div class='ocr_carea' id='block_1_8' title="bbox 728 797 2290 871">
    <p class='ocr_par' dir='ltr' id='par_1_8' title="bbox 728 797 2290 871">
     <span class='ocr_line' id='line_1_8' title="bbox 728 797 2290 871; baseline 0.006 -26"><span class='ocrx_word' id='word_1_43' title='bbox 728 797 1178 850; x_wconf 79' lang='lat' dir='ltr'><strong>transmutatione</strong></span> <span class='ocrx_word' id='word_1_44' title='bbox 1204 802 1451 863; x_wconf 83' lang='lat' dir='ltr'><strong>sumitur,</strong></span> <span class='ocrx_word' id='word_1_45' title='bbox 1483 809 1539 852; x_wconf 87' lang='lat' dir='ltr'><strong>ut</strong></span> <span class='ocrx_word' id='word_1_46' title='bbox 1563 811 1647 853; x_wconf 91' lang='lat' dir='ltr'><strong>est</strong></span> <span class='ocrx_word' id='word_1_47' title='bbox 1665 802 1789 855; x_wconf 87' lang='lat' dir='ltr'><strong>illttd</strong></span> <span class='ocrx_word' id='word_1_48' title='bbox 1813 802 1906 866; x_wconf 15' lang='lat' dir='ltr'><strong>:ASi</strong></span> <span class='ocrx_word' id='word_1_49' title='bbox 1930 819 2030 871; x_wconf 87' lang='lat' dir='ltr'><strong>qua</strong></span> <span class='ocrx_word' id='word_1_50' title='bbox 2061 801 2116 853; x_wconf 86' lang='lat' dir='ltr'><strong>in</strong></span> <span class='ocrx_word' id='word_1_51' title='bbox 2143 800 2290 854; x_wconf 84' lang='lat' dir='ltr'><strong>Chri-</strong></span> 
     </span>
    </p>
   </div>
   <div class='ocr_carea' id='block_1_9' title="bbox 722 892 2286 957">
    <p class='ocr_par' dir='ltr' id='par_1_9' title="bbox 722 892 2286 957">
     <span class='ocr_line' id='line_1_9' title="bbox 722 892 2286 957; baseline 0.005 -17"><span class='ocrx_word' id='word_1_52' title='bbox 722 899 804 940; x_wconf 74' lang='lat' dir='ltr'><strong>sto</strong></span> <span class='ocrx_word' id='word_1_53' title='bbox 835 905 964 942; x_wconf 79' lang='lat' dir='ltr'><strong>nova</strong></span> <span class='ocrx_word' id='word_1_54' title='bbox 989 902 1234 945; x_wconf 79' lang='lat' dir='ltr'><strong>creatura</strong></span> <span class='ocrx_word' id='word_1_55' title='bbox 1257 894 1334 957; x_wconf 73' lang='lat'><strong>&quot;;</strong></span> <span class='ocrx_word' id='word_1_56' title='bbox 1369 893 1494 945; x_wconf 84' lang='lat' dir='ltr'><strong>item</strong></span> <span class='ocrx_word' id='word_1_57' title='bbox 1533 892 1661 948; x_wconf 90' lang='lat' dir='ltr'><strong>illud</strong></span> <span class='ocrx_word' id='word_1_58' title='bbox 1707 913 1720 948; x_wconf 88' lang='lat'><strong>:</strong></span> <span class='ocrx_word' id='word_1_59' title='bbox 1751 893 1821 948; x_wconf 91' lang='lat' dir='ltr'><strong>Ut</strong></span> <span class='ocrx_word' id='word_1_60' title='bbox 1855 897 1982 947; x_wconf 79' lang='lat' dir='ltr'><strong>duos</strong></span> <span class='ocrx_word' id='word_1_61' title='bbox 2007 905 2202 947; x_wconf 80' lang='lat' dir='ltr'><strong>crearet</strong></span> <span class='ocrx_word' id='word_1_62' title='bbox 2235 896 2286 948; x_wconf 87' lang='lat' dir='ltr'><strong>in</strong></span> 
     </span>
    </p>
   </div>
   <div class='ocr_carea' id='block_1_10' title="bbox 723 984 2282 1051">
    <p class='ocr_par' dir='ltr' id='par_1_10' title="bbox 723 984 2282 1051">
     <span class='ocr_line' id='line_1_10' title="bbox 723 984 2282 1051; baseline 0.004 -21"><span class='ocrx_word' id='word_1_63' title='bbox 723 994 882 1031; x_wconf 79' lang='lat' dir='ltr'><strong>unum</strong></span> <span class='ocrx_word' id='word_1_64' title='bbox 903 996 1087 1035; x_wconf 80' lang='lat' dir='ltr'><strong>novum</strong></span> <span class='ocrx_word' id='word_1_65' title='bbox 1114 986 1370 1037; x_wconf 80' lang='lat' dir='ltr'><strong>hominem</strong></span> <span class='ocrx_word' id='word_1_66' title='bbox 1393 984 1438 1015; x_wconf 82' lang='grc'><strong>⁷⁷</strong></span> <span class='ocrx_word' id='word_1_67' title='bbox 1463 1003 1475 1039; x_wconf 91' lang='lat'><strong>:</strong></span> <span class='ocrx_word' id='word_1_68' title='bbox 1507 986 1750 1040; x_wconf 78' lang='lat' dir='ltr'><strong>fortassis</strong></span> <span class='ocrx_word' id='word_1_69' title='bbox 1780 987 1931 1051; x_wconf 86' lang='lat' dir='ltr'><strong>illud,</strong></span> <span class='ocrx_word' id='word_1_70' title='bbox 1953 984 2121 1038; x_wconf 86' lang='lat' dir='ltr'><strong>Facta</strong></span> <span class='ocrx_word' id='word_1_71' title='bbox 2141 997 2282 1038; x_wconf 78' lang='lat' dir='ltr'><strong>sunt.</strong></span> 
     </span>
    </p>
   </div>
   <div class='ocr_carea' id='block_1_11' title="bbox 724 1072 2281 1145">
    <p class='ocr_par' dir='ltr' id='par_1_11' title="bbox 724 1072 2281 1145">
     <span class='ocr_line' id='line_1_11' title="bbox 724 1072 2281 1145; baseline 0.003 -20"><span class='ocrx_word' id='word_1_72' title='bbox 724 1072 790 1126; x_wconf 92' lang='lat' dir='ltr'><strong>de</strong></span> <span class='ocrx_word' id='word_1_73' title='bbox 813 1075 982 1141; x_wconf 79' lang='lat' dir='ltr'><strong>prima</strong></span> <span class='ocrx_word' id='word_1_74' title='bbox 1039 1077 1266 1130; x_wconf 85' lang='lat' dir='ltr'><strong>hominis</strong></span> <span class='ocrx_word' id='word_1_75' title='bbox 1307 1080 1680 1145; x_wconf 89' lang='lat' dir='ltr'><strong>procreatione</strong></span> <span class='ocrx_word' id='word_1_76' title='bbox 1715 1078 1913 1130; x_wconf 87' lang='lat' dir='ltr'><strong>dicitur</strong></span> <span class='ocrx_word' id='word_1_77' title='bbox 1951 1096 1965 1131; x_wconf 91' lang='lat'><strong>:</strong></span> <span class='ocrx_word' id='word_1_78' title='bbox 2001 1080 2102 1131; x_wconf 89' lang='lat' dir='ltr'><strong>hoc</strong></span> <span class='ocrx_word' id='word_1_79' title='bbox 2132 1093 2281 1143; x_wconf 90' lang='lat' dir='ltr'><strong>vero,</strong></span> 
     </span>
    </p>
   </div>
   <div class='ocr_carea' id='block_1_12' title="bbox 723 1158 2286 1235">
    <p class='ocr_par' dir='ltr' id='par_1_12' title="bbox 723 1158 2286 1235">
     <span class='ocr_line' id='line_1_12' title="bbox 723 1158 2286 1235; baseline 0.004 -20"><span class='ocrx_word' id='word_1_80' title='bbox 723 1158 910 1215; x_wconf 84' lang='lat' dir='ltr'><strong>Creata</strong></span> <span class='ocrx_word' id='word_1_81' title='bbox 932 1174 1073 1226; x_wconf 75' lang='lat' dir='ltr'><strong>sunt,</strong></span> <span class='ocrx_word' id='word_1_82' title='bbox 1098 1165 1162 1216; x_wconf 89' lang='lat' dir='ltr'><strong>de</strong></span> <span class='ocrx_word' id='word_1_83' title='bbox 1180 1169 1411 1220; x_wconf 86' lang='lat' dir='ltr'><strong>secunda</strong></span> <span class='ocrx_word' id='word_1_84' title='bbox 1431 1184 1523 1235; x_wconf 92' lang='lat' dir='ltr'><strong>per</strong></span> <span class='ocrx_word' id='word_1_85' title='bbox 1539 1165 1736 1219; x_wconf 75' lang='lat' dir='ltr'><strong>Christi</strong></span> <span class='ocrx_word' id='word_1_86' title='bbox 1759 1168 1986 1234; x_wconf 77' lang='lat' dir='ltr'><strong>gratiam</strong></span> <span class='ocrx_word' id='word_1_87' title='bbox 2007 1183 2286 1234; x_wconf 82' lang='lat' dir='ltr'><strong>regenera-</strong></span> 
     </span>
    </p>
   </div>
   <div class='ocr_carea' id='block_1_13' title="bbox 723 1251 2287 1325">
    <p class='ocr_par' dir='ltr' id='par_1_13' title="bbox 723 1251 2287 1325">
     <span class='ocr_line' id='line_1_13' title="bbox 723 1251 2287 1325; baseline 0.005 -22"><span class='ocrx_word' id='word_1_88' title='bbox 723 1251 890 1319; x_wconf 69' lang='lat' dir='ltr'><strong>tione.</strong></span> <span class='ocrx_word' id='word_1_89' title='bbox 925 1252 1190 1317; x_wconf 87' lang='lat' dir='ltr'><strong>Quantum</strong></span> <span class='ocrx_word' id='word_1_90' title='bbox 1231 1268 1413 1311; x_wconf 88' lang='lat' dir='ltr'><strong>autem</strong></span> <span class='ocrx_word' id='word_1_91' title='bbox 1453 1257 1687 1309; x_wconf 84' lang='lat' dir='ltr'><strong>sermoni</strong></span> <span class='ocrx_word' id='word_1_92' title='bbox 1723 1258 1862 1310; x_wconf 91' lang='lat' dir='ltr'><strong>nudo</strong></span> <span class='ocrx_word' id='word_1_93' title='bbox 1906 1267 2122 1325; x_wconf 79' lang='lat' dir='ltr'><strong>praestat</strong></span> <span class='ocrx_word' id='word_1_94' title='bbox 2158 1273 2287 1324; x_wconf 67' lang='lat' dir='ltr'><strong>prae-</strong></span> 
     </span>
    </p>
   </div>
   <div class='ocr_carea' id='block_1_14' title="bbox 723 1347 2279 1418">
    <p class='ocr_par' dir='ltr' id='par_1_14' title="bbox 723 1347 2279 1418">
     <span class='ocr_line' id='line_1_14' title="bbox 723 1347 2279 1418; baseline 0.006 -21"><span class='ocrx_word' id='word_1_95' title='bbox 723 1357 935 1412; x_wconf 91' lang='lat' dir='ltr'><strong>ceptum</strong></span> <span class='ocrx_word' id='word_1_96' title='bbox 980 1347 1090 1410; x_wconf 89' lang='lat' dir='ltr'><strong>Dei,</strong></span> <span class='ocrx_word' id='word_1_97' title='bbox 1136 1358 1338 1401; x_wconf 89' lang='lat' dir='ltr'><strong>tantum</strong></span> <span class='ocrx_word' id='word_1_98' title='bbox 1374 1348 1576 1402; x_wconf 90' lang='lat' dir='ltr'><strong>creatio</strong></span> <span class='ocrx_word' id='word_1_99' title='bbox 1624 1350 1955 1418; x_wconf 87' lang='lat' dir='ltr'><strong>generationi</strong></span> <span class='ocrx_word' id='word_1_100' title='bbox 1988 1350 2279 1407; x_wconf 76' lang='lat' dir='ltr'><strong>antecellit.</strong></span> 
     </span>
    </p>
   </div>
   <div class='ocr_carea' id='block_1_15' title="bbox 721 1437 2288 1510">
    <p class='ocr_par' dir='ltr' id='par_1_15' title="bbox 721 1437 2288 1510">
     <span class='ocr_line' id='line_1_15' title="bbox 721 1437 2288 1510; baseline 0.005 -19"><span class='ocrx_word' id='word_1_101' title='bbox 721 1437 991 1493; x_wconf 64' lang='lat' dir='ltr'><strong>VEBSJO.</strong></span> <span class='ocrx_word' id='word_1_102' title='bbox 1028 1440 1276 1495; x_wconf 80' lang='lat' dir='ltr'><strong>Dominus</strong></span> <span class='ocrx_word' id='word_1_103' title='bbox 1308 1442 1532 1502; x_wconf 75' lang='lat' dir='ltr'><strong>dissipat</strong></span> <span class='ocrx_word' id='word_1_104' title='bbox 1577 1444 1790 1494; x_wconf 81' lang='lat' dir='ltr'><strong>consilia</strong></span> <span class='ocrx_word' id='word_1_105' title='bbox 1820 1445 2085 1510; x_wconf 85' lang='lat' dir='ltr'><strong>gentium;</strong></span> <span class='ocrx_word' id='word_1_106' title='bbox 2117 1461 2288 1509; x_wconf 78' lang='lat' dir='ltr'><strong>repro-</strong></span> 
     </span>
    </p>
   </div>
   <div class='ocr_carea' id='block_1_16' title="bbox 723 1533 2285 1606">
    <p class='ocr_par' dir='ltr' id='par_1_16' title="bbox 723 1533 2285 1606">
     <span class='ocr_line' id='line_1_16' title="bbox 723 1533 2285 1606; baseline 0.004 -20"><span class='ocrx_word' id='word_1_107' title='bbox 723 1533 807 1586; x_wconf 79' lang='lat' dir='ltr'><strong>bat</strong></span> <span class='ocrx_word' id='word_1_108' title='bbox 836 1544 1007 1588; x_wconf 85' lang='lat' dir='ltr'><strong>autem</strong></span> <span class='ocrx_word' id='word_1_109' title='bbox 1035 1536 1370 1602; x_wconf 80' lang='lat' dir='ltr'><strong>cogitationes</strong></span> <span class='ocrx_word' id='word_1_110' title='bbox 1399 1536 1727 1603; x_wconf 73' lang='lat' dir='ltr'><strong>pt-pttlorum.</strong></span> <span class='ocrx_word' id='word_1_111' title='bbox 1760 1536 2033 1604; x_wconf 80' lang='lat' dir='ltr'><strong>Expositio</strong></span> <span class='ocrx_word' id='word_1_112' title='bbox 2056 1549 2135 1590; x_wconf 91' lang='lat' dir='ltr'><strong>est</strong></span> <span class='ocrx_word' id='word_1_113' title='bbox 2157 1554 2285 1606; x_wconf 68' lang='lat' dir='ltr'><strong>pra:-</strong></span> 
     </span>
    </p>
   </div>
   <div class='ocr_carea' id='block_1_17' title="bbox 721 1627 2281 1696">
    <p class='ocr_par' dir='ltr' id='par_1_17' title="bbox 721 1627 2281 1696">
     <span class='ocr_line' id='line_1_17' title="bbox 721 1627 2281 1696; baseline 0.002 -15"><span class='ocrx_word' id='word_1_114' title='bbox 721 1627 980 1690; x_wconf 87' lang='lat' dir='ltr'><strong>cedentis,</strong></span> <span class='ocrx_word' id='word_1_115' title='bbox 1018 1628 1284 1688; x_wconf 87' lang='lat' dir='ltr'><strong>quomodo</strong></span> <span class='ocrx_word' id='word_1_116' title='bbox 1316 1630 1450 1680; x_wconf 87' lang='lat' dir='ltr'><strong>Deus</strong></span> <span class='ocrx_word' id='word_1_117' title='bbox 1480 1629 1531 1679; x_wconf 92' lang='lat' dir='ltr'><strong>in</strong></span> <span class='ocrx_word' id='word_1_118' title='bbox 1569 1642 1626 1679; x_wconf 83' lang='lat' dir='ltr'><strong>se</strong></span> <span class='ocrx_word' id='word_1_119' title='bbox 1669 1631 1949 1681; x_wconf 78' lang='lat' dir='ltr'><strong>credentes</strong></span> <span class='ocrx_word' id='word_1_120' title='bbox 1997 1635 2281 1696; x_wconf 86' lang='lat' dir='ltr'><strong>creaverit,</strong></span> 
     </span>
    </p>
   </div>
   <div class='ocr_carea' id='block_1_18' title="bbox 721 1720 2283 1792">
    <p class='ocr_par' dir='ltr' id='par_1_18' title="bbox 721 1720 2283 1792">
     <span class='ocr_line' id='line_1_18' title="bbox 721 1720 2283 1792; baseline 0.001 -17"><span class='ocrx_word' id='word_1_121' title='bbox 721 1737 786 1776; x_wconf 81' lang='lat' dir='ltr'><strong>ex</strong></span> <span class='ocrx_word' id='word_1_122' title='bbox 810 1736 872 1774; x_wconf 93' lang='lat' dir='ltr'><strong>co</strong></span> <span class='ocrx_word' id='word_1_123' title='bbox 896 1721 1036 1788; x_wconf 90' lang='lat' dir='ltr'><strong>quod</strong></span> <span class='ocrx_word' id='word_1_124' title='bbox 1064 1721 1223 1773; x_wconf 86' lang='lat' dir='ltr'><strong>stulta</strong></span> <span class='ocrx_word' id='word_1_125' title='bbox 1259 1720 1574 1786; x_wconf 89' lang='lat' dir='ltr'><strong>populorum</strong></span> <span class='ocrx_word' id='word_1_126' title='bbox 1601 1721 1822 1773; x_wconf 76' lang='lat' dir='ltr'><strong>consilia</strong></span> <span class='ocrx_word' id='word_1_127' title='bbox 1852 1721 2137 1790; x_wconf 87' lang='lat' dir='ltr'><strong>dispersit,</strong></span> <span class='ocrx_word' id='word_1_128' title='bbox 2167 1739 2283 1792; x_wconf 80' lang='lat' dir='ltr'><strong>qua:</strong></span> 
     </span>
    </p>
   </div>
   <div class='ocr_carea' id='block_1_19' title="bbox 721 1812 2277 1882">
    <p class='ocr_par' dir='ltr' id='par_1_19' title="bbox 721 1812 2277 1882">
     <span class='ocr_line' id='line_1_19' title="bbox 721 1812 2277 1882; baseline 0.001 -16"><span class='ocrx_word' id='word_1_129' title='bbox 721 1828 882 1880; x_wconf 86' lang='lat' dir='ltr'><strong>super</strong></span> <span class='ocrx_word' id='word_1_130' title='bbox 938 1813 1238 1866; x_wconf 83' lang='lat' dir='ltr'><strong>idololatria</strong></span> <span class='ocrx_word' id='word_1_131' title='bbox 1286 1812 1641 1879; x_wconf 80' lang='lat' dir='ltr'><strong>universaque</strong></span> <span class='ocrx_word' id='word_1_132' title='bbox 1671 1814 1910 1868; x_wconf 80' lang='lat' dir='ltr'><strong>vanitate</strong></span> <span class='ocrx_word' id='word_1_133' title='bbox 1960 1816 2277 1882; x_wconf 89' lang='lat' dir='ltr'><strong>habuerunt,</strong></span> 
     </span>
    </p>
   </div>
   <div class='ocr_carea' id='block_1_20' title="bbox 719 1903 2282 1971">
    <p class='ocr_par' dir='ltr' id='par_1_20' title="bbox 719 1903 2282 1971">
     <span class='ocr_line' id='line_1_20' title="bbox 719 1903 2282 1971; baseline 0.001 -14"><span class='ocrx_word' id='word_1_134' title='bbox 719 1912 771 1957; x_wconf 89' lang='lat' dir='ltr'><strong>et</strong></span> <span class='ocrx_word' id='word_1_135' title='bbox 814 1918 877 1956; x_wconf 81' lang='lat' dir='ltr'><strong>ex</strong></span> <span class='ocrx_word' id='word_1_136' title='bbox 910 1918 974 1956; x_wconf 91' lang='lat' dir='ltr'><strong>eo</strong></span> <span class='ocrx_word' id='word_1_137' title='bbox 1003 1903 1142 1971; x_wconf 87' lang='lat' dir='ltr'><strong>quod</strong></span> <span class='ocrx_word' id='word_1_138' title='bbox 1171 1903 1419 1969; x_wconf 88' lang='lat' dir='ltr'><strong>reprobat</strong></span> <span class='ocrx_word' id='word_1_139' title='bbox 1445 1903 1670 1956; x_wconf 85' lang='lat' dir='ltr'><strong>consilia</strong></span> <span class='ocrx_word' id='word_1_140' title='bbox 1704 1904 2025 1971; x_wconf 84' lang='lat' dir='ltr'><strong>principum.</strong></span> <span class='ocrx_word' id='word_1_141' title='bbox 2054 1905 2282 1959; x_wconf 87' lang='lat' dir='ltr'><strong>Possunt</strong></span> 
     </span>
    </p>
   </div>
   <div class='ocr_carea' id='block_1_21' title="bbox 719 1995 2281 2064">
    <p class='ocr_par' dir='ltr' id='par_1_21' title="bbox 719 1995 2281 2064">
     <span class='ocr_line' id='line_1_21' title="bbox 719 1995 2281 2064; baseline 0.002 -16"><span class='ocrx_word' id='word_1_142' title='bbox 719 2005 902 2048; x_wconf 85' lang='lat' dir='ltr'><strong>autem</strong></span> <span class='ocrx_word' id='word_1_143' title='bbox 937 1996 1049 2048; x_wconf 69' lang='lat' dir='ltr'><strong>haec</strong></span> <span class='ocrx_word' id='word_1_144' title='bbox 1081 2006 1136 2048; x_wconf 88' lang='lat' dir='ltr'><strong>et</strong></span> <span class='ocrx_word' id='word_1_145' title='bbox 1169 1999 1232 2045; x_wconf 86' lang='lat' dir='ltr'><strong>ad</strong></span> <span class='ocrx_word' id='word_1_146' title='bbox 1290 1997 1552 2063; x_wconf 77' lang='lat' dir='ltr'><strong>passionis</strong></span> <span class='ocrx_word' id='word_1_147' title='bbox 1592 2007 1798 2060; x_wconf 86' lang='lat' dir='ltr'><strong>tempus</strong></span> <span class='ocrx_word' id='word_1_148' title='bbox 1826 1995 2035 2060; x_wconf 78' lang='lat' dir='ltr'><strong>referri,</strong></span> <span class='ocrx_word' id='word_1_149' title='bbox 2068 1999 2281 2064; x_wconf 87' lang='lat' dir='ltr'><strong>quando</strong></span> 
     </span>
    </p>
   </div>
   <div class='ocr_carea' id='block_1_22' title="bbox 717 2083 2282 2155">
    <p class='ocr_par' dir='ltr' id='par_1_22' title="bbox 717 2083 2282 2155">
     <span class='ocr_line' id='line_1_22' title="bbox 717 2083 2282 2155; baseline 0.001 -15"><span class='ocrx_word' id='word_1_150' title='bbox 717 2086 771 2140; x_wconf 88' lang='lat' dir='ltr'><strong>hi</strong></span> <span class='ocrx_word' id='word_1_151' title='bbox 795 2087 1009 2154; x_wconf 78' lang='lat' dir='ltr'><strong>quidem</strong></span> <span class='ocrx_word' id='word_1_152' title='bbox 1035 2086 1287 2152; x_wconf 81' lang='lat' dir='ltr'><strong>putabant</strong></span> <span class='ocrx_word' id='word_1_153' title='bbox 1325 2101 1383 2138; x_wconf 90' lang='lat' dir='ltr'><strong>se</strong></span> <span class='ocrx_word' id='word_1_154' title='bbox 1415 2083 1730 2151; x_wconf 79' lang='lat' dir='ltr'><strong>cruciﬁgere</strong></span> <span class='ocrx_word' id='word_1_155' title='bbox 1758 2100 1936 2155; x_wconf 89' lang='lat' dir='ltr'><strong>regem</strong></span> <span class='ocrx_word' id='word_1_156' title='bbox 1970 2086 2174 2154; x_wconf 63' lang='lat' dir='ltr'><strong>gloriae,</strong></span> <span class='ocrx_word' id='word_1_157' title='bbox 2196 2087 2282 2142; x_wconf 91' lang='lat' dir='ltr'><strong>ille</strong></span> 
     </span>
    </p>
   </div>
   <div class='ocr_carea' id='block_1_23' title="bbox 714 2176 2283 2246">
    <p class='ocr_par' dir='ltr' id='par_1_23' title="bbox 714 2176 2283 2246">
     <span class='ocr_line' id='line_1_23' title="bbox 714 2176 2283 2246; baseline 0.003 -17"><span class='ocrx_word' id='word_1_158' title='bbox 714 2191 844 2231; x_wconf 81' lang='lat' dir='ltr'><strong>vero</strong></span> <span class='ocrx_word' id='word_1_159' title='bbox 872 2192 963 2246; x_wconf 86' lang='lat' dir='ltr'><strong>per</strong></span> <span class='ocrx_word' id='word_1_160' title='bbox 986 2178 1158 2231; x_wconf 86' lang='lat' dir='ltr'><strong>crucis</strong></span> <span class='ocrx_word' id='word_1_161' title='bbox 1188 2176 1640 2241; x_wconf 81' lang='lat' dir='ltr'><strong>dispensationem</strong></span> <span class='ocrx_word' id='word_1_162' title='bbox 1679 2191 1848 2243; x_wconf 88' lang='lat' dir='ltr'><strong>genus</strong></span> <span class='ocrx_word' id='word_1_163' title='bbox 1882 2179 2157 2232; x_wconf 84' lang='lat' dir='ltr'><strong>hominum</strong></span> <span class='ocrx_word' id='word_1_164' title='bbox 2199 2195 2283 2234; x_wconf 86' lang='lat' dir='ltr'><strong>re-</strong></span> 
     </span>
    </p>
   </div>
   <div class='ocr_carea' id='block_1_24' title="bbox 715 2263 2284 2336">
    <p class='ocr_par' dir='ltr' id='par_1_24' title="bbox 715 2263 2284 2336">
     <span class='ocr_line' id='line_1_24' title="bbox 715 2263 2284 2336; baseline 0.003 -19"><span class='ocrx_word' id='word_1_165' title='bbox 715 2266 970 2317; x_wconf 83' lang='lat' dir='ltr'><strong>novabat.</strong></span> <span class='ocrx_word' id='word_1_166' title='bbox 1005 2263 1211 2316; x_wconf 82' lang='lat' dir='ltr'><strong>Etenim</strong></span> <span class='ocrx_word' id='word_1_167' title='bbox 1269 2263 1319 2315; x_wconf 92' lang='lat' dir='ltr'><strong>in</strong></span> <span class='ocrx_word' id='word_1_168' title='bbox 1380 2265 1794 2328; x_wconf 87' lang='lat' dir='ltr'><strong>resurrectione,</strong></span> <span class='ocrx_word' id='word_1_169' title='bbox 1820 2277 1876 2319; x_wconf 88' lang='lat' dir='ltr'><strong>ut</strong></span> <span class='ocrx_word' id='word_1_170' title='bbox 1917 2266 2284 2336; x_wconf 88' lang='lat' dir='ltr'><strong>dissipabatur</strong></span> 
     </span>
    </p>
   </div>
   <div class='ocr_carea' id='block_1_25' title="bbox 721 2355 2278 2426">
    <p class='ocr_par' dir='ltr' id='par_1_25' title="bbox 721 2355 2278 2426">
     <span class='ocr_line' id='line_1_25' title="bbox 721 2355 2278 2426; baseline 0.003 -18"><span class='ocrx_word' id='word_1_171' title='bbox 721 2356 994 2408; x_wconf 77' lang='lat' dir='ltr'><strong>consilium</strong></span> <span class='ocrx_word' id='word_1_172' title='bbox 1019 2355 1278 2422; x_wconf 91' lang='lat' dir='ltr'><strong>gentium,</strong></span> <span class='ocrx_word' id='word_1_173' title='bbox 1307 2355 1456 2408; x_wconf 85' lang='lat' dir='ltr'><strong>Pilati</strong></span> <span class='ocrx_word' id='word_1_174' title='bbox 1475 2367 1525 2410; x_wconf 86' lang='lat' dir='ltr'><strong>et</strong></span> <span class='ocrx_word' id='word_1_175' title='bbox 1543 2357 1788 2421; x_wconf 87' lang='lat' dir='ltr'><strong>militum,</strong></span> <span class='ocrx_word' id='word_1_176' title='bbox 1828 2357 2278 2426; x_wconf 76' lang='lat' dir='ltr'><strong>reliquorumque,</strong></span> 
     </span>
    </p>
   </div>
   <div class='ocr_carea' id='block_1_26' title="bbox 721 2446 2280 2515">
    <p class='ocr_par' dir='ltr' id='par_1_26' title="bbox 721 2446 2280 2515">
     <span class='ocr_line' id='line_1_26' title="bbox 721 2446 2280 2515; baseline 0.004 -17"><span class='ocrx_word' id='word_1_177' title='bbox 721 2455 972 2515; x_wconf 52' lang='lat' dir='ltr'><strong>quotquot</strong></span> <span class='ocrx_word' id='word_1_178' title='bbox 1009 2446 1191 2499; x_wconf 90' lang='lat' dir='ltr'><strong>crucis</strong></span> <span class='ocrx_word' id='word_1_179' title='bbox 1220 2447 1538 2515; x_wconf 89' lang='lat' dir='ltr'><strong>supplicium</strong></span> <span class='ocrx_word' id='word_1_180' title='bbox 1583 2448 1883 2501; x_wconf 79' lang='lat' dir='ltr'><strong>inferebant</strong></span> <span class='ocrx_word' id='word_1_181' title='bbox 1914 2466 1928 2501; x_wconf 89' lang='lat'><strong>:</strong></span> <span class='ocrx_word' id='word_1_182' title='bbox 1956 2453 2025 2502; x_wconf 90' lang='lat' dir='ltr'><strong>ita</strong></span> <span class='ocrx_word' id='word_1_183' title='bbox 2058 2451 2280 2506; x_wconf 76' lang='lat' dir='ltr'><strong>consilia</strong></span> 
     </span>
    </p>
   </div>
   <div class='ocr_carea' id='block_1_27' title="bbox 721 2538 2282 2612">
    <p class='ocr_par' dir='ltr' id='par_1_27' title="bbox 721 2538 2282 2612">
     <span class='ocr_line' id='line_1_27' title="bbox 721 2538 2282 2612; baseline 0.005 -22"><span class='ocrx_word' id='word_1_184' title='bbox 721 2539 1040 2608; x_wconf 73' lang='lat' dir='ltr'><strong>principum,</strong></span> <span class='ocrx_word' id='word_1_185' title='bbox 1068 2538 1400 2608; x_wconf 81' lang='lat' dir='ltr'><strong>pontiﬁcum,</strong></span> <span class='ocrx_word' id='word_1_186' title='bbox 1441 2539 1849 2609; x_wconf 87' lang='lat' dir='ltr'><strong>scribarumque</strong></span> <span class='ocrx_word' id='word_1_187' title='bbox 1883 2553 1935 2595; x_wconf 91' lang='lat' dir='ltr'><strong>et</strong></span> <span class='ocrx_word' id='word_1_188' title='bbox 1968 2557 2151 2611; x_wconf 89' lang='lat' dir='ltr'><strong>regum</strong></span> <span class='ocrx_word' id='word_1_189' title='bbox 2186 2558 2282 2612; x_wconf 91' lang='lat' dir='ltr'><strong>po-</strong></span> 
     </span>
    </p>
   </div>
   <div class='ocr_carea' id='block_1_28' title="bbox 722 2628 2279 2698">
    <p class='ocr_par' dir='ltr' id='par_1_28' title="bbox 722 2628 2279 2698">
     <span class='ocr_line' id='line_1_28' title="bbox 722 2628 2279 2698; baseline 0.004 -18"><span class='ocrx_word' id='word_1_190' title='bbox 722 2629 827 2698; x_wconf 87' lang='lat' dir='ltr'><strong>puli</strong></span> <span class='ocrx_word' id='word_1_191' title='bbox 861 2631 1306 2697; x_wconf 72' lang='lat' dir='ltr'><strong>reprobabantur.</strong></span> <span class='ocrx_word' id='word_1_192' title='bbox 1344 2628 1688 2685; x_wconf 83' lang='lat' dir='ltr'><strong>Resurrectio</strong></span> <span class='ocrx_word' id='word_1_193' title='bbox 1725 2632 1867 2685; x_wconf 92' lang='lat' dir='ltr'><strong>enim</strong></span> <span class='ocrx_word' id='word_1_194' title='bbox 1900 2647 2059 2686; x_wconf 87' lang='lat' dir='ltr'><strong>omne</strong></span> <span class='ocrx_word' id='word_1_195' title='bbox 2095 2647 2279 2686; x_wconf 91' lang='lat' dir='ltr'><strong>eorum</strong></span> 
     </span>
    </p>
   </div>
   <div class='ocr_carea' id='block_1_29' title="bbox 721 2707 2283 2792">
    <p class='ocr_par' dir='ltr' id='par_1_29' title="bbox 721 2707 2283 2792">
     <span class='ocr_line' id='line_1_29' title="bbox 721 2707 2283 2792; baseline 0.005 -20"><span class='ocrx_word' id='word_1_196' title='bbox 721 2721 1003 2774; x_wconf 63' lang='lat' dir='ltr'><strong>artificium</strong></span> <span class='ocrx_word' id='word_1_197' title='bbox 1044 2722 1306 2776; x_wconf 84' lang='lat' dir='ltr'><strong>dissolvit.</strong></span> <span class='ocrx_word' id='word_1_198' title='bbox 1336 2722 1485 2787; x_wconf 83' lang='lat' dir='ltr'><strong>Quod</strong></span> <span class='ocrx_word' id='word_1_199' title='bbox 1513 2725 1556 2775; x_wconf 82' lang='lat' dir='ltr'><strong>si</strong></span> <span class='ocrx_word' id='word_1_200' title='bbox 1599 2724 1650 2776; x_wconf 93' lang='lat' dir='ltr'><strong>in</strong></span> <span class='ocrx_word' id='word_1_201' title='bbox 1682 2725 1907 2792; x_wconf 79' lang='lat' dir='ltr'><strong>singulis</strong></span> <span class='ocrx_word' id='word_1_202' title='bbox 1932 2726 2170 2779; x_wconf 85' lang='lat' dir='ltr'><strong>historiis</strong></span> <span class='ocrx_word' id='word_1_203' title='bbox 2199 2707 2283 2780; x_wconf 79' lang='lat' dir='ltr'><strong>re-</strong></span> 
     </span>
    </p>
   </div>
   <div class='ocr_carea' id='block_1_30' title="bbox 721 2813 2278 2882">
    <p class='ocr_par' dir='ltr' id='par_1_30' title="bbox 721 2813 2278 2882">
     <span class='ocr_line' id='line_1_30' title="bbox 721 2813 2278 2882; baseline 0.005 -19"><span class='ocrx_word' id='word_1_204' title='bbox 721 2813 910 2880; x_wconf 83' lang='lat' dir='ltr'><strong>legeris</strong></span> <span class='ocrx_word' id='word_1_205' title='bbox 947 2828 1064 2880; x_wconf 69' lang='lat' dir='ltr'><strong>quae</strong></span> <span class='ocrx_word' id='word_1_206' title='bbox 1092 2815 1231 2866; x_wconf 88' lang='lat' dir='ltr'><strong>Dens</strong></span> <span class='ocrx_word' id='word_1_207' title='bbox 1259 2815 1425 2879; x_wconf 86' lang='lat' dir='ltr'><strong>gessit</strong></span> <span class='ocrx_word' id='word_1_208' title='bbox 1470 2829 1594 2882; x_wconf 65' lang='lat' dir='ltr'><strong>erga</strong></span> <span class='ocrx_word' id='word_1_209' title='bbox 1650 2815 1891 2869; x_wconf 80' lang='lat' dir='ltr'><strong>inﬁdeles</strong></span> <span class='ocrx_word' id='word_1_210' title='bbox 1936 2827 2139 2882; x_wconf 82' lang='lat' dir='ltr'><strong>gentes,</strong></span> <span class='ocrx_word' id='word_1_211' title='bbox 2173 2819 2278 2871; x_wconf 88' lang='lat' dir='ltr'><strong>vim</strong></span> 
     </span>
    </p>
   </div>
   <div class='ocr_carea' id='block_1_31' title="bbox 719 2904 2279 2975">
    <p class='ocr_par' dir='ltr' id='par_1_31' title="bbox 719 2904 2279 2975">
     <span class='ocr_line' id='line_1_31' title="bbox 719 2904 2279 2975; baseline 0.003 -19"><span class='ocrx_word' id='word_1_212' title='bbox 719 2905 934 2957; x_wconf 90' lang='lat' dir='ltr'><strong>multam</strong></span> <span class='ocrx_word' id='word_1_213' title='bbox 977 2908 1129 2971; x_wconf 82' lang='lat' dir='ltr'><strong>juxta</strong></span> <span class='ocrx_word' id='word_1_214' title='bbox 1187 2904 1520 2972; x_wconf 80' lang='lat' dir='ltr'><strong>corporalem</strong></span> <span class='ocrx_word' id='word_1_215' title='bbox 1563 2906 1725 2958; x_wconf 84' lang='lat' dir='ltr'><strong>etiam</strong></span> <span class='ocrx_word' id='word_1_216' title='bbox 1775 2907 2178 2975; x_wconf 79' lang='lat' dir='ltr'><strong>intelligentiam</strong></span> <span class='ocrx_word' id='word_1_217' title='bbox 2229 2912 2279 2962; x_wconf 91' lang='lat' dir='ltr'><strong>in</strong></span> 
     </span>
    </p>
   </div>
   <div class='ocr_carea' id='block_1_32' title="bbox 719 2995 2276 3063">
    <p class='ocr_par' dir='ltr' id='par_1_32' title="bbox 719 2995 2276 3063">
     <span class='ocr_line' id='line_1_32' title="bbox 719 2995 2276 3063; baseline 0.002 -15"><span class='ocrx_word' id='word_1_218' title='bbox 719 2995 799 3048; x_wconf 82' lang='lat' dir='ltr'><strong>uis</strong></span> <span class='ocrx_word' id='word_1_219' title='bbox 842 2996 1020 3049; x_wconf 81' lang='lat' dir='ltr'><strong>verbis</strong></span> <span class='ocrx_word' id='word_1_220' title='bbox 1073 2996 1249 3050; x_wconf 89' lang='lat' dir='ltr'><strong>inesse</strong></span> <span class='ocrx_word' id='word_1_221' title='bbox 1291 2997 1612 3063; x_wconf 84' lang='lat' dir='ltr'><strong>comperics.</strong></span> <span class='ocrx_word' id='word_1_222' title='bbox 1660 2996 1883 3062; x_wconf 78' lang='lat' dir='ltr'><strong>Quando</strong></span> <span class='ocrx_word' id='word_1_223' title='bbox 1918 2999 2059 3052; x_wconf 91' lang='lat' dir='ltr'><strong>enim</strong></span> <span class='ocrx_word' id='word_1_224' title='bbox 2095 2996 2276 3052; x_wconf 84' lang='lat' dir='ltr'><strong>Joram</strong></span> 
     </span>
    </p>
   </div>
   <div class='ocr_carea' id='block_1_33' title="bbox 719 3089 2278 3162">
    <p class='ocr_par' dir='ltr' id='par_1_33' title="bbox 719 3089 2278 3162">
     <span class='ocr_line' id='line_1_33' title="bbox 719 3089 2278 3162; baseline 0.001 -20"><span class='ocrx_word' id='word_1_225' title='bbox 719 3089 857 3143; x_wconf 75' lang='lat' dir='ltr'><strong>ﬁlius</strong></span> <span class='ocrx_word' id='word_1_226' title='bbox 889 3090 1107 3144; x_wconf 76' lang='lat' dir='ltr'><strong>Acliaali</strong></span> <span class='ocrx_word' id='word_1_227' title='bbox 1144 3091 1386 3159; x_wconf 83' lang='lat' dir='ltr'><strong>regnavit</strong></span> <span class='ocrx_word' id='word_1_228' title='bbox 1438 3090 1488 3142; x_wconf 91' lang='lat' dir='ltr'><strong>in</strong></span> <span class='ocrx_word' id='word_1_229' title='bbox 1536 3089 1724 3151; x_wconf 85' lang='lat' dir='ltr'><strong>Israel,</strong></span> <span class='ocrx_word' id='word_1_230' title='bbox 1796 3104 1923 3145; x_wconf 91' lang='lat' dir='ltr'><strong>tunc</strong></span> <span class='ocrx_word' id='word_1_231' title='bbox 1975 3107 2068 3145; x_wconf 78' lang='lat' dir='ltr'><strong>rex</strong></span> <span class='ocrx_word' id='word_1_232' title='bbox 2110 3089 2278 3162; x_wconf 62' lang='lat' dir='ltr'><strong>Syrias</strong></span> 
     </span>
    </p>
   </div>
   <div class='ocr_carea' id='block_1_34' title="bbox 2385 623 3951 698">
    <p class='ocr_par' dir='ltr' id='par_1_34' title="bbox 2385 623 3951 698">
     <span class='ocr_line' id='line_1_34' title="bbox 2385 623 3951 698; baseline 0.004 -25"><span class='ocrx_word' id='word_1_233' title='bbox 2385 623 2485 691; x_wconf 82' lang='grc' dir='ltr'>τῆς</span> <span class='ocrx_word' id='word_1_234' title='bbox 2520 626 2636 676; x_wconf 89' lang='grc' dir='ltr'>κατ’</span> <span class='ocrx_word' id='word_1_235' title='bbox 2670 624 2852 678; x_wconf 82' lang='grc' dir='ltr'><strong>εἰκόνα</strong></span> <span class='ocrx_word' id='word_1_236' title='bbox 2889 625 2980 680; x_wconf 78' lang='grc' dir='ltr'><strong>τοῦ</strong></span> <span class='ocrx_word' id='word_1_237' title='bbox 3010 625 3142 678; x_wconf 84' lang='grc' dir='ltr'><strong>Θεοῦ</strong></span> <span class='ocrx_word' id='word_1_238' title='bbox 3184 626 3492 698; x_wconf 79' lang='grc' dir='ltr'>κτισθείσης</span> <span class='ocrx_word' id='word_1_239' title='bbox 3524 627 3601 691; x_wconf 75' lang='grc' dir='ltr'><strong>τὸ,</strong></span> <span class='ocrx_word' id='word_1_240' title='bbox 3649 627 3951 694; x_wconf 79' lang='grc' dir='ltr'>Ἐκτίσθη.</span> 
     </span>
    </p>
   </div>
   <div class='ocr_carea' id='block_1_35' title="bbox 2400 711 3952 789">
    <p class='ocr_par' dir='ltr' id='par_1_35' title="bbox 2400 711 3952 789">
     <span class='ocr_line' id='line_1_35' title="bbox 2400 711 3952 789; baseline 0.004 -27"><span class='ocrx_word' id='word_1_241' title='bbox 2400 711 2614 784; x_wconf 84' lang='grc' dir='ltr'><strong>Ἐπειδὴ</strong></span> <span class='ocrx_word' id='word_1_242' title='bbox 2663 714 2717 767; x_wconf 83' lang='grc' dir='ltr'>δὲ</span> <span class='ocrx_word' id='word_1_243' title='bbox 2770 715 2801 783; x_wconf 82' lang='grc' dir='ltr'>ἡ</span> <span class='ocrx_word' id='word_1_244' title='bbox 2852 717 3026 781; x_wconf 82' lang='grc' dir='ltr'>κτίσις</span> <span class='ocrx_word' id='word_1_245' title='bbox 3073 716 3164 768; x_wconf 76' lang='grc' dir='ltr'><strong>ἐπὶ</strong></span> <span class='ocrx_word' id='word_1_246' title='bbox 3201 716 3300 785; x_wconf 83' lang='grc' dir='ltr'>τῆς</span> <span class='ocrx_word' id='word_1_247' title='bbox 3351 718 3806 789; x_wconf 78' lang='grc' dir='ltr'><strong>μετακοσμήσεως</strong></span> <span class='ocrx_word' id='word_1_248' title='bbox 3858 715 3952 769; x_wconf 72' lang='grc' dir='ltr'><strong>καὶ</strong></span> 
     </span>
    </p>
   </div>
   <div class='ocr_carea' id='block_1_36' title="bbox 2388 801 3952 878">
    <p class='ocr_par' dir='ltr' id='par_1_36' title="bbox 2388 801 3952 878">
     <span class='ocr_line' id='line_1_36' title="bbox 2388 801 3952 878; baseline 0.006 -26"><span class='ocrx_word' id='word_1_249' title='bbox 2388 801 2721 871; x_wconf 84' lang='grc' dir='ltr'><strong>βελτιώσεως</strong></span> <span class='ocrx_word' id='word_1_250' title='bbox 2756 806 3014 872; x_wconf 83' lang='grc' dir='ltr'>πολλάκις</span> <span class='ocrx_word' id='word_1_251' title='bbox 3044 806 3396 878; x_wconf 78' lang='grc' dir='ltr'>λαμϐάνεται,</span> <span class='ocrx_word' id='word_1_252' title='bbox 3427 809 3503 873; x_wconf 87' lang='grc' dir='ltr'><strong>ώς</strong></span> <span class='ocrx_word' id='word_1_253' title='bbox 3540 810 3621 875; x_wconf 87' lang='grc' dir='ltr'><strong>τὸ,</strong></span> <span class='ocrx_word' id='word_1_254' title='bbox 3653 808 3724 864; x_wconf 72' lang='lat' dir='ltr'><strong>Ei</strong></span> <span class='ocrx_word' id='word_1_255' title='bbox 3755 825 3845 873; x_wconf 83' lang='grc' dir='ltr'><strong>τις</strong></span> <span class='ocrx_word' id='word_1_256' title='bbox 3883 807 3952 859; x_wconf 83' lang='grc' dir='ltr'><strong>ἐν</strong></span> 
     </span>
    </p>
   </div>
   <div class='ocr_carea' id='block_1_37' title="bbox 2387 896 3950 966">
    <p class='ocr_par' dir='ltr' id='par_1_37' title="bbox 2387 896 3950 966">
     <span class='ocr_line' id='line_1_37' title="bbox 2387 896 3950 966; baseline 0.004 -21"><span class='ocrx_word' id='word_1_257' title='bbox 2387 896 2616 962; x_wconf 75' lang='grc' dir='ltr'>Χριστῷ</span> <span class='ocrx_word' id='word_1_258' title='bbox 2644 897 2817 963; x_wconf 77' lang='grc' dir='ltr'>καινὴ</span> <span class='ocrx_word' id='word_1_259' title='bbox 2841 899 3038 966; x_wconf 83' lang='grc' dir='ltr'>κτίσις</span> <span class='ocrx_word' id='word_1_260' title='bbox 3057 917 3070 930; x_wconf 77' lang='grc' dir='ltr'><strong><em>ο</em></strong></span> <span class='ocrx_word' id='word_1_261' title='bbox 3101 899 3194 954; x_wconf 79' lang='grc' dir='ltr'>καὶ</span> <span class='ocrx_word' id='word_1_262' title='bbox 3216 898 3298 962; x_wconf 89' lang='grc' dir='ltr'><strong>τὸ,</strong></span> <span class='ocrx_word' id='word_1_263' title='bbox 3326 899 3457 952; x_wconf 84' lang='grc' dir='ltr'><strong>Ἵνα</strong></span> <span class='ocrx_word' id='word_1_264' title='bbox 3483 901 3623 965; x_wconf 80' lang='grc' dir='ltr'>τοὺς</span> <span class='ocrx_word' id='word_1_265' title='bbox 3644 901 3749 955; x_wconf 83' lang='grc' dir='ltr'>δύο</span> <span class='ocrx_word' id='word_1_266' title='bbox 3773 899 3950 966; x_wconf 79' lang='grc' dir='ltr'>κτίσῃ</span> 
     </span>
    </p>
   </div>
   <div class='ocr_carea' id='block_1_38' title="bbox 2385 988 3947 1062">
    <p class='ocr_par' dir='ltr' id='par_1_38' title="bbox 2385 988 3947 1062">
     <span class='ocr_line' id='line_1_38' title="bbox 2385 988 3947 1062; baseline 0.001 -21"><span class='ocrx_word' id='word_1_267' title='bbox 2385 991 2471 1053; x_wconf 84' lang='grc' dir='ltr'><strong>είς</strong></span> <span class='ocrx_word' id='word_1_268' title='bbox 2514 988 2621 1042; x_wconf 79' lang='grc' dir='ltr'><strong>ἕνα</strong></span> <span class='ocrx_word' id='word_1_269' title='bbox 2658 991 2866 1044; x_wconf 79' lang='grc' dir='ltr'>καινόν</span> <span class='ocrx_word' id='word_1_270' title='bbox 2889 991 3232 1059; x_wconf 74' lang='grc' dir='ltr'>ἄνθρωπον·</span> <span class='ocrx_word' id='word_1_271' title='bbox 3267 992 3404 1062; x_wconf 85' lang='grc' dir='ltr'>τάχα</span> <span class='ocrx_word' id='word_1_272' title='bbox 3439 990 3498 1043; x_wconf 82' lang='grc' dir='ltr'><strong>τὸ</strong></span> <span class='ocrx_word' id='word_1_273' title='bbox 3550 994 3664 1061; x_wconf 84' lang='grc' dir='ltr'>μὲν,</span> <span class='ocrx_word' id='word_1_274' title='bbox 3714 989 3947 1062; x_wconf 66' lang='grc' dir='ltr'><strong>Ἐγενή-</strong></span> 
     </span>
    </p>
   </div>
   <div class='ocr_carea' id='block_1_39' title="bbox 2386 1080 3944 1154">
    <p class='ocr_par' dir='ltr' id='par_1_39' title="bbox 2386 1080 3944 1154">
     <span class='ocr_line' id='line_1_39' title="bbox 2386 1080 3944 1154; baseline 0.002 -20"><span class='ocrx_word' id='word_1_275' title='bbox 2386 1084 2478 1146; x_wconf 79' lang='grc' dir='ltr'><strong>θη,</strong></span> <span class='ocrx_word' id='word_1_276' title='bbox 2506 1080 2595 1132; x_wconf 58' lang='grc' dir='ltr'><strong>ἐπὶ⁸</strong></span> <span class='ocrx_word' id='word_1_277' title='bbox 2618 1082 2715 1151; x_wconf 85' lang='grc' dir='ltr'>τῆς</span> <span class='ocrx_word' id='word_1_278' title='bbox 2736 1081 2953 1154; x_wconf 83' lang='grc' dir='ltr'><strong>πρώτης</strong></span> <span class='ocrx_word' id='word_1_279' title='bbox 2974 1084 3030 1135; x_wconf 81' lang='grc' dir='ltr'>οὐ</span> <span class='ocrx_word' id='word_1_280' title='bbox 3040 1084 3276 1148; x_wconf 88' lang='grc' dir='ltr'>σιώσεως</span> <span class='ocrx_word' id='word_1_281' title='bbox 3295 1083 3386 1136; x_wconf 82' lang='grc' dir='ltr'>τοῦ</span> <span class='ocrx_word' id='word_1_282' title='bbox 3405 1081 3688 1152; x_wconf 86' lang='grc' dir='ltr'>ἀνθρώπου</span> <span class='ocrx_word' id='word_1_283' title='bbox 3703 1084 3944 1152; x_wconf 85' lang='grc' dir='ltr'>λέγεται·</span> 
     </span>
    </p>
   </div>
   <div class='ocr_carea' id='block_1_40' title="bbox 2385 1171 3951 1246">
    <p class='ocr_par' dir='ltr' id='par_1_40' title="bbox 2385 1171 3951 1246">
     <span class='ocr_line' id='line_1_40' title="bbox 2385 1171 3951 1246; baseline 0 -20"><span class='ocrx_word' id='word_1_284' title='bbox 2385 1173 2443 1226; x_wconf 79' lang='grc' dir='ltr'>τὸ</span> <span class='ocrx_word' id='word_1_285' title='bbox 2472 1171 2548 1234; x_wconf 83' lang='grc' dir='ltr'><strong>δὲ,</strong></span> <span class='ocrx_word' id='word_1_286' title='bbox 2594 1172 2887 1242; x_wconf 84' lang='grc' dir='ltr'>Ἐκτίσθη,</span> <span class='ocrx_word' id='word_1_287' title='bbox 2933 1173 3022 1226; x_wconf 77' lang='grc' dir='ltr'><strong>ἐπὶ</strong></span> <span class='ocrx_word' id='word_1_288' title='bbox 3054 1176 3152 1244; x_wconf 83' lang='grc' dir='ltr'><strong>τῆς</strong></span> <span class='ocrx_word' id='word_1_289' title='bbox 3181 1176 3433 1246; x_wconf 81' lang='grc' dir='ltr'>δευτέρας</span> <span class='ocrx_word' id='word_1_290' title='bbox 3481 1171 3566 1224; x_wconf 77' lang='grc' dir='ltr'>διὰ</span> <span class='ocrx_word' id='word_1_291' title='bbox 3597 1172 3694 1242; x_wconf 83' lang='grc' dir='ltr'>τῆς</span> <span class='ocrx_word' id='word_1_292' title='bbox 3731 1175 3951 1242; x_wconf 81' lang='grc' dir='ltr'>χάριτος</span> 
     </span>
    </p>
   </div>
   <div class='ocr_carea' id='block_1_41' title="bbox 2384 1263 3952 1335">
    <p class='ocr_par' dir='ltr' id='par_1_41' title="bbox 2384 1263 3952 1335">
     <span class='ocr_line' id='line_1_41' title="bbox 2384 1263 3952 1335; baseline 0 -19"><span class='ocrx_word' id='word_1_293' title='bbox 2384 1263 2476 1316; x_wconf 78' lang='grc' dir='ltr'><strong>τοῦ</strong></span> <span class='ocrx_word' id='word_1_294' title='bbox 2503 1265 2736 1335; x_wconf 83' lang='grc' dir='ltr'>Χριστοῦ</span> <span class='ocrx_word' id='word_1_295' title='bbox 2759 1266 3184 1335; x_wconf 73' lang='grc' dir='ltr'>ἀνα-γεννήσεως.</span> <span class='ocrx_word' id='word_1_296' title='bbox 3220 1268 3381 1321; x_wconf 85' lang='grc' dir='ltr'>Ὅσον</span> <span class='ocrx_word' id='word_1_297' title='bbox 3414 1268 3469 1321; x_wconf 85' lang='grc' dir='ltr'>δὲ</span> <span class='ocrx_word' id='word_1_298' title='bbox 3497 1267 3652 1332; x_wconf 80' lang='grc' dir='ltr'>λόγου</span> <span class='ocrx_word' id='word_1_299' title='bbox 3681 1263 3835 1332; x_wconf 72' lang='grc' dir='ltr'>ψιλοῦ</span> <span class='ocrx_word' id='word_1_300' title='bbox 3865 1267 3952 1316; x_wconf 86' lang='grc' dir='ltr'>ἐν-</span> 
     </span>
    </p>
   </div>
   <div class='ocr_carea' id='block_1_42' title="bbox 2384 1353 3952 1430">
    <p class='ocr_par' dir='ltr' id='par_1_42' title="bbox 2384 1353 3952 1430">
     <span class='ocr_line' id='line_1_42' title="bbox 2384 1353 3952 1430; baseline 0.001 -22"><span class='ocrx_word' id='word_1_301' title='bbox 2384 1355 2507 1426; x_wconf 84' lang='grc' dir='ltr'>τολὴ</span> <span class='ocrx_word' id='word_1_302' title='bbox 2542 1355 2675 1408; x_wconf 79' lang='grc' dir='ltr'>Θεοῦ</span> <span class='ocrx_word' id='word_1_303' title='bbox 2721 1358 2985 1430; x_wconf 81' lang='grc' dir='ltr'>διαφέρει,</span> <span class='ocrx_word' id='word_1_304' title='bbox 3028 1357 3276 1411; x_wconf 80' lang='grc' dir='ltr'>τοσοῦτον</span> <span class='ocrx_word' id='word_1_305' title='bbox 3312 1361 3536 1421; x_wconf 82' lang='grc' dir='ltr'>κτίσεως</span> <span class='ocrx_word' id='word_1_306' title='bbox 3567 1357 3699 1428; x_wconf 77' lang='grc' dir='ltr'>πρὸς</span> <span class='ocrx_word' id='word_1_307' title='bbox 3737 1353 3952 1422; x_wconf 79' lang='grc' dir='ltr'>γένεσίν</span> 
     </span>
    </p>
   </div>
   <div class='ocr_carea' id='block_1_43' title="bbox 2384 1444 3950 1519">
    <p class='ocr_par' dir='ltr' id='par_1_43' title="bbox 2384 1444 3950 1519">
     <span class='ocr_line' id='line_1_43' title="bbox 2384 1444 3950 1519; baseline 0.002 -23"><span class='ocrx_word' id='word_1_308' title='bbox 2384 1447 2497 1497; x_wconf 89' lang='grc' dir='ltr'>ἐστι</span> <span class='ocrx_word' id='word_1_309' title='bbox 2545 1444 2604 1497; x_wconf 87' lang='grc' dir='ltr'>τὸ</span> <span class='ocrx_word' id='word_1_310' title='bbox 2654 1445 2926 1519; x_wconf 83' lang='grc' dir='ltr'>διάφορον.</span> <span class='ocrx_word' id='word_1_311' title='bbox 2991 1448 3202 1513; x_wconf 77' lang='grc' dir='ltr'>Κύριος</span> <span class='ocrx_word' id='word_1_312' title='bbox 3275 1448 3643 1507; x_wconf 81' lang='grc' dir='ltr'>διασκεδὰζει</span> <span class='ocrx_word' id='word_1_313' title='bbox 3711 1446 3950 1511; x_wconf 76' lang='grc' dir='ltr'>βουλὰς</span> 
     </span>
    </p>
   </div>
   <div class='ocr_carea' id='block_1_44' title="bbox 2382 1532 3949 1608">
    <p class='ocr_par' dir='ltr' id='par_1_44' title="bbox 2382 1532 3949 1608">
     <span class='ocr_line' id='line_1_44' title="bbox 2382 1532 3949 1608; baseline 0.002 -23"><span class='ocrx_word' id='word_1_314' title='bbox 2382 1532 2573 1588; x_wconf 80' lang='grc' dir='ltr'><strong>ἐθνῶν</strong></span> <span class='ocrx_word' id='word_1_315' title='bbox 2591 1551 2603 1562; x_wconf 87' lang='grc'><strong>·</strong></span> <span class='ocrx_word' id='word_1_316' title='bbox 2637 1534 2835 1588; x_wconf 80' lang='grc' dir='ltr'>ἀθετεῖ</span> <span class='ocrx_word' id='word_1_317' title='bbox 2855 1536 2921 1590; x_wconf 82' lang='grc' dir='ltr'>δὲ</span> <span class='ocrx_word' id='word_1_318' title='bbox 2947 1535 3272 1605; x_wconf 73' lang='grc' dir='ltr'>λογισμοὺς</span> <span class='ocrx_word' id='word_1_319' title='bbox 3295 1536 3479 1590; x_wconf 72' lang='grc' dir='ltr'>λαῶν.</span> <span class='ocrx_word' id='word_1_320' title='bbox 3517 1538 3803 1608; x_wconf 77' lang='grc' dir='ltr'>Ἐξήγησίς</span> <span class='ocrx_word' id='word_1_321' title='bbox 3832 1539 3949 1588; x_wconf 88' lang='grc' dir='ltr'>ἐστι</span> 
     </span>
    </p>
   </div>
   <div class='ocr_carea' id='block_1_45' title="bbox 2382 1625 3949 1697">
    <p class='ocr_par' dir='ltr' id='par_1_45' title="bbox 2382 1625 3949 1697">
     <span class='ocr_line' id='line_1_45' title="bbox 2382 1625 3949 1697; baseline 0.001 -19"><span class='ocrx_word' id='word_1_322' title='bbox 2382 1625 2474 1678; x_wconf 78' lang='grc' dir='ltr'>τοῦ</span> <span class='ocrx_word' id='word_1_323' title='bbox 2508 1627 2854 1697; x_wconf 73' lang='grc' dir='ltr'>προάγοντος,</span> <span class='ocrx_word' id='word_1_324' title='bbox 2892 1630 3007 1693; x_wconf 86' lang='grc' dir='ltr'><strong>πῶς</strong></span> <span class='ocrx_word' id='word_1_325' title='bbox 3041 1628 3251 1680; x_wconf 74' lang='grc' dir='ltr'>ἔκτισεν</span> <span class='ocrx_word' id='word_1_326' title='bbox 3285 1630 3312 1680; x_wconf 97' lang='lat'><strong>6</strong></span> <span class='ocrx_word' id='word_1_327' title='bbox 3355 1627 3484 1690; x_wconf 86' lang='grc' dir='ltr'>Θεὸς</span> <span class='ocrx_word' id='word_1_328' title='bbox 3516 1631 3638 1691; x_wconf 75' lang='grc' dir='ltr'>τοὺς</span> <span class='ocrx_word' id='word_1_329' title='bbox 3676 1632 3754 1691; x_wconf 88' lang='grc' dir='ltr'><strong>είς</strong></span> <span class='ocrx_word' id='word_1_330' title='bbox 3787 1628 3949 1680; x_wconf 79' lang='grc' dir='ltr'>αὑτὸν</span> 
     </span>
    </p>
   </div>
   <div class='ocr_carea' id='block_1_46' title="bbox 2383 1715 3948 1779">
    <p class='ocr_par' dir='ltr' id='par_1_46' title="bbox 2383 1715 3948 1779">
     <span class='ocr_line' id='line_1_46' title="bbox 2383 1715 3948 1779; baseline -0.001 -12"><span class='ocrx_word' id='word_1_331' title='bbox 2383 1717 2828 1779; x_wconf 78' lang='grc' dir='ltr'>πεπιστευκότας,</span> <span class='ocrx_word' id='word_1_332' title='bbox 2885 1721 2947 1771; x_wconf 77' lang='grc' dir='ltr'><strong>ἐκ</strong></span> <span class='ocrx_word' id='word_1_333' title='bbox 2992 1716 3083 1770; x_wconf 75' lang='grc' dir='ltr'>τοῦ</span> <span class='ocrx_word' id='word_1_334' title='bbox 3131 1716 3475 1769; x_wconf 81' lang='grc' dir='ltr'>διασκεδάσαι</span> <span class='ocrx_word' id='word_1_335' title='bbox 3517 1715 3612 1777; x_wconf 71' lang='grc' dir='ltr'><strong>τὰς</strong></span> <span class='ocrx_word' id='word_1_336' title='bbox 3657 1716 3948 1777; x_wconf 82' lang='grc' dir='ltr'>ἀσυνέτους</span> 
     </span>
    </p>
   </div>
   <div class='ocr_carea' id='block_1_47' title="bbox 2386 1803 3948 1879">
    <p class='ocr_par' dir='ltr' id='par_1_47' title="bbox 2386 1803 3948 1879">
     <span class='ocr_line' id='line_1_47' title="bbox 2386 1803 3948 1879; baseline 0.002 -25"><span class='ocrx_word' id='word_1_337' title='bbox 2386 1804 2578 1874; x_wconf 85' lang='grc' dir='ltr'>βουλὰς</span> <span class='ocrx_word' id='word_1_338' title='bbox 2622 1807 2728 1860; x_wconf 89' lang='grc' dir='ltr'><strong>τῶν</strong></span> <span class='ocrx_word' id='word_1_339' title='bbox 2760 1805 2923 1869; x_wconf 87' lang='grc' dir='ltr'>λαῶν,</span> <span class='ocrx_word' id='word_1_340' title='bbox 2961 1807 3026 1871; x_wconf 80' lang='grc' dir='ltr'>ἃς</span> <span class='ocrx_word' id='word_1_341' title='bbox 3059 1803 3202 1878; x_wconf 80' lang='grc' dir='ltr'>εἶχον</span> <span class='ocrx_word' id='word_1_342' title='bbox 3236 1806 3362 1879; x_wconf 73' lang='grc' dir='ltr'>περὶ</span> <span class='ocrx_word' id='word_1_343' title='bbox 3391 1804 3823 1876; x_wconf 85' lang='grc' dir='ltr'>είδωλολατρείαν</span> <span class='ocrx_word' id='word_1_344' title='bbox 3853 1805 3948 1857; x_wconf 74' lang='grc' dir='ltr'>καὶ</span> 
     </span>
    </p>
   </div>
   <div class='ocr_carea' id='block_1_48' title="bbox 2313 1879 3950 1970">
    <p class='ocr_par' dir='ltr' id='par_1_48' title="bbox 2313 1879 3950 1970">
     <span class='ocr_line' id='line_1_48' title="bbox 2313 1879 3950 1970; baseline 0.002 -22"><span class='ocrx_word' id='word_1_345' title='bbox 2313 1879 2353 1932; x_wconf 77' lang='grc' dir='ltr'>Β</span> <span class='ocrx_word' id='word_1_346' title='bbox 2383 1897 2510 1966; x_wconf 75' lang='grc' dir='ltr'>περὶ</span> <span class='ocrx_word' id='word_1_347' title='bbox 2540 1900 2714 1950; x_wconf 75' lang='grc' dir='ltr'>πᾶσαν</span> <span class='ocrx_word' id='word_1_348' title='bbox 2744 1900 3093 1970; x_wconf 82' lang='grc' dir='ltr'>ματαιότητα,</span> <span class='ocrx_word' id='word_1_349' title='bbox 3120 1903 3211 1954; x_wconf 79' lang='grc' dir='ltr'>καὶ</span> <span class='ocrx_word' id='word_1_350' title='bbox 3242 1901 3448 1956; x_wconf 78' lang='grc' dir='ltr'>ἀθετεῖν</span> <span class='ocrx_word' id='word_1_351' title='bbox 3476 1901 3573 1965; x_wconf 77' lang='grc' dir='ltr'><strong>τὰς</strong></span> <span class='ocrx_word' id='word_1_352' title='bbox 3610 1900 3801 1970; x_wconf 82' lang='grc' dir='ltr'>βουλάς</span> <span class='ocrx_word' id='word_1_353' title='bbox 3838 1899 3950 1952; x_wconf 89' lang='grc' dir='ltr'><strong>τῶν</strong></span> 
     </span>
    </p>
   </div>
   <div class='ocr_carea' id='block_1_49' title="bbox 2381 1990 3950 2060">
    <p class='ocr_par' dir='ltr' id='par_1_49' title="bbox 2381 1990 3950 2060">
     <span class='ocr_line' id='line_1_49' title="bbox 2381 1990 3950 2060; baseline 0.003 -19"><span class='ocrx_word' id='word_1_354' title='bbox 2381 1990 2673 2060; x_wconf 81' lang='grc' dir='ltr'>ἀρχόντων.</span> <span class='ocrx_word' id='word_1_355' title='bbox 2708 1990 2935 2044; x_wconf 88' lang='grc' dir='ltr'>Δυνατὸν</span> <span class='ocrx_word' id='word_1_356' title='bbox 2972 1991 3028 2044; x_wconf 81' lang='grc' dir='ltr'>δὲ</span> <span class='ocrx_word' id='word_1_357' title='bbox 3073 1995 3166 2046; x_wconf 74' lang='grc' dir='ltr'><strong>καὶ</strong></span> <span class='ocrx_word' id='word_1_358' title='bbox 3198 1995 3290 2047; x_wconf 72' lang='grc' dir='ltr'>ἐπὶ</span> <span class='ocrx_word' id='word_1_359' title='bbox 3332 1996 3423 2048; x_wconf 83' lang='grc' dir='ltr'><strong>τὸν</strong></span> <span class='ocrx_word' id='word_1_360' title='bbox 3458 1994 3551 2048; x_wconf 83' lang='grc' dir='ltr'><strong>τοῦ</strong></span> <span class='ocrx_word' id='word_1_361' title='bbox 3587 1994 3789 2056; x_wconf 84' lang='grc' dir='ltr'>πάθους</span> <span class='ocrx_word' id='word_1_362' title='bbox 3828 2011 3950 2046; x_wconf 84' lang='grc' dir='ltr'>και-</span> 
     </span>
    </p>
   </div>
   <div class='ocr_carea' id='block_1_50' title="bbox 2385 2082 3952 2158">
    <p class='ocr_par' dir='ltr' id='par_1_50' title="bbox 2385 2082 3952 2158">
     <span class='ocr_line' id='line_1_50' title="bbox 2385 2082 3952 2158; baseline 0.003 -24"><span class='ocrx_word' id='word_1_363' title='bbox 2385 2082 2475 2153; x_wconf 85' lang='grc' dir='ltr'><strong>ρδν</strong></span> <span class='ocrx_word' id='word_1_364' title='bbox 2509 2084 2799 2150; x_wconf 83' lang='grc' dir='ltr'>ἀναγαγεῖν</span> <span class='ocrx_word' id='word_1_365' title='bbox 2832 2082 3000 2137; x_wconf 83' lang='grc' dir='ltr'>ταῦτα</span> <span class='ocrx_word' id='word_1_366' title='bbox 3035 2084 3164 2154; x_wconf 73' lang='lat'><strong>(2‘2),</strong></span> <span class='ocrx_word' id='word_1_367' title='bbox 3199 2087 3284 2138; x_wconf 78' lang='grc' dir='ltr'>ὅτε</span> <span class='ocrx_word' id='word_1_368' title='bbox 3318 2089 3366 2139; x_wconf 84' lang='grc' dir='ltr'>οἱ</span> <span class='ocrx_word' id='word_1_369' title='bbox 3401 2089 3494 2156; x_wconf 83' lang='grc' dir='ltr'><strong>μὲν</strong></span> <span class='ocrx_word' id='word_1_370' title='bbox 3519 2088 3762 2158; x_wconf 81' lang='grc' dir='ltr'>ἐνόμιζον</span> <span class='ocrx_word' id='word_1_371' title='bbox 3789 2103 3952 2138; x_wconf 83' lang='grc' dir='ltr'>σταυ-</span> 
     </span>
    </p>
   </div>
   <div class='ocr_carea' id='block_1_51' title="bbox 2386 2173 3953 2250">
    <p class='ocr_par' dir='ltr' id='par_1_51' title="bbox 2386 2173 3953 2250">
     <span class='ocr_line' id='line_1_51' title="bbox 2386 2173 3953 2250; baseline 0.002 -25"><span class='ocrx_word' id='word_1_372' title='bbox 2386 2173 2510 2244; x_wconf 78' lang='grc' dir='ltr'>ροῦν</span> <span class='ocrx_word' id='word_1_373' title='bbox 2542 2173 2630 2225; x_wconf 72' lang='grc' dir='ltr'><strong>τὸν</strong></span> <span class='ocrx_word' id='word_1_374' title='bbox 2668 2174 2888 2243; x_wconf 82' lang='grc' dir='ltr'>βασιλέα</span> <span class='ocrx_word' id='word_1_375' title='bbox 2920 2177 3016 2246; x_wconf 83' lang='grc' dir='ltr'>τῆς</span> <span class='ocrx_word' id='word_1_376' title='bbox 3052 2176 3226 2247; x_wconf 81' lang='grc' dir='ltr'>δόξης,</span> <span class='ocrx_word' id='word_1_377' title='bbox 3270 2178 3297 2228; x_wconf 85' lang='lat'><strong>6</strong></span> <span class='ocrx_word' id='word_1_378' title='bbox 3327 2178 3382 2230; x_wconf 87' lang='grc' dir='ltr'><strong>δέ</strong></span> <span class='ocrx_word' id='word_1_379' title='bbox 3415 2180 3501 2232; x_wconf 70' lang='grc' dir='ltr'><strong>διὰ</strong></span> <span class='ocrx_word' id='word_1_380' title='bbox 3544 2182 3641 2250; x_wconf 82' lang='grc' dir='ltr'>τῆς</span> <span class='ocrx_word' id='word_1_381' title='bbox 3671 2179 3764 2230; x_wconf 78' lang='grc' dir='ltr'><strong>τοῦ</strong></span> <span class='ocrx_word' id='word_1_382' title='bbox 3798 2195 3953 2230; x_wconf 84' lang='grc' dir='ltr'>σταυ-</span> 
     </span>
    </p>
   </div>
   <div class='ocr_carea' id='block_1_52' title="bbox 2387 2251 3946 2343">
    <p class='ocr_par' dir='ltr' id='par_1_52' title="bbox 2387 2251 3946 2343">
     <span class='ocr_line' id='line_1_52' title="bbox 2387 2251 3946 2343; baseline 0.003 -27"><span class='ocrx_word' id='word_1_383' title='bbox 2387 2265 2477 2336; x_wconf 77' lang='grc' dir='ltr'>ροῦ</span> <span class='ocrx_word' id='word_1_384' title='bbox 2507 2267 2814 2336; x_wconf 76' lang='grc' dir='ltr'>οἰκονομίας</span> <span class='ocrx_word' id='word_1_385' title='bbox 2848 2251 3124 2324; x_wconf 78' lang='grc' dir='ltr'>ἀνενεοῦτο</span> <span class='ocrx_word' id='word_1_386' title='bbox 3153 2271 3250 2340; x_wconf 77' lang='grc' dir='ltr'><strong>τὴν</strong></span> <span class='ocrx_word' id='word_1_387' title='bbox 3278 2269 3685 2343; x_wconf 81' lang='grc' dir='ltr'>ἀνθρωπότητα.</span> <span class='ocrx_word' id='word_1_388' title='bbox 3727 2271 3813 2322; x_wconf 86' lang='grc' dir='ltr'>Ἐν</span> <span class='ocrx_word' id='word_1_389' title='bbox 3840 2272 3946 2338; x_wconf 75' lang='grc' dir='ltr'>γὰρ</span> 
     </span>
    </p>
   </div>
   <div class='ocr_carea' id='block_1_53' title="bbox 2381 2356 3946 2430">
    <p class='ocr_par' dir='ltr' id='par_1_53' title="bbox 2381 2356 3946 2430">
     <span class='ocr_line' id='line_1_53' title="bbox 2381 2356 3946 2430; baseline 0.002 -23"><span class='ocrx_word' id='word_1_390' title='bbox 2381 2358 2444 2425; x_wconf 80' lang='grc' dir='ltr'>τῇ</span> <span class='ocrx_word' id='word_1_391' title='bbox 2478 2356 2771 2408; x_wconf 80' lang='grc' dir='ltr'>ἀναστάσει</span> <span class='ocrx_word' id='word_1_392' title='bbox 2800 2357 3170 2422; x_wconf 78' lang='grc' dir='ltr'>διεσκεδάζετο</span> <span class='ocrx_word' id='word_1_393' title='bbox 3207 2360 3305 2429; x_wconf 80' lang='grc' dir='ltr'>μὲν</span> <span class='ocrx_word' id='word_1_394' title='bbox 3346 2362 3377 2430; x_wconf 81' lang='grc' dir='ltr'>ἡ</span> <span class='ocrx_word' id='word_1_395' title='bbox 3413 2360 3571 2430; x_wconf 76' lang='grc' dir='ltr'>βουλὴ</span> <span class='ocrx_word' id='word_1_396' title='bbox 3613 2360 3718 2411; x_wconf 88' lang='grc' dir='ltr'><strong>τῶν</strong></span> <span class='ocrx_word' id='word_1_397' title='bbox 3757 2359 3946 2420; x_wconf 82' lang='grc' dir='ltr'>ἐθνῶν,</span> 
     </span>
    </p>
   </div>
   <div class='ocr_carea' id='block_1_54' title="bbox 2380 2446 3948 2521">
    <p class='ocr_par' dir='ltr' id='par_1_54' title="bbox 2380 2446 3948 2521">
     <span class='ocr_line' id='line_1_54' title="bbox 2380 2446 3948 2521; baseline 0.001 -21"><span class='ocrx_word' id='word_1_398' title='bbox 2380 2446 2472 2500; x_wconf 75' lang='grc' dir='ltr'>τοῦ</span> <span class='ocrx_word' id='word_1_399' title='bbox 2501 2449 2732 2500; x_wconf 84' lang='grc' dir='ltr'>Πιλάτου</span> <span class='ocrx_word' id='word_1_400' title='bbox 2785 2450 2876 2501; x_wconf 76' lang='grc' dir='ltr'><strong>καὶ</strong></span> <span class='ocrx_word' id='word_1_401' title='bbox 2902 2450 3007 2502; x_wconf 90' lang='grc' dir='ltr'><strong>τῶν</strong></span> <span class='ocrx_word' id='word_1_402' title='bbox 3041 2451 3378 2521; x_wconf 84' lang='grc' dir='ltr'>στρατιωτῶν</span> <span class='ocrx_word' id='word_1_403' title='bbox 3398 2491 3412 2513; x_wconf 93' lang='grc'><strong>,</strong></span> <span class='ocrx_word' id='word_1_404' title='bbox 3443 2453 3536 2504; x_wconf 74' lang='grc' dir='ltr'><strong>καὶ</strong></span> <span class='ocrx_word' id='word_1_405' title='bbox 3577 2452 3688 2501; x_wconf 80' lang='grc' dir='ltr'>ὅσοι</span> <span class='ocrx_word' id='word_1_406' title='bbox 3724 2449 3793 2501; x_wconf 84' lang='grc' dir='ltr'><strong>τά</strong></span> <span class='ocrx_word' id='word_1_407' title='bbox 3821 2452 3948 2520; x_wconf 70' lang='grc' dir='ltr'>περὶ</span> 
     </span>
    </p>
   </div>
   <div class='ocr_carea' id='block_1_55' title="bbox 2381 2539 3948 2611">
    <p class='ocr_par' dir='ltr' id='par_1_55' title="bbox 2381 2539 3948 2611">
     <span class='ocr_line' id='line_1_55' title="bbox 2381 2539 3948 2611; baseline -0.001 -16"><span class='ocrx_word' id='word_1_408' title='bbox 2381 2539 2470 2595; x_wconf 74' lang='grc' dir='ltr'>τὸν</span> <span class='ocrx_word' id='word_1_409' title='bbox 2505 2539 2732 2609; x_wconf 79' lang='grc' dir='ltr'>σταυρὸν</span> <span class='ocrx_word' id='word_1_410' title='bbox 2777 2541 3038 2611; x_wconf 80' lang='grc' dir='ltr'>ἐνήργουν</span> <span class='ocrx_word' id='word_1_411' title='bbox 3062 2557 3075 2569; x_wconf 89' lang='grc'>·</span> <span class='ocrx_word' id='word_1_412' title='bbox 3122 2540 3409 2608; x_wconf 74' lang='grc' dir='ltr'>ὴθετοῦντο</span> <span class='ocrx_word' id='word_1_413' title='bbox 3437 2543 3493 2594; x_wconf 81' lang='grc' dir='ltr'>δὲ</span> <span class='ocrx_word' id='word_1_414' title='bbox 3523 2541 3578 2595; x_wconf 80' lang='grc' dir='ltr'>αἱ</span> <span class='ocrx_word' id='word_1_415' title='bbox 3629 2540 3810 2610; x_wconf 74' lang='grc' dir='ltr'>βουλαὶ</span> <span class='ocrx_word' id='word_1_416' title='bbox 3839 2540 3948 2593; x_wconf 87' lang='grc' dir='ltr'><strong>τῶν</strong></span> 
     </span>
    </p>
   </div>
   <div class='ocr_carea' id='block_1_56' title="bbox 2381 2633 3951 2705">
    <p class='ocr_par' dir='ltr' id='par_1_56' title="bbox 2381 2633 3951 2705">
     <span class='ocr_line' id='line_1_56' title="bbox 2381 2633 3951 2705; baseline -0.002 -18"><span class='ocrx_word' id='word_1_417' title='bbox 2381 2633 2654 2705; x_wconf 85' lang='grc' dir='ltr'>ἀρχόντων</span> <span class='ocrx_word' id='word_1_418' title='bbox 2675 2674 2689 2697; x_wconf 94' lang='grc'><strong>,</strong></span> <span class='ocrx_word' id='word_1_419' title='bbox 2725 2634 3023 2704; x_wconf 76' lang='grc' dir='ltr'>ἀρχιερέων</span> <span class='ocrx_word' id='word_1_420' title='bbox 3057 2634 3147 2685; x_wconf 80' lang='grc' dir='ltr'>καὶ</span> <span class='ocrx_word' id='word_1_421' title='bbox 3175 2634 3545 2705; x_wconf 77' lang='grc' dir='ltr'>γραμματέων</span> <span class='ocrx_word' id='word_1_422' title='bbox 3586 2634 3679 2687; x_wconf 76' lang='grc' dir='ltr'><strong>καὶ</strong></span> <span class='ocrx_word' id='word_1_423' title='bbox 3720 2634 3827 2686; x_wconf 90' lang='grc' dir='ltr'><strong>τῶν</strong></span> <span class='ocrx_word' id='word_1_424' title='bbox 3862 2633 3951 2702; x_wconf 83' lang='grc' dir='ltr'><strong>βα-</strong></span> 
     </span>
    </p>
   </div>
   <div class='ocr_carea' id='block_1_57' title="bbox 2384 2723 3949 2796">
    <p class='ocr_par' dir='ltr' id='par_1_57' title="bbox 2384 2723 3949 2796">
     <span class='ocr_line' id='line_1_57' title="bbox 2384 2723 3949 2796; baseline 0 -19"><span class='ocrx_word' id='word_1_425' title='bbox 2384 2725 2572 2778; x_wconf 84' lang='grc' dir='ltr'>σιλέων</span> <span class='ocrx_word' id='word_1_426' title='bbox 2613 2725 2704 2779; x_wconf 75' lang='grc' dir='ltr'>τοῦ</span> <span class='ocrx_word' id='word_1_427' title='bbox 2753 2723 2902 2779; x_wconf 84' lang='grc' dir='ltr'>λαοῦ.</span> <span class='ocrx_word' id='word_1_428' title='bbox 2940 2725 3002 2777; x_wconf 84' lang='grc' dir='ltr'><em>Ἦ</em></span> <span class='ocrx_word' id='word_1_429' title='bbox 3046 2725 3155 2796; x_wconf 81' lang='grc' dir='ltr'>γὰρ</span> <span class='ocrx_word' id='word_1_430' title='bbox 3209 2727 3501 2790; x_wconf 85' lang='grc' dir='ltr'>ἀνάστασις</span> <span class='ocrx_word' id='word_1_431' title='bbox 3548 2730 3725 2782; x_wconf 82' lang='grc' dir='ltr'>πᾶσαν</span> <span class='ocrx_word' id='word_1_432' title='bbox 3771 2727 3949 2780; x_wconf 73' lang='grc' dir='ltr'>αὐτῶν</span> 
     </span>
    </p>
   </div>
   <div class='ocr_carea' id='block_1_58' title="bbox 2380 2816 3948 2890">
    <p class='ocr_par' dir='ltr' id='par_1_58' title="bbox 2380 2816 3948 2890">
     <span class='ocr_line' id='line_1_58' title="bbox 2380 2816 3948 2890; baseline 0.001 -22"><span class='ocrx_word' id='word_1_433' title='bbox 2380 2816 2586 2869; x_wconf 88' lang='grc' dir='ltr'>διέλυσε</span> <span class='ocrx_word' id='word_1_434' title='bbox 2620 2818 2716 2889; x_wconf 79' lang='grc' dir='ltr'>τὴν</span> <span class='ocrx_word' id='word_1_435' title='bbox 2752 2819 3009 2871; x_wconf 84' lang='grc' dir='ltr'>ἐπίνοιαν,</span> <span class='ocrx_word' id='word_1_436' title='bbox 3051 2818 3465 2890; x_wconf 82' lang='grc' dir='ltr'>Ἀναλεγόμενος</span> <span class='ocrx_word' id='word_1_437' title='bbox 3493 2820 3547 2873; x_wconf 84' lang='grc' dir='ltr'>δὲ</span> <span class='ocrx_word' id='word_1_438' title='bbox 3585 2822 3652 2873; x_wconf 77' lang='grc' dir='ltr'><strong>τὰ</strong></span> <span class='ocrx_word' id='word_1_439' title='bbox 3689 2821 3769 2889; x_wconf 72' lang='grc' dir='ltr'><strong>ἐφ’</strong></span> <span class='ocrx_word' id='word_1_440' title='bbox 3818 2819 3948 2871; x_wconf 77' lang='grc' dir='ltr'>ἐκάο</span> 
     </span>
    </p>
   </div>
   <div class='ocr_carea' id='block_1_59' title="bbox 2383 2911 3951 2984">
    <p class='ocr_par' dir='ltr' id='par_1_59' title="bbox 2383 2911 3951 2984">
     <span class='ocr_line' id='line_1_59' title="bbox 2383 2911 3951 2984; baseline 0.001 -24"><span class='ocrx_word' id='word_1_441' title='bbox 2383 2927 2513 2981; x_wconf 86' lang='grc' dir='ltr'>στης</span> <span class='ocrx_word' id='word_1_442' title='bbox 2535 2911 2783 2981; x_wconf 25' lang='grc' dir='ltr'>,ἱστορίας</span> <span class='ocrx_word' id='word_1_443' title='bbox 2822 2913 2920 2964; x_wconf 86' lang='grc' dir='ltr'><strong>ὅσα</strong></span> <span class='ocrx_word' id='word_1_444' title='bbox 2949 2912 3072 2984; x_wconf 72' lang='grc' dir='ltr'>περὶ</span> <span class='ocrx_word' id='word_1_445' title='bbox 3109 2912 3177 2965; x_wconf 88' lang='grc' dir='ltr'>τὰ</span> <span class='ocrx_word' id='word_1_446' title='bbox 3208 2913 3411 2967; x_wconf 77' lang='grc' dir='ltr'>ἄπιστα</span> <span class='ocrx_word' id='word_1_447' title='bbox 3440 2913 3565 2984; x_wconf 77' lang='grc' dir='ltr'>ἔθνη</span> <span class='ocrx_word' id='word_1_448' title='bbox 3595 2915 3894 2984; x_wconf 77' lang='grc' dir='ltr'>ἐνήργησεν</span> <span class='ocrx_word' id='word_1_449' title='bbox 3924 2912 3951 2962; x_wconf 92' lang='lat'><strong>6</strong></span> 
     </span>
    </p>
   </div>
   <div class='ocr_carea' id='block_1_60' title="bbox 2377 3002 3951 3073">
    <p class='ocr_par' dir='ltr' id='par_1_60' title="bbox 2377 3002 3951 3073">
     <span class='ocr_line' id='line_1_60' title="bbox 2377 3002 3951 3073; baseline -0.002 -18"><span class='ocrx_word' id='word_1_450' title='bbox 2377 3002 2530 3064; x_wconf 76' lang='grc' dir='ltr'>Θεὸς,</span> <span class='ocrx_word' id='word_1_451' title='bbox 2566 3003 2818 3073; x_wconf 82' lang='grc' dir='ltr'>εὑρήσεις</span> <span class='ocrx_word' id='word_1_452' title='bbox 2853 3005 2945 3058; x_wconf 70' lang='grc' dir='ltr'><strong>καὶ</strong></span> <span class='ocrx_word' id='word_1_453' title='bbox 2980 3003 3119 3058; x_wconf 88' lang='grc' dir='ltr'><strong>κατά</strong></span> <span class='ocrx_word' id='word_1_454' title='bbox 3139 3005 3229 3058; x_wconf 84' lang='grc' dir='ltr'><strong>τὸν</strong></span> <span class='ocrx_word' id='word_1_455' title='bbox 3260 3006 3567 3073; x_wconf 74' lang='grc' dir='ltr'>σωματικὸν</span> <span class='ocrx_word' id='word_1_456' title='bbox 3599 3004 3719 3057; x_wconf 78' lang='grc' dir='ltr'>νοῦν</span> <span class='ocrx_word' id='word_1_457' title='bbox 3750 3003 3951 3070; x_wconf 68' lang='grc' dir='ltr'>πολλὴν</span> 
     </span>
    </p>
   </div>
   <div class='ocr_carea' id='block_1_61' title="bbox 2380 3091 3952 3166">
    <p class='ocr_par' dir='ltr' id='par_1_61' title="bbox 2380 3091 3952 3166">
     <span class='ocr_line' id='line_1_61' title="bbox 2380 3091 3952 3166; baseline 0.001 -24"><span class='ocrx_word' id='word_1_458' title='bbox 2380 3091 2499 3160; x_wconf 77' lang='grc' dir='ltr'>ἔχον</span> <span class='ocrx_word' id='word_1_459' title='bbox 2533 3091 2627 3161; x_wconf 87' lang='grc' dir='ltr'>τὴν</span> <span class='ocrx_word' id='word_1_460' title='bbox 2666 3091 2892 3162; x_wconf 83' lang='grc' dir='ltr'>δύναμιν</span> <span class='ocrx_word' id='word_1_461' title='bbox 2935 3094 2994 3146; x_wconf 82' lang='grc' dir='ltr'><strong>τὸ</strong></span> <span class='ocrx_word' id='word_1_462' title='bbox 3048 3095 3229 3166; x_wconf 76' lang='grc' dir='ltr'>ῥητόν.</span> <span class='ocrx_word' id='word_1_463' title='bbox 3269 3097 3394 3147; x_wconf 84' lang='grc' dir='ltr'>Ὅτε</span> <span class='ocrx_word' id='word_1_464' title='bbox 3435 3094 3540 3164; x_wconf 86' lang='grc' dir='ltr'><strong>γὰρ</strong></span> <span class='ocrx_word' id='word_1_465' title='bbox 3593 3092 3792 3163; x_wconf 73' lang='grc' dir='ltr'>Ἰωρὰμ</span> <span class='ocrx_word' id='word_1_466' title='bbox 3838 3092 3952 3153; x_wconf 75' lang='grc' dir='ltr'>υἱὸς</span> 
     </span>
    </p>
   </div>
   <div class='ocr_carea' id='block_1_62' title="bbox 721 3182 2403 3270">
    <p class='ocr_par' dir='ltr' id='par_1_62' title="bbox 721 3182 2403 3270">
     <span class='ocr_line' id='line_1_62' title="bbox 721 3182 2403 3270; baseline 0.001 -36"><span class='ocrx_word' id='word_1_467' title='bbox 721 3183 856 3237; x_wconf 86' lang='lat' dir='ltr'><strong>lilius</strong></span> <span class='ocrx_word' id='word_1_468' title='bbox 899 3185 1042 3236; x_wconf 83' lang='lat' dir='ltr'><strong>Ader</strong></span> <span class='ocrx_word' id='word_1_469' title='bbox 1073 3183 1237 3235; x_wconf 89' lang='lat' dir='ltr'><strong>multa</strong></span> <span class='ocrx_word' id='word_1_470' title='bbox 1293 3184 1487 3236; x_wconf 87' lang='lat' dir='ltr'><strong>virtute</strong></span> <span class='ocrx_word' id='word_1_471' title='bbox 1519 3197 1582 3236; x_wconf 88' lang='lat' dir='ltr'><strong>ac</strong></span> <span class='ocrx_word' id='word_1_472' title='bbox 1626 3182 1772 3249; x_wconf 81' lang='lat' dir='ltr'><strong>gravi</strong></span> <span class='ocrx_word' id='word_1_473' title='bbox 1805 3197 1983 3248; x_wconf 87' lang='lat' dir='ltr'><strong>manu,</strong></span> <span class='ocrx_word' id='word_1_474' title='bbox 2018 3183 2278 3237; x_wconf 86' lang='lat' dir='ltr'><strong>instructo</strong></span> <span class='ocrx_word' id='word_1_475' title='bbox 2306 3215 2347 3270; x_wconf 65' lang='grc' dir='ltr'>ο</span> <span class='ocrx_word' id='word_1_476' title='bbox 2392 3187 2403 3207; x_wconf 82' lang='grc'>’</span> 
     </span>
    </p>
   </div>
   <div class='ocr_carea' id='block_1_63' title="bbox 2270 3182 3952 3270">
    <p class='ocr_par' dir='ltr' id='par_1_63' title="bbox 2270 3185 3952 3270">
     <span class='ocr_line' id='line_1_63' title="bbox 2270 3185 3952 3270; baseline 0.003 -36"><span class='ocrx_word' id='word_1_477' title='bbox 2270 3203 2278 3234; x_wconf 82' lang='lat' dir='ltr'><strong>l</strong></span> <span class='ocrx_word' id='word_1_478' title='bbox 2306 3215 2347 3270; x_wconf 78' lang='lat' dir='ltr'><strong><em>C</em></strong></span> <span class='ocrx_word' id='word_1_479' title='bbox 2392 3185 2594 3255; x_wconf 80' lang='grc' dir='ltr'>Ἀχαὰϐ</span> <span class='ocrx_word' id='word_1_480' title='bbox 2629 3185 2972 3240; x_wconf 73' lang='grc' dir='ltr'>ἐϐασίλευσεν</span> <span class='ocrx_word' id='word_1_481' title='bbox 2997 3189 3050 3239; x_wconf 83' lang='grc' dir='ltr'><strong>ἐν</strong></span> <span class='ocrx_word' id='word_1_482' title='bbox 3092 3189 3308 3258; x_wconf 80' lang='grc' dir='ltr'>Ἰσραὴλ</span> <span class='ocrx_word' id='word_1_483' title='bbox 3330 3188 3438 3256; x_wconf 74' lang='lat'><strong>(25)</strong></span> <span class='ocrx_word' id='word_1_484' title='bbox 3459 3227 3472 3250; x_wconf 95' lang='lat'><strong>,</strong></span> <span class='ocrx_word' id='word_1_485' title='bbox 3506 3187 3624 3238; x_wconf 88' lang='grc' dir='ltr'>τότε</span> <span class='ocrx_word' id='word_1_486' title='bbox 3649 3189 3676 3239; x_wconf 93' lang='lat'><strong>6</strong></span> <span class='ocrx_word' id='word_1_487' title='bbox 3701 3186 3952 3256; x_wconf 76' lang='grc' dir='ltr'>βασιλεὺς</span> 
     </span>
    </p>
   </div>
   <div class='ocr_carea' id='block_1_64' title="bbox 720 3273 2280 3345">
    <p class='ocr_par' dir='ltr' id='par_1_64' title="bbox 720 3273 2280 3345">
     <span class='ocr_line' id='line_1_64' title="bbox 720 3273 2280 3345; baseline 0.004 -21"><span class='ocrx_word' id='word_1_488' title='bbox 720 3274 955 3326; x_wconf 78' lang='lat' dir='ltr'><strong>exercitu</strong></span> <span class='ocrx_word' id='word_1_489' title='bbox 987 3273 1195 3326; x_wconf 85' lang='lat' dir='ltr'><strong>obsedit</strong></span> <span class='ocrx_word' id='word_1_490' title='bbox 1235 3273 1535 3327; x_wconf 89' lang='lat' dir='ltr'><strong>Samariam</strong></span> <span class='ocrx_word' id='word_1_491' title='bbox 1557 3315 1572 3340; x_wconf 91' lang='lat'><strong>,</strong></span> <span class='ocrx_word' id='word_1_492' title='bbox 1603 3275 1738 3328; x_wconf 89' lang='lat' dir='ltr'><strong>adeo</strong></span> <span class='ocrx_word' id='word_1_493' title='bbox 1773 3285 1829 3328; x_wconf 89' lang='lat' dir='ltr'><strong>ut</strong></span> <span class='ocrx_word' id='word_1_494' title='bbox 1858 3277 2109 3330; x_wconf 84' lang='lat' dir='ltr'><strong>deessent</strong></span> <span class='ocrx_word' id='word_1_495' title='bbox 2151 3275 2280 3345; x_wconf 84' lang='lat' dir='ltr'><strong>ipsis</strong></span> 
     </span>
    </p>
   </div>
   <div class='ocr_carea' id='block_1_65' title="bbox 719 3365 2278 3436">
    <p class='ocr_par' dir='ltr' id='par_1_65' title="bbox 719 3365 2278 3436">
     <span class='ocr_line' id='line_1_65' title="bbox 719 3365 2278 3436; baseline 0.004 -22"><span class='ocrx_word' id='word_1_496' title='bbox 719 3365 1041 3426; x_wconf 84' lang='lat' dir='ltr'><strong>necessaria,</strong></span> <span class='ocrx_word' id='word_1_497' title='bbox 1083 3374 1137 3416; x_wconf 90' lang='lat' dir='ltr'><strong>et</strong></span> <span class='ocrx_word' id='word_1_498' title='bbox 1178 3366 1313 3416; x_wconf 89' lang='lat' dir='ltr'><strong>asini</strong></span> <span class='ocrx_word' id='word_1_499' title='bbox 1361 3375 1524 3433; x_wconf 87' lang='lat' dir='ltr'><strong>caput</strong></span> <span class='ocrx_word' id='word_1_500' title='bbox 1579 3367 1962 3436; x_wconf 81' lang='lat' dir='ltr'><strong>quinquaginta</strong></span> <span class='ocrx_word' id='word_1_501' title='bbox 2001 3367 2144 3423; x_wconf 86' lang='lat' dir='ltr'><strong>siclis</strong></span> <span class='ocrx_word' id='word_1_502' title='bbox 2196 3383 2278 3420; x_wconf 86' lang='lat' dir='ltr'><strong>ar-</strong></span> 
     </span>
    </p>
   </div>
   <div class='ocr_carea' id='block_1_66' title="bbox 718 3453 2284 3528">
    <p class='ocr_par' dir='ltr' id='par_1_66' title="bbox 718 3453 2284 3528">
     <span class='ocr_line' id='line_1_66' title="bbox 718 3453 2284 3528; baseline 0.003 -21"><span class='ocrx_word' id='word_1_503' title='bbox 718 3453 881 3520; x_wconf 81' lang='lat' dir='ltr'><strong>genti.</strong></span> <span class='ocrx_word' id='word_1_504' title='bbox 913 3463 965 3506; x_wconf 91' lang='lat' dir='ltr'><strong>et</strong></span> <span class='ocrx_word' id='word_1_505' title='bbox 993 3464 1182 3522; x_wconf 87' lang='lat' dir='ltr'><strong>quarta</strong></span> <span class='ocrx_word' id='word_1_506' title='bbox 1209 3469 1332 3522; x_wconf 90' lang='lat' dir='ltr'><strong>pars</strong></span> <span class='ocrx_word' id='word_1_507' title='bbox 1363 3457 1481 3508; x_wconf 90' lang='lat' dir='ltr'><strong>cabi</strong></span> <span class='ocrx_word' id='word_1_508' title='bbox 1525 3457 1783 3509; x_wconf 85' lang='lat' dir='ltr'><strong>stercoris</strong></span> <span class='ocrx_word' id='word_1_509' title='bbox 1813 3459 2102 3512; x_wconf 76' lang='lat' dir='ltr'><strong>columbini</strong></span> <span class='ocrx_word' id='word_1_510' title='bbox 2127 3459 2284 3528; x_wconf 92' lang='lat' dir='ltr'><strong>quin-</strong></span> 
     </span>
    </p>
   </div>
   <div class='ocr_carea' id='block_1_67' title="bbox 718 3546 2281 3617">
    <p class='ocr_par' dir='ltr' id='par_1_67' title="bbox 718 3546 2281 3617">
     <span class='ocr_line' id='line_1_67' title="bbox 718 3546 2281 3617; baseline 0.008 -22"><span class='ocrx_word' id='word_1_511' title='bbox 718 3562 818 3613; x_wconf 83' lang='lat' dir='ltr'><strong>que</strong></span> <span class='ocrx_word' id='word_1_512' title='bbox 847 3547 1052 3613; x_wconf 85' lang='lat' dir='ltr'><strong>argenti</strong></span> <span class='ocrx_word' id='word_1_513' title='bbox 1079 3546 1225 3600; x_wconf 90' lang='lat' dir='ltr'><strong>siclis</strong></span> <span class='ocrx_word' id='word_1_514' title='bbox 1253 3560 1528 3601; x_wconf 84' lang='lat' dir='ltr'><strong>emeretur</strong></span> <span class='ocrx_word' id='word_1_515' title='bbox 1549 3548 1614 3600; x_wconf 85' lang='grc'>⁷⁸.</span> <span class='ocrx_word' id='word_1_516' title='bbox 1637 3547 1787 3602; x_wconf 86' lang='lat' dir='ltr'><strong>Tunc</strong></span> <span class='ocrx_word' id='word_1_517' title='bbox 1815 3549 1994 3617; x_wconf 76' lang='lat' dir='ltr'><strong>itaque</strong></span> <span class='ocrx_word' id='word_1_518' title='bbox 2029 3564 2085 3604; x_wconf 92' lang='lat' dir='ltr'><strong>ut</strong></span> <span class='ocrx_word' id='word_1_519' title='bbox 2109 3553 2281 3607; x_wconf 68' lang='lat' dir='ltr'><strong>Elisaai</strong></span> 
     </span>
    </p>
   </div>
   <div class='ocr_carea' id='block_1_68' title="bbox 718 3638 2281 3710">
    <p class='ocr_par' dir='ltr' id='par_1_68' title="bbox 718 3638 2281 3710">
     <span class='ocr_line' id='line_1_68' title="bbox 718 3638 2281 3710; baseline 0.004 -21"><span class='ocrx_word' id='word_1_520' title='bbox 718 3638 999 3708; x_wconf 83' lang='lat' dir='ltr'><strong>promissio</strong></span> <span class='ocrx_word' id='word_1_521' title='bbox 1031 3638 1362 3706; x_wconf 87' lang='lat' dir='ltr'><strong>impleretur,</strong></span> <span class='ocrx_word' id='word_1_522' title='bbox 1395 3640 1654 3708; x_wconf 76' lang='lat' dir='ltr'><strong>dissupata</strong></span> <span class='ocrx_word' id='word_1_523' title='bbox 1689 3650 1816 3693; x_wconf 87' lang='lat' dir='ltr'><strong>sunt</strong></span> <span class='ocrx_word' id='word_1_524' title='bbox 1838 3641 2008 3710; x_wconf 73' lang='lat' dir='ltr'><strong>Syria:</strong></span> <span class='ocrx_word' id='word_1_525' title='bbox 2037 3645 2281 3708; x_wconf 88' lang='lat' dir='ltr'><strong>consilia,</strong></span> 
     </span>
    </p>
   </div>
   <div class='ocr_carea' id='block_1_69' title="bbox 718 3730 2283 3802">
    <p class='ocr_par' dir='ltr' id='par_1_69' title="bbox 718 3730 2283 3802">
     <span class='ocr_line' id='line_1_69' title="bbox 718 3730 2283 3802; baseline 0.002 -19"><span class='ocrx_word' id='word_1_526' title='bbox 718 3731 936 3798; x_wconf 77' lang='lat' dir='ltr'><strong>suisque</strong></span> <span class='ocrx_word' id='word_1_527' title='bbox 964 3730 1324 3783; x_wconf 83' lang='lat' dir='ltr'><strong>tabernaculis</strong></span> <span class='ocrx_word' id='word_1_528' title='bbox 1348 3747 1410 3783; x_wconf 89' lang='lat' dir='ltr'><strong>ac</strong></span> <span class='ocrx_word' id='word_1_529' title='bbox 1440 3732 1648 3786; x_wconf 91' lang='lat' dir='ltr'><strong>cunctis</strong></span> <span class='ocrx_word' id='word_1_530' title='bbox 1677 3732 1869 3798; x_wconf 90' lang='lat' dir='ltr'><strong>opibus</strong></span> <span class='ocrx_word' id='word_1_531' title='bbox 1907 3731 2105 3786; x_wconf 88' lang='lat' dir='ltr'><strong>relictis</strong></span> <span class='ocrx_word' id='word_1_532' title='bbox 2134 3733 2283 3802; x_wconf 82' lang='lat' dir='ltr'><strong>fuge-</strong></span> 
     </span>
    </p>
   </div>
   <div class='ocr_carea' id='block_1_70' title="bbox 720 3821 2281 3892">
    <p class='ocr_par' dir='ltr' id='par_1_70' title="bbox 720 3821 2281 3892">
     <span class='ocr_line' id='line_1_70' title="bbox 720 3821 2281 3892; baseline 0.003 -18"><span class='ocrx_word' id='word_1_533' title='bbox 720 3833 865 3884; x_wconf 90' lang='lat' dir='ltr'><strong>runt,</strong></span> <span class='ocrx_word' id='word_1_534' title='bbox 892 3832 1093 3876; x_wconf 90' lang='lat' dir='ltr'><strong>tantam</strong></span> <span class='ocrx_word' id='word_1_535' title='bbox 1117 3824 1166 3875; x_wconf 89' lang='lat' dir='ltr'><strong>in</strong></span> <span class='ocrx_word' id='word_1_536' title='bbox 1193 3821 1433 3875; x_wconf 84' lang='lat' dir='ltr'><strong>Samaria</strong></span> <span class='ocrx_word' id='word_1_537' title='bbox 1461 3838 1638 3876; x_wconf 89' lang='lat' dir='ltr'><strong>rerum</strong></span> <span class='ocrx_word' id='word_1_538' title='bbox 1667 3824 1873 3890; x_wconf 90' lang='lat' dir='ltr'><strong>copiam</strong></span> <span class='ocrx_word' id='word_1_539' title='bbox 1903 3823 2281 3892; x_wconf 88' lang='lat' dir='ltr'><strong>relinquentes,</strong></span> 
     </span>
    </p>
   </div>
   <div class='ocr_carea' id='block_1_71' title="bbox 721 3916 2284 3978">
    <p class='ocr_par' dir='ltr' id='par_1_71' title="bbox 721 3916 2284 3978">
     <span class='ocr_line' id='line_1_71' title="bbox 721 3916 2284 3978; baseline 0.001 -10"><span class='ocrx_word' id='word_1_540' title='bbox 721 3922 781 3968; x_wconf 87' lang='lat' dir='ltr'><strong>ut</strong></span> <span class='ocrx_word' id='word_1_541' title='bbox 810 3916 998 3969; x_wconf 70' lang='lat' dir='ltr'><strong>simila:</strong></span> <span class='ocrx_word' id='word_1_542' title='bbox 1019 3931 1270 3970; x_wconf 89' lang='lat' dir='ltr'><strong>mensura</strong></span> <span class='ocrx_word' id='word_1_543' title='bbox 1309 3916 1461 3978; x_wconf 84' lang='lat' dir='ltr'><strong>siclo,</strong></span> <span class='ocrx_word' id='word_1_544' title='bbox 1491 3928 1542 3970; x_wconf 89' lang='lat' dir='ltr'><strong>et</strong></span> <span class='ocrx_word' id='word_1_545' title='bbox 1563 3916 1680 3970; x_wconf 73' lang='lat' dir='ltr'><strong>dna:</strong></span> <span class='ocrx_word' id='word_1_546' title='bbox 1713 3917 1894 3971; x_wconf 86' lang='lat' dir='ltr'><strong>hordei</strong></span> <span class='ocrx_word' id='word_1_547' title='bbox 1924 3933 2186 3971; x_wconf 68' lang='lat' dir='ltr'><strong>mensurae</strong></span> <span class='ocrx_word' id='word_1_548' title='bbox 2212 3919 2284 3970; x_wconf 91' lang='lat' dir='ltr'><strong>si-</strong></span> 
     </span>
    </p>
   </div>
   <div class='ocr_carea' id='block_1_72' title="bbox 721 4008 2286 4080">
    <p class='ocr_par' dir='ltr' id='par_1_72' title="bbox 721 4008 2286 4080">
     <span class='ocr_line' id='line_1_72' title="bbox 721 4008 2286 4080; baseline 0.001 -19"><span class='ocrx_word' id='word_1_549' title='bbox 721 4008 803 4061; x_wconf 91' lang='lat' dir='ltr'><strong>clo</strong></span> <span class='ocrx_word' id='word_1_550' title='bbox 844 4023 952 4060; x_wconf 89' lang='lat' dir='ltr'><strong>uno</strong></span> <span class='ocrx_word' id='word_1_551' title='bbox 1002 4010 1335 4063; x_wconf 81' lang='lat' dir='ltr'><strong>venirent&quot;.</strong></span> <span class='ocrx_word' id='word_1_552' title='bbox 1361 4010 1452 4064; x_wconf 89' lang='lat' dir='ltr'><strong>Sic</strong></span> <span class='ocrx_word' id='word_1_553' title='bbox 1482 4011 1641 4080; x_wconf 89' lang='lat' dir='ltr'><strong>igitur</strong></span> <span class='ocrx_word' id='word_1_554' title='bbox 1675 4010 1937 4064; x_wconf 87' lang='lat' dir='ltr'><strong>Dominus</strong></span> <span class='ocrx_word' id='word_1_555' title='bbox 1981 4011 2129 4063; x_wconf 85' lang='lat' dir='ltr'><strong>novit</strong></span> <span class='ocrx_word' id='word_1_556' title='bbox 2158 4027 2286 4078; x_wconf 90' lang='lat' dir='ltr'><strong>gen-</strong></span> 
     </span>
    </p>
   </div>
   <div class='ocr_carea' id='block_1_73' title="bbox 722 4100 2284 4173">
    <p class='ocr_par' dir='ltr' id='par_1_73' title="bbox 722 4100 2284 4173">
     <span class='ocr_line' id='line_1_73' title="bbox 722 4100 2284 4173; baseline 0.003 -23"><span class='ocrx_word' id='word_1_557' title='bbox 722 4100 852 4150; x_wconf 90' lang='lat' dir='ltr'><strong>tium</strong></span> <span class='ocrx_word' id='word_1_558' title='bbox 907 4100 1129 4153; x_wconf 87' lang='lat' dir='ltr'><strong>consilia</strong></span> <span class='ocrx_word' id='word_1_559' title='bbox 1191 4103 1472 4171; x_wconf 86' lang='lat' dir='ltr'><strong>dissipare.</strong></span> <span class='ocrx_word' id='word_1_560' title='bbox 1531 4102 1810 4168; x_wconf 82' lang='lat' dir='ltr'><strong>Quomodo</strong></span> <span class='ocrx_word' id='word_1_561' title='bbox 1865 4117 1990 4156; x_wconf 86' lang='lat' dir='ltr'><strong>vero</strong></span> <span class='ocrx_word' id='word_1_562' title='bbox 2040 4102 2284 4173; x_wconf 89' lang='lat' dir='ltr'><strong>reprobet</strong></span> 
     </span>
    </p>
   </div>
   <div class='ocr_carea' id='block_1_74' title="bbox 720 4188 2289 4260">
    <p class='ocr_par' dir='ltr' id='par_1_74' title="bbox 720 4188 2289 4260">
     <span class='ocr_line' id='line_1_74' title="bbox 720 4188 2289 4260; baseline 0.004 -20"><span class='ocrx_word' id='word_1_563' title='bbox 720 4188 942 4241; x_wconf 83' lang='lat' dir='ltr'><strong>consilia</strong></span> <span class='ocrx_word' id='word_1_564' title='bbox 962 4190 1286 4259; x_wconf 84' lang='lat' dir='ltr'><strong>principum,</strong></span> <span class='ocrx_word' id='word_1_565' title='bbox 1311 4192 1363 4245; x_wconf 88' lang='lat' dir='ltr'><strong>in</strong></span> <span class='ocrx_word' id='word_1_566' title='bbox 1381 4193 1736 4260; x_wconf 77' lang='lat' dir='ltr'><strong>Achitophele</strong></span> <span class='ocrx_word' id='word_1_567' title='bbox 1750 4192 2056 4257; x_wconf 86' lang='lat' dir='ltr'><strong>didicimus,</strong></span> <span class='ocrx_word' id='word_1_568' title='bbox 2077 4191 2289 4260; x_wconf 86' lang='lat' dir='ltr'><strong>quando</strong></span> 
     </span>
    </p>
   </div>
   <div class='ocr_carea' id='block_1_75' title="bbox 721 4277 2290 4356">
    <p class='ocr_par' dir='ltr' id='par_1_75' title="bbox 721 4277 2290 4356">
     <span class='ocr_line' id='line_1_75' title="bbox 721 4277 2290 4356; baseline 0.004 -25"><span class='ocrx_word' id='word_1_569' title='bbox 721 4277 887 4332; x_wconf 84' lang='lat' dir='ltr'><strong>David</strong></span> <span class='ocrx_word' id='word_1_570' title='bbox 946 4282 1158 4345; x_wconf 87' lang='lat' dir='ltr'><strong>oravit,</strong></span> <span class='ocrx_word' id='word_1_571' title='bbox 1219 4283 1406 4338; x_wconf 87' lang='lat' dir='ltr'><strong>dicens</strong></span> <span class='ocrx_word' id='word_1_572' title='bbox 1464 4305 1476 4339; x_wconf 91' lang='lat'><strong>:</strong></span> <span class='ocrx_word' id='word_1_573' title='bbox 1535 4287 1745 4356; x_wconf 76' lang='lat' dir='ltr'><strong>Dissipa</strong></span> <span class='ocrx_word' id='word_1_574' title='bbox 1815 4304 1949 4340; x_wconf 82' lang='lat' dir='ltr'><strong>nunc</strong></span> <span class='ocrx_word' id='word_1_575' title='bbox 2013 4287 2290 4346; x_wconf 78' lang='lat' dir='ltr'><strong>consilium</strong></span> 
     </span>
    </p>
   </div>
   <div class='ocr_carea' id='block_1_76' title="bbox 722 4369 2288 4446">
    <p class='ocr_par' dir='ltr' id='par_1_76' title="bbox 722 4369 2288 4446">
     <span class='ocr_line' id='line_1_76' title="bbox 722 4369 2288 4446; baseline 0.006 -26"><span class='ocrx_word' id='word_1_576' title='bbox 722 4369 1105 4438; x_wconf 71' lang='lat' dir='ltr'><strong>Achitophct”.</strong></span> <span class='ocrx_word' id='word_1_577' title='bbox 1135 4370 1267 4424; x_wconf 87' lang='lat' dir='ltr'><strong>Cum</strong></span> <span class='ocrx_word' id='word_1_578' title='bbox 1309 4373 1470 4440; x_wconf 77' lang='lat' dir='ltr'><strong>igitur</strong></span> <span class='ocrx_word' id='word_1_579' title='bbox 1512 4379 1745 4432; x_wconf 91' lang='lat' dir='ltr'><strong>audieris</strong></span> <span class='ocrx_word' id='word_1_580' title='bbox 1772 4377 2073 4445; x_wconf 88' lang='lat' dir='ltr'><strong>quempiam</strong></span> <span class='ocrx_word' id='word_1_581' title='bbox 2099 4392 2288 4446; x_wconf 89' lang='lat' dir='ltr'><strong>magna</strong></span> 
     </span>
    </p>
   </div>
   <div class='ocr_carea' id='block_1_77' title="bbox 722 4461 2291 4535">
    <p class='ocr_par' dir='ltr' id='par_1_77' title="bbox 722 4461 2291 4535">
     <span class='ocr_line' id='line_1_77' title="bbox 722 4461 2291 4535; baseline 0.004 -22"><span class='ocrx_word' id='word_1_582' title='bbox 722 4461 1096 4525; x_wconf 88' lang='lat' dir='ltr'><strong>minitantem,</strong></span> <span class='ocrx_word' id='word_1_583' title='bbox 1146 4463 1551 4534; x_wconf 87' lang='lat' dir='ltr'><strong>jactautemqne</strong></span> <span class='ocrx_word' id='word_1_584' title='bbox 1593 4483 1651 4521; x_wconf 90' lang='lat' dir='ltr'><strong>se</strong></span> <span class='ocrx_word' id='word_1_585' title='bbox 1700 4468 1791 4520; x_wconf 91' lang='lat' dir='ltr'><strong>tibi</strong></span> <span class='ocrx_word' id='word_1_586' title='bbox 1851 4468 2030 4520; x_wconf 89' lang='lat' dir='ltr'><strong>omnis</strong></span> <span class='ocrx_word' id='word_1_587' title='bbox 2080 4467 2291 4535; x_wconf 89' lang='lat' dir='ltr'><strong>generis</strong></span> 
     </span>
    </p>
   </div>
   <div class='ocr_carea' id='block_1_78' title="bbox 2382 3277 3946 3349">
    <p class='ocr_par' dir='ltr' id='par_1_78' title="bbox 2382 3277 3946 3349">
     <span class='ocr_line' id='line_1_78' title="bbox 2382 3277 3946 3349; baseline -0.001 -19"><span class='ocrx_word' id='word_1_588' title='bbox 2382 3278 2580 3349; x_wconf 86' lang='grc' dir='ltr'>Συρίας</span> <span class='ocrx_word' id='word_1_589' title='bbox 2599 3277 2713 3342; x_wconf 77' lang='grc' dir='ltr'>υίὸς</span> <span class='ocrx_word' id='word_1_590' title='bbox 2755 3278 2927 3347; x_wconf 85' lang='grc' dir='ltr'>Ἀδέρ,</span> <span class='ocrx_word' id='word_1_591' title='bbox 2966 3277 3128 3347; x_wconf 85' lang='grc' dir='ltr'>πολλῇ</span> <span class='ocrx_word' id='word_1_592' title='bbox 3171 3277 3392 3347; x_wconf 88' lang='grc' dir='ltr'>δυνάμει</span> <span class='ocrx_word' id='word_1_593' title='bbox 3428 3279 3520 3330; x_wconf 74' lang='grc' dir='ltr'><strong>καὶ</strong></span> <span class='ocrx_word' id='word_1_594' title='bbox 3568 3278 3760 3349; x_wconf 69' lang='grc' dir='ltr'>βαρείᾳ</span> <span class='ocrx_word' id='word_1_595' title='bbox 3803 3278 3946 3348; x_wconf 72' lang='grc' dir='ltr'>χειρὶ</span> 
     </span>
    </p>
   </div>
   <div class='ocr_carea' id='block_1_79' title="bbox 2384 3369 3953 3441">
    <p class='ocr_par' dir='ltr' id='par_1_79' title="bbox 2384 3369 3953 3441">
     <span class='ocr_line' id='line_1_79' title="bbox 2384 3369 3953 3441; baseline 0.001 -21"><span class='ocrx_word' id='word_1_596' title='bbox 2384 3371 2781 3440; x_wconf 82' lang='grc' dir='ltr'>στρατηγήσας,</span> <span class='ocrx_word' id='word_1_597' title='bbox 2849 3369 3210 3440; x_wconf 85' lang='grc' dir='ltr'>περιεκάθητο</span> <span class='ocrx_word' id='word_1_598' title='bbox 3267 3371 3366 3440; x_wconf 81' lang='grc' dir='ltr'>τὴν</span> <span class='ocrx_word' id='word_1_599' title='bbox 3420 3369 3764 3441; x_wconf 88' lang='grc' dir='ltr'>Σαμάρειαν,</span> <span class='ocrx_word' id='word_1_600' title='bbox 3812 3371 3953 3422; x_wconf 84' lang='grc' dir='ltr'>ὥστε</span> 
     </span>
    </p>
   </div>
   <div class='ocr_carea' id='block_1_80' title="bbox 2381 3461 3952 3534">
    <p class='ocr_par' dir='ltr' id='par_1_80' title="bbox 2381 3461 3952 3534">
     <span class='ocr_line' id='line_1_80' title="bbox 2381 3461 3952 3534; baseline -0.001 -20"><span class='ocrx_word' id='word_1_601' title='bbox 2381 3462 2650 3515; x_wconf 74' lang='grc' dir='ltr'>ἐπιλιπεῖν</span> <span class='ocrx_word' id='word_1_602' title='bbox 2671 3462 2853 3524; x_wconf 82' lang='grc' dir='ltr'>αὐτοῖς</span> <span class='ocrx_word' id='word_1_603' title='bbox 2881 3461 2947 3514; x_wconf 66' lang='lat' dir='ltr'><strong>rit</strong></span> <span class='ocrx_word' id='word_1_604' title='bbox 2974 3463 3264 3530; x_wconf 87' lang='grc' dir='ltr'>ἀναγκαῖα,</span> <span class='ocrx_word' id='word_1_605' title='bbox 3297 3463 3388 3516; x_wconf 69' lang='grc' dir='ltr'>καὶ</span> <span class='ocrx_word' id='word_1_606' title='bbox 3412 3464 3648 3534; x_wconf 74' lang='grc' dir='ltr'>κεφαλὴν</span> <span class='ocrx_word' id='word_1_607' title='bbox 3677 3463 3800 3515; x_wconf 74' lang='grc' dir='ltr'>ὄνου</span> <span class='ocrx_word' id='word_1_608' title='bbox 3826 3479 3952 3514; x_wconf 88' lang='grc' dir='ltr'>πεν-</span> 
     </span>
    </p>
   </div>
   <div class='ocr_carea' id='block_1_81' title="bbox 2382 3551 3951 3628">
    <p class='ocr_par' dir='ltr' id='par_1_81' title="bbox 2382 3551 3951 3628">
     <span class='ocr_line' id='line_1_81' title="bbox 2382 3551 3951 3628; baseline -0.002 -20"><span class='ocrx_word' id='word_1_609' title='bbox 2382 3557 2615 3626; x_wconf 82' lang='grc' dir='ltr'>τήκοντα</span> <span class='ocrx_word' id='word_1_610' title='bbox 2640 3551 2780 3608; x_wconf 79' lang='grc' dir='ltr'>εἶναι</span> <span class='ocrx_word' id='word_1_611' title='bbox 2816 3556 3012 3608; x_wconf 85' lang='grc' dir='ltr'>σίκλων</span> <span class='ocrx_word' id='word_1_612' title='bbox 3040 3556 3323 3627; x_wconf 84' lang='grc' dir='ltr'>ἀργυρίου,</span> <span class='ocrx_word' id='word_1_613' title='bbox 3359 3558 3452 3610; x_wconf 75' lang='grc' dir='ltr'><strong>καὶ</strong></span> <span class='ocrx_word' id='word_1_614' title='bbox 3488 3557 3741 3628; x_wconf 89' lang='grc' dir='ltr'>τέταρτον</span> <span class='ocrx_word' id='word_1_615' title='bbox 3785 3554 3951 3608; x_wconf 74' lang='grc' dir='ltr'>κάεου</span> 
     </span>
    </p>
   </div>
   <div class='ocr_carea' id='block_1_82' title="bbox 2382 3645 3950 3720">
    <p class='ocr_par' dir='ltr' id='par_1_82' title="bbox 2382 3645 3950 3720">
     <span class='ocr_line' id='line_1_82' title="bbox 2382 3645 3950 3720; baseline -0.003 -19"><span class='ocrx_word' id='word_1_616' title='bbox 2382 3648 2587 3717; x_wconf 80' lang='grc' dir='ltr'>κόπρου</span> <span class='ocrx_word' id='word_1_617' title='bbox 2638 3648 2974 3720; x_wconf 82' lang='grc' dir='ltr'>περιστερῶν</span> <span class='ocrx_word' id='word_1_618' title='bbox 3024 3647 3184 3699; x_wconf 84' lang='grc' dir='ltr'>πέντε</span> <span class='ocrx_word' id='word_1_619' title='bbox 3235 3647 3430 3699; x_wconf 84' lang='grc' dir='ltr'>σίκλων</span> <span class='ocrx_word' id='word_1_620' title='bbox 3486 3647 3597 3714; x_wconf 66' lang='grc' dir='ltr'><strong>(ἳιί)</strong></span> <span class='ocrx_word' id='word_1_621' title='bbox 3663 3645 3950 3715; x_wconf 60' lang='grc' dir='ltr'>ἀργωρὲου.</span> 
     </span>
    </p>
   </div>
   <div class='ocr_carea' id='block_1_83' title="bbox 2383 3734 3954 3808">
    <p class='ocr_par' dir='ltr' id='par_1_83' title="bbox 2383 3734 3954 3808">
     <span class='ocr_line' id='line_1_83' title="bbox 2383 3734 3954 3808; baseline -0.004 -17"><span class='ocrx_word' id='word_1_622' title='bbox 2383 3740 2514 3791; x_wconf 84' lang='grc' dir='ltr'>Τότε</span> <span class='ocrx_word' id='word_1_623' title='bbox 2548 3740 2754 3803; x_wconf 84' lang='grc' dir='ltr'>τοίνυν,</span> <span class='ocrx_word' id='word_1_624' title='bbox 2792 3739 2877 3793; x_wconf 85' lang='grc' dir='ltr'><strong>ἴνα</strong></span> <span class='ocrx_word' id='word_1_625' title='bbox 2914 3741 2945 3808; x_wconf 75' lang='grc' dir='ltr'>ἡ</span> <span class='ocrx_word' id='word_1_626' title='bbox 2992 3738 3287 3804; x_wconf 77' lang='grc' dir='ltr'>ἐπαγγελία</span> <span class='ocrx_word' id='word_1_627' title='bbox 3318 3737 3412 3789; x_wconf 83' lang='grc' dir='ltr'><strong>τοῦ</strong></span> <span class='ocrx_word' id='word_1_628' title='bbox 3469 3735 3769 3789; x_wconf 83' lang='grc' dir='ltr'>Ἐλισσαίου</span> <span class='ocrx_word' id='word_1_629' title='bbox 3817 3734 3954 3804; x_wconf 76' lang='grc' dir='ltr'>πλη-</span> 
     </span>
    </p>
   </div>
   <div class='ocr_carea' id='block_1_84' title="bbox 2387 3826 3956 3900">
    <p class='ocr_par' dir='ltr' id='par_1_84' title="bbox 2387 3826 3956 3900">
     <span class='ocr_line' id='line_1_84' title="bbox 2387 3826 3956 3900; baseline -0.001 -20"><span class='ocrx_word' id='word_1_630' title='bbox 2387 3831 2552 3900; x_wconf 80' lang='grc' dir='ltr'>ρωθῇ,</span> <span class='ocrx_word' id='word_1_631' title='bbox 2583 3829 3036 3898; x_wconf 77' lang='grc' dir='ltr'>διεσκεδάσθησαν</span> <span class='ocrx_word' id='word_1_632' title='bbox 3071 3830 3124 3880; x_wconf 77' lang='grc' dir='ltr'>αἱ</span> <span class='ocrx_word' id='word_1_633' title='bbox 3157 3827 3339 3896; x_wconf 81' lang='grc' dir='ltr'>βουλαὶ</span> <span class='ocrx_word' id='word_1_634' title='bbox 3364 3829 3459 3897; x_wconf 77' lang='grc' dir='ltr'>τῆς</span> <span class='ocrx_word' id='word_1_635' title='bbox 3488 3826 3707 3896; x_wconf 81' lang='grc' dir='ltr'>Συρίας,</span> <span class='ocrx_word' id='word_1_636' title='bbox 3741 3827 3836 3880; x_wconf 69' lang='grc' dir='ltr'>καὶ</span> <span class='ocrx_word' id='word_1_637' title='bbox 3859 3844 3956 3879; x_wconf 83' lang='grc' dir='ltr'>κα-</span> 
     </span>
    </p>
   </div>
   <div class='ocr_carea' id='block_1_85' title="bbox 2381 3919 3955 3989">
    <p class='ocr_par' dir='ltr' id='par_1_85' title="bbox 2381 3919 3955 3989">
     <span class='ocr_line' id='line_1_85' title="bbox 2381 3919 3955 3989; baseline -0.002 -16"><span class='ocrx_word' id='word_1_638' title='bbox 2381 3921 2694 3982; x_wconf 87' lang='grc' dir='ltr'>ταλιπόντες</span> <span class='ocrx_word' id='word_1_639' title='bbox 2735 3920 2831 3982; x_wconf 74' lang='grc' dir='ltr'>τὰς</span> <span class='ocrx_word' id='word_1_640' title='bbox 2869 3920 3073 3989; x_wconf 77' lang='grc' dir='ltr'>σκηνὰς</span> <span class='ocrx_word' id='word_1_641' title='bbox 3117 3921 3324 3975; x_wconf 79' lang='grc' dir='ltr'>ἑαυτῶν</span> <span class='ocrx_word' id='word_1_642' title='bbox 3375 3919 3467 3973; x_wconf 73' lang='grc' dir='ltr'>καὶ</span> <span class='ocrx_word' id='word_1_643' title='bbox 3506 3921 3684 3971; x_wconf 77' lang='grc' dir='ltr'>πᾶσαν</span> <span class='ocrx_word' id='word_1_644' title='bbox 3723 3919 3822 3989; x_wconf 74' lang='grc' dir='ltr'><strong>τὴν</strong></span> <span class='ocrx_word' id='word_1_645' title='bbox 3855 3935 3955 3970; x_wconf 85' lang='grc' dir='ltr'>πε-</span> 
     </span>
    </p>
   </div>
   <div class='ocr_carea' id='block_1_86' title="bbox 2386 4009 3955 4082">
    <p class='ocr_par' dir='ltr' id='par_1_86' title="bbox 2386 4009 3955 4082">
     <span class='ocr_line' id='line_1_86' title="bbox 2386 4009 3955 4082; baseline -0.002 -20"><span class='ocrx_word' id='word_1_646' title='bbox 2386 4011 2625 4082; x_wconf 85' lang='grc' dir='ltr'>ριουσίαν</span> <span class='ocrx_word' id='word_1_647' title='bbox 2651 4009 2872 4078; x_wconf 73' lang='grc' dir='ltr'>ἔφυγον,</span> <span class='ocrx_word' id='word_1_648' title='bbox 2902 4011 3165 4080; x_wconf 80' lang='grc' dir='ltr'>τοσαύτην</span> <span class='ocrx_word' id='word_1_649' title='bbox 3198 4010 3448 4080; x_wconf 79' lang='grc' dir='ltr'>εὐθηνίαν</span> <span class='ocrx_word' id='word_1_650' title='bbox 3483 4009 3867 4072; x_wconf 82' lang='grc' dir='ltr'>καταλιπόντες</span> <span class='ocrx_word' id='word_1_651' title='bbox 3899 4011 3955 4060; x_wconf 70' lang='grc' dir='ltr'><strong>ἐν</strong></span> 
     </span>
    </p>
   </div>
   <div class='ocr_carea' id='block_1_87' title="bbox 2383 4100 3957 4175">
    <p class='ocr_par' dir='ltr' id='par_1_87' title="bbox 2383 4100 3957 4175">
     <span class='ocr_line' id='line_1_87' title="bbox 2383 4100 3957 4175; baseline -0.001 -21"><span class='ocrx_word' id='word_1_652' title='bbox 2383 4105 2448 4173; x_wconf 75' lang='grc' dir='ltr'>τῇ</span> <span class='ocrx_word' id='word_1_653' title='bbox 2471 4102 2766 4175; x_wconf 79' lang='grc' dir='ltr'>Σαμαρείᾳ,</span> <span class='ocrx_word' id='word_1_654' title='bbox 2803 4101 2941 4154; x_wconf 77' lang='grc' dir='ltr'>ὥστε</span> <span class='ocrx_word' id='word_1_655' title='bbox 2997 4103 3189 4173; x_wconf 84' lang='grc' dir='ltr'>μέτρον</span> <span class='ocrx_word' id='word_1_656' title='bbox 3238 4101 3564 4171; x_wconf 85' lang='grc' dir='ltr'>σεμιδάλεως</span> <span class='ocrx_word' id='word_1_657' title='bbox 3606 4102 3823 4166; x_wconf 82' lang='grc' dir='ltr'>σίκλου,</span> <span class='ocrx_word' id='word_1_658' title='bbox 3864 4100 3957 4153; x_wconf 66' lang='grc' dir='ltr'><strong>λαὶ</strong></span> 
     </span>
    </p>
   </div>
   <div class='ocr_carea' id='block_1_88' title="bbox 2385 4191 3955 4265">
    <p class='ocr_par' dir='ltr' id='par_1_88' title="bbox 2385 4191 3955 4265">
     <span class='ocr_line' id='line_1_88' title="bbox 2385 4191 3955 4265; baseline -0.004 -18"><span class='ocrx_word' id='word_1_659' title='bbox 2385 4194 2635 4265; x_wconf 84' lang='grc' dir='ltr'>δίμετρον</span> <span class='ocrx_word' id='word_1_660' title='bbox 2667 4193 2861 4263; x_wconf 79' lang='grc' dir='ltr'>κριθῆς</span> <span class='ocrx_word' id='word_1_661' title='bbox 2907 4193 3023 4256; x_wconf 84' lang='grc' dir='ltr'>ἐνὸς</span> <span class='ocrx_word' id='word_1_662' title='bbox 3063 4194 3244 4246; x_wconf 86' lang='grc' dir='ltr'>σίκλου</span> <span class='ocrx_word' id='word_1_663' title='bbox 3291 4193 3602 4246; x_wconf 86' lang='grc' dir='ltr'>πωλεῖσθαι.</span> <span class='ocrx_word' id='word_1_664' title='bbox 3657 4192 3809 4245; x_wconf 80' lang='grc' dir='ltr'>Οὕτω</span> <span class='ocrx_word' id='word_1_665' title='bbox 3857 4191 3955 4259; x_wconf 84' lang='grc' dir='ltr'><strong>μὲν</strong></span> 
     </span>
    </p>
   </div>
   <div class='ocr_carea' id='block_1_89' title="bbox 2386 4277 3956 4353">
    <p class='ocr_par' dir='ltr' id='par_1_89' title="bbox 2386 4277 3956 4353">
     <span class='ocr_line' id='line_1_89' title="bbox 2386 4277 3956 4353; baseline -0.004 -16"><span class='ocrx_word' id='word_1_666' title='bbox 2386 4280 2477 4337; x_wconf 81' lang='grc' dir='ltr'><strong>οὖν</strong></span> <span class='ocrx_word' id='word_1_667' title='bbox 2526 4285 2554 4336; x_wconf 91' lang='lat'><strong>6</strong></span> <span class='ocrx_word' id='word_1_668' title='bbox 2599 4281 2800 4353; x_wconf 77' lang='grc' dir='ltr'>Κύριος</span> <span class='ocrx_word' id='word_1_669' title='bbox 2827 4277 2935 4335; x_wconf 78' lang='grc' dir='ltr'>οἶδε</span> <span class='ocrx_word' id='word_1_670' title='bbox 2969 4281 3336 4345; x_wconf 80' lang='grc' dir='ltr'>διασκεδάζειν</span> <span class='ocrx_word' id='word_1_671' title='bbox 3371 4281 3563 4351; x_wconf 76' lang='grc' dir='ltr'>βουλάς</span> <span class='ocrx_word' id='word_1_672' title='bbox 3596 4281 3785 4334; x_wconf 82' lang='grc' dir='ltr'>ἐθνῶν.</span> <span class='ocrx_word' id='word_1_673' title='bbox 3833 4279 3956 4343; x_wconf 89' lang='grc' dir='ltr'>Πῶς</span> 
     </span>
    </p>
   </div>
   <div class='ocr_carea' id='block_1_90' title="bbox 2387 4371 3957 4443">
    <p class='ocr_par' dir='ltr' id='par_1_90' title="bbox 2387 4371 3957 4443">
     <span class='ocr_line' id='line_1_90' title="bbox 2387 4371 3957 4443; baseline -0.003 -16"><span class='ocrx_word' id='word_1_674' title='bbox 2387 4376 2444 4427; x_wconf 83' lang='grc' dir='ltr'><strong>δὲ</strong></span> <span class='ocrx_word' id='word_1_675' title='bbox 2478 4375 2657 4427; x_wconf 87' lang='grc' dir='ltr'>ἀθετεῖ</span> <span class='ocrx_word' id='word_1_676' title='bbox 2692 4373 2882 4443; x_wconf 80' lang='grc' dir='ltr'>βουλάς</span> <span class='ocrx_word' id='word_1_677' title='bbox 2926 4373 3037 4442; x_wconf 74' lang='grc'>(25)</span> <span class='ocrx_word' id='word_1_678' title='bbox 3083 4375 3386 4443; x_wconf 81' lang='grc' dir='ltr'>ἀρχόντων,</span> <span class='ocrx_word' id='word_1_679' title='bbox 3417 4372 3510 4424; x_wconf 78' lang='grc' dir='ltr'><strong>ἐπὶ</strong></span> <span class='ocrx_word' id='word_1_680' title='bbox 3545 4371 3638 4424; x_wconf 85' lang='grc' dir='ltr'>τοῦ</span> <span class='ocrx_word' id='word_1_681' title='bbox 3680 4371 3957 4441; x_wconf 68' lang='grc' dir='ltr'>Ἀχιτόφελ</span> 
     </span>
    </p>
   </div>
   <div class='ocr_carea' id='block_1_91' title="bbox 2394 4463 3953 4538">
    <p class='ocr_par' dir='ltr' id='par_1_91' title="bbox 2394 4463 3953 4538">
     <span class='ocr_line' id='line_1_91' title="bbox 2394 4463 3953 4538; baseline -0.003 -18"><span class='ocrx_word' id='word_1_682' title='bbox 2394 4469 2812 4538; x_wconf 76' lang='grc' dir='ltr'>μεμαθήκαμεν,</span> <span class='ocrx_word' id='word_1_683' title='bbox 2867 4465 2954 4517; x_wconf 84' lang='grc' dir='ltr'><strong>ὅτε</strong></span> <span class='ocrx_word' id='word_1_684' title='bbox 3002 4464 3203 4533; x_wconf 73' lang='grc' dir='ltr'>ηὔξατο</span> <span class='ocrx_word' id='word_1_685' title='bbox 3255 4465 3416 4534; x_wconf 78' lang='grc' dir='ltr'>εὐχὴν</span> <span class='ocrx_word' id='word_1_686' title='bbox 3471 4465 3498 4516; x_wconf 91' lang='lat'><strong>6</strong></span> <span class='ocrx_word' id='word_1_687' title='bbox 3542 4464 3702 4516; x_wconf 77' lang='grc' dir='ltr'>Δαϐὶδ</span> <span class='ocrx_word' id='word_1_688' title='bbox 3749 4463 3953 4530; x_wconf 80' lang='grc' dir='ltr'>λέγων’</span> 
     </span>
    </p>
   </div>
   <div class='ocr_carea' id='block_1_92' title="bbox 723 4554 2405 4641">
    <p class='ocr_par' dir='ltr' id='par_1_92' title="bbox 723 4554 2405 4641">
     <span class='ocr_line' id='line_1_92' title="bbox 723 4554 2405 4641; baseline 0.002 -36"><span class='ocrx_word' id='word_1_689' title='bbox 723 4566 1013 4617; x_wconf 70' lang='lat' dir='ltr'><strong>aerumnas,</strong></span> <span class='ocrx_word' id='word_1_690' title='bbox 1046 4554 1263 4620; x_wconf 85' lang='lat' dir='ltr'><strong>datnua,</strong></span> <span class='ocrx_word' id='word_1_691' title='bbox 1325 4566 1414 4641; x_wconf 73' lang='lat' dir='ltr'><strong>aut</strong></span> <span class='ocrx_word' id='word_1_692' title='bbox 1453 4558 1670 4627; x_wconf 80' lang='lat' dir='ltr'><strong>plagas,</strong></span> <span class='ocrx_word' id='word_1_693' title='bbox 1713 4566 1805 4610; x_wconf 89' lang='lat' dir='ltr'><strong>aut</strong></span> <span class='ocrx_word' id='word_1_694' title='bbox 1855 4568 2081 4609; x_wconf 88' lang='lat' dir='ltr'><strong>mortem</strong></span> <span class='ocrx_word' id='word_1_695' title='bbox 2116 4557 2286 4608; x_wconf 87' lang='lat' dir='ltr'><strong>illatu-</strong></span> <span class='ocrx_word' id='word_1_696' title='bbox 2318 4557 2405 4611; x_wconf 80' lang='lat' dir='ltr'><strong>Dt</strong></span> 
     </span>
    </p>
   </div>
   <div class='ocr_carea' id='block_1_93' title="bbox 2275 4554 3957 4641">
    <p class='ocr_par' dir='ltr' id='par_1_93' title="bbox 2275 4554 3957 4621">
     <span class='ocr_line' id='line_1_93' title="bbox 2275 4554 3957 4621; baseline -0.004 -10"><span class='ocrx_word' id='word_1_697' title='bbox 2275 4584 2286 4594; x_wconf 90' lang='lat'><strong>-</strong></span> <span class='ocrx_word' id='word_1_698' title='bbox 2318 4557 2361 4611; x_wconf 90' lang='lat' dir='ltr'><strong>D</strong></span> <span class='ocrx_word' id='word_1_699' title='bbox 2388 4556 2798 4610; x_wconf 65' lang='grc' dir='ltr'>Διωκέὸασον</span> <span class='ocrx_word' id='word_1_700' title='bbox 2837 4554 2911 4621; x_wconf 73' lang='grc' dir='ltr'>δὴ</span> <span class='ocrx_word' id='word_1_701' title='bbox 2961 4557 3073 4621; x_wconf 79' lang='grc' dir='ltr'><strong>τὴν</strong></span> <span class='ocrx_word' id='word_1_702' title='bbox 3110 4554 3353 4620; x_wconf 79' lang='grc' dir='ltr'><strong>βουλὴν</strong></span> <span class='ocrx_word' id='word_1_703' title='bbox 3410 4554 3740 4621; x_wconf 63' lang='grc' dir='ltr'>Ἀχιτόφελ.</span> <span class='ocrx_word' id='word_1_704' title='bbox 3790 4555 3957 4606; x_wconf 86' lang='grc' dir='ltr'>Ὅταν</span> 
     </span>
    </p>
   </div>
   <div class='ocr_carea' id='block_1_94' title="bbox 723 4646 2282 4718">
    <p class='ocr_par' dir='ltr' id='par_1_94' title="bbox 723 4646 2282 4718">
     <span class='ocr_line' id='line_1_94' title="bbox 723 4646 2282 4718; baseline 0.001 -21"><span class='ocrx_word' id='word_1_705' title='bbox 723 4660 864 4708; x_wconf 89' lang='lat' dir='ltr'><strong>rum,</strong></span> <span class='ocrx_word' id='word_1_706' title='bbox 902 4646 1110 4716; x_wconf 84' lang='lat' dir='ltr'><strong>respice</strong></span> <span class='ocrx_word' id='word_1_707' title='bbox 1153 4647 1220 4702; x_wconf 89' lang='lat' dir='ltr'><strong>ad</strong></span> <span class='ocrx_word' id='word_1_708' title='bbox 1265 4647 1547 4702; x_wconf 88' lang='lat' dir='ltr'><strong>Dominum</strong></span> <span class='ocrx_word' id='word_1_709' title='bbox 1593 4649 1830 4718; x_wconf 88' lang='lat' dir='ltr'><strong>gentium</strong></span> <span class='ocrx_word' id='word_1_710' title='bbox 1868 4647 2091 4701; x_wconf 87' lang='lat' dir='ltr'><strong>consilia</strong></span> <span class='ocrx_word' id='word_1_711' title='bbox 2123 4646 2282 4700; x_wconf 85' lang='lat' dir='ltr'><strong>dissi-</strong></span> 
     </span>
    </p>
   </div>
   <div class='ocr_carea' id='block_1_95' title="bbox 721 4739 2212 4810">
    <p class='ocr_par' dir='ltr' id='par_1_95' title="bbox 721 4739 2212 4810">
     <span class='ocr_line' id='line_1_95' title="bbox 721 4739 2212 4810; baseline 0.002 -21"><span class='ocrx_word' id='word_1_712' title='bbox 721 4747 962 4804; x_wconf 89' lang='lat' dir='ltr'><strong>pantem,</strong></span> <span class='ocrx_word' id='word_1_713' title='bbox 997 4747 1053 4792; x_wconf 86' lang='lat' dir='ltr'><strong>et</strong></span> <span class='ocrx_word' id='word_1_714' title='bbox 1081 4740 1397 4807; x_wconf 88' lang='lat' dir='ltr'><strong>populorum</strong></span> <span class='ocrx_word' id='word_1_715' title='bbox 1431 4740 1783 4810; x_wconf 83' lang='lat' dir='ltr'><strong>cogitationes</strong></span> <span class='ocrx_word' id='word_1_716' title='bbox 1813 4739 2212 4806; x_wconf 88' lang='lat' dir='ltr'><strong>reprobantem.</strong></span> 
     </span>
    </p>
   </div>
   <div class='ocr_carea' id='block_1_96' title="bbox 2388 4642 3960 4714">
    <p class='ocr_par' dir='ltr' id='par_1_96' title="bbox 2388 4642 3960 4714">
     <span class='ocr_line' id='line_1_96' title="bbox 2388 4642 3960 4714; baseline -0.003 -16"><span class='ocrx_word' id='word_1_717' title='bbox 2388 4642 2482 4698; x_wconf 79' lang='grc' dir='ltr'><strong>οὖν</strong></span> <span class='ocrx_word' id='word_1_718' title='bbox 2512 4645 2750 4714; x_wconf 80' lang='grc' dir='ltr'>ἀκούσῃς</span> <span class='ocrx_word' id='word_1_719' title='bbox 2781 4645 2922 4705; x_wconf 82' lang='grc' dir='ltr'>τινὸς</span> <span class='ocrx_word' id='word_1_720' title='bbox 2951 4643 3293 4706; x_wconf 78' lang='grc' dir='ltr'>ἀπειλοῦντος</span> <span class='ocrx_word' id='word_1_721' title='bbox 3317 4644 3544 4714; x_wconf 81' lang='grc' dir='ltr'>μεγάλα,</span> <span class='ocrx_word' id='word_1_722' title='bbox 3568 4644 3662 4696; x_wconf 70' lang='grc' dir='ltr'><strong>καὶ</strong></span> <span class='ocrx_word' id='word_1_723' title='bbox 3692 4643 3960 4710; x_wconf 84' lang='grc' dir='ltr'>ἐπαγγελ-</span> 
     </span>
    </p>
   </div>
   <div class='ocr_carea' id='block_1_97' title="bbox 2390 4735 3956 4809">
    <p class='ocr_par' dir='ltr' id='par_1_97' title="bbox 2390 4735 3956 4809">
     <span class='ocr_line' id='line_1_97' title="bbox 2390 4735 3956 4809; baseline -0.002 -18"><span class='ocrx_word' id='word_1_724' title='bbox 2390 4738 2613 4809; x_wconf 91' lang='grc' dir='ltr'>λομένου</span> <span class='ocrx_word' id='word_1_725' title='bbox 2650 4754 2730 4790; x_wconf 85' lang='grc' dir='ltr'><strong>σοι</strong></span> <span class='ocrx_word' id='word_1_726' title='bbox 2765 4735 3107 4799; x_wconf 76' lang='grc' dir='ltr'>παντοδαπὰς</span> <span class='ocrx_word' id='word_1_727' title='bbox 3139 4736 3355 4801; x_wconf 80' lang='grc' dir='ltr'>ἐπάξειν</span> <span class='ocrx_word' id='word_1_728' title='bbox 3397 4737 3696 4801; x_wconf 87' lang='grc' dir='ltr'>κακώσεις,</span> <span class='ocrx_word' id='word_1_729' title='bbox 3736 4736 3956 4806; x_wconf 77' lang='grc' dir='ltr'>ζημίας,</span> 
     </span>
    </p>
   </div>
   <div class='ocr_carea' id='block_1_98' title="bbox 723 4826 3960 4902">
    <p class='ocr_par' dir='ltr' id='par_1_98' title="bbox 723 4826 3960 4902">
     <span class='ocr_line' id='line_1_98' title="bbox 723 4826 3960 4902; baseline 0.001 -23"><span class='ocrx_word' id='word_1_730' title='bbox 723 4826 1012 4898; x_wconf 75' lang='grc' dir='ltr'>ῆπληγάς,</span> <span class='ocrx_word' id='word_1_731' title='bbox 1049 4830 1081 4901; x_wconf 78' lang='grc' dir='ltr'>ἦ</span> <span class='ocrx_word' id='word_1_732' title='bbox 1118 4830 1399 4897; x_wconf 87' lang='grc' dir='ltr'>θανάτους,</span> <span class='ocrx_word' id='word_1_733' title='bbox 1445 4831 1746 4900; x_wconf 70' lang='grc' dir='ltr'>ἀπόϐλεψον</span> <span class='ocrx_word' id='word_1_734' title='bbox 1783 4830 1915 4902; x_wconf 81' lang='grc' dir='ltr'>πρὸς</span> <span class='ocrx_word' id='word_1_735' title='bbox 1962 4829 2050 4883; x_wconf 76' lang='grc' dir='ltr'>τὸν</span> <span class='ocrx_word' id='word_1_736' title='bbox 2089 4828 2292 4901; x_wconf 82' lang='grc' dir='ltr'>Κύριον</span> <span class='ocrx_word' id='word_1_737' title='bbox 2327 4830 2417 4883; x_wconf 88' lang='grc' dir='ltr'><strong>τὸν</strong></span> <span class='ocrx_word' id='word_1_738' title='bbox 2473 4829 2887 4893; x_wconf 76' lang='grc' dir='ltr'>διασκεδάζοντα</span> <span class='ocrx_word' id='word_1_739' title='bbox 2957 4827 3150 4898; x_wconf 84' lang='grc' dir='ltr'>βουλὰς</span> <span class='ocrx_word' id='word_1_740' title='bbox 3188 4827 3389 4894; x_wconf 82' lang='grc' dir='ltr'>ἐθνῶν,</span> <span class='ocrx_word' id='word_1_741' title='bbox 3425 4829 3518 4882; x_wconf 69' lang='grc' dir='ltr'><strong>καὶ</strong></span> <span class='ocrx_word' id='word_1_742' title='bbox 3550 4828 3842 4882; x_wconf 82' lang='grc' dir='ltr'>άθετοῦντα</span> <span class='ocrx_word' id='word_1_743' title='bbox 3872 4830 3960 4881; x_wconf 82' lang='grc' dir='ltr'>λο-</span> 
     </span>
    </p>
   </div>
   <div class='ocr_carea' id='block_1_99' title="bbox 723 4925 1146 4995">
    <p class='ocr_par' dir='ltr' id='par_1_99' title="bbox 723 4925 1146 4995">
     <span class='ocr_line' id='line_1_99' title="bbox 723 4925 1146 4995; baseline 0.007 -19"><span class='ocrx_word' id='word_1_744' title='bbox 723 4925 950 4995; x_wconf 78' lang='grc' dir='ltr'>γισμοὺς</span> <span class='ocrx_word' id='word_1_745' title='bbox 981 4925 1146 4980; x_wconf 89' lang='grc' dir='ltr'>λαῶν.</span> 
     </span>
    </p>
   </div>
   <div class='ocr_carea' id='block_1_100' title="bbox 794 5055 2476 5143">
    <p class='ocr_par' dir='ltr' id='par_1_100' title="bbox 794 5070 2476 5143">
     <span class='ocr_line' id='line_1_100' title="bbox 794 5070 2476 5143; baseline -0.001 -18"><span class='ocrx_word' id='word_1_746' title='bbox 794 5072 840 5104; x_wconf 82' lang='grc'><strong>⁷⁸</strong></span> <span class='ocrx_word' id='word_1_747' title='bbox 871 5071 912 5125; x_wconf 93' lang='lat' dir='ltr'><strong>ll</strong></span> <span class='ocrx_word' id='word_1_748' title='bbox 942 5072 1071 5143; x_wconf 79' lang='lat' dir='ltr'><strong>Cor.</strong></span> <span class='ocrx_word' id='word_1_749' title='bbox 1111 5073 1277 5135; x_wconf 72' lang='lat' dir='ltr'><strong>v.17.</strong></span> <span class='ocrx_word' id='word_1_750' title='bbox 1353 5075 1398 5105; x_wconf 89' lang='grc'><strong>⁷⁷</strong></span> <span class='ocrx_word' id='word_1_751' title='bbox 1443 5075 1635 5143; x_wconf 86' lang='lat' dir='ltr'><strong>Eplies.</strong></span> <span class='ocrx_word' id='word_1_752' title='bbox 1688 5087 1748 5139; x_wconf 85' lang='lat' dir='ltr'><strong>tt,</strong></span> <span class='ocrx_word' id='word_1_753' title='bbox 1800 5073 1887 5129; x_wconf 79' lang='lat' dir='ltr'><strong>i5.</strong></span> <span class='ocrx_word' id='word_1_754' title='bbox 1961 5073 2008 5103; x_wconf 84' lang='lat'><strong>&quot;</strong></span> <span class='ocrx_word' id='word_1_755' title='bbox 2033 5070 2102 5126; x_wconf 74' lang='grc' dir='ltr'><strong>ιν</strong></span> <span class='ocrx_word' id='word_1_756' title='bbox 2126 5071 2254 5142; x_wconf 85' lang='lat' dir='ltr'><strong>Reg.</strong></span> <span class='ocrx_word' id='word_1_757' title='bbox 2287 5085 2360 5137; x_wconf 73' lang='lat' dir='ltr'><strong>vr,</strong></span> <span class='ocrx_word' id='word_1_758' title='bbox 2417 5070 2476 5124; x_wconf 70' lang='grc' dir='ltr'><strong>ἓξ</strong></span> 
     </span>
    </p>
   </div>
   <div class='ocr_carea' id='block_1_101' title="bbox 2275 5055 3957 5143">
    <p class='ocr_par' dir='ltr' id='par_1_101' title="bbox 2287 5055 3957 5137">
     <span class='ocr_line' id='line_1_101' title="bbox 2287 5055 3957 5137; baseline -0.008 -14"><span class='ocrx_word' id='word_1_759' title='bbox 2287 5085 2360 5137; x_wconf 80' lang='grc' dir='ltr'><strong>νι,</strong></span> <span class='ocrx_word' id='word_1_760' title='bbox 2417 5070 2512 5136; x_wconf 74' lang='grc'><strong>25,</strong></span> <span class='ocrx_word' id='word_1_761' title='bbox 2560 5084 2664 5123; x_wconf 78' lang='lat' dir='ltr'><strong>sec.</strong></span> <span class='ocrx_word' id='word_1_762' title='bbox 2701 5061 2871 5116; x_wconf 76' lang='lat' dir='ltr'><strong>LXX.</strong></span> <span class='ocrx_word' id='word_1_763' title='bbox 2945 5061 2990 5093; x_wconf 74' lang='grc' dir='ltr'><strong>τ’</strong></span> <span class='ocrx_word' id='word_1_764' title='bbox 3019 5059 3082 5114; x_wconf 81' lang='lat' dir='ltr'><strong>lV</strong></span> <span class='ocrx_word' id='word_1_765' title='bbox 3113 5058 3247 5130; x_wconf 87' lang='lat' dir='ltr'><strong>Reg.</strong></span> <span class='ocrx_word' id='word_1_766' title='bbox 3284 5073 3380 5124; x_wconf 89' lang='lat' dir='ltr'><strong>vn,</strong></span> <span class='ocrx_word' id='word_1_767' title='bbox 3422 5056 3473 5123; x_wconf 78' lang='grc'>1,</span> <span class='ocrx_word' id='word_1_768' title='bbox 3531 5057 3618 5122; x_wconf 81' lang='grc'><strong>16,</strong></span> <span class='ocrx_word' id='word_1_769' title='bbox 3673 5055 3762 5112; x_wconf 78' lang='grc'><strong>18.</strong></span> <span class='ocrx_word' id='word_1_770' title='bbox 3837 5057 3882 5088; x_wconf 77' lang='grc'><strong>⁸⁸</strong></span> <span class='ocrx_word' id='word_1_771' title='bbox 3916 5055 3957 5110; x_wconf 86' lang='lat' dir='ltr'><strong>ll</strong></span> 
     </span>
    </p>
   </div>
   <div class='ocr_carea' id='block_1_102' title="bbox 724 5138 1103 5213">
    <p class='ocr_par' dir='ltr' id='par_1_102' title="bbox 724 5138 1103 5213">
     <span class='ocr_line' id='line_1_102' title="bbox 724 5138 1103 5213; baseline 0 -19"><span class='ocrx_word' id='word_1_772' title='bbox 724 5138 861 5213; x_wconf 82' lang='lat' dir='ltr'><strong>Reg.</strong></span> <span class='ocrx_word' id='word_1_773' title='bbox 895 5158 989 5207; x_wconf 73' lang='lat' dir='ltr'><strong>xv,</strong></span> <span class='ocrx_word' id='word_1_774' title='bbox 1014 5142 1103 5196; x_wconf 76' lang='grc'><strong>51.</strong></span> 
     </span>
    </p>
   </div>
   <div class='ocr_carea' id='block_1_103' title="bbox 817 5294 1797 5368">
    <p class='ocr_par' dir='ltr' id='par_1_103' title="bbox 817 5294 1797 5368">
     <span class='ocr_line' id='line_1_103' title="bbox 817 5294 1797 5368; baseline -0.004 -16"><span class='ocrx_word' id='word_1_775' title='bbox 817 5297 906 5368; x_wconf 65' lang='grc' dir='ltr'><strong>Ἡ)</strong></span> <span class='ocrx_word' id='word_1_776' title='bbox 929 5297 1082 5352; x_wconf 83' lang='lat' dir='ltr'><strong>Colb.</strong></span> <span class='ocrx_word' id='word_1_777' title='bbox 1110 5298 1318 5367; x_wconf 85' lang='lat' dir='ltr'><strong>primus</strong></span> <span class='ocrx_word' id='word_1_778' title='bbox 1344 5295 1563 5363; x_wconf 85' lang='grc' dir='ltr'>ἀνάγειν</span> <span class='ocrx_word' id='word_1_779' title='bbox 1603 5294 1797 5368; x_wconf 62' lang='grc' dir='ltr'><strong>ταῦταἶ</strong></span> 
     </span>
    </p>
   </div>
   <div class='ocr_carea' id='block_1_104' title="bbox 818 5363 2293 5440">
    <p class='ocr_par' dir='ltr' id='par_1_104' title="bbox 818 5363 2293 5440">
     <span class='ocr_line' id='line_1_104' title="bbox 818 5363 2293 5440; baseline -0.005 -18"><span class='ocrx_word' id='word_1_780' title='bbox 818 5363 907 5440; x_wconf 74' lang='lat'><strong>25)</strong></span> <span class='ocrx_word' id='word_1_781' title='bbox 935 5369 1011 5422; x_wconf 92' lang='lat' dir='ltr'><strong>Ita</strong></span> <span class='ocrx_word' id='word_1_782' title='bbox 1058 5363 1212 5421; x_wconf 79' lang='lat' dir='ltr'><strong>multi</strong></span> <span class='ocrx_word' id='word_1_783' title='bbox 1260 5382 1406 5440; x_wconf 90' lang='lat' dir='ltr'><strong>mss._</strong></span> <span class='ocrx_word' id='word_1_784' title='bbox 1414 5382 1534 5420; x_wconf 91' lang='lat' dir='ltr'><strong>cum</strong></span> <span class='ocrx_word' id='word_1_785' title='bbox 1557 5367 1751 5440; x_wconf 65' lang='lat' dir='ltr'><strong>editis.</strong></span> <span class='ocrx_word' id='word_1_786' title='bbox 1773 5366 1908 5440; x_wconf 71' lang='lat' dir='ltr'><strong>Reg.</strong></span> <span class='ocrx_word' id='word_1_787' title='bbox 1941 5363 2206 5440; x_wconf 81' lang='lat' dir='ltr'><strong>secundus</strong></span> <span class='ocrx_word' id='word_1_788' title='bbox 2239 5372 2293 5416; x_wconf 89' lang='lat' dir='ltr'><strong>et</strong></span> 
     </span>
    </p>
   </div>
   <div class='ocr_carea' id='block_1_105' title="bbox 725 5435 2290 5505">
    <p class='ocr_par' dir='ltr' id='par_1_105' title="bbox 725 5435 2290 5505">
     <span class='ocr_line' id='line_1_105' title="bbox 725 5435 2290 5505; baseline -0.006 -11"><span class='ocrx_word' id='word_1_789' title='bbox 725 5435 898 5494; x_wconf 38' lang='lat' dir='ltr'><strong>Colb.’</strong></span> <span class='ocrx_word' id='word_1_790' title='bbox 946 5450 1131 5494; x_wconf 82' lang='lat' dir='ltr'><strong>sextus</strong></span> <span class='ocrx_word' id='word_1_791' title='bbox 1187 5453 1310 5491; x_wconf 91' lang='lat' dir='ltr'><strong>cum</strong></span> <span class='ocrx_word' id='word_1_792' title='bbox 1368 5435 1569 5490; x_wconf 82' lang='lat' dir='ltr'><strong>Catena</strong></span> <span class='ocrx_word' id='word_1_793' title='bbox 1613 5435 1839 5490; x_wconf 87' lang='lat' dir='ltr'><strong>Corder.</strong></span> <span class='ocrx_word' id='word_1_794' title='bbox 1869 5435 1952 5489; x_wconf 78' lang='grc' dir='ltr'><strong>ἐν</strong></span> <span class='ocrx_word' id='word_1_795' title='bbox 2022 5435 2290 5505; x_wconf 78' lang='grc' dir='ltr'>Ἰερουσα-</span> 
     </span>
    </p>
   </div>
   <div class='ocr_carea' id='block_1_106' title="bbox 726 5505 2296 5581">
    <p class='ocr_par' dir='ltr' id='par_1_106' title="bbox 726 5505 2296 5581">
     <span class='ocr_line' id='line_1_106' title="bbox 726 5505 2296 5581; baseline -0.004 -18"><span class='ocrx_word' id='word_1_796' title='bbox 726 5508 862 5581; x_wconf 84' lang='grc' dir='ltr'>λήμ,</span> <span class='ocrx_word' id='word_1_797' title='bbox 897 5513 989 5565; x_wconf 86' lang='lat' dir='ltr'><strong>sed</strong></span> <span class='ocrx_word' id='word_1_798' title='bbox 1042 5511 1118 5581; x_wconf 86' lang='lat' dir='ltr'><strong>ita</strong></span> <span class='ocrx_word' id='word_1_799' title='bbox 1177 5515 1475 5581; x_wconf 24' lang='lat' dir='ltr'><strong>tamenaut</strong></span> <span class='ocrx_word' id='word_1_800' title='bbox 1511 5505 1715 5559; x_wconf 85' lang='lat' dir='ltr'><strong>Catena</strong></span> <span class='ocrx_word' id='word_1_801' title='bbox 1749 5507 1972 5581; x_wconf 72' lang='lat' dir='ltr'><strong>Cprder.</strong></span> <span class='ocrx_word' id='word_1_802' title='bbox 2010 5505 2296 5581; x_wconf 82' lang='lat' dir='ltr'><strong>lectionem</strong></span> 
     </span>
    </p>
   </div>
   <div class='ocr_carea' id='block_1_107' title="bbox 728 5528 2157 5649">
    <p class='ocr_par' dir='ltr' id='par_1_107' title="bbox 728 5528 2157 5649">
     <span class='ocr_line' id='line_1_107' title="bbox 728 5528 2157 5581; baseline -0.003 -18"><span class='ocrx_word' id='word_1_803' title='bbox 728 5528 792 5581; x_wconf 82' lang='grc' dir='ltr'><strong>Αη</strong></span> <span class='ocrx_word' id='word_1_804' title='bbox 846 5549 862 5574; x_wconf 63' lang='grc' dir='ltr'><strong>ν</strong></span> <span class='ocrx_word' id='word_1_805' title='bbox 897 5528 989 5565; x_wconf 70' lang='grc' dir='ltr'>εει]</span> <span class='ocrx_word' id='word_1_806' title='bbox 1047 5528 1118 5561; x_wconf 72' lang='lat' dir='ltr'><strong>Ila</strong></span> <span class='ocrx_word' id='word_1_807' title='bbox 1177 5528 1378 5565; x_wconf 83' lang='lat' dir='ltr'><strong>tamen.</strong></span> <span class='ocrx_word' id='word_1_808' title='bbox 1417 5528 1475 5559; x_wconf 83' lang='grc' dir='ltr'><strong>ιιι</strong></span> <span class='ocrx_word' id='word_1_809' title='bbox 1511 5528 1715 5559; x_wconf 69' lang='lat' dir='ltr'><strong>uatcua</strong></span> <span class='ocrx_word' id='word_1_810' title='bbox 1749 5528 1972 5560; x_wconf 68' lang='lat' dir='ltr'><strong>UUI&#39;UCI&#39;.</strong></span> <span class='ocrx_word' id='word_1_811' title='bbox 2010 5528 2157 5560; x_wconf 73' lang='lat' dir='ltr'><strong>ICCIH.</strong></span> 
     </span>
     <span class='ocr_line' id='line_1_108' title="bbox 728 5528 2157 5649; baseline -0.003 -16"><span class='ocrx_word' id='word_1_812' title='bbox 728 5528 996 5644; x_wconf 50' lang='lat' dir='ltr'><strong>vuigatam</strong></span> <span class='ocrx_word' id='word_1_813' title='bbox 1038 5577 1253 5649; x_wconf 84' lang='grc' dir='ltr'>Ἰσραήλ</span> <span class='ocrx_word' id='word_1_814' title='bbox 1278 5576 1529 5631; x_wconf 85' lang='lat' dir='ltr'><strong>exhibeat</strong></span> <span class='ocrx_word' id='word_1_815' title='bbox 1557 5591 1768 5644; x_wconf 92' lang='lat' dir='ltr'><strong>quoque</strong></span> <span class='ocrx_word' id='word_1_816' title='bbox 1799 5575 1852 5628; x_wconf 90' lang='lat' dir='ltr'><strong>in</strong></span> <span class='ocrx_word' id='word_1_817' title='bbox 1896 5577 2157 5649; x_wconf 80' lang='lat' dir='ltr'><strong>margine.</strong></span> 
     </span>
    </p>
   </div>
   <div class='ocr_carea' id='block_1_108' title="bbox 799 5643 2291 5723">
    <p class='ocr_par' dir='ltr' id='par_1_108' title="bbox 799 5643 2291 5723">
     <span class='ocr_line' id='line_1_109' title="bbox 799 5643 2291 5723; baseline -0.006 -19"><span class='ocrx_word' id='word_1_818' title='bbox 799 5643 915 5719; x_wconf 69' lang='grc'><strong>(24)</strong></span> <span class='ocrx_word' id='word_1_819' title='bbox 949 5643 1361 5723; x_wconf 60' lang='lat' dir='ltr'><strong>Regii&#39;tertitis._</strong></span> <span class='ocrx_word' id='word_1_820' title='bbox 1382 5649 1602 5723; x_wconf 71' lang='lat' dir='ltr'><strong>quintus</strong></span> <span class='ocrx_word' id='word_1_821' title='bbox 1636 5643 1692 5699; x_wconf 88' lang='lat' dir='ltr'><strong>et</strong></span> <span class='ocrx_word' id='word_1_822' title='bbox 1717 5657 1903 5723; x_wconf 60' lang='lat' dir='ltr'><strong>sextus</strong></span> <span class='ocrx_word' id='word_1_823' title='bbox 1927 5656 1983 5723; x_wconf 74' lang='lat' dir='ltr'><strong>et</strong></span> <span class='ocrx_word' id='word_1_824' title='bbox 2009 5643 2164 5723; x_wconf 74' lang='lat' dir='ltr'><strong>Celb.</strong></span> <span class='ocrx_word' id='word_1_825' title='bbox 2206 5657 2291 5723; x_wconf 79' lang='lat' dir='ltr'><strong>se-</strong></span> 
     </span>
    </p>
   </div>
   <div class='ocr_carea' id='block_1_109' title="bbox 729 5715 2293 5794">
    <p class='ocr_par' dir='ltr' id='par_1_109' title="bbox 729 5715 2293 5794">
     <span class='ocr_line' id='line_1_110' title="bbox 729 5715 2293 5794; baseline -0.005 -20"><span class='ocrx_word' id='word_1_826' title='bbox 729 5715 930 5788; x_wconf 85' lang='lat' dir='ltr'><strong>ptimus</strong></span> <span class='ocrx_word' id='word_1_827' title='bbox 960 5715 1079 5794; x_wconf 86' lang='lat' dir='ltr'><strong>cum</strong></span> <span class='ocrx_word' id='word_1_828' title='bbox 1103 5720 1261 5773; x_wconf 88' lang='lat' dir='ltr'><strong>editis</strong></span> <span class='ocrx_word' id='word_1_829' title='bbox 1295 5718 1458 5770; x_wconf 85' lang='grc' dir='ltr'>πέντε</span> <span class='ocrx_word' id='word_1_830' title='bbox 1485 5715 1709 5794; x_wconf 79' lang='grc' dir='ltr'>σίκλων.</span> <span class='ocrx_word' id='word_1_831' title='bbox 1745 5716 1814 5770; x_wconf 84' lang='lat' dir='ltr'><strong>At</strong></span> <span class='ocrx_word' id='word_1_832' title='bbox 1847 5715 2152 5794; x_wconf 59' lang='lat' dir='ltr'><strong>Cnlbertini</strong></span> <span class='ocrx_word' id='word_1_833' title='bbox 2185 5715 2293 5794; x_wconf 76' lang='lat' dir='ltr'><strong>pri-</strong></span> 
     </span>
    </p>
   </div>
   <div class='ocr_carea' id='block_1_110' title="bbox 732 5784 2294 5858">
    <p class='ocr_par' dir='ltr' id='par_1_110' title="bbox 732 5784 2294 5858">
     <span class='ocr_line' id='line_1_111' title="bbox 732 5784 2294 5858; baseline -0.004 -15"><span class='ocrx_word' id='word_1_834' title='bbox 732 5784 870 5851; x_wconf 80' lang='lat' dir='ltr'><strong>iaus,</strong></span> <span class='ocrx_word' id='word_1_835' title='bbox 891 5792 1105 5853; x_wconf 87' lang='lat' dir='ltr'><strong>tertius,</strong></span> <span class='ocrx_word' id='word_1_836' title='bbox 1131 5800 1375 5858; x_wconf 87' lang='lat' dir='ltr'><strong>quartus,</strong></span> <span class='ocrx_word' id='word_1_837' title='bbox 1408 5789 1627 5852; x_wconf 83' lang='lat' dir='ltr'><strong>quintus</strong></span> <span class='ocrx_word' id='word_1_838' title='bbox 1665 5797 1718 5840; x_wconf 88' lang='lat' dir='ltr'><strong>et</strong></span> <span class='ocrx_word' id='word_1_839' title='bbox 1746 5797 1930 5841; x_wconf 83' lang='lat' dir='ltr'><strong>sextus</strong></span> <span class='ocrx_word' id='word_1_840' title='bbox 1961 5802 2082 5841; x_wconf 91' lang='lat' dir='ltr'><strong>cum</strong></span> <span class='ocrx_word' id='word_1_841' title='bbox 2102 5784 2294 5858; x_wconf 67' lang='lat' dir='ltr'><strong>Regiis</strong></span> 
     </span>
    </p>
   </div>
   <div class='ocr_carea' id='block_1_111' title="bbox 731 5854 2295 5931">
    <p class='ocr_par' dir='ltr' id='par_1_111' title="bbox 731 5854 2295 5931">
     <span class='ocr_line' id='line_1_112' title="bbox 731 5854 2295 5931; baseline -0.004 -18"><span class='ocrx_word' id='word_1_842' title='bbox 731 5863 906 5931; x_wconf 84' lang='lat' dir='ltr'><strong>primo</strong></span> <span class='ocrx_word' id='word_1_843' title='bbox 934 5869 988 5916; x_wconf 88' lang='lat' dir='ltr'><strong>et</strong></span> <span class='ocrx_word' id='word_1_844' title='bbox 1024 5854 1257 5916; x_wconf 80' lang='lat' dir='ltr'><strong>secundo</strong></span> <span class='ocrx_word' id='word_1_845' title='bbox 1299 5859 1487 5915; x_wconf 72' lang='grc' dir='ltr'>ἑκατὸν</span> <span class='ocrx_word' id='word_1_846' title='bbox 1519 5858 1735 5920; x_wconf 85' lang='grc' dir='ltr'>σίκλων,</span> <span class='ocrx_word' id='word_1_847' title='bbox 1772 5858 1917 5927; x_wconf 84' lang='lat' dir='ltr'><strong>gravi</strong></span> <span class='ocrx_word' id='word_1_848' title='bbox 1957 5857 2167 5912; x_wconf 88' lang='lat' dir='ltr'><strong>mendo.</strong></span> <span class='ocrx_word' id='word_1_849' title='bbox 2211 5854 2295 5908; x_wconf 82' lang='lat' dir='ltr'><strong>Vi-</strong></span> 
     </span>
    </p>
   </div>
   <div class='ocr_carea' id='block_1_112' title="bbox 2389 5285 3951 5352">
    <p class='ocr_par' dir='ltr' id='par_1_112' title="bbox 2389 5285 3951 5352">
     <span class='ocr_line' id='line_1_113' title="bbox 2389 5285 3951 5352; baseline -0.005 -6"><span class='ocrx_word' id='word_1_850' title='bbox 2389 5291 2516 5346; x_wconf 90' lang='lat' dir='ltr'><strong>dere</strong></span> <span class='ocrx_word' id='word_1_851' title='bbox 2539 5299 2620 5343; x_wconf 88' lang='lat' dir='ltr'><strong>est</strong></span> <span class='ocrx_word' id='word_1_852' title='bbox 2653 5297 2708 5345; x_wconf 87' lang='lat' dir='ltr'><strong>et</strong></span> <span class='ocrx_word' id='word_1_853' title='bbox 2746 5288 3029 5343; x_wconf 88' lang='lat' dir='ltr'><strong>lectionem</strong></span> <span class='ocrx_word' id='word_1_854' title='bbox 3060 5288 3218 5341; x_wconf 90' lang='lat' dir='ltr'><strong>aliam</strong></span> <span class='ocrx_word' id='word_1_855' title='bbox 3245 5288 3405 5341; x_wconf 88' lang='grc' dir='ltr'>πέντε</span> <span class='ocrx_word' id='word_1_856' title='bbox 3446 5285 3500 5339; x_wconf 84' lang='grc' dir='ltr'><strong>ἰη</strong></span> <span class='ocrx_word' id='word_1_857' title='bbox 3529 5287 3770 5352; x_wconf 77' lang='lat' dir='ltr'><strong>margine</strong></span> <span class='ocrx_word' id='word_1_858' title='bbox 3803 5285 3951 5347; x_wconf 70' lang='lat' dir='ltr'><strong>Regii</strong></span> 
     </span>
    </p>
   </div>
   <div class='ocr_carea' id='block_1_113' title="bbox 2401 5355 3954 5428">
    <p class='ocr_par' dir='ltr' id='par_1_113' title="bbox 2401 5355 3954 5428">
     <span class='ocr_line' id='line_1_114' title="bbox 2401 5355 3954 5428; baseline -0.005 -13"><span class='ocrx_word' id='word_1_859' title='bbox 2401 5360 2649 5417; x_wconf 84' lang='lat' dir='ltr'><strong>secundi.</strong></span> <span class='ocrx_word' id='word_1_860' title='bbox 2707 5359 2900 5412; x_wconf 83' lang='lat' dir='ltr'><strong>Totum</strong></span> <span class='ocrx_word' id='word_1_861' title='bbox 2933 5368 3112 5428; x_wconf 83' lang='lat' dir='ltr'><strong>autem</strong></span> <span class='ocrx_word' id='word_1_862' title='bbox 3173 5357 3321 5428; x_wconf 84' lang='lat' dir='ltr'><strong>illud,</strong></span> <span class='ocrx_word' id='word_1_863' title='bbox 3351 5357 3446 5411; x_wconf 82' lang='grc' dir='ltr'>καὶ</span> <span class='ocrx_word' id='word_1_864' title='bbox 3491 5357 3757 5428; x_wconf 81' lang='grc' dir='ltr'>τέταρτον</span> <span class='ocrx_word' id='word_1_865' title='bbox 3788 5355 3954 5408; x_wconf 75' lang='grc' dir='ltr'>κάϐου</span> 
     </span>
    </p>
   </div>
   <div class='ocr_carea' id='block_1_114' title="bbox 2391 5426 3953 5502">
    <p class='ocr_par' dir='ltr' id='par_1_114' title="bbox 2391 5426 3953 5502">
     <span class='ocr_line' id='line_1_115' title="bbox 2391 5426 3953 5502; baseline -0.004 -20"><span class='ocrx_word' id='word_1_866' title='bbox 2391 5431 2598 5502; x_wconf 60' lang='grc' dir='ltr'>κόπρου</span> <span class='ocrx_word' id='word_1_867' title='bbox 2627 5428 2958 5502; x_wconf 76' lang='grc' dir='ltr'>περιστερῶν</span> <span class='ocrx_word' id='word_1_868' title='bbox 2989 5427 3145 5502; x_wconf 74' lang='grc' dir='ltr'>πέντε</span> <span class='ocrx_word' id='word_1_869' title='bbox 3185 5427 3378 5481; x_wconf 87' lang='grc' dir='ltr'>σίκλων</span> <span class='ocrx_word' id='word_1_870' title='bbox 3407 5426 3690 5502; x_wconf 62' lang='grc' dir='ltr'><strong>ἀργυρίουζ</strong></span> <span class='ocrx_word' id='word_1_871' title='bbox 3730 5427 3879 5502; x_wconf 63' lang='lat' dir='ltr'><strong>deest</strong></span> <span class='ocrx_word' id='word_1_872' title='bbox 3906 5429 3953 5502; x_wconf 75' lang='lat' dir='ltr'><strong>in</strong></span> 
     </span>
    </p>
   </div>
   <div class='ocr_carea' id='block_1_115' title="bbox 2394 5495 3957 5569">
    <p class='ocr_par' dir='ltr' id='par_1_115' title="bbox 2394 5495 3957 5569">
     <span class='ocr_line' id='line_1_116' title="bbox 2394 5495 3957 5569; baseline -0.005 -14"><span class='ocrx_word' id='word_1_873' title='bbox 2394 5495 2527 5569; x_wconf 65' lang='lat' dir='ltr'><strong>Reg&#39;.</strong></span> <span class='ocrx_word' id='word_1_874' title='bbox 2560 5495 2769 5569; x_wconf 83' lang='lat' dir='ltr'><strong>quario.</strong></span> <span class='ocrx_word' id='word_1_875' title='bbox 2798 5495 2918 5553; x_wconf 75' lang='lat' dir='ltr'><strong>Mox</strong></span> <span class='ocrx_word' id='word_1_876' title='bbox 2951 5499 3100 5553; x_wconf 88' lang='lat' dir='ltr'><strong>multi</strong></span> <span class='ocrx_word' id='word_1_877' title='bbox 3136 5514 3266 5553; x_wconf 87' lang='lat' dir='ltr'><strong>mss.</strong></span> <span class='ocrx_word' id='word_1_878' title='bbox 3298 5495 3498 5567; x_wconf 87' lang='grc' dir='ltr'>σκηνάς</span> <span class='ocrx_word' id='word_1_879' title='bbox 3525 5495 3750 5550; x_wconf 81' lang='grc' dir='ltr'>ἑαυτῶν.</span> <span class='ocrx_word' id='word_1_880' title='bbox 3785 5495 3957 5549; x_wconf 86' lang='lat' dir='ltr'><strong>Editio</strong></span> 
     </span>
    </p>
   </div>
   <div class='ocr_carea' id='block_1_116' title="bbox 2395 5569 2790 5624">
    <p class='ocr_par' dir='ltr' id='par_1_116' title="bbox 2395 5569 2790 5624">
     <span class='ocr_line' id='line_1_117' title="bbox 2395 5569 2790 5624; baseline 0 0"><span class='ocrx_word' id='word_1_881' title='bbox 2395 5569 2465 5624; x_wconf 86' lang='lat' dir='ltr'><strong>Pa</strong></span> <span class='ocrx_word' id='word_1_882' title='bbox 2477 5572 2567 5623; x_wconf 90' lang='lat' dir='ltr'><strong>ris.</strong></span> <span class='ocrx_word' id='word_1_883' title='bbox 2592 5570 2790 5624; x_wconf 78' lang='grc' dir='ltr'>αὐτῶν.</span> 
     </span>
    </p>
   </div>
   <div class='ocr_carea' id='block_1_117' title="bbox 2467 5635 3957 5710">
    <p class='ocr_par' dir='ltr' id='par_1_117' title="bbox 2467 5635 3957 5710">
     <span class='ocr_line' id='line_1_118' title="bbox 2467 5635 3957 5710; baseline -0.005 -17"><span class='ocrx_word' id='word_1_884' title='bbox 2467 5640 2581 5710; x_wconf 73' lang='lat'><strong>(25)</strong></span> <span class='ocrx_word' id='word_1_885' title='bbox 2638 5641 2711 5694; x_wconf 86' lang='lat' dir='ltr'><strong>Ita</strong></span> <span class='ocrx_word' id='word_1_886' title='bbox 2750 5639 2986 5709; x_wconf 87' lang='lat' dir='ltr'><strong>quinque</strong></span> <span class='ocrx_word' id='word_1_887' title='bbox 3025 5654 3158 5694; x_wconf 90' lang='lat' dir='ltr'><strong>mss.</strong></span> <span class='ocrx_word' id='word_1_888' title='bbox 3219 5637 3356 5691; x_wconf 86' lang='lat' dir='ltr'><strong>Editi</strong></span> <span class='ocrx_word' id='word_1_889' title='bbox 3408 5651 3537 5710; x_wconf 82' lang='lat' dir='ltr'><strong>vero</strong></span> <span class='ocrx_word' id='word_1_890' title='bbox 3586 5636 3768 5690; x_wconf 81' lang='grc' dir='ltr'>ἀθετεῖ</span> <span class='ocrx_word' id='word_1_891' title='bbox 3809 5635 3957 5710; x_wconf 80' lang='grc' dir='ltr'>λογι-</span> 
     </span>
    </p>
   </div>
   <div class='ocr_carea' id='block_1_118' title="bbox 2400 5708 3956 5782">
    <p class='ocr_par' dir='ltr' id='par_1_118' title="bbox 2400 5708 3956 5782">
     <span class='ocr_line' id='line_1_119' title="bbox 2400 5708 3956 5782; baseline -0.004 -18"><span class='ocrx_word' id='word_1_892' title='bbox 2400 5708 2590 5782; x_wconf 80' lang='grc' dir='ltr'>σμούς,</span> <span class='ocrx_word' id='word_1_893' title='bbox 2632 5710 2871 5778; x_wconf 83' lang='lat' dir='ltr'><strong>reprobat</strong></span> <span class='ocrx_word' id='word_1_894' title='bbox 2903 5708 3277 5782; x_wconf 61' lang='lat' dir='ltr'><strong>cogitationes.</strong></span> <span class='ocrx_word' id='word_1_895' title='bbox 3320 5708 3510 5782; x_wconf 71' lang='lat' dir='ltr'><strong>Statim</strong></span> <span class='ocrx_word' id='word_1_896' title='bbox 3554 5719 3735 5782; x_wconf 80' lang='lat' dir='ltr'><strong>nostra</strong></span> <span class='ocrx_word' id='word_1_897' title='bbox 3785 5708 3956 5782; x_wconf 56' lang='lat' dir='ltr'><strong>editio</strong></span> 
     </span>
    </p>
   </div>
   <div class='ocr_carea' id='block_1_119' title="bbox 2400 5775 3957 5850">
    <p class='ocr_par' dir='ltr' id='par_1_119' title="bbox 2400 5775 3957 5850">
     <span class='ocr_line' id='line_1_120' title="bbox 2400 5775 3957 5850; baseline -0.003 -16"><span class='ocrx_word' id='word_1_898' title='bbox 2400 5775 2584 5835; x_wconf 69' lang='lat' dir='ltr'><strong>Paris.</strong></span> <span class='ocrx_word' id='word_1_899' title='bbox 2613 5775 2897 5848; x_wconf 76' lang='lat' dir='ltr'><strong>operarum</strong></span> <span class='ocrx_word' id='word_1_900' title='bbox 2918 5775 3145 5850; x_wconf 71' lang='lat' dir='ltr'><strong>incuria,</strong></span> <span class='ocrx_word' id='word_1_901' title='bbox 3179 5778 3434 5850; x_wconf 80' lang='grc' dir='ltr'>ἐπάρξειν</span> <span class='ocrx_word' id='word_1_902' title='bbox 3474 5775 3764 5843; x_wconf 85' lang='grc' dir='ltr'>κακώσεις.</span> <span class='ocrx_word' id='word_1_903' title='bbox 3783 5776 3957 5833; x_wconf 83' lang='lat' dir='ltr'><strong>Editio</strong></span> 
     </span>
    </p>
   </div>
   <div class='ocr_carea' id='block_1_120' title="bbox 2399 5848 3254 5916">
    <p class='ocr_par' dir='ltr' id='par_1_120' title="bbox 2399 5848 3254 5916">
     <span class='ocr_line' id='line_1_121' title="bbox 2399 5848 3254 5916; baseline -0.004 -12"><span class='ocrx_word' id='word_1_904' title='bbox 2399 5851 2559 5908; x_wconf 83' lang='lat' dir='ltr'><strong>Basil.</strong></span> <span class='ocrx_word' id='word_1_905' title='bbox 2586 5859 2639 5907; x_wconf 87' lang='lat' dir='ltr'><strong>et</strong></span> <span class='ocrx_word' id='word_1_906' title='bbox 2665 5866 2795 5908; x_wconf 85' lang='lat' dir='ltr'><strong>mss.</strong></span> <span class='ocrx_word' id='word_1_907' title='bbox 2833 5851 2980 5907; x_wconf 83' lang='lat' dir='ltr'><strong>mulli</strong></span> <span class='ocrx_word' id='word_1_908' title='bbox 3017 5848 3254 5916; x_wconf 78' lang='grc' dir='ltr'>ἐπάξειν.</span> 
     </span>
    </p>
   </div>
  </div>
