4260 6506
250 432 353 495 361

244 650 527 718 λογισμοὶ
566 650 677 721 τῆς
718 652 965 722 καρδίας
1002 658 1190 712 αὐτοῦ
1228 664 1314 726 είς
1336 665 1549 732 γενεὰν
1596 669 1696 722 καὶ
1736 686 1828 738 γε·

244 742 412 794 νεάν.
442 740 554 813 Οὐχ
573 745 703 815 ὁρᾷς
730 743 800 797 τὰ
826 744 933 798 τῶν
960 745 1127 801 ἐθνῶν
1158 750 1424 823 δόγματα,
1457 753 1556 825 τὴν
1593 761 1827 826 ματαίαν

241 834 449 905 ταύτην
496 838 835 907 φιλοσοφίαν,
871 840 1017 903 ὅπως
1059 840 1244 897 λεπτοὶ
1288 847 1382 899 καὶ
1414 848 1659 918 περιττοὶ
1699 853 1827 925 περὶ

242 926 345 987 τὰς
368 928 620 1001 εὑρήσεις
647 930 753 981 τῶν
777 929 1058 1002 δογμάτων
1087 938 1223 990 εἰσιν
1252 938 1308 989 ἐν
1333 956 1391 991 τε
1431 940 1667 1006 λογικοῖς
1695 944 1827 998 θεω-

247 1018 454 1088 ρήμασι
486 1024 577 1074 καὶ
612 1021 827 1090 ἠθικαῖς
857 1024 1149 1095 διατάξεσι,
1187 1030 1281 1083 καὶ
1317 1032 1683 1102 φυσιολογίαις
1713 1040 1824 1091 τισὶ

245 1111 341 1163 καὶ
365 1113 627 1183 δόγμασιν
651 1114 830 1179 ἄλλοις
859 1123 971 1184 τοῖς
992 1123 1303 1184 ὲποπτικοῖς
1335 1122 1447 1191 (26)
1475 1123 1784 1196 λεγομένοις
1807 1146 1820 1195 ;

245 1205 365 1268 πῶς
401 1204 769 1261 διεσκέδασται
793 1210 991 1275 πάντα,
1016 1214 1110 1265 καὶ
1129 1213 1443 1282 ἠχρείωται,
1477 1217 1611 1288 μόνη
1643 1220 1697 1273 δὲ
1727 1223 1825 1291 ἐμ-

244 1295 587 1350 πολιτεύεται
624 1298 719 1354 νῦν
772 1302 849 1374 τῷ
877 1304 1067 1374 κόσμῳ
1108 1306 1139 1375 ἡ
1192 1305 1414 1378 ἀλήθεια
1451 1309 1544 1363 τοῦ
1581 1312 1821 1381 Εὑαγγες-

244 1388 399 1454 λίου;
449 1391 647 1447 Πολλαὶ
680 1394 787 1463 γὰρ
826 1397 881 1448 αἱ
934 1395 1119 1465 βουλαὶ
1172 1399 1229 1451 ἐν
1267 1401 1463 1472 καρδίᾳ
1492 1402 1818 1473 ἀνθρώπων

242 1481 361 1533 ἀλλ’
395 1483 427 1551 ἡ
468 1482 747 1555 βουλὴτοῦ
790 1487 995 1556 Κυρίου
1050 1488 1338 1560 ἐκράτησε.
1392 1492 1499 1542 Καὶ
1529 1494 1821 1559 ἀναγκαῖόν

242 1591 337 1643 γε,
371 1577 420 1629 εἰ
454 1579 635 1649 μέλλοι
682 1580 793 1643 (‘27)
843 1581 1066 1652 μόνιμος
1111 1585 1205 1636 καὶ
1238 1583 1422 1654 ἐδραία
1465 1586 1497 1654 ἡ
1534 1585 1683 1655 παρὰ
1726 1586 1819 1637 τοῦ

242 1667 378 1723 Θεοῦ
404 1670 564 1741 βουλὴ
594 1674 712 1734 ταῖς
747 1671 943 1745 ψυχαῖς
981 1676 1137 1745 ἡμῶν
1174 1676 1551 1745 ὲναπομένειν,
1599 1676 1819 1748 προδια-

246 1762 607 1832 σκεδασθῆναι
637 1765 899 1837 πρότερον
928 1769 986 1820 ἐν
1020 1770 1147 1837 ἡμῖν
1177 1768 1303 1830 τοὺς
1333 1767 1702 1839 ἀνθρωπίνους
1735 1770 1821 1823 λο-

242 1854 494 1925 γισμούς.
539 1856 747 1928 Ὥσπερ
789 1861 897 1929 γὰρ
945 1862 973 1912 ὁ
1022 1860 1253 1928 γράψειν
1311 1862 1518 1930 μέλλων
1540 1863 1597 1914 ὲν
1641 1862 1816 1932 κηρῷ,

240 1948 716 2017 προκαταλεαίνων
746 1950 1026 2021 πρότερον,
1054 1951 1224 2015 οὕτως
1257 1954 1535 2007 ἐπιϐάλλει
1567 1956 1692 2017 τοὺς
1722 1955 1817 2007 τύ-

242 2055 379 2103 πους
406 2040 500 2105 οὒς
538 2042 633 2095 ἐὰν
661 2042 788 2116 θέλῃ
807 2060 820 2075 ο
852 2043 993 2098 οὕτω
1033 2047 1126 2098 καὶ
1167 2046 1391 2117 καρδίαν
1421 2047 1525 2118 χρὴ
1554 2047 1651 2118 τὴν
1688 2048 1816 2117 μὲλ-

241 2129 440 2184 λουσαν
473 2135 684 2204 τρανῶς
718 2135 1070 2207 ὑποδέχεσθαι
1100 2136 1168 2190 τὰ
1203 2136 1318 2190 θεῖα
1363 2135 1538 2206 λόγια,
1574 2141 1816 2213 καθαρὰν

241 2220 307 2272 ὲκ
338 2220 446 2281 τῶν
475 2225 729 2278 ἐναντίων
769 2226 1041 2297 λογισμῶν
1082 2228 1485 2299 ἀποδειχθῆναι.
1530 2231 1815 2297 Λογισμοὶ

243 2312 353 2379 τῆς
372 2316 618 2383 καρδίας
657 2320 843 2372 αὑτοῦ
872 2321 959 2384 είς
999 2321 1211 2387 γενεὰν
1246 2322 1343 2374 καὶ
1390 2320 1620 2391 γενεάν.
1665 2323 1816 2376 Ἐπεὶ

237 2400 333 2457 οὖν
360 2405 453 2457 δύο
505 2409 642 2458 εἰσιν
689 2410 735 2460 οἱ
773 2409 1017 2463 ἐκλεκτοὶ
1063 2411 1175 2480 (28)
1218 2411 1357 2473 λαοὶ,
1388 2415 1481 2466 καὶ
1513 2414 1605 2467 δύο
1633 2416 1815 2480 αὐτοῖς

236 2494 490 2566 διαθῆκαί
520 2500 624 2550 εἰσι
655 2498 1053 2570 δεδωρημέναι,
1088 2501 1338 2557 δύνανται
1378 2504 1516 2559 κατὰ
1558 2506 1652 2571 τὸ,
1706 2511 1815 2560 Λο-

236 2588 438 2656 γισμοὶ
466 2589 570 2658 τῆς
600 2592 846 2661 καρδίας
874 2594 1059 2648 αὑτοῦ
1091 2597 1178 2662 είς
1216 2597 1427 2665 τεν-εὰν
1460 2599 1558 2653 καί
1580 2599 1811 2669 γενεὰν,

234 2679 321 2742 δὶς
351 2680 449 2749 τῆς
472 2686 662 2750 γενεᾶς
698 2686 1101 2759 ὀνομαζομένης
1120 2729 1133 2752 ,
1164 2688 1256 2742 δύο
1279 2690 1515 2743 νοεῖσθαι
1545 2692 1636 2743 καὶ
1669 2691 1812 2759 λογι-

238 2772 395 2842 σμοί’
422 2770 501 2839 εἷς
534 2777 631 2846 μὲν
659 2780 780 2832 καθ’
814 2780 870 2832 ὃν
909 2782 1008 2853 τὴν
1043 2782 1312 2854 προτέραν
1354 2781 1650 2853 ἐδεξάμεθα
1688 2785 1812 2837 Δια-

238 2866 434 2934 θήκην,
480 2869 661 2938 ἕτερος
704 2872 760 2923 δὲ
805 2874 833 2925 ὁ
880 2873 977 2944 τὴν
1028 2875 1216 2945 καινὴν
1272 2877 1365 2930 καὶ
1405 2876 1668 2947 σωτήριον
1719 2876 1811 2930 τοῦ

237 2958 476 3028 Χριστοῦ
526 2960 872 3016 διδασκαλίαν
913 2967 1042 3035 ἡμῖν
1080 2968 1463 3038 χαρισάμενος.
1515 2968 1814 3039 Μακάρων

237 3048 306 3099 τὸ
348 3048 521 3115 ἔθνος
545 3047 616 3106 οὗ
648 3053 779 3107 ἐστι
811 3056 1023 3122 Κύριος
1059 3061 1092 3111 ὀ
1135 3058 1279 3122 Θεὸς
1319 3060 1524 3122 αὑτοῦ,
1571 3061 1721 3127 λαὸς
1743 3062 1814 3115 ὃν

236 3138 557 3205 ἐξελέξατο
603 3146 689 3209 είς
711 3148 1110 3216 κληρονομίαν
1142 3149 1349 3215 ἐαυτῷ.
1374 3153 1559 3215 Οὐδεὶς
1582 3153 1813 3224 μακαρί-

238 3232 324 3296 ζει
358 3235 450 3287 τὸν
494 3234 621 3288 λαὸν
650 3235 758 3290 τῶν
801 3236 1084 3302 Ἰουδαίων,
1130 3241 1266 3294 ἀλλὰ
1297 3243 1386 3294 τὸν
1413 3243 1539 3295 λαὸν
1576 3244 1666 3297 τὸν
1706 3244 1811 3296 ἀπὸ
1838 3274 1880 3330 C

237 3328 457 3381 πάντων
500 3328 607 3382 τῶν
652 3328 793 3384 λαῶν
839 3331 1144 3404 ἀριστίνδην
1180 3332 1570 3404 ὲξειλεγμένον.
1624 3335 1812 3405 Ἡμεῖς

236 3420 346 3489 γάρ
386 3422 551 3491 ἐσμεν
574 3421 635 3475 τὸ
674 3421 845 3487 ἔθνος,
883 3417 957 3476 ὧν
1007 3425 1122 3477 ἐστι
1159 3425 1363 3499 Κύριος
1399 3428 1428 3480 ὁ
1456 3426 1586 3490 Θεὸς
1615 3426 1770 3499 ἡμῶν
1792 3445 1806 3459 ’

236 3508 400 3579 ἡμεῖς
437 3513 603 3582 ἐσμεν
635 3514 729 3566 καὶ
770 3512 895 3577 λαὸς
926 3514 985 3567 ὃν
1012 3514 1292 3580 ἐξελέξατο
1329 3518 1410 3580 εἰς
1448 3517 1808 3589 κληρονομίαν

237 3602 453 3673 ἑαυτῷθ
505 3606 656 3669 ἔθνος
709 3607 827 3677 μὲν,
862 3607 948 3660 διὰ
980 3606 1041 3659 τὸ
1071 3605 1129 3671 ἐξ
1169 3607 1337 3660 ἐθνῶν
1381 3608 1591 3661 πολλῶν
1635 3626 1797 3661 συνει-

236 3694 446 3766 λέχθαι,
477 3696 602 3761 λαὸς
627 3698 704 3763 δὲ,
742 3700 831 3752 διὰ
866 3700 927 3753 τὸ
956 3701 1075 3754 ἀντὶ
1113 3699 1205 3753 τοῦ
1250 3700 1646 3771 ἀποδληθέντος
1677 3701 1806 3754 λαοῦ

237 3788 662 3860 προσκληθῆναι.
712 3794 820 3845 Καὶ
863 3794 1046 3865 ἐπειδὴ
1089 3794 1311 3847 Πολλοὶ
1354 3793 1582 3861 κλητοὶ,
1624 3795 1813 3866 ὀλίγοι

235 3879 309 3934 δὲ
343 3881 632 3947 ἐκλεκτοὶ,
659 3882 946 3954 μακαρίζει
978 3886 1099 3955 οὐχ).
1131 3885 1219 3939 τὸν
1244 3884 1529 3957 κληθέντα.
1558 3885 1692 3940 ἀλλὰ
1719 3886 1810 3940 τὸν

238 3973 584 4044 ἑκλεχθέντα.
616 3976 897 4046 Μακάριος
919 3976 1026 4046 γὰρ
1054 3976 1111 4028 ὃν
1140 3976 1415 4041 ἐξελέξατο
1450 3979 1578 4047 (29).
1626 3981 1721 4042 Τίς
1750 3980 1808 4033 δὲ

236 4069 269 4135 ἡ
308 4067 455 4119 αἰτία
492 4068 585 4120 τοῦ
629 4068 1011 4140 μακαρισμοῦ;
1055 4070 1119 4121 Ἠ
1152 4070 1571 4141 προσδοκωμένη
1611 4074 1807 4143 κληρο-

237 4163 401 4230 νομία
446 4162 552 4215 τῶν
601 4164 831 4217 αἰωνίων
877 4164 1113 4233 ἀγαθῶν.
1174 4165 1241 4216 Ἢ
1280 4165 1485 4235 μήποτε
1542 4166 1680 4218 κατὰ
1721 4166 1811 4217 τὸν

250 4253 606 4317 Ἀπόστολον,
654 4256 873 4325 ἐπειδὴ,
926 4258 1051 4309 ὅταν
1093 4257 1153 4308 τὸ
1201 4256 1472 4327 πλήρωμα
1508 4256 1613 4309 τῶν
1643 4256 1811 4310 ἐθνῶν

237 4342 474 4415 εἰσέλθῃ,
512 4345 630 4398 τότε
664 4349 771 4408 πᾶς
824 4346 1035 4417 Ἰσραὴλ
1062 4347 1393 4416 σωθήσεται,
1440 4347 1654 4419 πρῶτον
1704 4365 1809 4417 μα-

235 4435 455 4507 καρίζει
478 4436 539 4490 τὸ
567 4436 837 4508 πλήρωμα
858 4438 964 4491 τῶν
1003 4438 1170 4491 ἐθνῶν
1189 4482 1203 4502 ,
1240 4440 1425 4492 ἔπειτα
1466 4440 1557 4492 τὸν
1586 4440 1810 4511 ὕστερον

236 4529 546 4599 σωζόμενον
612 4529 862 4600 Ἰσραήλ;
922 4530 1156 4594 Σώζεται
1211 4531 1296 4591 δὲ,
1340 4531 1613 4602 δηλονότι,
1649 4534 1745 4602 οὐχ
1778 4534 1806 4584 ὁ

234 4622 434 4693 τυχὼν,
466 4622 600 4677 ἀλλὰ
630 4623 691 4675 τὸ
736 4624 941 4694 λεῖμμα
979 4624 1136 4694 μόνον
1174 4624 1235 4676 τὸ
1273 4626 1394 4677 κατ’
1440 4625 1670 4695 ἐκλογὴν
1718 4626 1807 4695 χά-

237 4732 406 4788 ριτος.
436 4716 534 4770 Διὰ
556 4715 712 4769 τοῦτό
734 4735 864 4789 φησι
885 4734 899 4747 ο
930 4717 1087 4783 Λαὸς
1113 4716 1183 4769 ὃν
1206 4716 1523 4782 ἐξελέξατο
1544 4720 1631 4783 εἰς
1662 4722 1807 4786 κλη-

227 4810 524 4878 ρονομίαν
546 4808 755 4875 ἐαυτῷ.

310 4903 359 4956 8,
416 4903 509 4967 Ἐξ
537 4904 791 4971 οὐρανοῦ
813 4903 1147 4971 ἐπέϐλεψεν
1175 4905 1461 4970 errem--
1500 4900 1619 4956 εἶδε
1658 4904 1807 4957 πώ·-
1842 4906 1883 4958 D

236 5014 346 5061 τας
372 4998 513 5063 τοὺς
537 4998 706 5064 υἱοὺς
722 4996 836 5051 τῶν
850 4995 1172 5063 ἀνθρώπων
1190 4997 1257 5061 ἐξ
1278 4997 1513 5065 ἑτοίμου
1531 5014 1801 5063 κατοικηο

235 5090 443 5156 τηρίου
464 5089 666 5143 αὑτοῦ.
685 5090 822 5151 Τοὺς
846 5089 954 5156 (50)
973 5088 1228 5157 μένοντας
1246 5089 1336 5140 ἐπὶ
1358 5088 1449 5139 τοῦ
1478 5087 1607 5139 ἰδίου
1638 5085 1802 5153 ἀξιώ-

309 5180 351 5211 ⁶¹
377 5178 393 5231 l
432 5179 576 5233 Petr.
607 5196 667 5241 tt,
692 5179 743 5235 9.
820 5180 865 5212 ⁸³
896 5180 1024 5235 ibid.

309 5272 421 5343 (26‘:
457 5274 708 5342 Dogmata
742 5275 826 5327 illa
866 5290 983 5340 quite
1017 5274 1106 5328 hic
1143 5275 1384 5339 epoptica
1414 5285 1697 5337 vocantur,
1720 5291 1805 5326 sa-

235 5346 473 5397 cratiora
490 5344 734 5412 quaedam
756 5360 950 5398 arcana
980 5360 1099 5398 esse
1131 5356 1400 5414 putamus.
1431 5343 1548 5397 Mox
1576 5344 1687 5403 illa,
1711 5344 1805 5396 νῦν

235 5414 315 5489 τῷ
346 5414 558 5484 κόσμῳ,
615 5415 809 5489 desunt
841 5415 903 5489 in
950 5416 1161 5467 editis:
1208 5414 1299 5468 sed
1362 5416 1705 5489 reperiuntur
1753 5417 1802 5468 in

237 5484 422 5553 lt'egiis
452 5484 710 5548 secundo,
734 5485 887 5537 tertio
910 5493 1185 5553 etquarto,
1212 5496 1376 5554 atque
1405 5486 1454 5536 in
1478 5485 1802 5540 Golbertinis

237 5559 412 5625 primo
442 5565 495 5625 et
532 5565 741 5622 quarto.

309 5624 423 5687 (27)
456 5624 531 5678 Ita
563 5634 790 5690 quatuor
815 5638 944 5678 mss.
978 5623 1151 5675 Edilio
1181 5639 1305 5674 vero
1323 5623 1491 5675 Paris.
1517 5626 1565 5676 εἰ
1596 5622 1797 5692 μέλλει.

308 5695 421 5763 (28)
469 5696 623 5748 Colb.
667 5704 887 5758 quartus
938 5693 1030 5747 δύο
1082 5694 1186 5745 εἰσὶ
1212 5692 1345 5745 Θεοῦ
1391 5690 1654 5752 ἐκλεκτοί,
1704 5690 1806 5745 ιιιὶο

237 5775 358 5818 sunt
395 5765 490 5817 Dei
520 5766 696 5829 populi
734 5764 899 5817 electi.
936 5763 1126 5816 Statim
1167 5779 1291 5815 octo
1324 5780 1450 5816 mss.
1477 5763 1696 5816 δύναται
1748 5765 1808 5817 τὸ

237 5835 555 5904 λογισμοί...
580 5834 672 5887 δύο
698 5833 1040 5887 νοεῖσθαικαὶ
1072 5832 1380 5903 λογισμούς,
1406 5836 1555 5899 quasi
1589 5837 1804 5885 verbum

239 5907 479 5963 νοεῖσθαι
506 5908 592 5961 hic
622 5907 759 5960 sumi
778 5905 968 5960 debeat
988 5922 1083 5973 pro
1104 5922 1184 5966 eo,
1218 5906 1473 5972 quodest,
1494 5905 1802 5972 exprimere,

1416 450 1694 509 llOMlLlA
1736 456 1803 511 ΙΝ
1838 456 2162 518 PSALMUM
2204 463 2415 519 XXXII.

322 558 374 609 7.
407 559 477 611 ,Η
498 556 565 609 δὲ
583 558 786 629 βουλὴ
817 559 923 614 τοῦ
944 562 1162 630 Κυρίου
1182 568 1264 632 είς
1290 568 1396 622 τὸν
1429 570 1614 626 αἰῶνα
1630 574 1825 643 μένει·
1860 588 1902 637 Α

3397 472 3503 528 542

2003 582 2055 638 7.
2096 582 2255 637 νεεδ.
2294 584 2376 637 Η.
2419 582 2705 640 Consilium
2739 594 2911 639 autem
2940 586 3146 643 Domini
3174 591 3226 644 in
3250 599 3503 646 aeternum

1931 691 2143 730 manet:
2176 678 2523 745 cogitationes
2558 678 2734 732 cordis
2770 679 2883 748 ejus
2932 680 2986 732 in
3033 686 3411 748 generationem
3449 691 3499 737 et

1927 769 2333 835 generationem.
2367 768 2481 822 Non
2513 771 2660 826 vides
2718 772 2959 841 gentium
2992 772 3261 841 dogmata,
3304 790 3498 830 vanam

1930 860 2065 915 banc
2116 861 2532 931 pliilosOphiam,
2587 880 2745 931 quam
2794 864 3018 919 subtiles
3066 865 3175 918 sint
3219 874 3273 919 et
3313 867 3496 924 eximii

1928 954 2070 1007 circa
2135 953 2449 1022 dogmatum
2493 954 2867 1021 inventiones,
2917 965 3027 1010 tmn
3065 959 3114 1009 in
3147 958 3500 1014 rationalibus

1926 1044 2490 1113 eontcinplationibus,
2520 1046 2678 1117 139
2702 1057 2810 1099 tum
2846 1049 2896 1100 in
2951 1048 3243 1103 moralibus
3293 1065 3496 1119 praet-e-

1926 1134 2217 1202 ptionibus,
2248 1145 2303 1191 et
2326 1136 2377 1189 in
2412 1136 2644 1206 physicis
2679 1138 2995 1206 quibusdam
3030 1142 3328 1196 rationilms
3351 1144 3497 1198 aliis-

1925 1240 2029 1292 que
2064 1230 2349 1296 epoptit-is,
2383 1244 2501 1297 qua:
2549 1240 2766 1295 vocant,
2809 1230 3150 1300 dogmatibus
3178 1236 3201 1288 ζ’
3225 1240 3496 1304 quomodo

1923 1317 2179 1386 dissipata
2225 1321 2331 1372 sint
2376 1320 2579 1383 omnia,
2631 1330 2683 1372 et
2738 1321 2943 1374 inutilia
2994 1324 3127 1375 laeta
3158 1364 3171 1383 ,
3207 1340 3308 1378 uua
3368 1339 3497 1380 vero

1924 1408 2199 1477 Evangelii
2232 1412 2431 1465 veritas
2454 1426 2597 1464 nunc
2632 1411 2681 1461 in
2714 1414 2913 1463 mundo
2939 1412 3145 1480 vigeat?
3164 1412 3320 1466 Multa
3348 1415 3493 1468 enim

1922 1502 1973 1556 in
2008 1504 2284 1557 hominum
2320 1506 2570 1558 cordibus
2605 1504 2913 1558 volutantur
2938 1505 3158 1559 consilia
3192 1522 3206 1569 ;
3234 1506 3323 1559 sed
3356 1524 3494 1574 pra:-

1921 1596 2090 1649 valuit
2118 1595 2326 1650 Domini
2361 1598 2663 1651 consilium.
2697 1597 2764 1651 Et
2803 1599 3016 1667 quidem
3048 1615 3269 1652 necesse
3297 1611 3399 1665 est,
3444 1601 3489 1655 si

1921 1685 2015 1739 Dei
2049 1690 2328 1743 consilium
2357 1691 2550 1744 stabile
2600 1705 2663 1744 ac
2704 1693 2917 1744 ﬁrmum
2951 1690 3004 1743 in
3051 1691 3244 1744 animis
3290 1693 3490 1746 nostris

1921 1793 2235 1846 permanere
2290 1779 2478 1845 debet,
2524 1792 2580 1836 ut
2634 1786 2781 1852 prius
2827 1784 2878 1837 in
2928 1785 3082 1839 nobis
3136 1784 3491 1850 cogitationes

1923 1871 2167 1927 humana:
2214 1873 2557 1944 dissipentur.
2612 1876 3065 1940 Quemadmodum
3115 1877 3257 1932 enim
3295 1877 3384 1947 qui
3435 1876 3492 1931 in

1920 1976 2039 2016 cera
2059 1967 2355 2036 scripturus
2386 1976 2488 2030 est,
2507 1981 2567 2020 ea
2598 1968 2746 2035 prius
2790 1967 3235 2036 cctttplattnla,ila
3272 1971 3486 2023 demum

1918 2068 2051 2121 quas
2080 2056 2189 2107 vult
2224 2056 2425 2110 formas
2451 2056 2709 2125 imprimit
2752 2075 2765 2110 :
2801 2056 2880 2110 sit:
2910 2065 2963 2110 et
2992 2072 3085 2110 cor
3122 2058 3262 2124 quod
3308 2057 3489 2109 divina

1917 2145 2131 2199 oracula
2190 2146 2335 2201 clare
2383 2159 2754 2216 suscepturum
2804 2160 2919 2214 est,
2960 2165 3149 2219 purum
3187 2162 3216 2202 a
3272 2156 3491 2203 contra-

1915 2238 2013 2291 riis
2050 2236 2459 2306 cogitationibus
2509 2240 2656 2293 reddi
2700 2251 2927 2308 oportet.
2974 2242 3328 2311 Cogitationes
3373 2256 3491 2293 con-

1914 2329 1996 2382 dis
2038 2327 2152 2398 ejus
2199 2328 2256 2381 in
2302 2328 2685 2396 generationem
2743 2340 2789 2381 et
2853 2332 3255 2399 generationem.
3305 2328 3490 2397 Itaque

1915 2421 2088 2490 pepuli
2126 2421 2279 2476 electi
2319 2420 2426 2474 duo
2470 2435 2589 2475 cum
2630 2420 2764 2484 sint,
2795 2420 3007 2489 duoque
3057 2421 3137 2475 eis
3170 2424 3360 2476 tradita
3408 2432 3488 2476 te-

1914 2524 2178 2567 stamenta
2199 2556 2213 2579 ,
2244 2529 2339 2583 per
2370 2513 2515 2577 illud,
2558 2511 2911 2583 Cogitationes
2953 2514 3124 2567 cordis
3154 2514 3266 2582 ejus
3298 2515 3353 2569 in
3396 2531 3487 2583 ge-

1916 2607 2234 2658 nerationem
2284 2617 2330 2660 et
2386 2607 2801 2675 generationem,
2844 2617 3099 2674 possunt,
3141 2605 3489 2673 generatione

1917 2698 1999 2751 bis
2053 2699 2361 2759 nominata,
2417 2699 2536 2750 dua:
2573 2711 2784 2767 qttoque
2825 2698 3182 2768 cogitationes
3241 2697 3483 2767 intelligi.

1918 2788 2031 2842 Una
2065 2788 2279 2856 quidem
2326 2788 2620 2841 secundum
2668 2802 2827 2856 quam
2886 2788 3034 2857 prius
3081 2787 3484 2842 Testamentum

1914 2880 2220 2948 accepimus
2266 2894 2281 2932 :
2320 2878 2488 2932 altera
2542 2894 2689 2945 vero,
2726 2894 2845 2948 quae
2873 2892 3063 2933 novam
3099 2888 3153 2933 et
3192 2879 3483 2933 salutarem

1913 2971 2111 3027 Christi
2143 2972 2443 3029 doctrinam
2474 2971 2630 3026 nobis
2654 2972 2840 3040 largita
2874 2982 2973 3024 est.
2999 2969 3157 3023 Vsus.
3196 2971 3283 3023 12.
3318 2971 3485 3023 Beata

1911 3078 2031 3131 gens
2062 3062 2210 3129 cujus
2244 3072 2317 3115 est
2371 3062 2625 3115 Dominus
2675 3060 2811 3113 Deus
2871 3060 3030 3127 ejus;
3064 3062 3286 3127 populus
3331 3073 3483 3123 quem

1912 3152 2061 3219 elegit
2121 3152 2176 3205 in
2223 3152 2577 3204 Itwreditatem
2607 3151 2724 3204 sibi.
2759 3148 2927 3204 Nemo
2975 3151 3187 3204 beatum
3231 3152 3484 3219 przedicat

1912 3239 2217 3295 Judaeorum
2250 3242 2523 3311 populum,
2561 3241 2653 3295 sed
2685 3257 2807 3293 eum
2840 3240 3115 3309 populum,
3151 3242 3239 3309 qui
3272 3254 3339 3291 ex
3366 3256 3484 3291 om-

1914 3332 2068 3387 uibus
2095 3332 2305 3402 populis
2349 3332 2427 3386 sic
2465 3333 2667 3387 electus
2712 3342 2813 3387 est.
2851 3343 2909 3387 ut
2945 3332 3132 3400 optimi
3167 3332 3364 3400 quique
3397 3346 3485 3385 se-

1911 3425 2034 3480 lecti
2090 3427 2220 3481 sint.
2254 3424 2451 3480 Sumus
2501 3424 2643 3479 enim
2674 3439 2806 3494 gens
2840 3424 2925 3477 illa
2972 3438 3086 3487 nos,
3119 3438 3347 3492 quorum
3396 3432 3481 3477 est

1911 3521 2166 3574 Dominus
2220 3520 2359 3574 Deus
2401 3528 2583 3574 noster
2622 3536 2636 3573 :
2671 3533 2769 3572 nos
2801 3532 2984 3571 sumus
3028 3517 3189 3569 etiam
3221 3514 3472 3584 p0pulus.

1908 3624 2065 3678 quem
2090 3610 2248 3679 elegit
2265 3611 2316 3662 in
2336 3610 2698 3663 baereditatem
2721 3610 2821 3664 sibi
2841 3609 2920 3673 ";
2946 3624 3077 3678 gens
3100 3608 3334 3679 quidem,
3354 3609 3479 3679 quia

1914 3716 1977 3755 cx
2011 3701 2191 3754 tuultis
2228 3703 2473 3769 gentibus
2503 3702 2711 3755 collecti
2757 3702 3001 3756 sumus“
3028 3720 3041 3753 :
3072 3701 3297 3769 populus
3330 3717 3478 3765 vero,

1915 3793 2037 3862 quia
2064 3792 2118 3844 in
2142 3791 2317 3859 pOpuli
2338 3792 2528 3859 abjecti
2553 3792 2725 3844 locum
2756 3792 2998 3846 advocati
3026 3806 3227 3844 sumus.
3262 3791 3325 3844 Et
3350 3807 3484 3859 quo-

1912 3886 2056 3940 niam
2085 3884 2243 3938 Multi
2276 3897 2393 3938 sunt
2422 3884 2613 3947 vocati,
2639 3885 2792 3950 pauci
2842 3900 2956 3936 vero
2996 3882 3231 3945 electi”,
3264 3884 3477 3937 beatum

1912 3978 2040 4032 dicit
2070 3993 2173 4029 non
2200 3985 2466 4040 vocatum,
2486 3975 2578 4029 sed
2606 3973 2852 4027 electum.
2872 3974 3062 4028 Beatus
3086 3988 3311 4043 namque
3325 3986 3478 4038 quem

1910 4069 2093 4137 elegit.
2138 4068 2267 4132 Qua:
2298 4077 2476 4119 autem
2508 4065 2854 4119 beatitudinis
2895 4079 3057 4118 causa
3102 4066 3123 4115 ἶ
3162 4063 3478 4133 Exspectata

1914 4160 2172 4213 bonorum
2208 4168 2528 4211 atternorum
2571 4154 2873 4209 bareditas.
2910 4154 2989 4206 An
3037 4153 3171 4208 forte
3225 4153 3475 4222 quoniam

1909 4252 2062 4321 juxta
2114 4250 2429 4319 Apostolnm
2463 4248 2534 4311 δι,
2571 4259 2854 4317 postquam
2919 4247 3154 4316 gentium
3204 4246 3480 4314 plenitudo

1913 4344 2214 4407 intraverit,
2278 4352 2402 4395 tunc
2440 4339 2602 4395 Israel
2649 4339 2825 4393 omnis
2880 4338 3202 4400 salvabitur,
3246 4338 3477 4407 primum

1912 4438 2124 4491 beatam
2183 4433 2440 4505 praedicat
2507 4431 2743 4501 gentium
2810 4430 3189 4499 plenitudinem
3230 4446 3244 4482 :
3290 4428 3481 4481 deimle

1911 4530 2192 4594 lsraelem,
2226 4529 2313 4597 qni
2352 4536 2624 4597 postremo
2682 4523 3014 4578 Salvabitur?
3064 4522 3256 4575 Salvus
3302 4530 3477 4583 autem

1912 4621 1970 4674 lit
2000 4636 2103 4673 non
2135 4619 2328 4688 quivis,
2360 4616 2455 4670 sed
2502 4616 2740 4683 reliquia:
2779 4616 2947 4665 solum
2971 4652 2985 4676 ,
3017 4626 3136 4678 quae
3181 4620 3341 4663 erunt
3390 4626 3477 4664 se-

1910 4716 2140 4769 cundum
2170 4712 2489 4765 electionem
2524 4706 2711 4775 gratiae
2740 4706 2811 4759 ".
2846 4704 2972 4757 ldeo
3024 4705 3154 4757 dicit
3188 4722 3201 4757 :
3246 4701 3476 4771 Papulas

1910 4824 2059 4875 quem
2091 4804 2242 4873 elegit
2276 4805 2327 4855 in
2359 4802 2720 4855 Ita'reditatem
2753 4798 2875 4851 sibi.

1982 4902 2034 4955 8.
2063 4900 2222 4953 Vsus.
2259 4897 2344 4959 15,
2374 4894 2458 4947 li.
2497 4893 2569 4945 De
2602 4892 2728 4945 ratio
2760 4890 2983 4957 respexit
3024 4888 3315 4952 Dominus;
3350 4888 3476 4941 vidit

1912 5007 2086 5043 omnes
2118 4989 2255 5057 ﬁlios
2283 4987 2551 5039 hominum
2596 4985 2660 5036 de
2698 4994 2986 5050 pra’paralo
3024 4979 3325 5034 habitacula
3361 4994 3473 5031 suo.

1914 5086 2014 5137 Eos
2038 5082 2127 5150 qui
2174 5088 2391 5133 manent
2443 5078 2497 5132 in
2549 5075 2763 5147 propria
2803 5075 3094 5145 dignitate,
3135 5084 3189 5127 et
3230 5073 3478 5127 humanae

1105 5180 1151 5211 ⁸³
1174 5179 1359 5232 Matth.
1385 5194 1473 5241 xx,
1493 5178 1578 5232 l6.
1654 5179 1699 5209 “
1734 5178 1890 5232 Ιὶοιιι.
1917 5193 1992 5238 XI,
2012 5175 2066 5231 5.
2141 5174 2187 5208 ⁸⁸
2216 5173 2348 5228 ibid.

1915 5274 2174 5325 indicare.
2211 5270 2388 5325 Editio
2432 5284 2560 5323 vero
2593 5266 2764 5322 Paris.
2798 5265 3051 5320 δύνανται
3101 5261 3239 5315 κατὰ
3273 5261 3353 5325 τὸ,
3387 5262 3477 5314 λο-

1914 5341 2126 5412 γισμοί2
2153 5352 2258 5395 etc.
2308 5350 2365 5393 nt
2395 5340 2750 5412 in_t‘0t_tlextu_._
2804 5335 3027 5395 Vereor,
3074 5350 3139 5385 ne
3165 5343 3357 5412 praeter
3389 5333 3475 5385 illa

1912 5407 2072 5478 quase
2098 5410 2513 5465 Commentariis
2536 5407 2751 5478 Eusebii
2781 5414 2989 5478 sumpta
3009 5418 3127 5478 esse
3150 5407 3474 5478 notavimus,

1910 5473 2010 5534 alia
2043 5496 2255 5551 quoque
2290 5480 2516 5551 orationi
2567 5476 2846 5551 Dasilianae
2899 5473 3123 5527 admista
3168 5474 3321 5526 sint:
3370 5487 3475 5540 qua

1910 5556 1974 5606 tle
2014 5548 2074 5603 re
2104 5552 2327 5603 aliorum
2360 5548 2770 5616 eritjudicium.

1978 5622 2090 5691 (29)
2120 5621 2294 5674 Editio
2318 5611 2500 5673 Paris.
2525 5615 2824 5691 ἐξελέξατο.
2855 5615 3006 5685 φησί.
3038 5613 3200 5666 Deest
3255 5611 3388 5682 φησι
3421 5612 3479 5668 ἱιι

1916 5689 2143 5759 ἱίεἰιιιυε
2170 5690 2399 5743 vidimus
2435 5689 2731 5759 cedit-ibus.

1987 5751 2096 5830 (50)
2154 5761 2243 5814 Sic
2301 5761 2468 5812 editio
2516 5758 2859 5830 Parisecum
2912 5751 3474 5830 vetustissimo-Ben.

1914 5824 2107 5894 artano
2140 5842 2190 5884 et
2214 5829 2366 5883 Colb.
2391 5832 2639 5896 septimo.
2669 5826 2768 5879 Alii
2804 5839 2911 5879 tres
2936 5841 3063 5877 mss.
3096 5824 3474 5896 ctnu_edit.ion9

1914 5889 2073 5958 lissi].
2094 5902 2214 5964 τοὺς
2234 5901 2331 5971 μὲν
2353 5889 2529 5961 ὄντας.
2560 5897 2686 5967 Reg.
2707 5899 2894 5952 tertius
2918 5896 3043 5958 τοὺς
3066 5894 3162 5964 μὲν
3184 5889 3274 5947 οὖν
3294 5894 3468 5954 ὄντας.
