  <div class='ocr_page' id='page_1' title='image "/cluster/home/n/w/nwhite01/storage/ocr_20150623/29/uva.x004321530/592.png"; bbox 0 0 4260 6530; ppageno 0'>
   <div class='ocr_carea' id='block_1_1' title="bbox 257 486 364 549">
    <p class='ocr_par' dir='ltr' id='par_1_1' title="bbox 257 486 364 549">
     <span class='ocr_line' id='line_1_1' title="bbox 257 486 364 549; baseline 0.009 -1"><span class='ocrx_word' id='word_1_1' title='bbox 257 486 364 549; x_wconf 67' lang='grc'><strong>343</strong></span> 
     </span>
    </p>
   </div>
   <div class='ocr_carea' id='block_1_2' title="bbox 1353 474 2379 549">
    <p class='ocr_par' dir='ltr' id='par_1_2' title="bbox 1353 474 2379 549">
     <span class='ocr_line' id='line_1_2' title="bbox 1353 474 2379 549; baseline 0 -3"><span class='ocrx_word' id='word_1_2' title='bbox 1353 474 1636 548; x_wconf 57' lang='grc' dir='ltr'>ιιοίιιιιιιι</span> <span class='ocrx_word' id='word_1_3' title='bbox 1677 491 1742 546; x_wconf 81' lang='lat' dir='ltr'><strong>1N</strong></span> <span class='ocrx_word' id='word_1_4' title='bbox 1785 491 2117 547; x_wconf 73' lang='lat' dir='ltr'><strong>PSALMUM</strong></span> <span class='ocrx_word' id='word_1_5' title='bbox 2157 493 2379 549; x_wconf 80' lang='grc' dir='ltr'>χχχιι.</span> 
     </span>
    </p>
   </div>
   <div class='ocr_carea' id='block_1_3' title="bbox 3401 505 3503 559">
    <p class='ocr_par' dir='ltr' id='par_1_3' title="bbox 3401 505 3503 559">
     <span class='ocr_line' id='line_1_3' title="bbox 3401 505 3503 559; baseline 0 0"><span class='ocrx_word' id='word_1_6' title='bbox 3401 505 3503 559; x_wconf 74' lang='grc'><strong>546</strong></span> 
     </span>
    </p>
   </div>
   <div class='ocr_carea' id='block_1_4' title="bbox 253 613 1935 690">
    <p class='ocr_par' dir='ltr' id='par_1_4' title="bbox 253 613 1906 686">
     <span class='ocr_line' id='line_1_4' title="bbox 253 613 1906 686; baseline -0.001 -19"><span class='ocrx_word' id='word_1_7' title='bbox 253 614 352 668; x_wconf 69' lang='grc' dir='ltr'>οὖν</span> <span class='ocrx_word' id='word_1_8' title='bbox 371 615 620 685; x_wconf 75' lang='grc' dir='ltr'>βασιλεὺς</span> <span class='ocrx_word' id='word_1_9' title='bbox 654 618 712 669; x_wconf 87' lang='grc' dir='ltr'><strong>ού</strong></span> <span class='ocrx_word' id='word_1_10' title='bbox 737 615 885 685; x_wconf 79' lang='grc' dir='ltr'>παρὰ</span> <span class='ocrx_word' id='word_1_11' title='bbox 908 614 1005 686; x_wconf 84' lang='grc' dir='ltr'>τὴν</span> <span class='ocrx_word' id='word_1_12' title='bbox 1023 613 1220 685; x_wconf 78' lang='grc' dir='ltr'>πολλὴν</span> <span class='ocrx_word' id='word_1_13' title='bbox 1249 616 1494 685; x_wconf 83' lang='grc' dir='ltr'>δύναμιν,</span> <span class='ocrx_word' id='word_1_14' title='bbox 1519 614 1651 668; x_wconf 79' lang='grc' dir='ltr'>ἀλλὰ</span> <span class='ocrx_word' id='word_1_15' title='bbox 1683 614 1832 684; x_wconf 61' lang='grc' dir='ltr'>παρὰ</span> <span class='ocrx_word' id='word_1_16' title='bbox 1862 620 1906 674; x_wconf 81' lang='grc' dir='ltr'>Α</span> 
     </span>
    </p>
   </div>
   <div class='ocr_carea' id='block_1_5' title="bbox 1823 613 3505 690">
    <p class='ocr_par' dir='ltr' id='par_1_5' title="bbox 1823 613 3505 690">
     <span class='ocr_line' id='line_1_5' title="bbox 1823 613 3505 690; baseline 0.004 -24"><span class='ocrx_word' id='word_1_17' title='bbox 1823 620 1906 674; x_wconf 80' lang='grc' dir='ltr'>ιΑ</span> <span class='ocrx_word' id='word_1_18' title='bbox 1937 625 2024 666; x_wconf 89' lang='lat' dir='ltr'><strong>tur</strong></span> <span class='ocrx_word' id='word_1_19' title='bbox 2076 615 2236 684; x_wconf 71' lang='lat' dir='ltr'><strong>igitur</strong></span> <span class='ocrx_word' id='word_1_20' title='bbox 2266 630 2355 668; x_wconf 79' lang='lat' dir='ltr'><strong>rex</strong></span> <span class='ocrx_word' id='word_1_21' title='bbox 2395 629 2497 667; x_wconf 88' lang='lat' dir='ltr'><strong>non</strong></span> <span class='ocrx_word' id='word_1_22' title='bbox 2533 629 2628 681; x_wconf 90' lang='lat' dir='ltr'><strong>per</strong></span> <span class='ocrx_word' id='word_1_23' title='bbox 2674 613 2893 668; x_wconf 88' lang='lat' dir='ltr'><strong>multam</strong></span> <span class='ocrx_word' id='word_1_24' title='bbox 2947 619 3222 682; x_wconf 74' lang='lat' dir='ltr'><strong>virtutem,</strong></span> <span class='ocrx_word' id='word_1_25' title='bbox 3277 619 3369 674; x_wconf 88' lang='lat' dir='ltr'><strong>sed</strong></span> <span class='ocrx_word' id='word_1_26' title='bbox 3413 637 3505 690; x_wconf 89' lang='lat' dir='ltr'><strong>per</strong></span> 
     </span>
    </p>
   </div>
   <div class='ocr_carea' id='block_1_6' title="bbox 256 705 1831 778">
    <p class='ocr_par' dir='ltr' id='par_1_6' title="bbox 256 705 1831 778">
     <span class='ocr_line' id='line_1_6' title="bbox 256 705 1831 778; baseline -0.001 -20"><span class='ocrx_word' id='word_1_27' title='bbox 256 709 358 776; x_wconf 74' lang='grc' dir='ltr'>τὴν</span> <span class='ocrx_word' id='word_1_28' title='bbox 391 706 538 759; x_wconf 80' lang='grc' dir='ltr'>Θείαν</span> <span class='ocrx_word' id='word_1_29' title='bbox 584 707 760 778; x_wconf 83' lang='grc' dir='ltr'>χάριν.</span> <span class='ocrx_word' id='word_1_30' title='bbox 800 707 963 758; x_wconf 83' lang='grc' dir='ltr'><strong>Ὥστε</strong></span> <span class='ocrx_word' id='word_1_31' title='bbox 1003 706 1176 777; x_wconf 81' lang='grc' dir='ltr'><strong>ἀληθῆ</strong></span> <span class='ocrx_word' id='word_1_32' title='bbox 1221 709 1314 760; x_wconf 77' lang='grc' dir='ltr'><strong>καὶ</strong></span> <span class='ocrx_word' id='word_1_33' title='bbox 1341 707 1550 769; x_wconf 75' lang='grc' dir='ltr'><strong>τούτοις</strong></span> <span class='ocrx_word' id='word_1_34' title='bbox 1584 705 1719 760; x_wconf 87' lang='grc' dir='ltr'>εἶναι</span> <span class='ocrx_word' id='word_1_35' title='bbox 1743 705 1831 758; x_wconf 82' lang='grc' dir='ltr'><strong>τὸν</strong></span> 
     </span>
    </p>
   </div>
   <div class='ocr_carea' id='block_1_7' title="bbox 255 795 1830 868">
    <p class='ocr_par' dir='ltr' id='par_1_7' title="bbox 255 795 1830 868">
     <span class='ocr_line' id='line_1_7' title="bbox 255 795 1830 868; baseline -0.001 -19"><span class='ocrx_word' id='word_1_36' title='bbox 255 796 434 865; x_wconf 85' lang='grc' dir='ltr'>λόγον,</span> <span class='ocrx_word' id='word_1_37' title='bbox 481 799 560 850; x_wconf 83' lang='grc' dir='ltr'>ὃτι</span> <span class='ocrx_word' id='word_1_38' title='bbox 581 798 781 865; x_wconf 80' lang='grc' dir='ltr'>Χάριτί</span> <span class='ocrx_word' id='word_1_39' title='bbox 826 799 967 851; x_wconf 79' lang='grc' dir='ltr'>ἐστε</span> <span class='ocrx_word' id='word_1_40' title='bbox 1011 796 1401 866; x_wconf 83' lang='grc' dir='ltr'>σεσωσμένοι.</span> <span class='ocrx_word' id='word_1_41' title='bbox 1454 799 1664 868; x_wconf 83' lang='grc' dir='ltr'>’Ὠσπερ</span> <span class='ocrx_word' id='word_1_42' title='bbox 1713 795 1830 848; x_wconf 76' lang='grc' dir='ltr'>οὐδὲ</span> 
     </span>
    </p>
   </div>
   <div class='ocr_carea' id='block_1_8' title="bbox 254 888 1831 960">
    <p class='ocr_par' dir='ltr' id='par_1_8' title="bbox 254 888 1831 960">
     <span class='ocr_line' id='line_1_8' title="bbox 254 888 1831 960; baseline 0 -20"><span class='ocrx_word' id='word_1_43' title='bbox 254 890 499 959; x_wconf 74' lang='grc' dir='ltr'>γεωργὸς</span> <span class='ocrx_word' id='word_1_44' title='bbox 554 889 804 942; x_wconf 76' lang='grc' dir='ltr'>τοσοῦτον</span> <span class='ocrx_word' id='word_1_45' title='bbox 841 888 927 942; x_wconf 82' lang='grc' dir='ltr'>διὰ</span> <span class='ocrx_word' id='word_1_46' title='bbox 987 889 1085 960; x_wconf 82' lang='grc' dir='ltr'>τὴν</span> <span class='ocrx_word' id='word_1_47' title='bbox 1134 891 1446 960; x_wconf 77' lang='grc' dir='ltr'>γεωργικὴν</span> <span class='ocrx_word' id='word_1_48' title='bbox 1519 889 1831 959; x_wconf 80' lang='grc' dir='ltr'>ἐπιμέλειαν</span> 
     </span>
    </p>
   </div>
   <div class='ocr_carea' id='block_1_9' title="bbox 255 982 1832 1054">
    <p class='ocr_par' dir='ltr' id='par_1_9' title="bbox 255 982 1832 1054">
     <span class='ocr_line' id='line_1_9' title="bbox 255 982 1832 1054; baseline 0.002 -21"><span class='ocrx_word' id='word_1_49' title='bbox 255 982 511 1050; x_wconf 78' lang='grc' dir='ltr'><strong>τυγχάνει</strong></span> <span class='ocrx_word' id='word_1_50' title='bbox 534 983 625 1034; x_wconf 78' lang='grc' dir='ltr'><strong>τοῦ</strong></span> <span class='ocrx_word' id='word_1_51' title='bbox 648 983 954 1050; x_wconf 87' lang='grc' dir='ltr'>γεωργικοῦ</span> <span class='ocrx_word' id='word_1_52' title='bbox 978 986 1193 1054; x_wconf 79' lang='grc' dir='ltr'><strong>μέρους,</strong></span> <span class='ocrx_word' id='word_1_53' title='bbox 1230 986 1351 1037; x_wconf 82' lang='grc' dir='ltr'>ὅσον</span> <span class='ocrx_word' id='word_1_54' title='bbox 1377 985 1462 1038; x_wconf 77' lang='grc' dir='ltr'>διὰ</span> <span class='ocrx_word' id='word_1_55' title='bbox 1491 983 1581 1036; x_wconf 84' lang='grc' dir='ltr'>τὸν</span> <span class='ocrx_word' id='word_1_56' title='bbox 1607 983 1832 1048; x_wconf 72' lang='grc' dir='ltr'>αὔξοντα</span> 
     </span>
    </p>
   </div>
   <div class='ocr_carea' id='block_1_10' title="bbox 255 1075 1833 1146">
    <p class='ocr_par' dir='ltr' id='par_1_10' title="bbox 255 1075 1833 1146">
     <span class='ocr_line' id='line_1_10' title="bbox 255 1075 1833 1146; baseline 0.001 -20"><span class='ocrx_word' id='word_1_57' title='bbox 255 1075 329 1127; x_wconf 74' lang='grc' dir='ltr'><strong>τα</strong></span> <span class='ocrx_word' id='word_1_58' title='bbox 375 1075 762 1145; x_wconf 85' lang='grc' dir='ltr'>γεωργούμενα</span> <span class='ocrx_word' id='word_1_59' title='bbox 806 1076 958 1129; x_wconf 88' lang='grc' dir='ltr'>Θεόν.</span> <span class='ocrx_word' id='word_1_60' title='bbox 1001 1077 1148 1129; x_wconf 78' lang='grc' dir='ltr'>Οὔτε</span> <span class='ocrx_word' id='word_1_61' title='bbox 1187 1077 1348 1145; x_wconf 75' lang='grc' dir='ltr'><strong>γὰρό</strong></span> <span class='ocrx_word' id='word_1_62' title='bbox 1382 1078 1654 1146; x_wconf 65' lang='grc' dir='ltr'>φυτεύων</span> <span class='ocrx_word' id='word_1_63' title='bbox 1701 1077 1833 1129; x_wconf 83' lang='grc' dir='ltr'>ἐστί</span> 
     </span>
    </p>
   </div>
   <div class='ocr_carea' id='block_1_11' title="bbox 257 1168 1832 1235">
    <p class='ocr_par' dir='ltr' id='par_1_11' title="bbox 257 1168 1832 1235">
     <span class='ocr_line' id='line_1_11' title="bbox 257 1168 1832 1235; baseline 0.003 -18"><span class='ocrx_word' id='word_1_64' title='bbox 257 1184 334 1230; x_wconf 83' lang='grc' dir='ltr'><strong>τι,</strong></span> <span class='ocrx_word' id='word_1_65' title='bbox 370 1168 507 1219; x_wconf 80' lang='grc' dir='ltr'>οὔτε</span> <span class='ocrx_word' id='word_1_66' title='bbox 552 1170 584 1220; x_wconf 83' lang='grc' dir='ltr'><strong>ό</strong></span> <span class='ocrx_word' id='word_1_67' title='bbox 611 1168 876 1228; x_wconf 78' lang='grc' dir='ltr'><strong>ποτίζων,</strong></span> <span class='ocrx_word' id='word_1_68' title='bbox 903 1168 1049 1221; x_wconf 76' lang='grc' dir='ltr'><em>ἀλλ’</em></span> <span class='ocrx_word' id='word_1_69' title='bbox 1087 1172 1120 1221; x_wconf 84' lang='grc' dir='ltr'><strong>ό</strong></span> <span class='ocrx_word' id='word_1_70' title='bbox 1161 1169 1439 1232; x_wconf 79' lang='grc' dir='ltr'><strong>αὐξάνων</strong></span> <span class='ocrx_word' id='word_1_71' title='bbox 1478 1171 1640 1235; x_wconf 83' lang='grc' dir='ltr'>Θεός.</span> <span class='ocrx_word' id='word_1_72' title='bbox 1686 1171 1748 1221; x_wconf 81' lang='grc' dir='ltr'><strong>Εἰ</strong></span> <span class='ocrx_word' id='word_1_73' title='bbox 1778 1170 1832 1223; x_wconf 83' lang='grc' dir='ltr'>δὲ</span> 
     </span>
    </p>
   </div>
   <div class='ocr_carea' id='block_1_12' title="bbox 257 1256 1833 1331">
    <p class='ocr_par' dir='ltr' id='par_1_12' title="bbox 257 1256 1833 1331">
     <span class='ocr_line' id='line_1_12' title="bbox 257 1256 1833 1331; baseline 0.003 -24"><span class='ocrx_word' id='word_1_74' title='bbox 257 1257 456 1326; x_wconf 78' lang='grc' dir='ltr'>καρδία</span> <span class='ocrx_word' id='word_1_75' title='bbox 491 1256 750 1327; x_wconf 85' lang='grc' dir='ltr'>βασιλέως</span> <span class='ocrx_word' id='word_1_76' title='bbox 784 1260 840 1309; x_wconf 81' lang='grc' dir='ltr'><strong>ἐν</strong></span> <span class='ocrx_word' id='word_1_77' title='bbox 870 1260 1011 1327; x_wconf 72' lang='grc' dir='ltr'>χειρὶ</span> <span class='ocrx_word' id='word_1_78' title='bbox 1035 1259 1199 1321; x_wconf 80' lang='grc' dir='ltr'>Θεοῦ,</span> <span class='ocrx_word' id='word_1_79' title='bbox 1248 1261 1308 1312; x_wconf 83' lang='grc' dir='ltr'><strong>ού</strong></span> <span class='ocrx_word' id='word_1_80' title='bbox 1362 1259 1590 1324; x_wconf 75' lang='grc' dir='ltr'>σώζεται</span> <span class='ocrx_word' id='word_1_81' title='bbox 1623 1260 1708 1313; x_wconf 83' lang='grc' dir='ltr'>διὰ</span> <span class='ocrx_word' id='word_1_82' title='bbox 1737 1260 1833 1331; x_wconf 79' lang='grc' dir='ltr'>τὴν</span> 
     </span>
    </p>
   </div>
   <div class='ocr_carea' id='block_1_13' title="bbox 255 1350 1831 1424">
    <p class='ocr_par' dir='ltr' id='par_1_13' title="bbox 255 1350 1831 1424">
     <span class='ocr_line' id='line_1_13' title="bbox 255 1350 1831 1424; baseline 0.002 -22"><span class='ocrx_word' id='word_1_83' title='bbox 255 1350 540 1420; x_wconf 82' lang='grc' dir='ltr'>ὁπλιτικὴν</span> <span class='ocrx_word' id='word_1_84' title='bbox 567 1351 812 1419; x_wconf 87' lang='grc' dir='ltr'>δύναμιν,</span> <span class='ocrx_word' id='word_1_85' title='bbox 841 1350 975 1404; x_wconf 81' lang='grc' dir='ltr'><strong>ἀλλᾶ</strong></span> <span class='ocrx_word' id='word_1_86' title='bbox 1001 1352 1086 1404; x_wconf 78' lang='grc' dir='ltr'><strong>διὰ</strong></span> <span class='ocrx_word' id='word_1_87' title='bbox 1125 1353 1220 1424; x_wconf 78' lang='grc' dir='ltr'><strong>τὴν</strong></span> <span class='ocrx_word' id='word_1_88' title='bbox 1255 1352 1404 1404; x_wconf 87' lang='grc' dir='ltr'>Θείαν</span> <span class='ocrx_word' id='word_1_89' title='bbox 1443 1355 1831 1422; x_wconf 84' lang='grc' dir='ltr'>χειραγωγίαν.</span> 
     </span>
    </p>
   </div>
   <div class='ocr_carea' id='block_1_14' title="bbox 271 1439 1834 1513">
    <p class='ocr_par' dir='ltr' id='par_1_14' title="bbox 271 1439 1834 1513">
     <span class='ocr_line' id='line_1_14' title="bbox 271 1439 1834 1513; baseline 0.003 -21"><span class='ocrx_word' id='word_1_90' title='bbox 271 1439 360 1492; x_wconf 84' lang='grc' dir='ltr'>Ἐν</span> <span class='ocrx_word' id='word_1_91' title='bbox 393 1442 533 1513; x_wconf 77' lang='grc' dir='ltr'>χειρὶ</span> <span class='ocrx_word' id='word_1_92' title='bbox 573 1442 627 1494; x_wconf 76' lang='grc' dir='ltr'><strong>δὲ</strong></span> <span class='ocrx_word' id='word_1_93' title='bbox 655 1441 788 1493; x_wconf 79' lang='grc' dir='ltr'>Θεοῦ</span> <span class='ocrx_word' id='word_1_94' title='bbox 823 1444 966 1494; x_wconf 71' lang='grc' dir='ltr'>ἐστιν</span> <span class='ocrx_word' id='word_1_95' title='bbox 1009 1444 1106 1512; x_wconf 83' lang='grc' dir='ltr'><strong>οὐχ</strong></span> <span class='ocrx_word' id='word_1_96' title='bbox 1153 1446 1180 1496; x_wconf 99' lang='lat'><strong>6</strong></span> <span class='ocrx_word' id='word_1_97' title='bbox 1221 1442 1433 1512; x_wconf 85' lang='grc' dir='ltr'>τυχὼν,</span> <span class='ocrx_word' id='word_1_98' title='bbox 1473 1443 1584 1494; x_wconf 83' lang='grc' dir='ltr'>ἀλλ’</span> <span class='ocrx_word' id='word_1_99' title='bbox 1617 1446 1644 1496; x_wconf 92' lang='lat'><strong>6</strong></span> <span class='ocrx_word' id='word_1_100' title='bbox 1687 1442 1834 1507; x_wconf 80' lang='grc' dir='ltr'>ἄξιος</span> 
     </span>
    </p>
   </div>
   <div class='ocr_carea' id='block_1_15' title="bbox 258 1532 1835 1606">
    <p class='ocr_par' dir='ltr' id='par_1_15' title="bbox 258 1532 1835 1606">
     <span class='ocr_line' id='line_1_15' title="bbox 258 1532 1835 1606; baseline 0.002 -22"><span class='ocrx_word' id='word_1_101' title='bbox 258 1532 361 1602; x_wconf 79' lang='grc' dir='ltr'>τῆς</span> <span class='ocrx_word' id='word_1_102' title='bbox 390 1535 481 1586; x_wconf 80' lang='grc' dir='ltr'>τοῦ</span> <span class='ocrx_word' id='word_1_103' title='bbox 526 1532 787 1602; x_wconf 80' lang='grc' dir='ltr'>βασιλέως</span> <span class='ocrx_word' id='word_1_104' title='bbox 825 1535 1211 1605; x_wconf 77' lang='grc' dir='ltr'><strong>προσηγορίας.</strong></span> <span class='ocrx_word' id='word_1_105' title='bbox 1262 1535 1537 1606; x_wconf 88' lang='grc' dir='ltr'>Ὠρίσαντο</span> <span class='ocrx_word' id='word_1_106' title='bbox 1594 1537 1650 1588; x_wconf 86' lang='grc' dir='ltr'><strong>δέ</strong></span> <span class='ocrx_word' id='word_1_107' title='bbox 1695 1554 1835 1599; x_wconf 85' lang='grc' dir='ltr'>τινες</span> 
     </span>
    </p>
   </div>
   <div class='ocr_carea' id='block_1_16' title="bbox 263 1621 1834 1697">
    <p class='ocr_par' dir='ltr' id='par_1_16' title="bbox 263 1621 1834 1697">
     <span class='ocr_line' id='line_1_16' title="bbox 263 1621 1834 1697; baseline 0 -18"><span class='ocrx_word' id='word_1_108' title='bbox 263 1625 538 1695; x_wconf 82' lang='grc' dir='ltr'>βασιλείαν</span> <span class='ocrx_word' id='word_1_109' title='bbox 581 1621 716 1678; x_wconf 78' lang='grc' dir='ltr'>εἶναι</span> <span class='ocrx_word' id='word_1_110' title='bbox 754 1627 850 1696; x_wconf 82' lang='grc' dir='ltr'><strong>τὴν</strong></span> <span class='ocrx_word' id='word_1_111' title='bbox 884 1627 1103 1696; x_wconf 76' lang='grc' dir='ltr'>ἔννομον</span> <span class='ocrx_word' id='word_1_112' title='bbox 1152 1627 1502 1687; x_wconf 73' lang='grc' dir='ltr'>ἐπιστασίαν,</span> <span class='ocrx_word' id='word_1_113' title='bbox 1547 1627 1576 1697; x_wconf 76' lang='grc' dir='ltr'>ἣ</span> <span class='ocrx_word' id='word_1_114' title='bbox 1619 1627 1714 1696; x_wconf 75' lang='grc' dir='ltr'><strong>τὴν</strong></span> <span class='ocrx_word' id='word_1_115' title='bbox 1745 1627 1834 1679; x_wconf 74' lang='grc' dir='ltr'><strong>ἐπὶ</strong></span> 
     </span>
    </p>
   </div>
   <div class='ocr_carea' id='block_1_17' title="bbox 261 1722 1834 1794">
    <p class='ocr_par' dir='ltr' id='par_1_17' title="bbox 261 1722 1834 1794">
     <span class='ocr_line' id='line_1_17' title="bbox 261 1722 1834 1794; baseline 0.001 -19"><span class='ocrx_word' id='word_1_116' title='bbox 261 1726 426 1776; x_wconf 78' lang='grc' dir='ltr'>πᾶσιν</span> <span class='ocrx_word' id='word_1_117' title='bbox 471 1723 641 1794; x_wconf 77' lang='grc' dir='ltr'>ἀρχὴν</span> <span class='ocrx_word' id='word_1_118' title='bbox 675 1722 1042 1776; x_wconf 81' lang='grc' dir='ltr'>ἀνυπεύθυνον</span> <span class='ocrx_word' id='word_1_119' title='bbox 1087 1724 1348 1793; x_wconf 76' lang='grc' dir='ltr'>ἁμαρτία.</span> <span class='ocrx_word' id='word_1_120' title='bbox 1389 1724 1497 1776; x_wconf 82' lang='grc' dir='ltr'><strong>Καὶ</strong></span> <span class='ocrx_word' id='word_1_121' title='bbox 1550 1725 1716 1791; x_wconf 78' lang='grc' dir='ltr'>γίγας</span> <span class='ocrx_word' id='word_1_122' title='bbox 1763 1725 1834 1776; x_wconf 85' lang='grc' dir='ltr'>οὺ</span> 
     </span>
    </p>
   </div>
   <div class='ocr_carea' id='block_1_18' title="bbox 259 1813 1827 1883">
    <p class='ocr_par' dir='ltr' id='par_1_18' title="bbox 259 1813 1827 1883">
     <span class='ocr_line' id='line_1_18' title="bbox 259 1813 1827 1883; baseline -0.001 -15"><span class='ocrx_word' id='word_1_123' title='bbox 259 1815 595 1880; x_wconf 77' lang='grc' dir='ltr'>σωθήσεται</span> <span class='ocrx_word' id='word_1_124' title='bbox 628 1814 698 1867; x_wconf 83' lang='grc' dir='ltr'>ἐν</span> <span class='ocrx_word' id='word_1_125' title='bbox 733 1813 948 1880; x_wconf 73' lang='grc' dir='ltr'>πλήθει</span> <span class='ocrx_word' id='word_1_126' title='bbox 988 1817 1200 1883; x_wconf 75' lang='grc' dir='ltr'>ἰσχύος</span> <span class='ocrx_word' id='word_1_127' title='bbox 1238 1814 1439 1867; x_wconf 79' lang='grc' dir='ltr'>αὑτοῦ.</span> <span class='ocrx_word' id='word_1_128' title='bbox 1486 1815 1718 1881; x_wconf 80' lang='grc' dir='ltr'>Γίγαντα</span> <span class='ocrx_word' id='word_1_129' title='bbox 1747 1813 1827 1866; x_wconf 82' lang='grc' dir='ltr'>λέ-</span> 
     </span>
    </p>
   </div>
   <div class='ocr_carea' id='block_1_19' title="bbox 260 1906 1837 1978">
    <p class='ocr_par' dir='ltr' id='par_1_19' title="bbox 260 1906 1837 1978">
     <span class='ocr_line' id='line_1_19' title="bbox 260 1906 1837 1978; baseline 0.001 -21"><span class='ocrx_word' id='word_1_130' title='bbox 260 1923 346 1974; x_wconf 92' lang='grc' dir='ltr'><strong>γει</strong></span> <span class='ocrx_word' id='word_1_131' title='bbox 375 1907 462 1957; x_wconf 71' lang='grc' dir='ltr'>τὸν</span> <span class='ocrx_word' id='word_1_132' title='bbox 503 1908 701 1977; x_wconf 78' lang='grc' dir='ltr'>φυσικῇ</span> <span class='ocrx_word' id='word_1_133' title='bbox 741 1907 965 1976; x_wconf 76' lang='grc' dir='ltr'>δυνάμει</span> <span class='ocrx_word' id='word_1_134' title='bbox 1009 1908 1102 1960; x_wconf 75' lang='grc' dir='ltr'><strong>καὶ</strong></span> <span class='ocrx_word' id='word_1_135' title='bbox 1141 1907 1277 1975; x_wconf 85' lang='grc' dir='ltr'>τόνῳ</span> <span class='ocrx_word' id='word_1_136' title='bbox 1310 1906 1603 1976; x_wconf 81' lang='grc' dir='ltr'><strong>σωματικῷ</strong></span> <span class='ocrx_word' id='word_1_137' title='bbox 1644 1924 1837 1978; x_wconf 82' lang='grc' dir='ltr'>κεχρη-</span> 
     </span>
    </p>
   </div>
   <div class='ocr_carea' id='block_1_20' title="bbox 267 1995 1838 2070">
    <p class='ocr_par' dir='ltr' id='par_1_20' title="bbox 267 1995 1838 2070">
     <span class='ocr_line' id='line_1_20' title="bbox 267 1995 1838 2070; baseline -0.001 -20"><span class='ocrx_word' id='word_1_138' title='bbox 267 1998 444 2067; x_wconf 85' lang='grc' dir='ltr'>μένον.</span> <span class='ocrx_word' id='word_1_139' title='bbox 469 1996 606 2051; x_wconf 82' lang='grc' dir='ltr'>Οὗτε</span> <span class='ocrx_word' id='word_1_140' title='bbox 635 1995 727 2051; x_wconf 79' lang='grc' dir='ltr'><strong>οὖν</strong></span> <span class='ocrx_word' id='word_1_141' title='bbox 761 1998 1011 2068; x_wconf 82' lang='grc' dir='ltr'>βασιλεὺς</span> <span class='ocrx_word' id='word_1_142' title='bbox 1043 1999 1139 2068; x_wconf 73' lang='grc' dir='ltr'><strong>τὴν</strong></span> <span class='ocrx_word' id='word_1_143' title='bbox 1186 2002 1248 2051; x_wconf 81' lang='grc' dir='ltr'>ὲκ</span> <span class='ocrx_word' id='word_1_144' title='bbox 1283 1997 1375 2049; x_wconf 81' lang='grc' dir='ltr'>τοῦ</span> <span class='ocrx_word' id='word_1_145' title='bbox 1404 1998 1678 2052; x_wconf 74' lang='grc' dir='ltr'>ὁπλιτικοῦ</span> <span class='ocrx_word' id='word_1_146' title='bbox 1713 1999 1838 2070; x_wconf 55' lang='grc' dir='ltr'><strong>βιή-</strong></span> 
     </span>
    </p>
   </div>
   <div class='ocr_carea' id='block_1_21' title="bbox 264 2088 1840 2162">
    <p class='ocr_par' dir='ltr' id='par_1_21' title="bbox 264 2088 1840 2162">
     <span class='ocr_line' id='line_1_21' title="bbox 264 2088 1840 2162; baseline 0.003 -22"><span class='ocrx_word' id='word_1_147' title='bbox 264 2088 412 2140; x_wconf 80' lang='grc' dir='ltr'>Θειαν</span> <span class='ocrx_word' id='word_1_148' title='bbox 442 2089 716 2161; x_wconf 74' lang='grc' dir='ltr'>ἀρκοῦσαν</span> <span class='ocrx_word' id='word_1_149' title='bbox 751 2091 861 2160; x_wconf 81' lang='grc' dir='ltr'>ἔχει</span> <span class='ocrx_word' id='word_1_150' title='bbox 889 2090 1023 2161; x_wconf 84' lang='grc' dir='ltr'>πρὸς</span> <span class='ocrx_word' id='word_1_151' title='bbox 1048 2090 1340 2160; x_wconf 78' lang='grc' dir='ltr'>σωτηρίαν,</span> <span class='ocrx_word' id='word_1_152' title='bbox 1376 2089 1497 2143; x_wconf 72' lang='grc' dir='ltr'>οὔτε</span> <span class='ocrx_word' id='word_1_153' title='bbox 1543 2094 1570 2144; x_wconf 88' lang='lat'><strong>6</strong></span> <span class='ocrx_word' id='word_1_154' title='bbox 1604 2092 1840 2162; x_wconf 76' lang='grc' dir='ltr'>ἀνδρεῖος</span> 
     </span>
    </p>
   </div>
   <div class='ocr_carea' id='block_1_22' title="bbox 263 2180 1840 2252">
    <p class='ocr_par' dir='ltr' id='par_1_22' title="bbox 263 2180 1840 2252">
     <span class='ocr_line' id='line_1_22' title="bbox 263 2180 1840 2252; baseline 0.002 -19"><span class='ocrx_word' id='word_1_155' title='bbox 263 2180 443 2251; x_wconf 77' lang='grc' dir='ltr'>ἑαυτῷ</span> <span class='ocrx_word' id='word_1_156' title='bbox 467 2182 601 2252; x_wconf 73' lang='grc' dir='ltr'>πρὸς</span> <span class='ocrx_word' id='word_1_157' title='bbox 625 2183 800 2238; x_wconf 74' lang='grc' dir='ltr'>πάντα</span> <span class='ocrx_word' id='word_1_158' title='bbox 841 2185 1100 2252; x_wconf 79' lang='grc' dir='ltr'>ἐπαρκεῖν</span> <span class='ocrx_word' id='word_1_159' title='bbox 1130 2184 1277 2235; x_wconf 78' lang='grc' dir='ltr'>ἐστιν</span> <span class='ocrx_word' id='word_1_160' title='bbox 1323 2184 1520 2246; x_wconf 85' lang='grc' dir='ltr'>ἱκανός.</span> <span class='ocrx_word' id='word_1_161' title='bbox 1567 2185 1840 2236; x_wconf 82' lang='grc' dir='ltr'>ἈσΘένεια</span> 
     </span>
    </p>
   </div>
   <div class='ocr_carea' id='block_1_23' title="bbox 265 2275 1840 2346">
    <p class='ocr_par' dir='ltr' id='par_1_23' title="bbox 265 2275 1840 2346">
     <span class='ocr_line' id='line_1_23' title="bbox 265 2275 1840 2346; baseline 0 -18"><span class='ocrx_word' id='word_1_162' title='bbox 265 2275 375 2346; x_wconf 79' lang='grc' dir='ltr'><strong>γάρ</strong></span> <span class='ocrx_word' id='word_1_163' title='bbox 411 2277 524 2328; x_wconf 77' lang='grc' dir='ltr'>ἐστι</span> <span class='ocrx_word' id='word_1_164' title='bbox 570 2277 662 2328; x_wconf 79' lang='grc' dir='ltr'><strong>καὶ</strong></span> <span class='ocrx_word' id='word_1_165' title='bbox 706 2275 970 2345; x_wconf 79' lang='grc' dir='ltr'>ἀδυναμία</span> <span class='ocrx_word' id='word_1_166' title='bbox 1019 2276 1194 2327; x_wconf 81' lang='grc' dir='ltr'>πάντα</span> <span class='ocrx_word' id='word_1_167' title='bbox 1237 2275 1369 2345; x_wconf 79' lang='grc' dir='ltr'><strong>όμοῦ</strong></span> <span class='ocrx_word' id='word_1_168' title='bbox 1417 2277 1483 2329; x_wconf 77' lang='grc' dir='ltr'>τὰ</span> <span class='ocrx_word' id='word_1_169' title='bbox 1529 2275 1840 2346; x_wconf 70' lang='grc' dir='ltr'>ἀνθρώπινα</span> 
     </span>
    </p>
   </div>
   <div class='ocr_carea' id='block_1_24' title="bbox 265 2365 1840 2440">
    <p class='ocr_par' dir='ltr' id='par_1_24' title="bbox 265 2365 1840 2440">
     <span class='ocr_line' id='line_1_24' title="bbox 265 2365 1840 2440; baseline 0 -20"><span class='ocrx_word' id='word_1_170' title='bbox 265 2369 403 2440; x_wconf 76' lang='grc' dir='ltr'>πρὸς</span> <span class='ocrx_word' id='word_1_171' title='bbox 453 2368 547 2439; x_wconf 79' lang='grc' dir='ltr'><strong>τὴν</strong></span> <span class='ocrx_word' id='word_1_172' title='bbox 611 2367 865 2439; x_wconf 79' lang='grc' dir='ltr'>ἀληθινὴν</span> <span class='ocrx_word' id='word_1_173' title='bbox 930 2365 1156 2436; x_wconf 86' lang='grc' dir='ltr'>δύναμιν</span> <span class='ocrx_word' id='word_1_174' title='bbox 1217 2367 1688 2438; x_wconf 79' lang='grc' dir='ltr'>παραϐαλλόμενα.</span> <span class='ocrx_word' id='word_1_175' title='bbox 1743 2367 1840 2420; x_wconf 72' lang='grc' dir='ltr'>Διὰ</span> 
     </span>
    </p>
   </div>
   <div class='ocr_carea' id='block_1_25' title="bbox 263 2457 1838 2528">
    <p class='ocr_par' dir='ltr' id='par_1_25' title="bbox 263 2457 1838 2528">
     <span class='ocr_line' id='line_1_25' title="bbox 263 2457 1838 2528; baseline 0.002 -17"><span class='ocrx_word' id='word_1_176' title='bbox 263 2459 422 2512; x_wconf 77' lang='grc' dir='ltr'>τοῦτο</span> <span class='ocrx_word' id='word_1_177' title='bbox 461 2459 536 2512; x_wconf 79' lang='grc' dir='ltr'><strong>Τὰ</strong></span> <span class='ocrx_word' id='word_1_178' title='bbox 559 2458 786 2526; x_wconf 83' lang='grc' dir='ltr'><strong>ἀσθενῆ</strong></span> <span class='ocrx_word' id='word_1_179' title='bbox 821 2457 927 2512; x_wconf 86' lang='grc' dir='ltr'>τοῦ</span> <span class='ocrx_word' id='word_1_180' title='bbox 967 2461 1200 2528; x_wconf 80' lang='grc' dir='ltr'><strong>κόσμου</strong></span> <span class='ocrx_word' id='word_1_181' title='bbox 1248 2459 1563 2524; x_wconf 71' lang='grc' dir='ltr'><strong>ἐξελέξατο</strong></span> <span class='ocrx_word' id='word_1_182' title='bbox 1599 2465 1630 2514; x_wconf 84' lang='grc' dir='ltr'><strong>ό</strong></span> <span class='ocrx_word' id='word_1_183' title='bbox 1676 2463 1838 2528; x_wconf 81' lang='grc' dir='ltr'>Θεὸς,</span> 
     </span>
    </p>
   </div>
   <div class='ocr_carea' id='block_1_26' title="bbox 263 2549 1841 2622">
    <p class='ocr_par' dir='ltr' id='par_1_26' title="bbox 263 2549 1841 2622">
     <span class='ocr_line' id='line_1_26' title="bbox 263 2549 1841 2622; baseline 0.003 -19"><span class='ocrx_word' id='word_1_184' title='bbox 263 2551 367 2603; x_wconf 77' lang='grc' dir='ltr'><strong>ἵνα</strong></span> <span class='ocrx_word' id='word_1_185' title='bbox 414 2553 783 2619; x_wconf 72' lang='grc' dir='ltr'>καταισχύνῃ</span> <span class='ocrx_word' id='word_1_186' title='bbox 858 2552 929 2605; x_wconf 84' lang='grc' dir='ltr'>τὰ</span> <span class='ocrx_word' id='word_1_187' title='bbox 993 2549 1240 2618; x_wconf 63' lang='grc' dir='ltr'>ἰσχυρά·</span> <span class='ocrx_word' id='word_1_188' title='bbox 1303 2553 1393 2604; x_wconf 79' lang='grc' dir='ltr'><strong>καὶ</strong></span> <span class='ocrx_word' id='word_1_189' title='bbox 1458 2556 1520 2605; x_wconf 82' lang='grc' dir='ltr'><strong>ἐκ</strong></span> <span class='ocrx_word' id='word_1_190' title='bbox 1580 2555 1841 2622; x_wconf 76' lang='grc' dir='ltr'>στόματος</span> 
     </span>
    </p>
   </div>
   <div class='ocr_carea' id='block_1_27' title="bbox 264 2642 1839 2715">
    <p class='ocr_par' dir='ltr' id='par_1_27' title="bbox 264 2642 1839 2715">
     <span class='ocr_line' id='line_1_27' title="bbox 264 2642 1839 2715; baseline 0.003 -20"><span class='ocrx_word' id='word_1_191' title='bbox 264 2642 475 2712; x_wconf 77' lang='grc' dir='ltr'>νηπίων</span> <span class='ocrx_word' id='word_1_192' title='bbox 543 2642 635 2694; x_wconf 76' lang='grc' dir='ltr'>καὶ</span> <span class='ocrx_word' id='word_1_193' title='bbox 690 2642 1025 2712; x_wconf 77' lang='grc' dir='ltr'>Θηλαζόντων</span> <span class='ocrx_word' id='word_1_194' title='bbox 1087 2645 1450 2714; x_wconf 80' lang='grc' dir='ltr'>κατηρτίσατο</span> <span class='ocrx_word' id='word_1_195' title='bbox 1502 2645 1611 2715; x_wconf 85' lang='lat'><strong>(58)</strong></span> <span class='ocrx_word' id='word_1_196' title='bbox 1675 2645 1839 2708; x_wconf 78' lang='grc' dir='ltr'>αἶνον,</span> 
     </span>
    </p>
   </div>
   <div class='ocr_carea' id='block_1_28' title="bbox 264 2730 1840 2806">
    <p class='ocr_par' dir='ltr' id='par_1_28' title="bbox 264 2730 1840 2806">
     <span class='ocr_line' id='line_1_28' title="bbox 264 2730 1840 2806; baseline 0.003 -22"><span class='ocrx_word' id='word_1_197' title='bbox 264 2732 351 2784; x_wconf 86' lang='grc' dir='ltr'><strong>ἵνα</strong></span> <span class='ocrx_word' id='word_1_198' title='bbox 407 2731 679 2802; x_wconf 76' lang='grc' dir='ltr'>καταλύσῃ</span> <span class='ocrx_word' id='word_1_199' title='bbox 736 2731 827 2783; x_wconf 85' lang='grc' dir='ltr'><strong>τὸν</strong></span> <span class='ocrx_word' id='word_1_200' title='bbox 878 2730 1068 2802; x_wconf 78' lang='grc' dir='ltr'>ἐχθρὸν</span> <span class='ocrx_word' id='word_1_201' title='bbox 1137 2734 1230 2786; x_wconf 70' lang='grc' dir='ltr'><strong>καὶ</strong></span> <span class='ocrx_word' id='word_1_202' title='bbox 1295 2734 1601 2806; x_wconf 80' lang='grc' dir='ltr'>ἐκδικητὴν.</span> <span class='ocrx_word' id='word_1_203' title='bbox 1666 2737 1840 2790; x_wconf 84' lang='grc' dir='ltr'>Μάλι-</span> 
     </span>
    </p>
   </div>
   <div class='ocr_carea' id='block_1_29' title="bbox 265 2822 1840 2898">
    <p class='ocr_par' dir='ltr' id='par_1_29' title="bbox 265 2822 1840 2898">
     <span class='ocr_line' id='line_1_29' title="bbox 265 2822 1840 2898; baseline 0.003 -22"><span class='ocrx_word' id='word_1_204' title='bbox 265 2841 369 2876; x_wconf 90' lang='grc' dir='ltr'><strong>στα</strong></span> <span class='ocrx_word' id='word_1_205' title='bbox 404 2825 510 2892; x_wconf 72' lang='grc' dir='ltr'><strong>γὰρ</strong></span> <span class='ocrx_word' id='word_1_206' title='bbox 541 2822 777 2892; x_wconf 67' lang='grc' dir='ltr'>ἔλαμψεν</span> <span class='ocrx_word' id='word_1_207' title='bbox 811 2825 843 2894; x_wconf 84' lang='grc' dir='ltr'>ὴ</span> <span class='ocrx_word' id='word_1_208' title='bbox 874 2823 992 2877; x_wconf 89' lang='grc' dir='ltr'>Θεία</span> <span class='ocrx_word' id='word_1_209' title='bbox 1034 2825 1192 2897; x_wconf 86' lang='grc' dir='ltr'>χάρις</span> <span class='ocrx_word' id='word_1_210' title='bbox 1242 2830 1299 2880; x_wconf 80' lang='grc' dir='ltr'>ὲν</span> <span class='ocrx_word' id='word_1_211' title='bbox 1340 2832 1451 2890; x_wconf 82' lang='grc' dir='ltr'>τοῖς</span> <span class='ocrx_word' id='word_1_212' title='bbox 1492 2829 1703 2898; x_wconf 82' lang='grc' dir='ltr'>νηπίοις</span> <span class='ocrx_word' id='word_1_213' title='bbox 1750 2829 1840 2881; x_wconf 74' lang='grc' dir='ltr'>καὶ</span> 
     </span>
    </p>
   </div>
   <div class='ocr_carea' id='block_1_30' title="bbox 263 2915 1841 2987">
    <p class='ocr_par' dir='ltr' id='par_1_30' title="bbox 263 2915 1841 2987">
     <span class='ocr_line' id='line_1_30' title="bbox 263 2915 1841 2987; baseline 0.003 -20"><span class='ocrx_word' id='word_1_214' title='bbox 263 2916 510 2984; x_wconf 80' lang='grc' dir='ltr'>ἀνοήτοις</span> <span class='ocrx_word' id='word_1_215' title='bbox 582 2915 965 2987; x_wconf 75' lang='grc' dir='ltr'>ἐνεργουμένη.</span> <span class='ocrx_word' id='word_1_216' title='bbox 1033 2918 1270 2986; x_wconf 78' lang='grc' dir='ltr'>Ψευὸὴς</span> <span class='ocrx_word' id='word_1_217' title='bbox 1350 2919 1531 2983; x_wconf 77' lang='grc' dir='ltr'>ἵππος</span> <span class='ocrx_word' id='word_1_218' title='bbox 1582 2922 1668 2985; x_wconf 84' lang='grc' dir='ltr'>εἰς</span> <span class='ocrx_word' id='word_1_219' title='bbox 1730 2937 1841 2972; x_wconf 91' lang='grc' dir='ltr'>σω-</span> 
     </span>
    </p>
   </div>
   <div class='ocr_carea' id='block_1_31' title="bbox 264 3007 1840 3080">
    <p class='ocr_par' dir='ltr' id='par_1_31' title="bbox 264 3007 1840 3080">
     <span class='ocr_line' id='line_1_31' title="bbox 264 3007 1840 3080; baseline 0.004 -23"><span class='ocrx_word' id='word_1_220' title='bbox 264 3007 510 3072; x_wconf 79' lang='grc' dir='ltr'>τηρίαν·</span> <span class='ocrx_word' id='word_1_221' title='bbox 560 3007 630 3059; x_wconf 85' lang='grc' dir='ltr'>ἐν</span> <span class='ocrx_word' id='word_1_222' title='bbox 682 3007 749 3061; x_wconf 83' lang='grc' dir='ltr'>δὲ</span> <span class='ocrx_word' id='word_1_223' title='bbox 805 3008 1017 3075; x_wconf 77' lang='grc' dir='ltr'>πλήθει</span> <span class='ocrx_word' id='word_1_224' title='bbox 1044 3010 1348 3080; x_wconf 81' lang='grc' dir='ltr'>δυνάμεως</span> <span class='ocrx_word' id='word_1_225' title='bbox 1392 3010 1577 3066; x_wconf 82' lang='grc' dir='ltr'>αὐτοῦ</span> <span class='ocrx_word' id='word_1_226' title='bbox 1618 3014 1690 3064; x_wconf 85' lang='grc' dir='ltr'>οὺ</span> <span class='ocrx_word' id='word_1_227' title='bbox 1724 3029 1840 3064; x_wconf 90' lang='grc' dir='ltr'>σω-</span> 
     </span>
    </p>
   </div>
   <div class='ocr_carea' id='block_1_32' title="bbox 271 3096 1842 3173">
    <p class='ocr_par' dir='ltr' id='par_1_32' title="bbox 271 3096 1842 3173">
     <span class='ocr_line' id='line_1_32' title="bbox 271 3096 1842 3173; baseline 0.003 -21"><span class='ocrx_word' id='word_1_228' title='bbox 271 3096 541 3163; x_wconf 71' lang='grc' dir='ltr'>θήσεται.</span> <span class='ocrx_word' id='word_1_229' title='bbox 608 3099 959 3170; x_wconf 75' lang='grc' dir='ltr'>Ἑκεέϐληται</span> <span class='ocrx_word' id='word_1_230' title='bbox 1002 3103 1100 3173; x_wconf 77' lang='grc' dir='ltr'>τῆς</span> <span class='ocrx_word' id='word_1_231' title='bbox 1145 3104 1390 3172; x_wconf 84' lang='grc' dir='ltr'>χρήσεως</span> <span class='ocrx_word' id='word_1_232' title='bbox 1440 3104 1548 3157; x_wconf 85' lang='grc' dir='ltr'>τῶν</span> <span class='ocrx_word' id='word_1_233' title='bbox 1594 3105 1764 3173; x_wconf 87' lang='grc' dir='ltr'>ἁγίων</span> <span class='ocrx_word' id='word_1_234' title='bbox 1815 3107 1842 3156; x_wconf 92' lang='lat'><strong>6</strong></span> 
     </span>
    </p>
   </div>
   <div class='ocr_carea' id='block_1_33' title="bbox 272 3189 1841 3268">
    <p class='ocr_par' dir='ltr' id='par_1_33' title="bbox 272 3189 1841 3268">
     <span class='ocr_line' id='line_1_33' title="bbox 272 3189 1841 3268; baseline 0.006 -28"><span class='ocrx_word' id='word_1_235' title='bbox 272 3189 460 3254; x_wconf 87' lang='grc' dir='ltr'>ἵππος.</span> <span class='ocrx_word' id='word_1_236' title='bbox 504 3192 612 3243; x_wconf 79' lang='grc' dir='ltr'>Καὶ</span> <span class='ocrx_word' id='word_1_237' title='bbox 651 3191 774 3245; x_wconf 72' lang='grc' dir='ltr'>οὗτε</span> <span class='ocrx_word' id='word_1_238' title='bbox 814 3195 870 3245; x_wconf 83' lang='grc' dir='ltr'>ὲν</span> <span class='ocrx_word' id='word_1_239' title='bbox 919 3193 1172 3264; x_wconf 82' lang='grc' dir='ltr'>πολέμοις</span> <span class='ocrx_word' id='word_1_240' title='bbox 1217 3195 1499 3267; x_wconf 77' lang='grc' dir='ltr'>εὐημερῶν</span> <span class='ocrx_word' id='word_1_241' title='bbox 1550 3198 1577 3247; x_wconf 93' lang='lat'><strong>6</strong></span> <span class='ocrx_word' id='word_1_242' title='bbox 1626 3198 1841 3268; x_wconf 78' lang='grc' dir='ltr'>Ἰσραὴλ</span> 
     </span>
    </p>
   </div>
   <div class='ocr_carea' id='block_1_34' title="bbox 268 3283 1907 3374">
    <p class='ocr_par' dir='ltr' id='par_1_34' title="bbox 268 3283 1907 3374">
     <span class='ocr_line' id='line_1_34' title="bbox 268 3283 1907 3374; baseline 0.005 -42"><span class='ocrx_word' id='word_1_243' title='bbox 268 3283 463 3352; x_wconf 73' lang='grc' dir='ltr'>ἱππικῇ</span> <span class='ocrx_word' id='word_1_244' title='bbox 490 3283 713 3353; x_wconf 80' lang='grc' dir='ltr'>δυνάμει</span> <span class='ocrx_word' id='word_1_245' title='bbox 742 3285 870 3335; x_wconf 84' lang='grc' dir='ltr'>ποτὲ</span> <span class='ocrx_word' id='word_1_246' title='bbox 905 3286 1149 3355; x_wconf 87' lang='grc' dir='ltr'>φαίνεται</span> <span class='ocrx_word' id='word_1_247' title='bbox 1197 3289 1552 3357; x_wconf 79' lang='grc' dir='ltr'>κεχρημένος,</span> <span class='ocrx_word' id='word_1_248' title='bbox 1584 3286 1707 3340; x_wconf 76' lang='grc' dir='ltr'>οὔτε</span> <span class='ocrx_word' id='word_1_249' title='bbox 1736 3290 1839 3360; x_wconf 74' lang='grc' dir='ltr'>ἰδία</span> <span class='ocrx_word' id='word_1_250' title='bbox 1867 3319 1907 3374; x_wconf 75' lang='lat' dir='ltr'><strong>C</strong></span> 
     </span>
    </p>
   </div>
   <div class='ocr_carea' id='block_1_35' title="bbox 265 3375 1839 3453">
    <p class='ocr_par' dir='ltr' id='par_1_35' title="bbox 265 3375 1839 3453">
     <span class='ocr_line' id='line_1_35' title="bbox 265 3375 1839 3453; baseline 0.006 -27"><span class='ocrx_word' id='word_1_251' title='bbox 265 3391 352 3433; x_wconf 83' lang='grc' dir='ltr'><strong>τις</strong></span> <span class='ocrx_word' id='word_1_252' title='bbox 378 3375 484 3425; x_wconf 84' lang='grc' dir='ltr'><strong>τῶν</strong></span> <span class='ocrx_word' id='word_1_253' title='bbox 532 3375 699 3442; x_wconf 85' lang='grc' dir='ltr'>ἁγίων</span> <span class='ocrx_word' id='word_1_254' title='bbox 744 3377 840 3446; x_wconf 80' lang='grc' dir='ltr'><strong>τὴν</strong></span> <span class='ocrx_word' id='word_1_255' title='bbox 877 3379 1068 3446; x_wconf 78' lang='grc' dir='ltr'>χρῆσιν</span> <span class='ocrx_word' id='word_1_256' title='bbox 1104 3378 1212 3431; x_wconf 77' lang='grc' dir='ltr'><strong>τῶν</strong></span> <span class='ocrx_word' id='word_1_257' title='bbox 1248 3381 1426 3432; x_wconf 78' lang='grc' dir='ltr'>ἵππων</span> <span class='ocrx_word' id='word_1_258' title='bbox 1460 3381 1534 3445; x_wconf 81' lang='grc' dir='ltr'>ὡς</span> <span class='ocrx_word' id='word_1_259' title='bbox 1568 3381 1839 3453; x_wconf 73' lang='grc' dir='ltr'>ἁρμόζου-</span> 
     </span>
    </p>
   </div>
   <div class='ocr_carea' id='block_1_36' title="bbox 268 3469 1843 3546">
    <p class='ocr_par' dir='ltr' id='par_1_36' title="bbox 268 3469 1843 3546">
     <span class='ocr_line' id='line_1_36' title="bbox 268 3469 1843 3546; baseline 0.005 -27"><span class='ocrx_word' id='word_1_260' title='bbox 268 3484 368 3519; x_wconf 91' lang='grc' dir='ltr'><strong>σαν</strong></span> <span class='ocrx_word' id='word_1_261' title='bbox 412 3469 758 3538; x_wconf 78' lang='grc' dir='ltr'>παρεδέξατο’</span> <span class='ocrx_word' id='word_1_262' title='bbox 809 3469 1004 3540; x_wconf 81' lang='grc' dir='ltr'>Φαραὼ</span> <span class='ocrx_word' id='word_1_263' title='bbox 1043 3471 1098 3523; x_wconf 83' lang='grc' dir='ltr'>δὲ</span> <span class='ocrx_word' id='word_1_264' title='bbox 1146 3472 1296 3542; x_wconf 86' lang='grc' dir='ltr'>ἵππῳ</span> <span class='ocrx_word' id='word_1_265' title='bbox 1328 3473 1437 3544; x_wconf 83' lang='lat'><strong>(59)</strong></span> <span class='ocrx_word' id='word_1_266' title='bbox 1488 3477 1708 3546; x_wconf 79' lang='grc' dir='ltr'>χρῆται,</span> <span class='ocrx_word' id='word_1_267' title='bbox 1753 3476 1843 3529; x_wconf 73' lang='grc' dir='ltr'>καὶ</span> 
     </span>
    </p>
   </div>
   <div class='ocr_carea' id='block_1_37' title="bbox 267 3558 1843 3637">
    <p class='ocr_par' dir='ltr' id='par_1_37' title="bbox 267 3558 1843 3637">
     <span class='ocr_line' id='line_1_37' title="bbox 267 3558 1843 3637; baseline 0.008 -27"><span class='ocrx_word' id='word_1_268' title='bbox 267 3558 609 3629; x_wconf 79' lang='grc' dir='ltr'>Σεναχηρεὶμ</span> <span class='ocrx_word' id='word_1_269' title='bbox 642 3563 669 3612; x_wconf 91' lang='lat'><strong>6</strong></span> <span class='ocrx_word' id='word_1_270' title='bbox 705 3561 1050 3632; x_wconf 75' lang='grc' dir='ltr'>ὑπερήφανος</span> <span class='ocrx_word' id='word_1_271' title='bbox 1072 3566 1136 3634; x_wconf 80' lang='grc' dir='ltr'>τῇ</span> <span class='ocrx_word' id='word_1_272' title='bbox 1187 3567 1475 3637; x_wconf 76' lang='grc' dir='ltr'>περιουσία</span> <span class='ocrx_word' id='word_1_273' title='bbox 1522 3568 1630 3621; x_wconf 85' lang='grc' dir='ltr'><strong>τῶν</strong></span> <span class='ocrx_word' id='word_1_274' title='bbox 1664 3570 1843 3622; x_wconf 87' lang='grc' dir='ltr'>ἵππων</span> 
     </span>
    </p>
   </div>
   <div class='ocr_carea' id='block_1_38' title="bbox 272 3649 1846 3728">
    <p class='ocr_par' dir='ltr' id='par_1_38' title="bbox 272 3649 1846 3728">
     <span class='ocr_line' id='line_1_38' title="bbox 272 3649 1846 3728; baseline 0.01 -28"><span class='ocrx_word' id='word_1_275' title='bbox 272 3649 414 3718; x_wconf 91' lang='grc' dir='ltr'>μέγα</span> <span class='ocrx_word' id='word_1_276' title='bbox 444 3655 644 3719; x_wconf 83' lang='grc' dir='ltr'>φρονεῖ.</span> <span class='ocrx_word' id='word_1_277' title='bbox 681 3653 878 3724; x_wconf 80' lang='grc' dir='ltr'>Διόπερ</span> <span class='ocrx_word' id='word_1_278' title='bbox 912 3654 1003 3706; x_wconf 80' lang='grc' dir='ltr'>τοῦ</span> <span class='ocrx_word' id='word_1_279' title='bbox 1039 3656 1134 3725; x_wconf 76' lang='grc' dir='ltr'><strong>μὲν</strong></span> <span class='ocrx_word' id='word_1_280' title='bbox 1166 3656 1364 3728; x_wconf 81' lang='grc' dir='ltr'>Φαραὼ</span> <span class='ocrx_word' id='word_1_281' title='bbox 1396 3659 1561 3713; x_wconf 84' lang='grc' dir='ltr'>ἵππον</span> <span class='ocrx_word' id='word_1_282' title='bbox 1588 3663 1679 3715; x_wconf 72' lang='grc' dir='ltr'><strong>καὶ</strong></span> <span class='ocrx_word' id='word_1_283' title='bbox 1715 3665 1846 3717; x_wconf 81' lang='grc' dir='ltr'>ἀνα-</span> 
     </span>
    </p>
   </div>
   <div class='ocr_carea' id='block_1_39' title="bbox 265 3741 1844 3824">
    <p class='ocr_par' dir='ltr' id='par_1_39' title="bbox 265 3741 1844 3824">
     <span class='ocr_line' id='line_1_39' title="bbox 265 3741 1844 3824; baseline 0.009 -32"><span class='ocrx_word' id='word_1_284' title='bbox 265 3741 439 3810; x_wconf 69' lang='grc' dir='ltr'>ϐάτην</span> <span class='ocrx_word' id='word_1_285' title='bbox 479 3741 697 3812; x_wconf 67' lang='grc' dir='ltr'>ἔρριψεν</span> <span class='ocrx_word' id='word_1_286' title='bbox 748 3748 828 3808; x_wconf 87' lang='grc' dir='ltr'>εἰς</span> <span class='ocrx_word' id='word_1_287' title='bbox 873 3745 1181 3799; x_wconf 81' lang='grc' dir='ltr'>Θάλασσαν·</span> <span class='ocrx_word' id='word_1_288' title='bbox 1239 3747 1332 3801; x_wconf 83' lang='grc' dir='ltr'>τοῦ</span> <span class='ocrx_word' id='word_1_289' title='bbox 1399 3750 1453 3802; x_wconf 84' lang='grc' dir='ltr'>δὲ</span> <span class='ocrx_word' id='word_1_290' title='bbox 1504 3752 1844 3824; x_wconf 73' lang='grc' dir='ltr'>Σεναχηρεὶμ</span> 
     </span>
    </p>
   </div>
   <div class='ocr_carea' id='block_1_40' title="bbox 266 3828 1844 3907">
    <p class='ocr_par' dir='ltr' id='par_1_40' title="bbox 266 3828 1844 3907">
     <span class='ocr_line' id='line_1_40' title="bbox 266 3828 1844 3907; baseline 0.008 -25"><span class='ocrx_word' id='word_1_291' title='bbox 266 3828 563 3894; x_wconf 73' lang='grc' dir='ltr'>ἐνύσταξαν</span> <span class='ocrx_word' id='word_1_292' title='bbox 595 3833 792 3895; x_wconf 82' lang='grc' dir='ltr'>πάντες</span> <span class='ocrx_word' id='word_1_293' title='bbox 826 3837 872 3886; x_wconf 75' lang='lat' dir='ltr'><strong>ot</strong></span> <span class='ocrx_word' id='word_1_294' title='bbox 902 3835 1290 3907; x_wconf 77' lang='grc' dir='ltr'>ἐπιϐεϐηκότες</span> <span class='ocrx_word' id='word_1_295' title='bbox 1317 3840 1428 3900; x_wconf 89' lang='grc' dir='ltr'>τοῖς</span> <span class='ocrx_word' id='word_1_296' title='bbox 1470 3839 1654 3903; x_wconf 80' lang='grc' dir='ltr'>ἵπποις</span> <span class='ocrx_word' id='word_1_297' title='bbox 1676 3860 1689 3874; x_wconf 87' lang='grc'><strong>·</strong></span> <span class='ocrx_word' id='word_1_298' title='bbox 1725 3843 1844 3896; x_wconf 80' lang='grc' dir='ltr'>ὅθεν</span> 
     </span>
    </p>
   </div>
   <div class='ocr_carea' id='block_1_41' title="bbox 267 3921 1846 4005">
    <p class='ocr_par' dir='ltr' id='par_1_41' title="bbox 267 3921 1846 4005">
     <span class='ocr_line' id='line_1_41' title="bbox 267 3921 1846 4005; baseline 0.009 -32"><span class='ocrx_word' id='word_1_299' title='bbox 267 3921 366 3972; x_wconf 73' lang='grc' dir='ltr'><strong>καὶ</strong></span> <span class='ocrx_word' id='word_1_300' title='bbox 394 3923 422 3975; x_wconf 91' lang='lat'><strong>6</strong></span> <span class='ocrx_word' id='word_1_301' title='bbox 453 3921 542 3975; x_wconf 81' lang='grc' dir='ltr'>διὰ</span> <span class='ocrx_word' id='word_1_302' title='bbox 573 3923 849 3987; x_wconf 82' lang='grc' dir='ltr'>Μωῦσέως</span> <span class='ocrx_word' id='word_1_303' title='bbox 876 3927 1038 3996; x_wconf 90' lang='grc' dir='ltr'>νόμος</span> <span class='ocrx_word' id='word_1_304' title='bbox 1073 3928 1142 3980; x_wconf 85' lang='grc' dir='ltr'>τὰ</span> <span class='ocrx_word' id='word_1_305' title='bbox 1174 3930 1299 3998; x_wconf 75' lang='grc' dir='ltr'>περὶ</span> <span class='ocrx_word' id='word_1_306' title='bbox 1329 3929 1591 4000; x_wconf 82' lang='grc' dir='ltr'>βασιλέων</span> <span class='ocrx_word' id='word_1_307' title='bbox 1618 3933 1727 4005; x_wconf 67' lang='grc'><strong>(40)</strong></span> <span class='ocrx_word' id='word_1_308' title='bbox 1763 3952 1846 3987; x_wconf 87' lang='grc' dir='ltr'>νο-</span> 
     </span>
    </p>
   </div>
   <div class='ocr_carea' id='block_1_42' title="bbox 270 4014 1846 4091">
    <p class='ocr_par' dir='ltr' id='par_1_42' title="bbox 270 4014 1846 4091">
     <span class='ocr_line' id='line_1_42' title="bbox 270 4014 1846 4091; baseline 0.008 -26"><span class='ocrx_word' id='word_1_309' title='bbox 270 4014 532 4083; x_wconf 80' lang='grc' dir='ltr'>μοθετῶν,</span> <span class='ocrx_word' id='word_1_310' title='bbox 577 4019 656 4070; x_wconf 86' lang='grc' dir='ltr'><strong>Οὐ</strong></span> <span class='ocrx_word' id='word_1_311' title='bbox 703 4019 1012 4084; x_wconf 75' lang='grc' dir='ltr'>πληθυνεῖ,</span> <span class='ocrx_word' id='word_1_312' title='bbox 1052 4022 1235 4091; x_wconf 74' lang='grc' dir='ltr'>φησὶν,</span> <span class='ocrx_word' id='word_1_313' title='bbox 1281 4021 1471 4087; x_wconf 84' lang='grc' dir='ltr'>ἐαυτῷ</span> <span class='ocrx_word' id='word_1_314' title='bbox 1501 4025 1703 4078; x_wconf 77' lang='grc' dir='ltr'>ἵππον.</span> <span class='ocrx_word' id='word_1_315' title='bbox 1745 4029 1846 4080; x_wconf 85' lang='grc' dir='ltr'>Ἐν</span> 
     </span>
    </p>
   </div>
   <div class='ocr_carea' id='block_1_43' title="bbox 263 4103 1845 4176">
    <p class='ocr_par' dir='ltr' id='par_1_43' title="bbox 263 4103 1845 4176">
     <span class='ocr_line' id='line_1_43' title="bbox 263 4103 1845 4176; baseline 0.007 -21"><span class='ocrx_word' id='word_1_316' title='bbox 263 4103 336 4155; x_wconf 79' lang='grc' dir='ltr'>δὲ</span> <span class='ocrx_word' id='word_1_317' title='bbox 365 4105 575 4170; x_wconf 75' lang='grc' dir='ltr'>πλήθει</span> <span class='ocrx_word' id='word_1_318' title='bbox 607 4105 912 4176; x_wconf 79' lang='grc' dir='ltr'>δυνάμεως</span> <span class='ocrx_word' id='word_1_319' title='bbox 943 4108 1128 4159; x_wconf 81' lang='grc' dir='ltr'>αὐτοῦ</span> <span class='ocrx_word' id='word_1_320' title='bbox 1165 4112 1236 4162; x_wconf 75' lang='grc' dir='ltr'>οὐ</span> <span class='ocrx_word' id='word_1_321' title='bbox 1267 4109 1623 4175; x_wconf 77' lang='grc' dir='ltr'>σωθήσεται.</span> <span class='ocrx_word' id='word_1_322' title='bbox 1660 4113 1845 4166; x_wconf 78' lang='grc' dir='ltr'>Ὅταν</span> 
     </span>
    </p>
   </div>
   <div class='ocr_carea' id='block_1_44' title="bbox 1934 706 3506 776">
    <p class='ocr_par' dir='ltr' id='par_1_44' title="bbox 1934 706 3506 776">
     <span class='ocr_line' id='line_1_44' title="bbox 1934 706 3506 776; baseline 0.005 -18"><span class='ocrx_word' id='word_1_323' title='bbox 1934 706 2168 760; x_wconf 82' lang='lat' dir='ltr'><strong>divinam</strong></span> <span class='ocrx_word' id='word_1_324' title='bbox 2203 708 2451 776; x_wconf 89' lang='lat' dir='ltr'><strong>gratiam.</strong></span> <span class='ocrx_word' id='word_1_325' title='bbox 2483 708 2659 771; x_wconf 81' lang='lat' dir='ltr'><strong>Quare</strong></span> <span class='ocrx_word' id='word_1_326' title='bbox 2681 717 2734 758; x_wconf 93' lang='lat' dir='ltr'><strong>et</strong></span> <span class='ocrx_word' id='word_1_327' title='bbox 2761 721 2888 776; x_wconf 79' lang='lat' dir='ltr'><strong>erga</strong></span> <span class='ocrx_word' id='word_1_328' title='bbox 2917 706 3013 762; x_wconf 71' lang='grc' dir='ltr'>ιιειε</span> <span class='ocrx_word' id='word_1_329' title='bbox 3041 723 3164 762; x_wconf 85' lang='lat' dir='ltr'><strong>vera</strong></span> <span class='ocrx_word' id='word_1_330' title='bbox 3196 720 3318 765; x_wconf 88' lang='lat' dir='ltr'><strong>sunt</strong></span> <span class='ocrx_word' id='word_1_331' title='bbox 3343 712 3506 766; x_wconf 81' lang='lat' dir='ltr'><strong>verba</strong></span> 
     </span>
    </p>
   </div>
   <div class='ocr_carea' id='block_1_45' title="bbox 1935 793 3504 868">
    <p class='ocr_par' dir='ltr' id='par_1_45' title="bbox 1935 793 3504 868">
     <span class='ocr_line' id='line_1_45' title="bbox 1935 793 3504 868; baseline 0.005 -21"><span class='ocrx_word' id='word_1_332' title='bbox 1935 795 2041 860; x_wconf 90' lang='lat' dir='ltr'><strong>illa,</strong></span> <span class='ocrx_word' id='word_1_333' title='bbox 2080 793 2264 848; x_wconf 83' lang='lat' dir='ltr'><strong>Gratia</strong></span> <span class='ocrx_word' id='word_1_334' title='bbox 2314 796 2503 850; x_wconf 61' lang='lat' dir='ltr'><strong>salivati</strong></span> <span class='ocrx_word' id='word_1_335' title='bbox 2536 795 2656 847; x_wconf 84' lang='lat' dir='ltr'><strong>estis</strong></span> <span class='ocrx_word' id='word_1_336' title='bbox 2680 795 2746 847; x_wconf 73' lang='grc'><strong>⁸³.</strong></span> <span class='ocrx_word' id='word_1_337' title='bbox 2790 794 2864 848; x_wconf 89' lang='lat' dir='ltr'><strong>Ita</strong></span> <span class='ocrx_word' id='word_1_338' title='bbox 2906 812 2973 850; x_wconf 88' lang='lat' dir='ltr'><strong>ne</strong></span> <span class='ocrx_word' id='word_1_339' title='bbox 3013 798 3244 868; x_wconf 73' lang='lat' dir='ltr'><strong>agricola</strong></span> <span class='ocrx_word' id='word_1_340' title='bbox 3286 800 3504 868; x_wconf 83' lang='lat' dir='ltr'><strong>quidem</strong></span> 
     </span>
    </p>
   </div>
   <div class='ocr_carea' id='block_1_46' title="bbox 1934 886 3504 955">
    <p class='ocr_par' dir='ltr' id='par_1_46' title="bbox 1934 886 3504 955">
     <span class='ocr_line' id='line_1_46' title="bbox 1934 886 3504 955; baseline 0.003 -14"><span class='ocrx_word' id='word_1_341' title='bbox 1934 901 2030 955; x_wconf 86' lang='lat' dir='ltr'><strong>per</strong></span> <span class='ocrx_word' id='word_1_342' title='bbox 2067 887 2470 954; x_wconf 77' lang='lat' dir='ltr'><strong>agricolationis</strong></span> <span class='ocrx_word' id='word_1_343' title='bbox 2515 886 2841 955; x_wconf 86' lang='lat' dir='ltr'><strong>diligentiam</strong></span> <span class='ocrx_word' id='word_1_344' title='bbox 2896 898 3101 942; x_wconf 88' lang='lat' dir='ltr'><strong>tantum</strong></span> <span class='ocrx_word' id='word_1_345' title='bbox 3147 889 3379 944; x_wconf 76' lang='lat' dir='ltr'><strong>fructum</strong></span> <span class='ocrx_word' id='word_1_346' title='bbox 3411 906 3504 946; x_wconf 84' lang='lat' dir='ltr'><strong>as-</strong></span> 
     </span>
    </p>
   </div>
   <div class='ocr_carea' id='block_1_47' title="bbox 1934 980 3477 1052">
    <p class='ocr_par' dir='ltr' id='par_1_47' title="bbox 1934 980 3477 1052">
     <span class='ocr_line' id='line_1_47' title="bbox 1934 980 3477 1052; baseline 0.003 -19"><span class='ocrx_word' id='word_1_347' title='bbox 1934 981 2195 1049; x_wconf 85' lang='lat' dir='ltr'><strong>sequitur,</strong></span> <span class='ocrx_word' id='word_1_348' title='bbox 2233 991 2489 1048; x_wconf 88' lang='lat' dir='ltr'><strong>quantum</strong></span> <span class='ocrx_word' id='word_1_349' title='bbox 2520 994 2614 1047; x_wconf 89' lang='lat' dir='ltr'><strong>per</strong></span> <span class='ocrx_word' id='word_1_350' title='bbox 2640 980 2801 1032; x_wconf 88' lang='lat' dir='ltr'><strong>Deum</strong></span> <span class='ocrx_word' id='word_1_351' title='bbox 2825 994 3036 1048; x_wconf 82' lang='lat' dir='ltr'><strong>segetes</strong></span> <span class='ocrx_word' id='word_1_352' title='bbox 3066 995 3370 1052; x_wconf 86' lang='lat' dir='ltr'><strong>augentem.</strong></span> <span class='ocrx_word' id='word_1_353' title='bbox 3392 982 3477 1037; x_wconf 83' lang='lat' dir='ltr'><strong>Ne</strong></span> 
     </span>
    </p>
   </div>
   <div class='ocr_carea' id='block_1_48' title="bbox 1931 1071 3505 1145">
    <p class='ocr_par' dir='ltr' id='par_1_48' title="bbox 1931 1071 3505 1145">
     <span class='ocr_line' id='line_1_48' title="bbox 1931 1071 3505 1145; baseline 0.004 -23"><span class='ocrx_word' id='word_1_354' title='bbox 1931 1089 2028 1140; x_wconf 85' lang='lat' dir='ltr'><strong>que</strong></span> <span class='ocrx_word' id='word_1_355' title='bbox 2055 1074 2192 1126; x_wconf 90' lang='lat' dir='ltr'><strong>enim</strong></span> <span class='ocrx_word' id='word_1_356' title='bbox 2236 1073 2325 1141; x_wconf 86' lang='lat' dir='ltr'><strong>qui</strong></span> <span class='ocrx_word' id='word_1_357' title='bbox 2362 1071 2589 1141; x_wconf 85' lang='lat' dir='ltr'><strong>plantat,</strong></span> <span class='ocrx_word' id='word_1_358' title='bbox 2626 1082 2700 1124; x_wconf 83' lang='lat' dir='ltr'><strong>est</strong></span> <span class='ocrx_word' id='word_1_359' title='bbox 2753 1072 2971 1141; x_wconf 78' lang='lat' dir='ltr'><strong>aliquid,</strong></span> <span class='ocrx_word' id='word_1_360' title='bbox 3002 1091 3162 1144; x_wconf 86' lang='lat' dir='ltr'><strong>neque</strong></span> <span class='ocrx_word' id='word_1_361' title='bbox 3200 1077 3288 1144; x_wconf 89' lang='lat' dir='ltr'><strong>qui</strong></span> <span class='ocrx_word' id='word_1_362' title='bbox 3330 1076 3505 1145; x_wconf 81' lang='lat' dir='ltr'><strong>rigat;</strong></span> 
     </span>
    </p>
   </div>
   <div class='ocr_carea' id='block_1_49' title="bbox 1933 1163 3505 1239">
    <p class='ocr_par' dir='ltr' id='par_1_49' title="bbox 1933 1163 3505 1239">
     <span class='ocr_line' id='line_1_49' title="bbox 1933 1163 3505 1239; baseline 0.003 -21"><span class='ocrx_word' id='word_1_363' title='bbox 1933 1165 2021 1218; x_wconf 80' lang='lat' dir='ltr'><strong>sed</strong></span> <span class='ocrx_word' id='word_1_364' title='bbox 2041 1167 2130 1234; x_wconf 89' lang='lat' dir='ltr'><strong>qui</strong></span> <span class='ocrx_word' id='word_1_365' title='bbox 2165 1166 2534 1218; x_wconf 81' lang='lat' dir='ltr'><strong>incrementum</strong></span> <span class='ocrx_word' id='word_1_366' title='bbox 2558 1163 2646 1216; x_wconf 84' lang='lat' dir='ltr'><strong>dat</strong></span> <span class='ocrx_word' id='word_1_367' title='bbox 2683 1164 2819 1218; x_wconf 84' lang='lat' dir='ltr'><strong>Deus</strong></span> <span class='ocrx_word' id='word_1_368' title='bbox 2843 1167 2908 1220; x_wconf 70' lang='grc' dir='ltr'><strong>ν’.</strong></span> <span class='ocrx_word' id='word_1_369' title='bbox 2943 1164 3092 1230; x_wconf 88' lang='lat' dir='ltr'><strong>Quol</strong></span> <span class='ocrx_word' id='word_1_370' title='bbox 3122 1168 3166 1221; x_wconf 85' lang='lat' dir='ltr'><strong>si</strong></span> <span class='ocrx_word' id='word_1_371' title='bbox 3215 1183 3311 1222; x_wconf 89' lang='lat' dir='ltr'><strong>cor</strong></span> <span class='ocrx_word' id='word_1_372' title='bbox 3364 1184 3455 1239; x_wconf 87' lang='lat' dir='ltr'><strong>reg</strong></span> <span class='ocrx_word' id='word_1_373' title='bbox 3479 1184 3505 1223; x_wconf 89' lang='lat' dir='ltr'><strong>s</strong></span> 
     </span>
    </p>
   </div>
   <div class='ocr_carea' id='block_1_50' title="bbox 1937 1254 3506 1328">
    <p class='ocr_par' dir='ltr' id='par_1_50' title="bbox 1937 1254 3506 1328">
     <span class='ocr_line' id='line_1_50' title="bbox 1937 1254 3506 1328; baseline 0.005 -21"><span class='ocrx_word' id='word_1_374' title='bbox 1937 1254 1988 1307; x_wconf 90' lang='lat' dir='ltr'><strong>in</strong></span> <span class='ocrx_word' id='word_1_375' title='bbox 2020 1271 2178 1308; x_wconf 85' lang='lat' dir='ltr'><strong>manu</strong></span> <span class='ocrx_word' id='word_1_376' title='bbox 2217 1255 2306 1310; x_wconf 81' lang='lat' dir='ltr'><strong>Dei</strong></span> <span class='ocrx_word' id='word_1_377' title='bbox 2324 1255 2371 1287; x_wconf 82' lang='lat'><strong>”</strong></span> <span class='ocrx_word' id='word_1_378' title='bbox 2405 1272 2418 1308; x_wconf 93' lang='lat'><strong>:</strong></span> <span class='ocrx_word' id='word_1_379' title='bbox 2457 1271 2559 1309; x_wconf 92' lang='lat' dir='ltr'><strong>non</strong></span> <span class='ocrx_word' id='word_1_380' title='bbox 2601 1270 2697 1324; x_wconf 75' lang='lat' dir='ltr'><strong>per</strong></span> <span class='ocrx_word' id='word_1_381' title='bbox 2736 1272 3006 1310; x_wconf 87' lang='lat' dir='ltr'><strong>armorum</strong></span> <span class='ocrx_word' id='word_1_382' title='bbox 3048 1260 3361 1328; x_wconf 90' lang='lat' dir='ltr'><strong>potentiam,</strong></span> <span class='ocrx_word' id='word_1_383' title='bbox 3409 1261 3506 1316; x_wconf 89' lang='lat' dir='ltr'><strong>sed</strong></span> 
     </span>
    </p>
   </div>
   <div class='ocr_carea' id='block_1_51' title="bbox 1937 1348 3505 1417">
    <p class='ocr_par' dir='ltr' id='par_1_51' title="bbox 1937 1348 3505 1417">
     <span class='ocr_line' id='line_1_51' title="bbox 1937 1348 3505 1417; baseline 0.003 -15"><span class='ocrx_word' id='word_1_384' title='bbox 1937 1363 2030 1416; x_wconf 90' lang='lat' dir='ltr'><strong>per</strong></span> <span class='ocrx_word' id='word_1_385' title='bbox 2075 1348 2308 1401; x_wconf 86' lang='lat' dir='ltr'><strong>divinum</strong></span> <span class='ocrx_word' id='word_1_386' title='bbox 2371 1349 2677 1417; x_wconf 62' lang='lat' dir='ltr'><strong>praesidium</strong></span> <span class='ocrx_word' id='word_1_387' title='bbox 2736 1361 3000 1404; x_wconf 80' lang='lat' dir='ltr'><strong>servator.</strong></span> <span class='ocrx_word' id='word_1_388' title='bbox 3038 1350 3092 1405; x_wconf 92' lang='lat' dir='ltr'><strong>In</strong></span> <span class='ocrx_word' id='word_1_389' title='bbox 3139 1368 3296 1406; x_wconf 88' lang='lat' dir='ltr'><strong>manu</strong></span> <span class='ocrx_word' id='word_1_390' title='bbox 3329 1361 3505 1408; x_wconf 87' lang='lat' dir='ltr'><strong>autem</strong></span> 
     </span>
    </p>
   </div>
   <div class='ocr_carea' id='block_1_52' title="bbox 1940 1440 3508 1514">
    <p class='ocr_par' dir='ltr' id='par_1_52' title="bbox 1940 1440 3508 1514">
     <span class='ocr_line' id='line_1_52' title="bbox 1940 1440 3508 1514; baseline 0.006 -24"><span class='ocrx_word' id='word_1_391' title='bbox 1940 1440 2025 1493; x_wconf 85' lang='lat' dir='ltr'><strong>Dei</strong></span> <span class='ocrx_word' id='word_1_392' title='bbox 2059 1456 2161 1492; x_wconf 93' lang='lat' dir='ltr'><strong>non</strong></span> <span class='ocrx_word' id='word_1_393' title='bbox 2196 1448 2277 1493; x_wconf 90' lang='lat' dir='ltr'><strong>est</strong></span> <span class='ocrx_word' id='word_1_394' title='bbox 2325 1440 2572 1505; x_wconf 84' lang='lat' dir='ltr'><strong>quilibet,</strong></span> <span class='ocrx_word' id='word_1_395' title='bbox 2612 1440 2702 1493; x_wconf 90' lang='lat' dir='ltr'><strong>sed</strong></span> <span class='ocrx_word' id='word_1_396' title='bbox 2753 1442 2842 1508; x_wconf 88' lang='lat' dir='ltr'><strong>qui</strong></span> <span class='ocrx_word' id='word_1_397' title='bbox 2876 1443 3071 1512; x_wconf 86' lang='lat' dir='ltr'><strong>dignus</strong></span> <span class='ocrx_word' id='word_1_398' title='bbox 3117 1444 3324 1498; x_wconf 72' lang='lat' dir='ltr'><strong>exsiStit</strong></span> <span class='ocrx_word' id='word_1_399' title='bbox 3365 1449 3508 1514; x_wconf 84' lang='lat' dir='ltr'><strong>regis</strong></span> 
     </span>
    </p>
   </div>
   <div class='ocr_carea' id='block_1_53' title="bbox 1936 1531 3506 1605">
    <p class='ocr_par' dir='ltr' id='par_1_53' title="bbox 1936 1531 3506 1605">
     <span class='ocr_line' id='line_1_53' title="bbox 1936 1531 3506 1605; baseline 0.003 -19"><span class='ocrx_word' id='word_1_400' title='bbox 1936 1533 2307 1602; x_wconf 80' lang='lat' dir='ltr'><strong>appellatione.</strong></span> <span class='ocrx_word' id='word_1_401' title='bbox 2341 1531 2670 1587; x_wconf 82' lang='lat' dir='ltr'><strong>Delinierunt</strong></span> <span class='ocrx_word' id='word_1_402' title='bbox 2693 1541 2867 1588; x_wconf 90' lang='lat' dir='ltr'><strong>autem</strong></span> <span class='ocrx_word' id='word_1_403' title='bbox 2899 1537 3114 1605; x_wconf 85' lang='lat' dir='ltr'><strong>quidam</strong></span> <span class='ocrx_word' id='word_1_404' title='bbox 3146 1551 3361 1605; x_wconf 89' lang='lat' dir='ltr'><strong>regnum</strong></span> <span class='ocrx_word' id='word_1_405' title='bbox 3386 1551 3506 1591; x_wconf 81' lang='lat' dir='ltr'><strong>esse</strong></span> 
     </span>
    </p>
   </div>
   <div class='ocr_carea' id='block_1_54' title="bbox 1939 1623 3502 1695">
    <p class='ocr_par' dir='ltr' id='par_1_54' title="bbox 1939 1623 3502 1695">
     <span class='ocr_line' id='line_1_54' title="bbox 1939 1623 3502 1695; baseline 0.003 -20"><span class='ocrx_word' id='word_1_406' title='bbox 1939 1624 2234 1690; x_wconf 81' lang='lat' dir='ltr'><strong>legitimum</strong></span> <span class='ocrx_word' id='word_1_407' title='bbox 2283 1623 2636 1688; x_wconf 80' lang='lat' dir='ltr'><strong>duminatutn,</strong></span> <span class='ocrx_word' id='word_1_408' title='bbox 2679 1639 2770 1678; x_wconf 87' lang='lat' dir='ltr'><strong>ant</strong></span> <span class='ocrx_word' id='word_1_409' title='bbox 2807 1626 3157 1695; x_wconf 84' lang='lat' dir='ltr'><strong>principatum</strong></span> <span class='ocrx_word' id='word_1_410' title='bbox 3195 1627 3246 1681; x_wconf 89' lang='lat' dir='ltr'><strong>in</strong></span> <span class='ocrx_word' id='word_1_411' title='bbox 3296 1642 3502 1691; x_wconf 87' lang='lat' dir='ltr'><strong>omnes,</strong></span> 
     </span>
    </p>
   </div>
   <div class='ocr_carea' id='block_1_55' title="bbox 1938 1715 3507 1786">
    <p class='ocr_par' dir='ltr' id='par_1_55' title="bbox 1938 1715 3507 1786">
     <span class='ocr_line' id='line_1_55' title="bbox 1938 1715 3507 1786; baseline 0.003 -19"><span class='ocrx_word' id='word_1_412' title='bbox 1938 1716 2097 1768; x_wconf 89' lang='lat' dir='ltr'><strong>sicut</strong></span> <span class='ocrx_word' id='word_1_413' title='bbox 2142 1724 2360 1782; x_wconf 87' lang='lat' dir='ltr'><strong>peccato</strong></span> <span class='ocrx_word' id='word_1_414' title='bbox 2390 1715 2652 1768; x_wconf 79' lang='lat' dir='ltr'><strong>obnoxius</strong></span> <span class='ocrx_word' id='word_1_415' title='bbox 2695 1731 2798 1770; x_wconf 92' lang='lat' dir='ltr'><strong>non</strong></span> <span class='ocrx_word' id='word_1_416' title='bbox 2842 1719 2928 1771; x_wconf 90' lang='lat' dir='ltr'><strong>sit.</strong></span> <span class='ocrx_word' id='word_1_417' title='bbox 2973 1715 3038 1768; x_wconf 88' lang='lat' dir='ltr'><strong>Et</strong></span> <span class='ocrx_word' id='word_1_418' title='bbox 3076 1717 3219 1786; x_wconf 80' lang='lat' dir='ltr'><strong>gigas</strong></span> <span class='ocrx_word' id='word_1_419' title='bbox 3265 1735 3368 1772; x_wconf 90' lang='lat' dir='ltr'><strong>non</strong></span> <span class='ocrx_word' id='word_1_420' title='bbox 3397 1717 3507 1772; x_wconf 71' lang='grc' dir='ltr'>ται.</span> 
     </span>
    </p>
   </div>
   <div class='ocr_carea' id='block_1_56' title="bbox 1937 1805 3508 1878">
    <p class='ocr_par' dir='ltr' id='par_1_56' title="bbox 1937 1805 3508 1878">
     <span class='ocr_line' id='line_1_56' title="bbox 1937 1805 3508 1878; baseline 0.004 -20"><span class='ocrx_word' id='word_1_421' title='bbox 1937 1807 2143 1858; x_wconf 82' lang='lat' dir='ltr'><strong>rabitur</strong></span> <span class='ocrx_word' id='word_1_422' title='bbox 2181 1806 2235 1858; x_wconf 89' lang='lat' dir='ltr'><strong>in</strong></span> <span class='ocrx_word' id='word_1_423' title='bbox 2278 1805 2616 1859; x_wconf 83' lang='lat' dir='ltr'><strong>multitudine</strong></span> <span class='ocrx_word' id='word_1_424' title='bbox 2659 1808 2863 1860; x_wconf 77' lang='lat' dir='ltr'><strong>uirtutis</strong></span> <span class='ocrx_word' id='word_1_425' title='bbox 2905 1825 3033 1863; x_wconf 66' lang='lat' dir='ltr'><strong>sum.</strong></span> <span class='ocrx_word' id='word_1_426' title='bbox 3061 1809 3337 1878; x_wconf 84' lang='lat' dir='ltr'><strong>Gigantem</strong></span> <span class='ocrx_word' id='word_1_427' title='bbox 3376 1811 3508 1866; x_wconf 87' lang='lat' dir='ltr'><strong>dicit</strong></span> 
     </span>
    </p>
   </div>
   <div class='ocr_carea' id='block_1_57' title="bbox 1939 1895 3507 1970">
    <p class='ocr_par' dir='ltr' id='par_1_57' title="bbox 1939 1895 3507 1970">
     <span class='ocr_line' id='line_1_57' title="bbox 1939 1895 3507 1970; baseline 0.004 -20"><span class='ocrx_word' id='word_1_428' title='bbox 1939 1897 2183 1966; x_wconf 90' lang='lat' dir='ltr'><strong>enm,qui</strong></span> <span class='ocrx_word' id='word_1_429' title='bbox 2205 1895 2430 1951; x_wconf 84' lang='lat' dir='ltr'><strong>naturali</strong></span> <span class='ocrx_word' id='word_1_430' title='bbox 2458 1898 2504 1949; x_wconf 87' lang='lat' dir='ltr'><strong>vi</strong></span> <span class='ocrx_word' id='word_1_431' title='bbox 2535 1908 2588 1951; x_wconf 92' lang='lat' dir='ltr'><strong>et</strong></span> <span class='ocrx_word' id='word_1_432' title='bbox 2610 1899 2871 1966; x_wconf 83' lang='lat' dir='ltr'><strong>corporali</strong></span> <span class='ocrx_word' id='word_1_433' title='bbox 2897 1901 3051 1966; x_wconf 86' lang='lat' dir='ltr'><strong>pollet</strong></span> <span class='ocrx_word' id='word_1_434' title='bbox 3080 1903 3283 1956; x_wconf 88' lang='lat' dir='ltr'><strong>robore.</strong></span> <span class='ocrx_word' id='word_1_435' title='bbox 3324 1899 3507 1970; x_wconf 83' lang='lat' dir='ltr'><strong>Neque</strong></span> 
     </span>
    </p>
   </div>
   <div class='ocr_carea' id='block_1_58' title="bbox 1942 1988 3505 2050">
    <p class='ocr_par' dir='ltr' id='par_1_58' title="bbox 1942 1988 3505 2050">
     <span class='ocr_line' id='line_1_58' title="bbox 1942 1988 3505 2050; baseline 0.003 -10"><span class='ocrx_word' id='word_1_436' title='bbox 1942 1989 2102 2050; x_wconf 69' lang='lat' dir='ltr'><strong>igitur</strong></span> <span class='ocrx_word' id='word_1_437' title='bbox 2141 2003 2233 2043; x_wconf 79' lang='lat' dir='ltr'><strong>rex</strong></span> <span class='ocrx_word' id='word_1_438' title='bbox 2276 2002 2339 2042; x_wconf 78' lang='lat' dir='ltr'><strong>ex</strong></span> <span class='ocrx_word' id='word_1_439' title='bbox 2386 1990 2553 2042; x_wconf 89' lang='lat' dir='ltr'><strong>arntis</strong></span> <span class='ocrx_word' id='word_1_440' title='bbox 2599 1988 2863 2044; x_wconf 77' lang='lat' dir='ltr'><strong>suﬁiciens</strong></span> <span class='ocrx_word' id='word_1_441' title='bbox 2898 1990 2962 2043; x_wconf 88' lang='lat' dir='ltr'><strong>ad</strong></span> <span class='ocrx_word' id='word_1_442' title='bbox 2993 1990 3217 2044; x_wconf 84' lang='lat' dir='ltr'><strong>salutem</strong></span> <span class='ocrx_word' id='word_1_443' title='bbox 3249 1991 3505 2045; x_wconf 78' lang='lat' dir='ltr'><strong>auxilium</strong></span> 
     </span>
    </p>
   </div>
   <div class='ocr_carea' id='block_1_59' title="bbox 1942 2081 3504 2152">
    <p class='ocr_par' dir='ltr' id='par_1_59' title="bbox 1942 2081 3504 2152">
     <span class='ocr_line' id='line_1_59' title="bbox 1942 2081 3504 2152; baseline 0.003 -17"><span class='ocrx_word' id='word_1_444' title='bbox 1942 2082 2119 2150; x_wconf 73' lang='lat' dir='ltr'><strong>hullel,</strong></span> <span class='ocrx_word' id='word_1_445' title='bbox 2142 2097 2316 2152; x_wconf 83' lang='lat' dir='ltr'><strong>neque</strong></span> <span class='ocrx_word' id='word_1_446' title='bbox 2344 2081 2498 2137; x_wconf 78' lang='lat' dir='ltr'><strong>fortis</strong></span> <span class='ocrx_word' id='word_1_447' title='bbox 2521 2083 2602 2136; x_wconf 87' lang='lat' dir='ltr'><strong>vir</strong></span> <span class='ocrx_word' id='word_1_448' title='bbox 2635 2083 2735 2137; x_wconf 87' lang='lat' dir='ltr'><strong>sibi</strong></span> <span class='ocrx_word' id='word_1_449' title='bbox 2758 2085 2821 2137; x_wconf 87' lang='lat' dir='ltr'><strong>ad</strong></span> <span class='ocrx_word' id='word_1_450' title='bbox 2841 2083 3015 2137; x_wconf 88' lang='lat' dir='ltr'><strong>omnia</strong></span> <span class='ocrx_word' id='word_1_451' title='bbox 3046 2081 3286 2140; x_wconf 75' lang='lat' dir='ltr'><strong>sufﬁcere</strong></span> <span class='ocrx_word' id='word_1_452' title='bbox 3309 2094 3504 2150; x_wconf 87' lang='lat' dir='ltr'><strong>potest.</strong></span> 
     </span>
    </p>
   </div>
   <div class='ocr_carea' id='block_1_60' title="bbox 1941 2175 3508 2232">
    <p class='ocr_par' dir='ltr' id='par_1_60' title="bbox 1941 2175 3508 2232">
     <span class='ocr_line' id='line_1_60' title="bbox 1941 2175 3508 2232; baseline 0.002 -3"><span class='ocrx_word' id='word_1_453' title='bbox 1941 2175 2281 2230; x_wconf 77' lang='lat' dir='ltr'><strong>lilibet-illitas</strong></span> <span class='ocrx_word' id='word_1_454' title='bbox 2299 2177 2442 2230; x_wconf 89' lang='lat' dir='ltr'><strong>enim</strong></span> <span class='ocrx_word' id='word_1_455' title='bbox 2474 2183 2527 2230; x_wconf 90' lang='lat' dir='ltr'><strong>et</strong></span> <span class='ocrx_word' id='word_1_456' title='bbox 2557 2176 2841 2230; x_wconf 89' lang='lat' dir='ltr'><strong>inlirmitas</strong></span> <span class='ocrx_word' id='word_1_457' title='bbox 2865 2187 2990 2231; x_wconf 88' lang='lat' dir='ltr'><strong>sunt</strong></span> <span class='ocrx_word' id='word_1_458' title='bbox 3017 2177 3192 2232; x_wconf 86' lang='lat' dir='ltr'><strong>omnia</strong></span> <span class='ocrx_word' id='word_1_459' title='bbox 3225 2178 3387 2232; x_wconf 88' lang='lat' dir='ltr'><strong>simul</strong></span> <span class='ocrx_word' id='word_1_460' title='bbox 3408 2182 3508 2232; x_wconf 85' lang='lat' dir='ltr'><strong>ltu-</strong></span> 
     </span>
    </p>
   </div>
   <div class='ocr_carea' id='block_1_61' title="bbox 1941 2268 3502 2340">
    <p class='ocr_par' dir='ltr' id='par_1_61' title="bbox 1941 2268 3502 2340">
     <span class='ocr_line' id='line_1_61' title="bbox 1941 2268 3502 2340; baseline 0.003 -19"><span class='ocrx_word' id='word_1_461' title='bbox 1941 2283 2118 2331; x_wconf 88' lang='lat' dir='ltr'><strong>mana,</strong></span> <span class='ocrx_word' id='word_1_462' title='bbox 2145 2268 2186 2322; x_wconf 88' lang='lat' dir='ltr'><strong>si</strong></span> <span class='ocrx_word' id='word_1_463' title='bbox 2217 2283 2336 2322; x_wconf 89' lang='lat' dir='ltr'><strong>cum</strong></span> <span class='ocrx_word' id='word_1_464' title='bbox 2366 2283 2488 2322; x_wconf 86' lang='lat' dir='ltr'><strong>vera</strong></span> <span class='ocrx_word' id='word_1_465' title='bbox 2523 2269 2758 2337; x_wconf 89' lang='lat' dir='ltr'><strong>potentia</strong></span> <span class='ocrx_word' id='word_1_466' title='bbox 2787 2281 3186 2338; x_wconf 84' lang='lat' dir='ltr'><strong>comparentur.</strong></span> <span class='ocrx_word' id='word_1_467' title='bbox 3212 2269 3502 2340; x_wconf 81' lang='lat' dir='ltr'><strong>Propterea</strong></span> 
     </span>
    </p>
   </div>
   <div class='ocr_carea' id='block_1_62' title="bbox 1940 2356 3501 2429">
    <p class='ocr_par' dir='ltr' id='par_1_62' title="bbox 1940 2356 3501 2429">
     <span class='ocr_line' id='line_1_62' title="bbox 1940 2356 3501 2429; baseline 0.002 -19"><span class='ocrx_word' id='word_1_468' title='bbox 1940 2357 2163 2426; x_wconf 79' lang='lat' dir='ltr'><strong>Inﬁrma</strong></span> <span class='ocrx_word' id='word_1_469' title='bbox 2202 2357 2384 2409; x_wconf 84' lang='lat' dir='ltr'><strong>mundi</strong></span> <span class='ocrx_word' id='word_1_470' title='bbox 2434 2357 2585 2426; x_wconf 79' lang='lat' dir='ltr'><strong>elegit</strong></span> <span class='ocrx_word' id='word_1_471' title='bbox 2632 2356 2793 2422; x_wconf 88' lang='lat' dir='ltr'><strong>Deus,</strong></span> <span class='ocrx_word' id='word_1_472' title='bbox 2825 2366 2879 2410; x_wconf 85' lang='lat' dir='ltr'><strong>ut</strong></span> <span class='ocrx_word' id='word_1_473' title='bbox 2923 2360 3208 2426; x_wconf 82' lang='lat' dir='ltr'><strong>confundat</strong></span> <span class='ocrx_word' id='word_1_474' title='bbox 3239 2359 3501 2429; x_wconf 75' lang='lat' dir='ltr'><strong>fortia“;</strong></span> 
     </span>
    </p>
   </div>
   <div class='ocr_carea' id='block_1_63' title="bbox 1941 2449 3508 2520">
    <p class='ocr_par' dir='ltr' id='par_1_63' title="bbox 1941 2449 3508 2520">
     <span class='ocr_line' id='line_1_63' title="bbox 1941 2449 3508 2520; baseline 0.003 -17"><span class='ocrx_word' id='word_1_475' title='bbox 1941 2463 1993 2503; x_wconf 88' lang='lat' dir='ltr'><strong>et</strong></span> <span class='ocrx_word' id='word_1_476' title='bbox 2016 2467 2079 2505; x_wconf 77' lang='lat' dir='ltr'><strong>ex</strong></span> <span class='ocrx_word' id='word_1_477' title='bbox 2100 2466 2191 2506; x_wconf 90' lang='lat' dir='ltr'><strong>ore</strong></span> <span class='ocrx_word' id='word_1_478' title='bbox 2221 2449 2502 2504; x_wconf 78' lang='lat' dir='ltr'><strong>infantium</strong></span> <span class='ocrx_word' id='word_1_479' title='bbox 2526 2461 2580 2505; x_wconf 87' lang='lat' dir='ltr'><strong>et</strong></span> <span class='ocrx_word' id='word_1_480' title='bbox 2611 2449 2918 2504; x_wconf 88' lang='lat' dir='ltr'><strong>lactentiqu</strong></span> <span class='ocrx_word' id='word_1_481' title='bbox 2951 2451 3172 2520; x_wconf 84' lang='lat' dir='ltr'><strong>perfecit</strong></span> <span class='ocrx_word' id='word_1_482' title='bbox 3191 2453 3424 2516; x_wconf 89' lang='lat' dir='ltr'><strong>laudem,</strong></span> <span class='ocrx_word' id='word_1_483' title='bbox 3450 2463 3508 2507; x_wconf 90' lang='lat' dir='ltr'><strong>ut</strong></span> 
     </span>
    </p>
   </div>
   <div class='ocr_carea' id='block_1_64' title="bbox 1942 2541 3506 2612">
    <p class='ocr_par' dir='ltr' id='par_1_64' title="bbox 1942 2541 3506 2612">
     <span class='ocr_line' id='line_1_64' title="bbox 1942 2541 3506 2612; baseline 0 -15"><span class='ocrx_word' id='word_1_484' title='bbox 1942 2546 2181 2597; x_wconf 86' lang='lat' dir='ltr'><strong>destruat</strong></span> <span class='ocrx_word' id='word_1_485' title='bbox 2221 2541 2496 2595; x_wconf 84' lang='lat' dir='ltr'><strong>inimicum</strong></span> <span class='ocrx_word' id='word_1_486' title='bbox 2527 2552 2580 2595; x_wconf 89' lang='lat' dir='ltr'><strong>et</strong></span> <span class='ocrx_word' id='word_1_487' title='bbox 2616 2542 2926 2595; x_wconf 82' lang='lat' dir='ltr'><strong>ultorem”.</strong></span> <span class='ocrx_word' id='word_1_488' title='bbox 2958 2542 3086 2596; x_wconf 72' lang='lat' dir='ltr'><strong>Nam</strong></span> <span class='ocrx_word' id='word_1_489' title='bbox 3128 2542 3304 2595; x_wconf 88' lang='lat' dir='ltr'><strong>divina</strong></span> <span class='ocrx_word' id='word_1_490' title='bbox 3332 2542 3506 2612; x_wconf 84' lang='lat' dir='ltr'><strong>gratia</strong></span> 
     </span>
    </p>
   </div>
   <div class='ocr_carea' id='block_1_65' title="bbox 1946 2631 3509 2706">
    <p class='ocr_par' dir='ltr' id='par_1_65' title="bbox 1946 2631 3509 2706">
     <span class='ocr_line' id='line_1_65' title="bbox 1946 2631 3509 2706; baseline 0.003 -19"><span class='ocrx_word' id='word_1_491' title='bbox 1946 2635 2097 2706; x_wconf 64' lang='grc'><strong>14],</strong></span> <span class='ocrx_word' id='word_1_492' title='bbox 2143 2636 2194 2688; x_wconf 91' lang='lat' dir='ltr'><strong>in</strong></span> <span class='ocrx_word' id='word_1_493' title='bbox 2248 2631 2544 2688; x_wconf 68' lang='lat' dir='ltr'><strong>infantibus</strong></span> <span class='ocrx_word' id='word_1_494' title='bbox 2579 2649 2642 2687; x_wconf 88' lang='lat' dir='ltr'><strong>ac</strong></span> <span class='ocrx_word' id='word_1_495' title='bbox 2701 2633 2920 2688; x_wconf 90' lang='lat' dir='ltr'><strong>rudibus</strong></span> <span class='ocrx_word' id='word_1_496' title='bbox 2968 2650 3231 2704; x_wconf 83' lang='lat' dir='ltr'><strong>Operans,</strong></span> <span class='ocrx_word' id='word_1_497' title='bbox 3273 2635 3509 2692; x_wconf 78' lang='lat' dir='ltr'><strong>maxime</strong></span> 
     </span>
    </p>
   </div>
   <div class='ocr_carea' id='block_1_66' title="bbox 1943 2723 3508 2796">
    <p class='ocr_par' dir='ltr' id='par_1_66' title="bbox 1943 2723 3508 2796">
     <span class='ocr_line' id='line_1_66' title="bbox 1943 2723 3508 2796; baseline 0.003 -17"><span class='ocrx_word' id='word_1_498' title='bbox 1943 2726 2293 2794; x_wconf 89' lang='lat' dir='ltr'><strong>resplenduit.</strong></span> <span class='ocrx_word' id='word_1_499' title='bbox 2325 2725 2492 2779; x_wconf 74' lang='lat' dir='ltr'><strong>Vens.</strong></span> <span class='ocrx_word' id='word_1_500' title='bbox 2538 2726 2623 2780; x_wconf 94' lang='grc'>17.</span> <span class='ocrx_word' id='word_1_501' title='bbox 2670 2723 2865 2780; x_wconf 78' lang='lat' dir='ltr'><strong>Fallax</strong></span> <span class='ocrx_word' id='word_1_502' title='bbox 2885 2743 3044 2796; x_wconf 80' lang='lat' dir='ltr'><strong>equus</strong></span> <span class='ocrx_word' id='word_1_503' title='bbox 3072 2728 3139 2780; x_wconf 86' lang='lat' dir='ltr'><strong>ad</strong></span> <span class='ocrx_word' id='word_1_504' title='bbox 3165 2727 3382 2782; x_wconf 81' lang='lat' dir='ltr'><strong>salutem</strong></span> <span class='ocrx_word' id='word_1_505' title='bbox 3408 2745 3426 2784; x_wconf 89' lang='lat'><strong><em>:</em></strong></span> <span class='ocrx_word' id='word_1_506' title='bbox 3455 2731 3508 2784; x_wconf 89' lang='lat' dir='ltr'><strong>in</strong></span> 
     </span>
    </p>
   </div>
   <div class='ocr_carea' id='block_1_67' title="bbox 1941 2817 3506 2879">
    <p class='ocr_par' dir='ltr' id='par_1_67' title="bbox 1941 2817 3506 2879">
     <span class='ocr_line' id='line_1_67' title="bbox 1941 2817 3506 2879; baseline 0.005 -9"><span class='ocrx_word' id='word_1_507' title='bbox 1941 2817 2280 2872; x_wconf 88' lang='lat' dir='ltr'><strong>multitudine</strong></span> <span class='ocrx_word' id='word_1_508' title='bbox 2320 2830 2492 2872; x_wconf 84' lang='lat' dir='ltr'><strong>autem</strong></span> <span class='ocrx_word' id='word_1_509' title='bbox 2540 2820 2744 2872; x_wconf 73' lang='lat' dir='ltr'><strong>uirtutis</strong></span> <span class='ocrx_word' id='word_1_510' title='bbox 2782 2837 2892 2873; x_wconf 76' lang='lat' dir='ltr'><strong>sua:</strong></span> <span class='ocrx_word' id='word_1_511' title='bbox 2927 2837 3028 2874; x_wconf 91' lang='lat' dir='ltr'><strong>non</strong></span> <span class='ocrx_word' id='word_1_512' title='bbox 3058 2823 3365 2879; x_wconf 83' lang='lat' dir='ltr'><strong>salvabitur.</strong></span> <span class='ocrx_word' id='word_1_513' title='bbox 3399 2826 3506 2878; x_wconf 80' lang='lat' dir='ltr'><strong>Ex-</strong></span> 
     </span>
    </p>
   </div>
   <div class='ocr_carea' id='block_1_68' title="bbox 1942 2910 3507 2988">
    <p class='ocr_par' dir='ltr' id='par_1_68' title="bbox 1942 2910 3507 2988">
     <span class='ocr_line' id='line_1_68' title="bbox 1942 2910 3507 2988; baseline 0.006 -23"><span class='ocrx_word' id='word_1_514' title='bbox 1942 2910 2125 2965; x_wconf 90' lang='lat' dir='ltr'><strong>clusus</strong></span> <span class='ocrx_word' id='word_1_515' title='bbox 2163 2919 2240 2964; x_wconf 82' lang='lat' dir='ltr'><strong>est</strong></span> <span class='ocrx_word' id='word_1_516' title='bbox 2268 2912 2335 2965; x_wconf 87' lang='lat' dir='ltr'><strong>ab</strong></span> <span class='ocrx_word' id='word_1_517' title='bbox 2367 2929 2462 2965; x_wconf 85' lang='lat' dir='ltr'><strong>usu</strong></span> <span class='ocrx_word' id='word_1_518' title='bbox 2503 2922 2813 2965; x_wconf 84' lang='lat' dir='ltr'><strong>sanctorum</strong></span> <span class='ocrx_word' id='word_1_519' title='bbox 2846 2929 3034 2982; x_wconf 87' lang='lat' dir='ltr'><strong>equus.</strong></span> <span class='ocrx_word' id='word_1_520' title='bbox 3081 2917 3184 2971; x_wconf 87' lang='lat' dir='ltr'><strong>Sed</strong></span> <span class='ocrx_word' id='word_1_521' title='bbox 3232 2935 3407 2988; x_wconf 87' lang='lat' dir='ltr'><strong>neque</strong></span> <span class='ocrx_word' id='word_1_522' title='bbox 3430 2924 3507 2975; x_wconf 87' lang='lat' dir='ltr'><strong>ls-</strong></span> 
     </span>
    </p>
   </div>
   <div class='ocr_carea' id='block_1_69' title="bbox 1942 3002 3509 3066">
    <p class='ocr_par' dir='ltr' id='par_1_69' title="bbox 1942 3002 3509 3066">
     <span class='ocr_line' id='line_1_69' title="bbox 1942 3002 3509 3066; baseline 0.006 -10"><span class='ocrx_word' id='word_1_523' title='bbox 1942 3002 2054 3056; x_wconf 88' lang='lat' dir='ltr'><strong>rael</strong></span> <span class='ocrx_word' id='word_1_524' title='bbox 2085 3004 2207 3056; x_wconf 92' lang='lat' dir='ltr'><strong>dum</strong></span> <span class='ocrx_word' id='word_1_525' title='bbox 2235 3002 2283 3055; x_wconf 92' lang='lat' dir='ltr'><strong>ei</strong></span> <span class='ocrx_word' id='word_1_526' title='bbox 2319 3019 2404 3057; x_wconf 86' lang='lat' dir='ltr'><strong>res</strong></span> <span class='ocrx_word' id='word_1_527' title='bbox 2443 3003 2496 3056; x_wconf 89' lang='lat' dir='ltr'><strong>in</strong></span> <span class='ocrx_word' id='word_1_528' title='bbox 2535 3004 2689 3058; x_wconf 90' lang='lat' dir='ltr'><strong>bellis</strong></span> <span class='ocrx_word' id='word_1_529' title='bbox 2711 3019 2774 3057; x_wconf 83' lang='lat' dir='ltr'><strong>ex</strong></span> <span class='ocrx_word' id='word_1_530' title='bbox 2819 3005 2983 3059; x_wconf 89' lang='lat' dir='ltr'><strong>animi</strong></span> <span class='ocrx_word' id='word_1_531' title='bbox 3018 3012 3281 3063; x_wconf 88' lang='lat' dir='ltr'><strong>sententia</strong></span> <span class='ocrx_word' id='word_1_532' title='bbox 3321 3025 3509 3066; x_wconf 81' lang='lat' dir='ltr'><strong>Succe-</strong></span> 
     </span>
    </p>
   </div>
   <div class='ocr_carea' id='block_1_70' title="bbox 1943 3097 3506 3166">
    <p class='ocr_par' dir='ltr' id='par_1_70' title="bbox 1943 3097 3506 3166">
     <span class='ocr_line' id='line_1_70' title="bbox 1943 3097 3506 3166; baseline 0.006 -17"><span class='ocrx_word' id='word_1_533' title='bbox 1943 3097 2154 3158; x_wconf 89' lang='lat' dir='ltr'><strong>derent,</strong></span> <span class='ocrx_word' id='word_1_534' title='bbox 2190 3110 2423 3164; x_wconf 88' lang='lat' dir='ltr'><strong>unquam</strong></span> <span class='ocrx_word' id='word_1_535' title='bbox 2465 3099 2702 3165; x_wconf 92' lang='lat' dir='ltr'><strong>equestri</strong></span> <span class='ocrx_word' id='word_1_536' title='bbox 2739 3101 2972 3166; x_wconf 89' lang='lat' dir='ltr'><strong>potentia</strong></span> <span class='ocrx_word' id='word_1_537' title='bbox 3006 3116 3136 3157; x_wconf 85' lang='lat' dir='ltr'><strong>usus</strong></span> <span class='ocrx_word' id='word_1_538' title='bbox 3169 3103 3335 3159; x_wconf 80' lang='lat' dir='ltr'><strong>fuisse</strong></span> <span class='ocrx_word' id='word_1_539' title='bbox 3357 3121 3506 3158; x_wconf 84' lang='lat' dir='ltr'><strong>cont-</strong></span> 
     </span>
    </p>
   </div>
   <div class='ocr_carea' id='block_1_71' title="bbox 1945 3191 3502 3265">
    <p class='ocr_par' dir='ltr' id='par_1_71' title="bbox 1945 3191 3502 3265">
     <span class='ocr_line' id='line_1_71' title="bbox 1945 3191 3502 3265; baseline 0.009 -26"><span class='ocrx_word' id='word_1_540' title='bbox 1945 3191 2170 3259; x_wconf 85' lang='lat' dir='ltr'><strong>peritnr,</strong></span> <span class='ocrx_word' id='word_1_541' title='bbox 2210 3205 2383 3258; x_wconf 85' lang='lat' dir='ltr'><strong>neque</strong></span> <span class='ocrx_word' id='word_1_542' title='bbox 2416 3192 2702 3261; x_wconf 79' lang='lat' dir='ltr'><strong>quisquam</strong></span> <span class='ocrx_word' id='word_1_543' title='bbox 2739 3206 3045 3250; x_wconf 88' lang='lat' dir='ltr'><strong>sanctorum</strong></span> <span class='ocrx_word' id='word_1_544' title='bbox 3073 3198 3325 3265; x_wconf 85' lang='lat' dir='ltr'><strong>privatim</strong></span> <span class='ocrx_word' id='word_1_545' title='bbox 3350 3214 3502 3253; x_wconf 89' lang='lat' dir='ltr'><strong>usum</strong></span> 
     </span>
    </p>
   </div>
   <div class='ocr_carea' id='block_1_72' title="bbox 1944 3284 3505 3351">
    <p class='ocr_par' dir='ltr' id='par_1_72' title="bbox 1944 3284 3505 3351">
     <span class='ocr_line' id='line_1_72' title="bbox 1944 3284 3505 3351; baseline 0.004 -14"><span class='ocrx_word' id='word_1_546' title='bbox 1944 3298 2201 3351; x_wconf 90' lang='lat' dir='ltr'><strong>equorum</strong></span> <span class='ocrx_word' id='word_1_547' title='bbox 2231 3284 2377 3338; x_wconf 89' lang='lat' dir='ltr'><strong>velut</strong></span> <span class='ocrx_word' id='word_1_548' title='bbox 2399 3287 2804 3340; x_wconf 85' lang='lat' dir='ltr'><strong>convenientem</strong></span> <span class='ocrx_word' id='word_1_549' title='bbox 2833 3286 3071 3342; x_wconf 82' lang='lat' dir='ltr'><strong>admisit.</strong></span> <span class='ocrx_word' id='word_1_550' title='bbox 3101 3290 3168 3342; x_wconf 83' lang='lat' dir='ltr'><strong>At</strong></span> <span class='ocrx_word' id='word_1_551' title='bbox 3195 3304 3322 3344; x_wconf 88' lang='lat' dir='ltr'><strong>vero</strong></span> <span class='ocrx_word' id='word_1_552' title='bbox 3364 3289 3505 3344; x_wconf 79' lang='lat' dir='ltr'><strong>Plia-</strong></span> 
     </span>
    </p>
   </div>
   <div class='ocr_carea' id='block_1_73' title="bbox 1943 3376 3506 3449">
    <p class='ocr_par' dir='ltr' id='par_1_73' title="bbox 1943 3376 3506 3449">
     <span class='ocr_line' id='line_1_73' title="bbox 1943 3376 3506 3449; baseline 0.005 -21"><span class='ocrx_word' id='word_1_553' title='bbox 1943 3391 2036 3428; x_wconf 89' lang='lat' dir='ltr'><strong>rao</strong></span> <span class='ocrx_word' id='word_1_554' title='bbox 2059 3376 2300 3442; x_wconf 84' lang='lat' dir='ltr'><strong>equitatu</strong></span> <span class='ocrx_word' id='word_1_555' title='bbox 2327 3377 2501 3430; x_wconf 89' lang='lat' dir='ltr'><strong>utitur</strong></span> <span class='ocrx_word' id='word_1_556' title='bbox 2530 3377 2598 3440; x_wconf 86' lang='lat'><strong>&quot;,</strong></span> <span class='ocrx_word' id='word_1_557' title='bbox 2632 3388 2683 3432; x_wconf 90' lang='lat' dir='ltr'><strong>et</strong></span> <span class='ocrx_word' id='word_1_558' title='bbox 2717 3382 2981 3449; x_wconf 85' lang='lat' dir='ltr'><strong>superbus</strong></span> <span class='ocrx_word' id='word_1_559' title='bbox 3019 3381 3105 3434; x_wconf 91' lang='lat' dir='ltr'><strong>ille</strong></span> <span class='ocrx_word' id='word_1_560' title='bbox 3137 3380 3506 3436; x_wconf 84' lang='lat' dir='ltr'><strong>Sennaclterib</strong></span> 
     </span>
    </p>
   </div>
   <div class='ocr_carea' id='block_1_74' title="bbox 1942 3468 3504 3539">
    <p class='ocr_par' dir='ltr' id='par_1_74' title="bbox 1942 3468 3504 3539">
     <span class='ocr_line' id='line_1_74' title="bbox 1942 3468 3504 3539; baseline 0.005 -20"><span class='ocrx_word' id='word_1_561' title='bbox 1942 3468 2008 3521; x_wconf 84' lang='lat' dir='ltr'><strong>de</strong></span> <span class='ocrx_word' id='word_1_562' title='bbox 2041 3482 2304 3536; x_wconf 86' lang='lat' dir='ltr'><strong>equorum</strong></span> <span class='ocrx_word' id='word_1_563' title='bbox 2360 3469 2700 3525; x_wconf 88' lang='lat' dir='ltr'><strong>multitudine</strong></span> <span class='ocrx_word' id='word_1_564' title='bbox 2737 3473 2996 3539; x_wconf 89' lang='lat' dir='ltr'><strong>gloriatur</strong></span> <span class='ocrx_word' id='word_1_565' title='bbox 3034 3473 3099 3526; x_wconf 82' lang='lat'><strong>&quot;’.</strong></span> <span class='ocrx_word' id='word_1_566' title='bbox 3144 3472 3504 3539; x_wconf 82' lang='lat' dir='ltr'><strong>Quamobrem</strong></span> 
     </span>
    </p>
   </div>
   <div class='ocr_carea' id='block_1_75' title="bbox 1942 3557 3502 3632">
    <p class='ocr_par' dir='ltr' id='par_1_75' title="bbox 1942 3557 3502 3632">
     <span class='ocr_line' id='line_1_75' title="bbox 1942 3557 3502 3632; baseline 0.006 -20"><span class='ocrx_word' id='word_1_567' title='bbox 1942 3557 2240 3612; x_wconf 81' lang='lat' dir='ltr'><strong>Pharaonis</strong></span> <span class='ocrx_word' id='word_1_568' title='bbox 2267 3574 2461 3628; x_wconf 90' lang='lat' dir='ltr'><strong>equum</strong></span> <span class='ocrx_word' id='word_1_569' title='bbox 2485 3570 2536 3613; x_wconf 91' lang='lat' dir='ltr'><strong>et</strong></span> <span class='ocrx_word' id='word_1_570' title='bbox 2563 3576 2901 3616; x_wconf 86' lang='lat' dir='ltr'><strong>ascensorem</strong></span> <span class='ocrx_word' id='word_1_571' title='bbox 2928 3564 3148 3632; x_wconf 86' lang='lat' dir='ltr'><strong>projecil</strong></span> <span class='ocrx_word' id='word_1_572' title='bbox 3179 3566 3226 3618; x_wconf 91' lang='lat' dir='ltr'><strong>in</strong></span> <span class='ocrx_word' id='word_1_573' title='bbox 3260 3581 3408 3620; x_wconf 89' lang='lat' dir='ltr'><strong>mare</strong></span> <span class='ocrx_word' id='word_1_574' title='bbox 3423 3567 3502 3622; x_wconf 70' lang='grc' dir='ltr'>ὀι</span> 
     </span>
    </p>
   </div>
   <div class='ocr_carea' id='block_1_76' title="bbox 1941 3652 3503 3725">
    <p class='ocr_par' dir='ltr' id='par_1_76' title="bbox 1941 3652 3503 3725">
     <span class='ocr_line' id='line_1_76' title="bbox 1941 3652 3503 3725; baseline 0.006 -21"><span class='ocrx_word' id='word_1_575' title='bbox 1941 3667 2131 3708; x_wconf 88' lang='lat' dir='ltr'><strong>omnes</strong></span> <span class='ocrx_word' id='word_1_576' title='bbox 2161 3669 2290 3708; x_wconf 88' lang='lat' dir='ltr'><strong>vero</strong></span> <span class='ocrx_word' id='word_1_577' title='bbox 2329 3652 2701 3709; x_wconf 76' lang='lat' dir='ltr'><strong>Sennaclierib</strong></span> <span class='ocrx_word' id='word_1_578' title='bbox 2721 3656 2925 3725; x_wconf 89' lang='lat' dir='ltr'><strong>equites</strong></span> <span class='ocrx_word' id='word_1_579' title='bbox 2966 3656 3395 3713; x_wconf 86' lang='lat' dir='ltr'><strong>dortnitaverunt</strong></span> <span class='ocrx_word' id='word_1_580' title='bbox 3435 3661 3503 3714; x_wconf 89' lang='lat'><strong>”.</strong></span> 
     </span>
    </p>
   </div>
   <div class='ocr_carea' id='block_1_77' title="bbox 1947 3741 3503 3820">
    <p class='ocr_par' dir='ltr' id='par_1_77' title="bbox 1947 3741 3503 3820">
     <span class='ocr_line' id='line_1_77' title="bbox 1947 3741 3503 3820; baseline 0.006 -23"><span class='ocrx_word' id='word_1_581' title='bbox 1947 3741 2097 3798; x_wconf 86' lang='lat' dir='ltr'><strong>Unde</strong></span> <span class='ocrx_word' id='word_1_582' title='bbox 2147 3746 2312 3798; x_wconf 90' lang='lat' dir='ltr'><strong>etiam</strong></span> <span class='ocrx_word' id='word_1_583' title='bbox 2356 3746 2460 3799; x_wconf 81' lang='lat' dir='ltr'><strong>lata</strong></span> <span class='ocrx_word' id='word_1_584' title='bbox 2497 3762 2592 3813; x_wconf 91' lang='lat' dir='ltr'><strong>per</strong></span> <span class='ocrx_word' id='word_1_585' title='bbox 2625 3747 2839 3816; x_wconf 85' lang='lat' dir='ltr'><strong>Moysen</strong></span> <span class='ocrx_word' id='word_1_586' title='bbox 2884 3750 2949 3802; x_wconf 87' lang='lat' dir='ltr'><strong>de</strong></span> <span class='ocrx_word' id='word_1_587' title='bbox 2995 3765 3174 3820; x_wconf 84' lang='lat' dir='ltr'><strong>regum</strong></span> <span class='ocrx_word' id='word_1_588' title='bbox 3206 3749 3391 3804; x_wconf 87' lang='lat' dir='ltr'><strong>olliciis</strong></span> <span class='ocrx_word' id='word_1_589' title='bbox 3423 3751 3503 3806; x_wconf 80' lang='lat' dir='ltr'><strong>lex</strong></span> 
     </span>
    </p>
   </div>
   <div class='ocr_carea' id='block_1_78' title="bbox 1944 3835 3506 3908">
    <p class='ocr_par' dir='ltr' id='par_1_78' title="bbox 1944 3835 3506 3908">
     <span class='ocr_line' id='line_1_78' title="bbox 1944 3835 3506 3908; baseline 0.003 -17"><span class='ocrx_word' id='word_1_590' title='bbox 1944 3839 2015 3891; x_wconf 86' lang='lat' dir='ltr'><strong>ita</strong></span> <span class='ocrx_word' id='word_1_591' title='bbox 2042 3841 2257 3891; x_wconf 85' lang='lat' dir='ltr'><strong>sancit:</strong></span> <span class='ocrx_word' id='word_1_592' title='bbox 2313 3835 2437 3890; x_wconf 88' lang='lat' dir='ltr'><strong>Non</strong></span> <span class='ocrx_word' id='word_1_593' title='bbox 2484 3837 2850 3903; x_wconf 86' lang='lat' dir='ltr'><strong>multiplicabit</strong></span> <span class='ocrx_word' id='word_1_594' title='bbox 2890 3839 2988 3891; x_wconf 83' lang='lat' dir='ltr'><strong>sibi</strong></span> <span class='ocrx_word' id='word_1_595' title='bbox 3031 3841 3315 3908; x_wconf 82' lang='lat' dir='ltr'><strong>equitatum</strong></span> <span class='ocrx_word' id='word_1_596' title='bbox 3351 3842 3387 3894; x_wconf 78' lang='lat'><strong>’.</strong></span> <span class='ocrx_word' id='word_1_597' title='bbox 3441 3841 3506 3896; x_wconf 90' lang='lat' dir='ltr'><strong>In</strong></span> 
     </span>
    </p>
   </div>
   <div class='ocr_carea' id='block_1_79' title="bbox 1941 3928 3504 3988">
    <p class='ocr_par' dir='ltr' id='par_1_79' title="bbox 1941 3928 3504 3988">
     <span class='ocr_line' id='line_1_79' title="bbox 1941 3928 3504 3988; baseline 0.004 -7"><span class='ocrx_word' id='word_1_598' title='bbox 1941 3928 2276 3981; x_wconf 77' lang='lat' dir='ltr'><strong>multitudine</strong></span> <span class='ocrx_word' id='word_1_599' title='bbox 2298 3939 2468 3979; x_wconf 88' lang='lat' dir='ltr'><strong>autem</strong></span> <span class='ocrx_word' id='word_1_600' title='bbox 2501 3928 2706 3980; x_wconf 84' lang='lat' dir='ltr'><strong>virtutis</strong></span> <span class='ocrx_word' id='word_1_601' title='bbox 2732 3945 2841 3981; x_wconf 72' lang='lat' dir='ltr'><strong>sua!</strong></span> <span class='ocrx_word' id='word_1_602' title='bbox 2883 3947 2983 3982; x_wconf 90' lang='lat' dir='ltr'><strong>non</strong></span> <span class='ocrx_word' id='word_1_603' title='bbox 3018 3931 3323 3985; x_wconf 79' lang='lat' dir='ltr'><strong>salvabitur.</strong></span> <span class='ocrx_word' id='word_1_604' title='bbox 3372 3933 3504 3988; x_wconf 79' lang='lat' dir='ltr'><strong>Cum</strong></span> 
     </span>
    </p>
   </div>
   <div class='ocr_carea' id='block_1_80' title="bbox 1941 4019 3504 4089">
    <p class='ocr_par' dir='ltr' id='par_1_80' title="bbox 1941 4019 3504 4089">
     <span class='ocr_line' id='line_1_80' title="bbox 1941 4019 3504 4089; baseline 0.005 -13"><span class='ocrx_word' id='word_1_605' title='bbox 1941 4022 2098 4086; x_wconf 85' lang='lat' dir='ltr'><strong>enim,</strong></span> <span class='ocrx_word' id='word_1_606' title='bbox 2133 4020 2325 4088; x_wconf 85' lang='lat' dir='ltr'><strong>inquit,</strong></span> <span class='ocrx_word' id='word_1_607' title='bbox 2355 4019 2613 4086; x_wconf 78' lang='lat' dir='ltr'><strong>inﬁrmor,</strong></span> <span class='ocrx_word' id='word_1_608' title='bbox 2652 4031 2772 4073; x_wconf 89' lang='lat' dir='ltr'><strong>tunc</strong></span> <span class='ocrx_word' id='word_1_609' title='bbox 2795 4031 2971 4089; x_wconf 81' lang='lat' dir='ltr'><strong>potens</strong></span> <span class='ocrx_word' id='word_1_610' title='bbox 2992 4038 3105 4074; x_wconf 79' lang='lat' dir='ltr'><strong>sum</strong></span> <span class='ocrx_word' id='word_1_611' title='bbox 3133 4025 3174 4078; x_wconf 81' lang='lat'><strong>’.</strong></span> <span class='ocrx_word' id='word_1_612' title='bbox 3212 4022 3344 4078; x_wconf 84' lang='lat' dir='ltr'><strong>Nam</strong></span> <span class='ocrx_word' id='word_1_613' title='bbox 3379 4042 3504 4084; x_wconf 88' lang='lat' dir='ltr'><strong>cor-</strong></span> 
     </span>
    </p>
   </div>
   <div class='ocr_carea' id='block_1_81' title="bbox 1943 4109 3502 4181">
    <p class='ocr_par' dir='ltr' id='par_1_81' title="bbox 1943 4109 3502 4181">
     <span class='ocr_line' id='line_1_81' title="bbox 1943 4109 3502 4181; baseline 0.004 -15"><span class='ocrx_word' id='word_1_614' title='bbox 1943 4126 2223 4181; x_wconf 88' lang='lat' dir='ltr'><strong>porearmn</strong></span> <span class='ocrx_word' id='word_1_615' title='bbox 2275 4109 2468 4162; x_wconf 88' lang='lat' dir='ltr'><strong>virium</strong></span> <span class='ocrx_word' id='word_1_616' title='bbox 2507 4111 2788 4165; x_wconf 89' lang='lat' dir='ltr'><strong>multitudo</strong></span> <span class='ocrx_word' id='word_1_617' title='bbox 2836 4111 2993 4165; x_wconf 84' lang='lat' dir='ltr'><strong>saluti</strong></span> <span class='ocrx_word' id='word_1_618' title='bbox 3032 4112 3252 4180; x_wconf 76' lang='lat' dir='ltr'><strong>Spiritus</strong></span> <span class='ocrx_word' id='word_1_619' title='bbox 3304 4116 3502 4171; x_wconf 77' lang='lat' dir='ltr'><strong>obstat.</strong></span> 
     </span>
    </p>
   </div>
   <div class='ocr_carea' id='block_1_82' title="bbox 266 4196 3506 4277">
    <p class='ocr_par' dir='ltr' id='par_1_82' title="bbox 266 4196 3506 4277">
     <span class='ocr_line' id='line_1_82' title="bbox 266 4196 3506 4277; baseline 0.004 -30"><span class='ocrx_word' id='word_1_620' title='bbox 266 4197 378 4267; x_wconf 75' lang='grc' dir='ltr'>γὰρ</span> <span class='ocrx_word' id='word_1_621' title='bbox 406 4196 657 4258; x_wconf 84' lang='grc' dir='ltr'>ἀσθενῶ,</span> <span class='ocrx_word' id='word_1_622' title='bbox 687 4199 839 4267; x_wconf 66' lang='grc' dir='ltr'>φησι,</span> <span class='ocrx_word' id='word_1_623' title='bbox 875 4199 1004 4252; x_wconf 87' lang='grc' dir='ltr'>τότε</span> <span class='ocrx_word' id='word_1_624' title='bbox 1043 4200 1296 4265; x_wconf 78' lang='grc' dir='ltr'>δυνατός</span> <span class='ocrx_word' id='word_1_625' title='bbox 1328 4202 1460 4269; x_wconf 78' lang='grc' dir='ltr'>ειμι.</span> <span class='ocrx_word' id='word_1_626' title='bbox 1509 4201 1579 4253; x_wconf 86' lang='grc' dir='ltr'>Τὸ</span> <span class='ocrx_word' id='word_1_627' title='bbox 1609 4202 1664 4254; x_wconf 80' lang='grc' dir='ltr'>δὲ</span> <span class='ocrx_word' id='word_1_628' title='bbox 1697 4203 1893 4275; x_wconf 75' lang='grc' dir='ltr'>πλῆθος</span> <span class='ocrx_word' id='word_1_629' title='bbox 1921 4207 2017 4276; x_wconf 78' lang='grc' dir='ltr'>τῆς</span> <span class='ocrx_word' id='word_1_630' title='bbox 2051 4199 2368 4272; x_wconf 81' lang='grc' dir='ltr'>σωματικῆς</span> <span class='ocrx_word' id='word_1_631' title='bbox 2427 4200 2706 4272; x_wconf 86' lang='grc' dir='ltr'>δυνάμεως</span> <span class='ocrx_word' id='word_1_632' title='bbox 2737 4201 2987 4273; x_wconf 80' lang='grc' dir='ltr'>ἐμπόδιόν</span> <span class='ocrx_word' id='word_1_633' title='bbox 3044 4203 3158 4254; x_wconf 77' lang='grc' dir='ltr'>ἐστι</span> <span class='ocrx_word' id='word_1_634' title='bbox 3216 4203 3351 4275; x_wconf 83' lang='grc' dir='ltr'>πρὸς</span> <span class='ocrx_word' id='word_1_635' title='bbox 3409 4207 3506 4277; x_wconf 81' lang='grc' dir='ltr'>τὴν</span> 
     </span>
    </p>
   </div>
   <div class='ocr_carea' id='block_1_83' title="bbox 268 4277 1029 4361">
    <p class='ocr_par' dir='ltr' id='par_1_83' title="bbox 268 4277 1029 4361">
     <span class='ocr_line' id='line_1_83' title="bbox 268 4277 1029 4361; baseline 0.005 -17"><span class='ocrx_word' id='word_1_636' title='bbox 268 4277 542 4361; x_wconf 74' lang='grc' dir='ltr'>σωτηρίαν</span> <span class='ocrx_word' id='word_1_637' title='bbox 575 4291 665 4343; x_wconf 82' lang='grc' dir='ltr'>τοῦ</span> <span class='ocrx_word' id='word_1_638' title='bbox 705 4293 1029 4361; x_wconf 81' lang='grc' dir='ltr'>πνεύματος.</span> 
     </span>
    </p>
   </div>
   <div class='ocr_carea' id='block_1_84' title="bbox 340 4382 1841 4456">
    <p class='ocr_par' dir='ltr' id='par_1_84' title="bbox 340 4382 1841 4456">
     <span class='ocr_line' id='line_1_84' title="bbox 340 4382 1841 4456; baseline 0.005 -22"><span class='ocrx_word' id='word_1_639' title='bbox 340 4382 427 4437; x_wconf 73' lang='grc'>119.</span> <span class='ocrx_word' id='word_1_640' title='bbox 475 4382 629 4435; x_wconf 81' lang='grc' dir='ltr'>Ἰδοὺ</span> <span class='ocrx_word' id='word_1_641' title='bbox 657 4386 708 4436; x_wconf 80' lang='grc' dir='ltr'>οἱ</span> <span class='ocrx_word' id='word_1_642' title='bbox 747 4384 1039 4451; x_wconf 66' lang='grc' dir='ltr'><strong>ὀφθαλμοὶ</strong></span> <span class='ocrx_word' id='word_1_643' title='bbox 1072 4385 1289 4452; x_wconf 82' lang='grc' dir='ltr'>Κυρίου</span> <span class='ocrx_word' id='word_1_644' title='bbox 1318 4386 1413 4440; x_wconf 76' lang='grc' dir='ltr'><strong>ἐπὶ</strong></span> <span class='ocrx_word' id='word_1_645' title='bbox 1454 4387 1594 4453; x_wconf 81' lang='grc' dir='ltr'>τοὺς</span> <span class='ocrx_word' id='word_1_646' title='bbox 1626 4391 1841 4456; x_wconf 68' lang='grc' dir='ltr'>φοϐου-</span> 
     </span>
    </p>
   </div>
   <div class='ocr_carea' id='block_1_85' title="bbox 265 4473 1837 4548">
    <p class='ocr_par' dir='ltr' id='par_1_85' title="bbox 265 4473 1837 4548">
     <span class='ocr_line' id='line_1_85' title="bbox 265 4473 1837 4548; baseline 0.005 -22"><span class='ocrx_word' id='word_1_647' title='bbox 265 4473 489 4540; x_wconf 82' lang='grc' dir='ltr'>μένους</span> <span class='ocrx_word' id='word_1_648' title='bbox 524 4477 725 4528; x_wconf 82' lang='grc' dir='ltr'>αὑτόν.</span> <span class='ocrx_word' id='word_1_649' title='bbox 771 4474 1028 4544; x_wconf 81' lang='grc' dir='ltr'>Ἀλλαχοῦ</span> <span class='ocrx_word' id='word_1_650' title='bbox 1072 4477 1169 4544; x_wconf 78' lang='grc' dir='ltr'><strong>μὲν</strong></span> <span class='ocrx_word' id='word_1_651' title='bbox 1213 4477 1463 4548; x_wconf 70' lang='grc' dir='ltr'>εἴρηται·</span> <span class='ocrx_word' id='word_1_652' title='bbox 1520 4479 1837 4548; x_wconf 58' lang='grc' dir='ltr'>Ὀρθαλμοὶ</span> 
     </span>
    </p>
   </div>
   <div class='ocr_carea' id='block_1_86' title="bbox 269 4566 1806 4641">
    <p class='ocr_par' dir='ltr' id='par_1_86' title="bbox 269 4566 1806 4641">
     <span class='ocr_line' id='line_1_86' title="bbox 269 4566 1806 4641; baseline 0.003 -20"><span class='ocrx_word' id='word_1_653' title='bbox 269 4567 489 4634; x_wconf 79' lang='grc' dir='ltr'>Κυρίου</span> <span class='ocrx_word' id='word_1_654' title='bbox 511 4567 606 4620; x_wconf 76' lang='grc' dir='ltr'><strong>ἐπὶ</strong></span> <span class='ocrx_word' id='word_1_655' title='bbox 636 4566 918 4634; x_wconf 80' lang='grc' dir='ltr'>δικαίους·</span> <span class='ocrx_word' id='word_1_656' title='bbox 946 4568 1175 4620; x_wconf 77' lang='grc' dir='ltr'>ἐνταῦθα</span> <span class='ocrx_word' id='word_1_657' title='bbox 1197 4570 1274 4632; x_wconf 83' lang='grc' dir='ltr'><strong>δὲ,</strong></span> <span class='ocrx_word' id='word_1_658' title='bbox 1306 4571 1434 4623; x_wconf 80' lang='grc' dir='ltr'><strong>Ἐπὶ</strong></span> <span class='ocrx_word' id='word_1_659' title='bbox 1457 4571 1595 4638; x_wconf 83' lang='grc' dir='ltr'>τοὺς</span> <span class='ocrx_word' id='word_1_660' title='bbox 1619 4575 1806 4641; x_wconf 67' lang='grc' dir='ltr'>φοϐον</span> 
     </span>
    </p>
   </div>
   <div class='ocr_carea' id='block_1_87' title="bbox 336 4725 816 4793">
    <p class='ocr_par' dir='ltr' id='par_1_87' title="bbox 336 4725 816 4793">
     <span class='ocr_line' id='line_1_87' title="bbox 336 4725 816 4793; baseline 0.006 -17"><span class='ocrx_word' id='word_1_661' title='bbox 336 4726 379 4756; x_wconf 86' lang='grc'><strong>⁹¹</strong></span> <span class='ocrx_word' id='word_1_662' title='bbox 417 4725 609 4793; x_wconf 81' lang='lat' dir='ltr'><strong>Ephes.</strong></span> <span class='ocrx_word' id='word_1_663' title='bbox 654 4743 709 4788; x_wconf 88' lang='lat' dir='ltr'><strong>Il,</strong></span> <span class='ocrx_word' id='word_1_664' title='bbox 766 4727 816 4780; x_wconf 87' lang='lat'><strong>5.</strong></span> 
     </span>
    </p>
   </div>
   <div class='ocr_carea' id='block_1_88' title="bbox 265 4794 1140 4864">
    <p class='ocr_par' dir='ltr' id='par_1_88' title="bbox 265 4794 1140 4864">
     <span class='ocr_line' id='line_1_88' title="bbox 265 4794 1140 4864; baseline 0.003 -15"><span class='ocrx_word' id='word_1_665' title='bbox 265 4796 325 4858; x_wconf 88' lang='lat'><strong>9,</strong></span> <span class='ocrx_word' id='word_1_666' title='bbox 373 4795 465 4848; x_wconf 83' lang='lat'><strong>25.</strong></span> <span class='ocrx_word' id='word_1_667' title='bbox 553 4796 595 4826; x_wconf 79' lang='grc'><strong>⁸⁷</strong></span> <span class='ocrx_word' id='word_1_668' title='bbox 624 4797 687 4850; x_wconf 85' lang='lat' dir='ltr'><strong>IV</strong></span> <span class='ocrx_word' id='word_1_669' title='bbox 727 4794 854 4864; x_wconf 66' lang='lat' dir='ltr'><strong>Reg.</strong></span> <span class='ocrx_word' id='word_1_670' title='bbox 896 4814 1008 4863; x_wconf 83' lang='grc' dir='ltr'>χιχ,</span> <span class='ocrx_word' id='word_1_671' title='bbox 1051 4800 1140 4853; x_wconf 95' lang='lat'><strong>25.</strong></span> 
     </span>
    </p>
   </div>
   <div class='ocr_carea' id='block_1_89' title="bbox 267 4867 829 4929">
    <p class='ocr_par' dir='ltr' id='par_1_89' title="bbox 267 4867 829 4929">
     <span class='ocr_line' id='line_1_89' title="bbox 267 4867 829 4929; baseline 0.002 -9"><span class='ocrx_word' id='word_1_672' title='bbox 267 4867 290 4897; x_wconf 89' lang='grc'>³</span> <span class='ocrx_word' id='word_1_673' title='bbox 331 4867 472 4920; x_wconf 84' lang='lat' dir='ltr'><strong>Psal.</strong></span> <span class='ocrx_word' id='word_1_674' title='bbox 511 4881 702 4929; x_wconf 76' lang='grc' dir='ltr'>χχχιιι,</span> <span class='ocrx_word' id='word_1_675' title='bbox 742 4868 829 4921; x_wconf 85' lang='grc'>16.</span> 
     </span>
    </p>
   </div>
   <div class='ocr_carea' id='block_1_90' title="bbox 1215 4799 1696 4865">
    <p class='ocr_par' dir='ltr' id='par_1_90' title="bbox 1215 4799 1696 4865">
     <span class='ocr_line' id='line_1_90' title="bbox 1215 4799 1696 4865; baseline 0.006 -15"><span class='ocrx_word' id='word_1_676' title='bbox 1215 4799 1260 4833; x_wconf 78' lang='grc'><strong>³⁸</strong></span> <span class='ocrx_word' id='word_1_677' title='bbox 1297 4800 1462 4853; x_wconf 78' lang='lat' dir='ltr'><strong>Exod.</strong></span> <span class='ocrx_word' id='word_1_678' title='bbox 1510 4816 1598 4865; x_wconf 77' lang='lat' dir='ltr'><strong>xv,</strong></span> <span class='ocrx_word' id='word_1_679' title='bbox 1647 4803 1696 4854; x_wconf 86' lang='grc'><strong>1.</strong></span> 
     </span>
    </p>
   </div>
   <div class='ocr_carea' id='block_1_91' title="bbox 905 4726 2317 4855">
    <p class='ocr_par' dir='ltr' id='par_1_91' title="bbox 905 4726 2317 4855">
     <span class='ocr_line' id='line_1_91' title="bbox 905 4726 2317 4792; baseline 0.003 -14"><span class='ocrx_word' id='word_1_680' title='bbox 905 4729 949 4758; x_wconf 82' lang='grc'><strong>⁹¹</strong></span> <span class='ocrx_word' id='word_1_681' title='bbox 980 4726 995 4778; x_wconf 96' lang='grc' dir='ltr'><strong>Ι</strong></span> <span class='ocrx_word' id='word_1_682' title='bbox 1027 4727 1148 4781; x_wconf 85' lang='lat' dir='ltr'><strong>Cor.</strong></span> <span class='ocrx_word' id='word_1_683' title='bbox 1190 4742 1267 4787; x_wconf 90' lang='grc' dir='ltr'>ιιι,</span> <span class='ocrx_word' id='word_1_684' title='bbox 1306 4728 1353 4780; x_wconf 89' lang='grc'>7.</span> <span class='ocrx_word' id='word_1_685' title='bbox 1428 4729 1473 4760; x_wconf 76' lang='grc'><em>³³</em></span> <span class='ocrx_word' id='word_1_686' title='bbox 1498 4729 1651 4783; x_wconf 82' lang='lat' dir='ltr'><strong>Prov.</strong></span> <span class='ocrx_word' id='word_1_687' title='bbox 1696 4747 1805 4792; x_wconf 78' lang='grc' dir='ltr'>χχι,</span> <span class='ocrx_word' id='word_1_688' title='bbox 1855 4733 1900 4783; x_wconf 91' lang='grc'><strong>1.</strong></span> <span class='ocrx_word' id='word_1_689' title='bbox 1978 4732 2022 4762; x_wconf 79' lang='grc'><strong>⁹⁶</strong></span> <span class='ocrx_word' id='word_1_690' title='bbox 2064 4731 2077 4783; x_wconf 93' lang='grc' dir='ltr'><strong>Ι</strong></span> <span class='ocrx_word' id='word_1_691' title='bbox 2131 4729 2252 4783; x_wconf 90' lang='lat' dir='ltr'><strong>Cor.</strong></span> <span class='ocrx_word' id='word_1_692' title='bbox 2315 4745 2317 4750; x_wconf 86' lang='lat'>‘</span> 
     </span>
     <span class='ocr_line' id='line_1_92' title="bbox 905 4799 2317 4855; baseline 0.001 -4"><span class='ocrx_word' id='word_1_693' title='bbox 905 4815 1008 4855; x_wconf 82' lang='lat' dir='ltr'><strong>tux.</strong></span> <span class='ocrx_word' id='word_1_694' title='bbox 1051 4800 1140 4853; x_wconf 95' lang='lat'><strong>25.</strong></span> <span class='ocrx_word' id='word_1_695' title='bbox 1215 4799 1260 4833; x_wconf 78' lang='grc'><strong>⁸⁸</strong></span> <span class='ocrx_word' id='word_1_696' title='bbox 1297 4800 1462 4853; x_wconf 78' lang='lat' dir='ltr'><strong>Exod.</strong></span> <span class='ocrx_word' id='word_1_697' title='bbox 1510 4816 1598 4855; x_wconf 78' lang='lat' dir='ltr'><strong>xv.</strong></span> <span class='ocrx_word' id='word_1_698' title='bbox 1647 4803 1696 4854; x_wconf 86' lang='grc'><strong>1.</strong></span> <span class='ocrx_word' id='word_1_699' title='bbox 1771 4801 2051 4855; x_wconf 70' lang='lat' dir='ltr'><strong>“lVl’tea.</strong></span> <span class='ocrx_word' id='word_1_700' title='bbox 2091 4817 2202 4855; x_wconf 72' lang='grc' dir='ltr'>χιχ.</span> <span class='ocrx_word' id='word_1_701' title='bbox 2253 4800 2317 4854; x_wconf 79' lang='lat'><strong>55</strong></span> 
     </span>
    </p>
   </div>
   <div class='ocr_carea' id='block_1_92' title="bbox 1894 4817 2340 4871">
    <p class='ocr_par' dir='ltr' id='par_1_92' title="bbox 1894 4817 2340 4871">
     <span class='ocr_line' id='line_1_93' title="bbox 1894 4817 2340 4871; baseline 0 -19"><span class='ocrx_word' id='word_1_702' title='bbox 1894 4817 2051 4871; x_wconf 71' lang='lat' dir='ltr'><strong>‘t&#39;teg.</strong></span> <span class='ocrx_word' id='word_1_703' title='bbox 2091 4817 2202 4863; x_wconf 75' lang='grc' dir='ltr'>χιχ,</span> <span class='ocrx_word' id='word_1_704' title='bbox 2253 4817 2340 4854; x_wconf 76' lang='lat' dir='ltr'><strong>eo.</strong></span> 
     </span>
    </p>
   </div>
   <div class='ocr_carea' id='block_1_93' title="bbox 2009 4380 3503 4448">
    <p class='ocr_par' dir='ltr' id='par_1_93' title="bbox 2009 4380 3503 4448">
     <span class='ocr_line' id='line_1_94' title="bbox 2009 4380 3503 4448; baseline -0.002 -8"><span class='ocrx_word' id='word_1_705' title='bbox 2009 4387 2094 4440; x_wconf 76' lang='lat'><strong>10.</strong></span> <span class='ocrx_word' id='word_1_706' title='bbox 2131 4386 2290 4440; x_wconf 76' lang='lat' dir='ltr'><strong>Vens.</strong></span> <span class='ocrx_word' id='word_1_707' title='bbox 2325 4384 2410 4439; x_wconf 83' lang='grc'>18.</span> <span class='ocrx_word' id='word_1_708' title='bbox 2443 4382 2579 4440; x_wconf 82' lang='lat' dir='ltr'><strong>Ecce</strong></span> <span class='ocrx_word' id='word_1_709' title='bbox 2613 4383 2750 4438; x_wconf 84' lang='lat' dir='ltr'><strong>oculi</strong></span> <span class='ocrx_word' id='word_1_710' title='bbox 2801 4380 3012 4434; x_wconf 78' lang='lat' dir='ltr'><strong>Domini</strong></span> <span class='ocrx_word' id='word_1_711' title='bbox 3043 4399 3197 4448; x_wconf 81' lang='lat' dir='ltr'><strong>super</strong></span> <span class='ocrx_word' id='word_1_712' title='bbox 3227 4394 3503 4438; x_wconf 81' lang='lat' dir='ltr'><strong>metuentes</strong></span> 
     </span>
    </p>
   </div>
   <div class='ocr_carea' id='block_1_94' title="bbox 1937 4474 3503 4547">
    <p class='ocr_par' dir='ltr' id='par_1_94' title="bbox 1937 4474 3503 4547">
     <span class='ocr_line' id='line_1_95' title="bbox 1937 4474 3503 4547; baseline -0.003 -14"><span class='ocrx_word' id='word_1_713' title='bbox 1937 4496 2074 4533; x_wconf 85' lang='lat' dir='ltr'><strong>eum.</strong></span> <span class='ocrx_word' id='word_1_714' title='bbox 2147 4478 2285 4532; x_wconf 84' lang='lat' dir='ltr'><strong>Alibi</strong></span> <span class='ocrx_word' id='word_1_715' title='bbox 2330 4479 2547 4547; x_wconf 88' lang='lat' dir='ltr'><strong>quidem</strong></span> <span class='ocrx_word' id='word_1_716' title='bbox 2609 4477 2810 4528; x_wconf 89' lang='lat' dir='ltr'><strong>dictum</strong></span> <span class='ocrx_word' id='word_1_717' title='bbox 2866 4485 2949 4529; x_wconf 88' lang='lat' dir='ltr'><strong>est</strong></span> <span class='ocrx_word' id='word_1_718' title='bbox 3007 4492 3020 4528; x_wconf 72' lang='grc' dir='ltr'>ε</span> <span class='ocrx_word' id='word_1_719' title='bbox 3084 4474 3235 4527; x_wconf 86' lang='lat' dir='ltr'><strong>Oculi</strong></span> <span class='ocrx_word' id='word_1_720' title='bbox 3290 4475 3503 4530; x_wconf 84' lang='lat' dir='ltr'><strong>Domini</strong></span> 
     </span>
    </p>
   </div>
   <div class='ocr_carea' id='block_1_95' title="bbox 1936 4567 3502 4642">
    <p class='ocr_par' dir='ltr' id='par_1_95' title="bbox 1936 4567 3502 4642">
     <span class='ocr_line' id='line_1_96' title="bbox 1936 4567 3502 4642; baseline 0.001 -22"><span class='ocrx_word' id='word_1_721' title='bbox 1936 4589 2091 4642; x_wconf 70' lang='lat' dir='ltr'><strong>super</strong></span> <span class='ocrx_word' id='word_1_722' title='bbox 2114 4573 2292 4638; x_wconf 84' lang='lat' dir='ltr'><strong>justas</strong></span> <span class='ocrx_word' id='word_1_723' title='bbox 2326 4570 2378 4634; x_wconf 83' lang='grc'><strong>³;</strong></span> <span class='ocrx_word' id='word_1_724' title='bbox 2425 4571 2512 4623; x_wconf 83' lang='lat' dir='ltr'><strong>ltic</strong></span> <span class='ocrx_word' id='word_1_725' title='bbox 2553 4583 2701 4630; x_wconf 89' lang='lat' dir='ltr'><strong>vero,</strong></span> <span class='ocrx_word' id='word_1_726' title='bbox 2724 4583 2878 4635; x_wconf 75' lang='lat' dir='ltr'><strong>super</strong></span> <span class='ocrx_word' id='word_1_727' title='bbox 2911 4576 3190 4620; x_wconf 81' lang='lat' dir='ltr'><strong>metuentes</strong></span> <span class='ocrx_word' id='word_1_728' title='bbox 3224 4583 3362 4623; x_wconf 88' lang='lat' dir='ltr'><strong>eum.</strong></span> <span class='ocrx_word' id='word_1_729' title='bbox 3402 4567 3502 4623; x_wconf 86' lang='lat' dir='ltr'><strong>Ubi</strong></span> 
     </span>
    </p>
   </div>
   <div class='ocr_carea' id='block_1_96' title="bbox 1978 4723 3499 4789">
    <p class='ocr_par' dir='ltr' id='par_1_96' title="bbox 1978 4723 3499 4789">
     <span class='ocr_line' id='line_1_97' title="bbox 1978 4723 3499 4789; baseline -0.007 -5"><span class='ocrx_word' id='word_1_730' title='bbox 1978 4732 2022 4762; x_wconf 81' lang='grc'><strong>⁹⁶</strong></span> <span class='ocrx_word' id='word_1_731' title='bbox 2064 4731 2077 4783; x_wconf 93' lang='grc' dir='ltr'><strong>Ι</strong></span> <span class='ocrx_word' id='word_1_732' title='bbox 2131 4729 2252 4783; x_wconf 90' lang='lat' dir='ltr'><strong>Cor.</strong></span> <span class='ocrx_word' id='word_1_733' title='bbox 2315 4744 2352 4789; x_wconf 86' lang='grc' dir='ltr'>ι,</span> <span class='ocrx_word' id='word_1_734' title='bbox 2392 4728 2480 4781; x_wconf 87' lang='lat'><strong>27.</strong></span> <span class='ocrx_word' id='word_1_735' title='bbox 2558 4728 2602 4758; x_wconf 81' lang='lat'>&quot;</span> <span class='ocrx_word' id='word_1_736' title='bbox 2629 4723 2770 4778; x_wconf 84' lang='lat' dir='ltr'><strong>Psal.</strong></span> <span class='ocrx_word' id='word_1_737' title='bbox 2807 4737 2924 4784; x_wconf 87' lang='lat' dir='ltr'><strong>vm,</strong></span> <span class='ocrx_word' id='word_1_738' title='bbox 2963 4723 3016 4779; x_wconf 87' lang='lat'><strong>5.</strong></span> <span class='ocrx_word' id='word_1_739' title='bbox 3094 4725 3141 4755; x_wconf 81' lang='grc'><strong>⁹⁶¹</strong></span> <span class='ocrx_word' id='word_1_740' title='bbox 3170 4727 3340 4778; x_wconf 72' lang='lat' dir='ltr'><strong>Exod.</strong></span> <span class='ocrx_word' id='word_1_741' title='bbox 3390 4741 3499 4787; x_wconf 74' lang='lat' dir='ltr'><strong>xw,</strong></span> 
     </span>
    </p>
   </div>
   <div class='ocr_carea' id='block_1_97' title="bbox 2423 4794 3499 4860">
    <p class='ocr_par' dir='ltr' id='par_1_97' title="bbox 2423 4794 3499 4860">
     <span class='ocr_line' id='line_1_98' title="bbox 2423 4794 3499 4860; baseline -0.002 -8"><span class='ocrx_word' id='word_1_742' title='bbox 2423 4802 2436 4829; x_wconf 84' lang='grc'>¹</span> <span class='ocrx_word' id='word_1_743' title='bbox 2470 4801 2622 4852; x_wconf 90' lang='lat' dir='ltr'><strong>Deut.</strong></span> <span class='ocrx_word' id='word_1_744' title='bbox 2665 4811 2794 4860; x_wconf 80' lang='lat' dir='ltr'><strong>xm,</strong></span> <span class='ocrx_word' id='word_1_745' title='bbox 2842 4796 2926 4848; x_wconf 83' lang='grc'>16.</span> <span class='ocrx_word' id='word_1_746' title='bbox 2997 4797 3016 4824; x_wconf 81' lang='grc'>²</span> <span class='ocrx_word' id='word_1_747' title='bbox 3055 4794 3096 4848; x_wconf 90' lang='lat' dir='ltr'><strong>ll</strong></span> <span class='ocrx_word' id='word_1_748' title='bbox 3123 4795 3247 4849; x_wconf 75' lang='lat' dir='ltr'><strong>Cor.</strong></span> <span class='ocrx_word' id='word_1_749' title='bbox 3281 4810 3377 4858; x_wconf 83' lang='grc' dir='ltr'>χιι,</span> <span class='ocrx_word' id='word_1_750' title='bbox 3414 4795 3499 4850; x_wconf 88' lang='grc'>10.</span> 
     </span>
    </p>
   </div>
   <div class='ocr_carea' id='block_1_98' title="bbox 346 4957 3181 5030">
    <p class='ocr_par' dir='ltr' id='par_1_98' title="bbox 346 4957 3181 5030">
     <span class='ocr_line' id='line_1_99' title="bbox 346 4957 3181 5030; baseline -0.002 -17"><span class='ocrx_word' id='word_1_751' title='bbox 346 4960 457 5029; x_wconf 84' lang='lat'><strong>(58)</strong></span> <span class='ocrx_word' id='word_1_752' title='bbox 503 4958 599 5012; x_wconf 90' lang='lat' dir='ltr'><strong>Ubi</strong></span> <span class='ocrx_word' id='word_1_753' title='bbox 648 4959 841 5030; x_wconf 78' lang='lat' dir='ltr'><strong>legitur</strong></span> <span class='ocrx_word' id='word_1_754' title='bbox 875 4961 924 5012; x_wconf 93' lang='lat' dir='ltr'><strong>in</strong></span> <span class='ocrx_word' id='word_1_755' title='bbox 970 4959 1203 5014; x_wconf 89' lang='lat' dir='ltr'><strong>editione</strong></span> <span class='ocrx_word' id='word_1_756' title='bbox 1234 4958 1402 5011; x_wconf 87' lang='lat' dir='ltr'><strong>Paris.</strong></span> <span class='ocrx_word' id='word_1_757' title='bbox 1440 4968 1501 5030; x_wconf 84' lang='lat' dir='ltr'><strong>et</strong></span> <span class='ocrx_word' id='word_1_758' title='bbox 1542 4959 1592 5013; x_wconf 93' lang='lat' dir='ltr'><strong>in</strong></span> <span class='ocrx_word' id='word_1_759' title='bbox 1646 4960 1825 5014; x_wconf 87' lang='lat' dir='ltr'><strong>multis</strong></span> <span class='ocrx_word' id='word_1_760' title='bbox 1856 4963 1899 5016; x_wconf 94' lang='lat' dir='ltr'><strong>D</strong></span> <span class='ocrx_word' id='word_1_761' title='bbox 1931 4959 2231 5030; x_wconf 12' lang='lat' dir='ltr'><strong>timeivero.</strong></span> <span class='ocrx_word' id='word_1_762' title='bbox 2259 4957 2302 5030; x_wconf 81' lang='lat' dir='ltr'><strong>si</strong></span> <span class='ocrx_word' id='word_1_763' title='bbox 2335 4957 2558 5030; x_wconf 76' lang='lat' dir='ltr'><strong>scribas,</strong></span> <span class='ocrx_word' id='word_1_764' title='bbox 2586 4958 2820 5026; x_wconf 79' lang='lat' dir='ltr'><strong>perfecit,</strong></span> <span class='ocrx_word' id='word_1_765' title='bbox 2845 4966 2903 5030; x_wconf 82' lang='lat' dir='ltr'><strong>ut</strong></span> <span class='ocrx_word' id='word_1_766' title='bbox 2931 4959 3181 5015; x_wconf 77' lang='lat' dir='ltr'><strong>destruat,</strong></span> 
     </span>
    </p>
   </div>
   <div class='ocr_carea' id='block_1_99' title="bbox 268 5029 1824 5100">
    <p class='ocr_par' dir='ltr' id='par_1_99' title="bbox 268 5029 1824 5100">
     <span class='ocr_line' id='line_1_100' title="bbox 268 5029 1824 5100; baseline 0 -16"><span class='ocrx_word' id='word_1_767' title='bbox 268 5047 401 5085; x_wconf 74' lang='lat' dir='ltr'><strong>mss.</strong></span> <span class='ocrx_word' id='word_1_768' title='bbox 444 5031 774 5100; x_wconf 84' lang='grc' dir='ltr'>κατηρτίσω,</span> <span class='ocrx_word' id='word_1_769' title='bbox 807 5030 1084 5097; x_wconf 79' lang='lat' dir='ltr'><strong>perfecisti,</strong></span> <span class='ocrx_word' id='word_1_770' title='bbox 1140 5030 1395 5095; x_wconf 85' lang='lat' dir='ltr'><strong>scriptum</strong></span> <span class='ocrx_word' id='word_1_771' title='bbox 1438 5029 1736 5100; x_wconf 83' lang='lat' dir='ltr'><strong>invenimus</strong></span> <span class='ocrx_word' id='word_1_772' title='bbox 1772 5031 1824 5084; x_wconf 91' lang='lat' dir='ltr'><strong>in</strong></span> 
     </span>
    </p>
   </div>
   <div class='ocr_carea' id='block_1_100' title="bbox 269 5098 1826 5170">
    <p class='ocr_par' dir='ltr' id='par_1_100' title="bbox 269 5098 1826 5170">
     <span class='ocr_line' id='line_1_101' title="bbox 269 5098 1826 5170; baseline -0.001 -16"><span class='ocrx_word' id='word_1_773' title='bbox 269 5102 403 5170; x_wconf 76' lang='lat' dir='ltr'><strong>Reg.</strong></span> <span class='ocrx_word' id='word_1_774' title='bbox 431 5098 619 5169; x_wconf 83' lang='lat' dir='ltr'><strong>quarto</strong></span> <span class='ocrx_word' id='word_1_775' title='bbox 653 5113 705 5153; x_wconf 92' lang='lat' dir='ltr'><strong>et</strong></span> <span class='ocrx_word' id='word_1_776' title='bbox 745 5103 795 5152; x_wconf 91' lang='lat' dir='ltr'><strong>in</strong></span> <span class='ocrx_word' id='word_1_777' title='bbox 830 5101 979 5154; x_wconf 78' lang='lat' dir='ltr'><strong>C0“).</strong></span> <span class='ocrx_word' id='word_1_778' title='bbox 1016 5101 1201 5169; x_wconf 90' lang='lat' dir='ltr'><strong>quinto</strong></span> <span class='ocrx_word' id='word_1_779' title='bbox 1239 5098 1619 5168; x_wconf 85' lang='grc' dir='ltr'>κατηρτίσατο,</span> <span class='ocrx_word' id='word_1_780' title='bbox 1660 5101 1826 5168; x_wconf 76' lang='lat' dir='ltr'><strong>perfe-</strong></span> 
     </span>
    </p>
   </div>
   <div class='ocr_carea' id='block_1_101' title="bbox 266 5171 1822 5236">
    <p class='ocr_par' dir='ltr' id='par_1_101' title="bbox 266 5171 1822 5236">
     <span class='ocr_line' id='line_1_102' title="bbox 266 5171 1822 5236; baseline -0.002 -12"><span class='ocrx_word' id='word_1_781' title='bbox 266 5173 362 5234; x_wconf 88' lang='lat' dir='ltr'><strong>cit,</strong></span> <span class='ocrx_word' id='word_1_782' title='bbox 396 5182 447 5224; x_wconf 92' lang='lat' dir='ltr'><strong>et</strong></span> <span class='ocrx_word' id='word_1_783' title='bbox 488 5173 556 5222; x_wconf 85' lang='lat' dir='ltr'><strong>ita</strong></span> <span class='ocrx_word' id='word_1_784' title='bbox 612 5171 888 5236; x_wconf 82' lang='lat' dir='ltr'><strong>legendum</strong></span> <span class='ocrx_word' id='word_1_785' title='bbox 920 5186 1037 5224; x_wconf 89' lang='lat' dir='ltr'><strong>esse</strong></span> <span class='ocrx_word' id='word_1_786' title='bbox 1098 5171 1442 5222; x_wconf 82' lang='lat' dir='ltr'><strong>arbitrantur.</strong></span> <span class='ocrx_word' id='word_1_787' title='bbox 1490 5171 1623 5223; x_wconf 81' lang='lat' dir='ltr'><strong>Cum</strong></span> <span class='ocrx_word' id='word_1_788' title='bbox 1679 5173 1822 5221; x_wconf 83' lang='lat' dir='ltr'><strong>enim</strong></span> 
     </span>
    </p>
   </div>
   <div class='ocr_carea' id='block_1_102' title="bbox 267 5238 1823 5309">
    <p class='ocr_par' dir='ltr' id='par_1_102' title="bbox 267 5238 1823 5309">
     <span class='ocr_line' id='line_1_103' title="bbox 267 5238 1823 5309; baseline -0.003 -14"><span class='ocrx_word' id='word_1_789' title='bbox 267 5253 394 5295; x_wconf 84' lang='lat' dir='ltr'><strong>ante</strong></span> <span class='ocrx_word' id='word_1_790' title='bbox 422 5241 671 5306; x_wconf 88' lang='lat' dir='ltr'><strong>scriptum</strong></span> <span class='ocrx_word' id='word_1_791' title='bbox 701 5241 787 5301; x_wconf 73' lang='lat' dir='ltr'><strong>sit,</strong></span> <span class='ocrx_word' id='word_1_792' title='bbox 822 5240 901 5292; x_wconf 79' lang='grc' dir='ltr'><strong>Τὰ</strong></span> <span class='ocrx_word' id='word_1_793' title='bbox 941 5240 1140 5309; x_wconf 84' lang='grc' dir='ltr'>ἁσΘενῆ</span> <span class='ocrx_word' id='word_1_794' title='bbox 1186 5238 1289 5309; x_wconf 3' lang='grc' dir='ltr'>τοῦ,</span> <span class='ocrx_word' id='word_1_795' title='bbox 1310 5239 1515 5309; x_wconf 78' lang='grc' dir='ltr'>κόσμου</span> <span class='ocrx_word' id='word_1_796' title='bbox 1546 5239 1823 5302; x_wconf 77' lang='grc' dir='ltr'>ἐξελέξατο</span> 
     </span>
    </p>
   </div>
   <div class='ocr_carea' id='block_1_103' title="bbox 265 5308 1821 5381">
    <p class='ocr_par' dir='ltr' id='par_1_103' title="bbox 265 5308 1821 5381">
     <span class='ocr_line' id='line_1_104' title="bbox 265 5308 1821 5381; baseline -0.002 -17"><span class='ocrx_word' id='word_1_797' title='bbox 265 5315 296 5364; x_wconf 87' lang='lat'><strong>6</strong></span> <span class='ocrx_word' id='word_1_798' title='bbox 345 5311 494 5373; x_wconf 69' lang='grc' dir='ltr'>Θεὸς,</span> <span class='ocrx_word' id='word_1_799' title='bbox 531 5310 615 5362; x_wconf 88' lang='grc' dir='ltr'><strong>ἵνα</strong></span> <span class='ocrx_word' id='word_1_800' title='bbox 648 5310 979 5381; x_wconf 81' lang='grc' dir='ltr'>καταισχύνῃ</span> <span class='ocrx_word' id='word_1_801' title='bbox 1011 5311 1077 5363; x_wconf 74' lang='grc' dir='ltr'>τὰ</span> <span class='ocrx_word' id='word_1_802' title='bbox 1108 5308 1319 5381; x_wconf 81' lang='grc' dir='ltr'>ἰσχυρά,</span> <span class='ocrx_word' id='word_1_803' title='bbox 1349 5308 1593 5381; x_wconf 0' lang='lat' dir='ltr'><strong>plu/imm</strong></span> <span class='ocrx_word' id='word_1_804' title='bbox 1634 5311 1821 5381; x_wconf 72' lang='lat' dir='ltr'><strong>muniti</strong></span> 
     </span>
    </p>
   </div>
   <div class='ocr_carea' id='block_1_104' title="bbox 267 5379 1819 5448">
    <p class='ocr_par' dir='ltr' id='par_1_104' title="bbox 267 5379 1819 5448">
     <span class='ocr_line' id='line_1_105' title="bbox 267 5379 1819 5448; baseline -0.002 -15"><span class='ocrx_word' id='word_1_805' title='bbox 267 5382 417 5448; x_wconf 84' lang='lat' dir='ltr'><strong>elegit</strong></span> <span class='ocrx_word' id='word_1_806' title='bbox 447 5382 602 5442; x_wconf 84' lang='lat' dir='ltr'><strong>Deus,</strong></span> <span class='ocrx_word' id='word_1_807' title='bbox 637 5391 689 5431; x_wconf 92' lang='lat' dir='ltr'><strong>ut</strong></span> <span class='ocrx_word' id='word_1_808' title='bbox 718 5379 996 5447; x_wconf 66' lang='lat' dir='ltr'><strong>confundat</strong></span> <span class='ocrx_word' id='word_1_809' title='bbox 1029 5379 1208 5446; x_wconf 76' lang='lat' dir='ltr'><strong>fortia,</strong></span> <span class='ocrx_word' id='word_1_810' title='bbox 1251 5380 1537 5433; x_wconf 87' lang='lat' dir='ltr'><strong>verisimile</strong></span> <span class='ocrx_word' id='word_1_811' title='bbox 1561 5379 1710 5433; x_wconf 85' lang='lat' dir='ltr'><strong>nobis</strong></span> <span class='ocrx_word' id='word_1_812' title='bbox 1745 5379 1819 5442; x_wconf 87' lang='lat' dir='ltr'><strong>lit,</strong></span> 
     </span>
    </p>
   </div>
   <div class='ocr_carea' id='block_1_105' title="bbox 268 5448 1819 5521">
    <p class='ocr_par' dir='ltr' id='par_1_105' title="bbox 268 5448 1819 5521">
     <span class='ocr_line' id='line_1_106' title="bbox 268 5448 1819 5521; baseline -0.003 -18"><span class='ocrx_word' id='word_1_813' title='bbox 268 5451 355 5503; x_wconf 86' lang='lat' dir='ltr'><strong>hic</strong></span> <span class='ocrx_word' id='word_1_814' title='bbox 388 5452 486 5516; x_wconf 71' lang='lat' dir='ltr'><strong>legi</strong></span> <span class='ocrx_word' id='word_1_815' title='bbox 526 5451 721 5504; x_wconf 81' lang='lat' dir='ltr'><strong>debere</strong></span> <span class='ocrx_word' id='word_1_816' title='bbox 752 5450 1133 5521; x_wconf 83' lang='grc' dir='ltr'>κατηρτίσατο,</span> <span class='ocrx_word' id='word_1_817' title='bbox 1161 5452 1246 5503; x_wconf 82' lang='grc' dir='ltr'>ἵνα</span> <span class='ocrx_word' id='word_1_818' title='bbox 1269 5448 1562 5521; x_wconf 75' lang='grc' dir='ltr'>καταλύσῃ,</span> <span class='ocrx_word' id='word_1_819' title='bbox 1585 5449 1819 5521; x_wconf 74' lang='lat' dir='ltr'><strong>perfecit,</strong></span> 
     </span>
    </p>
   </div>
   <div class='ocr_carea' id='block_1_106' title="bbox 267 5519 1822 5589">
    <p class='ocr_par' dir='ltr' id='par_1_106' title="bbox 267 5519 1822 5589">
     <span class='ocr_line' id='line_1_107' title="bbox 267 5519 1822 5589; baseline 0.001 -17"><span class='ocrx_word' id='word_1_820' title='bbox 267 5531 322 5572; x_wconf 87' lang='lat' dir='ltr'><strong>ut</strong></span> <span class='ocrx_word' id='word_1_821' title='bbox 352 5521 605 5581; x_wconf 83' lang='lat' dir='ltr'><strong>destruat,</strong></span> <span class='ocrx_word' id='word_1_822' title='bbox 664 5530 767 5572; x_wconf 89' lang='lat' dir='ltr'><strong>etc.</strong></span> <span class='ocrx_word' id='word_1_823' title='bbox 814 5519 942 5573; x_wconf 73' lang='lat' dir='ltr'><strong>Nam</strong></span> <span class='ocrx_word' id='word_1_824' title='bbox 980 5524 1076 5575; x_wconf 84' lang='lat' dir='ltr'><strong>IIOC</strong></span> <span class='ocrx_word' id='word_1_825' title='bbox 1113 5532 1268 5589; x_wconf 89' lang='lat' dir='ltr'><strong>pacto</strong></span> <span class='ocrx_word' id='word_1_826' title='bbox 1324 5519 1506 5572; x_wconf 83' lang='lat' dir='ltr'><strong>melius</strong></span> <span class='ocrx_word' id='word_1_827' title='bbox 1533 5519 1822 5573; x_wconf 57' lang='lat' dir='ltr'><strong>cohaerebit</strong></span> 
     </span>
    </p>
   </div>
   <div class='ocr_carea' id='block_1_107' title="bbox 267 5590 1815 5657">
    <p class='ocr_par' dir='ltr' id='par_1_107' title="bbox 267 5590 1815 5657">
     <span class='ocr_line' id='line_1_108' title="bbox 267 5590 1815 5657; baseline -0.001 -15"><span class='ocrx_word' id='word_1_828' title='bbox 267 5593 459 5642; x_wconf 87' lang='lat' dir='ltr'><strong>oratio.</strong></span> <span class='ocrx_word' id='word_1_829' title='bbox 495 5590 644 5654; x_wconf 78' lang='lat' dir='ltr'><strong>Quod</strong></span> <span class='ocrx_word' id='word_1_830' title='bbox 682 5590 726 5642; x_wconf 89' lang='lat' dir='ltr'><strong>si</strong></span> <span class='ocrx_word' id='word_1_831' title='bbox 783 5591 1040 5657; x_wconf 87' lang='lat' dir='ltr'><strong>ejusmodi</strong></span> <span class='ocrx_word' id='word_1_832' title='bbox 1088 5592 1223 5644; x_wconf 85' lang='lat' dir='ltr'><strong>ratio</strong></span> <span class='ocrx_word' id='word_1_833' title='bbox 1284 5592 1449 5644; x_wconf 88' lang='lat' dir='ltr'><strong>levior</strong></span> <span class='ocrx_word' id='word_1_834' title='bbox 1506 5591 1815 5642; x_wconf 87' lang='lat' dir='ltr'><strong>videbitur:</strong></span> 
     </span>
    </p>
   </div>
   <div class='ocr_carea' id='block_1_108' title="bbox 266 5660 1822 5727">
    <p class='ocr_par' dir='ltr' id='par_1_108' title="bbox 266 5660 1822 5727">
     <span class='ocr_line' id='line_1_109' title="bbox 266 5660 1822 5727; baseline -0.001 -14"><span class='ocrx_word' id='word_1_835' title='bbox 266 5661 394 5714; x_wconf 87' lang='lat' dir='ltr'><strong>illud</strong></span> <span class='ocrx_word' id='word_1_836' title='bbox 428 5662 661 5727; x_wconf 84' lang='lat' dir='ltr'><strong>gravius,</strong></span> <span class='ocrx_word' id='word_1_837' title='bbox 700 5663 839 5727; x_wconf 88' lang='lat' dir='ltr'><strong>quod</strong></span> <span class='ocrx_word' id='word_1_838' title='bbox 888 5662 1049 5715; x_wconf 89' lang='lat' dir='ltr'><strong>editio</strong></span> <span class='ocrx_word' id='word_1_839' title='bbox 1077 5671 1130 5716; x_wconf 91' lang='lat' dir='ltr'><strong>et</strong></span> <span class='ocrx_word' id='word_1_840' title='bbox 1178 5660 1343 5714; x_wconf 71' lang='lat' dir='ltr'><strong>Basil.</strong></span> <span class='ocrx_word' id='word_1_841' title='bbox 1380 5672 1433 5713; x_wconf 87' lang='lat' dir='ltr'><strong>et</strong></span> <span class='ocrx_word' id='word_1_842' title='bbox 1464 5674 1649 5712; x_wconf 89' lang='lat' dir='ltr'><strong>omnes</strong></span> <span class='ocrx_word' id='word_1_843' title='bbox 1696 5675 1822 5712; x_wconf 90' lang='lat' dir='ltr'><strong>mss.</strong></span> 
     </span>
    </p>
   </div>
   <div class='ocr_carea' id='block_1_109' title="bbox 267 5729 1822 5801">
    <p class='ocr_par' dir='ltr' id='par_1_109' title="bbox 267 5729 1822 5801">
     <span class='ocr_line' id='line_1_110' title="bbox 267 5729 1822 5801; baseline 0.001 -20"><span class='ocrx_word' id='word_1_844' title='bbox 267 5729 553 5798; x_wconf 60' lang='lat' dir='ltr'><strong>praeferant</strong></span> <span class='ocrx_word' id='word_1_845' title='bbox 592 5731 864 5801; x_wconf 80' lang='grc' dir='ltr'>καταλύσῃ</span> <span class='ocrx_word' id='word_1_846' title='bbox 889 5773 902 5793; x_wconf 96' lang='grc'><strong>,</strong></span> <span class='ocrx_word' id='word_1_847' title='bbox 939 5733 1190 5793; x_wconf 81' lang='lat' dir='ltr'><strong>destruat,</strong></span> <span class='ocrx_word' id='word_1_848' title='bbox 1220 5734 1292 5784; x_wconf 88' lang='lat' dir='ltr'><strong>uti</strong></span> <span class='ocrx_word' id='word_1_849' title='bbox 1322 5744 1598 5798; x_wconf 84' lang='lat' dir='ltr'><strong>perperam</strong></span> <span class='ocrx_word' id='word_1_850' title='bbox 1623 5731 1822 5801; x_wconf 70' lang='lat' dir='ltr'><strong>editum</strong></span> 
     </span>
    </p>
   </div>
   <div class='ocr_carea' id='block_1_110' title="bbox 273 5798 1821 5870">
    <p class='ocr_par' dir='ltr' id='par_1_110' title="bbox 273 5798 1821 5870">
     <span class='ocr_line' id='line_1_111' title="bbox 273 5798 1821 5870; baseline -0.002 -16"><span class='ocrx_word' id='word_1_851' title='bbox 273 5815 358 5854; x_wconf 78' lang='lat' dir='ltr'><strong>est</strong></span> <span class='ocrx_word' id='word_1_852' title='bbox 393 5804 443 5854; x_wconf 90' lang='lat' dir='ltr'><strong>in</strong></span> <span class='ocrx_word' id='word_1_853' title='bbox 474 5801 706 5853; x_wconf 74' lang='lat' dir='ltr'><strong>editwue</strong></span> <span class='ocrx_word' id='word_1_854' title='bbox 735 5798 1042 5854; x_wconf 70' lang='lat' dir='ltr'><strong>Parisiensi.</strong></span> <span class='ocrx_word' id='word_1_855' title='bbox 1074 5803 1177 5856; x_wconf 84' lang='lat' dir='ltr'><strong>Sed</strong></span> <span class='ocrx_word' id='word_1_856' title='bbox 1218 5803 1260 5854; x_wconf 86' lang='lat' dir='ltr'><strong>si</strong></span> <span class='ocrx_word' id='word_1_857' title='bbox 1307 5803 1496 5870; x_wconf 80' lang='lat' dir='ltr'><strong>legeris</strong></span> <span class='ocrx_word' id='word_1_858' title='bbox 1522 5798 1821 5870; x_wconf 84' lang='grc' dir='ltr'>καταλύσῃ,</span> 
     </span>
    </p>
   </div>
   <div class='ocr_carea' id='block_1_111' title="bbox 277 5869 1823 5940">
    <p class='ocr_par' dir='ltr' id='par_1_111' title="bbox 277 5869 1823 5940">
     <span class='ocr_line' id='line_1_112' title="bbox 277 5869 1823 5940; baseline 0.002 -18"><span class='ocrx_word' id='word_1_859' title='bbox 277 5871 422 5940; x_wconf 81' lang='lat' dir='ltr'><strong>legas</strong></span> <span class='ocrx_word' id='word_1_860' title='bbox 461 5871 819 5940; x_wconf 85' lang='grc' dir='ltr'>κατηρτίσατο</span> <span class='ocrx_word' id='word_1_861' title='bbox 848 5873 1000 5939; x_wconf 83' lang='lat' dir='ltr'><strong>plane</strong></span> <span class='ocrx_word' id='word_1_862' title='bbox 1031 5887 1243 5925; x_wconf 85' lang='lat' dir='ltr'><strong>necesse</strong></span> <span class='ocrx_word' id='word_1_863' title='bbox 1272 5881 1373 5926; x_wconf 88' lang='lat' dir='ltr'><strong>est.</strong></span> <span class='ocrx_word' id='word_1_864' title='bbox 1406 5869 1518 5924; x_wconf 76' lang='lat' dir='ltr'><strong>Non</strong></span> <span class='ocrx_word' id='word_1_865' title='bbox 1555 5870 1695 5923; x_wconf 90' lang='lat' dir='ltr'><strong>enim</strong></span> <span class='ocrx_word' id='word_1_866' title='bbox 1732 5869 1823 5924; x_wconf 87' lang='lat' dir='ltr'><strong>co-</strong></span> 
     </span>
    </p>
   </div>
   <div class='ocr_carea' id='block_1_112' title="bbox 283 5942 1819 6012">
    <p class='ocr_par' dir='ltr' id='par_1_112' title="bbox 283 5942 1819 6012">
     <span class='ocr_line' id='line_1_113' title="bbox 283 5942 1819 6012; baseline -0.002 -16"><span class='ocrx_word' id='word_1_867' title='bbox 283 5943 502 5997; x_wconf 70' lang='lat' dir='ltr'><strong>haerebit</strong></span> <span class='ocrx_word' id='word_1_868' title='bbox 522 5942 716 6008; x_wconf 85' lang='lat' dir='ltr'><strong>oratio,</strong></span> <span class='ocrx_word' id='word_1_869' title='bbox 750 5945 793 5996; x_wconf 88' lang='lat' dir='ltr'><strong>si</strong></span> <span class='ocrx_word' id='word_1_870' title='bbox 825 5945 990 6009; x_wconf 78' lang='lat' dir='ltr'><strong>tlte-as,</strong></span> <span class='ocrx_word' id='word_1_871' title='bbox 1027 5943 1310 6012; x_wconf 77' lang='lat' dir='ltr'><strong>pet-fecisti,</strong></span> <span class='ocrx_word' id='word_1_872' title='bbox 1331 5951 1384 5996; x_wconf 86' lang='lat' dir='ltr'><strong>ut</strong></span> <span class='ocrx_word' id='word_1_873' title='bbox 1417 5943 1646 5996; x_wconf 84' lang='lat' dir='ltr'><strong>destruat</strong></span> <span class='ocrx_word' id='word_1_874' title='bbox 1678 5953 1819 6009; x_wconf 85' lang='lat' dir='ltr'><strong>:op-</strong></span> 
     </span>
    </p>
   </div>
   <div class='ocr_carea' id='block_1_113' title="bbox 2003 5027 3496 5098">
    <p class='ocr_par' dir='ltr' id='par_1_113' title="bbox 2003 5027 3496 5098">
     <span class='ocr_line' id='line_1_114' title="bbox 2003 5027 3496 5098; baseline -0.001 -16"><span class='ocrx_word' id='word_1_875' title='bbox 2003 5029 2113 5098; x_wconf 82' lang='grc'><strong>(59)</strong></span> <span class='ocrx_word' id='word_1_876' title='bbox 2145 5027 2282 5080; x_wconf 80' lang='grc' dir='ltr'>ΕιΙίιί</span> <span class='ocrx_word' id='word_1_877' title='bbox 2343 5037 2396 5079; x_wconf 89' lang='lat' dir='ltr'><strong>et</strong></span> <span class='ocrx_word' id='word_1_878' title='bbox 2442 5027 2732 5098; x_wconf 86' lang='lat' dir='ltr'><strong>Colbertini</strong></span> <span class='ocrx_word' id='word_1_879' title='bbox 2789 5029 3077 5098; x_wconf 11' lang='lat' dir='ltr'><strong>tertiusget</strong></span> <span class='ocrx_word' id='word_1_880' title='bbox 3103 5035 3290 5081; x_wconf 72' lang='lat' dir='ltr'><strong>sextus</strong></span> <span class='ocrx_word' id='word_1_881' title='bbox 3327 5030 3496 5097; x_wconf 81' lang='grc' dir='ltr'>ἵππῳ.</span> 
     </span>
    </p>
   </div>
   <div class='ocr_carea' id='block_1_114' title="bbox 1930 5095 3504 5168">
    <p class='ocr_par' dir='ltr' id='par_1_114' title="bbox 1930 5095 3504 5168">
     <span class='ocr_line' id='line_1_115' title="bbox 1930 5095 3504 5168; baseline -0.001 -16"><span class='ocrx_word' id='word_1_882' title='bbox 1930 5100 2034 5152; x_wconf 84' lang='lat' dir='ltr'><strong>Alli</strong></span> <span class='ocrx_word' id='word_1_883' title='bbox 2058 5095 2292 5166; x_wconf 86' lang='lat' dir='ltr'><strong>quinque</strong></span> <span class='ocrx_word' id='word_1_884' title='bbox 2321 5111 2448 5149; x_wconf 81' lang='lat' dir='ltr'><strong>mss.</strong></span> <span class='ocrx_word' id='word_1_885' title='bbox 2484 5097 2704 5168; x_wconf 77' lang='grc' dir='ltr'>ἱππικῇ,</span> <span class='ocrx_word' id='word_1_886' title='bbox 2737 5100 2822 5152; x_wconf 90' lang='lat' dir='ltr'><strong>ubi</strong></span> <span class='ocrx_word' id='word_1_887' title='bbox 2851 5095 3081 5168; x_wconf 88' lang='lat' dir='ltr'><strong>suppleri</strong></span> <span class='ocrx_word' id='word_1_888' title='bbox 3110 5108 3323 5167; x_wconf 86' lang='lat' dir='ltr'><strong>Oportet</strong></span> <span class='ocrx_word' id='word_1_889' title='bbox 3350 5095 3504 5152; x_wconf 62' lang='grc' dir='ltr'>δυνὰ-</span> 
     </span>
    </p>
   </div>
   <div class='ocr_carea' id='block_1_115' title="bbox 1934 5167 3502 5240">
    <p class='ocr_par' dir='ltr' id='par_1_115' title="bbox 1934 5167 3502 5240">
     <span class='ocr_line' id='line_1_116' title="bbox 1934 5167 3502 5240; baseline 0.001 -20"><span class='ocrx_word' id='word_1_890' title='bbox 1934 5187 2042 5237; x_wconf 89' lang='grc' dir='ltr'>μει.</span> <span class='ocrx_word' id='word_1_891' title='bbox 2091 5171 2198 5221; x_wconf 84' lang='lat' dir='ltr'><strong>lloc</strong></span> <span class='ocrx_word' id='word_1_892' title='bbox 2242 5172 2353 5240; x_wconf 88' lang='lat' dir='ltr'><strong>ipso</strong></span> <span class='ocrx_word' id='word_1_893' title='bbox 2386 5167 2580 5240; x_wconf 85' lang='lat' dir='ltr'><strong>inloco</strong></span> <span class='ocrx_word' id='word_1_894' title='bbox 2631 5167 2824 5240; x_wconf 80' lang='lat' dir='ltr'><strong>legitur</strong></span> <span class='ocrx_word' id='word_1_895' title='bbox 2851 5167 2900 5219; x_wconf 90' lang='lat' dir='ltr'><strong>in</strong></span> <span class='ocrx_word' id='word_1_896' title='bbox 2945 5169 3212 5240; x_wconf 83' lang='lat' dir='ltr'><strong>aliquibus</strong></span> <span class='ocrx_word' id='word_1_897' title='bbox 3241 5171 3502 5240; x_wconf 17' lang='lat' dir='ltr'><strong>mssiaxé-</strong></span> 
     </span>
    </p>
   </div>
   <div class='ocr_carea' id='block_1_116' title="bbox 1931 5237 3498 5309">
    <p class='ocr_par' dir='ltr' id='par_1_116' title="bbox 1931 5237 3498 5309">
     <span class='ocr_line' id='line_1_117' title="bbox 1931 5237 3498 5309; baseline 0.002 -20"><span class='ocrx_word' id='word_1_898' title='bbox 1931 5256 2144 5309; x_wconf 76' lang='grc' dir='ltr'>χρηται.</span> <span class='ocrx_word' id='word_1_899' title='bbox 2196 5239 2432 5290; x_wconf 66' lang='lat' dir='ltr'><strong>Subinde</strong></span> <span class='ocrx_word' id='word_1_900' title='bbox 2482 5237 2704 5307; x_wconf 32' lang='lat' dir='ltr'><strong>septem‘</strong></span> <span class='ocrx_word' id='word_1_901' title='bbox 2722 5253 2851 5291; x_wconf 88' lang='lat' dir='ltr'><strong>mss.</strong></span> <span class='ocrx_word' id='word_1_902' title='bbox 2893 5237 3048 5309; x_wconf 84' lang='grc' dir='ltr'>μέγα</span> <span class='ocrx_word' id='word_1_903' title='bbox 3075 5241 3278 5309; x_wconf 82' lang='grc' dir='ltr'>φρονεῖ.</span> <span class='ocrx_word' id='word_1_904' title='bbox 3324 5239 3498 5294; x_wconf 82' lang='lat' dir='ltr'><strong>Editio</strong></span> 
     </span>
    </p>
   </div>
   <div class='ocr_carea' id='block_1_117' title="bbox 1929 5309 2545 5377">
    <p class='ocr_par' dir='ltr' id='par_1_117' title="bbox 1929 5309 2545 5377">
     <span class='ocr_line' id='line_1_118' title="bbox 1929 5309 2545 5377; baseline -0.005 -15"><span class='ocrx_word' id='word_1_905' title='bbox 1929 5310 1998 5362; x_wconf 75' lang='lat' dir='ltr'><strong>Pa</strong></span> <span class='ocrx_word' id='word_1_906' title='bbox 2010 5312 2098 5362; x_wconf 87' lang='lat' dir='ltr'><strong>ris.</strong></span> <span class='ocrx_word' id='word_1_907' title='bbox 2135 5309 2545 5377; x_wconf 81' lang='grc' dir='ltr'>μεγαλοφρονεῖ.</span> 
     </span>
    </p>
   </div>
   <div class='ocr_carea' id='block_1_118' title="bbox 2001 5376 3496 5449">
    <p class='ocr_par' dir='ltr' id='par_1_118' title="bbox 2001 5376 3496 5449">
     <span class='ocr_line' id='line_1_119' title="bbox 2001 5376 3496 5449; baseline 0.003 -19"><span class='ocrx_word' id='word_1_908' title='bbox 2001 5378 2112 5446; x_wconf 66' lang='grc'><strong>(40)</strong></span> <span class='ocrx_word' id='word_1_909' title='bbox 2141 5376 2318 5449; x_wconf 60' lang='lat' dir='ltr'><strong>Etlttio</strong></span> <span class='ocrx_word' id='word_1_910' title='bbox 2355 5376 2521 5449; x_wconf 61' lang='lat' dir='ltr'><strong>Paris.</strong></span> <span class='ocrx_word' id='word_1_911' title='bbox 2557 5379 2679 5448; x_wconf 77' lang='grc' dir='ltr'>περὶ</span> <span class='ocrx_word' id='word_1_912' title='bbox 2696 5376 2800 5429; x_wconf 85' lang='grc' dir='ltr'><strong>τῶν</strong></span> <span class='ocrx_word' id='word_1_913' title='bbox 2834 5378 3119 5449; x_wconf 83' lang='grc' dir='ltr'>βασιλέων.</span> <span class='ocrx_word' id='word_1_914' title='bbox 3146 5379 3212 5433; x_wconf 83' lang='lat' dir='ltr'><strong>At</strong></span> <span class='ocrx_word' id='word_1_915' title='bbox 3243 5395 3368 5432; x_wconf 88' lang='lat' dir='ltr'><strong>mss.</strong></span> <span class='ocrx_word' id='word_1_916' title='bbox 3401 5393 3496 5434; x_wconf 83' lang='lat' dir='ltr'><strong>sex</strong></span> 
     </span>
    </p>
   </div>
   <div class='ocr_carea' id='block_1_119' title="bbox 1928 5447 3500 5520">
    <p class='ocr_par' dir='ltr' id='par_1_119' title="bbox 1928 5447 3500 5520">
     <span class='ocr_line' id='line_1_120' title="bbox 1928 5447 3500 5520; baseline 0.004 -20"><span class='ocrx_word' id='word_1_917' title='bbox 1928 5449 2053 5517; x_wconf 74' lang='grc' dir='ltr'>περὶ</span> <span class='ocrx_word' id='word_1_918' title='bbox 2089 5448 2373 5519; x_wconf 82' lang='grc' dir='ltr'>βασιλέων.</span> <span class='ocrx_word' id='word_1_919' title='bbox 2401 5447 2671 5520; x_wconf 23' lang='lat' dir='ltr'><strong>Aigreiest</strong></span> <span class='ocrx_word' id='word_1_920' title='bbox 2701 5447 3044 5513; x_wconf 73' lang='lat' dir='ltr'><strong>Cotnbelisio,</strong></span> <span class='ocrx_word' id='word_1_921' title='bbox 3070 5451 3207 5520; x_wconf 88' lang='lat' dir='ltr'><strong>quod</strong></span> <span class='ocrx_word' id='word_1_922' title='bbox 3227 5449 3500 5520; x_wconf 76' lang='lat' dir='ltr'><strong>interpres</strong></span> 
     </span>
    </p>
   </div>
   <div class='ocr_carea' id='block_1_120' title="bbox 1928 5517 3500 5582">
    <p class='ocr_par' dir='ltr' id='par_1_120' title="bbox 1928 5517 3500 5582">
     <span class='ocr_line' id='line_1_121' title="bbox 1928 5517 3500 5582; baseline 0 -10"><span class='ocrx_word' id='word_1_923' title='bbox 1928 5520 1978 5572; x_wconf 89' lang='lat' dir='ltr'><strong>in</strong></span> <span class='ocrx_word' id='word_1_924' title='bbox 2012 5517 2246 5572; x_wconf 72' lang='lat' dir='ltr'><strong>editione</strong></span> <span class='ocrx_word' id='word_1_925' title='bbox 2278 5521 2516 5571; x_wconf 74' lang='lat' dir='ltr'><strong>ltomana</strong></span> <span class='ocrx_word' id='word_1_926' title='bbox 2546 5519 2731 5573; x_wconf 65' lang='lat' dir='ltr'><strong>Graeca</strong></span> <span class='ocrx_word' id='word_1_927' title='bbox 2761 5522 2838 5573; x_wconf 91' lang='lat' dir='ltr'><strong>sic</strong></span> <span class='ocrx_word' id='word_1_928' title='bbox 2873 5517 3180 5582; x_wconf 82' lang='lat' dir='ltr'><strong>reddiderit,</strong></span> <span class='ocrx_word' id='word_1_929' title='bbox 3215 5517 3339 5573; x_wconf 78' lang='lat' dir='ltr'><strong>Non</strong></span> <span class='ocrx_word' id='word_1_930' title='bbox 3362 5517 3500 5573; x_wconf 79' lang='lat' dir='ltr'><strong>mul-</strong></span> 
     </span>
    </p>
   </div>
   <div class='ocr_carea' id='block_1_121' title="bbox 1926 5588 3496 5660">
    <p class='ocr_par' dir='ltr' id='par_1_121' title="bbox 1926 5588 3496 5660">
     <span class='ocr_line' id='line_1_122' title="bbox 1926 5588 3496 5660; baseline 0.003 -21"><span class='ocrx_word' id='word_1_931' title='bbox 1926 5591 2175 5660; x_wconf 72' lang='lat' dir='ltr'><strong>tiplicabit</strong></span> <span class='ocrx_word' id='word_1_932' title='bbox 2225 5590 2322 5640; x_wconf 79' lang='lat' dir='ltr'><strong>sibi</strong></span> <span class='ocrx_word' id='word_1_933' title='bbox 2373 5604 2579 5660; x_wconf 82' lang='lat' dir='ltr'><strong>equum.</strong></span> <span class='ocrx_word' id='word_1_934' title='bbox 2629 5588 2920 5644; x_wconf 88' lang='lat' dir='ltr'><strong>Contendit</strong></span> <span class='ocrx_word' id='word_1_935' title='bbox 2981 5591 3116 5642; x_wconf 90' lang='lat' dir='ltr'><strong>verti</strong></span> <span class='ocrx_word' id='word_1_936' title='bbox 3169 5592 3496 5660; x_wconf 78' lang='lat' dir='ltr'><strong>Oportuisse,</strong></span> 
     </span>
    </p>
   </div>
   <div class='ocr_carea' id='block_1_122' title="bbox 1933 5657 3498 5730">
    <p class='ocr_par' dir='ltr' id='par_1_122' title="bbox 1933 5657 3498 5730">
     <span class='ocr_line' id='line_1_123' title="bbox 1933 5657 3498 5730; baseline 0.003 -21"><span class='ocrx_word' id='word_1_937' title='bbox 1933 5657 2057 5712; x_wconf 84' lang='lat' dir='ltr'><strong>Non</strong></span> <span class='ocrx_word' id='word_1_938' title='bbox 2086 5659 2457 5726; x_wconf 78' lang='lat' dir='ltr'><strong>multiplicabit</strong></span> <span class='ocrx_word' id='word_1_939' title='bbox 2490 5658 2589 5730; x_wconf 81' lang='lat' dir='ltr'><strong>sibi</strong></span> <span class='ocrx_word' id='word_1_940' title='bbox 2625 5663 2839 5728; x_wconf 84' lang='lat' dir='ltr'><strong>equites,</strong></span> <span class='ocrx_word' id='word_1_941' title='bbox 2889 5675 2984 5713; x_wconf 91' lang='lat' dir='ltr'><strong>seu</strong></span> <span class='ocrx_word' id='word_1_942' title='bbox 3045 5657 3498 5730; x_wconf 79' lang='lat' dir='ltr'><strong>equitatum._Sed</strong></span> 
     </span>
    </p>
   </div>
   <div class='ocr_carea' id='block_1_123' title="bbox 1931 5728 3496 5799">
    <p class='ocr_par' dir='ltr' id='par_1_123' title="bbox 1931 5728 3496 5799">
     <span class='ocr_line' id='line_1_124' title="bbox 1931 5728 3496 5799; baseline 0.001 -17"><span class='ocrx_word' id='word_1_943' title='bbox 1931 5731 2301 5797; x_wconf 88' lang='lat' dir='ltr'><strong>conqueritur,</strong></span> <span class='ocrx_word' id='word_1_944' title='bbox 2324 5739 2381 5781; x_wconf 91' lang='lat' dir='ltr'><strong>ut</strong></span> <span class='ocrx_word' id='word_1_945' title='bbox 2413 5729 2539 5780; x_wconf 89' lang='lat' dir='ltr'><strong>mihi</strong></span> <span class='ocrx_word' id='word_1_946' title='bbox 2574 5733 2788 5798; x_wconf 91' lang='lat' dir='ltr'><strong>quidem</strong></span> <span class='ocrx_word' id='word_1_947' title='bbox 2822 5731 3052 5794; x_wconf 90' lang='lat' dir='ltr'><strong>videtur,</strong></span> <span class='ocrx_word' id='word_1_948' title='bbox 3081 5728 3183 5784; x_wconf 84' lang='lat' dir='ltr'><strong>non</strong></span> <span class='ocrx_word' id='word_1_949' title='bbox 3203 5731 3344 5799; x_wconf 87' lang='lat' dir='ltr'><strong>jure.</strong></span> <span class='ocrx_word' id='word_1_950' title='bbox 3363 5728 3496 5784; x_wconf 86' lang='lat' dir='ltr'><strong>Nam</strong></span> 
     </span>
    </p>
   </div>
   <div class='ocr_carea' id='block_1_124' title="bbox 1929 5799 3494 5871">
    <p class='ocr_par' dir='ltr' id='par_1_124' title="bbox 1929 5799 3494 5871">
     <span class='ocr_line' id='line_1_125' title="bbox 1929 5799 3494 5871; baseline 0.003 -19"><span class='ocrx_word' id='word_1_951' title='bbox 1929 5799 2031 5871; x_wconf 78' lang='lat' dir='ltr'><strong>ltoc</strong></span> <span class='ocrx_word' id='word_1_952' title='bbox 2055 5803 2170 5855; x_wconf 91' lang='lat' dir='ltr'><strong>loco</strong></span> <span class='ocrx_word' id='word_1_953' title='bbox 2199 5814 2395 5871; x_wconf 86' lang='lat' dir='ltr'><strong>equum</strong></span> <span class='ocrx_word' id='word_1_954' title='bbox 2433 5813 2528 5866; x_wconf 91' lang='lat' dir='ltr'><strong>pro</strong></span> <span class='ocrx_word' id='word_1_955' title='bbox 2544 5802 2780 5868; x_wconf 82' lang='lat' dir='ltr'><strong>equitatu</strong></span> <span class='ocrx_word' id='word_1_956' title='bbox 2799 5801 2944 5871; x_wconf 71' lang='lat' dir='ltr'><strong>sumi</strong></span> <span class='ocrx_word' id='word_1_957' title='bbox 2975 5804 3056 5855; x_wconf 88' lang='lat' dir='ltr'><strong>vel</strong></span> <span class='ocrx_word' id='word_1_958' title='bbox 3082 5817 3222 5856; x_wconf 59' lang='lat' dir='ltr'><strong>caeco</strong></span> <span class='ocrx_word' id='word_1_959' title='bbox 3248 5809 3494 5871; x_wconf 83' lang='lat' dir='ltr'><strong>apparet.</strong></span> 
     </span>
    </p>
   </div>
   <div class='ocr_carea' id='block_1_125' title="bbox 1935 5869 3498 5945">
    <p class='ocr_par' dir='ltr' id='par_1_125' title="bbox 1935 5869 3498 5945">
     <span class='ocr_line' id='line_1_126' title="bbox 1935 5869 3498 5945; baseline 0.003 -22"><span class='ocrx_word' id='word_1_960' title='bbox 1935 5869 2129 5945; x_wconf 85' lang='lat' dir='ltr'><strong>Vellem</strong></span> <span class='ocrx_word' id='word_1_961' title='bbox 2152 5872 2316 5945; x_wconf 77' lang='lat' dir='ltr'><strong>prius</strong></span> <span class='ocrx_word' id='word_1_962' title='bbox 2366 5869 2582 5938; x_wconf 78' lang='lat' dir='ltr'><strong>legisset</strong></span> <span class='ocrx_word' id='word_1_963' title='bbox 2612 5881 2764 5928; x_wconf 87' lang='lat' dir='ltr'><strong>notas</strong></span> <span class='ocrx_word' id='word_1_964' title='bbox 2791 5869 3007 5940; x_wconf 87' lang='lat' dir='ltr'><strong>Nobilii,</strong></span> <span class='ocrx_word' id='word_1_965' title='bbox 3040 5888 3202 5945; x_wconf 87' lang='lat' dir='ltr'><strong>quam</strong></span> <span class='ocrx_word' id='word_1_966' title='bbox 3247 5869 3370 5927; x_wconf 82' lang='lat' dir='ltr'><strong>eum</strong></span> <span class='ocrx_word' id='word_1_967' title='bbox 3408 5887 3498 5927; x_wconf 86' lang='lat' dir='ltr'><strong>re-</strong></span> 
     </span>
    </p>
   </div>
   <div class='ocr_carea' id='block_1_126' title="bbox 1927 5941 2322 6010">
    <p class='ocr_par' dir='ltr' id='par_1_126' title="bbox 1927 5941 2322 6010">
     <span class='ocr_line' id='line_1_127' title="bbox 1927 5941 2322 6010; baseline -0.005 -14"><span class='ocrx_word' id='word_1_968' title='bbox 1927 5941 2322 6010; x_wconf 82' lang='lat' dir='ltr'><strong>preltendisset.</strong></span> 
     </span>
    </p>
   </div>
  </div>
