  <div class='ocr_page' id='page_1' title='image "/cluster/home/n/w/nwhite01/storage/ocr_20150623/29/uva.x004321530/593.png"; bbox 0 0 4260 6490; ppageno 0'>
   <div class='ocr_carea' id='block_1_1' title="bbox 824 424 928 480">
    <p class='ocr_par' dir='ltr' id='par_1_1' title="bbox 824 424 928 480">
     <span class='ocr_line' id='line_1_1' title="bbox 824 424 928 480; baseline -0.019 0"><span class='ocrx_word' id='word_1_1' title='bbox 824 424 928 480; x_wconf 64' lang='grc' dir='ltr'><strong>διὲῚ</strong></span> 
     </span>
    </p>
   </div>
   <div class='ocr_carea' id='block_1_2' title="bbox 2136 417 2720 481">
    <p class='ocr_par' dir='ltr' id='par_1_2' title="bbox 2136 417 2720 481">
     <span class='ocr_line' id='line_1_2' title="bbox 2136 417 2720 481; baseline 0.003 -4"><span class='ocrx_word' id='word_1_2' title='bbox 2136 425 2193 479; x_wconf 92' lang='lat' dir='ltr'><strong>S.</strong></span> <span class='ocrx_word' id='word_1_3' title='bbox 2236 417 2473 477; x_wconf 77' lang='lat' dir='ltr'><strong>BASILII</strong></span> <span class='ocrx_word' id='word_1_4' title='bbox 2507 420 2720 481; x_wconf 77' lang='lat' dir='ltr'><strong>MAch</strong></span> 
     </span>
    </p>
   </div>
   <div class='ocr_carea' id='block_1_3' title="bbox 3947 428 4052 484">
    <p class='ocr_par' dir='ltr' id='par_1_3' title="bbox 3947 428 4052 484">
     <span class='ocr_line' id='line_1_3' title="bbox 3947 428 4052 484; baseline -0.029 0"><span class='ocrx_word' id='word_1_5' title='bbox 3947 428 4052 484; x_wconf 75' lang='grc'><strong>548</strong></span> 
     </span>
    </p>
   </div>
   <div class='ocr_carea' id='block_1_4' title="bbox 823 539 2505 618">
    <p class='ocr_par' dir='ltr' id='par_1_4' title="bbox 823 540 2505 613">
     <span class='ocr_line' id='line_1_4' title="bbox 823 540 2505 613; baseline -0.001 -18"><span class='ocrx_word' id='word_1_6' title='bbox 823 557 924 596; x_wconf 80' lang='lat' dir='ltr'><strong>tios</strong></span> <span class='ocrx_word' id='word_1_7' title='bbox 951 542 1020 596; x_wconf 89' lang='lat' dir='ltr'><strong>ad</strong></span> <span class='ocrx_word' id='word_1_8' title='bbox 1071 540 1353 593; x_wconf 91' lang='lat' dir='ltr'><strong>Dominum</strong></span> <span class='ocrx_word' id='word_1_9' title='bbox 1412 541 1842 607; x_wconf 75' lang='lat' dir='ltr'><strong>respexerimus,</strong></span> <span class='ocrx_word' id='word_1_10' title='bbox 1887 540 2198 613; x_wconf 83' lang='lat' dir='ltr'><strong>fuerintque</strong></span> <span class='ocrx_word' id='word_1_11' title='bbox 2240 542 2381 596; x_wconf 88' lang='lat' dir='ltr'><strong>oculi</strong></span> <span class='ocrx_word' id='word_1_12' title='bbox 2414 550 2458 604; x_wconf 81' lang='grc' dir='ltr'><strong>Α</strong></span> <span class='ocrx_word' id='word_1_13' title='bbox 2481 563 2505 613; x_wconf 56' lang='grc' dir='ltr'>,ι</span> 
     </span>
    </p>
   </div>
   <div class='ocr_carea' id='block_1_5' title="bbox 2372 539 4054 618">
    <p class='ocr_par' dir='ltr' id='par_1_5' title="bbox 2372 539 4054 618">
     <span class='ocr_line' id='line_1_5' title="bbox 2372 539 4054 618; baseline 0.004 -23"><span class='ocrx_word' id='word_1_14' title='bbox 2372 544 2381 595; x_wconf 93' lang='lat' dir='ltr'><strong>i</strong></span> <span class='ocrx_word' id='word_1_15' title='bbox 2414 550 2458 604; x_wconf 83' lang='grc' dir='ltr'><strong>Α</strong></span> <span class='ocrx_word' id='word_1_16' title='bbox 2481 548 2702 613; x_wconf 77' lang='grc' dir='ltr'><strong>μένους</strong></span> <span class='ocrx_word' id='word_1_17' title='bbox 2721 545 2927 598; x_wconf 75' lang='grc' dir='ltr'>αὐτόν.</span> <span class='ocrx_word' id='word_1_18' title='bbox 2977 544 3144 595; x_wconf 86' lang='grc' dir='ltr'>Ὅταν</span> <span class='ocrx_word' id='word_1_19' title='bbox 3176 545 3330 614; x_wconf 79' lang='grc' dir='ltr'>ἡμεῖς</span> <span class='ocrx_word' id='word_1_20' title='bbox 3355 542 3444 596; x_wconf 71' lang='grc' dir='ltr'><strong>ἐπὶ</strong></span> <span class='ocrx_word' id='word_1_21' title='bbox 3474 543 3564 596; x_wconf 79' lang='grc' dir='ltr'>τὸν</span> <span class='ocrx_word' id='word_1_22' title='bbox 3596 539 3800 618; x_wconf 80' lang='grc' dir='ltr'><strong>Κύριον</strong></span> <span class='ocrx_word' id='word_1_23' title='bbox 3827 547 4054 601; x_wconf 53' lang='lat' dir='ltr'><strong>amate.-</strong></span> 
     </span>
    </p>
   </div>
   <div class='ocr_carea' id='block_1_6' title="bbox 824 629 2384 701">
    <p class='ocr_par' dir='ltr' id='par_1_6' title="bbox 824 629 2384 701">
     <span class='ocr_line' id='line_1_6' title="bbox 824 629 2384 701; baseline -0.001 -15"><span class='ocrx_word' id='word_1_24' title='bbox 824 631 994 686; x_wconf 90' lang='lat' dir='ltr'><strong>nostri</strong></span> <span class='ocrx_word' id='word_1_25' title='bbox 1032 629 1083 682; x_wconf 90' lang='lat' dir='ltr'><strong>in</strong></span> <span class='ocrx_word' id='word_1_26' title='bbox 1117 630 1285 697; x_wconf 89' lang='lat' dir='ltr'><strong>ipsum</strong></span> <span class='ocrx_word' id='word_1_27' title='bbox 1333 629 1547 692; x_wconf 87' lang='lat' dir='ltr'><strong>intenti,</strong></span> <span class='ocrx_word' id='word_1_28' title='bbox 1573 631 1707 683; x_wconf 88' lang='lat' dir='ltr'><strong>adeo</strong></span> <span class='ocrx_word' id='word_1_29' title='bbox 1749 640 1805 684; x_wconf 91' lang='lat' dir='ltr'><strong>ut</strong></span> <span class='ocrx_word' id='word_1_30' title='bbox 1842 630 2022 684; x_wconf 84' lang='lat' dir='ltr'><strong>dicere</strong></span> <span class='ocrx_word' id='word_1_31' title='bbox 2063 633 2331 701; x_wconf 78' lang='lat' dir='ltr'><strong>possimus</strong></span> <span class='ocrx_word' id='word_1_32' title='bbox 2369 649 2384 685; x_wconf 89' lang='lat'><strong>:</strong></span> 
     </span>
    </p>
   </div>
   <div class='ocr_carea' id='block_1_7' title="bbox 825 717 2386 777">
    <p class='ocr_par' dir='ltr' id='par_1_7' title="bbox 825 717 2386 777">
     <span class='ocr_line' id='line_1_7' title="bbox 825 717 2386 777; baseline -0.002 -4"><span class='ocrx_word' id='word_1_33' title='bbox 825 717 960 773; x_wconf 83' lang='lat' dir='ltr'><strong>Ecce</strong></span> <span class='ocrx_word' id='word_1_34' title='bbox 1011 720 1146 771; x_wconf 85' lang='lat' dir='ltr'><strong>sicut</strong></span> <span class='ocrx_word' id='word_1_35' title='bbox 1198 718 1336 771; x_wconf 80' lang='lat' dir='ltr'><strong>oculi</strong></span> <span class='ocrx_word' id='word_1_36' title='bbox 1377 737 1644 773; x_wconf 84' lang='lat' dir='ltr'><strong>servorum</strong></span> <span class='ocrx_word' id='word_1_37' title='bbox 1695 722 1764 773; x_wconf 87' lang='lat' dir='ltr'><strong>ad</strong></span> <span class='ocrx_word' id='word_1_38' title='bbox 1817 736 2002 773; x_wconf 83' lang='lat' dir='ltr'><strong>manus</strong></span> <span class='ocrx_word' id='word_1_39' title='bbox 2059 724 2386 777; x_wconf 83' lang='lat' dir='ltr'><strong>dominorum</strong></span> 
     </span>
    </p>
   </div>
   <div class='ocr_carea' id='block_1_8' title="bbox 822 811 2384 874">
    <p class='ocr_par' dir='ltr' id='par_1_8' title="bbox 822 811 2384 874">
     <span class='ocr_line' id='line_1_8' title="bbox 822 811 2384 874; baseline -0.002 -10"><span class='ocrx_word' id='word_1_40' title='bbox 822 826 1059 874; x_wconf 87' lang='lat' dir='ltr'><strong>suorum,</strong></span> <span class='ocrx_word' id='word_1_41' title='bbox 1096 814 1170 862; x_wconf 87' lang='lat' dir='ltr'><strong>ita</strong></span> <span class='ocrx_word' id='word_1_42' title='bbox 1218 811 1353 863; x_wconf 86' lang='lat' dir='ltr'><strong>oculi</strong></span> <span class='ocrx_word' id='word_1_43' title='bbox 1397 814 1562 864; x_wconf 85' lang='lat' dir='ltr'><strong>nostri</strong></span> <span class='ocrx_word' id='word_1_44' title='bbox 1621 815 1690 864; x_wconf 84' lang='lat' dir='ltr'><strong>ad</strong></span> <span class='ocrx_word' id='word_1_45' title='bbox 1730 812 2009 865; x_wconf 83' lang='lat' dir='ltr'><strong>Dominum</strong></span> <span class='ocrx_word' id='word_1_46' title='bbox 2074 814 2236 867; x_wconf 88' lang='lat' dir='ltr'><strong>Deum</strong></span> <span class='ocrx_word' id='word_1_47' title='bbox 2291 827 2384 862; x_wconf 86' lang='lat' dir='ltr'><strong>no-</strong></span> 
     </span>
    </p>
   </div>
   <div class='ocr_carea' id='block_1_9' title="bbox 823 902 2384 970">
    <p class='ocr_par' dir='ltr' id='par_1_9' title="bbox 823 902 2384 970">
     <span class='ocr_line' id='line_1_9' title="bbox 823 902 2384 970; baseline -0.001 -14"><span class='ocrx_word' id='word_1_48' title='bbox 823 902 1078 956; x_wconf 71' lang='lat' dir='ltr'><strong>strum‘:</strong></span> <span class='ocrx_word' id='word_1_49' title='bbox 1113 913 1237 956; x_wconf 93' lang='lat' dir='ltr'><strong>tunc</strong></span> <span class='ocrx_word' id='word_1_50' title='bbox 1276 903 1438 957; x_wconf 79' lang='lat' dir='ltr'><strong>veluti</strong></span> <span class='ocrx_word' id='word_1_51' title='bbox 1491 903 1556 957; x_wconf 89' lang='lat' dir='ltr'><strong>ad</strong></span> <span class='ocrx_word' id='word_1_52' title='bbox 1612 919 1710 958; x_wconf 91' lang='lat' dir='ltr'><strong>nos</strong></span> <span class='ocrx_word' id='word_1_53' title='bbox 1759 903 2117 970; x_wconf 83' lang='lat' dir='ltr'><strong>inspiciendos</strong></span> <span class='ocrx_word' id='word_1_54' title='bbox 2169 902 2384 956; x_wconf 88' lang='lat' dir='ltr'><strong>oculum</strong></span> 
     </span>
    </p>
   </div>
   <div class='ocr_carea' id='block_1_10' title="bbox 825 977 2386 1061">
    <p class='ocr_par' dir='ltr' id='par_1_10' title="bbox 825 977 2386 1061">
     <span class='ocr_line' id='line_1_10' title="bbox 825 977 2386 1061; baseline 0 -17"><span class='ocrx_word' id='word_1_55' title='bbox 825 977 1036 1047; x_wconf 75' lang='lat' dir='ltr'><strong>Domini</strong></span> <span class='ocrx_word' id='word_1_56' title='bbox 1097 994 1442 1046; x_wconf 87' lang='lat' dir='ltr'><strong>altrahimus.</strong></span> <span class='ocrx_word' id='word_1_57' title='bbox 1498 991 1778 1061; x_wconf 85' lang='lat' dir='ltr'><strong>Sperantes</strong></span> <span class='ocrx_word' id='word_1_58' title='bbox 1849 993 1901 1044; x_wconf 88' lang='lat' dir='ltr'><strong>in</strong></span> <span class='ocrx_word' id='word_1_59' title='bbox 1976 992 2386 1047; x_wconf 81' lang='lat' dir='ltr'><strong>misericordiam</strong></span> 
     </span>
    </p>
   </div>
   <div class='ocr_carea' id='block_1_11' title="bbox 825 1085 2383 1158">
    <p class='ocr_par' dir='ltr' id='par_1_11' title="bbox 825 1085 2383 1158">
     <span class='ocr_line' id='line_1_11' title="bbox 825 1085 2383 1158; baseline -0.002 -17"><span class='ocrx_word' id='word_1_60' title='bbox 825 1088 1007 1158; x_wconf 82' lang='lat' dir='ltr'><strong>ipsius.</strong></span> <span class='ocrx_word' id='word_1_61' title='bbox 1066 1085 1430 1140; x_wconf 77' lang='lat' dir='ltr'><strong>Humilitatem</strong></span> <span class='ocrx_word' id='word_1_62' title='bbox 1475 1101 1662 1141; x_wconf 88' lang='lat' dir='ltr'><strong>eorum</strong></span> <span class='ocrx_word' id='word_1_63' title='bbox 1710 1086 1801 1155; x_wconf 89' lang='lat' dir='ltr'><strong>qui</strong></span> <span class='ocrx_word' id='word_1_64' title='bbox 1857 1087 2082 1142; x_wconf 91' lang='lat' dir='ltr'><strong>Domino</strong></span> <span class='ocrx_word' id='word_1_65' title='bbox 2124 1086 2383 1149; x_wconf 81' lang='lat' dir='ltr'><strong>serviunt,</strong></span> 
     </span>
    </p>
   </div>
   <div class='ocr_carea' id='block_1_12' title="bbox 823 1178 2383 1247">
    <p class='ocr_par' dir='ltr' id='par_1_12' title="bbox 823 1178 2383 1247">
     <span class='ocr_line' id='line_1_12' title="bbox 823 1178 2383 1247; baseline -0.001 -15"><span class='ocrx_word' id='word_1_66' title='bbox 823 1179 1106 1233; x_wconf 81' lang='lat' dir='ltr'><strong>ostendit:</strong></span> <span class='ocrx_word' id='word_1_67' title='bbox 1141 1179 1411 1247; x_wconf 82' lang='lat' dir='ltr'><strong>quomodo</strong></span> <span class='ocrx_word' id='word_1_68' title='bbox 1459 1179 1512 1233; x_wconf 92' lang='lat' dir='ltr'><strong>in</strong></span> <span class='ocrx_word' id='word_1_69' title='bbox 1565 1178 1681 1247; x_wconf 88' lang='lat' dir='ltr'><strong>ejus</strong></span> <span class='ocrx_word' id='word_1_70' title='bbox 1733 1179 2101 1233; x_wconf 81' lang='lat' dir='ltr'><strong>misericordia</strong></span> <span class='ocrx_word' id='word_1_71' title='bbox 2150 1187 2383 1245; x_wconf 79' lang='lat' dir='ltr'><strong>sperent.</strong></span> 
     </span>
    </p>
   </div>
   <div class='ocr_carea' id='block_1_13' title="bbox 824 1270 2383 1341">
    <p class='ocr_par' dir='ltr' id='par_1_13' title="bbox 824 1270 2383 1341">
     <span class='ocr_line' id='line_1_13' title="bbox 824 1270 2383 1341; baseline 0.001 -20"><span class='ocrx_word' id='word_1_72' title='bbox 824 1270 922 1337; x_wconf 87' lang='lat' dir='ltr'><strong>Qui</strong></span> <span class='ocrx_word' id='word_1_73' title='bbox 951 1272 1095 1324; x_wconf 89' lang='lat' dir='ltr'><strong>enim</strong></span> <span class='ocrx_word' id='word_1_74' title='bbox 1136 1273 1246 1324; x_wconf 84' lang='lat' dir='ltr'><strong>suis</strong></span> <span class='ocrx_word' id='word_1_75' title='bbox 1271 1272 1530 1341; x_wconf 65' lang='lat' dir='ltr'><strong>praeclare</strong></span> <span class='ocrx_word' id='word_1_76' title='bbox 1563 1273 1728 1341; x_wconf 80' lang='lat' dir='ltr'><strong>gestis</strong></span> <span class='ocrx_word' id='word_1_77' title='bbox 1755 1287 1858 1326; x_wconf 90' lang='lat' dir='ltr'><strong>non</strong></span> <span class='ocrx_word' id='word_1_78' title='bbox 1901 1272 2157 1334; x_wconf 85' lang='lat' dir='ltr'><strong>conlidit,</strong></span> <span class='ocrx_word' id='word_1_79' title='bbox 2192 1285 2289 1324; x_wconf 91' lang='lat' dir='ltr'><strong>nec</strong></span> <span class='ocrx_word' id='word_1_80' title='bbox 2318 1285 2383 1324; x_wconf 81' lang='lat' dir='ltr'><strong>ex</strong></span> 
     </span>
    </p>
   </div>
   <div class='ocr_carea' id='block_1_14' title="bbox 823 1361 2384 1431">
    <p class='ocr_par' dir='ltr' id='par_1_14' title="bbox 823 1361 2384 1431">
     <span class='ocr_line' id='line_1_14' title="bbox 823 1361 2384 1431; baseline 0.001 -18"><span class='ocrx_word' id='word_1_81' title='bbox 823 1361 1071 1426; x_wconf 84' lang='lat' dir='ltr'><strong>operibus</strong></span> <span class='ocrx_word' id='word_1_82' title='bbox 1105 1375 1162 1414; x_wconf 91' lang='lat' dir='ltr'><strong>se</strong></span> <span class='ocrx_word' id='word_1_83' title='bbox 1191 1361 1543 1430; x_wconf 78' lang='lat' dir='ltr'><strong>justificatum</strong></span> <span class='ocrx_word' id='word_1_84' title='bbox 1583 1363 1646 1416; x_wconf 92' lang='lat' dir='ltr'><strong>iri</strong></span> <span class='ocrx_word' id='word_1_85' title='bbox 1703 1373 2027 1431; x_wconf 81' lang='lat' dir='ltr'><strong>exspectat,</strong></span> <span class='ocrx_word' id='word_1_86' title='bbox 2079 1366 2124 1416; x_wconf 89' lang='lat' dir='ltr'><strong>is</strong></span> <span class='ocrx_word' id='word_1_87' title='bbox 2177 1363 2384 1414; x_wconf 88' lang='lat' dir='ltr'><strong>unicam</strong></span> 
     </span>
    </p>
   </div>
   <div class='ocr_carea' id='block_1_15' title="bbox 823 1452 2384 1522">
    <p class='ocr_par' dir='ltr' id='par_1_15' title="bbox 823 1452 2384 1522">
     <span class='ocr_line' id='line_1_15' title="bbox 823 1452 2384 1522; baseline 0 -17"><span class='ocrx_word' id='word_1_88' title='bbox 823 1452 1011 1506; x_wconf 62' lang='lat' dir='ltr'><strong>salutis</strong></span> <span class='ocrx_word' id='word_1_89' title='bbox 1034 1468 1182 1521; x_wconf 88' lang='lat' dir='ltr'><strong>spem</strong></span> <span class='ocrx_word' id='word_1_90' title='bbox 1218 1455 1271 1506; x_wconf 92' lang='lat' dir='ltr'><strong>in</strong></span> <span class='ocrx_word' id='word_1_91' title='bbox 1305 1454 1393 1507; x_wconf 89' lang='lat' dir='ltr'><strong>Dei</strong></span> <span class='ocrx_word' id='word_1_92' title='bbox 1426 1455 1790 1509; x_wconf 80' lang='lat' dir='ltr'><strong>misericordia</strong></span> <span class='ocrx_word' id='word_1_93' title='bbox 1819 1456 2049 1522; x_wconf 85' lang='lat' dir='ltr'><strong>reponit.</strong></span> <span class='ocrx_word' id='word_1_94' title='bbox 2079 1457 2209 1506; x_wconf 74' lang='lat' dir='ltr'><strong>Cum</strong></span> <span class='ocrx_word' id='word_1_95' title='bbox 2241 1455 2384 1505; x_wconf 90' lang='lat' dir='ltr'><strong>enim</strong></span> 
     </span>
    </p>
   </div>
   <div class='ocr_carea' id='block_1_16' title="bbox 825 1543 2385 1613">
    <p class='ocr_par' dir='ltr' id='par_1_16' title="bbox 825 1543 2385 1613">
     <span class='ocr_line' id='line_1_16' title="bbox 825 1543 2385 1613; baseline 0 -16"><span class='ocrx_word' id='word_1_96' title='bbox 825 1544 1135 1610; x_wconf 71' lang='lat' dir='ltr'><strong>Cogitaverit</strong></span> <span class='ocrx_word' id='word_1_97' title='bbox 1166 1545 1289 1597; x_wconf 87' lang='lat' dir='ltr'><strong>illud</strong></span> <span class='ocrx_word' id='word_1_98' title='bbox 1327 1561 1341 1598; x_wconf 87' lang='lat'><strong>:</strong></span> <span class='ocrx_word' id='word_1_99' title='bbox 1369 1545 1501 1598; x_wconf 84' lang='lat' dir='ltr'><strong>Ecce</strong></span> <span class='ocrx_word' id='word_1_100' title='bbox 1525 1546 1775 1599; x_wconf 86' lang='lat' dir='ltr'><strong>Dominus</strong></span> <span class='ocrx_word' id='word_1_101' title='bbox 1803 1555 1850 1597; x_wconf 87' lang='lat' dir='ltr'><strong>et</strong></span> <span class='ocrx_word' id='word_1_102' title='bbox 1882 1562 2071 1597; x_wconf 78' lang='lat' dir='ltr'><strong>merces</strong></span> <span class='ocrx_word' id='word_1_103' title='bbox 2116 1543 2226 1613; x_wconf 89' lang='lat' dir='ltr'><strong>ejus</strong></span> <span class='ocrx_word' id='word_1_104' title='bbox 2253 1545 2294 1608; x_wconf 83' lang='lat'><strong>&#39;,</strong></span> <span class='ocrx_word' id='word_1_105' title='bbox 2327 1555 2385 1597; x_wconf 92' lang='lat' dir='ltr'><strong>ut</strong></span> 
     </span>
    </p>
   </div>
   <div class='ocr_carea' id='block_1_17' title="bbox 827 1637 2382 1707">
    <p class='ocr_par' dir='ltr' id='par_1_17' title="bbox 827 1637 2382 1707">
     <span class='ocr_line' id='line_1_17' title="bbox 827 1637 2382 1707; baseline 0.002 -19"><span class='ocrx_word' id='word_1_106' title='bbox 827 1637 1016 1690; x_wconf 86' lang='lat' dir='ltr'><strong>reddat</strong></span> <span class='ocrx_word' id='word_1_107' title='bbox 1059 1637 1343 1704; x_wconf 79' lang='lat' dir='ltr'><strong>unicuique</strong></span> <span class='ocrx_word' id='word_1_108' title='bbox 1382 1638 1531 1707; x_wconf 78' lang='lat' dir='ltr'><strong>juxta</strong></span> <span class='ocrx_word' id='word_1_109' title='bbox 1571 1653 1702 1704; x_wconf 90' lang='lat' dir='ltr'><strong>opus</strong></span> <span class='ocrx_word' id='word_1_110' title='bbox 1761 1653 1937 1702; x_wconf 89' lang='lat' dir='ltr'><strong>suum,</strong></span> <span class='ocrx_word' id='word_1_111' title='bbox 1984 1649 2038 1692; x_wconf 90' lang='lat' dir='ltr'><strong>et</strong></span> <span class='ocrx_word' id='word_1_112' title='bbox 2076 1654 2240 1705; x_wconf 81' lang='lat' dir='ltr'><strong>prava</strong></span> <span class='ocrx_word' id='word_1_113' title='bbox 2285 1653 2382 1692; x_wconf 86' lang='lat' dir='ltr'><strong>sua</strong></span> 
     </span>
    </p>
   </div>
   <div class='ocr_carea' id='block_1_18' title="bbox 825 1730 2386 1798">
    <p class='ocr_par' dir='ltr' id='par_1_18' title="bbox 825 1730 2386 1798">
     <span class='ocr_line' id='line_1_18' title="bbox 825 1730 2386 1798; baseline 0.001 -14"><span class='ocrx_word' id='word_1_114' title='bbox 825 1744 990 1797; x_wconf 84' lang='lat' dir='ltr'><strong>Opera</strong></span> <span class='ocrx_word' id='word_1_115' title='bbox 1052 1744 1233 1782; x_wconf 85' lang='lat' dir='ltr'><strong>secum</strong></span> <span class='ocrx_word' id='word_1_116' title='bbox 1295 1730 1662 1798; x_wconf 83' lang='lat' dir='ltr'><strong>reputaverit,</strong></span> <span class='ocrx_word' id='word_1_117' title='bbox 1720 1730 1872 1784; x_wconf 83' lang='lat' dir='ltr'><strong>timet</strong></span> <span class='ocrx_word' id='word_1_118' title='bbox 1931 1730 2280 1798; x_wconf 87' lang='lat' dir='ltr'><strong>supplicium,</strong></span> <span class='ocrx_word' id='word_1_119' title='bbox 2332 1739 2386 1785; x_wconf 89' lang='lat' dir='ltr'><strong>et</strong></span> 
     </span>
    </p>
   </div>
   <div class='ocr_carea' id='block_1_19' title="bbox 824 1821 2384 1890">
    <p class='ocr_par' dir='ltr' id='par_1_19' title="bbox 824 1821 2384 1890">
     <span class='ocr_line' id='line_1_19' title="bbox 824 1821 2384 1890; baseline 0 -13"><span class='ocrx_word' id='word_1_120' title='bbox 824 1824 1000 1877; x_wconf 87' lang='lat' dir='ltr'><strong>minas</strong></span> <span class='ocrx_word' id='word_1_121' title='bbox 1066 1821 1339 1876; x_wconf 79' lang='lat' dir='ltr'><strong>formidat.</strong></span> <span class='ocrx_word' id='word_1_122' title='bbox 1398 1822 1591 1876; x_wconf 87' lang='lat' dir='ltr'><strong>Verum</strong></span> <span class='ocrx_word' id='word_1_123' title='bbox 1631 1831 1688 1875; x_wconf 92' lang='lat' dir='ltr'><strong>ut</strong></span> <span class='ocrx_word' id='word_1_124' title='bbox 1753 1838 1816 1876; x_wconf 92' lang='lat' dir='ltr'><strong>ne</strong></span> <span class='ocrx_word' id='word_1_125' title='bbox 1876 1823 2228 1875; x_wconf 84' lang='lat' dir='ltr'><strong>absorbeatur</strong></span> <span class='ocrx_word' id='word_1_126' title='bbox 2277 1838 2384 1890; x_wconf 77' lang='lat' dir='ltr'><strong>pra:</strong></span> 
     </span>
    </p>
   </div>
   <div class='ocr_carea' id='block_1_20' title="bbox 827 1899 2457 1983">
    <p class='ocr_par' dir='ltr' id='par_1_20' title="bbox 827 1899 2457 1983">
     <span class='ocr_line' id='line_1_20' title="bbox 827 1899 2457 1983; baseline 0.001 -14"><span class='ocrx_word' id='word_1_127' title='bbox 827 1917 1067 1980; x_wconf 85' lang='lat' dir='ltr'><strong>tristitia,</strong></span> <span class='ocrx_word' id='word_1_128' title='bbox 1091 1918 1226 1970; x_wconf 90' lang='lat' dir='ltr'><strong>bona</strong></span> <span class='ocrx_word' id='word_1_129' title='bbox 1257 1931 1349 1983; x_wconf 91' lang='lat' dir='ltr'><strong>spe</strong></span> <span class='ocrx_word' id='word_1_130' title='bbox 1376 1917 1635 1983; x_wconf 71' lang='lat' dir='ltr'><strong>prmditus</strong></span> <span class='ocrx_word' id='word_1_131' title='bbox 1676 1928 1787 1979; x_wconf 86' lang='lat' dir='ltr'><strong>est,</strong></span> <span class='ocrx_word' id='word_1_132' title='bbox 1815 1918 1940 1970; x_wconf 90' lang='lat' dir='ltr'><strong>dum</strong></span> <span class='ocrx_word' id='word_1_133' title='bbox 1979 1918 2044 1968; x_wconf 90' lang='lat' dir='ltr'><strong>ad</strong></span> <span class='ocrx_word' id='word_1_134' title='bbox 2083 1917 2384 1970; x_wconf 86' lang='lat' dir='ltr'><strong>miseratio—</strong></span> <span class='ocrx_word' id='word_1_135' title='bbox 2419 1899 2457 1952; x_wconf 77' lang='grc' dir='ltr'><strong>Β</strong></span> 
     </span>
    </p>
   </div>
   <div class='ocr_carea' id='block_1_21' title="bbox 828 2006 2388 2077">
    <p class='ocr_par' dir='ltr' id='par_1_21' title="bbox 828 2006 2388 2077">
     <span class='ocr_line' id='line_1_21' title="bbox 828 2006 2388 2077; baseline 0.001 -14"><span class='ocrx_word' id='word_1_136' title='bbox 828 2025 923 2063; x_wconf 90' lang='lat' dir='ltr'><strong>nes</strong></span> <span class='ocrx_word' id='word_1_137' title='bbox 949 2018 1002 2062; x_wconf 88' lang='lat' dir='ltr'><strong>et</strong></span> <span class='ocrx_word' id='word_1_138' title='bbox 1036 2008 1419 2076; x_wconf 78' lang='lat' dir='ltr'><strong>benignitatem</strong></span> <span class='ocrx_word' id='word_1_139' title='bbox 1464 2008 1555 2062; x_wconf 85' lang='lat' dir='ltr'><strong>Dei</strong></span> <span class='ocrx_word' id='word_1_140' title='bbox 1603 2008 1838 2077; x_wconf 88' lang='lat' dir='ltr'><strong>respicit.</strong></span> <span class='ocrx_word' id='word_1_141' title='bbox 1868 2006 2035 2062; x_wconf 68' lang='lat' dir='ltr'><strong>Vens.</strong></span> <span class='ocrx_word' id='word_1_142' title='bbox 2073 2009 2156 2063; x_wconf 81' lang='lat' dir='ltr'><strong>i9.</strong></span> <span class='ocrx_word' id='word_1_143' title='bbox 2195 2007 2388 2077; x_wconf 83' lang='lat' dir='ltr'><strong>Sperat</strong></span> 
     </span>
    </p>
   </div>
   <div class='ocr_carea' id='block_1_22' title="bbox 826 2100 2388 2170">
    <p class='ocr_par' dir='ltr' id='par_1_22' title="bbox 826 2100 2388 2170">
     <span class='ocr_line' id='line_1_22' title="bbox 826 2100 2388 2170; baseline 0.002 -17"><span class='ocrx_word' id='word_1_144' title='bbox 826 2102 969 2155; x_wconf 86' lang='lat' dir='ltr'><strong>enim</strong></span> <span class='ocrx_word' id='word_1_145' title='bbox 999 2101 1232 2153; x_wconf 87' lang='lat' dir='ltr'><strong>animam</strong></span> <span class='ocrx_word' id='word_1_146' title='bbox 1254 2116 1405 2153; x_wconf 82' lang='lat' dir='ltr'><strong>suam</strong></span> <span class='ocrx_word' id='word_1_147' title='bbox 1431 2117 1459 2152; x_wconf 87' lang='lat' dir='ltr'><strong>a</strong></span> <span class='ocrx_word' id='word_1_148' title='bbox 1491 2112 1663 2154; x_wconf 84' lang='lat' dir='ltr'><strong>morte</strong></span> <span class='ocrx_word' id='word_1_149' title='bbox 1695 2100 2022 2153; x_wconf 82' lang='lat' dir='ltr'><strong>liberandam</strong></span> <span class='ocrx_word' id='word_1_150' title='bbox 2057 2117 2195 2168; x_wconf 85' lang='lat' dir='ltr'><strong>esse,</strong></span> <span class='ocrx_word' id='word_1_151' title='bbox 2229 2114 2388 2170; x_wconf 88' lang='lat' dir='ltr'><strong>atque</strong></span> 
     </span>
    </p>
   </div>
   <div class='ocr_carea' id='block_1_23' title="bbox 826 2183 2386 2255">
    <p class='ocr_par' dir='ltr' id='par_1_23' title="bbox 826 2183 2386 2255">
     <span class='ocr_line' id='line_1_23' title="bbox 826 2183 2386 2255; baseline 0 -17"><span class='ocrx_word' id='word_1_152' title='bbox 826 2187 894 2239; x_wconf 83' lang='lat' dir='ltr'><strong>al)</strong></span> <span class='ocrx_word' id='word_1_153' title='bbox 923 2187 1038 2255; x_wconf 91' lang='lat' dir='ltr'><strong>ipso</strong></span> <span class='ocrx_word' id='word_1_154' title='bbox 1068 2187 1118 2239; x_wconf 88' lang='lat' dir='ltr'><strong>in</strong></span> <span class='ocrx_word' id='word_1_155' title='bbox 1151 2187 1288 2240; x_wconf 80' lang='lat' dir='ltr'><strong>fame</strong></span> <span class='ocrx_word' id='word_1_156' title='bbox 1319 2188 1663 2254; x_wconf 86' lang='lat' dir='ltr'><strong>pascendam.</strong></span> <span class='ocrx_word' id='word_1_157' title='bbox 1701 2183 1854 2238; x_wconf 77' lang='lat' dir='ltr'><strong>VERS.</strong></span> <span class='ocrx_word' id='word_1_158' title='bbox 1886 2185 1974 2238; x_wconf 73' lang='grc'><strong>20.</strong></span> <span class='ocrx_word' id='word_1_159' title='bbox 2002 2187 2191 2239; x_wconf 80' lang='lat' dir='ltr'><strong>Anima</strong></span> <span class='ocrx_word' id='word_1_160' title='bbox 2217 2200 2386 2239; x_wconf 80' lang='lat' dir='ltr'><strong>autem</strong></span> 
     </span>
    </p>
   </div>
   <div class='ocr_carea' id='block_1_24' title="bbox 828 2277 2386 2346">
    <p class='ocr_par' dir='ltr' id='par_1_24' title="bbox 828 2277 2386 2346">
     <span class='ocr_line' id='line_1_24' title="bbox 828 2277 2386 2346; baseline -0.003 -15"><span class='ocrx_word' id='word_1_161' title='bbox 828 2291 1009 2332; x_wconf 85' lang='lat' dir='ltr'><strong>nostra</strong></span> <span class='ocrx_word' id='word_1_162' title='bbox 1045 2280 1248 2346; x_wconf 85' lang='lat' dir='ltr'><strong>patiens</strong></span> <span class='ocrx_word' id='word_1_163' title='bbox 1277 2279 1378 2331; x_wconf 88' lang='lat' dir='ltr'><strong>erit</strong></span> <span class='ocrx_word' id='word_1_164' title='bbox 1413 2278 1653 2338; x_wconf 86' lang='lat' dir='ltr'><strong>Domino,</strong></span> <span class='ocrx_word' id='word_1_165' title='bbox 1683 2277 1928 2345; x_wconf 85' lang='lat' dir='ltr'><strong>quoniam</strong></span> <span class='ocrx_word' id='word_1_166' title='bbox 1958 2278 2169 2346; x_wconf 82' lang='lat' dir='ltr'><strong>adjutor</strong></span> <span class='ocrx_word' id='word_1_167' title='bbox 2198 2288 2242 2330; x_wconf 84' lang='lat' dir='ltr'><strong>et</strong></span> <span class='ocrx_word' id='word_1_168' title='bbox 2263 2293 2386 2343; x_wconf 85' lang='lat' dir='ltr'><strong>pro-</strong></span> 
     </span>
    </p>
   </div>
   <div class='ocr_carea' id='block_1_25' title="bbox 827 2366 2383 2436">
    <p class='ocr_par' dir='ltr' id='par_1_25' title="bbox 827 2366 2383 2436">
     <span class='ocr_line' id='line_1_25' title="bbox 827 2366 2383 2436; baseline -0.002 -15"><span class='ocrx_word' id='word_1_169' title='bbox 827 2380 990 2421; x_wconf 86' lang='lat' dir='ltr'><strong>tector</strong></span> <span class='ocrx_word' id='word_1_170' title='bbox 1017 2377 1192 2421; x_wconf 84' lang='lat' dir='ltr'><strong>noster</strong></span> <span class='ocrx_word' id='word_1_171' title='bbox 1218 2376 1313 2420; x_wconf 83' lang='lat' dir='ltr'><strong>est.</strong></span> <span class='ocrx_word' id='word_1_172' title='bbox 1335 2367 1414 2420; x_wconf 88' lang='lat' dir='ltr'><strong>Ad</strong></span> <span class='ocrx_word' id='word_1_173' title='bbox 1440 2366 1752 2436; x_wconf 83' lang='lat' dir='ltr'><strong>patientiam</strong></span> <span class='ocrx_word' id='word_1_174' title='bbox 1785 2366 2029 2418; x_wconf 87' lang='lat' dir='ltr'><strong>hortatur</strong></span> <span class='ocrx_word' id='word_1_175' title='bbox 2055 2367 2140 2418; x_wconf 90' lang='lat' dir='ltr'><strong>hic</strong></span> <span class='ocrx_word' id='word_1_176' title='bbox 2169 2380 2383 2429; x_wconf 88' lang='lat' dir='ltr'><strong>sermo;</strong></span> 
     </span>
    </p>
   </div>
   <div class='ocr_carea' id='block_1_26' title="bbox 827 2456 2388 2528">
    <p class='ocr_par' dir='ltr' id='par_1_26' title="bbox 827 2456 2388 2528">
     <span class='ocr_line' id='line_1_26' title="bbox 827 2456 2388 2528; baseline -0.002 -15"><span class='ocrx_word' id='word_1_177' title='bbox 827 2471 888 2513; x_wconf 91' lang='lat' dir='ltr'><strong>ut</strong></span> <span class='ocrx_word' id='word_1_178' title='bbox 937 2460 981 2513; x_wconf 83' lang='lat' dir='ltr'><strong>si</strong></span> <span class='ocrx_word' id='word_1_179' title='bbox 1028 2459 1242 2528; x_wconf 82' lang='lat' dir='ltr'><strong>quando</strong></span> <span class='ocrx_word' id='word_1_180' title='bbox 1285 2459 1352 2512; x_wconf 87' lang='lat' dir='ltr'><strong>ab</strong></span> <span class='ocrx_word' id='word_1_181' title='bbox 1396 2473 1501 2512; x_wconf 89' lang='lat' dir='ltr'><strong>uno</strong></span> <span class='ocrx_word' id='word_1_182' title='bbox 1545 2457 1724 2525; x_wconf 87' lang='lat' dir='ltr'><strong>aliquo</strong></span> <span class='ocrx_word' id='word_1_183' title='bbox 1755 2456 2116 2510; x_wconf 83' lang='lat' dir='ltr'><strong>divexantium</strong></span> <span class='ocrx_word' id='word_1_184' title='bbox 2151 2472 2249 2510; x_wconf 87' lang='lat' dir='ltr'><strong>nos</strong></span> <span class='ocrx_word' id='word_1_185' title='bbox 2296 2472 2388 2526; x_wconf 92' lang='lat' dir='ltr'><strong>op-</strong></span> 
     </span>
    </p>
   </div>
   <div class='ocr_carea' id='block_1_27' title="bbox 829 2548 2387 2620">
    <p class='ocr_par' dir='ltr' id='par_1_27' title="bbox 829 2548 2387 2620">
     <span class='ocr_line' id='line_1_27' title="bbox 829 2548 2387 2620; baseline -0.003 -16"><span class='ocrx_word' id='word_1_186' title='bbox 829 2551 1144 2620; x_wconf 85' lang='lat' dir='ltr'><strong>primamur,</strong></span> <span class='ocrx_word' id='word_1_187' title='bbox 1170 2559 1344 2603; x_wconf 89' lang='lat' dir='ltr'><strong>tamen</strong></span> <span class='ocrx_word' id='word_1_188' title='bbox 1381 2565 1409 2602; x_wconf 92' lang='lat' dir='ltr'><strong>a</strong></span> <span class='ocrx_word' id='word_1_189' title='bbox 1431 2550 1654 2602; x_wconf 88' lang='lat' dir='ltr'><strong>caritate</strong></span> <span class='ocrx_word' id='word_1_190' title='bbox 1681 2548 1795 2613; x_wconf 92' lang='lat' dir='ltr'><strong>Dei,</strong></span> <span class='ocrx_word' id='word_1_191' title='bbox 1817 2563 1938 2618; x_wconf 75' lang='lat' dir='ltr'><strong>qua:</strong></span> <span class='ocrx_word' id='word_1_192' title='bbox 1985 2560 2067 2603; x_wconf 87' lang='lat' dir='ltr'><strong>est</strong></span> <span class='ocrx_word' id='word_1_193' title='bbox 2087 2549 2138 2603; x_wconf 88' lang='lat' dir='ltr'><strong>in</strong></span> <span class='ocrx_word' id='word_1_194' title='bbox 2173 2550 2387 2604; x_wconf 89' lang='lat' dir='ltr'><strong>Christo</strong></span> 
     </span>
    </p>
   </div>
   <div class='ocr_carea' id='block_1_28' title="bbox 826 2639 2387 2710">
    <p class='ocr_par' dir='ltr' id='par_1_28' title="bbox 826 2639 2387 2710">
     <span class='ocr_line' id='line_1_28' title="bbox 826 2639 2387 2710; baseline -0.002 -15"><span class='ocrx_word' id='word_1_195' title='bbox 826 2639 1013 2708; x_wconf 80' lang='lat' dir='ltr'><strong>Jesu‘,</strong></span> <span class='ocrx_word' id='word_1_196' title='bbox 1047 2656 1381 2710; x_wconf 85' lang='lat' dir='ltr'><strong>nequaquam</strong></span> <span class='ocrx_word' id='word_1_197' title='bbox 1417 2640 1752 2704; x_wconf 86' lang='lat' dir='ltr'><strong>secedamus,</strong></span> <span class='ocrx_word' id='word_1_198' title='bbox 1793 2641 1885 2694; x_wconf 87' lang='lat' dir='ltr'><strong>sed</strong></span> <span class='ocrx_word' id='word_1_199' title='bbox 1918 2641 2172 2693; x_wconf 72' lang='lat' dir='ltr'><strong>auxilium</strong></span> <span class='ocrx_word' id='word_1_200' title='bbox 2218 2657 2244 2692; x_wconf 89' lang='lat' dir='ltr'><strong>a</strong></span> <span class='ocrx_word' id='word_1_201' title='bbox 2279 2639 2387 2692; x_wconf 91' lang='lat' dir='ltr'><strong>Deo</strong></span> 
     </span>
    </p>
   </div>
   <div class='ocr_carea' id='block_1_29' title="bbox 828 2734 2384 2805">
    <p class='ocr_par' dir='ltr' id='par_1_29' title="bbox 828 2734 2384 2805">
     <span class='ocr_line' id='line_1_29' title="bbox 828 2734 2384 2805; baseline -0.004 -14"><span class='ocrx_word' id='word_1_202' title='bbox 828 2744 1226 2805; x_wconf 80' lang='lat' dir='ltr'><strong>exspectantes,</strong></span> <span class='ocrx_word' id='word_1_203' title='bbox 1259 2735 1438 2788; x_wconf 87' lang='lat' dir='ltr'><strong>anima</strong></span> <span class='ocrx_word' id='word_1_204' title='bbox 1468 2743 1577 2787; x_wconf 83' lang='lat' dir='ltr'><strong>tota</strong></span> <span class='ocrx_word' id='word_1_205' title='bbox 1605 2750 1692 2788; x_wconf 86' lang='lat' dir='ltr'><strong>res</strong></span> <span class='ocrx_word' id='word_1_206' title='bbox 1734 2737 1987 2787; x_wconf 86' lang='lat' dir='ltr'><strong>adversas</strong></span> <span class='ocrx_word' id='word_1_207' title='bbox 2034 2734 2384 2800; x_wconf 81' lang='lat' dir='ltr'><strong>perferamus.</strong></span> 
     </span>
    </p>
   </div>
   <div class='ocr_carea' id='block_1_30' title="bbox 832 2825 2384 2896">
    <p class='ocr_par' dir='ltr' id='par_1_30' title="bbox 832 2825 2384 2896">
     <span class='ocr_line' id='line_1_30' title="bbox 832 2825 2384 2896; baseline -0.006 -13"><span class='ocrx_word' id='word_1_208' title='bbox 832 2828 996 2883; x_wconf 69' lang='lat' dir='ltr'><strong>Vens.</strong></span> <span class='ocrx_word' id='word_1_209' title='bbox 1031 2827 1122 2883; x_wconf 70' lang='lat'><strong>2|.</strong></span> <span class='ocrx_word' id='word_1_210' title='bbox 1162 2827 1429 2893; x_wconf 79' lang='lat' dir='ltr'><strong>Quoniam</strong></span> <span class='ocrx_word' id='word_1_211' title='bbox 1473 2829 1526 2879; x_wconf 85' lang='lat' dir='ltr'><strong>in</strong></span> <span class='ocrx_word' id='word_1_212' title='bbox 1566 2829 1675 2896; x_wconf 89' lang='lat' dir='ltr'><strong>ipso</strong></span> <span class='ocrx_word' id='word_1_213' title='bbox 1707 2825 1971 2879; x_wconf 70' lang='lat' dir='ltr'><strong>(relabitur</strong></span> <span class='ocrx_word' id='word_1_214' title='bbox 1997 2840 2088 2875; x_wconf 82' lang='lat' dir='ltr'><strong>eor</strong></span> <span class='ocrx_word' id='word_1_215' title='bbox 2133 2834 2384 2884; x_wconf 82' lang='lat' dir='ltr'><strong>nostrum,</strong></span> 
     </span>
    </p>
   </div>
   <div class='ocr_carea' id='block_1_31' title="bbox 830 2915 2386 2984">
    <p class='ocr_par' dir='ltr' id='par_1_31' title="bbox 830 2915 2386 2984">
     <span class='ocr_line' id='line_1_31' title="bbox 830 2915 2386 2984; baseline -0.005 -10"><span class='ocrx_word' id='word_1_216' title='bbox 830 2933 879 2974; x_wconf 82' lang='lat' dir='ltr'><strong>et</strong></span> <span class='ocrx_word' id='word_1_217' title='bbox 909 2924 962 2974; x_wconf 85' lang='lat' dir='ltr'><strong>in</strong></span> <span class='ocrx_word' id='word_1_218' title='bbox 985 2922 1190 2975; x_wconf 80' lang='lat' dir='ltr'><strong>nomine</strong></span> <span class='ocrx_word' id='word_1_219' title='bbox 1229 2933 1407 2972; x_wconf 84' lang='lat' dir='ltr'><strong>sancto</strong></span> <span class='ocrx_word' id='word_1_220' title='bbox 1440 2920 1553 2984; x_wconf 84' lang='lat' dir='ltr'><strong>ejus</strong></span> <span class='ocrx_word' id='word_1_221' title='bbox 1585 2919 1919 2982; x_wconf 80' lang='lat' dir='ltr'><strong>speravimus.</strong></span> <span class='ocrx_word' id='word_1_222' title='bbox 1953 2915 2061 2968; x_wconf 88' lang='lat' dir='ltr'><strong>Hoc</strong></span> <span class='ocrx_word' id='word_1_223' title='bbox 2092 2929 2386 2968; x_wconf 88' lang='lat' dir='ltr'><strong>consonum</strong></span> 
     </span>
    </p>
   </div>
   <div class='ocr_carea' id='block_1_32' title="bbox 830 3006 2384 3078">
    <p class='ocr_par' dir='ltr' id='par_1_32' title="bbox 830 3006 2384 3078">
     <span class='ocr_line' id='line_1_32' title="bbox 830 3006 2384 3078; baseline -0.005 -12"><span class='ocrx_word' id='word_1_224' title='bbox 830 3021 912 3066; x_wconf 86' lang='lat' dir='ltr'><strong>est</strong></span> <span class='ocrx_word' id='word_1_225' title='bbox 938 3028 1057 3064; x_wconf 87' lang='lat' dir='ltr'><strong>cum</strong></span> <span class='ocrx_word' id='word_1_226' title='bbox 1099 3012 1180 3064; x_wconf 91' lang='lat' dir='ltr'><strong>his</strong></span> <span class='ocrx_word' id='word_1_227' title='bbox 1208 3024 1329 3078; x_wconf 62' lang='lat' dir='ltr'><strong>qua</strong></span> <span class='ocrx_word' id='word_1_228' title='bbox 1372 3009 1424 3062; x_wconf 91' lang='lat' dir='ltr'><strong>in</strong></span> <span class='ocrx_word' id='word_1_229' title='bbox 1475 3009 1736 3075; x_wconf 82' lang='lat' dir='ltr'><strong>principio</strong></span> <span class='ocrx_word' id='word_1_230' title='bbox 1780 3006 1972 3074; x_wconf 81' lang='lat' dir='ltr'><strong>psalmi</strong></span> <span class='ocrx_word' id='word_1_231' title='bbox 2024 3007 2162 3060; x_wconf 90' lang='lat' dir='ltr'><strong>dicta</strong></span> <span class='ocrx_word' id='word_1_232' title='bbox 2212 3016 2384 3059; x_wconf 89' lang='lat' dir='ltr'><strong>sunt:</strong></span> 
     </span>
    </p>
   </div>
   <div class='ocr_carea' id='block_1_33' title="bbox 833 3096 2389 3168">
    <p class='ocr_par' dir='ltr' id='par_1_33' title="bbox 833 3096 2389 3168">
     <span class='ocr_line' id='line_1_33' title="bbox 833 3096 2389 3168; baseline -0.005 -11"><span class='ocrx_word' id='word_1_233' title='bbox 833 3102 1133 3164; x_wconf 68' lang='lat' dir='ltr'><strong>Exsultate,</strong></span> <span class='ocrx_word' id='word_1_234' title='bbox 1163 3099 1329 3168; x_wconf 86' lang='lat' dir='ltr'><strong>justi,</strong></span> <span class='ocrx_word' id='word_1_235' title='bbox 1357 3100 1411 3150; x_wconf 89' lang='lat' dir='ltr'><strong>in</strong></span> <span class='ocrx_word' id='word_1_236' title='bbox 1450 3098 1686 3150; x_wconf 85' lang='lat' dir='ltr'><strong>Domino.</strong></span> <span class='ocrx_word' id='word_1_237' title='bbox 1722 3097 1822 3160; x_wconf 87' lang='lat' dir='ltr'><strong>Et,</strong></span> <span class='ocrx_word' id='word_1_238' title='bbox 1863 3097 1928 3150; x_wconf 85' lang='lat' dir='ltr'><strong>In</strong></span> <span class='ocrx_word' id='word_1_239' title='bbox 1971 3099 2079 3163; x_wconf 90' lang='lat' dir='ltr'><strong>ipso</strong></span> <span class='ocrx_word' id='word_1_240' title='bbox 2126 3096 2389 3150; x_wconf 79' lang='lat' dir='ltr'><strong>lwtabitur</strong></span> 
     </span>
    </p>
   </div>
   <div class='ocr_carea' id='block_1_34' title="bbox 833 3190 2457 3294">
    <p class='ocr_par' dir='ltr' id='par_1_34' title="bbox 833 3190 2457 3294">
     <span class='ocr_line' id='line_1_34' title="bbox 833 3190 2457 3294; baseline -0.004 -45"><span class='ocrx_word' id='word_1_241' title='bbox 833 3211 925 3249; x_wconf 84' lang='lat' dir='ltr'><strong>cor</strong></span> <span class='ocrx_word' id='word_1_242' title='bbox 955 3205 1213 3249; x_wconf 84' lang='lat' dir='ltr'><strong>nostrum.</strong></span> <span class='ocrx_word' id='word_1_243' title='bbox 1249 3193 1313 3245; x_wconf 84' lang='lat' dir='ltr'><strong>Et</strong></span> <span class='ocrx_word' id='word_1_244' title='bbox 1340 3191 1469 3245; x_wconf 86' lang='lat' dir='ltr'><strong>mihi</strong></span> <span class='ocrx_word' id='word_1_245' title='bbox 1502 3191 1715 3243; x_wconf 87' lang='lat' dir='ltr'><strong>videtur</strong></span> <span class='ocrx_word' id='word_1_246' title='bbox 1744 3190 2030 3260; x_wconf 86' lang='lat' dir='ltr'><strong>Apostolus</strong></span> <span class='ocrx_word' id='word_1_247' title='bbox 2064 3191 2390 3244; x_wconf 83' lang='lat' dir='ltr'><strong>convenien—</strong></span> <span class='ocrx_word' id='word_1_248' title='bbox 2417 3239 2457 3294; x_wconf 65' lang='grc' dir='ltr'>Ο</span> 
     </span>
    </p>
   </div>
   <div class='ocr_carea' id='block_1_35' title="bbox 837 3281 2389 3348">
    <p class='ocr_par' dir='ltr' id='par_1_35' title="bbox 837 3281 2389 3348">
     <span class='ocr_line' id='line_1_35' title="bbox 837 3281 2389 3348; baseline -0.003 -8"><span class='ocrx_word' id='word_1_249' title='bbox 837 3299 918 3340; x_wconf 88' lang='lat' dir='ltr'><strong>ter</strong></span> <span class='ocrx_word' id='word_1_250' title='bbox 968 3288 1052 3340; x_wconf 82' lang='lat' dir='ltr'><strong>his</strong></span> <span class='ocrx_word' id='word_1_251' title='bbox 1096 3287 1295 3339; x_wconf 79' lang='lat' dir='ltr'><strong>dixisse</strong></span> <span class='ocrx_word' id='word_1_252' title='bbox 1330 3283 1502 3337; x_wconf 88' lang='lat' dir='ltr'><strong>illud:</strong></span> <span class='ocrx_word' id='word_1_253' title='bbox 1553 3282 1618 3336; x_wconf 87' lang='lat' dir='ltr'><strong>In</strong></span> <span class='ocrx_word' id='word_1_254' title='bbox 1665 3283 1745 3336; x_wconf 78' lang='lat' dir='ltr'><strong>Itis</strong></span> <span class='ocrx_word' id='word_1_255' title='bbox 1795 3281 2031 3336; x_wconf 88' lang='lat' dir='ltr'><strong>omnibus</strong></span> <span class='ocrx_word' id='word_1_256' title='bbox 2086 3299 2389 3348; x_wconf 76' lang='lat' dir='ltr'><strong>superamus</strong></span> 
     </span>
    </p>
   </div>
   <div class='ocr_carea' id='block_1_36' title="bbox 834 3371 2392 3442">
    <p class='ocr_par' dir='ltr' id='par_1_36' title="bbox 834 3371 2392 3442">
     <span class='ocr_line' id='line_1_36' title="bbox 834 3371 2392 3442; baseline -0.004 -15"><span class='ocrx_word' id='word_1_257' title='bbox 834 3386 1041 3442; x_wconf 84' lang='lat' dir='ltr'><strong>prapler</strong></span> <span class='ocrx_word' id='word_1_258' title='bbox 1073 3392 1189 3426; x_wconf 88' lang='lat' dir='ltr'><strong>eum</strong></span> <span class='ocrx_word' id='word_1_259' title='bbox 1230 3377 1318 3442; x_wconf 86' lang='lat' dir='ltr'><strong>qui</strong></span> <span class='ocrx_word' id='word_1_260' title='bbox 1369 3374 1552 3426; x_wconf 70' lang='lat' dir='ltr'><strong>dilexit</strong></span> <span class='ocrx_word' id='word_1_261' title='bbox 1582 3390 1672 3426; x_wconf 82' lang='lat' dir='ltr'><strong>nos</strong></span> <span class='ocrx_word' id='word_1_262' title='bbox 1700 3374 1754 3438; x_wconf 90' lang='grc'>⁷;</span> <span class='ocrx_word' id='word_1_263' title='bbox 1797 3372 1952 3442; x_wconf 69' lang='grc'><strong>142</strong></span> <span class='ocrx_word' id='word_1_264' title='bbox 1982 3382 2033 3426; x_wconf 89' lang='lat' dir='ltr'><strong>et</strong></span> <span class='ocrx_word' id='word_1_265' title='bbox 2065 3373 2189 3425; x_wconf 90' lang='lat' dir='ltr'><strong>illud</strong></span> <span class='ocrx_word' id='word_1_266' title='bbox 2227 3393 2238 3425; x_wconf 92' lang='lat'>:</span> <span class='ocrx_word' id='word_1_267' title='bbox 2269 3371 2392 3424; x_wconf 83' lang='lat' dir='ltr'><strong>Non</strong></span> 
     </span>
    </p>
   </div>
   <div class='ocr_carea' id='block_1_37' title="bbox 834 3463 2388 3534">
    <p class='ocr_par' dir='ltr' id='par_1_37' title="bbox 834 3463 2388 3534">
     <span class='ocr_line' id='line_1_37' title="bbox 834 3463 2388 3534; baseline -0.004 -12"><span class='ocrx_word' id='word_1_268' title='bbox 834 3471 1002 3523; x_wconf 86' lang='lat' dir='ltr'><strong>solum</strong></span> <span class='ocrx_word' id='word_1_269' title='bbox 1037 3478 1246 3531; x_wconf 82' lang='lat' dir='ltr'><strong>autent,</strong></span> <span class='ocrx_word' id='word_1_270' title='bbox 1279 3468 1369 3520; x_wconf 74' lang='lat' dir='ltr'><strong>sed</strong></span> <span class='ocrx_word' id='word_1_271' title='bbox 1399 3475 1447 3519; x_wconf 89' lang='lat' dir='ltr'><strong>et</strong></span> <span class='ocrx_word' id='word_1_272' title='bbox 1492 3467 1772 3534; x_wconf 81' lang='lat' dir='ltr'><strong>gloriantes</strong></span> <span class='ocrx_word' id='word_1_273' title='bbox 1809 3468 1862 3518; x_wconf 86' lang='lat' dir='ltr'><strong>in</strong></span> <span class='ocrx_word' id='word_1_274' title='bbox 1900 3465 2319 3517; x_wconf 75' lang='lat' dir='ltr'><strong>tribulationibus</strong></span> <span class='ocrx_word' id='word_1_275' title='bbox 2348 3463 2388 3516; x_wconf 84' lang='grc'>⁸.</span> 
     </span>
    </p>
   </div>
   <div class='ocr_carea' id='block_1_38' title="bbox 837 3556 2393 3623">
    <p class='ocr_par' dir='ltr' id='par_1_38' title="bbox 837 3556 2393 3623">
     <span class='ocr_line' id='line_1_38' title="bbox 837 3556 2393 3623; baseline -0.004 -9"><span class='ocrx_word' id='word_1_276' title='bbox 837 3561 970 3614; x_wconf 80' lang='lat' dir='ltr'><strong>Nam</strong></span> <span class='ocrx_word' id='word_1_277' title='bbox 1007 3575 1125 3614; x_wconf 91' lang='lat' dir='ltr'><strong>cum</strong></span> <span class='ocrx_word' id='word_1_278' title='bbox 1155 3557 1435 3613; x_wconf 82' lang='lat' dir='ltr'><strong>Psalmista</strong></span> <span class='ocrx_word' id='word_1_279' title='bbox 1468 3558 1692 3612; x_wconf 75' lang='lat' dir='ltr'><strong>dixisset</strong></span> <span class='ocrx_word' id='word_1_280' title='bbox 1724 3575 1738 3610; x_wconf 89' lang='lat'><strong>:</strong></span> <span class='ocrx_word' id='word_1_281' title='bbox 1776 3556 1963 3608; x_wconf 83' lang='lat' dir='ltr'><strong>Anima</strong></span> <span class='ocrx_word' id='word_1_282' title='bbox 1999 3567 2174 3609; x_wconf 89' lang='lat' dir='ltr'><strong>nostra</strong></span> <span class='ocrx_word' id='word_1_283' title='bbox 2195 3556 2393 3623; x_wconf 84' lang='lat' dir='ltr'><strong>patiens</strong></span> 
     </span>
    </p>
   </div>
   <div class='ocr_carea' id='block_1_39' title="bbox 833 3650 2396 3716">
    <p class='ocr_par' dir='ltr' id='par_1_39' title="bbox 833 3650 2396 3716">
     <span class='ocr_line' id='line_1_39' title="bbox 833 3650 2396 3716; baseline -0.003 -10"><span class='ocrx_word' id='word_1_284' title='bbox 833 3664 910 3706; x_wconf 86' lang='lat' dir='ltr'><strong>est</strong></span> <span class='ocrx_word' id='word_1_285' title='bbox 940 3651 1180 3713; x_wconf 88' lang='lat' dir='ltr'><strong>Domino,</strong></span> <span class='ocrx_word' id='word_1_286' title='bbox 1213 3661 1271 3703; x_wconf 91' lang='lat' dir='ltr'><strong>ut</strong></span> <span class='ocrx_word' id='word_1_287' title='bbox 1299 3651 1628 3702; x_wconf 86' lang='lat' dir='ltr'><strong>demonstret</strong></span> <span class='ocrx_word' id='word_1_288' title='bbox 1657 3650 1797 3716; x_wconf 86' lang='lat' dir='ltr'><strong>quod</strong></span> <span class='ocrx_word' id='word_1_289' title='bbox 1827 3663 1930 3700; x_wconf 89' lang='lat' dir='ltr'><strong>non</strong></span> <span class='ocrx_word' id='word_1_290' title='bbox 1957 3656 2199 3709; x_wconf 85' lang='lat' dir='ltr'><strong>coactus.</strong></span> <span class='ocrx_word' id='word_1_291' title='bbox 2226 3660 2396 3716; x_wconf 81' lang='lat' dir='ltr'><strong>neque</strong></span> 
     </span>
    </p>
   </div>
   <div class='ocr_carea' id='block_1_40' title="bbox 835 3743 2395 3815">
    <p class='ocr_par' dir='ltr' id='par_1_40' title="bbox 835 3743 2395 3815">
     <span class='ocr_line' id='line_1_40' title="bbox 835 3743 2395 3815; baseline -0.005 -14"><span class='ocrx_word' id='word_1_292' title='bbox 835 3748 902 3801; x_wconf 86' lang='lat' dir='ltr'><strong>ab</strong></span> <span class='ocrx_word' id='word_1_293' title='bbox 928 3745 1190 3815; x_wconf 84' lang='lat' dir='ltr'><strong>angustiis</strong></span> <span class='ocrx_word' id='word_1_294' title='bbox 1240 3752 1454 3812; x_wconf 84' lang='lat' dir='ltr'><strong>pressus</strong></span> <span class='ocrx_word' id='word_1_295' title='bbox 1489 3745 1801 3811; x_wconf 87' lang='lat' dir='ltr'><strong>patientiam</strong></span> <span class='ocrx_word' id='word_1_296' title='bbox 1838 3751 2094 3806; x_wconf 82' lang='lat' dir='ltr'><strong>ostentet,</strong></span> <span class='ocrx_word' id='word_1_297' title='bbox 2151 3743 2244 3796; x_wconf 83' lang='lat' dir='ltr'><strong>sed</strong></span> <span class='ocrx_word' id='word_1_298' title='bbox 2274 3757 2395 3795; x_wconf 91' lang='lat' dir='ltr'><strong>cum</strong></span> 
     </span>
    </p>
   </div>
   <div class='ocr_carea' id='block_1_41' title="bbox 834 3835 2392 3906">
    <p class='ocr_par' dir='ltr' id='par_1_41' title="bbox 834 3835 2392 3906">
     <span class='ocr_line' id='line_1_41' title="bbox 834 3835 2392 3906; baseline -0.006 -11"><span class='ocrx_word' id='word_1_299' title='bbox 834 3839 980 3897; x_wconf 89' lang='lat' dir='ltr'><strong>omni</strong></span> <span class='ocrx_word' id='word_1_300' title='bbox 1006 3838 1198 3906; x_wconf 83' lang='lat' dir='ltr'><strong>gaudio</strong></span> <span class='ocrx_word' id='word_1_301' title='bbox 1224 3851 1320 3904; x_wconf 87' lang='lat' dir='ltr'><strong>pro</strong></span> <span class='ocrx_word' id='word_1_302' title='bbox 1349 3838 1562 3890; x_wconf 91' lang='lat' dir='ltr'><strong>nomine</strong></span> <span class='ocrx_word' id='word_1_303' title='bbox 1585 3836 1793 3888; x_wconf 89' lang='lat' dir='ltr'><strong>Domini</strong></span> <span class='ocrx_word' id='word_1_304' title='bbox 1820 3835 2080 3902; x_wconf 88' lang='lat' dir='ltr'><strong>suscipiat</strong></span> <span class='ocrx_word' id='word_1_305' title='bbox 2102 3847 2392 3898; x_wconf 58' lang='lat' dir='ltr'><strong>erumnas,</strong></span> 
     </span>
    </p>
   </div>
   <div class='ocr_carea' id='block_1_42' title="bbox 836 3922 2393 3995">
    <p class='ocr_par' dir='ltr' id='par_1_42' title="bbox 836 3922 2393 3995">
     <span class='ocr_line' id='line_1_42' title="bbox 836 3922 2393 3995; baseline -0.008 -9"><span class='ocrx_word' id='word_1_306' title='bbox 836 3933 953 3986; x_wconf 80' lang='lat' dir='ltr'><strong>Non</strong></span> <span class='ocrx_word' id='word_1_307' title='bbox 987 3929 1155 3986; x_wconf 87' lang='lat' dir='ltr'><strong>solum</strong></span> <span class='ocrx_word' id='word_1_308' title='bbox 1177 3969 1193 3994; x_wconf 94' lang='lat'><strong>,</strong></span> <span class='ocrx_word' id='word_1_309' title='bbox 1231 3928 1402 3995; x_wconf 87' lang='lat' dir='ltr'><strong>inquit</strong></span> <span class='ocrx_word' id='word_1_310' title='bbox 1422 3966 1437 3990; x_wconf 84' lang='lat'><strong>,</strong></span> <span class='ocrx_word' id='word_1_311' title='bbox 1464 3926 1727 3995; x_wconf 84' lang='lat' dir='ltr'><strong>patientes</strong></span> <span class='ocrx_word' id='word_1_312' title='bbox 1775 3940 1960 3979; x_wconf 89' lang='lat' dir='ltr'><strong>sumus</strong></span> <span class='ocrx_word' id='word_1_313' title='bbox 1978 3964 1993 3988; x_wconf 93' lang='lat'><strong>,</strong></span> <span class='ocrx_word' id='word_1_314' title='bbox 2022 3925 2113 3977; x_wconf 87' lang='lat' dir='ltr'><strong>sed</strong></span> <span class='ocrx_word' id='word_1_315' title='bbox 2140 3923 2300 3975; x_wconf 92' lang='lat' dir='ltr'><strong>etiam</strong></span> <span class='ocrx_word' id='word_1_316' title='bbox 2327 3922 2393 3975; x_wconf 84' lang='lat' dir='ltr'><strong>In</strong></span> 
     </span>
    </p>
   </div>
   <div class='ocr_carea' id='block_1_43' title="bbox 836 4015 2392 4094">
    <p class='ocr_par' dir='ltr' id='par_1_43' title="bbox 836 4015 2392 4094">
     <span class='ocr_line' id='line_1_43' title="bbox 836 4015 2392 4094; baseline -0.006 -16"><span class='ocrx_word' id='word_1_317' title='bbox 836 4026 951 4094; x_wconf 85' lang='lat' dir='ltr'><strong>ipso</strong></span> <span class='ocrx_word' id='word_1_318' title='bbox 978 4021 1242 4076; x_wconf 72' lang='lat' dir='ltr'><strong>(relabitur</strong></span> <span class='ocrx_word' id='word_1_319' title='bbox 1270 4035 1358 4072; x_wconf 89' lang='lat' dir='ltr'><strong>cor</strong></span> <span class='ocrx_word' id='word_1_320' title='bbox 1391 4031 1625 4072; x_wconf 83' lang='lat' dir='ltr'><strong>nostrum</strong></span> <span class='ocrx_word' id='word_1_321' title='bbox 1651 4057 1666 4083; x_wconf 93' lang='lat'><strong>,</strong></span> <span class='ocrx_word' id='word_1_322' title='bbox 1693 4029 1736 4071; x_wconf 90' lang='lat' dir='ltr'><strong>et</strong></span> <span class='ocrx_word' id='word_1_323' title='bbox 1764 4018 1817 4070; x_wconf 86' lang='lat' dir='ltr'><strong>in</strong></span> <span class='ocrx_word' id='word_1_324' title='bbox 1843 4018 2047 4070; x_wconf 86' lang='lat' dir='ltr'><strong>nomine</strong></span> <span class='ocrx_word' id='word_1_325' title='bbox 2072 4025 2252 4069; x_wconf 83' lang='lat' dir='ltr'><strong>sancto</strong></span> <span class='ocrx_word' id='word_1_326' title='bbox 2279 4015 2392 4085; x_wconf 83' lang='lat' dir='ltr'><strong>ejus</strong></span> 
     </span>
    </p>
   </div>
   <div class='ocr_carea' id='block_1_44' title="bbox 835 4098 2387 4182">
    <p class='ocr_par' dir='ltr' id='par_1_44' title="bbox 835 4098 2387 4182">
     <span class='ocr_line' id='line_1_44' title="bbox 835 4098 2387 4182; baseline -0.004 -16"><span class='ocrx_word' id='word_1_327' title='bbox 835 4113 1173 4182; x_wconf 78' lang='lat' dir='ltr'><strong>speravimus.</strong></span> <span class='ocrx_word' id='word_1_328' title='bbox 1201 4110 1346 4164; x_wconf 87' lang='lat' dir='ltr'><strong>Satis</strong></span> <span class='ocrx_word' id='word_1_329' title='bbox 1377 4098 1527 4163; x_wconf 76' lang='lat' dir='ltr'><strong>nobis</strong></span> <span class='ocrx_word' id='word_1_330' title='bbox 1547 4120 1628 4163; x_wconf 88' lang='lat' dir='ltr'><strong>est</strong></span> <span class='ocrx_word' id='word_1_331' title='bbox 1651 4110 1717 4162; x_wconf 87' lang='lat' dir='ltr'><strong>ad</strong></span> <span class='ocrx_word' id='word_1_332' title='bbox 1741 4124 1928 4163; x_wconf 86' lang='lat' dir='ltr'><strong>omnes</strong></span> <span class='ocrx_word' id='word_1_333' title='bbox 1955 4108 2387 4162; x_wconf 86' lang='lat' dir='ltr'><strong>adversariorum</strong></span> 
     </span>
    </p>
   </div>
   <div class='ocr_carea' id='block_1_45' title="bbox 834 4196 2389 4263">
    <p class='ocr_par' dir='ltr' id='par_1_45' title="bbox 834 4196 2389 4263">
     <span class='ocr_line' id='line_1_45' title="bbox 834 4196 2389 4263; baseline -0.005 -5"><span class='ocrx_word' id='word_1_334' title='bbox 834 4204 1112 4258; x_wconf 80' lang='lat' dir='ltr'><strong>evitandus</strong></span> <span class='ocrx_word' id='word_1_335' title='bbox 1156 4205 1404 4263; x_wconf 87' lang='lat' dir='ltr'><strong>insultus,</strong></span> <span class='ocrx_word' id='word_1_336' title='bbox 1437 4201 1479 4254; x_wconf 88' lang='lat' dir='ltr'><strong>si</strong></span> <span class='ocrx_word' id='word_1_337' title='bbox 1523 4201 1864 4254; x_wconf 91' lang='lat' dir='ltr'><strong>nominemur</strong></span> <span class='ocrx_word' id='word_1_338' title='bbox 1906 4198 2217 4254; x_wconf 77' lang='lat' dir='ltr'><strong>Christiani.</strong></span> <span class='ocrx_word' id='word_1_339' title='bbox 2252 4196 2389 4251; x_wconf 86' lang='lat' dir='ltr'><strong>San-</strong></span> 
     </span>
    </p>
   </div>
   <div class='ocr_carea' id='block_1_46' title="bbox 836 4291 2392 4360">
    <p class='ocr_par' dir='ltr' id='par_1_46' title="bbox 836 4291 2392 4360">
     <span class='ocr_line' id='line_1_46' title="bbox 836 4291 2392 4360; baseline -0.004 -10"><span class='ocrx_word' id='word_1_340' title='bbox 836 4306 983 4350; x_wconf 88' lang='lat' dir='ltr'><strong>ctum</strong></span> <span class='ocrx_word' id='word_1_341' title='bbox 1025 4303 1204 4347; x_wconf 90' lang='lat' dir='ltr'><strong>autem</strong></span> <span class='ocrx_word' id='word_1_342' title='bbox 1240 4307 1358 4346; x_wconf 86' lang='lat' dir='ltr'><strong>esse</strong></span> <span class='ocrx_word' id='word_1_343' title='bbox 1397 4292 1488 4345; x_wconf 89' lang='lat' dir='ltr'><strong>Dei</strong></span> <span class='ocrx_word' id='word_1_344' title='bbox 1511 4308 1700 4346; x_wconf 88' lang='lat' dir='ltr'><strong>nomen</strong></span> <span class='ocrx_word' id='word_1_345' title='bbox 1733 4293 1951 4356; x_wconf 89' lang='lat' dir='ltr'><strong>dicitur,</strong></span> <span class='ocrx_word' id='word_1_346' title='bbox 1983 4307 2086 4345; x_wconf 90' lang='lat' dir='ltr'><strong>non</strong></span> <span class='ocrx_word' id='word_1_347' title='bbox 2112 4291 2295 4360; x_wconf 89' lang='lat' dir='ltr'><strong>utique</strong></span> <span class='ocrx_word' id='word_1_348' title='bbox 2327 4306 2392 4343; x_wconf 78' lang='lat' dir='ltr'><strong>ex</strong></span> 
     </span>
    </p>
   </div>
   <div class='ocr_carea' id='block_1_47' title="bbox 835 4383 2392 4458">
    <p class='ocr_par' dir='ltr' id='par_1_47' title="bbox 835 4383 2392 4458">
     <span class='ocr_line' id='line_1_47' title="bbox 835 4383 2392 4458; baseline -0.006 -13"><span class='ocrx_word' id='word_1_349' title='bbox 835 4404 902 4445; x_wconf 88' lang='lat' dir='ltr'><strong>eo</strong></span> <span class='ocrx_word' id='word_1_350' title='bbox 945 4387 1088 4458; x_wconf 86' lang='lat' dir='ltr'><strong>quod</strong></span> <span class='ocrx_word' id='word_1_351' title='bbox 1127 4387 1180 4439; x_wconf 91' lang='lat' dir='ltr'><strong>in</strong></span> <span class='ocrx_word' id='word_1_352' title='bbox 1226 4385 1442 4454; x_wconf 86' lang='lat' dir='ltr'><strong>syllabis</strong></span> <span class='ocrx_word' id='word_1_353' title='bbox 1493 4384 1655 4437; x_wconf 91' lang='lat' dir='ltr'><strong>ullam</strong></span> <span class='ocrx_word' id='word_1_354' title='bbox 1711 4384 2012 4437; x_wconf 89' lang='lat' dir='ltr'><strong>sanctitatis</strong></span> <span class='ocrx_word' id='word_1_355' title='bbox 2055 4383 2392 4438; x_wconf 64' lang='lat' dir='ltr'><strong>conferendae</strong></span> 
     </span>
    </p>
   </div>
   <div class='ocr_carea' id='block_1_48' title="bbox 837 4475 2394 4545">
    <p class='ocr_par' dir='ltr' id='par_1_48' title="bbox 837 4475 2394 4545">
     <span class='ocr_line' id='line_1_48' title="bbox 837 4475 2394 4545; baseline -0.006 -9"><span class='ocrx_word' id='word_1_356' title='bbox 837 4483 943 4538; x_wconf 77' lang='lat' dir='ltr'><strong>vim</strong></span> <span class='ocrx_word' id='word_1_357' title='bbox 994 4480 1206 4543; x_wconf 88' lang='lat' dir='ltr'><strong>habeat,</strong></span> <span class='ocrx_word' id='word_1_358' title='bbox 1238 4476 1332 4531; x_wconf 88' lang='lat' dir='ltr'><strong>sed</strong></span> <span class='ocrx_word' id='word_1_359' title='bbox 1372 4477 1516 4545; x_wconf 90' lang='lat' dir='ltr'><strong>quod</strong></span> <span class='ocrx_word' id='word_1_360' title='bbox 1541 4476 1714 4530; x_wconf 88' lang='lat' dir='ltr'><strong>omnis</strong></span> <span class='ocrx_word' id='word_1_361' title='bbox 1738 4475 1830 4529; x_wconf 83' lang='lat' dir='ltr'><strong>Dei</strong></span> <span class='ocrx_word' id='word_1_362' title='bbox 1864 4477 2185 4544; x_wconf 90' lang='lat' dir='ltr'><strong>proprietas,</strong></span> <span class='ocrx_word' id='word_1_363' title='bbox 2226 4484 2280 4530; x_wconf 88' lang='lat' dir='ltr'><strong>et</strong></span> <span class='ocrx_word' id='word_1_364' title='bbox 2313 4476 2394 4528; x_wconf 89' lang='lat' dir='ltr'><strong>in-</strong></span> 
     </span>
    </p>
   </div>
   <div class='ocr_carea' id='block_1_49' title="bbox 2489 627 4052 705">
    <p class='ocr_par' dir='ltr' id='par_1_49' title="bbox 2489 627 4052 705">
     <span class='ocr_line' id='line_1_49' title="bbox 2489 627 4052 705; baseline 0.002 -19"><span class='ocrx_word' id='word_1_365' title='bbox 2489 651 2697 704; x_wconf 84' lang='grc' dir='ltr'>πωμεν,</span> <span class='ocrx_word' id='word_1_366' title='bbox 2729 632 2822 686; x_wconf 74' lang='grc' dir='ltr'><strong>καὶ</strong></span> <span class='ocrx_word' id='word_1_367' title='bbox 2851 627 2980 686; x_wconf 75' lang='grc' dir='ltr'>ὦσιν</span> <span class='ocrx_word' id='word_1_368' title='bbox 3009 632 3166 704; x_wconf 79' lang='grc' dir='ltr'>ἡμῶν</span> <span class='ocrx_word' id='word_1_369' title='bbox 3187 635 3236 684; x_wconf 86' lang='grc' dir='ltr'><strong>οἱ</strong></span> <span class='ocrx_word' id='word_1_370' title='bbox 3261 634 3526 705; x_wconf 73' lang='grc' dir='ltr'>ὀφθαλμοὶ</span> <span class='ocrx_word' id='word_1_371' title='bbox 3557 635 3691 704; x_wconf 78' lang='grc' dir='ltr'>πρὸς</span> <span class='ocrx_word' id='word_1_372' title='bbox 3719 638 3902 702; x_wconf 76' lang='grc' dir='ltr'>αὑτὸν,</span> <span class='ocrx_word' id='word_1_373' title='bbox 3927 637 4052 690; x_wconf 82' lang='grc' dir='ltr'>ὥστ’</span> 
     </span>
    </p>
   </div>
   <div class='ocr_carea' id='block_1_50' title="bbox 2485 721 4054 794">
    <p class='ocr_par' dir='ltr' id='par_1_50' title="bbox 2485 721 4054 794">
     <span class='ocr_line' id='line_1_50' title="bbox 2485 721 4054 794; baseline 0.003 -19"><span class='ocrx_word' id='word_1_374' title='bbox 2485 723 2550 777; x_wconf 83' lang='grc' dir='ltr'><strong>ἂν</strong></span> <span class='ocrx_word' id='word_1_375' title='bbox 2579 727 2746 777; x_wconf 78' lang='grc' dir='ltr'>εἰπεῖν</span> <span class='ocrx_word' id='word_1_376' title='bbox 2801 725 2981 793; x_wconf 78' lang='grc' dir='ltr'>ἡμᾶς·</span> <span class='ocrx_word' id='word_1_377' title='bbox 3034 721 3184 777; x_wconf 86' lang='grc' dir='ltr'><strong>Ἰδοὺ</strong></span> <span class='ocrx_word' id='word_1_378' title='bbox 3230 723 3310 786; x_wconf 88' lang='grc' dir='ltr'><strong>ὡς</strong></span> <span class='ocrx_word' id='word_1_379' title='bbox 3356 724 3658 794; x_wconf 68' lang='grc' dir='ltr'><strong>ὀφθαλμοὶ.</strong></span> <span class='ocrx_word' id='word_1_380' title='bbox 3691 724 3930 781; x_wconf 63' lang='grc' dir='ltr'>δούλων</span> <span class='ocrx_word' id='word_1_381' title='bbox 3969 729 4054 791; x_wconf 76' lang='grc' dir='ltr'>εἰς</span> 
     </span>
    </p>
   </div>
   <div class='ocr_carea' id='block_1_51' title="bbox 2487 813 4050 891">
    <p class='ocr_par' dir='ltr' id='par_1_51' title="bbox 2487 813 4050 891">
     <span class='ocr_line' id='line_1_51' title="bbox 2487 813 4050 891; baseline 0.005 -25"><span class='ocrx_word' id='word_1_382' title='bbox 2487 814 2685 883; x_wconf 80' lang='grc' dir='ltr'>χεῖρας</span> <span class='ocrx_word' id='word_1_383' title='bbox 2721 814 2838 867; x_wconf 83' lang='grc' dir='ltr'><strong>τῶν</strong></span> <span class='ocrx_word' id='word_1_384' title='bbox 2887 817 3106 882; x_wconf 83' lang='grc' dir='ltr'><strong>κυρίων</strong></span> <span class='ocrx_word' id='word_1_385' title='bbox 3160 813 3376 879; x_wconf 83' lang='grc' dir='ltr'>αὐτῶν,</span> <span class='ocrx_word' id='word_1_386' title='bbox 3419 818 3607 881; x_wconf 80' lang='grc' dir='ltr'>οὕτως</span> <span class='ocrx_word' id='word_1_387' title='bbox 3655 821 3708 872; x_wconf 82' lang='grc' dir='ltr'>οί</span> <span class='ocrx_word' id='word_1_388' title='bbox 3757 821 4050 891; x_wconf 71' lang='grc' dir='ltr'><strong>ὀφθαλμοὶ</strong></span> 
     </span>
    </p>
   </div>
   <div class='ocr_carea' id='block_1_52' title="bbox 2487 905 4053 979">
    <p class='ocr_par' dir='ltr' id='par_1_52' title="bbox 2487 905 4053 979">
     <span class='ocr_line' id='line_1_52' title="bbox 2487 905 4053 979; baseline -0.002 -21"><span class='ocrx_word' id='word_1_389' title='bbox 2487 905 2655 973; x_wconf 79' lang='grc' dir='ltr'><strong>ήμῶν</strong></span> <span class='ocrx_word' id='word_1_390' title='bbox 2689 906 2837 972; x_wconf 80' lang='grc' dir='ltr'>πρὸς</span> <span class='ocrx_word' id='word_1_391' title='bbox 2882 909 3103 974; x_wconf 80' lang='grc' dir='ltr'><em>Κύριον</em></span> <span class='ocrx_word' id='word_1_392' title='bbox 3146 906 3251 959; x_wconf 77' lang='grc' dir='ltr'><strong>τὸν</strong></span> <span class='ocrx_word' id='word_1_393' title='bbox 3292 906 3440 960; x_wconf 84' lang='grc' dir='ltr'><strong>Θεὸν</strong></span> <span class='ocrx_word' id='word_1_394' title='bbox 3480 910 3681 979; x_wconf 76' lang='grc' dir='ltr'><strong>ἡμῶν·</strong></span> <span class='ocrx_word' id='word_1_395' title='bbox 3730 911 3850 964; x_wconf 79' lang='grc' dir='ltr'>τότε</span> <span class='ocrx_word' id='word_1_396' title='bbox 3895 915 4053 967; x_wconf 59' lang='grc' dir='ltr'>οἱονεὶ</span> 
     </span>
    </p>
   </div>
   <div class='ocr_carea' id='block_1_53' title="bbox 2486 996 4052 1072">
    <p class='ocr_par' dir='ltr' id='par_1_53' title="bbox 2486 996 4052 1072">
     <span class='ocr_line' id='line_1_53' title="bbox 2486 996 4052 1072; baseline 0.007 -24"><span class='ocrx_word' id='word_1_397' title='bbox 2486 996 2822 1066; x_wconf 78' lang='grc' dir='ltr'>ὲφελκόμεθα</span> <span class='ocrx_word' id='word_1_398' title='bbox 2849 999 2983 1063; x_wconf 74' lang='grc' dir='ltr'>πρὸς</span> <span class='ocrx_word' id='word_1_399' title='bbox 3015 999 3111 1068; x_wconf 81' lang='grc' dir='ltr'><strong>τὴν</strong></span> <span class='ocrx_word' id='word_1_400' title='bbox 3142 997 3443 1068; x_wconf 79' lang='grc' dir='ltr'><strong>ἐπισκοπὴν</strong></span> <span class='ocrx_word' id='word_1_401' title='bbox 3477 1002 3631 1069; x_wconf 76' lang='grc' dir='ltr'>ἡμῶν</span> <span class='ocrx_word' id='word_1_402' title='bbox 3660 1007 3750 1057; x_wconf 77' lang='grc' dir='ltr'><strong>τὸν</strong></span> <span class='ocrx_word' id='word_1_403' title='bbox 3783 1002 4052 1072; x_wconf 80' lang='grc' dir='ltr'>ὀφθαλμὸν</span> 
     </span>
    </p>
   </div>
   <div class='ocr_carea' id='block_1_54' title="bbox 2484 1087 4051 1160">
    <p class='ocr_par' dir='ltr' id='par_1_54' title="bbox 2484 1087 4051 1160">
     <span class='ocr_line' id='line_1_54' title="bbox 2484 1087 4051 1160; baseline 0.006 -21"><span class='ocrx_word' id='word_1_404' title='bbox 2484 1087 2577 1140; x_wconf 80' lang='grc' dir='ltr'><strong>τοῦ</strong></span> <span class='ocrx_word' id='word_1_405' title='bbox 2602 1089 2824 1160; x_wconf 81' lang='grc' dir='ltr'>Κυρίου.</span> <span class='ocrx_word' id='word_1_406' title='bbox 2865 1088 3009 1152; x_wconf 86' lang='grc' dir='ltr'><strong>Τοὺς</strong></span> <span class='ocrx_word' id='word_1_407' title='bbox 3026 1087 3375 1156; x_wconf 72' lang='grc' dir='ltr'><em>ἐλπίζοντας</em></span> <span class='ocrx_word' id='word_1_408' title='bbox 3414 1090 3525 1160; x_wconf 78' lang='grc'><strong>(41)</strong></span> <span class='ocrx_word' id='word_1_409' title='bbox 3558 1093 3656 1146; x_wconf 76' lang='grc' dir='ltr'><strong>ἐπὶ</strong></span> <span class='ocrx_word' id='word_1_410' title='bbox 3676 1096 3743 1149; x_wconf 81' lang='grc' dir='ltr'>τὸ</span> <span class='ocrx_word' id='word_1_411' title='bbox 3759 1098 3932 1159; x_wconf 69' lang='grc' dir='ltr'>ἕλεος</span> <span class='ocrx_word' id='word_1_412' title='bbox 3948 1097 4051 1148; x_wconf 69' lang='grc' dir='ltr'><strong>αὑ.</strong></span> 
     </span>
    </p>
   </div>
   <div class='ocr_carea' id='block_1_55' title="bbox 2486 1176 4048 1256">
    <p class='ocr_par' dir='ltr' id='par_1_55' title="bbox 2486 1176 4048 1256">
     <span class='ocr_line' id='line_1_55' title="bbox 2486 1176 4048 1256; baseline 0.002 -26"><span class='ocrx_word' id='word_1_413' title='bbox 2486 1176 2607 1231; x_wconf 87' lang='grc' dir='ltr'>τοῦ.</span> <span class='ocrx_word' id='word_1_414' title='bbox 2644 1178 2715 1229; x_wconf 89' lang='grc' dir='ltr'>Τὸ</span> <span class='ocrx_word' id='word_1_415' title='bbox 2743 1177 2992 1229; x_wconf 83' lang='grc' dir='ltr'>ταπεινὸν</span> <span class='ocrx_word' id='word_1_416' title='bbox 3019 1178 3129 1232; x_wconf 82' lang='grc' dir='ltr'><strong>τῶν</strong></span> <span class='ocrx_word' id='word_1_417' title='bbox 3160 1177 3514 1232; x_wconf 86' lang='grc' dir='ltr'><strong>δουλευόντων</strong></span> <span class='ocrx_word' id='word_1_418' title='bbox 3541 1182 3619 1232; x_wconf 80' lang='grc' dir='ltr'><strong>τῶ</strong></span> <span class='ocrx_word' id='word_1_419' title='bbox 3642 1185 3830 1256; x_wconf 81' lang='grc' dir='ltr'><strong>Κυρίῳ</strong></span> <span class='ocrx_word' id='word_1_420' title='bbox 3855 1182 4048 1254; x_wconf 76' lang='grc' dir='ltr'>ἐμφαί-</span> 
     </span>
    </p>
   </div>
   <div class='ocr_carea' id='block_1_56' title="bbox 2485 1268 4048 1348">
    <p class='ocr_par' dir='ltr' id='par_1_56' title="bbox 2485 1268 4048 1348">
     <span class='ocr_line' id='line_1_56' title="bbox 2485 1268 4048 1348; baseline 0.005 -27"><span class='ocrx_word' id='word_1_421' title='bbox 2485 1285 2586 1336; x_wconf 88' lang='grc' dir='ltr'>νει,</span> <span class='ocrx_word' id='word_1_422' title='bbox 2621 1268 2736 1331; x_wconf 84' lang='grc' dir='ltr'><strong>πῶς</strong></span> <span class='ocrx_word' id='word_1_423' title='bbox 2780 1270 2870 1320; x_wconf 79' lang='grc' dir='ltr'><strong>ἐπὶ</strong></span> <span class='ocrx_word' id='word_1_424' title='bbox 2910 1269 2969 1321; x_wconf 89' lang='grc' dir='ltr'><strong>τὸ</strong></span> <span class='ocrx_word' id='word_1_425' title='bbox 2995 1269 3139 1334; x_wconf 80' lang='grc' dir='ltr'>ἔλεος</span> <span class='ocrx_word' id='word_1_426' title='bbox 3189 1269 3352 1323; x_wconf 83' lang='grc' dir='ltr'>αὑτοῦ</span> <span class='ocrx_word' id='word_1_427' title='bbox 3387 1270 3711 1334; x_wconf 74' lang='grc' dir='ltr'>ἐλπίζουσιν.</span> <span class='ocrx_word' id='word_1_428' title='bbox 3753 1277 3812 1328; x_wconf 87' lang='lat' dir='ltr'><strong>&#39;U</strong></span> <span class='ocrx_word' id='word_1_429' title='bbox 3841 1277 3946 1348; x_wconf 85' lang='grc' dir='ltr'>γὰρ</span> <span class='ocrx_word' id='word_1_430' title='bbox 3977 1275 4048 1345; x_wconf 78' lang='grc' dir='ltr'><strong>μὴ</strong></span> 
     </span>
    </p>
   </div>
   <div class='ocr_carea' id='block_1_57' title="bbox 2487 1359 4049 1438">
    <p class='ocr_par' dir='ltr' id='par_1_57' title="bbox 2487 1359 4049 1438">
     <span class='ocr_line' id='line_1_57' title="bbox 2487 1359 4049 1438; baseline 0.004 -25"><span class='ocrx_word' id='word_1_431' title='bbox 2487 1359 2756 1422; x_wconf 82' lang='grc' dir='ltr'>πεποιθὼς</span> <span class='ocrx_word' id='word_1_432' title='bbox 2808 1362 2899 1412; x_wconf 77' lang='grc' dir='ltr'><strong>ἐπὶ</strong></span> <span class='ocrx_word' id='word_1_433' title='bbox 2957 1363 3068 1423; x_wconf 87' lang='grc' dir='ltr'>τοῖς</span> <span class='ocrx_word' id='word_1_434' title='bbox 3128 1361 3318 1415; x_wconf 80' lang='grc' dir='ltr'>ἑαυτοῦ</span> <span class='ocrx_word' id='word_1_435' title='bbox 3373 1362 3860 1433; x_wconf 80' lang='grc' dir='ltr'><strong>ἀνδραγαθήμασι,</strong></span> <span class='ocrx_word' id='word_1_436' title='bbox 3919 1365 4049 1438; x_wconf 83' lang='grc' dir='ltr'>μηδὲ</span> 
     </span>
    </p>
   </div>
   <div class='ocr_carea' id='block_1_58' title="bbox 2486 1453 4048 1531">
    <p class='ocr_par' dir='ltr' id='par_1_58' title="bbox 2486 1453 4048 1531">
     <span class='ocr_line' id='line_1_58' title="bbox 2486 1453 4048 1531; baseline 0.003 -24"><span class='ocrx_word' id='word_1_437' title='bbox 2486 1454 2796 1526; x_wconf 82' lang='grc' dir='ltr'>προσδοκῶν</span> <span class='ocrx_word' id='word_1_438' title='bbox 2827 1453 2884 1519; x_wconf 76' lang='grc' dir='ltr'><strong>ἐξ</strong></span> <span class='ocrx_word' id='word_1_439' title='bbox 2915 1453 3091 1524; x_wconf 78' lang='grc' dir='ltr'>ἔργων</span> <span class='ocrx_word' id='word_1_440' title='bbox 3120 1455 3593 1526; x_wconf 84' lang='grc' dir='ltr'>δικαιωθήσεσθαι,</span> <span class='ocrx_word' id='word_1_441' title='bbox 3625 1457 3791 1527; x_wconf 87' lang='grc' dir='ltr'>μόνην</span> <span class='ocrx_word' id='word_1_442' title='bbox 3818 1460 3931 1530; x_wconf 81' lang='grc' dir='ltr'>ἔχει</span> <span class='ocrx_word' id='word_1_443' title='bbox 3953 1461 4048 1531; x_wconf 78' lang='grc' dir='ltr'>τὴν</span> 
     </span>
    </p>
   </div>
   <div class='ocr_carea' id='block_1_59' title="bbox 2485 1542 4046 1617">
    <p class='ocr_par' dir='ltr' id='par_1_59' title="bbox 2485 1542 4046 1617">
     <span class='ocr_line' id='line_1_59' title="bbox 2485 1542 4046 1617; baseline 0.005 -22"><span class='ocrx_word' id='word_1_444' title='bbox 2485 1543 2673 1595; x_wconf 80' lang='grc' dir='ltr'>ἐλπίδα</span> <span class='ocrx_word' id='word_1_445' title='bbox 2704 1542 2803 1612; x_wconf 78' lang='grc' dir='ltr'>τῆς</span> <span class='ocrx_word' id='word_1_446' title='bbox 2840 1545 3111 1615; x_wconf 79' lang='grc' dir='ltr'><strong>σωτηρίας</strong></span> <span class='ocrx_word' id='word_1_447' title='bbox 3142 1547 3266 1608; x_wconf 87' lang='grc' dir='ltr'>τοὺς</span> <span class='ocrx_word' id='word_1_448' title='bbox 3303 1547 3616 1617; x_wconf 83' lang='grc' dir='ltr'>οίκτιρμοὺς</span> <span class='ocrx_word' id='word_1_449' title='bbox 3637 1547 3746 1614; x_wconf 75' lang='grc'>(42)</span> <span class='ocrx_word' id='word_1_450' title='bbox 3770 1548 3865 1600; x_wconf 87' lang='grc' dir='ltr'><strong>τοῦ</strong></span> <span class='ocrx_word' id='word_1_451' title='bbox 3895 1550 4046 1604; x_wconf 81' lang='grc' dir='ltr'>Θεοῦ.</span> 
     </span>
    </p>
   </div>
   <div class='ocr_carea' id='block_1_60' title="bbox 2489 1634 4050 1708">
    <p class='ocr_par' dir='ltr' id='par_1_60' title="bbox 2489 1634 4050 1708">
     <span class='ocr_line' id='line_1_60' title="bbox 2489 1634 4050 1708; baseline 0.004 -20"><span class='ocrx_word' id='word_1_452' title='bbox 2489 1635 2651 1688; x_wconf 84' lang='grc' dir='ltr'>Ὅταν</span> <span class='ocrx_word' id='word_1_453' title='bbox 2680 1634 2787 1703; x_wconf 77' lang='grc' dir='ltr'>γὰρ</span> <span class='ocrx_word' id='word_1_454' title='bbox 2819 1634 3095 1707; x_wconf 79' lang='grc' dir='ltr'>ἐνθυμηθῇ</span> <span class='ocrx_word' id='word_1_455' title='bbox 3126 1636 3206 1702; x_wconf 82' lang='grc' dir='ltr'><strong>τὸ,</strong></span> <span class='ocrx_word' id='word_1_456' title='bbox 3240 1637 3392 1692; x_wconf 81' lang='grc' dir='ltr'><strong>Ἰδοὺ</strong></span> <span class='ocrx_word' id='word_1_457' title='bbox 3421 1641 3633 1707; x_wconf 84' lang='grc' dir='ltr'>Κύριος</span> <span class='ocrx_word' id='word_1_458' title='bbox 3660 1640 3757 1692; x_wconf 69' lang='grc' dir='ltr'>καὶ</span> <span class='ocrx_word' id='word_1_459' title='bbox 3786 1643 3818 1693; x_wconf 87' lang='grc' dir='ltr'><strong>ό</strong></span> <span class='ocrx_word' id='word_1_460' title='bbox 3838 1644 4050 1708; x_wconf 74' lang='grc' dir='ltr'>μισθὸς</span> 
     </span>
    </p>
   </div>
   <div class='ocr_carea' id='block_1_61' title="bbox 2484 1725 4052 1802">
    <p class='ocr_par' dir='ltr' id='par_1_61' title="bbox 2484 1725 4052 1802">
     <span class='ocr_line' id='line_1_61' title="bbox 2484 1725 4052 1802; baseline 0.006 -25"><span class='ocrx_word' id='word_1_461' title='bbox 2484 1725 2686 1786; x_wconf 82' lang='grc' dir='ltr'>αὑτοῦ,</span> <span class='ocrx_word' id='word_1_462' title='bbox 2725 1726 3012 1779; x_wconf 85' lang='grc' dir='ltr'>ἀποδοῦναι</span> <span class='ocrx_word' id='word_1_463' title='bbox 3066 1731 3278 1801; x_wconf 80' lang='grc' dir='ltr'>ἑκάστῳ</span> <span class='ocrx_word' id='word_1_464' title='bbox 3317 1729 3390 1793; x_wconf 76' lang='grc' dir='ltr'>ὡς</span> <span class='ocrx_word' id='word_1_465' title='bbox 3431 1731 3493 1783; x_wconf 75' lang='grc' dir='ltr'>τὸ</span> <span class='ocrx_word' id='word_1_466' title='bbox 3533 1731 3691 1802; x_wconf 76' lang='grc' dir='ltr'>ἔργον</span> <span class='ocrx_word' id='word_1_467' title='bbox 3729 1732 3916 1794; x_wconf 83' lang='grc' dir='ltr'>αὑτοῦ,</span> <span class='ocrx_word' id='word_1_468' title='bbox 3960 1736 4052 1787; x_wconf 76' lang='grc' dir='ltr'>καὶ</span> 
     </span>
    </p>
   </div>
   <div class='ocr_carea' id='block_1_62' title="bbox 2485 1817 4050 1896">
    <p class='ocr_par' dir='ltr' id='par_1_62' title="bbox 2485 1817 4050 1896">
     <span class='ocr_line' id='line_1_62' title="bbox 2485 1817 4050 1896; baseline 0.005 -27"><span class='ocrx_word' id='word_1_469' title='bbox 2485 1817 2761 1887; x_wconf 80' lang='grc' dir='ltr'>λογίσηται</span> <span class='ocrx_word' id='word_1_470' title='bbox 2792 1818 2979 1871; x_wconf 79' lang='grc' dir='ltr'>ἑαυτοῦ</span> <span class='ocrx_word' id='word_1_471' title='bbox 3012 1818 3080 1871; x_wconf 79' lang='grc' dir='ltr'><strong>τὰ</strong></span> <span class='ocrx_word' id='word_1_472' title='bbox 3113 1823 3326 1893; x_wconf 79' lang='grc' dir='ltr'>πονηρὰ</span> <span class='ocrx_word' id='word_1_473' title='bbox 3351 1822 3506 1894; x_wconf 79' lang='grc' dir='ltr'>ἔργα,</span> <span class='ocrx_word' id='word_1_474' title='bbox 3556 1824 3796 1891; x_wconf 76' lang='grc' dir='ltr'>φοϐεῖται</span> <span class='ocrx_word' id='word_1_475' title='bbox 3830 1825 3927 1893; x_wconf 80' lang='grc' dir='ltr'><strong>μὲν</strong></span> <span class='ocrx_word' id='word_1_476' title='bbox 3953 1827 4050 1896; x_wconf 82' lang='grc' dir='ltr'>τὴν</span> 
     </span>
    </p>
   </div>
   <div class='ocr_carea' id='block_1_63' title="bbox 2486 1910 4051 1987">
    <p class='ocr_par' dir='ltr' id='par_1_63' title="bbox 2486 1910 4051 1987">
     <span class='ocr_line' id='line_1_63' title="bbox 2486 1910 4051 1987; baseline 0.004 -26"><span class='ocrx_word' id='word_1_477' title='bbox 2486 1910 2704 1963; x_wconf 85' lang='grc' dir='ltr'>κόλασιν</span> <span class='ocrx_word' id='word_1_478' title='bbox 2755 1911 2848 1962; x_wconf 75' lang='grc' dir='ltr'><strong>καὶ</strong></span> <span class='ocrx_word' id='word_1_479' title='bbox 2902 1913 3238 1982; x_wconf 82' lang='grc' dir='ltr'>ὑποπτήσσει</span> <span class='ocrx_word' id='word_1_480' title='bbox 3285 1918 3395 1978; x_wconf 87' lang='grc' dir='ltr'>τοῖς</span> <span class='ocrx_word' id='word_1_481' title='bbox 3432 1915 3874 1987; x_wconf 83' lang='grc' dir='ltr'>ἀπειλουμένοις·</span> <span class='ocrx_word' id='word_1_482' title='bbox 3919 1918 4051 1987; x_wconf 70' lang='grc' dir='ltr'>πρὸς</span> 
     </span>
    </p>
   </div>
   <div class='ocr_carea' id='block_1_64' title="bbox 2484 2002 4049 2079">
    <p class='ocr_par' dir='ltr' id='par_1_64' title="bbox 2484 2002 4049 2079">
     <span class='ocr_line' id='line_1_64' title="bbox 2484 2002 4049 2079; baseline 0.006 -26"><span class='ocrx_word' id='word_1_483' title='bbox 2484 2003 2541 2053; x_wconf 81' lang='grc' dir='ltr'>δὲ</span> <span class='ocrx_word' id='word_1_484' title='bbox 2571 2002 2631 2054; x_wconf 78' lang='grc' dir='ltr'>τὸ</span> <span class='ocrx_word' id='word_1_485' title='bbox 2667 2005 2740 2074; x_wconf 84' lang='grc' dir='ltr'><strong>μὴ</strong></span> <span class='ocrx_word' id='word_1_486' title='bbox 2777 2005 3148 2074; x_wconf 79' lang='grc' dir='ltr'>καταποθῆναι</span> <span class='ocrx_word' id='word_1_487' title='bbox 3192 2006 3294 2059; x_wconf 82' lang='grc' dir='ltr'><strong>ὑπὸ</strong></span> <span class='ocrx_word' id='word_1_488' title='bbox 3336 2007 3435 2076; x_wconf 79' lang='grc' dir='ltr'>τῆς</span> <span class='ocrx_word' id='word_1_489' title='bbox 3465 2008 3657 2079; x_wconf 79' lang='grc' dir='ltr'>λύπης,</span> <span class='ocrx_word' id='word_1_490' title='bbox 3686 2010 3901 2074; x_wconf 73' lang='grc' dir='ltr'>εὔελπίς</span> <span class='ocrx_word' id='word_1_491' title='bbox 3937 2011 4049 2062; x_wconf 73' lang='grc' dir='ltr'>ἐστι</span> 
     </span>
    </p>
   </div>
   <div class='ocr_carea' id='block_1_65' title="bbox 2486 2097 4050 2174">
    <p class='ocr_par' dir='ltr' id='par_1_65' title="bbox 2486 2097 4050 2174">
     <span class='ocr_line' id='line_1_65' title="bbox 2486 2097 4050 2174; baseline 0.007 -27"><span class='ocrx_word' id='word_1_492' title='bbox 2486 2097 2620 2166; x_wconf 81' lang='grc' dir='ltr'>πρὸς</span> <span class='ocrx_word' id='word_1_493' title='bbox 2651 2097 2897 2167; x_wconf 68' lang='grc' dir='ltr'>τοὺς(ἆό)</span> <span class='ocrx_word' id='word_1_494' title='bbox 2921 2099 3235 2168; x_wconf 80' lang='grc' dir='ltr'>οἱκτιρμοὺς</span> <span class='ocrx_word' id='word_1_495' title='bbox 3257 2101 3350 2152; x_wconf 86' lang='grc' dir='ltr'><strong>τοῦ</strong></span> <span class='ocrx_word' id='word_1_496' title='bbox 3374 2101 3505 2153; x_wconf 82' lang='grc' dir='ltr'>Θεοῦ</span> <span class='ocrx_word' id='word_1_497' title='bbox 3533 2104 3626 2155; x_wconf 77' lang='grc' dir='ltr'>καὶ</span> <span class='ocrx_word' id='word_1_498' title='bbox 3661 2105 3720 2156; x_wconf 80' lang='grc' dir='ltr'><strong>τὸ</strong></span> <span class='ocrx_word' id='word_1_499' title='bbox 3747 2104 4050 2174; x_wconf 80' lang='grc' dir='ltr'>φιλάνθρω-</span> 
     </span>
    </p>
   </div>
   <div class='ocr_carea' id='block_1_66' title="bbox 2488 2189 4052 2266">
    <p class='ocr_par' dir='ltr' id='par_1_66' title="bbox 2488 2189 4052 2266">
     <span class='ocr_line' id='line_1_66' title="bbox 2488 2189 4052 2266; baseline 0.003 -25"><span class='ocrx_word' id='word_1_500' title='bbox 2488 2206 2586 2241; x_wconf 90' lang='grc' dir='ltr'><strong>πον</strong></span> <span class='ocrx_word' id='word_1_501' title='bbox 2616 2189 2954 2242; x_wconf 79' lang='grc' dir='ltr'>ἀποϐλέπων.</span> <span class='ocrx_word' id='word_1_502' title='bbox 3001 2191 3235 2257; x_wconf 79' lang='grc' dir='ltr'>Ἐλπίζςι</span> <span class='ocrx_word' id='word_1_503' title='bbox 3266 2191 3342 2257; x_wconf 85' lang='grc' dir='ltr'><strong>δὲ,</strong></span> <span class='ocrx_word' id='word_1_504' title='bbox 3371 2193 3450 2245; x_wconf 86' lang='grc' dir='ltr'><strong>ὃτί</strong></span> <span class='ocrx_word' id='word_1_505' title='bbox 3479 2194 3806 2265; x_wconf 80' lang='grc' dir='ltr'>ρυσΘήσεται</span> <span class='ocrx_word' id='word_1_506' title='bbox 3835 2198 3868 2266; x_wconf 83' lang='grc' dir='ltr'><strong>ἡ</strong></span> <span class='ocrx_word' id='word_1_507' title='bbox 3909 2195 4052 2265; x_wconf 71' lang='grc' dir='ltr'>ψυχὴ</span> 
     </span>
    </p>
   </div>
   <div class='ocr_carea' id='block_1_67' title="bbox 2485 2279 4051 2354">
    <p class='ocr_par' dir='ltr' id='par_1_67' title="bbox 2485 2279 4051 2354">
     <span class='ocr_line' id='line_1_67' title="bbox 2485 2279 4051 2354; baseline 0.004 -24"><span class='ocrx_word' id='word_1_508' title='bbox 2485 2279 2649 2331; x_wconf 80' lang='grc' dir='ltr'>αὑτοῦ</span> <span class='ocrx_word' id='word_1_509' title='bbox 2684 2281 2747 2332; x_wconf 85' lang='grc' dir='ltr'><strong>ὲκ</strong></span> <span class='ocrx_word' id='word_1_510' title='bbox 2781 2281 3030 2347; x_wconf 84' lang='grc' dir='ltr'>Θανάτου,</span> <span class='ocrx_word' id='word_1_511' title='bbox 3068 2285 3161 2336; x_wconf 74' lang='grc' dir='ltr'>καὶ</span> <span class='ocrx_word' id='word_1_512' title='bbox 3191 2283 3619 2354; x_wconf 77' lang='grc' dir='ltr'>διατραφήσεται</span> <span class='ocrx_word' id='word_1_513' title='bbox 3666 2288 3756 2339; x_wconf 83' lang='grc' dir='ltr'><strong>ὑπ’</strong></span> <span class='ocrx_word' id='word_1_514' title='bbox 3787 2285 3952 2339; x_wconf 81' lang='grc' dir='ltr'>αὑτοῦ</span> <span class='ocrx_word' id='word_1_515' title='bbox 3996 2289 4051 2337; x_wconf 74' lang='grc' dir='ltr'>ἐν</span> 
     </span>
    </p>
   </div>
   <div class='ocr_carea' id='block_1_68' title="bbox 2485 2371 4049 2447">
    <p class='ocr_par' dir='ltr' id='par_1_68' title="bbox 2485 2371 4049 2447">
     <span class='ocr_line' id='line_1_68' title="bbox 2485 2371 4049 2447; baseline 0.003 -23"><span class='ocrx_word' id='word_1_516' title='bbox 2485 2371 2645 2443; x_wconf 82' lang='grc' dir='ltr'>λιμῷ.</span> <span class='ocrx_word' id='word_1_517' title='bbox 2698 2375 2763 2427; x_wconf 83' lang='grc' dir='ltr'><em>Ἠ</em></span> <span class='ocrx_word' id='word_1_518' title='bbox 2793 2373 2859 2427; x_wconf 81' lang='grc' dir='ltr'>δὲ</span> <span class='ocrx_word' id='word_1_519' title='bbox 2886 2375 3055 2444; x_wconf 65' lang='grc' dir='ltr'><strong>ψυχὴ</strong></span> <span class='ocrx_word' id='word_1_520' title='bbox 3087 2376 3255 2444; x_wconf 78' lang='grc' dir='ltr'><strong>ήμῶν</strong></span> <span class='ocrx_word' id='word_1_521' title='bbox 3291 2375 3574 2444; x_wconf 76' lang='grc' dir='ltr'>ὑπομενεῖ</span> <span class='ocrx_word' id='word_1_522' title='bbox 3591 2377 3699 2447; x_wconf 70' lang='grc' dir='ltr'><strong>(Η)</strong></span> <span class='ocrx_word' id='word_1_523' title='bbox 3727 2377 3806 2440; x_wconf 84' lang='grc' dir='ltr'>τῷ</span> <span class='ocrx_word' id='word_1_524' title='bbox 3837 2378 4049 2443; x_wconf 84' lang='grc' dir='ltr'>Κυρίῳ,</span> 
     </span>
    </p>
   </div>
   <div class='ocr_carea' id='block_1_69' title="bbox 2486 2464 4052 2539">
    <p class='ocr_par' dir='ltr' id='par_1_69' title="bbox 2486 2464 4052 2539">
     <span class='ocr_line' id='line_1_69' title="bbox 2486 2464 4052 2539; baseline 0.002 -22"><span class='ocrx_word' id='word_1_525' title='bbox 2486 2464 2572 2518; x_wconf 84' lang='grc' dir='ltr'>ὅτι</span> <span class='ocrx_word' id='word_1_526' title='bbox 2601 2466 2827 2534; x_wconf 82' lang='grc' dir='ltr'>βοηθὸς</span> <span class='ocrx_word' id='word_1_527' title='bbox 2863 2469 2962 2521; x_wconf 80' lang='grc' dir='ltr'>καὶ</span> <span class='ocrx_word' id='word_1_528' title='bbox 2991 2468 3448 2535; x_wconf 78' lang='grc' dir='ltr'>ὑπερασπιστὴς</span> <span class='ocrx_word' id='word_1_529' title='bbox 3488 2470 3656 2536; x_wconf 78' lang='grc' dir='ltr'><strong>ἡμῶν</strong></span> <span class='ocrx_word' id='word_1_530' title='bbox 3683 2470 3836 2522; x_wconf 80' lang='grc' dir='ltr'>ἐστι.</span> <span class='ocrx_word' id='word_1_531' title='bbox 3867 2469 4052 2539; x_wconf 78' lang='grc' dir='ltr'>Παρά-</span> 
     </span>
    </p>
   </div>
   <div class='ocr_carea' id='block_1_70' title="bbox 2487 2557 4052 2628">
    <p class='ocr_par' dir='ltr' id='par_1_70' title="bbox 2487 2557 4052 2628">
     <span class='ocr_line' id='line_1_70' title="bbox 2487 2557 4052 2628; baseline 0.003 -20"><span class='ocrx_word' id='word_1_532' title='bbox 2487 2557 2674 2627; x_wconf 84' lang='grc' dir='ltr'>κλησιν</span> <span class='ocrx_word' id='word_1_533' title='bbox 2711 2559 2820 2628; x_wconf 76' lang='grc' dir='ltr'>ἔχει</span> <span class='ocrx_word' id='word_1_534' title='bbox 2868 2560 3000 2627; x_wconf 83' lang='grc' dir='ltr'>πρὸς</span> <span class='ocrx_word' id='word_1_535' title='bbox 3044 2559 3317 2628; x_wconf 77' lang='grc' dir='ltr'>ὑπομονὴν</span> <span class='ocrx_word' id='word_1_536' title='bbox 3341 2561 3369 2611; x_wconf 87' lang='grc' dir='ltr'>ὁ</span> <span class='ocrx_word' id='word_1_537' title='bbox 3395 2558 3550 2626; x_wconf 86' lang='grc' dir='ltr'>λόγος</span> <span class='ocrx_word' id='word_1_538' title='bbox 3570 2577 3582 2590; x_wconf 94' lang='grc'><strong>·</strong></span> <span class='ocrx_word' id='word_1_539' title='bbox 3620 2560 3758 2612; x_wconf 85' lang='grc' dir='ltr'>ὥστε</span> <span class='ocrx_word' id='word_1_540' title='bbox 3790 2559 3893 2611; x_wconf 83' lang='grc' dir='ltr'>κᾶν</span> <span class='ocrx_word' id='word_1_541' title='bbox 3922 2577 4052 2613; x_wconf 80' lang='grc' dir='ltr'>ποτε</span> 
     </span>
    </p>
   </div>
   <div class='ocr_carea' id='block_1_71' title="bbox 2486 2649 4050 2722">
    <p class='ocr_par' dir='ltr' id='par_1_71' title="bbox 2486 2649 4050 2722">
     <span class='ocr_line' id='line_1_71' title="bbox 2486 2649 4050 2722; baseline 0.002 -19"><span class='ocrx_word' id='word_1_542' title='bbox 2486 2652 2918 2722; x_wconf 73' lang='grc' dir='ltr'>καταληφθῶμεν</span> <span class='ocrx_word' id='word_1_543' title='bbox 2946 2650 3050 2702; x_wconf 76' lang='grc' dir='ltr'><strong>ὑπό</strong></span> <span class='ocrx_word' id='word_1_544' title='bbox 3083 2667 3225 2711; x_wconf 83' lang='grc' dir='ltr'>τινος</span> <span class='ocrx_word' id='word_1_545' title='bbox 3253 2649 3359 2702; x_wconf 80' lang='grc' dir='ltr'><strong>τῶν</strong></span> <span class='ocrx_word' id='word_1_546' title='bbox 3394 2650 3749 2702; x_wconf 76' lang='grc' dir='ltr'>ὲκθλιὸόντων</span> <span class='ocrx_word' id='word_1_547' title='bbox 3777 2653 3948 2720; x_wconf 79' lang='grc' dir='ltr'>ἡμᾶς,</span> <span class='ocrx_word' id='word_1_548' title='bbox 3979 2654 4050 2722; x_wconf 82' lang='grc' dir='ltr'><strong>μὴ</strong></span> 
     </span>
    </p>
   </div>
   <div class='ocr_carea' id='block_1_72' title="bbox 2487 2742 4054 2816">
    <p class='ocr_par' dir='ltr' id='par_1_72' title="bbox 2487 2742 4054 2816">
     <span class='ocr_line' id='line_1_72' title="bbox 2487 2742 4054 2816; baseline 0.001 -21"><span class='ocrx_word' id='word_1_549' title='bbox 2487 2744 2813 2812; x_wconf 82' lang='grc' dir='ltr'>χωρισθῆναι</span> <span class='ocrx_word' id='word_1_550' title='bbox 2846 2743 2954 2794; x_wconf 81' lang='grc' dir='ltr'>ἀπὸ</span> <span class='ocrx_word' id='word_1_551' title='bbox 2978 2744 3075 2812; x_wconf 78' lang='grc' dir='ltr'><strong>τῆς</strong></span> <span class='ocrx_word' id='word_1_552' title='bbox 3102 2742 3319 2810; x_wconf 79' lang='grc' dir='ltr'>ἀγάπης</span> <span class='ocrx_word' id='word_1_553' title='bbox 3350 2742 3442 2794; x_wconf 89' lang='grc' dir='ltr'><strong>τοῦ</strong></span> <span class='ocrx_word' id='word_1_554' title='bbox 3472 2742 3605 2794; x_wconf 86' lang='grc' dir='ltr'>Θεοῦ</span> <span class='ocrx_word' id='word_1_555' title='bbox 3627 2743 3724 2813; x_wconf 84' lang='grc' dir='ltr'>τῆς</span> <span class='ocrx_word' id='word_1_556' title='bbox 3754 2745 3811 2795; x_wconf 80' lang='grc' dir='ltr'>ὲν</span> <span class='ocrx_word' id='word_1_557' title='bbox 3835 2745 4054 2816; x_wconf 82' lang='grc' dir='ltr'>Χριστῷ</span> 
     </span>
    </p>
   </div>
   <div class='ocr_carea' id='block_1_73' title="bbox 2500 2832 4052 2906">
    <p class='ocr_par' dir='ltr' id='par_1_73' title="bbox 2500 2832 4052 2906">
     <span class='ocr_line' id='line_1_73' title="bbox 2500 2832 4052 2906; baseline 0 -20"><span class='ocrx_word' id='word_1_558' title='bbox 2500 2834 2692 2903; x_wconf 81' lang='grc' dir='ltr'>Ἰησοῦ,</span> <span class='ocrx_word' id='word_1_559' title='bbox 2730 2833 2841 2886; x_wconf 82' lang='grc' dir='ltr'>ἀλλ’</span> <span class='ocrx_word' id='word_1_560' title='bbox 2877 2833 2970 2904; x_wconf 75' lang='grc' dir='ltr'>ὅλη</span> <span class='ocrx_word' id='word_1_561' title='bbox 3019 2833 3163 2904; x_wconf 79' lang='grc' dir='ltr'><strong>ψυχῇ</strong></span> <span class='ocrx_word' id='word_1_562' title='bbox 3216 2832 3505 2902; x_wconf 80' lang='grc' dir='ltr'>ὑπομένειν</span> <span class='ocrx_word' id='word_1_563' title='bbox 3545 2832 3615 2886; x_wconf 81' lang='grc' dir='ltr'>τὰ</span> <span class='ocrx_word' id='word_1_564' title='bbox 3663 2834 3914 2899; x_wconf 78' lang='grc' dir='ltr'>ἐπίπονα,</span> <span class='ocrx_word' id='word_1_565' title='bbox 3957 2836 4052 2906; x_wconf 79' lang='grc' dir='ltr'>τὴν</span> 
     </span>
    </p>
   </div>
   <div class='ocr_carea' id='block_1_74' title="bbox 2487 2926 4052 2998">
    <p class='ocr_par' dir='ltr' id='par_1_74' title="bbox 2487 2926 4052 2998">
     <span class='ocr_line' id='line_1_74' title="bbox 2487 2926 4052 2998; baseline 0.002 -20"><span class='ocrx_word' id='word_1_566' title='bbox 2487 2927 2636 2998; x_wconf 79' lang='grc' dir='ltr'>παρὰ</span> <span class='ocrx_word' id='word_1_567' title='bbox 2689 2927 2822 2983; x_wconf 86' lang='grc' dir='ltr'>Θεοῦ</span> <span class='ocrx_word' id='word_1_568' title='bbox 2872 2926 3119 2998; x_wconf 84' lang='grc' dir='ltr'>βοήθειαν</span> <span class='ocrx_word' id='word_1_569' title='bbox 3169 2927 3554 2998; x_wconf 79' lang='grc' dir='ltr'>ἀναμένοντας.</span> <span class='ocrx_word' id='word_1_570' title='bbox 3608 2929 3734 2983; x_wconf 84' lang='grc' dir='ltr'>Ὅτι</span> <span class='ocrx_word' id='word_1_571' title='bbox 3777 2930 3847 2982; x_wconf 83' lang='grc' dir='ltr'><strong>ἐν</strong></span> <span class='ocrx_word' id='word_1_572' title='bbox 3895 2927 4052 2991; x_wconf 85' lang='grc' dir='ltr'>αὐτῷ</span> 
     </span>
    </p>
   </div>
   <div class='ocr_carea' id='block_1_75' title="bbox 2486 3017 4050 3087">
    <p class='ocr_par' dir='ltr' id='par_1_75' title="bbox 2486 3017 4050 3087">
     <span class='ocr_line' id='line_1_75' title="bbox 2486 3017 4050 3087; baseline -0.001 -16"><span class='ocrx_word' id='word_1_573' title='bbox 2486 3017 2959 3087; x_wconf 57' lang='grc' dir='ltr'>εὐφρανθήσεται</span> <span class='ocrx_word' id='word_1_574' title='bbox 2990 3021 3024 3087; x_wconf 69' lang='grc' dir='ltr'>ἡ</span> <span class='ocrx_word' id='word_1_575' title='bbox 3046 3019 3254 3087; x_wconf 81' lang='grc' dir='ltr'>καρδία</span> <span class='ocrx_word' id='word_1_576' title='bbox 3283 3019 3469 3087; x_wconf 76' lang='grc' dir='ltr'><strong>ἡμῶν,</strong></span> <span class='ocrx_word' id='word_1_577' title='bbox 3495 3020 3591 3072; x_wconf 80' lang='grc' dir='ltr'>καὶ</span> <span class='ocrx_word' id='word_1_578' title='bbox 3619 3021 3686 3072; x_wconf 83' lang='grc' dir='ltr'><strong>ἐν</strong></span> <span class='ocrx_word' id='word_1_579' title='bbox 3706 3019 3783 3082; x_wconf 80' lang='grc' dir='ltr'>τῷ</span> <span class='ocrx_word' id='word_1_580' title='bbox 3812 3022 4050 3086; x_wconf 76' lang='grc' dir='ltr'>ὀνόματι</span> 
     </span>
    </p>
   </div>
   <div class='ocr_carea' id='block_1_76' title="bbox 2487 3109 4051 3180">
    <p class='ocr_par' dir='ltr' id='par_1_76' title="bbox 2487 3109 4051 3180">
     <span class='ocr_line' id='line_1_76' title="bbox 2487 3109 4051 3180; baseline -0.001 -16"><span class='ocrx_word' id='word_1_581' title='bbox 2487 3109 2566 3175; x_wconf 87' lang='grc' dir='ltr'>τῷ</span> <span class='ocrx_word' id='word_1_582' title='bbox 2598 3111 2740 3180; x_wconf 77' lang='grc' dir='ltr'>ἁγίῳ</span> <span class='ocrx_word' id='word_1_583' title='bbox 2781 3113 2964 3164; x_wconf 84' lang='grc' dir='ltr'>αὑτοῦ</span> <span class='ocrx_word' id='word_1_584' title='bbox 3000 3112 3362 3179; x_wconf 71' lang='grc' dir='ltr'>ἠλπίσαμεν.</span> <span class='ocrx_word' id='word_1_585' title='bbox 3402 3111 3570 3163; x_wconf 87' lang='grc' dir='ltr'>Τοῦτο</span> <span class='ocrx_word' id='word_1_586' title='bbox 3600 3110 3811 3179; x_wconf 80' lang='grc' dir='ltr'>συνᾴδει</span> <span class='ocrx_word' id='word_1_587' title='bbox 3842 3113 3952 3172; x_wconf 84' lang='grc' dir='ltr'>τοῖς</span> <span class='ocrx_word' id='word_1_588' title='bbox 3997 3112 4051 3162; x_wconf 82' lang='grc' dir='ltr'>ὲν</span> 
     </span>
    </p>
   </div>
   <div class='ocr_carea' id='block_1_77' title="bbox 2489 3199 4052 3275">
    <p class='ocr_par' dir='ltr' id='par_1_77' title="bbox 2489 3199 4052 3275">
     <span class='ocr_line' id='line_1_77' title="bbox 2489 3199 4052 3275; baseline -0.003 -19"><span class='ocrx_word' id='word_1_589' title='bbox 2489 3207 2554 3275; x_wconf 79' lang='grc' dir='ltr'>τῇ</span> <span class='ocrx_word' id='word_1_590' title='bbox 2599 3206 2738 3274; x_wconf 83' lang='grc' dir='ltr'>ἀρχῇ</span> <span class='ocrx_word' id='word_1_591' title='bbox 2785 3203 2879 3256; x_wconf 88' lang='grc' dir='ltr'><strong>τοῦ</strong></span> <span class='ocrx_word' id='word_1_592' title='bbox 2933 3202 3176 3272; x_wconf 74' lang='grc' dir='ltr'>ψαλμοῦ·</span> <span class='ocrx_word' id='word_1_593' title='bbox 3250 3199 3659 3269; x_wconf 67' lang='grc' dir='ltr'>Ἀταίλιᾶσθε,</span> <span class='ocrx_word' id='word_1_594' title='bbox 3695 3200 3932 3263; x_wconf 79' lang='grc' dir='ltr'>δίκαιοι,</span> <span class='ocrx_word' id='word_1_595' title='bbox 3986 3202 4052 3252; x_wconf 76' lang='grc' dir='ltr'><strong>ἐν</strong></span> 
     </span>
    </p>
   </div>
   <div class='ocr_carea' id='block_1_78' title="bbox 2495 3290 4052 3361">
    <p class='ocr_par' dir='ltr' id='par_1_78' title="bbox 2495 3290 4052 3361">
     <span class='ocr_line' id='line_1_78' title="bbox 2495 3290 4052 3361; baseline -0.002 -14"><span class='ocrx_word' id='word_1_596' title='bbox 2495 3295 2708 3360; x_wconf 79' lang='grc' dir='ltr'>Κυρίῳ⁹</span> <span class='ocrx_word' id='word_1_597' title='bbox 2740 3296 2854 3356; x_wconf 77' lang='grc' dir='ltr'>καὶ,</span> <span class='ocrx_word' id='word_1_598' title='bbox 2908 3294 3009 3346; x_wconf 87' lang='grc' dir='ltr'><strong>Ἐν</strong></span> <span class='ocrx_word' id='word_1_599' title='bbox 3050 3291 3208 3356; x_wconf 79' lang='grc' dir='ltr'>αὐτῷ</span> <span class='ocrx_word' id='word_1_600' title='bbox 3253 3290 3723 3360; x_wconf 63' lang='grc' dir='ltr'>εὐφρανθήσεται</span> <span class='ocrx_word' id='word_1_601' title='bbox 3757 3293 3793 3361; x_wconf 84' lang='grc' dir='ltr'><strong><em>ἠ</em></strong></span> <span class='ocrx_word' id='word_1_602' title='bbox 3839 3291 4052 3359; x_wconf 82' lang='grc' dir='ltr'>καρόιά</span> 
     </span>
    </p>
   </div>
   <div class='ocr_carea' id='block_1_79' title="bbox 2487 3385 4047 3457">
    <p class='ocr_par' dir='ltr' id='par_1_79' title="bbox 2487 3385 4047 3457">
     <span class='ocr_line' id='line_1_79' title="bbox 2487 3385 4047 3457; baseline -0.001 -17"><span class='ocrx_word' id='word_1_603' title='bbox 2487 3386 2672 3456; x_wconf 77' lang='grc' dir='ltr'><strong>ἡμῶν.</strong></span> <span class='ocrx_word' id='word_1_604' title='bbox 2707 3388 2814 3440; x_wconf 85' lang='grc' dir='ltr'>Καί</span> <span class='ocrx_word' id='word_1_605' title='bbox 2852 3404 2941 3457; x_wconf 84' lang='grc' dir='ltr'>μοι</span> <span class='ocrx_word' id='word_1_606' title='bbox 2970 3387 3115 3439; x_wconf 88' lang='grc' dir='ltr'>δοκεί</span> <span class='ocrx_word' id='word_1_607' title='bbox 3141 3386 3283 3439; x_wconf 83' lang='grc' dir='ltr'>κατά</span> <span class='ocrx_word' id='word_1_608' title='bbox 3317 3385 3488 3439; x_wconf 88' lang='grc' dir='ltr'>ταῦτα</span> <span class='ocrx_word' id='word_1_609' title='bbox 3513 3387 3791 3457; x_wconf 75' lang='grc' dir='ltr'>εἰρηκέναι</span> <span class='ocrx_word' id='word_1_610' title='bbox 3817 3387 3845 3438; x_wconf 84' lang='grc' dir='ltr'>ὁ</span> <span class='ocrx_word' id='word_1_611' title='bbox 3893 3386 4047 3438; x_wconf 77' lang='grc' dir='ltr'>Ἀπόο</span> 
     </span>
    </p>
   </div>
   <div class='ocr_carea' id='block_1_80' title="bbox 2490 3475 4053 3550">
    <p class='ocr_par' dir='ltr' id='par_1_80' title="bbox 2490 3475 4053 3550">
     <span class='ocr_line' id='line_1_80' title="bbox 2490 3475 4053 3550; baseline -0.002 -17"><span class='ocrx_word' id='word_1_612' title='bbox 2490 3481 2670 3544; x_wconf 85' lang='grc' dir='ltr'>στολος</span> <span class='ocrx_word' id='word_1_613' title='bbox 2708 3481 2768 3534; x_wconf 83' lang='grc' dir='ltr'><strong>τὸ</strong></span> <span class='ocrx_word' id='word_1_614' title='bbox 2804 3481 2936 3550; x_wconf 69' lang='grc'><strong>(45),</strong></span> <span class='ocrx_word' id='word_1_615' title='bbox 2979 3481 3079 3533; x_wconf 85' lang='grc' dir='ltr'><em>Ἐν</em></span> <span class='ocrx_word' id='word_1_616' title='bbox 3129 3481 3360 3545; x_wconf 85' lang='grc' dir='ltr'>τούτοις</span> <span class='ocrx_word' id='word_1_617' title='bbox 3403 3479 3592 3533; x_wconf 78' lang='grc' dir='ltr'>πᾶσιν</span> <span class='ocrx_word' id='word_1_618' title='bbox 3647 3475 4053 3546; x_wconf 67' lang='grc' dir='ltr'>ὑπερνικῶμεν</span> 
     </span>
    </p>
   </div>
   <div class='ocr_carea' id='block_1_81' title="bbox 2489 3568 4048 3641">
    <p class='ocr_par' dir='ltr' id='par_1_81' title="bbox 2489 3568 4048 3641">
     <span class='ocr_line' id='line_1_81' title="bbox 2489 3568 4048 3641; baseline -0.003 -16"><span class='ocrx_word' id='word_1_619' title='bbox 2489 3571 2584 3625; x_wconf 81' lang='grc' dir='ltr'>διὰ</span> <span class='ocrx_word' id='word_1_620' title='bbox 2604 3571 2707 3625; x_wconf 84' lang='grc' dir='ltr'><strong>τοῦ</strong></span> <span class='ocrx_word' id='word_1_621' title='bbox 2736 3570 3161 3641; x_wconf 76' lang='grc' dir='ltr'>ἀγαπήσαντος</span> <span class='ocrx_word' id='word_1_622' title='bbox 3187 3569 3340 3640; x_wconf 76' lang='grc' dir='ltr'><strong>ἡμᾶς</strong></span> <span class='ocrx_word' id='word_1_623' title='bbox 3358 3587 3370 3599; x_wconf 93' lang='grc'>·</span> <span class='ocrx_word' id='word_1_624' title='bbox 3405 3572 3500 3622; x_wconf 76' lang='grc' dir='ltr'>καὶ</span> <span class='ocrx_word' id='word_1_625' title='bbox 3529 3571 3608 3632; x_wconf 76' lang='grc' dir='ltr'><strong>τὸ,</strong></span> <span class='ocrx_word' id='word_1_626' title='bbox 3641 3571 3721 3621; x_wconf 89' lang='grc' dir='ltr'><strong>Οὺ</strong></span> <span class='ocrx_word' id='word_1_627' title='bbox 3747 3569 3939 3636; x_wconf 78' lang='grc' dir='ltr'><em>μόνον</em></span> <span class='ocrx_word' id='word_1_628' title='bbox 3966 3568 4048 3631; x_wconf 80' lang='grc' dir='ltr'>δὲ,</span> 
     </span>
    </p>
   </div>
   <div class='ocr_carea' id='block_1_82' title="bbox 2489 3659 4054 3732">
    <p class='ocr_par' dir='ltr' id='par_1_82' title="bbox 2489 3659 4054 3732">
     <span class='ocr_line' id='line_1_82' title="bbox 2489 3659 4054 3732; baseline -0.004 -16"><span class='ocrx_word' id='word_1_629' title='bbox 2489 3664 2647 3717; x_wconf 76' lang='grc' dir='ltr'><em>ἀλλὰ</em></span> <span class='ocrx_word' id='word_1_630' title='bbox 2690 3665 2785 3716; x_wconf 78' lang='grc' dir='ltr'>καὶ</span> <span class='ocrx_word' id='word_1_631' title='bbox 2824 3662 3190 3732; x_wconf 73' lang='grc' dir='ltr'>καυχώμενοι</span> <span class='ocrx_word' id='word_1_632' title='bbox 3231 3663 3300 3715; x_wconf 83' lang='grc' dir='ltr'><strong>ὲν</strong></span> <span class='ocrx_word' id='word_1_633' title='bbox 3347 3661 3474 3726; x_wconf 80' lang='grc' dir='ltr'>ταῖς</span> <span class='ocrx_word' id='word_1_634' title='bbox 3518 3662 3822 3728; x_wconf 76' lang='grc' dir='ltr'>θλίψεσιν.</span> <span class='ocrx_word' id='word_1_635' title='bbox 3872 3659 4054 3713; x_wconf 75' lang='grc' dir='ltr'>Εἰπὼν</span> 
     </span>
    </p>
   </div>
   <div class='ocr_carea' id='block_1_83' title="bbox 2490 3749 4053 3824">
    <p class='ocr_par' dir='ltr' id='par_1_83' title="bbox 2490 3749 4053 3824">
     <span class='ocr_line' id='line_1_83' title="bbox 2490 3749 4053 3824; baseline -0.003 -18"><span class='ocrx_word' id='word_1_636' title='bbox 2490 3754 2597 3824; x_wconf 83' lang='grc' dir='ltr'>γὰρ</span> <span class='ocrx_word' id='word_1_637' title='bbox 2623 3756 2650 3806; x_wconf 80' lang='grc' dir='ltr'>ὁ</span> <span class='ocrx_word' id='word_1_638' title='bbox 2673 3754 2994 3824; x_wconf 75' lang='grc' dir='ltr'>Ψαλμῳδὸς,</span> <span class='ocrx_word' id='word_1_639' title='bbox 3031 3756 3110 3807; x_wconf 87' lang='grc' dir='ltr'><strong>ὃτι</strong></span> <span class='ocrx_word' id='word_1_640' title='bbox 3151 3753 3212 3808; x_wconf 85' lang='grc' dir='ltr'><em>Ἠ</em></span> <span class='ocrx_word' id='word_1_641' title='bbox 3242 3751 3409 3820; x_wconf 69' lang='grc' dir='ltr'><strong>ψυχὴ</strong></span> <span class='ocrx_word' id='word_1_642' title='bbox 3445 3749 3612 3820; x_wconf 78' lang='grc' dir='ltr'><strong>ἡμῶν</strong></span> <span class='ocrx_word' id='word_1_643' title='bbox 3656 3751 3947 3819; x_wconf 77' lang='grc' dir='ltr'>ὑπομενεῖ</span> <span class='ocrx_word' id='word_1_644' title='bbox 3975 3749 4053 3815; x_wconf 79' lang='grc' dir='ltr'>τῷ</span> 
     </span>
    </p>
   </div>
   <div class='ocr_carea' id='block_1_84' title="bbox 2487 3841 4050 3911">
    <p class='ocr_par' dir='ltr' id='par_1_84' title="bbox 2487 3841 4050 3911">
     <span class='ocr_line' id='line_1_84' title="bbox 2487 3841 4050 3911; baseline -0.001 -16"><span class='ocrx_word' id='word_1_645' title='bbox 2487 3845 2702 3908; x_wconf 83' lang='grc' dir='ltr'>Κυρίῳ,</span> <span class='ocrx_word' id='word_1_646' title='bbox 2732 3844 2815 3894; x_wconf 78' lang='grc' dir='ltr'>ἵνα</span> <span class='ocrx_word' id='word_1_647' title='bbox 2842 3843 3008 3911; x_wconf 79' lang='grc' dir='ltr'>δείξῃ,</span> <span class='ocrx_word' id='word_1_648' title='bbox 3037 3844 3115 3895; x_wconf 85' lang='grc' dir='ltr'><strong>ὅτι</strong></span> <span class='ocrx_word' id='word_1_649' title='bbox 3144 3844 3262 3911; x_wconf 76' lang='grc' dir='ltr'>οὐχὶ</span> <span class='ocrx_word' id='word_1_650' title='bbox 3289 3841 3478 3910; x_wconf 78' lang='grc' dir='ltr'>βιαίως</span> <span class='ocrx_word' id='word_1_651' title='bbox 3503 3841 3620 3892; x_wconf 76' lang='grc' dir='ltr'>οὐδὲ</span> <span class='ocrx_word' id='word_1_652' title='bbox 3653 3841 4050 3909; x_wconf 74' lang='grc' dir='ltr'>καταπιεζόμε-</span> 
     </span>
    </p>
   </div>
   <div class='ocr_carea' id='block_1_85' title="bbox 2486 3917 4050 4004">
    <p class='ocr_par' dir='ltr' id='par_1_85' title="bbox 2486 3917 4050 4004">
     <span class='ocr_line' id='line_1_85' title="bbox 2486 3917 4050 4004; baseline 0.001 -20"><span class='ocrx_word' id='word_1_653' title='bbox 2486 3917 2572 3995; x_wconf 81' lang='grc' dir='ltr'><strong>νος</strong></span> <span class='ocrx_word' id='word_1_654' title='bbox 2602 3933 2704 3985; x_wconf 84' lang='grc' dir='ltr'>ὑπὸ</span> <span class='ocrx_word' id='word_1_655' title='bbox 2726 3933 2833 3984; x_wconf 79' lang='grc' dir='ltr'>τῶν</span> <span class='ocrx_word' id='word_1_656' title='bbox 2862 3933 3088 4002; x_wconf 73' lang='grc' dir='ltr'>Θλίψεων</span> <span class='ocrx_word' id='word_1_657' title='bbox 3116 3934 3214 4004; x_wconf 81' lang='grc' dir='ltr'>τὴν</span> <span class='ocrx_word' id='word_1_658' title='bbox 3246 3934 3520 4002; x_wconf 78' lang='grc' dir='ltr'>ὑπομονὴν</span> <span class='ocrx_word' id='word_1_659' title='bbox 3541 3930 4050 3999; x_wconf 65' lang='grc' dir='ltr'>ἐπιδείκνυταιμϐ),</span> 
     </span>
    </p>
   </div>
   <div class='ocr_carea' id='block_1_86' title="bbox 2487 4023 4051 4095">
    <p class='ocr_par' dir='ltr' id='par_1_86' title="bbox 2487 4023 4051 4095">
     <span class='ocr_line' id='line_1_86' title="bbox 2487 4023 4051 4095; baseline 0 -18"><span class='ocrx_word' id='word_1_660' title='bbox 2487 4024 2621 4077; x_wconf 83' lang='grc' dir='ltr'>ἀλλὰ</span> <span class='ocrx_word' id='word_1_661' title='bbox 2673 4025 2808 4095; x_wconf 83' lang='grc' dir='ltr'>μετὰ</span> <span class='ocrx_word' id='word_1_662' title='bbox 2841 4026 3018 4095; x_wconf 81' lang='grc' dir='ltr'>πάσης</span> <span class='ocrx_word' id='word_1_663' title='bbox 3063 4027 3239 4095; x_wconf 79' lang='grc' dir='ltr'>χαρᾶς</span> <span class='ocrx_word' id='word_1_664' title='bbox 3291 4025 3605 4094; x_wconf 79' lang='grc' dir='ltr'>ὑποδέχεται</span> <span class='ocrx_word' id='word_1_665' title='bbox 3639 4023 3736 4086; x_wconf 76' lang='grc' dir='ltr'>τὰς</span> <span class='ocrx_word' id='word_1_666' title='bbox 3788 4025 3929 4095; x_wconf 78' lang='grc' dir='ltr'>ὑπὲρ</span> <span class='ocrx_word' id='word_1_667' title='bbox 3960 4023 4051 4077; x_wconf 84' lang='grc' dir='ltr'><strong>τοῦ</strong></span> 
     </span>
    </p>
   </div>
   <div class='ocr_carea' id='block_1_87' title="bbox 2483 4113 4043 4189">
    <p class='ocr_par' dir='ltr' id='par_1_87' title="bbox 2483 4113 4043 4189">
     <span class='ocr_line' id='line_1_87' title="bbox 2483 4113 4043 4189; baseline -0.003 -20"><span class='ocrx_word' id='word_1_668' title='bbox 2483 4117 2738 4187; x_wconf 83' lang='grc' dir='ltr'>ὀνόματος</span> <span class='ocrx_word' id='word_1_669' title='bbox 2782 4116 2875 4170; x_wconf 90' lang='grc' dir='ltr'><strong>τοῦ</strong></span> <span class='ocrx_word' id='word_1_670' title='bbox 2929 4119 3131 4189; x_wconf 76' lang='grc' dir='ltr'>Κυρίου</span> <span class='ocrx_word' id='word_1_671' title='bbox 3182 4115 3472 4177; x_wconf 84' lang='grc' dir='ltr'>κακώσεις,</span> <span class='ocrx_word' id='word_1_672' title='bbox 3518 4115 3592 4167; x_wconf 87' lang='grc' dir='ltr'><strong>Οὐ</strong></span> <span class='ocrx_word' id='word_1_673' title='bbox 3630 4114 3810 4182; x_wconf 83' lang='grc' dir='ltr'>μόνον,</span> <span class='ocrx_word' id='word_1_674' title='bbox 3858 4113 4043 4183; x_wconf 78' lang='grc' dir='ltr'>φησὶν,</span> 
     </span>
    </p>
   </div>
   <div class='ocr_carea' id='block_1_88' title="bbox 2487 4199 4053 4278">
    <p class='ocr_par' dir='ltr' id='par_1_88' title="bbox 2487 4199 4053 4278">
     <span class='ocr_line' id='line_1_88' title="bbox 2487 4199 4053 4278; baseline -0.005 -18"><span class='ocrx_word' id='word_1_675' title='bbox 2487 4208 2845 4278; x_wconf 75' lang='grc' dir='ltr'>ὑπομένομεν,</span> <span class='ocrx_word' id='word_1_676' title='bbox 2874 4206 3007 4260; x_wconf 76' lang='grc' dir='ltr'>ἀλλὰ</span> <span class='ocrx_word' id='word_1_677' title='bbox 3041 4208 3135 4260; x_wconf 73' lang='grc' dir='ltr'><strong>καὶ</strong></span> <span class='ocrx_word' id='word_1_678' title='bbox 3175 4207 3277 4259; x_wconf 76' lang='grc' dir='ltr'><strong><em>Ἐν</em></strong></span> <span class='ocrx_word' id='word_1_679' title='bbox 3302 4203 3460 4267; x_wconf 86' lang='grc' dir='ltr'>αὐτῷ</span> <span class='ocrx_word' id='word_1_680' title='bbox 3502 4199 3974 4270; x_wconf 66' lang='grc' dir='ltr'>εὐφρανθήσεται</span> <span class='ocrx_word' id='word_1_681' title='bbox 4013 4199 4053 4266; x_wconf 71' lang='grc' dir='ltr'><strong><em>ἡ</em></strong></span> 
     </span>
    </p>
   </div>
   <div class='ocr_carea' id='block_1_89' title="bbox 2487 4290 4053 4368">
    <p class='ocr_par' dir='ltr' id='par_1_89' title="bbox 2487 4290 4053 4368">
     <span class='ocr_line' id='line_1_89' title="bbox 2487 4290 4053 4368; baseline -0.006 -16"><span class='ocrx_word' id='word_1_682' title='bbox 2487 4299 2697 4366; x_wconf 79' lang='grc' dir='ltr'>καρδία</span> <span class='ocrx_word' id='word_1_683' title='bbox 2733 4298 2919 4368; x_wconf 79' lang='grc' dir='ltr'><strong>ἡμῶν,</strong></span> <span class='ocrx_word' id='word_1_684' title='bbox 2949 4299 3045 4352; x_wconf 75' lang='grc' dir='ltr'><strong>καί</strong></span> <span class='ocrx_word' id='word_1_685' title='bbox 3081 4299 3151 4351; x_wconf 79' lang='grc' dir='ltr'><strong>ἐν</strong></span> <span class='ocrx_word' id='word_1_686' title='bbox 3181 4295 3260 4361; x_wconf 83' lang='grc' dir='ltr'>τῷ</span> <span class='ocrx_word' id='word_1_687' title='bbox 3289 4296 3529 4364; x_wconf 80' lang='grc' dir='ltr'>ὀνόματι</span> <span class='ocrx_word' id='word_1_688' title='bbox 3572 4292 3651 4357; x_wconf 87' lang='grc' dir='ltr'>τῷ</span> <span class='ocrx_word' id='word_1_689' title='bbox 3689 4293 3834 4360; x_wconf 79' lang='grc' dir='ltr'>ἁγίῳ</span> <span class='ocrx_word' id='word_1_690' title='bbox 3869 4290 4053 4345; x_wconf 83' lang='grc' dir='ltr'>αὐτοῦ</span> 
     </span>
    </p>
   </div>
   <div class='ocr_carea' id='block_1_90' title="bbox 2486 4383 4053 4459">
    <p class='ocr_par' dir='ltr' id='par_1_90' title="bbox 2486 4383 4053 4459">
     <span class='ocr_line' id='line_1_90' title="bbox 2486 4383 4053 4459; baseline -0.006 -16"><span class='ocrx_word' id='word_1_691' title='bbox 2486 4391 2849 4459; x_wconf 75' lang='grc' dir='ltr'>ἠλπίσαμεν.</span> <span class='ocrx_word' id='word_1_692' title='bbox 2897 4391 3077 4459; x_wconf 80' lang='grc' dir='ltr'><strong>Ἀρκεῖ</strong></span> <span class='ocrx_word' id='word_1_693' title='bbox 3110 4392 3240 4458; x_wconf 81' lang='grc' dir='ltr'><strong>ἡμῖν</strong></span> <span class='ocrx_word' id='word_1_694' title='bbox 3283 4387 3344 4440; x_wconf 79' lang='grc' dir='ltr'><strong>τὸ</strong></span> <span class='ocrx_word' id='word_1_695' title='bbox 3394 4384 3753 4455; x_wconf 80' lang='grc' dir='ltr'>ὀνομάζεσθαι</span> <span class='ocrx_word' id='word_1_696' title='bbox 3795 4383 4053 4454; x_wconf 77' lang='grc' dir='ltr'>Χριστια-</span> 
     </span>
    </p>
   </div>
   <div class='ocr_carea' id='block_1_91' title="bbox 2488 4473 4052 4545">
    <p class='ocr_par' dir='ltr' id='par_1_91' title="bbox 2488 4473 4052 4545">
     <span class='ocr_line' id='line_1_91' title="bbox 2488 4473 4052 4545; baseline -0.004 -16"><span class='ocrx_word' id='word_1_697' title='bbox 2488 4478 2610 4538; x_wconf 81' lang='grc' dir='ltr'>νοὺς</span> <span class='ocrx_word' id='word_1_698' title='bbox 2644 4477 2777 4545; x_wconf 82' lang='grc' dir='ltr'>πρὸς</span> <span class='ocrx_word' id='word_1_699' title='bbox 2817 4477 2876 4530; x_wconf 82' lang='grc' dir='ltr'><strong>τὸ</strong></span> <span class='ocrx_word' id='word_1_700' title='bbox 2911 4479 3089 4530; x_wconf 75' lang='grc' dir='ltr'>πᾶσαν</span> <span class='ocrx_word' id='word_1_701' title='bbox 3124 4477 3380 4544; x_wconf 79' lang='grc' dir='ltr'>ἐκφυγεῖν</span> <span class='ocrx_word' id='word_1_702' title='bbox 3407 4475 3504 4544; x_wconf 82' lang='grc' dir='ltr'><strong>τὴν</strong></span> <span class='ocrx_word' id='word_1_703' title='bbox 3530 4475 3638 4527; x_wconf 77' lang='grc' dir='ltr'><strong>ἀπὸ</strong></span> <span class='ocrx_word' id='word_1_704' title='bbox 3663 4473 3770 4525; x_wconf 84' lang='grc' dir='ltr'><strong>τῶν</strong></span> <span class='ocrx_word' id='word_1_705' title='bbox 3799 4473 4052 4525; x_wconf 73' lang='grc' dir='ltr'>ἐναντίων</span> 
     </span>
    </p>
   </div>
   <div class='ocr_carea' id='block_1_92' title="bbox 907 4634 2589 4714">
    <p class='ocr_par' dir='ltr' id='par_1_92' title="bbox 907 4641 2566 4714">
     <span class='ocr_line' id='line_1_92' title="bbox 907 4641 2566 4714; baseline -0.005 -10"><span class='ocrx_word' id='word_1_706' title='bbox 907 4650 930 4682; x_wconf 75' lang='grc'><strong><em>⁵</em></strong></span> <span class='ocrx_word' id='word_1_707' title='bbox 969 4649 1110 4704; x_wconf 86' lang='lat' dir='ltr'><strong>Psal.</strong></span> <span class='ocrx_word' id='word_1_708' title='bbox 1139 4665 1321 4714; x_wconf 75' lang='lat' dir='ltr'><strong>cun,</strong></span> <span class='ocrx_word' id='word_1_709' title='bbox 1362 4649 1418 4702; x_wconf 71' lang='lat'><strong>2.</strong></span> <span class='ocrx_word' id='word_1_710' title='bbox 1492 4646 1512 4677; x_wconf 85' lang='lat'><strong>&#39;</strong></span> <span class='ocrx_word' id='word_1_711' title='bbox 1552 4645 1652 4698; x_wconf 91' lang='lat' dir='ltr'><strong>lsa.</strong></span> <span class='ocrx_word' id='word_1_712' title='bbox 1690 4660 1777 4708; x_wconf 73' lang='lat' dir='ltr'><strong>XL,</strong></span> <span class='ocrx_word' id='word_1_713' title='bbox 1819 4643 1901 4696; x_wconf 73' lang='lat'><strong>10.</strong></span> <span class='ocrx_word' id='word_1_714' title='bbox 1978 4642 1999 4672; x_wconf 82' lang='grc'><strong>⁸</strong></span> <span class='ocrx_word' id='word_1_715' title='bbox 2033 4642 2188 4694; x_wconf 91' lang='lat' dir='ltr'><strong>Rom.</strong></span> <span class='ocrx_word' id='word_1_716' title='bbox 2220 4656 2314 4696; x_wconf 81' lang='lat' dir='ltr'><strong>vm</strong></span> <span class='ocrx_word' id='word_1_717' title='bbox 2339 4681 2354 4704; x_wconf 89' lang='lat'><strong>,</strong></span> <span class='ocrx_word' id='word_1_718' title='bbox 2382 4641 2472 4696; x_wconf 76' lang='lat'><strong>39.</strong></span> <span class='ocrx_word' id='word_1_719' title='bbox 2546 4641 2566 4671; x_wconf 88' lang='lat'><strong>&quot;</strong></span> 
     </span>
    </p>
   </div>
   <div class='ocr_carea' id='block_1_93' title="bbox 1633 4634 3315 4714">
    <p class='ocr_par' dir='ltr' id='par_1_93' title="bbox 1637 4634 3315 4708">
     <span class='ocr_line' id='line_1_93' title="bbox 1637 4634 3315 4708; baseline -0.006 -10"><span class='ocrx_word' id='word_1_720' title='bbox 1637 4683 1652 4698; x_wconf 95' lang='lat'><strong>.</strong></span> <span class='ocrx_word' id='word_1_721' title='bbox 1690 4660 1777 4708; x_wconf 74' lang='grc' dir='ltr'><strong>ιι,</strong></span> <span class='ocrx_word' id='word_1_722' title='bbox 1819 4643 1901 4696; x_wconf 75' lang='grc'><strong>10.</strong></span> <span class='ocrx_word' id='word_1_723' title='bbox 1978 4642 1999 4672; x_wconf 83' lang='grc'><strong>⁸</strong></span> <span class='ocrx_word' id='word_1_724' title='bbox 2033 4642 2188 4694; x_wconf 91' lang='lat' dir='ltr'><strong>Rom.</strong></span> <span class='ocrx_word' id='word_1_725' title='bbox 2220 4656 2314 4696; x_wconf 82' lang='lat' dir='ltr'><strong>vm</strong></span> <span class='ocrx_word' id='word_1_726' title='bbox 2339 4681 2354 4704; x_wconf 89' lang='lat'><strong>,</strong></span> <span class='ocrx_word' id='word_1_727' title='bbox 2382 4641 2472 4696; x_wconf 76' lang='grc'><strong>59.</strong></span> <span class='ocrx_word' id='word_1_728' title='bbox 2546 4641 2566 4671; x_wconf 80' lang='grc'><strong>⁷</strong></span> <span class='ocrx_word' id='word_1_729' title='bbox 2611 4639 2739 4693; x_wconf 85' lang='lat' dir='ltr'><strong>ibid.</strong></span> <span class='ocrx_word' id='word_1_730' title='bbox 2773 4639 2862 4692; x_wconf 78' lang='lat'><strong>37.</strong></span> <span class='ocrx_word' id='word_1_731' title='bbox 2938 4639 2959 4671; x_wconf 82' lang='grc'>⁸</span> <span class='ocrx_word' id='word_1_732' title='bbox 2991 4635 3147 4688; x_wconf 87' lang='lat' dir='ltr'><strong>Rom.</strong></span> <span class='ocrx_word' id='word_1_733' title='bbox 3183 4649 3234 4699; x_wconf 77' lang='grc' dir='ltr'><strong>ν,</strong></span> <span class='ocrx_word' id='word_1_734' title='bbox 3262 4634 3315 4688; x_wconf 83' lang='grc'>5.</span> 
     </span>
    </p>
   </div>
   <div class='ocr_carea' id='block_1_94' title="bbox 909 4788 2591 4889">
    <p class='ocr_par' dir='ltr' id='par_1_94' title="bbox 909 4807 2591 4889">
     <span class='ocr_line' id='line_1_94' title="bbox 909 4807 2591 4889; baseline -0.008 -17"><span class='ocrx_word' id='word_1_735' title='bbox 909 4817 1016 4889; x_wconf 74' lang='grc'><strong>(41)</strong></span> <span class='ocrx_word' id='word_1_736' title='bbox 1052 4817 1196 4882; x_wconf 86' lang='grc' dir='ltr'><strong>Τοὺς</strong></span> <span class='ocrx_word' id='word_1_737' title='bbox 1223 4813 1586 4889; x_wconf 72' lang='grc' dir='ltr'>ἐλπίζοντας,</span> <span class='ocrx_word' id='word_1_738' title='bbox 1621 4819 1917 4889; x_wconf 34' lang='lat' dir='ltr'><strong>sperantes:</strong></span> <span class='ocrx_word' id='word_1_739' title='bbox 1940 4807 2209 4888; x_wconf 55' lang='grc' dir='ltr'><strong>λίιιιςιιιτι,⁸</strong></span> <span class='ocrx_word' id='word_1_740' title='bbox 2232 4807 2296 4889; x_wconf 60' lang='grc' dir='ltr'><strong><em>ξι</em></strong></span> <span class='ocrx_word' id='word_1_741' title='bbox 2332 4810 2384 4861; x_wconf 85' lang='lat' dir='ltr'><strong>in</strong></span> <span class='ocrx_word' id='word_1_742' title='bbox 2421 4813 2465 4871; x_wconf 82' lang='grc' dir='ltr'><strong>ι)</strong></span> <span class='ocrx_word' id='word_1_743' title='bbox 2490 4825 2591 4889; x_wconf 71' lang='lat' dir='ltr'><strong>cun</strong></span> 
     </span>
    </p>
   </div>
   <div class='ocr_carea' id='block_1_95' title="bbox 2367 4788 4049 4889">
    <p class='ocr_par' dir='ltr' id='par_1_95' title="bbox 2367 4788 4049 4889">
     <span class='ocr_line' id='line_1_95' title="bbox 2367 4788 4049 4889; baseline -0.011 -28"><span class='ocrx_word' id='word_1_744' title='bbox 2367 4827 2384 4861; x_wconf 89' lang='grc' dir='ltr'><strong>ι</strong></span> <span class='ocrx_word' id='word_1_745' title='bbox 2421 4813 2465 4871; x_wconf 86' lang='lat' dir='ltr'><strong>D</strong></span> <span class='ocrx_word' id='word_1_746' title='bbox 2490 4825 2604 4889; x_wconf 72' lang='lat' dir='ltr'><strong>cum</strong></span> <span class='ocrx_word' id='word_1_747' title='bbox 2623 4821 2705 4887; x_wconf 70' lang='grc' dir='ltr'><strong>ςο.</strong></span> <span class='ocrx_word' id='word_1_748' title='bbox 2727 4803 2879 4889; x_wconf 65' lang='lat' dir='ltr'><strong>Unde</strong></span> <span class='ocrx_word' id='word_1_749' title='bbox 2898 4801 3029 4883; x_wconf 74' lang='lat' dir='ltr'><strong>satis</strong></span> <span class='ocrx_word' id='word_1_750' title='bbox 3050 4799 3203 4854; x_wconf 89' lang='lat' dir='ltr'><strong>nobis</strong></span> <span class='ocrx_word' id='word_1_751' title='bbox 3232 4796 3506 4889; x_wconf 72' lang='lat' dir='ltr'><strong>probabile</strong></span> <span class='ocrx_word' id='word_1_752' title='bbox 3519 4791 3902 4889; x_wconf 47' lang='lat' dir='ltr'><strong>yidctnrnillud</strong></span> <span class='ocrx_word' id='word_1_753' title='bbox 3935 4788 4049 4863; x_wconf 85' lang='grc' dir='ltr'>μετ’</span> 
     </span>
    </p>
   </div>
   <div class='ocr_carea' id='block_1_96' title="bbox 835 4879 2385 4957">
    <p class='ocr_par' dir='ltr' id='par_1_96' title="bbox 835 4879 2385 4957">
     <span class='ocr_line' id='line_1_96' title="bbox 835 4879 2385 4957; baseline -0.011 -12"><span class='ocrx_word' id='word_1_754' title='bbox 835 4879 1024 4957; x_wconf 61' lang='grc' dir='ltr'>σῖτ’ᾳαῖ</span> <span class='ocrx_word' id='word_1_755' title='bbox 1054 4879 1256 4953; x_wconf 75' lang='lat' dir='ltr'><strong>sperant</strong></span> <span class='ocrx_word' id='word_1_756' title='bbox 1287 4901 1439 4957; x_wconf 82' lang='lat' dir='ltr'><strong>super</strong></span> <span class='ocrx_word' id='word_1_757' title='bbox 1464 4882 1822 4957; x_wconf 49' lang='lat' dir='ltr'><strong>misericordia</strong></span> <span class='ocrx_word' id='word_1_758' title='bbox 1869 4879 2016 4957; x_wconf 41' lang='lat' dir='ltr'><strong>ejus;</strong></span> <span class='ocrx_word' id='word_1_759' title='bbox 2058 4879 2211 4957; x_wconf 86' lang='lat' dir='ltr'><strong>quasi</strong></span> <span class='ocrx_word' id='word_1_760' title='bbox 2247 4881 2385 4957; x_wconf 67' lang='lat' dir='ltr'><strong>lege-</strong></span> 
     </span>
    </p>
   </div>
   <div class='ocr_carea' id='block_1_97' title="bbox 841 4947 2383 5024">
    <p class='ocr_par' dir='ltr' id='par_1_97' title="bbox 841 4947 2383 5024">
     <span class='ocr_line' id='line_1_97' title="bbox 841 4947 2383 5024; baseline -0.008 -11"><span class='ocrx_word' id='word_1_761' title='bbox 841 4963 910 5014; x_wconf 86' lang='lat' dir='ltr'><strong>rit</strong></span> <span class='ocrx_word' id='word_1_762' title='bbox 953 4947 1224 5024; x_wconf 79' lang='lat' dir='ltr'><strong>iulerpres</strong></span> <span class='ocrx_word' id='word_1_763' title='bbox 1287 4955 1377 5008; x_wconf 76' lang='grc' dir='ltr'><strong>καὶ</strong></span> <span class='ocrx_word' id='word_1_764' title='bbox 1427 4953 1550 5014; x_wconf 78' lang='grc' dir='ltr'>τοὺς</span> <span class='ocrx_word' id='word_1_765' title='bbox 1597 4947 1926 5024; x_wconf 71' lang='grc' dir='ltr'>ἐλπίζοντας.</span> <span class='ocrx_word' id='word_1_766' title='bbox 1985 4947 2087 5001; x_wconf 86' lang='lat' dir='ltr'><strong>Sed</strong></span> <span class='ocrx_word' id='word_1_767' title='bbox 2143 4950 2383 5001; x_wconf 82' lang='lat' dir='ltr'><strong>voculam</strong></span> 
     </span>
    </p>
   </div>
   <div class='ocr_carea' id='block_1_98' title="bbox 840 5023 2385 5096">
    <p class='ocr_par' dir='ltr' id='par_1_98' title="bbox 840 5023 2385 5096">
     <span class='ocr_line' id='line_1_98' title="bbox 840 5023 2385 5096; baseline -0.007 -12"><span class='ocrx_word' id='word_1_768' title='bbox 840 5030 932 5083; x_wconf 89' lang='grc' dir='ltr'><strong>καί</strong></span> <span class='ocrx_word' id='word_1_769' title='bbox 972 5043 1071 5081; x_wconf 92' lang='lat' dir='ltr'><strong>non</strong></span> <span class='ocrx_word' id='word_1_770' title='bbox 1107 5023 1411 5096; x_wconf 73' lang='lat' dir='ltr'><strong>prmferunt</strong></span> <span class='ocrx_word' id='word_1_771' title='bbox 1432 5037 1601 5096; x_wconf 89' lang='lat' dir='ltr'><strong>neque</strong></span> <span class='ocrx_word' id='word_1_772' title='bbox 1633 5023 1990 5096; x_wconf 78' lang='lat' dir='ltr'><strong>editi,__neque</strong></span> <span class='ocrx_word' id='word_1_773' title='bbox 2022 5034 2174 5081; x_wconf 86' lang='lat' dir='ltr'><strong>mss.,</strong></span> <span class='ocrx_word' id='word_1_774' title='bbox 2209 5034 2385 5086; x_wconf 83' lang='lat' dir='ltr'><strong>neque</strong></span> 
     </span>
    </p>
   </div>
   <div class='ocr_carea' id='block_1_99' title="bbox 839 5090 1980 5166">
    <p class='ocr_par' dir='ltr' id='par_1_99' title="bbox 839 5090 1980 5166">
     <span class='ocr_line' id='line_1_99' title="bbox 839 5090 1980 5166; baseline -0.011 -13"><span class='ocrx_word' id='word_1_775' title='bbox 839 5098 997 5161; x_wconf 76' lang='lat' dir='ltr'><strong>LXX,</strong></span> <span class='ocrx_word' id='word_1_776' title='bbox 1027 5090 1197 5166; x_wconf 80' lang='lat' dir='ltr'><strong>neque</strong></span> <span class='ocrx_word' id='word_1_777' title='bbox 1213 5094 1416 5166; x_wconf 84' lang='lat' dir='ltr'><strong>antiqui</strong></span> <span class='ocrx_word' id='word_1_778' title='bbox 1448 5095 1765 5166; x_wconf 63' lang='lat' dir='ltr'><strong>interpretes</strong></span> <span class='ocrx_word' id='word_1_779' title='bbox 1787 5090 1980 5166; x_wconf 72' lang='lat' dir='ltr'><strong>Graeci.</strong></span> 
     </span>
    </p>
   </div>
   <div class='ocr_carea' id='block_1_100' title="bbox 909 5158 2386 5237">
    <p class='ocr_par' dir='ltr' id='par_1_100' title="bbox 909 5158 2386 5237">
     <span class='ocr_line' id='line_1_100' title="bbox 909 5158 2386 5237; baseline -0.007 -16"><span class='ocrx_word' id='word_1_780' title='bbox 909 5158 1020 5237; x_wconf 64' lang='grc' dir='ltr'><strong>(ΛΞ)</strong></span> <span class='ocrx_word' id='word_1_781' title='bbox 1063 5158 1234 5221; x_wconf 82' lang='lat' dir='ltr'><strong>Editio</strong></span> <span class='ocrx_word' id='word_1_782' title='bbox 1262 5158 1432 5218; x_wconf 76' lang='lat' dir='ltr'><strong>Paris.</strong></span> <span class='ocrx_word' id='word_1_783' title='bbox 1470 5173 1522 5216; x_wconf 90' lang='lat' dir='ltr'><strong>et</strong></span> <span class='ocrx_word' id='word_1_784' title='bbox 1547 5162 1696 5237; x_wconf 76' lang='lat' dir='ltr'><strong>coll).</strong></span> <span class='ocrx_word' id='word_1_785' title='bbox 1715 5161 1996 5237; x_wconf 63' lang='lat' dir='ltr'><strong>septimus</strong></span> <span class='ocrx_word' id='word_1_786' title='bbox 2024 5158 2115 5237; x_wconf 73' lang='grc' dir='ltr'><strong>ἐπὶ</strong></span> <span class='ocrx_word' id='word_1_787' title='bbox 2145 5158 2277 5237; x_wconf 65' lang='grc' dir='ltr'><strong>Δτους</strong></span> <span class='ocrx_word' id='word_1_788' title='bbox 2305 5160 2386 5210; x_wconf 78' lang='lat' dir='ltr'><strong>ol-</strong></span> 
     </span>
    </p>
   </div>
   <div class='ocr_carea' id='block_1_101' title="bbox 836 5229 2382 5310">
    <p class='ocr_par' dir='ltr' id='par_1_101' title="bbox 836 5229 2382 5310">
     <span class='ocr_line' id='line_1_101' title="bbox 836 5229 2382 5310; baseline -0.008 -18"><span class='ocrx_word' id='word_1_789' title='bbox 836 5229 1118 5310; x_wconf 72' lang='grc' dir='ltr'>κτίρμούς.</span> <span class='ocrx_word' id='word_1_790' title='bbox 1147 5239 1246 5289; x_wconf 82' lang='lat' dir='ltr'><strong>Alii</strong></span> <span class='ocrx_word' id='word_1_791' title='bbox 1277 5236 1380 5288; x_wconf 88' lang='lat' dir='ltr'><strong>duo</strong></span> <span class='ocrx_word' id='word_1_792' title='bbox 1408 5249 1534 5310; x_wconf 77' lang='lat' dir='ltr'><strong>mss.</strong></span> <span class='ocrx_word' id='word_1_793' title='bbox 1556 5234 1633 5310; x_wconf 77' lang='grc' dir='ltr'>εἰς</span> <span class='ocrx_word' id='word_1_794' title='bbox 1649 5231 1773 5294; x_wconf 79' lang='grc' dir='ltr'>τοὺς</span> <span class='ocrx_word' id='word_1_795' title='bbox 1789 5229 2118 5310; x_wconf 51' lang='grc' dir='ltr'>οἰκτιρξούς.</span> <span class='ocrx_word' id='word_1_796' title='bbox 2143 5231 2244 5282; x_wconf 83' lang='lat' dir='ltr'><strong>Sed</strong></span> <span class='ocrx_word' id='word_1_797' title='bbox 2273 5239 2382 5308; x_wconf 88' lang='lat' dir='ltr'><strong>tum</strong></span> 
     </span>
    </p>
   </div>
   <div class='ocr_carea' id='block_1_102' title="bbox 838 5301 2383 5374">
    <p class='ocr_par' dir='ltr' id='par_1_102' title="bbox 838 5301 2383 5374">
     <span class='ocr_line' id='line_1_102' title="bbox 838 5301 2383 5374; baseline -0.009 -12"><span class='ocrx_word' id='word_1_798' title='bbox 838 5301 978 5374; x_wconf 61' lang='lat' dir='ltr'><strong>hac,</strong></span> <span class='ocrx_word' id='word_1_799' title='bbox 1012 5320 1119 5360; x_wconf 91' lang='lat' dir='ltr'><strong>tum</strong></span> <span class='ocrx_word' id='word_1_800' title='bbox 1174 5307 1260 5360; x_wconf 91' lang='lat' dir='ltr'><strong>illa</strong></span> <span class='ocrx_word' id='word_1_801' title='bbox 1312 5302 1629 5374; x_wconf 24' lang='lat' dir='ltr'><strong>prepositio‘</strong></span> <span class='ocrx_word' id='word_1_802' title='bbox 1669 5306 1842 5374; x_wconf 12' lang='lat' dir='ltr'><strong>deest,</strong></span> <span class='ocrx_word' id='word_1_803' title='bbox 1873 5302 1924 5353; x_wconf 92' lang='lat' dir='ltr'><strong>in</strong></span> <span class='ocrx_word' id='word_1_804' title='bbox 1971 5301 2152 5374; x_wconf 79' lang='lat' dir='ltr'><strong>Regiis</strong></span> <span class='ocrx_word' id='word_1_805' title='bbox 2202 5302 2383 5374; x_wconf 59' lang='lat' dir='ltr'><strong>tertio,</strong></span> 
     </span>
    </p>
   </div>
   <div class='ocr_carea' id='block_1_103' title="bbox 835 5367 2380 5446">
    <p class='ocr_par' dir='ltr' id='par_1_103' title="bbox 835 5367 2380 5446">
     <span class='ocr_line' id='line_1_103' title="bbox 835 5367 2380 5446; baseline -0.007 -15"><span class='ocrx_word' id='word_1_806' title='bbox 835 5367 1027 5446; x_wconf 77' lang='lat' dir='ltr'><strong>quarto</strong></span> <span class='ocrx_word' id='word_1_807' title='bbox 1053 5387 1105 5431; x_wconf 85' lang='lat' dir='ltr'><strong>et</strong></span> <span class='ocrx_word' id='word_1_808' title='bbox 1129 5367 1337 5446; x_wconf 57' lang='lat' dir='ltr'><strong>quinto,</strong></span> <span class='ocrx_word' id='word_1_809' title='bbox 1363 5367 1422 5446; x_wconf 68' lang='lat' dir='ltr'><strong>et</strong></span> <span class='ocrx_word' id='word_1_810' title='bbox 1445 5375 1498 5425; x_wconf 95' lang='lat' dir='ltr'><strong>in</strong></span> <span class='ocrx_word' id='word_1_811' title='bbox 1539 5371 1702 5446; x_wconf 80' lang='lat' dir='ltr'><strong>Coi_sl.</strong></span> <span class='ocrx_word' id='word_1_812' title='bbox 1738 5381 1791 5425; x_wconf 89' lang='lat' dir='ltr'><strong>et</strong></span> <span class='ocrx_word' id='word_1_813' title='bbox 1832 5371 1883 5422; x_wconf 93' lang='lat' dir='ltr'><strong>in</strong></span> <span class='ocrx_word' id='word_1_814' title='bbox 1927 5371 2160 5446; x_wconf 76' lang='lat' dir='ltr'><strong>editione</strong></span> <span class='ocrx_word' id='word_1_815' title='bbox 2215 5367 2380 5420; x_wconf 85' lang='lat' dir='ltr'><strong>Basil.</strong></span> 
     </span>
    </p>
   </div>
   <div class='ocr_carea' id='block_1_104' title="bbox 837 5439 2378 5510">
    <p class='ocr_par' dir='ltr' id='par_1_104' title="bbox 837 5439 2378 5510">
     <span class='ocr_line' id='line_1_104' title="bbox 837 5439 2378 5510; baseline -0.01 -7"><span class='ocrx_word' id='word_1_816' title='bbox 837 5439 1035 5504; x_wconf 70' lang='lat' dir='ltr'><strong>Neutra</strong></span> <span class='ocrx_word' id='word_1_817' title='bbox 1056 5439 1214 5501; x_wconf 74' lang='lat' dir='ltr'><strong>etiam</strong></span> <span class='ocrx_word' id='word_1_818' title='bbox 1249 5445 1510 5510; x_wconf 91' lang='lat' dir='ltr'><strong>reperitur</strong></span> <span class='ocrx_word' id='word_1_819' title='bbox 1545 5444 1596 5493; x_wconf 93' lang='lat' dir='ltr'><strong>in</strong></span> <span class='ocrx_word' id='word_1_820' title='bbox 1627 5441 1770 5510; x_wconf 64' lang='lat' dir='ltr'><strong>Reg.</strong></span> <span class='ocrx_word' id='word_1_821' title='bbox 1795 5449 1947 5510; x_wconf 77' lang='lat' dir='ltr'><strong>sexto</strong></span> <span class='ocrx_word' id='word_1_822' title='bbox 1977 5439 2148 5510; x_wconf 88' lang='lat' dir='ltr'><strong>prima</strong></span> <span class='ocrx_word' id='word_1_823' title='bbox 2191 5453 2378 5510; x_wconf 73' lang='lat' dir='ltr'><strong>Inanu;</strong></span> 
     </span>
    </p>
   </div>
   <div class='ocr_carea' id='block_1_105' title="bbox 837 5507 2380 5588">
    <p class='ocr_par' dir='ltr' id='par_1_105' title="bbox 837 5507 2380 5588">
     <span class='ocr_line' id='line_1_105' title="bbox 837 5507 2380 5588; baseline -0.006 -19"><span class='ocrx_word' id='word_1_824' title='bbox 837 5533 1141 5588; x_wconf 81' lang='lat' dir='ltr'><strong>quanquam</strong></span> <span class='ocrx_word' id='word_1_825' title='bbox 1181 5507 1428 5588; x_wconf 71' lang='lat' dir='ltr'><strong>secundis</strong></span> <span class='ocrx_word' id='word_1_826' title='bbox 1451 5511 1593 5588; x_wconf 66' lang='lat' dir='ltr'><strong>curis</strong></span> <span class='ocrx_word' id='word_1_827' title='bbox 1627 5507 1808 5560; x_wconf 77' lang='lat' dir='ltr'><strong>vocula</strong></span> <span class='ocrx_word' id='word_1_828' title='bbox 1839 5508 1919 5588; x_wconf 74' lang='grc' dir='ltr'><strong>είς</strong></span> <span class='ocrx_word' id='word_1_829' title='bbox 1944 5509 2118 5588; x_wconf 70' lang='lat' dir='ltr'><strong>addita</strong></span> <span class='ocrx_word' id='word_1_830' title='bbox 2145 5519 2246 5586; x_wconf 84' lang='lat' dir='ltr'><strong>est.</strong></span> <span class='ocrx_word' id='word_1_831' title='bbox 2281 5507 2380 5560; x_wconf 84' lang='lat' dir='ltr'><strong>Po-</strong></span> 
     </span>
    </p>
   </div>
   <div class='ocr_carea' id='block_1_106' title="bbox 835 5579 2385 5656">
    <p class='ocr_par' dir='ltr' id='par_1_106' title="bbox 835 5579 2385 5656">
     <span class='ocr_line' id='line_1_106' title="bbox 835 5579 2385 5656; baseline -0.01 -13"><span class='ocrx_word' id='word_1_832' title='bbox 835 5579 942 5643; x_wconf 73' lang='lat' dir='ltr'><strong>test</strong></span> <span class='ocrx_word' id='word_1_833' title='bbox 967 5579 1177 5656; x_wconf 78' lang='lat' dir='ltr'><strong>quidem</strong></span> <span class='ocrx_word' id='word_1_834' title='bbox 1209 5579 1595 5656; x_wconf 75' lang='lat' dir='ltr'><strong>hoclocoaddi</strong></span> <span class='ocrx_word' id='word_1_835' title='bbox 1627 5579 1987 5656; x_wconf 65' lang='lat' dir='ltr'><strong>pratpositio_:_</strong></span> <span class='ocrx_word' id='word_1_836' title='bbox 1999 5580 2094 5656; x_wconf 81' lang='lat' dir='ltr'><strong>sed</strong></span> <span class='ocrx_word' id='word_1_837' title='bbox 2124 5579 2249 5642; x_wconf 86' lang='lat' dir='ltr'><strong>quin</strong></span> <span class='ocrx_word' id='word_1_838' title='bbox 2276 5592 2385 5629; x_wconf 86' lang='lat' dir='ltr'><strong>tne-</strong></span> 
     </span>
    </p>
   </div>
   <div class='ocr_carea' id='block_1_107' title="bbox 835 5648 2385 5714">
    <p class='ocr_par' dir='ltr' id='par_1_107' title="bbox 835 5648 2385 5714">
     <span class='ocr_line' id='line_1_107' title="bbox 835 5648 2385 5714; baseline -0.01 -2"><span class='ocrx_word' id='word_1_839' title='bbox 835 5658 940 5712; x_wconf 86' lang='lat' dir='ltr'><strong>lins</strong></span> <span class='ocrx_word' id='word_1_840' title='bbox 986 5648 1158 5714; x_wconf 55' lang='lat' dir='ltr'><strong>&#39;absit,</strong></span> <span class='ocrx_word' id='word_1_841' title='bbox 1200 5653 1329 5706; x_wconf 89' lang='lat' dir='ltr'><strong>mihi</strong></span> <span class='ocrx_word' id='word_1_842' title='bbox 1379 5651 1595 5704; x_wconf 90' lang='lat' dir='ltr'><strong>dubium</strong></span> <span class='ocrx_word' id='word_1_843' title='bbox 1632 5665 1737 5701; x_wconf 83' lang='lat' dir='ltr'><strong>non</strong></span> <span class='ocrx_word' id='word_1_844' title='bbox 1769 5658 1874 5706; x_wconf 89' lang='lat' dir='ltr'><strong>est.</strong></span> <span class='ocrx_word' id='word_1_845' title='bbox 1927 5648 2216 5714; x_wconf 88' lang='lat' dir='ltr'><strong>Aliquanto</strong></span> <span class='ocrx_word' id='word_1_846' title='bbox 2266 5657 2385 5714; x_wconf 88' lang='lat' dir='ltr'><strong>post</strong></span> 
     </span>
    </p>
   </div>
   <div class='ocr_carea' id='block_1_108' title="bbox 837 5718 2384 5792">
    <p class='ocr_par' dir='ltr' id='par_1_108' title="bbox 837 5718 2384 5792">
     <span class='ocr_line' id='line_1_108' title="bbox 837 5718 2384 5792; baseline -0.01 -9"><span class='ocrx_word' id='word_1_847' title='bbox 837 5730 998 5783; x_wconf 82' lang='lat' dir='ltr'><strong>editio</strong></span> <span class='ocrx_word' id='word_1_848' title='bbox 1033 5724 1202 5778; x_wconf 87' lang='lat' dir='ltr'><strong>Paris.</strong></span> <span class='ocrx_word' id='word_1_849' title='bbox 1238 5720 1423 5792; x_wconf 76' lang='grc' dir='ltr'>μισθὸς</span> <span class='ocrx_word' id='word_1_850' title='bbox 1452 5722 1566 5792; x_wconf 70' lang='grc' dir='ltr'><strong>μετῖ</strong></span> <span class='ocrx_word' id='word_1_851' title='bbox 1587 5719 1767 5792; x_wconf 47' lang='lat' dir='ltr'><strong>cupii.</strong></span> <span class='ocrx_word' id='word_1_852' title='bbox 1802 5721 1868 5792; x_wconf 78' lang='lat' dir='ltr'><strong>At</strong></span> <span class='ocrx_word' id='word_1_853' title='bbox 1889 5718 2069 5792; x_wconf 68' lang='lat' dir='ltr'><strong>decem</strong></span> <span class='ocrx_word' id='word_1_854' title='bbox 2105 5732 2232 5770; x_wconf 87' lang='lat' dir='ltr'><strong>mss.</strong></span> <span class='ocrx_word' id='word_1_855' title='bbox 2265 5731 2384 5792; x_wconf 66' lang='lat' dir='ltr'><strong>cum</strong></span> 
     </span>
    </p>
   </div>
   <div class='ocr_carea' id='block_1_109' title="bbox 839 5785 2385 5865">
    <p class='ocr_par' dir='ltr' id='par_1_109' title="bbox 839 5785 2385 5865">
     <span class='ocr_line' id='line_1_109' title="bbox 839 5785 2385 5865; baseline -0.009 -15"><span class='ocrx_word' id='word_1_856' title='bbox 839 5799 1070 5865; x_wconf 83' lang='lat' dir='ltr'><strong>editione</strong></span> <span class='ocrx_word' id='word_1_857' title='bbox 1108 5785 1265 5865; x_wconf 76' lang='lat' dir='ltr'><strong>Basii.</strong></span> <span class='ocrx_word' id='word_1_858' title='bbox 1299 5785 1489 5865; x_wconf 61' lang='lat' dir='ltr'><strong>piceo;</strong></span> <span class='ocrx_word' id='word_1_859' title='bbox 1509 5788 1693 5843; x_wconf 84' lang='grc' dir='ltr'>αὑτοῦ.</span> <span class='ocrx_word' id='word_1_860' title='bbox 1715 5789 1899 5865; x_wconf 75' lang='lat' dir='ltr'><strong>_Et_liti_o</strong></span> <span class='ocrx_word' id='word_1_861' title='bbox 1925 5787 2164 5865; x_wconf 75' lang='lat' dir='ltr'><strong>Romana</strong></span> <span class='ocrx_word' id='word_1_862' title='bbox 2195 5785 2385 5865; x_wconf 56' lang='grc' dir='ltr'>μισθὸς</span> 
     </span>
    </p>
   </div>
   <div class='ocr_carea' id='block_1_110' title="bbox 837 5858 2384 5934">
    <p class='ocr_par' dir='ltr' id='par_1_110' title="bbox 837 5858 2384 5934">
     <span class='ocr_line' id='line_1_110' title="bbox 837 5858 2384 5934; baseline -0.006 -15"><span class='ocrx_word' id='word_1_863' title='bbox 837 5864 1000 5920; x_wconf 80' lang='grc' dir='ltr'>αὐτοῦ</span> <span class='ocrx_word' id='word_1_864' title='bbox 1033 5864 1147 5934; x_wconf 82' lang='grc' dir='ltr'>μετ’</span> <span class='ocrx_word' id='word_1_865' title='bbox 1164 5858 1325 5916; x_wconf 81' lang='grc' dir='ltr'>αὑτοῦ</span> <span class='ocrx_word' id='word_1_866' title='bbox 1350 5879 1362 5892; x_wconf 88' lang='grc'><strong>·</strong></span> <span class='ocrx_word' id='word_1_867' title='bbox 1385 5864 1470 5919; x_wconf 89' lang='lat' dir='ltr'><strong>cui</strong></span> <span class='ocrx_word' id='word_1_868' title='bbox 1490 5860 1752 5917; x_wconf 83' lang='lat' dir='ltr'><strong>consentit</strong></span> <span class='ocrx_word' id='word_1_869' title='bbox 1779 5858 2022 5926; x_wconf 76' lang='lat' dir='ltr'><strong>Vulgata,</strong></span> <span class='ocrx_word' id='word_1_870' title='bbox 2057 5858 2254 5911; x_wconf 81' lang='lat' dir='ltr'><strong>Merces</strong></span> <span class='ocrx_word' id='word_1_871' title='bbox 2271 5858 2384 5925; x_wconf 87' lang='lat' dir='ltr'><strong>ejus</strong></span> 
     </span>
    </p>
   </div>
   <div class='ocr_carea' id='block_1_111' title="bbox 2489 4865 3782 4938">
    <p class='ocr_par' dir='ltr' id='par_1_111' title="bbox 2489 4865 3782 4938">
     <span class='ocr_line' id='line_1_111' title="bbox 2489 4865 3782 4938; baseline -0.012 -8"><span class='ocrx_word' id='word_1_872' title='bbox 2489 4877 2673 4937; x_wconf 79' lang='grc' dir='ltr'>αὐτοῦ,</span> <span class='ocrx_word' id='word_1_873' title='bbox 2701 4893 2726 4926; x_wconf 91' lang='lat' dir='ltr'><strong>a</strong></span> <span class='ocrx_word' id='word_1_874' title='bbox 2771 4875 3002 4927; x_wconf 86' lang='lat' dir='ltr'><strong>librariis</strong></span> <span class='ocrx_word' id='word_1_875' title='bbox 3027 4865 3442 4938; x_wconf 68' lang='lat' dir='ltr'><strong>prietermissum</strong></span> <span class='ocrx_word' id='word_1_876' title='bbox 3479 4867 3567 4919; x_wconf 90' lang='lat' dir='ltr'><strong>hic</strong></span> <span class='ocrx_word' id='word_1_877' title='bbox 3594 4865 3782 4918; x_wconf 73' lang='lat' dir='ltr'><strong>fuisse.</strong></span> 
     </span>
    </p>
   </div>
   <div class='ocr_carea' id='block_1_112' title="bbox 2555 4937 3794 5014">
    <p class='ocr_par' dir='ltr' id='par_1_112' title="bbox 2555 4937 3794 5014">
     <span class='ocr_line' id='line_1_112' title="bbox 2555 4937 3794 5014; baseline -0.01 -14"><span class='ocrx_word' id='word_1_878' title='bbox 2555 4947 2664 5014; x_wconf 76' lang='grc'><strong>(45)</strong></span> <span class='ocrx_word' id='word_1_879' title='bbox 2688 4945 2837 5000; x_wconf 86' lang='lat' dir='ltr'><strong>Colb.</strong></span> <span class='ocrx_word' id='word_1_880' title='bbox 2869 4937 3089 5014; x_wconf 87' lang='lat' dir='ltr'><strong>quartus</strong></span> <span class='ocrx_word' id='word_1_881' title='bbox 3115 4942 3193 5003; x_wconf 78' lang='grc' dir='ltr'>εἰς</span> <span class='ocrx_word' id='word_1_882' title='bbox 3224 4937 3390 5014; x_wconf 39' lang='grc' dir='ltr'>τοὺς.-</span> <span class='ocrx_word' id='word_1_883' title='bbox 3609 5005 3632 5014; x_wconf 92' lang='lat'>_</span> <span class='ocrx_word' id='word_1_884' title='bbox 3763 5002 3794 5014; x_wconf 22' lang='grc' dir='ltr'><strong>Α.</strong></span> 
     </span>
    </p>
   </div>
   <div class='ocr_carea' id='block_1_113' title="bbox 2558 5003 4049 5084">
    <p class='ocr_par' dir='ltr' id='par_1_113' title="bbox 2558 5003 4049 5084">
     <span class='ocr_line' id='line_1_113' title="bbox 2558 5003 4049 5084; baseline -0.014 -14"><span class='ocrx_word' id='word_1_885' title='bbox 2558 5003 2670 5084; x_wconf 55' lang='grc' dir='ltr'><strong>μί’)</strong></span> <span class='ocrx_word' id='word_1_886' title='bbox 2698 5015 2833 5084; x_wconf 15' lang='grc' dir='ltr'>Ειίίινὶ</span> <span class='ocrx_word' id='word_1_887' title='bbox 2858 5003 2910 5066; x_wconf 75' lang='lat' dir='ltr'><strong>et</strong></span> <span class='ocrx_word' id='word_1_888' title='bbox 2940 5013 3187 5084; x_wconf 79' lang='lat' dir='ltr'><strong>quinque</strong></span> <span class='ocrx_word' id='word_1_889' title='bbox 3211 5025 3336 5062; x_wconf 85' lang='lat' dir='ltr'><strong>mss.</strong></span> <span class='ocrx_word' id='word_1_890' title='bbox 3366 5005 3652 5084; x_wconf 63' lang='grc' dir='ltr'>ῥπομενεῖ,</span> <span class='ocrx_word' id='word_1_891' title='bbox 3683 5003 3887 5084; x_wconf 80' lang='lat' dir='ltr'><strong>patiens</strong></span> <span class='ocrx_word' id='word_1_892' title='bbox 3933 5003 4049 5084; x_wconf 73' lang='lat' dir='ltr'><strong>erit.</strong></span> 
     </span>
    </p>
   </div>
   <div class='ocr_carea' id='block_1_114' title="bbox 2484 5073 4052 5150">
    <p class='ocr_par' dir='ltr' id='par_1_114' title="bbox 2484 5073 4052 5150">
     <span class='ocr_line' id='line_1_114' title="bbox 2484 5073 4052 5150; baseline -0.01 -9"><span class='ocrx_word' id='word_1_893' title='bbox 2484 5073 2592 5141; x_wconf 72' lang='lat' dir='ltr'><strong>Nec</strong></span> <span class='ocrx_word' id='word_1_894' title='bbox 2625 5073 2779 5139; x_wconf 81' lang='lat' dir='ltr'><strong>aliter</strong></span> <span class='ocrx_word' id='word_1_895' title='bbox 2813 5073 3318 5150; x_wconf 41' lang='lat' dir='ltr'><strong>legit-Augustinus.</strong></span> <span class='ocrx_word' id='word_1_896' title='bbox 3359 5073 3512 5150; x_wconf 64' lang='lat' dir='ltr'><strong>(lolii.</strong></span> <span class='ocrx_word' id='word_1_897' title='bbox 3556 5085 3776 5145; x_wconf 84' lang='lat' dir='ltr'><strong>quartus</strong></span> <span class='ocrx_word' id='word_1_898' title='bbox 3805 5083 3860 5126; x_wconf 90' lang='lat' dir='ltr'><strong>et</strong></span> <span class='ocrx_word' id='word_1_899' title='bbox 3888 5073 4052 5150; x_wconf 35' lang='lat' dir='ltr'><strong>editi-0</strong></span> 
     </span>
    </p>
   </div>
   <div class='ocr_carea' id='block_1_115' title="bbox 2486 5144 4053 5223">
    <p class='ocr_par' dir='ltr' id='par_1_115' title="bbox 2486 5144 4053 5223">
     <span class='ocr_line' id='line_1_115' title="bbox 2486 5144 4053 5223; baseline -0.012 -12"><span class='ocrx_word' id='word_1_900' title='bbox 2486 5158 2724 5212; x_wconf 84' lang='lat' dir='ltr'><strong>Romana</strong></span> <span class='ocrx_word' id='word_1_901' title='bbox 2754 5144 3037 5223; x_wconf 62' lang='grc' dir='ltr'>ὑπομένει,</span> <span class='ocrx_word' id='word_1_902' title='bbox 3059 5144 3260 5223; x_wconf 66' lang='lat' dir='ltr'><strong>patiens</strong></span> <span class='ocrx_word' id='word_1_903' title='bbox 3285 5144 3614 5223; x_wconf 65' lang='lat' dir='ltr'><strong>est.\_7ulgal_a</strong></span> <span class='ocrx_word' id='word_1_904' title='bbox 3640 5158 3873 5223; x_wconf 74' lang='lat' dir='ltr'><strong>quoque,</strong></span> <span class='ocrx_word' id='word_1_905' title='bbox 3893 5144 4053 5194; x_wconf 82' lang='lat' dir='ltr'><strong>susti-</strong></span> 
     </span>
    </p>
   </div>
   <div class='ocr_carea' id='block_1_116' title="bbox 2485 5213 4053 5286">
    <p class='ocr_par' dir='ltr' id='par_1_116' title="bbox 2485 5213 4053 5286">
     <span class='ocr_line' id='line_1_116' title="bbox 2485 5213 4053 5286; baseline -0.011 -6"><span class='ocrx_word' id='word_1_906' title='bbox 2485 5238 2589 5280; x_wconf 86' lang='lat' dir='ltr'><strong>net.</strong></span> <span class='ocrx_word' id='word_1_907' title='bbox 2626 5213 3024 5285; x_wconf 79' lang='lat' dir='ltr'><strong>Annotatidum,</strong></span> <span class='ocrx_word' id='word_1_908' title='bbox 3069 5222 3152 5274; x_wconf 90' lang='lat' dir='ltr'><strong>hic</strong></span> <span class='ocrx_word' id='word_1_909' title='bbox 3197 5220 3295 5286; x_wconf 90' lang='lat' dir='ltr'><strong>legi</strong></span> <span class='ocrx_word' id='word_1_910' title='bbox 3333 5213 3628 5286; x_wconf 77' lang='lat' dir='ltr'><strong>quideinin</strong></span> <span class='ocrx_word' id='word_1_911' title='bbox 3682 5213 3816 5286; x_wconf 68' lang='lat' dir='ltr'><strong>lieg.</strong></span> <span class='ocrx_word' id='word_1_912' title='bbox 3857 5223 4053 5280; x_wconf 83' lang='lat' dir='ltr'><strong>quarto</strong></span> 
     </span>
    </p>
   </div>
   <div class='ocr_carea' id='block_1_117' title="bbox 2485 5283 4054 5363">
    <p class='ocr_par' dir='ltr' id='par_1_117' title="bbox 2485 5283 4054 5363">
     <span class='ocr_line' id='line_1_117' title="bbox 2485 5283 4054 5363; baseline -0.012 -13"><span class='ocrx_word' id='word_1_913' title='bbox 2485 5298 2669 5350; x_wconf 83' lang='lat' dir='ltr'><strong>codice</strong></span> <span class='ocrx_word' id='word_1_914' title='bbox 2691 5294 2969 5363; x_wconf 81' lang='grc' dir='ltr'>ὑπομένει,</span> <span class='ocrx_word' id='word_1_915' title='bbox 3004 5283 3207 5357; x_wconf 81' lang='lat' dir='ltr'><strong>patiens</strong></span> <span class='ocrx_word' id='word_1_916' title='bbox 3239 5283 3462 5363; x_wconf 51' lang='lat' dir='ltr'><strong>estfscd</strong></span> <span class='ocrx_word' id='word_1_917' title='bbox 3503 5285 3662 5363; x_wconf 75' lang='lat' dir='ltr'><strong>infra,</strong></span> <span class='ocrx_word' id='word_1_918' title='bbox 3692 5283 3780 5334; x_wconf 84' lang='lat' dir='ltr'><strong>ubi</strong></span> <span class='ocrx_word' id='word_1_919' title='bbox 3808 5286 3908 5363; x_wconf 77' lang='lat' dir='ltr'><strong>hoc</strong></span> <span class='ocrx_word' id='word_1_920' title='bbox 3936 5296 4054 5363; x_wconf 61' lang='lat' dir='ltr'><strong>ver-</strong></span> 
     </span>
    </p>
   </div>
   <div class='ocr_carea' id='block_1_118' title="bbox 2485 5352 4050 5430">
    <p class='ocr_par' dir='ltr' id='par_1_118' title="bbox 2485 5352 4050 5430">
     <span class='ocr_line' id='line_1_118' title="bbox 2485 5352 4050 5430; baseline -0.011 -11"><span class='ocrx_word' id='word_1_921' title='bbox 2485 5367 2608 5420; x_wconf 84' lang='lat' dir='ltr'><strong>bum</strong></span> <span class='ocrx_word' id='word_1_922' title='bbox 2649 5352 2923 5430; x_wconf 84' lang='lat' dir='ltr'><strong>repetitur.</strong></span> <span class='ocrx_word' id='word_1_923' title='bbox 2956 5352 3239 5428; x_wconf 77' lang='lat' dir='ltr'><strong>scriptum</strong></span> <span class='ocrx_word' id='word_1_924' title='bbox 3271 5360 3575 5412; x_wconf 80' lang='lat' dir='ltr'><strong>invenimus</strong></span> <span class='ocrx_word' id='word_1_925' title='bbox 3625 5357 3676 5408; x_wconf 89' lang='lat' dir='ltr'><strong>in</strong></span> <span class='ocrx_word' id='word_1_926' title='bbox 3716 5354 3908 5405; x_wconf 87' lang='lat' dir='ltr'><strong>eodem</strong></span> <span class='ocrx_word' id='word_1_927' title='bbox 3964 5352 4050 5402; x_wconf 90' lang='lat' dir='ltr'><strong>illo</strong></span> 
     </span>
    </p>
   </div>
   <div class='ocr_carea' id='block_1_119' title="bbox 2479 5430 3244 5502">
    <p class='ocr_par' dir='ltr' id='par_1_119' title="bbox 2479 5430 3244 5502">
     <span class='ocr_line' id='line_1_119' title="bbox 2479 5430 3244 5502; baseline -0.01 -14"><span class='ocrx_word' id='word_1_928' title='bbox 2479 5453 2578 5489; x_wconf 87' lang='lat' dir='ltr'><strong>ms.</strong></span> <span class='ocrx_word' id='word_1_929' title='bbox 2605 5435 2878 5502; x_wconf 82' lang='grc' dir='ltr'>ὑπομενεῖ,</span> <span class='ocrx_word' id='word_1_930' title='bbox 2905 5432 3107 5502; x_wconf 80' lang='lat' dir='ltr'><strong>patiens</strong></span> <span class='ocrx_word' id='word_1_931' title='bbox 3128 5430 3244 5481; x_wconf 82' lang='lat' dir='ltr'><strong>erit.</strong></span> 
     </span>
    </p>
   </div>
   <div class='ocr_carea' id='block_1_120' title="bbox 2551 5489 4048 5575">
    <p class='ocr_par' dir='ltr' id='par_1_120' title="bbox 2551 5489 4048 5575">
     <span class='ocr_line' id='line_1_120' title="bbox 2551 5489 4048 5575; baseline -0.012 -18"><span class='ocrx_word' id='word_1_932' title='bbox 2551 5505 2660 5575; x_wconf 70' lang='grc'><strong>(45)</strong></span> <span class='ocrx_word' id='word_1_933' title='bbox 2707 5489 3080 5575; x_wconf 27' lang='grc' dir='ltr'><strong>ΕιιὶιὶοςΒδ-είι.</strong></span> <span class='ocrx_word' id='word_1_934' title='bbox 3115 5508 3169 5552; x_wconf 89' lang='lat' dir='ltr'><strong>et</strong></span> <span class='ocrx_word' id='word_1_935' title='bbox 3204 5499 3443 5575; x_wconf 73' lang='lat' dir='ltr'><strong>quinque</strong></span> <span class='ocrx_word' id='word_1_936' title='bbox 3455 5511 3607 5575; x_wconf 33' lang='lat' dir='ltr'><strong>.mss.</strong></span> <span class='ocrx_word' id='word_1_937' title='bbox 3658 5495 3749 5575; x_wconf 72' lang='grc' dir='ltr'><strong>τὸν</strong></span> <span class='ocrx_word' id='word_1_938' title='bbox 3791 5489 4048 5575; x_wconf 56' lang='grc' dir='ltr'>ξᾼπόστο-</span> 
     </span>
    </p>
   </div>
   <div class='ocr_carea' id='block_1_121' title="bbox 2478 5560 4050 5627">
    <p class='ocr_par' dir='ltr' id='par_1_121' title="bbox 2478 5560 4050 5627">
     <span class='ocr_line' id='line_1_121' title="bbox 2478 5560 4050 5627; baseline -0.011 0"><span class='ocrx_word' id='word_1_939' title='bbox 2478 5560 2588 5627; x_wconf 69' lang='grc' dir='ltr'>λον.</span> <span class='ocrx_word' id='word_1_940' title='bbox 2643 5560 2829 5627; x_wconf 75' lang='grc' dir='ltr'>Ἐιιίιὶο</span> <span class='ocrx_word' id='word_1_941' title='bbox 2881 5572 3049 5625; x_wconf 86' lang='lat' dir='ltr'><strong>Paris.</strong></span> <span class='ocrx_word' id='word_1_942' title='bbox 3110 5580 3164 5622; x_wconf 92' lang='lat' dir='ltr'><strong>et</strong></span> <span class='ocrx_word' id='word_1_943' title='bbox 3222 5560 3466 5621; x_wconf 73' lang='lat' dir='ltr'><strong>nonnulli</strong></span> <span class='ocrx_word' id='word_1_944' title='bbox 3533 5581 3665 5620; x_wconf 87' lang='lat' dir='ltr'><strong>mss.</strong></span> <span class='ocrx_word' id='word_1_945' title='bbox 3722 5567 3751 5617; x_wconf 85' lang='grc' dir='ltr'>ὁ</span> <span class='ocrx_word' id='word_1_946' title='bbox 3791 5560 4050 5616; x_wconf 69' lang='grc' dir='ltr'>Ἀπόστρε-</span> 
     </span>
    </p>
   </div>
   <div class='ocr_carea' id='block_1_122' title="bbox 2479 5639 4050 5709">
    <p class='ocr_par' dir='ltr' id='par_1_122' title="bbox 2479 5639 4050 5709">
     <span class='ocr_line' id='line_1_122' title="bbox 2479 5639 4050 5709; baseline -0.011 -10"><span class='ocrx_word' id='word_1_947' title='bbox 2479 5645 2587 5707; x_wconf 80' lang='grc' dir='ltr'>λος.</span> <span class='ocrx_word' id='word_1_948' title='bbox 2616 5645 2723 5698; x_wconf 84' lang='lat' dir='ltr'><strong>Nec</strong></span> <span class='ocrx_word' id='word_1_949' title='bbox 2756 5646 2825 5695; x_wconf 87' lang='lat' dir='ltr'><strong>ila</strong></span> <span class='ocrx_word' id='word_1_950' title='bbox 2863 5643 3030 5696; x_wconf 85' lang='lat' dir='ltr'><strong>multo</strong></span> <span class='ocrx_word' id='word_1_951' title='bbox 3057 5639 3344 5709; x_wconf 85' lang='lat' dir='ltr'><strong>postColb.</strong></span> <span class='ocrx_word' id='word_1_952' title='bbox 3376 5642 3592 5704; x_wconf 83' lang='lat' dir='ltr'><strong>quintus</strong></span> <span class='ocrx_word' id='word_1_953' title='bbox 3616 5651 3766 5704; x_wconf 71' lang='lat' dir='ltr'><strong>aeque</strong></span> <span class='ocrx_word' id='word_1_954' title='bbox 3783 5641 4050 5689; x_wconf 79' lang='lat' dir='ltr'><strong>ac-textus</strong></span> 
     </span>
    </p>
   </div>
   <div class='ocr_carea' id='block_1_123' title="bbox 2481 5711 3678 5785">
    <p class='ocr_par' dir='ltr' id='par_1_123' title="bbox 2481 5711 3678 5785">
     <span class='ocr_line' id='line_1_123' title="bbox 2481 5711 3678 5785; baseline 0.014 -17"><span class='ocrx_word' id='word_1_955' title='bbox 2481 5730 2634 5785; x_wconf 86' lang='lat' dir='ltr'><strong>sacer</strong></span> <span class='ocrx_word' id='word_1_956' title='bbox 2660 5711 3008 5785; x_wconf 76' lang='grc' dir='ltr'>καυχώμεθα.</span> <span class='ocrx_word' id='word_1_957' title='bbox 3051 5782 3060 5785; x_wconf 24' lang='grc' dir='ltr'><strong>Α</strong></span> <span class='ocrx_word' id='word_1_958' title='bbox 3165 5781 3176 5785; x_wconf 28' lang='grc' dir='ltr'><strong>Α</strong></span> <span class='ocrx_word' id='word_1_959' title='bbox 3228 5779 3245 5785; x_wconf 83' lang='lat'><strong><em>_</em></strong></span> <span class='ocrx_word' id='word_1_960' title='bbox 3288 5778 3298 5785; x_wconf 88' lang='lat'><strong>_</strong></span> <span class='ocrx_word' id='word_1_961' title='bbox 3547 5776 3596 5785; x_wconf 27' lang='grc' dir='ltr'><strong>,ν</strong></span> <span class='ocrx_word' id='word_1_962' title='bbox 3667 5775 3678 5785; x_wconf 94' lang='grc'><strong>.</strong></span> 
     </span>
    </p>
   </div>
   <div class='ocr_carea' id='block_1_124' title="bbox 2558 5776 4050 5854">
    <p class='ocr_par' dir='ltr' id='par_1_124' title="bbox 2558 5776 4050 5854">
     <span class='ocr_line' id='line_1_124' title="bbox 2558 5776 4050 5854; baseline -0.007 -20"><span class='ocrx_word' id='word_1_963' title='bbox 2558 5784 2667 5854; x_wconf 63' lang='grc'><strong>(46)</strong></span> <span class='ocrx_word' id='word_1_964' title='bbox 2691 5776 3128 5854; x_wconf 42' lang='grc' dir='ltr'>Βεξςδςοιηιίίιιε</span> <span class='ocrx_word' id='word_1_965' title='bbox 3148 5778 3514 5854; x_wconf 46' lang='grc' dir='ltr'>ἐνδείκνυται.</span> <span class='ocrx_word' id='word_1_966' title='bbox 3545 5776 3752 5854; x_wconf 47' lang='lat' dir='ltr'><strong>Statim.</strong></span> <span class='ocrx_word' id='word_1_967' title='bbox 3775 5789 3870 5829; x_wconf 77' lang='lat' dir='ltr'><strong>sex</strong></span> <span class='ocrx_word' id='word_1_968' title='bbox 3920 5785 4050 5828; x_wconf 60' lang='lat' dir='ltr'><strong>mss:</strong></span> 
     </span>
    </p>
   </div>
   <div class='ocr_carea' id='block_1_125' title="bbox 2483 5844 3779 5926">
    <p class='ocr_par' dir='ltr' id='par_1_125' title="bbox 2483 5844 3779 5926">
     <span class='ocr_line' id='line_1_125' title="bbox 2483 5844 3779 5926; baseline -0.008 -16"><span class='ocrx_word' id='word_1_969' title='bbox 2483 5844 2742 5926; x_wconf 68' lang='grc' dir='ltr'>ὀνόματος</span> <span class='ocrx_word' id='word_1_970' title='bbox 2763 5844 2855 5906; x_wconf 71' lang='grc' dir='ltr'><strong>⁶ἔοῦ</strong></span> <span class='ocrx_word' id='word_1_971' title='bbox 2887 5850 3112 5923; x_wconf 75' lang='grc' dir='ltr'>Κυρίου.</span> <span class='ocrx_word' id='word_1_972' title='bbox 3141 5853 3279 5905; x_wconf 80' lang='lat' dir='ltr'><strong>Editi</strong></span> <span class='ocrx_word' id='word_1_973' title='bbox 3308 5851 3567 5918; x_wconf 83' lang='grc' dir='ltr'>ὀνόματος</span> <span class='ocrx_word' id='word_1_974' title='bbox 3592 5844 3779 5900; x_wconf 80' lang='grc' dir='ltr'>αὐτοῦ.</span> 
     </span>
    </p>
   </div>
  </div>
