4260 6508
314 457 418 507 ῗιι9
1404 461 1681 513 HOMILIA
1723 461 1786 512 ΙΝ
1825 461 2150 514 PSALIIUM
2188 464 2425 515 XXXIII.
3445 472 3547 523 530

316 573 605 639 ἐπήρειαν.
642 576 829 643 ’Δγιον
881 574 939 628 δὲ
998 576 1058 629 τὸ
1118 576 1286 643 δνομα
1346 571 1485 626 εἶναι
1516 576 1732 640 λέγεται
1797 576 1891 628 τοῦ
1922 585 1965 637 Α

1873 576 1891 627 3
1922 585 1965 637 Α
1999 577 2289 645 telligentia
2317 590 2501 628 coriam
2535 592 2651 644 qua!
2680 578 2955 643 ,‘pra‘cipue
2979 581 3030 632 in
3066 582 3182 646 ipso
3223 585 3555 643 contempla-

313 658 471 723 Θεοῦ,
534 664 593 715 οὐ
628 666 843 727 πάντως
892 664 979 719 διὰ
1037 666 1097 718 τὸ
1136 666 1193 716 ἐν
1237 661 1526 725 συλλαΰαῖς
1574 661 1715 731 ἔχειν
1774 664 1895 717 τινά
1994 686 1995 689 η

1874 664 1895 716 ἰ
1994 661 2135 730 mur,
2169 674 2353 719 sancta
2389 674 2475 718 est
2505 676 2559 717 et
2601 681 2755 732 pura.
2787 664 2948 718 Vens.
2980 669 3072 721 2‘2.
3116 666 3263 730 Fiat,
3296 668 3515 721 Domine
3539 708 3556 733 ,

310 748 541 820 δύναμιν
588 753 929 825 ἀγιαστικὴν,
967 756 1085 811 ἀλλ’
1140 756 1221 807 ὅτι
1270 756 1416 808 πᾶσα
1463 758 1495 822 ἠ
1557 754 1751 826 ἰδιότης
1802 756 1893 809 τοῦ

1879 756 1893 808 i
1993 757 2356 811 misericordia
2393 765 2484 807 tua
2518 770 2671 822 super
2700 772 2790 808 nos
2813 795 2827 818 ,
2862 758 3295 823 quemadmodum
3329 758 3561 821 speravi-

311 840 471 905 Θεοῦ,
501 846 591 897 καὶ
613 847 645 913 ἡ
672 843 845 898 ἔννοια
868 848 975 900 τῶν
1003 845 1293 916 ἐξαιρέτως
1318 848 1445 917 περὶ
1472 842 1632 897 αὐτὸν
1658 843 1893 913 θεωρου-
1992 872 1993 878 η

1877 874 1893 884 -
1992 865 2105 903 mus
2128 852 2179 903 in
2211 862 2277 903 te.
2318 848 2478 903 Vides
2516 851 2786 917 quomodo
2827 850 2964 902 scite
2997 862 3060 901 ac
3105 852 3398 915 prudenter
3429 863 3559 902 ora-

317 930 493 999 μένων
526 932 653 998 ἁγία
685 934 799 987 ἐστί
830 938 923 989 καὶ
950 937 1108 1005 ἁγνή.
1129 934 1392 1000 Γένοιτο,
1414 936 1611 1002 Κύριε,
1631 933 1697 987 τὸ
1722 936 1894 999 ἔλεός
1990 954 1999 975 π

1876 955 1894 999 ς
1990 940 2165 993 verit?
2194 940 2471 1008 Proprium
2501 937 2775 1001 atTectum,
2810 953 3119 993 mensuram
3162 940 3287 993 fecit
3319 939 3558 1010 largitio-

313 1037 433 1074 σου
457 1022 547 1089 ἐφ’
574 1022 747 1091 ἡμᾶς,
782 1028 1042 1093 καθάπερ
1062 1026 1405 1096 ἠλπίσαμεν
1430 1026 1529 1079 ἐπὶ
1566 1026 1683 1078 σοι.
1726 1024 1887 1095 Ὁρᾷς
1991 1045 1995 1083 l

1871 1042 1887 1087 ῖ
1991 1030 2076 1083 nis
2116 1032 2518 1084 miserationum
2568 1030 2681 1083 Dei.
2718 1028 2886 1083 Tanta
2914 1070 2928 1092 ,
2967 1028 3185 1098 inquit,
3216 1029 3305 1081 fiat
3342 1010 3553 1085 miseri-

313 1113 434 1174 πῶς
482 1114 855 1188 ἐπιστημόνως
901 1116 1277 1187 προσηύξατο;
1316 1121 1426 1189 Τὴν
1470 1117 1603 1171 ἰδίαν
1647 1117 1885 1171 διάθεσιν
1988 1139 1995 1169 ι

1872 1134 1885 1169 r
1988 1120 2168 1173 cordia
2205 1128 2291 1171 tua
2331 1133 2492 1187 super
2537 1133 2657 1183 nos,
2697 1128 2949 1183 quantam
2978 1119 3029 1171 in
3063 1128 3115 1170 te
3156 1130 3305 1183 spem
3346 1120 3554 1183 priores

315 1205 512 1276 μέτρον
541 1209 760 1279 ἐποίησε
800 1210 896 1278 τῆς
932 1212 1287 1281 ἐπιχορηγίας
1315 1211 1422 1262 τῶν
1451 1210 1748 1280 οἰκτιρμῶν
1786 1208 1881 1262 τοῦ

310 1295 469 1351 Θεοῦ.
503 1299 784 1361 Τοσοῦτος,
818 1300 969 1369 φησί,
1002 1302 1209 1370 γένοιτο
1235 1306 1262 1355 ὁ
1287 1301 1431 1363 ἔλεός
1463 1317 1555 1353 σου
1588 1304 1672 1372 ἐφ’
1715 1304 1883 1373 ἡμᾶς,

306 1390 442 1459 ὅσην
475 1392 776 1457 φθάσαντες
814 1395 969 1463 ἡμεῖς
998 1398 1088 1447 ἐπὶ
1118 1395 1200 1446 σοὶ
1235 1393 1333 1463 τὴν
1362 1393 1551 1447 ἐλπίδα
1584 1393 1880 1448 κατεϐαλό-

313 1483 474 1551 μεθα.
506 1484 660 1536 Πᾶσα
686 1484 741 1536 δὲ
773 1484 927 1555 ἡμῶν
953 1488 983 1555 ἡ
1018 1486 1172 1547 ἐλπὶς
1206 1486 1527 1556 ἐπιπρέψαι
1548 1487 1658 1557 (47)
1685 1488 1765 1549 εἰς
1788 1484 1886 1556 τὴν

1983 1210 2334 1279 conjecimus.
2371 1210 2581 1264 Reverti
2614 1219 2790 1262 autem
2830 1210 2880 1261 in
2932 1210 3198 1276 requiem,
3235 1216 3345 1264 tota
3370 1218 3549 1259 nostra

1983 1316 2105 1369 spes
2125 1310 2225 1364 est,
2243 1310 2298 1354 ut
2326 1316 2554 1370 corpore
2572 1300 2893 1355 humilitatis
2920 1311 3115 1355 nostrae
3141 1300 3552 1364 transfortnato,

1984 1396 2087 1449 hoc
2137 1395 2277 1447 idem
2328 1410 2681 1463 agnoscamus
2718 1394 2927 1463 corpori
2967 1394 3148 1462 gloria
3183 1395 3384 1447 Christi
3419 1408 3549 1447 con-

1984 1487 2154 1540 forme
2188 1484 2460 1540 enectum.

308 1578 640 1641 ἀνάπαυσιν,
691 1582 797 1644 ἵνα,
856 1582 1453 1650 μετασχηματισθὲντος
1496 1582 1587 1634 τοῦ
1636 1582 1886 1653 σώματος
1921 1582 2020 1652 τῆς
2049 1580 2426 1645 ταπεινώσεως
2493 1580 2668 1651 ἡμῶν,
2709 1581 2986 1650 νοήσωμεν
3022 1580 3152 1634 αὐτὸ
3192 1582 3348 1633 τοῦτο
3398 1580 3556 1647 γενδ-

311 1687 475 1739 μενον
511 1671 826 1742 σύμμορφον
854 1672 931 1741 τῷ
966 1671 1173 1741 σώματι
1199 1673 1297 1743 τῆς
1324 1673 1480 1743 δόξης

407 1901 543 1953 ΤΟΥ
585 1904 813 1954 ΑΥΤΟΥ
850 1904 956 1954 ΕΙΣ
1004 1904 1139 1957 ΤΟΝ
1188 1907 1286 1957 AI"
1325 1905 1625 1959 ΨΑΛΜΟΝ
1652 1904 1787 1975 (49).

314 1991 400 2064 Τῷ
430 1994 621 2054 Δαϐὶδ,
668 1995 843 2047 ὁπότε
886 1993 1185 2061 ὴνίλοίωσε
1230 1997 1294 2047 τὸ
1336 1998 1656 2064 πρόσωπον
1692 1996 1876 2050 αὐτοῦ

378 2063 653 2185 ἐνειῧὲον
694 2064 1008 2132 Ἀϐιμέλεχ,
1050 2067 1145 2118 καὶ
1180 2063 1490 2119 ἀπέλυσεν
1530 2068 1735 2130 αὐτὸν,
1778 2068 1874 2121 καί

421 2148 502 2198 ,τη
585 2150 671 2187 εν.

384 2222 435 2274 1.
485 2223 603 2275 Ἐπὶ
636 2223 727 2276 δύο
760 2224 1043 2285 ὑποθέσεις
1072 2224 1218 2277 ἕλκει
1253 2227 1284 2296 ἠ
1318 2225 1493 2277 ἔννοια
1519 2226 1612 2278 τοῦ
1640 2226 1872 2295 ψαλμοῦ.

305 2312 391 2364 Τά
436 2330 491 2364 τε
539 2315 594 2365 ἐν
634 2316 697 2382 τῇ
734 2314 925 2385 Νομδᾷ
956 2318 1020 2385 τῇ
1056 2316 1205 2367 πόλει
1237 2315 1345 2367 τῶν
1390 2316 1577 2387 ἱερέων
1610 2316 1875 2384 γενόμενα

306 2403 459 2473 παρὰ
482 2402 572 2456 τοῦ
604 2404 765 2456 Δαὸὶδ
793 2405 935 2457 δοκεί
962 2408 1174 2469 οἰκείως
1204 2406 1345 2476 ἔχειν
1376 2411 1438 2479 τῇ
1478 2410 1777 2479 ἐπιγραφῇ,
1808 2407 1877 2460 τά

302 2511 365 2545 τε
399 2499 454 2547 ἐν
486 2500 549 2567 τῇ
582 2498 678 2550 Γέθ
709 2498 857 2566 παρὰ
880 2498 957 2569 τῷ
986 2499 1215 2567 ῙΑγχοὺς
1242 2499 1318 2570 τῷ
1349 2500 1556 2570 βασιλεῖ
1587 2502 1695 2553 τῶν
1723 2500 1876 2553 ἀλλο-

302 2584 505 2651 φύλων.
550 2589 833 2641 Ἥλλοίωσε
880 2591 977 2658 μὲν
1007 2590 1113 2660 γὰρ
1144 2590 1307 2643 αὑτοῦ
1342 2592 1400 2643 τὸ
1448 2591 1738 2660 πρόσωπον
1782 2591 1875 2641 καὶ

302 2676 392 2727 ὅτε
424 2675 499 2744 τῷ
550 2678 831 2747 Ἀϐιμέλεχ
875 2679 1140 2747 διελέγετο
1175 2680 1251 2749 τῷ
1302 2682 1454 2750 ἱερεῖ,
1489 2678 1743 2748 κρύπτων
1776 2678 1873 2746 μὲν

301 2765 402 2835 τὴν
461 2768 667 2835 φυγὴν,
729 2768 1043 2831 σπουδάζειν
1091 2770 1201 2837 (50)
1256 2770 1311 2821 δὲ
1370 2771 1433 2839 δὴ
1495 2770 1873 2838 προστάγματι

304 2858 595 2927 ὑπουργεῖν
641 2858 902 2929 βασιλικῷ
952 2860 1428 2931 προσποιούμενος,
1472 2862 1558 2914 ὅτε
1604 2863 1698 2914 καὶ
1746 2864 1873 2924 τοὺς

301 2951 499 3021 ἄρτους
530 2954 624 3021 τῆς
668 2953 972 3023 προθέσεως
1007 2953 1183 3017 ἔλαϐε,
1223 2956 1314 3008 καὶ
1342 2957 1439 3025 τὴν
1471 2956 1743 3025 ῥομφαίαν
1778 2956 1870 3008 τοῦ

302 3041 516 3094 Γολιὰο.
561 3044 843 3096 Ἠλλοὶωσε
875 3045 930 3097 δὲ
958 3045 1120 3097 αὑτοῦ
1154 3046 1213 3098 τὸ
1246 3046 1533 3117 πρόσωπον
1574 3046 1665 3098 καὶ
1691 3048 1779 3098 ὅτε
1813 3048 1872 3097 ἐν

306 3133 490 3201 μέσοις
535 3138 645 3197 τοῖς
690 3135 965 3205 πολεμίοις
1018 3135 1385 3203 ἀποληφθεὶς,
1438 3135 1621 3206 ἐπειδὴ
1676 3134 1870 3205 ᾔσθετο

300 3224 480 3276 αὐτῶν
496 3225 884 3295 διαλεγομένων
904 3227 1035 3297 πρὸς
1052 3226 1328 3296 ἀλλήλους,
1349 3228 1441 3280 καὶ
1460 3226 1867 3297 παρασκευαζο-
1894 3254 1938 3314 C

305 3315 484 3385 μένων
503 3318 580 3377 εἰς
598 3318 807 3385 ἄμυναν
827 3318 958 3386 (51).
1000 3315 1189 3371 Εἶπον
1214 3319 1342 3386 γὰρ,
1369 3319 1553 3388 φησὶν,
1587 3321 1639 3370 οἰ
1662 3318 1867 3381 παῖδες

316 3408 553 3476 Ἄγχοὺς
582 3409 728 3475 πρὸς
756 3410 1031 3473 ἑαυτούς·
1066 3414 1186 3479 Οὺχ
1221 3408 1397 3475 οὗτος
1430 3411 1603 3463 Δαϐὶδ
1630 3415 1661 3464 ό
1685 3412 1866 3475 ,ϐασι-

298 3500 447 3563 λεὺς
486 3500 593 3567 τῆς
631 3499 775 3569 Tim;
807 3502 953 3570 Οὐχὶ
986 3504 1172 3568 τούτῳ
1197 3502 1458 3570 ἐξῆρχον
1492 3503 1562 3554 ἐν
1591 3501 1745 3570 χορῷ
1767 3502 1867 3555 λέ-

298 3606 511 3659 γουσαι
536 3592 642 3660 (52)
665 3631 679 3654 ,
724 3591 1011 3656 Ἔπάταξε
1051 3592 1223 3645 Δαϐἰδ
1254 3592 1321 3643 ἐν
1346 3591 1637 3658 μυριάσιν
1659 3592 1865 3655 αὐτοῦ,

300 3683 400 3735 καὶ
427 3685 620 3737 Σαοὺλ
648 3685 716 3737 ἐν
741 3685 1006 3753 χιλιάσιν
1033 3686 1251 3747 αὐτοῦ;
1277 3685 1383 3737 Καὶ
1407 3684 1691 3751 ἐφοϐήθη.
1716 3685 1865 3753 φησὶν

299 3775 477 3828 Δαϐὶδ
504 3776 620 3829 ἀπὸ
656 3777 977 3843 προσώπου
1019 3778 1279 3845 Ἀγχοὺς,
1314 3776 1409 3828 καί
1460 3776 1758 3843 ὴλλοίωσε
1802 3776 1865 3828 τὸ

300 3868 621 3934 πρόσωπον
648 3868 831 3922 αὑτοῦ
858 3870 984 3921 κατ’
1014 3867 1353 3936 ὀφθαλμοὺς
1384 3866 1597 3921 αὐτῶν.
1627 3867 1750 3929 Πῶς
1775 3862 1867 3919 οὖν

296 3961 331 4027 ὴ
385 3959 482 4028 μὲν
528 3960 803 4029 ἐπιγραφὴ
860 3958 1143 4029 Ἀὄιμέλεχ
1180 3956 1453 4029 ὀνομάζει,
1503 3961 1533 4028 ἡ
1573 3958 1618 4010 δ’
1662 3958 1865 4029 ἱστορία

309 4050 537 4119 Ἀγχοῦς
588 4051 917 4120 παραδίδωσι
972 4051 1061 4103 τὸν
1120 4050 1341 4121 βασιλέα
1389 4050 1656 4102 Γετθαίων
1710 4049 1860 4118 (55);

294 4143 546 4193 Τοιοῦτον
597 4143 749 4210 λόγον
797 4143 917 4195 τινὰ
964 4142 1244 4211 φθάσαντα
1288 4144 1351 4194 ἐκ
1402 4141 1745 4211 παραδόσεως
1787 4143 1864 4203 εἰς

293 4234 444 4303 ἡμᾶς
474 4234 684 4303 ἔχομεν,
721 4237 803 4286 ὅτι
840 4236 887 4286 οἰ
935 4234 1173 4302 βασιλεῖς
1206 4233 1312 4285 τῶν
1344 4232 1653 4299 ἀλλοφύλων
1684 4233 1862 4283 κοινὸν

302 4327 400 4380 μὲν
447 4322 587 4395 εἶχον
630 4327 795 4396 ὄνομα
840 4325 900 4378 τὸ
954 4324 1257 4393 Ἀϐιμέλεχ,
1310 4324 1435 4376 [διον
1475 4324 1531 4376 δὲ
1577 4324 1805 4384 ἕκαστος
1836 4322 1863 4373 ὃ

295 4418 726 4490 προσηγορεύετο
754 4418 881 4485 (54).
921 4418 1007 4479 Ὠς
1033 4418 1125 4469 καὶ
1150 4418 1239 4468 ἐπὶ
1274 4416 1367 4484 τῆς
1404 4416 1715 4484 Ῥωμαϊκῆς
1747 4413 1862 4465 ἔστι

296 4510 566 4579 βασιλείας
594 4511 737 4572 ἰδεῖν,
770 4509 1048 4580 Καίσαρας
1073 4508 1391 4577 λεγομένους
1420 4506 1611 4566 κοινῶς
1640 4506 1731 4557 καὶ
1756 4505 1861 4556 Αὐ-

1910 1896 1953 1949 Β
2417 1904 2480 1956 ΙΝ
2524 1903 2849 1960 I‘SALMUM
2894 1902 3127 1957 XXXIII.

1979 1994 2092 2064 Ipsi
2136 1994 2334 2059 David,
2379 1996 2585 2063 quando
2631 1996 2924 2047 immolavit
2961 1994 3148 2062 faciem
3187 2011 3335 2047 suam
3370 2010 3546 2047 coram

2213 2066 2533 2131 Abinietech,
2559 2075 2605 2117 et
2640 2067 2835 2117 dimisit
2873 2068 3064 2133 ipsum.
3093 2076 3139 2119 et
3169 2065 3318 2117 abiit.

2051 2223 2097 2277 Ι.
2139 2223 2338 2277 Psalmi
2393 2222 2553 2289 hujus
2612 2222 2959 2291 intelligentia
2992 2238 3087 2275 nos
3134 2224 3197 2275 ad
3230 2226 3332 2277 duo
3379 2239 3544 2291 argu-

1978 2328 2153 2369 menta
2205 2319 2393 2373 trahit.
2446 2317 2573 2383 Qua:
2629 2318 2769 2371 enim
2820 2326 2928 2370 tum
2986 2317 3037 2369 in
3072 2315 3276 2369 Nomba
3324 2318 3545 2373 civitate

1977 2409 2343 2471 sacerdotum,
2377 2416 2485 2460 tum
2521 2408 2571 2459 in
2606 2406 2740 2462 Gelli
2781 2408 2919 2476 apud
2955 2408 3171 2463 Auchus
3219 2409 3546 2477 alienigena-

1976 2515 2093 2553 rum
2137 2515 2313 2567 regem
2359 2514 2387 2552 a
2445 2500 2643 2553 Davide
2687 2512 2837 2569 gesta
2892 2512 3047 2562 sunt,
3098 2517 3157 2553 ea
3203 2502 3540 2569 inscriptioui

1974 2589 2226 2642 videntur
2262 2590 2572 2642 convenire.
2619 2588 2750 2640 Nam
2794 2588 3095 2640 immutavit
3134 2588 3323 2641 faciem
3353 2605 3537 2653 suam,

1972 2693 2096 2734 cum
2161 2679 2474 2732 Ahimclech
2522 2680 2853 2733 sacerdotem
2895 2680 3281 2749 alloqueretur,
3343 2684 3419 2737 sic
3484 2696 3543 2737 ut

1975 2768 2241 2823 occultata
2278 2769 2421 2838 fuga,
2464 2771 2528 2822 ad
2561 2771 2762 2839 regium
2800 2774 3105 2823 mandatum
3138 2776 3535 2841 exsequendum

1975 2861 2229 2914 festinare
2266 2877 2324 2915 se
2362 2862 2731 2922 simulaverit,
2768 2864 2981 2930 quando
3004 2873 3054 2915 et
3089 2879 3253 2930 panes
3299 2868 3543 2934 propusi—

1973 2953 2133 3005 tionis
2162 2955 2391 3021 accepit,
2425 2962 2477 3005 et
2514 2952 2745 3017 gladium
2773 2952 3005 3007 Goliath.
3032 2953 3235 3009 Rursus
3257 2972 3409 3010 suam
3446 2959 3542 3011 im-

1973 3044 2199 3097 mutavit
2228 3042 2438 3108 faciem,
2475 3059 2596 3097 cum
2632 3046 2682 3096 in
2720 3045 2893 3097 incdio
2930 3045 3161 3099 hostium
3186 3056 3374 3114 captus
3399 3088 3413 3112 ,
3447 3063 3541 3102 eos

1972 3136 2114 3190 inter
2146 3149 2206 3190 se
2236 3135 2548 3203 loquentes,
2582 3145 2636 3187 et
2658 3149 2714 3187 se
2747 3136 2811 3187 ad
2855 3137 3139 3189 vindictam
3176 3151 3539 3206 praeparantes

1971 3230 2193 3281 audivit.
2228 3227 2490 3281 Dixerunt
2521 3230 2655 3281 enim
2681 3266 2695 3289 ,
2722 3227 2928 3295 inquit,
2974 3231 3119 3295 pueri
3155 3229 3366 3284 Anc/ius
3402 3234 3538 3284 inter

1967 3333 2061 3372 se:
2111 3318 2300 3373 Nonne
2353 3321 2433 3372 llic
2477 3330 2550 3371 est
2600 3320 2767 3371 David
2804 3336 2893 3371 rex
2937 3322 3132 3373 terrm?
3180 3322 3367 3375 Nonne
3417 3324 3538 3375 huic

1968 3415 2250 3464 cantabant
2296 3414 2350 3465 in
2390 3412 2583 3477 choro,
2624 3414 2848 3466 dicentes
2890 3429 2908 3465 :
2954 3412 3216 3466 Percussit
3266 3416 3432 3467 David
3484 3418 3539 3469 in

1970 3504 2143 3553 decem
2178 3504 2406 3555 millibus
2438 3504 2563 3564 suis,
2593 3514 2641 3556 et
2673 3504 2807 3557 Snul
2848 3506 2900 3556 in
2931 3505 3158 3557 millibus
3192 3508 3299 3559 suis
3322 3507 3347 3559 2
3377 3507 3440 3559 Et
3469 3509 3539 3559 tio

1967 3594 2117 3656 muit,
2154 3593 2349 3660 inquit,
2384 3594 2551 3646 David
2582 3613 2612 3646 a
2642 3597 2775 3662 [acie
2808 3597 3019 3648 Anc/ms
3040 3635 3054 3656 ,
3082 3613 3142 3648 ac
3167 3614 3314 3650 suam
3344 3597 3531 3663 faciem

1966 3696 2086 3737 ante
2135 3686 2344 3738 illarum
2392 3686 2567 3739 oculos
2607 3687 2895 3739 immulanit
2949 3688 2988 3740 ’.
3032 3686 3312 3754 Quomodo
3368 3690 3532 3755 igitur

1967 3775 2242 3843 inscriptio
2268 3778 2507 3830 nominat
2535 3776 2876 3835 Ahimelech.
2924 3779 3145 3831 histm-ia
3190 3792 3366 3833 autem
3408 3782 3524 3834 Au~

1966 3868 2099 3923 chus
2130 3868 2471 3923 Getliazornm
2498 3885 2674 3937 regem
2704 3870 3003 3922 memorat?
3034 3870 3214 3923 Talem
3240 3874 3526 3941 quamdam

1966 3962 2223 4014 rationem
2249 3976 2312 4013 ex
2348 3962 2634 4015 traditione
2682 3961 2746 4013 ad
2798 3976 2895 4014 nos
2928 3978 3096 4029 usque
3150 3964 3522 4019 transmissam

1966 4062 2230 4115 tenemus,
2258 4053 2398 4116 quod
2434 4052 2853 4119 alienigenarum
2898 4069 3047 4123 reges
3083 4071 3368 4109 commune
3415 4058 3532 4123 qni-

1964 4142 2083 4193 dem
2135 4156 2329 4192 numen
2371 4141 2681 4195 Abiinelech
2740 4143 3063 4207 habuerunt,
3098 4143 3250 4213 143
3302 4144 3528 4211 quilibet

1963 4244 2091 4283 vero
2120 4232 2423 4299 proprium,
2455 4246 2561 4300 quo
2606 4234 2997 4300 appellabatur.
3028 4234 3177 4288 liunc
3208 4236 3271 4288 ad
3306 4237 3521 4290 modum

1963 4331 2016 4375 et
2061 4322 2111 4374 in
2139 4321 2377 4376 Romano
2408 4324 2631 4390 imperio
2659 4327 2839 4378 videre
2878 4336 2997 4392 est,
3042 4328 3280 4382 Caesares
3321 4338 3370 4382 et
3414 4330 3525 4381 Au-

1963 4423 2147 4481 gustos
2195 4415 2246 4467 in
2294 4419 2563 4471 communi
2603 4418 2895 4486 appellari,
2934 4419 3027 4471 sed
3061 4430 3236 4472 tamen
3277 4436 3371 4473 eos
3422 4422 3526 4475 alia

1963 4506 2179 4558 nomina
2233 4506 2450 4576 propria
2498 4508 2716 4562 habere.
2772 4508 2975 4563 Nomen
3027 4510 3236 4563 Pharao
3270 4523 3352 4564 est
3387 4510 3526 4578 ejus-

292 4601 573 4667 γούστους,
622 4600 753 4654 ἄλλα
787 4600 842 4652 δέ
892 4599 960 4652 τὰ
1011 4597 1173 4669 κύρια
1226 4595 1431 4649 ἑαυτῶν
1487 4595 1853 4664 κεκτημένους
1886 4598 1974 4655 Dt

1840 4598 1931 4657 ;D
1961 4596 2099 4649 modi
2148 4598 2308 4651 etiam
2361 4600 2499 4668 apud
2551 4599 2852 4670 Egyptios.
2905 4600 3039 4653 Nam
3095 4611 3149 4653 et
3192 4601 3522 4657 Pharaonem

290 4693 550 4761 ὀνόματα.
587 4693 833 4745 Τοιοῦτον
878 4692 969 4744 καὶ
1015 4692 1142 4761 παρ’
1176 4688 1488 4757 Αἰγυπτίοις
1512 4689 1625 4739 ἐστί
1656 4687 1715 4738 τὸ
1743 4689 1851 4738 Φα-

364 4791 384 4821 ⁹
420 4784 437 4837 l
477 4784 605 4853 Reg.
642 4801 764 4846 xxi,
800 4784 1018 4837 11-15.

369 4885 479 4949 (I7)
515 4879 912 4947 Ἐπιστρέψαι,
935 4887 989 4930 ιιι
1024 4886 1343 4949 reuertamur
1365 4875 1677 4949 |Respicere
1698 4874 1850 4927 vide-

293 4945 385 5007 tur
409 4945 631 5004 Ba~ilius
658 4945 721 5001 ad
750 4945 881 5015 μέλι.
921 4963 1063 5010 οχιν,
1090 4948 1140 5009 7,
1173 4946 1513 5014 ἐπίστρεψονν
1534 4945 1679 5014 ψυχὴ
1728 4962 1848 5012 μου.

289 5028 371 5087 εἰς
390 5025 482 5094 τὴν
512 5020 809 5074 ἁνάπαυσίν
841 5036 953 5079 σου,
993 5017 1279 5094 Revertere;
1310 5032 1486 5067 nmma
1519 5032 1651 5094 mem
1686 5017 1741 5065 in
1772 5030 1851 5065 re-

288 5082 461 5165 quiem
495 5104 659 5144 tuam.
708 5091 929 5158 Vulgata
959 5097 1014 5141 et
1048 5088 1210 5140 editio
1244 5087 1504 5150 Romana,
1542 5082 1849 5136 Convertere

288 5167 488 5224 anima,
509 5172 612 5213 etc.

362 5221 485 5301 (48).
522 5230 667 5285 Mulli
716 5245 843 5284 mss.
912 5229 1068 5299 δόξης
1125 5226 1229 5301 τοῦ.
1274 5222 1505 5295 Χριστοῦ
1533 5263 1560 5301 ,_
1605 5221 1844 5301 nihilque

288 5293 541 5377 anipli'us.
591 5301 730 5377 [:Jditi
765 5293 1059 5377 veremini)
1111 5293 1841 5377 ιιιιοὺ-ιιειιιιεε.,σώματιγτῆς

282 5365 461 5443 δόξης,
512 5373 568 5423 ὲν
610 5369 827 5440 Χριστῷ
886 5367 1056 5439 Ἰησοῦ
1116 5367 1193 5437 τῷ
1248 5365 1431 5436 Κυρίῳ
1480 5365 1666 5434 ἡμῶν
1718 5365 1761 5429 (ξ)
1806 5366 1838 5432 ἡ

281 5445 428 5497 δόξα.
452 5454 555 5495 etc.

344 5465 867 5583 ἲῗθῖιᾶεςηηετιυε
894 5507 1102 5583 ψαλμδς
1125 5505 1201 5583 τῷ
1229 5504 1415 5583 Δαὸἰδ,
1442 5513 1493 5556 et
1520 5504 1591 5555 ita
1625 5517 1839 5583 quoque

278 5575 632 5651 Augustinus.
665 5575 735 5633 'At
758 5596 855 5632 vnx
882 5575 1110 5651 ψαλμός-
1150 5578 1199 5651 in
1255 5576 1432 5651 multis
1478 5589 1634 5651 mss._
1666 5575 1838 5651 deest,

283 5642 661 5720 uecvcxpressa
694 5642 955 5703 invenitur
992 5642 1313 5720 iuVulgata.
1338 5644 1495 5697 Plura
1544 5643 1634 5712 qui
1673 5642 1834 5705 volet,

284 5737 438 5777 notas
474 5719 661 5774 t\0hi|ii
690 5722 864 5787 legere
896 5719 1107 5788 pulerit.

355 5794 463 5863 (50)
496 5791 602 5863 Illa,
626 5780 939 5863 σπονῖδάζεξν
969 5789 1049 5849 δέ,
1071 5799 1199 5848 etc.,
1224 5784 1503 5839 referenda
1526 5796 1643 5836 esse
1674 5781 1741 5834 ad
1768 5780 1834 5834 Ii-

278 5864 479 5920 bruni'l
514 5862 713 5931 IIl-gum
743 5878 849 5923 xxi,
879 5862 929 5919 9,
961 5863 1245 5931 ulisenrum
1280 5870 1381 5931 non
1406 5864 1506 5931 est.

1960 4695 2171 4741 constat
2205 4690 2379 4743 vocari
2410 4705 2531 4743 cum
2558 4730 2571 4754 ,
2613 4690 2700 4756 qui
2735 4698 2972 4755 tempore
3009 4686 3203 4757 Joseph
3242 4694 3521 4759 regnavit;

1960 4884 2088 4922 mss.
2127 4881 2245 4921 cum
2278 4865 2510 4917 editione
2538 4863 2702 4915 Rasil.
2737 4878 2916 4915 ειπαν.
2949 4862 3075 4930 Reg.
3102 4870 3321 4929 quartus
3342 4859 3515 4915 εἷπον.

1955 4939 2133 4992 Editio
2177 4946 2355 4987 nostra
2390 4935 2555 4987 Paris.
2589 4930 2760 4997 εἶπεν,
2796 4950 2897 4985 non
2933 4935 3233 4985 eritendate.

2027 5008 2137 5077 (52)
2202 5005 2274 5057 Ita
2327 5006 2471 5071 Regii
2511 5016 2751 5071 quartus,
2803 5005 3019 5071 quintus
3061 5013 3112 5053 et
3164 5010 3348 5077 senius
3395 5016 3515 5077 cum

1951 5072 2275 5132 Colliertinis‘
2306 5078 2494 5143 quinto
2550 5086 2602 5126 et
2650 5076 2875 5139 septimo
2908 5082 2959 5123 ct
3000 5088 3121 5143 cuin
3159 5074 3391 5124 editione
3420 5072 3516 5123 Ba-

1949 5148 2033 5200 sii.
2064 5147 2236 5199 Editio
2255 5141 2381 5195 vero
2401 5144 2567 5196 Paris.
2593 5143 2817 5213 ἐξῆρχον
2850 5141 3235 5211 ἐγχορεῦουσαι
3262 5145 3516 5207 γυναῖκες

1948 5217 2220 5285 λέγουσαι.
2258 5216 2432 5268 ΕεΙίιιο
2458 5214 2760 5285 Rt)lll._t:llttl
2796 5214 2945 5285 Coll).
2984 5216 3154 5279 primo
3184 5213 3410 5283 ἐξῆρχον
3460 5214 3513 5263 αἰ

1940 5283 2257 5357 χορεύουσαι
2292 5286 2565 5352 λέγουσαι.
2630 5283 2928 5357 Notandum
2972 5294 3148 5335 tamen
3200 5298 3380 5336 vocem
3418 5300 3515 5350 γυ-

1940 5353 2123 5418 ναῖκες
2149 5360 2197 5409 in
2222 5358 2489 5423 aliquiuus
2531 5369 2658 5405 mss.
2705 5353 2947 5423 reperiri.

2011 5428 2120 5497 (55)
2152 5421 2323 5478 Editio
2344 5423 2647 5497 Paris._16w
2677 5422 2965 5497 Γετθαίων.
2992 5422 3146 5475 Deest
3172 5421 3433 5497 articulus
3461 5423 3513 5474 in

1939 5494 2061 5551 ocio
2084 5494 2210 5548 mss.
2232 5498 2423 5547 Statim
2453 5494 2539 5547 ubi
2567 5496 2765 5546 mentio
2790 5497 2845 5545 fit
2868 5496 2931 5545 de
2951 5498 3182 5562 quadam
3204 5494 3511 5556 traditione,

1940 5566 2188 5619 librarius
2214 5570 2262 5617 in
2297 5566 2537 5633 margine
2581 5563 2729 5631 Regii
2765 5563 2942 5631 quarti
2975 5561 3243 5629 'ascripsit
3271 5563 3379 5629 illa,
3425 5561 3513 5633 λό-

1935 5653 2028 5704 γος
2052 5640 2115 5688 ἐκ
2144 5632 2492 5706 παραδόσεῶς
2524 5636 2795 5704 ἀγράφου,
2831 5649 2999 5706 sermo
3048 5634 3346 5685 traditionis
3397 5632 3511 5703 ejus

1933 5724 2049 5773 qua:
2066 5704 2257 5767 scripta
2298 5723 2399 5757 non
2433 5718 2528 5758 est.
2558 5706 2667 5758 Hoc
2700 5708 2841 5757 idem
2874 5704 3052 5771 legere
3082 5714 3165 5757 est
3189 5706 3241 5755 in
3269 5718 3512 5774 margine

1933 5779 2082 5832 Coll).
2115 5778 2274 5829 sexti.

2004 5847 2113 5917 (5i)
2147 5846 2276 5913 Reg.
2310 5846 2573 5917 secundus
2597 5853 2647 5898 et
2682 5844 2838 5900 CoIb.
2876 5852 3061 5901 sextus
3084 5842 3111 5896 ὃ
3132 5858 3513 5915 ,προσηγορευ-

350 5909 852 6003 (3'i')'ii.'-g'.’“iériiiié
882 5909 1296 5999 nptiadpuvav.
1344 5925 1543 5979 Ibidem
1603 5930 1833 5993 quatuor
1929 5909 2022 5973 τοί

1066 5928 1296 5997 ἄμυναν.
1344 5925 1543 5979 Ibidem
1603 5930 1833 5993 quatuor
1929 5909 2022 5973 τοί
2050 5909 2182 5987 Reg.
2214 5909 2437 5985 quartus
2465 5909 2507 5984 ᾦ
2542 5932 2737 5986 προση.
