4260 6488
771 426 866 479 351

2071 407 2127 461 S.
2171 401 2416 460 BASlLll
2457 402 2674 458 MAG-Nl

3884 392 3991 446 553

772 539 980 592 Pharao
1008 535 1165 596 item,
1195 531 1283 601 qui
1310 541 1428 599 post
1453 541 1681 600 quatuor
1719 527 2092 598 generationes
2129 521 2325 593 Moysis
2353 531 2397 588 Α
2427 539 2454 592 ρ

2307 539 2325 577 s
2353 531 2397 588 Α
2427 518 2560 592 ραὼ.
2591 518 2838 573 Φαίνεται
2872 516 2976 585 γάρ
3008 514 3204 586 Φαραὼ
3247 511 3534 581 λεγόμενος
3567 511 3660 563 καὶ
3687 513 3716 564 6
3743 508 3838 561 ἐπὶ
3877 506 3989 558 Ἰω-

780 640 935 685 atate
962 644 1053 682 rex
1083 625 1298 696 Egypti
1325 623 1424 678 fuit
1447 641 1461 691 ;
1497 623 1700 674 Pharao
1721 633 1956 687 quoque,
1982 617 2071 686 qui
2094 618 2328 669 Salomo-

783 721 866 774 nis
894 731 1133 788 tempore
1157 731 1332 770 rerum
1353 715 1686 781 potiebatur:
1708 709 1914 777 Accepit
1936 709 2101 769 enim,
2134 706 2326 772 inquit,

779 812 946 879 ﬁliam
1001 808 1295 862 Pharaonis
1355 806 1432 869 ¹⁰;
1496 812 1551 855 et
1596 803 1685 870 qui
1740 811 1977 867 tempore
2039 794 2328 866 prophetia:

779 902 1024 956 Ieremia:
1049 901 1221 962 vixit,
1254 899 1461 952 Pharao
1492 903 1712 946 vocatus
1743 899 1844 944 est.
1881 891 1971 945 Sic
2010 889 2170 941 etiam
2201 886 2328 938 Abi-

776 992 982 1046 melech
1027 985 1426 1043 aetateAbraha'.
1452 991 1598 1042 erat,
1633 988 1685 1032 et
1711 987 1867 1030 aetate
1895 976 2041 1028 Isaac
2071 991 2084 1027 :
2117 981 2170 1025 et
2192 970 2328 1024 alius

775 1098 915 1136 nunc
943 1080 1276 1148 temporibus
1317 1073 1531 1127 Davidis
1577 1070 1792 1124 dicitur.
1821 1065 1886 1120 Et
1921 1067 1986 1118 de
2020 1079 2083 1118 eo
2114 1062 2326 1128 quidem

774 1173 864 1242 qui
925 1183 1158 1238 tempore
1205 1166 1432 1220 Abrahae
1478 1172 1614 1222 erat,
1655 1160 1852 1211 dictum
1902 1167 2024 1209 est:
2076 1153 2142 1206 Et
2195 1152 2327 1202 dixit

774 1239 1087 1321 Abimelech,
1127 1265 1174 1310 et
1208 1253 1514 1306 Hochozath
1536 1251 1800 1319 pronubus
1843 1245 1955 1313 ejus
1979 1283 1993 1309 ,
2026 1255 2070 1297 et
2112 1239 2328 1293 Philocli

775 1353 1010 1421 princeps
1059 1347 1315 1402 exercitus
1366 1344 1476 1413 ejus
1529 1343 1596 1392 ad
1651 1336 1913 1392 Abraham
1964 1332 2223 1386 dicens“.
2267 1331 2330 1384 Et

779 1446 969 1500 iterum
1011 1445 1075 1498 de
1109 1458 1173 1496 eo
1200 1441 1288 1509 qui
1332 1449 1568 1503 tempore
1611 1435 1759 1488 lsaac
1790 1432 1961 1484 vixit:
1995 1428 2120 1482 Fuit
2155 1435 2328 1478 autem

779 1537 942 1591 multo
968 1548 1190 1600 tempore
1228 1533 1316 1584 ibi.
1349 1529 1481 1582 Cum
1505 1543 1620 1581 vero
1649 1526 1998 1594 prospexisset
2034 1517 2329 1573 Abimeleclt

779 1647 867 1684 rex
910 1627 1186 1680 l’hilistiim
1224 1638 1317 1691 per
1361 1623 1640 1691 fenestram
1665 1657 1680 1683 ,
1720 1616 1852 1669 vidit
1888 1617 2037 1667 Isaac
2067 1627 2183 1665 cum
2229 1608 2330 1663 Re-

780 1721 934 1773 becca
963 1717 1223 1769 ludentem
1261 1714 1324 1770 ¹¹.
1357 1713 1448 1766 Sic
1481 1711 1640 1780 igitur
1675 1718 1729 1762 et
1776 1723 1915 1761 nunc
1943 1703 2156 1758 Davidis
2194 1710 2331 1755 tein-

779 1826 908 1881 pore
936 1807 1244 1863 Abimelech
1273 1809 1324 1859 in
1357 1802 1707 1870 inscriptione
1734 1801 1905 1853 dictus
1931 1806 2031 1860 est,
2060 1795 2331 1848 communi

2434 613 2570 681 σήφ·
2598 608 2792 682 Φαραὼ
2816 608 2908 660 καὶ
2939 609 2966 659 6
2997 607 3088 658 ἐπὶ
3126 607 3398 667 Μωῦσέως
3431 601 3566 674 μετά
3591 601 3862 673 τέσσαρας
3894 613 3989 666 γε-

2432 702 2555 765 νεᾶς
2591 702 2830 773 ἐγερθεὶς
2861 698 3110 768 βασιλεὺς
3137 699 3406 766 Αἰγύπτου
3423 712 3437 726 ο
3468 692 3666 766 Φαραὼ
3686 696 3780 746 καὶ
3799 696 3828 746 6
3850 691 3991 747 κατᾶ

2431 795 2553 856 τοὺς
2601 796 2821 865 χρόνους
2872 790 3242 862 Σολομῶντοςο
3280 792 3490 844 Ἐλαϐε
3525 787 3653 858 γὰρ,
3684 788 3839 854 φησὶ,
3877 785 3992 850 τὴν

2433 886 2721 954 θυγατέρα
2755 881 2992 950 Φαραώ·
3043 881 3136 934 καὶ
3190 882 3217 932 6
3260 881 3399 932 κατὰ
3449 881 3573 943 τοὺς
3622 878 3848 949 χρόνους
3893 877 3992 945 τῆς

2433 977 2763 1048 προφητείας
2801 974 2910 1046 (55)
2969 972 3226 1044 Ἰερεμίου
3282 970 3477 1039 Φαραὼ
3535 969 3988 1043 προσηγορεύετο.

2433 1069 2586 1123 Οὕτω
2598 1069 2652 1120 δὲ
2671 1070 2762 1121 καὶ
2790 1065 3070 1136 ’Λϐιμὲλεχ
3093 1065 3232 1118 κατά
3252 1064 3374 1125 τοὺς
3392 1062 3613 1131 χρόνους
3631 1060 3697 1135 ἦν
3721 1058 3989 1132 Ἀϐραὰμ,

2433 1160 2526 1214 καὶ
2552 1159 2689 1212 κατά
2720 1163 2844 1222 τοὺς
2878 1157 3101 1229 χρόνους
3144 1156 3324 1209 Ἰσαάκ
3346 1171 3359 1184 ·
3394 1152 3489 1206 καὶ
3523 1155 3552 1205 6
3583 1155 3673 1207 νῦν
3704 1153 3992 1224 λεγόμενος

2433 1254 2525 1306 ἐπὶ
2553 1251 2659 1304 τῶν
2686 1251 2891 1322 καιρῶν
2916 1247 3096 1302 Δαϐἰδ.
3140 1247 3263 1299 Ἐπὶ
3293 1247 3392 1318 μὲν
3417 1243 3524 1312 γὰρ
3565 1244 3812 1315 Ἀϐρααμ
3842 1246 3990 1316 είρηο

2432 1363 2541 1408 ται,
2565 1345 2645 1397 ὅτι
2673 1345 2779 1398 Καὶ
2807 1340 2973 1396 εἶπεν
3009 1339 3323 1408 Ἀϐιμέλεχ,
3354 1338 3451 1392 καὶ
3509 1335 3748 1403 Ὀχοζὶὶθ
3781 1343 3814 1390 ό
3843 1355 3992 1404 rvp-

2434 1434 2700 1506 φαγωτὸς
2729 1433 2935 1496 αὑτοῦ,
2974 1430 3070 1485 καὶ
3098 1428 3289 1496 Φιλὸχ
3316 1433 3347 1481 ό
3386 1425 3855 1496 ἀρχιστράτηγος
3883 1426 3992 1494 τῆς

2435 1525 2735 1594 δυνάμεως
2759 1526 2944 1578 αὐτοῦ
2978 1523 3124 1591 πρὸς
3169 1521 3430 1589 Ἀϐραὰμ,
3456 1521 3664 1591 λέγων.
3691 1519 3798 1570 Καὶ
3833 1521 3994 1571 πάλιν

2436 1618 2680 1692 περὶτοῦ
2723 1617 2937 1670 Ἰσαάκ·
2990 1615 3253 1684 Ἐγένετο
3297 1613 3364 1664 δὲ
3411 1615 3806 1681 πολυχρόνιος
3850 1610 3992 1664 ἐκεῖ.

2435 1712 2796 1782 Παρακύψας
2822 1709 2888 1762 δὲ
2925 1708 3216 1777 ’Λὸιμέλεχ
3256 1705 3366 1775 (56)
3407 1708 3436 1758 ό
3470 1705 3767 1768 βασιλεὺς
3815 1705 3995 1755 Φυλι-

2437 1805 2607 1872 στεὶμ
2638 1801 2734 1854 διὰ
2760 1799 2865 1868 τῆς
2892 1799 3150 1867 θυρίδος,
3196 1795 3316 1852 εἶδε
3352 1797 3629 1857 παίζοντα
3660 1797 3766 1850 τὸν
3791 1796 3995 1850 Ἰσαὰκ

777 1903 927 1973 regni
961 1902 1198 1955 nomine.
1231 1898 1426 1951 Verum
1467 1892 1684 1946 Auchus
1731 1905 1919 1943 nomen
1973 1887 2225 1940 traditttm
2268 1887 2334 1940 ab
2367 1893 2407 1948 Β
2430 1917 2459 1966 ιλ

2313 1903 2334 1940 ι)
2367 1893 2407 1948 Β
2430 1894 2578 1966 μετὰ
2609 1890 2936 1955 Ῥεϐέκκας.
2971 1889 3154 1953 Οὕτως
3183 1887 3274 1944 οὖν
3307 1892 3399 1944 καὶ
3426 1889 3520 1942 νῦν
3558 1889 3695 1942 κατὰ
3719 1889 3844 1950 τοὺς
3871 1885 3995 1958 χρόο

780 1993 1007 2048 historia
1039 2001 1156 2053 est,
1195 1987 1336 2056 quod
1378 1983 1580 2039 scilicet
1613 1983 1660 2036 ei
1693 1982 1946 2052 privatim
1994 1994 2024 2032 a
2059 1979 2338 2031 nativitate

783 2086 1086 2154 impositum
1123 2088 1287 2133 eSset.
1323 2078 1511 2146 itaque
1552 2090 1732 2130 coram
1778 2075 1879 2128 hoc
1923 2073 2226 2124 immolavit
2256 2072 2337 2123 fa-

781 2177 916 2230 ciem
946 2188 1119 2238 suam,
1146 2179 1452 2242 asportatos
1475 2169 1720 2222 manibus
1744 2181 2039 2226 servorum,
2063 2172 2117 2218 et
2135 2165 2340 2216 obstre-

781 2280 912 2334 pens
949 2264 1015 2318 ad
1055 2274 1238 2332 portas
1264 2259 1532 2320 civitatis,
1567 2255 1958 2321 distillansque,
2000 2253 2188 2320 inquit,
2213 2249 2338 2303 sali-

778 2373 896 2410 vam
925 2371 1072 2407 suam
1099 2356 1148 2406 in
1179 2353 1394 2405 barbam
1422 2366 1434 2401 :
1477 2348 1547 2400 ita
1584 2357 1640 2398 ut
1671 2346 1873 2398 diceret
1908 2344 2128 2396 Anclius
2158 2342 2223 2394 ad
2257 2339 2337 2393 fa-

787 2447 956 2499 mulos
986 2462 998 2498 :
1031 2444 1205 2508 Quare
1222 2439 1517 2494 adduxistis
1546 2453 1662 2490 eum
1687 2436 1756 2488 ad
1777 2435 1904 2488 me?
1928 2432 2061 2490 Num
2086 2447 2184 2502 ego
2206 2447 2339 2501 opus

782 2536 954 2589 habeo
975 2532 1232 2588 comitiali
1264 2529 1452 2584 morbo
1479 2525 1786 2594 correptis?
1820 2526 2014 2594 quippe
2049 2525 2340 2577 introduxi-

781 2627 880 2679 stis
904 2642 1047 2682 eum.
1067 2633 1123 2676 ut
1147 2620 1332 2676 morbo
1353 2616 1609 2674 comitiali
1639 2630 1816 2670 coram
1842 2630 1926 2668 me
1953 2615 2336 2683 corriperetur.

785 2718 850 2772 Et
879 2717 956 2771 sic
997 2715 1138 2769 illinc
1161 2714 1436 2772 dimissus.
1466 2711 1677 2763 salvum
1715 2723 1773 2761 se
1811 2708 2028 2775 recepit,
2062 2707 2254 2774 inquit,
2287 2705 2338 2758 in

784 2809 1097 2877 speluncam
1142 2805 1383 2859 Odollam
1419 2803 1480 2855 ¹³.
1527 2801 1693 2869 Igitur
1734 2815 1987 2867 tauquam
2026 2814 2090 2853 ex
2149 2813 2340 2868 magno

781 2897 1020 2966 periculo
1043 2896 1277 2963 elapsus,
1312 2894 1450 2945 hanc
1477 2893 1773 2960 gratiarum
1805 2889 2066 2942 actionem
2101 2891 2343 2957 rependit

779 3005 878 3045 suo
904 2988 1177 3044 liberatori
1231 2987 1355 3039 Deo.
1389 2983 1548 3037 Vens.
1589 2981 1643 3034 2.
1675 2979 1985 3033 Benedicam
2027 2980 2302 3032 Dominum
2325 3019 2339 3042 ,

782 3080 988 3148 inquit,
1022 3081 1075 3132 in
1119 3077 1258 3130 omni
1293 3086 1540 3144 tempore.
1571 3072 1796 3140 Ereptus
1839 3085 1906 3123 ex
1953 3080 2148 3132 morte,
2187 3072 2338 3138 quasi

784 3172 1045 3225 terminos
1101 3171 1221 3222 vita:
1268 3167 1368 3222 sibi
1401 3169 1514 3236 ipse
1553 3161 1883 3233 prescribit,
1935 3174 2193 3226 suamque
2221 3160 2339 3213 ani-

2437 2006 2560 2051 νους
2603 1985 2762 2040 Δαόὶδ
2811 1982 3094 2052 ’Λὸιμέλεχ
3150 1983 3360 2053 εἴρηται
3402 1985 3459 2034 ἐν
3493 1983 3558 2051 τῇ
3595 1981 3895 2049 ἐπιγραφῇ,
3935 1977 3997 2029 τὸ

2436 2081 2612 2132 κοινὸν
2639 2080 2734 2149 τῆς
2761 2075 3031 2147 βασιλείας
3067 2074 3256 2144 ὄνομα.
3298 2075 3521 2146 Ἀγχοὺς
3550 2073 3606 2125 δὲ
3639 2073 3995 2143 παραδέδοται

2437 2171 2538 2223 ὑπὸ
2580 2173 2675 2242 τῆς
2709 2167 2962 2240 ἱστορίας,
3010 2168 3144 2238 ὅπερ
3185 2168 3327 2232 ἰδίως
3370 2165 3438 2239 ἦν
3480 2166 3625 2237 αὐτῷ
3667 2167 3731 2218 ἐκ
3775 2165 3996 2233 γενετῆς

2437 2264 2793 2333 ἐπικείμενον.
2855 2261 2975 2313 Ἐπὶ
3014 2258 3202 2312 τούτου
3249 2262 3425 2314 τοίνυν
3469 2259 3760 2328 ἡλλοίωσεν
3803 2255 3996 2310 ἐαυτοῦ

2437 2355 2496 2407 τὸ
2520 2356 2826 2424 πρόσωπον,
2851 2368 3066 2422 παραφε
3077 2351 3298 2422 ρόμενος
3320 2356 3377 2406 ἐν
3403 2356 3521 2417 ταῖς
3548 2352 3703 2425 χερσὶ
3727 2351 3836 2404 τῶν
3855 2352 3996 2403 οἰκε-

2436 2447 2564 2509 τῶν,
2599 2448 2692 2499 καὶ
2742 2443 2928 2515 ψοφῶν
2964 2444 3113 2515 παρά
3159 2446 3257 2508 τὰς
3300 2444 3470 2508 πύλας
3511 2445 3611 2514 τῆς
3643 2443 3868 2506 πόλεως,
3903 2441 3998 2494 καὶ

2438 2538 2753 2608 καταρρέων
2781 2537 2912 2606 (57),
2947 2537 3100 2605 φησὶ,
3138 2538 3208 2590 τὰ
3248 2537 3396 2589 σίελα
3438 2534 3602 2588 αὑτοῦ
3647 2535 3736 2586 ἐπὶ
3765 2533 3854 2584 τὸν
3890 2531 4000 2583 πώ-

2438 2644 2620 2696 γωνα·
2651 2627 2788 2679 ὥστε
2816 2628 2985 2680 εἰπεῖν
3013 2626 3104 2678 τὸν
3140 2627 3361 2694 Ἀγχοὺς
3405 2628 3514 2686 τοῖς
3553 2621 3743 2676 παισί·
3786 2621 3846 2675 Τί
3874 2623 3998 2673 εισ-

2438 2719 2673 2789 εςρέρετε
2707 2715 2892 2771 αὐτὸν
2930 2715 3077 2784 πρὸς
3095 2715 3212 2784 μέ;
3251 2715 3341 2784 Μὴ
3381 2713 3660 2783 ἐπιδέομαι
3691 2711 3999 2782 ἐπιλήπτων

2440 2809 2570 2877 ἐγὼ,
2601 2810 2681 2862 ὅτι
2717 2806 3064 2878 είσηνέγκατε
3089 2805 3248 2857 αὑτὸν
3281 2801 3731 2872 ἐπιληπτεύεσθαι
3757 2800 3841 2853 ἐπ’
3869 2799 3998 2870 ἐμέ;

2441 2901 2552 2955 Καὶ
2579 2901 2748 2965 οὕτως
2772 2898 3060 2962 ἀπολυθεὶς
3082 2897 3312 2960 ἐκεῖθεν,
3335 2895 3586 2965 διεσώθη,
3617 2895 3800 2964 φησὶν,
3836 2895 3914 2955 εἰς
3943 2893 4001 2944 τὸ

2443 2990 2702 3062 σπήλαιον
2767 2990 3039 3060 Ὀδολλὰμ.
3096 2989 3180 3052 Ὠς
3224 2983 3314 3041 οὖν
3361 2988 3424 3040 ἐκ
3481 2986 3714 3057 μεγάλου
3757 2983 4000 3036 κινδύνου

2441 3082 2742 3150 διεκφυγὼν
2777 3082 2907 3150 (58),
2942 3081 3143 3150 ταύτην
3185 3080 3496 3148 ἀναπέμπει
3528 3077 3624 3147 τὴν
3657 3075 4002 3146 εὐχαριστίαν

2440 3172 2517 3243 τῷ
2544 3172 2829 3243 ῥυσαμένῳ
2856 3173 3015 3224 αὑτὸν
3049 3170 3183 3239 Θεῷ.
3212 3168 3560 3238 Εὑλογήσω,
3590 3167 3740 3236 φησι,
3770 3165 3874 3219 τὸν
3891 3167 4002 3219 Kc-

786 3278 927 3314 mam
973 3258 1206 3315 instituit
1240 3276 1302 3313 ac
1333 3259 1528 3312 format
1576 3258 1640 3310 ad
1676 3256 1980 3310 accuratius
2014 3254 2222 3308 vivendi
2257 3269 2342 3324 δε·
2370 3253 2412 3314 C
2438 3283 2468 3334 ρ

2316 3275 2342 3306 ε·
2370 3253 2412 3314 C
2438 3282 2570 3334 ριον
2609 3264 2677 3317 ἐν
2728 3263 2902 3316 παντὶ
2935 3261 3131 3329 καιρῷ.
3167 3259 3478 3328 Διεκφυγὼν
3522 3261 3586 3311 ἐκ
3623 3258 3716 3311 τοῦ
3750 3257 3998 3318 θανάτου,

785 3367 907 3413 nus,
933 3350 1066 3402 adeo
1095 3360 1151 3400 ut
1187 3349 1329 3402 nullo
1358 3360 1594 3416 tempore
1611 3347 2042 3401 benedictionem
2073 3346 2338 3400 intermit-

783 3450 883 3504 tat,
909 3443 998 3495 se.l
1027 3455 1201 3492 rerum
1232 3447 1343 3491 tum
1368 3454 1680 3504 magnarum
1707 3449 1816 3492 tum
1842 3456 2121 3508 parvarum
2147 3443 2343 3511 princi-

778 3533 925 3596 pium
955 3529 1150 3582 relerat
1176 3529 1227 3581 in
1253 3529 1442 3580 Deum.
1464 3525 1578 3579 Non
1603 3527 1958 3592 existimabo,
1987 3529 2193 3596 inquit,
2221 3533 2342 3585 dili-

787 3622 961 3691 gentia
982 3634 1095 3674 mea
1124 3619 1414 3688 quidquam
1439 3617 1591 3684 ﬁeri;
1620 3633 1792 3687 neque
1821 3617 2043 3673 fortuito
2072 3636 2339 3675 concursu

781 3715 1106 3782 contingere.
1124 3711 1213 3766 sed
1233 3710 1298 3765 In
1315 3713 1453 3765 omni
1475 3723 1699 3780 tempore
1719 3714 2018 3766 benedicam
2034 3713 2338 3777 Dominum;

785 3805 969 3862 nonin
997 3805 1117 3857 vita:
1152 3803 1322 3856 solum
1361 3804 1713 3870 prosperitate
1738 3842 1752 3865 ,
1797 3804 1887 3856 sed
1924 3804 1976 3856 in
2013 3805 2341 3874 temporibus

782 3898 946 3952 etiam
977 3897 1220 3950 adversis
1253 3904 1410 3963 atque
1432 3894 1778 3948 calamitosis.
1807 3894 1941 3949 Hinc
1959 3896 2178 3951 edoctus
2199 3896 2338 3950 Pau-

785 3989 886 4048 lus.
911 3988 984 4040 ait
1009 4004 1021 4039 :
1057 3988 1269 4054 Semper
1301 3987 1540 4054 gaudete,
1564 3985 1674 4039 sine
1696 3985 2075 4039 intermissione
2097 3999 2261 4048 orate.
2285 3989 2342 4040 in

783 4079 1018 4132 omnibus
1044 4079 1242 4146 gratias
1270 4079 1406 4146 agite
1429 4076 1491 4131 “.
1527 4077 1709 4132 Viden’
1742 4087 1940 4147 quanta
1979 4078 2142 4133 luerit
2166 4078 2343 4133 citari-

784 4180 867 4224 tas
904 4168 1041 4222 viri?
1074 4167 1332 4221 Malorum
1375 4169 1750 4223 assiduitatem
1785 4170 1966 4224 animo
2015 4171 2199 4240 iniquo
2232 4188 2337 4226 non

785 4262 1009 4326 ferebat,
1046 4276 1165 4313 cmn
1201 4273 1303 4311 non
1338 4259 1509 4312 solum
1547 4275 1611 4311 ex
1644 4265 1815 4328 p-itria
1847 4262 2051 4328 pulsus,
2088 4273 2142 4316 et
2181 4277 2209 4315 a
2249 4279 2342 4317 co-

785 4351 959 4420 gnatis
987 4349 1404 4416 domesticisque
1431 4347 1734 4416 sejuncuts,
1761 4364 1823 4402 ac
1853 4350 2008 4404 bonis
2041 4353 2302 4421 spoliatus
2327 4371 2341 4408 :

783 4455 965 4494 verum
1003 4439 1161 4492 etiam
1206 4455 1326 4492 cum
1369 4439 1610 4492 hostibus
1641 4449 1783 4491 esset
1811 4455 1905 4507 per
1936 4442 2039 4494 vim
2077 4445 2303 4498 traditus
2325 4484 2340 4509 ,

787 4533 856 4584 ita
883 4541 939 4584 ut
962 4530 1070 4585 fere
1092 4531 1156 4584 ab
1172 4530 1250 4582 eis
1279 4529 1610 4583 membratim
1639 4529 2012 4584 dilaniaretur.
2032 4528 2149 4584 Non
2173 4533 2337 4586 dixit:

786 4623 1072 4691 Quousque
1108 4623 1364 4675 malorum
1399 4620 1724 4674 assiduitas?
1754 4637 1856 4676 non
1898 4621 2184 4690 despondit
2215 4627 2335 4677 ani-

789 4731 932 4767 mum
959 4723 1174 4783 propter
1201 4712 1503 4766 aiilictionis
1534 4710 1691 4783 144
1713 4714 2166 4782 prorogationem,
2197 4715 2337 4768 haud

789 4807 1061 4875 ignorans.
1101 4805 1252 4870 Quod
1291 4805 1564 4856 tribulatio
1597 4805 1902 4871 patientiam
1933 4816 2198 4870 operatur,
2247 4823 2341 4872 pa-

788 4897 967 4952 tientia
1013 4904 1186 4948 autem
1234 4895 1622 4962 probationem,
1663 4893 1904 4962 probatio
1944 4909 2058 4947 vero
2095 4911 2235 4962 spem
2272 4896 2336 4949 ¹⁸.

861 5083 902 5114 ⁸⁸
929 5082 991 5136 lli
1028 5082 1102 5134 Re

791 5155 834 5186 ³⁵
876 5153 1034 5210 “Mli.
1084 5169 1134 5214 V,
1166 5151 1220 5210 ὅ.
1250 5151 1302 5204 4.

857 5275 968 5349 (ἓξ)
1003 5273 1151 5349 I_l_|ud,
1181 5274 1278 5342 τῆς
1308 5272 1657 5349 προφητείας,
1699 5271 1851 5325 deest
1889 5272 1942 5349 in
1996 5272 2127 5342 Reg.
2160 5274 2338 5330 tertio.

787 5343 978 5398 Statim
1014 5344 1141 5410 Reg.
1178 5347 1444 5396 secundus
1479 5358 1660 5395 rursus
1684 5343 2106 5412 προσηγόρευτο.

860 5412 970 5483 (56)
1005 5412 1094 5464 Sic
1123 5429 1249 5465 mss.
1289 5423 1538 5483 quatuor.
1579 5413 1633 5464 lu
1665 5415 1898 5465 edit-ioue
1928 5415 2098 5467 Paris.
2130 5413 2342 5481 ponitur

787 5481 1043 5536 articulus
1081 5494 1202 5534 ante
1256 5481 1564 5552 Ἀϐιμέλεχ.
1620 5483 1905 5549 Aliquanto
1938 5494 2058 5550 post
2099 5485 2230 5552 Reg.
2263 5499 2345 5535 se-

785 5556 990 5607 Cuudus
1023 5552 1305 5620 είρηταιέν
1341 5557 1405 5623 τῇ
1436 5553 1642 5622 Γραφῇ.
1672 5554 1774 5604 Sed
1805 5553 2126 5618 scripturam
2167 5568 2344 5605 verum

787 5625 845 5676 ἐν
883 5624 948 5692 τῇ
988 5623 1261 5691 ἐπιγραφῇ
1295 5625 1507 5689 pra-fert
1537 5637 1746 5690 quoque
1783 5624 1831 5674 in
1867 5624 2128 5690 margine.
2176 5623 2337 5685 luira,

791 5694 877 5763 ubi
895 5691 1096 5763 legitur
1116 5691 1583 5763 παραφερόμενος,
1611 5705 1738 5747 etc..
1767 5692 1844 5744 sic
1873 5693 2176 5763 editumest
2203 5696 2340 5760 apud

788 5761 930 5816 LXX
966 5781 978 5814 :
1008 5761 1346 5832 παρεφέρετο
1381 5765 1434 5813 ἐν
1467 5766 1585 5824 ταῖς
1618 5762 1800 5832 χερσὶν
1827 5761 2008 5813 αὐτοῦ.
2051 5762 2201 5816 Unde
2235 5764 2343 5815 Au-

791 5835 1031 5904 gustinus
1062 5829 1393 5887 {Ferebatur
1419 5835 1470 5886 in
1499 5829 1733 5885 manibus
1761 5836 1866 5886 suis
1902 5847 1918 5883 :
1947 5833 2140 5901 quibus
2167 5835 2342 5888 verbis

2440 3353 2549 3409 οἷον
2587 3357 2744 3426 ὄρους
2780 3351 2955 3424 ἐαυτῷ
2990 3351 3194 3405 τίθεται
3242 3351 3342 3420 τῆς
3387 3348 3550 3420 ζωῆς,
3592 3348 3775 3402 τυπῶν
3809 3350 4000 3402 ἐαυτοῦ

2439 3449 2535 3521 τὴν
2560 3448 2734 3520 ψυχὴν
2763 3447 2896 3519 πρὸς
2925 3445 2985 3499 τὸ
3021 3444 3118 3515 τῆς
3159 3442 3427 3507 πολιτείας
3467 3441 3720 3516 ἀκριϐές·
3769 3442 3844 3504 ὡς
3895 3459 3998 3512 μη-

2438 3543 2562 3596 δένα
2582 3540 2771 3612 καιρὸν
2789 3539 3164 3608 διαλιμπάνειν
3183 3537 3280 3608 τῆς
3297 3535 3562 3604 εὐλογίας.
3579 3534 3712 3588 ἀλλά
3732 3535 3826 3587 καὶ
3844 3535 4000 3604 μεγά-

2439 3633 2544 3685 λων
2556 3631 2648 3684 καὶ
2665 3630 2997 3700 μικροτέρων
3015 3629 3349 3699 πραγμάτων
3366 3629 3457 3681 ἐπὶ
3470 3628 3559 3680 τὸν
3571 3627 3702 3680 Θεὸν
3719 3627 4000 3698 ἀναφέρειν

2437 3723 2534 3794 τὴν
2563 3724 2756 3793 ἀρχήν.
2786 3722 2918 3789 Οὐχὶ
2958 3721 3252 3790 ἡγήσομαι,
3281 3721 3432 3787 φησι,
3466 3719 3605 3772 κατὰ
3633 3720 3731 3789 τὴν
3766 3717 3998 3788 ἐμαυτοῦ

2438 3814 2752 3884 ἐπιμέλειαν
2774 3811 3034 3879 γίνεσθαι,
3053 3810 3172 3862 οὐδὲ
3195 3810 3256 3861 ἐκ
3275 3810 3374 3878 τῆς
3393 3811 3696 3879 αὐτομάτου
3719 3810 4000 3878 συντυχίας

2441 3904 2772 3975 συμϐαίνειν,
2796 3901 2908 3955 ἀλλ’
2937 3902 3031 3953 Ἑν
3056 3899 3230 3953 παντί
3251 3896 3429 3966 καιρῷ
3442 3896 3752 3965 εὐλογήσω
3772 3898 3877 3950 τὸν
3894 3901 3939 3950 Κ
3944 3900 4002 3950 ὐ-

2431 4013 2565 4064 ριον
2585 4036 2599 4058 ,
2628 3995 2726 4047 οὐκ
2748 3995 2804 4045 ἐν
2823 3995 2940 4054 ταῖς
2967 3991 3281 4061 εὐημερίαις
3309 3987 3464 4058 μόνον
3484 3985 3574 4038 τοῦ
3596 3986 3730 4055 βίου,
3757 3985 3892 4039 ἀλλά
3913 3987 4002 4038 καὶ

2442 4091 2500 4141 ἐν
2522 4089 2632 4151 τοῖς
2659 4087 3056 4157 περιστατικοῖς
3079 4084 3305 4153 καιροῖς.
3335 4078 3614 4132 Ἐντεῦθεν
3648 4076 4003 4148 μαθητευθεὶς

2441 4183 2470 4234 6
2518 4178 2863 4240 Ἀπόστολος,
2918 4175 3198 4237 Πάντοτε,
3247 4173 3401 4241 φησι.
3445 4171 3696 4240 χαφετε,
3742 4168 4001 4223 ἀδιαλεί-

2443 4287 2600 4337 πτως
2621 4273 3049 4341 προσεύχεσθε,
3075 4270 3144 4323 ὲν
3175 4268 3348 4321 παντί
3377 4264 3798 4334 εὐχαριστεῖτε.
3845 4264 4001 4334 Ὁρᾷς

2442 4365 2604 4435 ἡλίκη
2633 4364 2726 4417 τοῦ
2765 4363 2954 4434 ἀνδρὸς
2987 4366 3018 4433 ἡ
3051 4363 3271 4429 ἀγάπης
3309 4360 3420 4412 Οὐκ
3465 4356 3824 4411 ἀπεδυσπὲτει
3869 4355 4002 4423 πρὸς

2443 4454 2539 4524 τὴν
2561 4455 2836 4522 συνέχειαν
2863 4453 2968 4504 τῶν
2993 4450 3195 4509 κακῶν,
3221 4450 3310 4500 ὅτε
3334 4447 3394 4500 οὐ
3423 4445 3532 4515 (59)
3564 4445 3719 4514 μόνον
3749 4440 4004 4510 πατρίδος

2447 4545 2767 4614 ἀπελήλατο,
2804 4545 2895 4596 καὶ
2928 4541 3260 4608 συγγενείας,
3291 4540 3383 4590 καὶ
3407 4535 3640 4592 οἰκείων.
3670 4536 3761 4585 καὶ
3789 4533 3999 4601 κτημά-

2443 4653 2578 4702 των,
2613 4636 2747 4689 ἀλλά
2788 4636 2881 4687 καὶ
2928 4637 3038 4695 τοῖς
3080 4631 3356 4700 πολεμίοις
3397 4626 3718 4698 παραδοθεὶς
3759 4625 3865 4677 ὑπὸ
3907 4625 4002 4692 τῆς

2446 4727 2707 4796 ἀνάγκης,
2757 4725 2952 4796 μικροῦ
3002 4721 3329 4776 διασπᾶσθαι
3380 4722 3507 4792 παρ’
3540 4718 3717 4771 αὐτῶν
3757 4715 3999 4786 ἔμελλεν.

2445 4816 2559 4868 Οὐκ
2588 4814 2738 4868 εἷπε’
2772 4816 2948 4886 Μέχρι
2978 4814 3120 4876 τίνος
3155 4815 3188 4884 ἡ
3222 4810 3470 4882 συνέχεια
3504 4808 3611 4862 τῶν
3647 4807 3870 4871 κακῶν;
3905 4806 4002 4858 οὐκ

2446 4908 2855 4980 ἀπεδυσπέτησε
2885 4908 3019 4980 πρὸς
3055 4907 3150 4978 τὴν
3181 4905 3486 4976 παρατασιν
3513 4903 3610 4972 τῆς
3643 4899 3897 4970 θλίψεως,
3927 4898 4002 4949 εἰ·

1107 5095 1274 5158 g._ut1
1302 5079 1353 5133 l.
1431 5079 1470 5109 “
1504 5077 1638 5132 Gen.
1665 5095 1777 5144 xxi,
1801 5081 1887 5134 22.
1967 5083 2009 5112 “
2032 5079 2166 5136 Gen.
2190 5098 2340 5156 XXVI,
2365 5089 2417 5144 8.
2493 5089 2537 5121 "
2563 5088 2584 5141 1
2615 5088 2746 5158 Reg.
2779 5105 2789 5142 ι

2313 5108 2340 5156 ι,
2365 5089 2417 5144 8.
2493 5088 2584 5141 "1
2615 5088 2746 5158 Reg.
2779 5104 2889 5155 χιι,
2923 5087 3023 5150 l3;
3065 5101 3198 5149 uti,
3241 5085 3296 5142 1.
3371 5083 3416 5115 ¹δ
3453 5080 3685 5136 l'l‘bess.
3709 5094 3762 5148 ν,
3794 5077 3882 5141 16,
3912 5075 3995 5131 18.

2437 5273 2598 5329 Pater
2634 5272 2985 5341 gravissimus
3014 5269 3319 5341 adumbrari
3339 5266 3453 5341 vult
3483 5265 3999 5341 sanctiss_imam_Eu-

2440 5336 2778 5404 charisﬁam,
2833 5344 3044 5409 quando
3097 5339 3343 5392 videlicet
3392 5337 3650 5390 Dominus
3711 5337 3764 5389 in
3815 5336 3996 5389 ultima

2441 5427 2594 5467 C(Blm
2625 5429 2682 5464 se
2711 5415 2822 5479 ipse
2850 5413 2959 5465 suis
2986 5410 3228 5461 inanibus
3259 5409 3396 5459 tulit.

2513 5481 2625 5553 (57)
2673 5471 2745 5533 Ita
2800 5494 3157 5553 uoveurmss.
3192 5493 3314 5532 cunt
3337 5476 3570 5531 editione
3598 5472 3763 5528 Basil.
3823 5471 3998 5526 Editio

2443 5567 2570 5606 vero
2610 5551 2784 5606 Paris.
2824 5551 3135 5620 κατέρρεον.

2517 5623 2624 5692 (58)
2653 5622 2896 5692 Nonnulli
2929 5614 3054 5692 niés.
3085 5614 3385 5692 διαφυγών.
3406 5615 3599 5671 Statim
3633 5621 3840 5683 septem
3868 5625 3999 5666 mss.

2447 5687 2632 5746 rursus
2660 5689 2936 5760 διαφυγὼν
2963 5691 3024 5741 ἐκ
3054 5687 3171 5740 τοῦ.

2517 5762 2626 5832 (59)
2670 5756 2795 5830 Reg.
2820 5756 3083 5815 Secundus
3113 5760 3195 5811 ὅτι
3222 5756 3304 5808 οὑ.
