4260 6510
289 445 396 498 555

1410 444 1690 500 ITOMZIJA
1734 444 1798 499 I.\'
1841 442 2170 498 PSALMUM
2214 446 2444 500 XXXIII.

3427 448 3534 506 εει

285 558 412 623 δὼς,
443 561 570 613 Ὀτι
605 561 642 628 ἡ
675 564 873 629 θλίψις
907 564 1222 632 ὑπομονὴν
1252 562 1680 632 κατεργὰζέται,
1718 569 1756 634 ὴ
1789 564 1858 618 δὲ
1887 574 1931 628 Α
1961 563 1967 618 1

1846 565 1858 614 :~
1887 574 1931 628 Α
1961 563 2092 620 Nam
2141 580 2197 618 re
2238 567 2347 634 ipsa
2385 566 2738 630 ιιωὶυιῑοηεε,
2778 565 2932 634 quasi
2974 565 3226 621 athletiea
3279 565 3528 635 quadam

286 653 561 722 ὑπομονὴ
611 653 885 723 δοκιμὴν,
927 658 961 722 ἡ
996 657 1064 710 δὲ
1091 657 1304 728 δοκιμὴ
1337 657 1574 712 ἐλπίδα.
1619 658 1708 730 Τῷ
1739 661 1852 713 ὄντι

285 744 398 816 γὰρ
426 749 535 811 τοῖς
579 745 758 809 καλῶς
791 753 1324 822 παρεσκευασμένοις
1365 751 1422 804 αἱ
1451 749 1657 820 θλίψεις
1690 751 1854 806 οἱονεὶ

286 839 484 908 τροφαί
516 837 658 900 τινές
692 841 821 892 εἰσιν
855 841 1142 915 ἀθλητικαὶ
1181 845 1274 897 καὶ
1307 845 1602 914 γυμνάσια,
1637 845 1728 898 ἐπὶ
1755 845 1853 916 τὴν

286 927 548 997 πατρῴαν
588 928 741 992 δόξαν
771 931 858 983 τὸν
895 935 1196 1005 ἀγωνιστὴν
1237 934 1694 1005 προὸιϐἁζουσαι·
1728 937 1854 988 ὅταν

287 1015 680 1088 λοιδορούμενοι
719 1022 1021 1094 εὑλογῶμεν
1043 1068 1057 1090 ,
1093 1026 1570 1098 βλασφημούμενοι
1603 1043 1854 1100 παρακα-

289 1108 488 1178 λῶμεν,
511 1116 968 1185 καταπονούμενοι
987 1117 1415 1189 εύχαριστῶμεν,
1438 1116 1740 1188 θλιϐόμενοι
1763 1117 1855 1170 ἐπὶ

289 1202 355 1269 τῇ
406 1200 577 1272 θλίψει
632 1205 977 1276 καυχώμεθα.
1032 1210 1261 1281 Αἰσχρὸν
1314 1210 1423 1281 γὰρ
1463 1210 1704 1279 εὐλογεῖν
1757 1210 1855 1282 μὲν

288 1291 438 1362 ἡμᾶς
463 1296 556 1348 ἐπὶ
577 1300 691 1359 τοῖς
717 1299 1111 1370 χρηστοτέροις,
1144 1305 1353 1375 σιωπᾷν
1379 1304 1434 1355 δὲ
1465 1304 1558 1356 ἐπὶ
1589 1309 1696 1368 τοῖς
1727 1322 1858 1357 σκυ-

289 1379 658 1455 θρωποτέροις
697 1389 789 1439 καὶ
831 1390 1099 1454 ἐπιπόνοις
1135 1395 1470 1463 πράγμασιν.
1532 1393 1690 1448 Ἀλλὰ
1733 1395 1854 1447 τότε

288 1476 384 1527 καὶ
422 1475 581 1528 πλέον
625 1477 964 1550 εὐχαριστεῖν
992 1483 1085 1544 δεῖ,
1124 1485 1351 1546 εἰδότας,
1387 1485 1466 1535 ὃτι
1506 1486 1612 1537 Ὃν
1656 1484 1857 1554 ἀγαπᾷ

286 1569 504 1635 Κύριος
535 1571 822 1627 παιδεύειο
857 1577 1127 1645 μαστιγοῖ
1163 1577 1230 1628 δὲ
1257 1576 1449 1628 πάντα
1483 1578 1614 1630 υἱὸν
1643 1579 1714 1630 ὃν
1749 1592 1858 1630 :ra-

282 1659 598 1730 ραδέχεται
679 1669 1008 1731 Διαπαντεις
1060 1669 1095 1733 ἡ
1149 1667 1378 1734 ιιῖνεσις
1419 1670 1602 1722 αὐτοῦ
1655 1671 1724 1722 ἐν
1779 1666 1857 1732 τῷ

285 1755 542 1824 στόματί
573 1776 713 1825 μου.
767 1762 924 1811 Δοκεῖ
957 1759 1210 1815 ἀδύνατόν
1262 1779 1312 1815 τι
1364 1762 1792 1829 ἐπαγγέλλεσθαι
1829 1762 1857 1813 ὁ

287 1849 591 1917 προφήτης.
625 1849 744 1912 Πῶς
767 1848 873 1921 γὰρ
903 1850 1190 1916 διαπαντὸς
1219 1855 1248 1924 ἡ
1281 1856 1481 1917 αῖνεσις
1513 1853 1604 1905 τοῦ
1636 1851 1768 1904 Θεοῦ
1799 1855 1856 1904 ὲν

1963 660 2215 714 alimenta
2246 675 2308 712 ac
2341 663 2763 717 exercitationes
2789 668 2916 712 sunt
2939 659 3076 714 bene
3099 661 3416 730 pmparstis
3452 670 3530 714 at-

1963 766 2071 819 que
2101 751 2383 806 instructis
2412 767 2426 804 :
2456 767 2572 820 qua:
2603 753 2864 808 athletam
2895 750 2960 804 ad
2992 759 3275 820 paternam
3302 751 3531 821 gloriam

1963 845 2264 909 deducunt;
2301 847 2342 898 si
2381 846 2594 913 quando
2624 846 2883 901 conviciis
2928 843 3158 913 impetiti
3191 845 3505 900 benedixeri

1967 953 2104 1001 mus,
2135 937 2489 1007 blnsphemiis
2519 937 2749 991 IaCessiti
2773 937 3257 1002 obsecraverimus,
3291 937 3528 992 divesati

1963 1032 2229 1099 egerimus
2254 1032 2477 1099 gratias,
2509 1028 2688 1084 alllicti
2724 1030 2776 1083 iu
2805 1032 3097 1087 alllictione
3123 1030 3338 1101 gloriati
3371 1028 3531 1084 fueri-

1966 1137 2084 1177 mus
2115 1123 2179 1175 ‘°.
2209 1120 2385 1191 Turpe
2413 1122 2555 1175 enim
2587 1131 2670 1174 est
2703 1135 2800 1174 nos
2829 1122 3146 1181 benedicere
3180 1122 3235 1179 in
3269 1122 3429 1177 rebus
3459 1137 3534 1174 se-

1964 1215 2169 1280 cundis,
2194 1215 2353 1269 silere
2377 1228 2503 1268 vero
2532 1214 2580 1266 iu
2610 1213 2856 1268 tristibus
2885 1225 2938 1266 et
2960 1216 3222 1272 adversis.
3257 1213 3370 1270 Imo
3400 1223 3526 1268 tunc

1964 1305 2122 1358 etiam
2162 1306 2361 1373 gratius
2395 1303 2671 1360 uberiores
2700 1317 2862 1374 agere
2887 1311 3122 1372 oportet,
3159 1323 3278 1362 cum
3309 1305 3527 1361 noveri-

1966 1413 2084 1450 mus
2112 1398 2250 1464 quod
2283 1397 2445 1462 Quem
2483 1396 2653 1464 diligit
2690 1395 2968 1461 Dominus,
3005 1396 3266 1465 castigat;
3293 1399 3527 1470 ﬂagellat

1964 1498 2140 1540 autem
2171 1496 2374 1540 onmem‘
2417 1489 2588 1560 ﬁlium
2631 1505 2783 1558 quem
2829 1488 3007 1558 recipit
3041 1489 3104 1543 ".
3158 1487 3374 1557 Semper
3412 1490 3531 1546 laus

1965 1580 2078 1649 ejus
2101 1580 2154 1632 in
2189 1596 2277 1633 ore
2301 1597 2431 1635 meo.
2465 1583 2688 1638 Videtur
2721 1584 2978 1653 propheta
3017 1583 3067 1637 id
3097 1585 3240 1650 quod
3269 1584 3384 1639 ﬁeri
3424 1601 3527 1641 n0u

1967 1679 2161 1738 potest,
2190 1669 2450 1739 polliceri.
2479 1671 2757 1737 Quomodo
2778 1673 2922 1725 enim
2956 1684 3174 1743 semper
3203 1672 3320 1728 laus
3355 1674 3445 1728 Dei
3472 1675 3524 1730 in

1965 1776 2058 1814 ore
2089 1762 2323 1816 hominis
2353 1777 2473 1816 esse
2507 1765 2724 1830 potest?
2756 1764 2893 1819 Cum
2927 1773 3182 1819 consueta
3211 1775 3263 1820 et
3293 1766 3359 1821 ad
3407 1767 3530 1822 vita

1966 1867 2120 1907 usum
2149 1851 2451 1921 spectantia
2481 1852 2748 1921 colloquia
2783 1855 2933 1920 facit,
2978 1853 3032 1908 in
3067 1867 3163 1909 ore
3193 1854 3406 1910 Iaudem
3434 1855 3530 1912 Dei

283 1938 363 2005 τῷ
400 1939 621 2007 στόματι
656 1940 944 2011 ἀνθρώπου
989 1944 1096 2012 (60)
1132 1942 1266 1999 εἶναι
1299 1947 1551 2011 δύναται;
1586 1947 1713 2000 Ὅτε
1748 1945 1860 1998 δια·
1895 1943 1935 1998 Β

1849 1976 1860 1986 -
1895 1943 1935 1998 Β
1967 1959 2068 1998 non
2111 1941 2292 1997 habet.
2320 1941 2453 1997 Cum
2497 1941 2717 2005 dormit,
2757 1945 2976 1998 numino
3002 1943 3203 2000 silebit.
3248 1944 3531 2011 Quomodo

284 2029 502 2096 λέγεται
529 2032 625 2095 τὰς
660 2035 906 2104 συνήθεις
935 2038 1027 2087 καὶ
1058 2038 1315 2105 βιωτικας
1348 2041 1582 2108 ὁμιλίας,
1613 2041 1713 2092 ούκ
1743 2039 1851 2109 ἔχει

294 2123 375 2176 τὸν
413 2121 559 2178 αἶνον
591 2127 684 2178 τοῦ
726 2128 858 2180 Θεοῦ
895 2131 952 2181 ἐν
993 2129 1068 2198 τῷ
1110 2130 1355 2198 στόματι.
1409 2131 1538 2182 Ὅτε
1583 2131 1852 2192 καθεύδει,

285 2219 618 2284 σιωπήσεται
654 2221 888 2285 πάντως.
943 2222 1241 2284 Ἐσθίοντος
1271 2222 1325 2274 δὲ
1352 2223 1443 2274 καὶ
1472 2222 1712 2285 πίνοντος
1742 2223 1857 2286 πῶς

281 2309 567 2383 ἐνεργήσει
599 2311 658 2366 τὸ
689 2312 862 2384 στόμα
905 2311 1001 2384 τὴν
1035 2314 1272 2375 αῖνεσινς
1311 2312 1450 2383 Πρὸς
1487 2311 1550 2382 δὴ
1589 2315 1746 2364 τοῦτο
1775 2312 1862 2365 λέ-’

279 2417 473 2469 γομεν,
515 2405 595 2456 ὅτι
626 2403 738 2456 ἔστι
771 2404 870 2474 μέν
906 2423 956 2456 τι
1004 2405 1096 2458 καὶ
1141 2403 1326 2475 νοητὸν
1370 2403 1541 2474 στόμα
1575 2401 1668 2456 τοῦ
1712 2402 1856 2456 ἔνδον

277 2491 588 2564 ἀνθρώπου,
615 2490 658 2562 ᾦ
685 2497 940 2566 τρέφεται
973 2497 1082 2563 (GI)
1114 2495 1542 2565 μεταλαμϐάνων
1575 2494 1667 2549 τοῦ
1696 2495 1854 2563 λόγου

277 2583 381 2654 τῆς
413 2586 573 2656 ζωῆς,
618 2589 674 2649 ὃς
711 2589 856 2638 ἐστιν
890 2588 1051 2657 ἄρτος
1081 2590 1144 2639 ὲκ
1189 2585 1282 2638 τοῦ
1327 2587 1554 2656 ούρανοῦ
1591 2587 1851 2650 καταϐάς.

279 2677 420 2748 Περὶ
468 2679 674 2732 ἐκείνου
720 2679 813 2732 τοῦ
852 2679 1116 2749 στόματος
1161 2679 1256 2731 καὶ
1295 2694 1323 2730 ο
1362 2679 1652 2748 Προφήτης
1695 2677 1856 2747 φησὶν

275 2771 381 2824 ὅτι·
423 2775 491 2826 Τὸ
521 2775 712 2844 στόμα
732 2792 851 2842 μου
886 2773 1097 2841 ἤνοιξα
1119 2813 1132 2836 ,
1167 2771 1265 2824 καὶ
1302 2771 1562 2824 εἵλκυσα
1601 2769 1852 2838 πνεῦμα.

292 2864 497 2918 Ἐκεῖνο
539 2868 630 2920 καὶ
669 2869 695 2920 ὁ
726 2867 926 2937 Κύριος
971 2864 1318 2935 προκαλεῖται
1359 2865 1504 2934 ἡμᾶς
1546 2862 1854 2934 εὐρύχωρον

277 2954 422 3022 ἔχειν
459 2958 537 3017 εἰς
568 2957 829 3026 ὑποδοχὴν
881 2956 1264 3024 ἀφθονωτέραν
1332 2955 1438 3007 τῶν
1495 2955 1710 3025 τροφῶν
1756 2953 1854 3022 τῆς

275 3045 555 3114 ἀληθείας.
607 3047 922 3100 Πλάτυνον
967 3051 1097 3116 γὰρ,
1149 3047 1302 3116 φησι,
1354 3047 1416 3098 τι)
1467 3047 1660 3113 στόμα
1711 3063 1848 3106 σου,

275 3136 375 3188 καὶ
411 3137 705 3205 πληρώσω
747 3139 911 3193 αὑτό.
946 3139 1173 3191 Δύναται
1215 3134 1306 3191 οῦν
1357 3139 1389 3209 ἡ
1435 3138 1851 3207 ἐντετυπωμένη

275 3227 423 3294 ἅπαξ
449 3231 539 3282 καὶ
562 3231 723 3284 οἱονεὶ
747 3229 855 3299 (62)
879 3230 1292 3301 ἐσφραγισμένη
1319 3229 1395 3300 τῷ
1426 3229 1734 3300 ἡγεμονικῷ
1756 3229 1851 3300 τῆς

273 3319 454 3390 ψυχῆς
487 3323 612 3393 περὶ
645 3323 776 3376 Θεοῦ
820 3324 994 3376 ἔννοια
1044 3325 1247 3386 αῑνεσις
1279 3321 1638 3392 ὀνομάζεσθαι
1682 3322 1846 3381 Θεοῦ,

273 3413 576 3478 διαπαντὸς
603 3417 976 3487 ἐνυπάρχουσα
1023 3420 1087 3486 τῇ
1141 3417 1307 3487 ψυχῇ.
1357 3415 1584 3468 Δύναται
1627 3415 1682 3467 δὲ
1731 3416 1842 3478 καὶ,

275 3505 416 3556 κατὰ
448 3507 544 3576 τὴν
578 3508 934 3578 ἀποστολικὴν
965 3509 1263 3579 ὑποθήκην,
1299 3511 1326 3560 ὁ
1355 3509 1636 3570 σπουδαῖος
1670 3508 1846 3560 πάντα

276 3598 450 3646 ποιεῖν
485 3599 563 3658 εἰς
595 3597 750 3662 δόξαν
776 3597 930 3659 Θεοῦ,
978 3597 1115 3649 ὥστε
1146 3600 1322 3650 πᾶσαν
1365 3598 1578 3668 πρᾶξιν,
1612 3599 1702 3649 καὶ
1739 3599 1843 3650 πᾶν

273 3685 447 3756 ῥῆμα,
474 3689 570 3740 καὶ
597 3690 776 3741 πᾶσαν
806 3689 1088 3760 ἐνέργειαν
1115 3690 1323 3759 νοερὰν,
1348 3690 1602 3750 αἰνέσεως
1631 3689 1846 3757 ἐπέχειν

268 3777 521 3847 δύναμιν.
552 3781 670 3832 Εἴτε
696 3779 802 3852 γὰρ
836 3781 1003 3833 ἐσθίει
1035 3783 1062 3833 ὁ
1083 3781 1310 3845 δίκαιος,
1335 3782 1441 3833 εἴτε
1474 3781 1638 3840 πίνει,
1671 3782 1846 3834 πάντα

269 3872 350 3933 εἰς
385 3871 540 3936 δόξαν
587 3873 719 3925 θεοῦ
767 3877 926 3926 ποιεῖ.
973 3873 1080 3926 Τοῦ
1132 3874 1371 3927 τοιούτου
1417 3874 1765 3938 καθεύδοντος
1809 3876 1840 3945 ἡ

1960 2051 2087 2090 vero
2113 2036 2323 2090 edentis
2354 2045 2444 2088 aut
2485 2035 2718 2090 bibentis
2748 2050 2810 2090 os
2847 2036 3057 2092 laudem
3089 2037 3180 2093 Dei
3210 2039 3529 2110 depromet?

1957 2127 2039 2181 Ad
2075 2128 2175 2180 hoc
2213 2128 2612 2195 respondemus,
2637 2125 2903 2195 quoddam
2942 2127 3105 2181 etiam
3141 2143 3261 2184 esse
3294 2131 3529 2188 hominis

1960 2218 2154 2271 interni
2182 2218 2461 2287 spirituale
2485 2234 2545 2274 ns
2569 2229 2731 2289 atque
2755 2217 3109 2287 intelligibile,
3134 2234 3244 2290 quo
3264 2223 3522 2288 nutritur,

1959 2310 2084 2364 dum
2112 2310 2338 2364 verbum
2362 2313 2486 2365 vitae
2513 2312 2724 2381 recipit,
2759 2313 2849 2383 qui
2878 2324 2961 2368 est
2983 2311 3159 2382 penis,
3180 2313 3272 2384 qui
3296 2315 3363 2370 de
3387 2313 3526 2371 caelo

1959 2404 2235 2459 descendit
2265 2405 2329 2457 ".
2370 2404 2442 2458 De
2484 2403 2572 2459 illo
2601 2419 2695 2460 ore
2725 2406 2886 2460 etiam
2928 2405 3197 2476 PrOpheta
3230 2406 3469 2474 loquitur
3502 2423 3517 2462 :

1958 2496 2030 2552 0s
2061 2513 2230 2552 meum
2255 2497 2435 2566 aperui
2468 2507 2516 2552 et
2551 2498 2749 2551 attraxi
2777 2500 3016 2563 spiritum
3051 2500 3113 2554 η.
3138 2497 3399 2556 Hortatur
3429 2513 3526 2554 nos

1958 2591 2120 2643 ctiam
2155 2588 2434 2655 Dominus,
2473 2597 2531 2642 ιιι
2561 2589 2794 2658 amplum
2825 2604 2886 2642 os
2923 2589 3240 2656 habeamus,
3274 2607 3382 2660 quo
3424 2607 3523 2648 co-

1959 2681 2162 2746 piosius
2214 2681 2542 2750 uberiusque
2580 2680 2834 2736 alimenta
2891 2682 3133 2738 veritatis
3171 2682 3522 2752 accipiamus.

1961 2771 2135 2823 Ditata
2182 2774 2338 2834 enim,
2381 2774 2576 2842 inquit,
2619 2790 2676 2829 os
2715 2766 2884 2837 tuum,
2926 2785 2974 2827 et
3018 2773 3239 2840 implebo
3287 2772 3423 2826 illud
3452 2773 3520 2825 ".

1957 2861 2142 2930 Itaque
2184 2861 2278 2916 Dei
2324 2865 2584 2933 cogitatio
2629 2864 2792 2918 semel
2835 2865 3130 2934 impressa,
3178 2873 3232 2920 et
3263 2865 3414 2933 quasi
3460 2865 3516 2920 iu

1957 2957 2223 3026 praecipua
2248 2957 2441 3011 animm
2469 2967 2620 3026 parte
2644 2957 2947 3026 obsignata,
2981 2958 3099 3013 laus
3133 2959 3223 3014 Dei
3258 2959 3517 3029 appellari

1957 3059 2154 3116 potest,
2199 3062 2413 3118 semper
2449 3047 2499 3102 in
2527 3047 2706 3101 anima
2737 3048 2998 3102 insidens.
3027 3046 3214 3102 Potest
3239 3059 3419 3102 autem
3473 3058 3529 3104 et

1952 3138 2102 3203 juxta
2135 3139 2487 3207 aposwlicam
2527 3136 2948 3192 admonitionem
2998 3137 3078 3189 vir
3105 3138 3306 3206 probus
3337 3139 3518 3194 omnia

1956 3246 2114 3300 agere
2144 3232 2210 3284 ad
2242 3231 2331 3284 Del
2361 3231 2618 3299 gloriam,
2649 3231 2718 3284 ita
2756 3239 2814 3283 ut
2843 3229 2985 3285 actio
3016 3231 3213 3298 omnis,
3251 3247 3523 3303 omneque

1961 3324 2206 3386 verbum,
2265 3331 2320 3375 et
2361 3321 2658 3391 spiritualis
2706 3320 2882 3376 omnis
2921 3322 3160 3391 operatio
3194 3322 3300 3376 vim
3348 3322 3526 3380 laudis

1955 3413 2216 3469 nhtiueat.
2250 3413 2376 3468 Sive
2413 3413 2556 3466 enim
2600 3412 2711 3466 edit
2735 3412 2952 3478 justus,
2983 3411 3098 3466 sive
3138 3412 3312 3480 bibit,
3335 3415 3522 3471 omnia

1955 3503 2006 3558 in
2049 3504 2142 3558 Dei
2183 3503 2406 3572 gloriam
2455 3502 2586 3557 facit
2609 3505 2676 3557 ¹¹.
2717 3503 2789 3557 Eo
2833 3504 3155 3568 dormiente,
3198 3519 3293 3560 cor
3334 3506 3522 3577 vigilat

1949 3597 2101 3664 jurta
2131 3610 2251 3649 eum
2273 3635 2288 3659 ,
2337 3596 2428 3664 qui
2460 3595 2510 3649 in
2560 3594 2784 3650 Cantico
2823 3596 3159 3651 canticorum
3195 3597 3326 3654 dicit
3355 3615 3370 3651 :
3405 3597 3517 3669 Ego

1953 3688 2176 3752 dormio,
2193 3696 2240 3740 et
2264 3705 2354 3740 cor
2381 3704 2550 3740 meum
2575 3689 2751 3757 vigilat
2770 3690 2835 3741 ".
2860 3688 3069 3743 Etenim
3091 3688 3217 3744 visae
3239 3689 3288 3743 in
3313 3688 3518 3744 somnis

1953 3777 2161 3845 species
2193 3787 2317 3831 sunt
2343 3791 2446 3831 non
2477 3792 2600 3832 raro
2633 3777 2942 3832 diurnnruut
2975 3778 3358 3849 cogitationum
3388 3778 3519 3833 ima-

1950 3883 2120 3939 gines.

268 3961 463 4031 καρδία
531 3964 851 4034 ἐγρήγορεν,
889 3963 1028 4016 κατὰ
1063 3964 1153 4016 τὸν
1191 3965 1411 4017 εἰπόντα
1447 3967 1502 4017 ὲν
1536 3964 1612 4033 τῷ
1656 3963 1890 4033 ’ᾼσματι
1931 3959 2036 4013 τῶν
2066 3958 2328 4030 ᾀσμάτων
2351 3976 2362 3988 ·
2413 3958 2561 4028 Ἐγὼ
2593 3959 2879 4021 καθεύδω,
2927 3958 3024 4011 καὶ
3069 3959 3108 4027 ή
3155 3959 3370 4026 καρδία
3395 3976 3517 4029 μου

268 4053 558 4122 γρηγορεῖ.
613 4055 698 4116 Ὠς
738 4055 844 4126 γὰρ
883 4057 975 4108 ἐπὶ
1005 4055 1138 4108 πολὺ
1171 4057 1238 4108 τὰ
1284 4055 1403 4108 καθ’
1451 4055 1615 4108 ῦπνον
1655 4058 2009 4124 φαντάσματα
2049 4052 2148 4122 τῆς
2200 4050 2568 4121 μεθημερινῆς
2612 4049 2819 4112 ἑννοίας
2859 4050 3004 4102 ἐστὶν
3042 4051 3402 4122 ἁπηχήματα.

338 4146 391 4197 2.
435 4147 535 4196 Ἐν
572 4145 647 4208 τῷ
686 4148 878 4213 Κυρίῳ
911 4147 1368 4213 ἐπαινεθήσεται
1416 4148 1452 4212 ὴ
1502 4147 1669 4215 ψυχή
1700 4165 1838 4214 μου.

265 4236 492 4308 Μηδεὶς,
529 4237 691 4307 φησὶ,
718 4238 816 4308 τὴν
843 4239 980 4309 ἐμὴν
1023 4239 1288 4299 ἐπίνοιαν,
1319 4237 1440 4290 καθ’
1483 4238 1549 4307 ἣν
1582 4237 1842 4306 διεσώθην

264 4332 329 4383 ἐκ
367 4330 475 4382 τῶν
508 4330 786 4394 κινδύνων,
824 4331 1133 4384 ἐπαινείτω.
1172 4332 1244 4383 Οὐ
1274 4329 1381 4400 γὰρ
1413 4331 1468 4382 ἐν
1494 4329 1720 4399 δυνάμει
1750 4330 1842 4380 ἁν-

265 4422 509 4495 θρώπου,
547 4423 665 4475 οὐδὲ
695 4425 750 4475 ὲν
786 4421 897 4493 (65)
944 4423 1125 4493 σοφίᾳ,
1169 4422 1281 4475 ἀλλ’
1316 4426 1372 4474 ἐν
1416 4424 1482 4492 τῇ
1529 4423 1709 4492 χάριτι
1747 4422 1839 4473 τοῦ

259 4515 396 4569 Θεοῦ
416 4517 561 4567 ἐστιν
583 4519 615 4585 ἡ
638 4517 900 4586 σωτηρία.
924 4515 1019 4582 Μὴ
1042 4515 1380 4582 καυχάσθω,
1397 4514 1579 4582 φησὶν,
1603 4517 1635 4567 ό
1656 4514 1840 4566 πλού-

258 4625 394 4672 σιος
425 4609 495 4660 ἐν
542 4606 620 4672 τῷ
655 4609 894 4673 πλούτῳ
925 4608 1130 4669 αὐτοῦ,
1167 4607 1321 4675 μήτε
1364 4611 1395 4660 0'
1429 4606 1619 4674 cogor;
1661 4606 1729 4659 ἐν
1762 4605 1836 4673 τῇ

257 4705 445 4770 σοφίᾳ
479 4701 684 4761 αὑτοῦ,
711 4698 863 4768 μήτε
887 4703 917 4752 ό
944 4700 1192 4767 ἰσχυρὸς
1225 4700 1292 4752 ἐν
1321 4698 1394 4766 τῇ
1431 4699 1598 4766 ισχύῖ
1623 4697 1828 4750 αὑτοῦ·

255 4793 393 4848 ἀλλ’
425 4795 461 4859 ἢ
491 4793 560 4845 ἐν
590 4795 776 4856 τούτῳ
803 4791 1127 4861 καυχάσθω
1157 4795 1188 4844 ό
1218 4790 1618 4860 καυχώμενος,
1653 4791 1720 4841 ἐν
1755 4788 1833 4852 τῷ

253 4889 494 4943 συνιεῐν
534 4891 629 4942 καὶ
671 4887 987 4956 γινώσκειν
1027 4888 1245 4953 Κύριον
1297 4887 1403 4936 τὸν
1436 4883 1581 4936 Θεζν
1624 4883 1830 4936 αὐτοῦ.

268 4979 431 5048 Ὁρᾷς
459 4979 547 5030 τὸν
585 4977 900 5029 Ἀπόστολον
929 4975 1044 5038 πῶς
1071 4977 1196 5037 τοῦς
1222 4975 1516 5044 συνεργοὺς
1541 4971 1632 5023 τοῦ
1660 4972 1832 5037 Εὐαγ-

251 5070 434 5140 γελίου
466 5071 710 5131 ἐπαινεῖ;
750 5071 855 5133 ”Ος
884 5069 1011 5120 ἐστι
1052 5066 1396 5130 σύνδουλος
1427 5064 1522 5116 καὶ
1553 5062 1829 5125 διάκονος

249 5161 420 5234 ὑμῶν
455 5162 564 5229 (64)
596 5162 664 5213 ὲν
698 5161 908 5227 Κυρίῳ.
961 5159 1085 5211 Ἐὰν
1127 5159 1306 5229 μέντοι
1339 5175 1419 5220 τις
1459 5157 1550 5209 ἐπὶ
1581 5155 1830 5224 σώματος

322 5324 365 5354 ¹⁶
393 5323 560 5378 ICnr.
588 5338 658 5385 tv,
688 5321 776 5384 I2,
817 5322 906 5374 13.
987 5324 1027 5353 ¹⁷
1054 5321 1213 5375 IIt-br.
1244 5337 1339 5386 χιι,
1372 5319 1422 5373 6.

249 5411 305 5460 Σ,
338 5396 427 5449 5|.
503 5396 547 5424 "
587 5394 740 5447 Catil.
775 5409 824 5453 ν,
852 5393 905 5446 2.
975 5394 1019 5422 ’³
1058 5392 1253 5445 τίει-ριν.
1291 5409 1362 5453 Ix,
1393 5390 1484 5452 25,
1508 5389 1596 5441 24.

320 5533 432 5603 (60)
456 5533 605 5587 Multi
640 5549 765 5587 mss.
797 5531 1083 5602 ἀνθρώπου
1111 5532 1225 5585 sine
1262 5529 1506 5584 articulo.
1553 5527 1696 5581 Editi
1730 5526 1821 5578 τοῦ

244 5604 553 5678 ἀνθρώπου.
881 5673 900 5678 _
1015 5671 1025 5678 ,

319 5668 430 5746 (ὀί)
454 5673 698 5727 Nonnulli
730 5688 857 5727 mss.
878 5673 905 5724 ὃ
934 5671 1213 5742 τρέφεται.
1241 5670 1341 5722 Alii
1371 5686 1499 5725 mss.
1521 5684 1642 5722 cum
1664 5668 1824 5722 editis

249 5740 290 5786 ᾗ
319 5740 573 5786 Emineant

262 5763 267 5765 ·
319 5765 349 5797 τ
394 5763 434 5786 εν
564 5763 600 5798 ι.

242 5765 290 5816 ῳ
321 5763 705 5898 (ἕξῆρῇῖῇιηιιιιί
741 5830 869 5898 ιηεεῖ
905 5814 1089 5865 οἱονεί.
1129 5812 1267 5865 Editi
1297 5807 1430 5863 οἷον.
1455 5808 1656 5865 Ibidem
1686 5809 1821 5879 Reg.

248 5884 435 5947 tertius
463 5884 961 5954 ὲνεσφραγισμένη.

526 5979 797 6038 Ριιτιιοι..
838 5981 954 6038 Gn.
997 5972 1235 6038 XXIX.

1504 5319 1544 5351 ’⁸
1567 5317 1720 5372 .Iuatt.
1756 5330 1827 5372 v1.
1857 5313 1940 5367 55.

1677 5384 1959 5439 "Coloss.
2012 5398 2085 5447 tv,
2139 5385 2190 5438 Ἰ.

2017 4146 2072 4195 2.
2114 4141 2278 4196 Vens.
2319 4143 2372 4196 5.
2430 4141 2496 4194 In
2547 4141 2766 4196 Domino
2813 4144 3114 4196 laudabitur
3153 4145 3330 4198 anima
3377 4161 3511 4200 mea.

1948 4235 2154 4298 Nullus,
2201 4233 2393 4302 inquit,
2431 4249 2603 4299 meam
2632 4237 2974 4300 industriam,
3001 4251 3096 4306 per
3122 4250 3281 4304 quam
3305 4250 3335 4289 e
3364 4238 3511 4306 peri-

1947 4327 2082 4382 culis
2108 4326 2390 4381 incolumis
2411 4327 2593 4390 evasi,
2627 4326 2829 4380 laudet.
2857 4325 3042 4394 Neque
3071 4326 3215 4381 enim
3243 4327 3296 4381 in
3323 4336 3512 4397 poten-

1949 4421 2020 4471 tia
2061 4417 2314 4488 hominis,
2359 4431 2534 4484 neque
2573 4417 2624 4469 In
2661 4417 2954 4484 sapientia.
2992 4419 3085 4473 sed
3122 4418 3173 4472 in
3213 4419 3304 4474 Dei
3338 4421 3511 4489 gratia

1945 4508 2090 4562 salus
2108 4518 2208 4563 est.
2239 4507 2364 4561 'Non
2390 4508 2668 4577 glorietur,
2697 4510 2890 4578 inquit,
2916 4510 3056 4565 dives
3080 4511 3135 4564 in
3157 4511 3354 4565 diuitiis
3378 4513 3510 4580 suis,

1945 4617 2106 4669 neque
2136 4599 2342 4666 sapiens
2371 4602 2421 4651 in
2449 4599 2708 4666 sapientia
2742 4616 2860 4664 sua,
2897 4615 3060 4670 neque
3088 4599 3243 4666 fortis
3268 4601 3322 4656 in
3349 4601 3511 4668 forti-

1942 4693 2125 4745 tudine
2155 4708 2252 4745 sua
2291 4707 2308 4745 :
2341 4693 2432 4744 sed
2455 4691 2509 4744 in
2539 4690 2635 4743 hoc
2664 4690 2918 4759 glorietur
2938 4691 3030 4758 qui
3055 4693 3343 4760 gloriatur,
3372 4694 3512 4760 quod

1943 4785 2184 4852 intelligit
2212 4793 2261 4837 et
2283 4786 2543 4853 cognoscit
2575 4783 2858 4836 Dominum
2889 4782 3052 4836 Deum
3075 4801 3229 4838 suum
3252 4785 3321 4840 ⁸⁸.
3349 4784 3511 4842 Vides

1941 4877 2207 4944 quomodo
2265 4875 2557 4944 Apostolus
2607 4877 2882 4943 adjutores
2943 4874 3220 4942 Evangelii
3276 4876 3508 4932 laudet?

1941 4966 2044 5031 Qui
2070 4977 2141 5019 est
2173 4983 2448 5020 conservus
2473 4978 2518 5019 et
2547 4968 2781 5019 minister
2802 4976 2972 5020 vester
2994 4969 3048 5021 in
3081 4967 3307 5022 Domino
3340 4969 3410 5024 “.
3447 4972 3506 5024 Si

1938 5061 2059 5127 quis
2097 5069 2274 5113 autem
2309 5059 2378 5113 ob
2414 5061 2656 5128 corporis
2695 5061 3036 5128 elegantiam,
3073 5069 3166 5115 aut
3216 5072 3502 5131 parentum

1937 5151 2315 5205 claritudinem
2370 5150 2640 5216 laudatur,
2704 5167 2809 5205 non
2866 5153 2918 5205 in
2972 5153 3199 5208 Doruino
3252 5152 3505 5207 laudatur

3268 5309 3310 5340 ¹¹
3335 5306 3354 5361 Ι
3375 5305 3506 5364 Cor.

2021 5313 2061 5343 τ’
2090 5311 2230 5364 Psal.
2263 5326 2449 5375 cxvttt,
2482 5311 2602 5364 l3l.
2679 5309 2726 5341 ¹⁶
2743 5307 2888 5363 Psal.
2921 5323 3078 5371 uxx,
3106 5308 3192 5362 Η.

2006 5525 2115 5594 (65)
2153 5524 2329 5578 Editio
2377 5523 2557 5578 Paris.
2600 5522 2633 5594 ἢ
2681 5524 2760 5576 ἐν.
2803 5521 2875 5576 At
2921 5520 3158 5592 quinque
3211 5533 3342 5574 mss.
3385 5516 3510 5574 om

1936 5597 2116 5736 ἐνὶιιι)
2149 5665 2322 5718 Editio
2349 5663 2526 5736 Paris.
2547 5679 2667 5719 cum
2697 5661 2846 5719 CoIb.
2873 5672 3027 5719 sexto
3053 5661 3300 5736 διάκονος
3324 5658 3507 5732 ἡμῶν,

1936 5745 1990 5788 et
2016 5733 2091 5789 ita
2113 5736 2313 5805 legerat
2344 5735 2631 5804 interpres,
2664 5736 2901 5788 minister
2936 5743 3140 5787 noster.
3165 5733 3342 5789 Editio
3377 5746 3506 5786 vero

1934 5805 2098 5862 Basil.
2131 5817 2183 5862 et
2210 5815 2333 5862 octo
2354 5820 2486 5860 mss.
2506 5805 2749 5868 διάκονος
2778 5805 2952 5878 ὑμῶν,
2983 5813 3150 5860 recte.

3089 5963 3170 6026 12
