4260 6500
794 414 900 465 555

2108 404 2163 460 S.
2207 403 2289 459 BA
2298 401 2447 458 SlLll
2491 401 2703 457 MAGNI

3901 396 4007 448 356

784 526 960 576 anima
996 523 1161 588 ipsius
1198 537 1215 574 :
1250 521 1343 573 sed
1378 519 1619 587 quisquis
1669 516 1792 569 talis
1841 527 1942 578 est,
2000 519 2050 569 in
2103 519 2337 568 vanitate
2366 525 2409 577 Α
2440 532 2466 564 κ

2323 532 2337 567 ι
2366 525 2409 577 Α
2440 514 2642 571 κάλλει,
2680 521 2713 580 η
2741 514 2938 579 γονέων
2966 512 3291 581 περιφανείᾳ
3316 511 3638 568 ἐπαινεῖται,
3667 512 3768 563 οὐκ
3801 512 3858 563 ὲν
3892 510 4005 561 Κυ-

776 610 1142 667 constituitur.
1174 609 1355 673 Neque
1388 608 1533 658 enim
1573 605 1761 657 media:
1795 614 1938 657 artes
1966 605 2172 655 laudem
2210 618 2334 656 vere

772 706 1082 752 merentur:
1117 696 1538 762 gubernatores,
1581 693 1799 757 medici,
1836 703 2079 747 oratores
2111 699 2203 743 aut
2247 707 2333 745 ar-

770 784 1010 849 chitecti,
1040 785 1129 851 qui
1160 785 1342 845 urbes,
1378 793 1469 835 aut
1498 784 1826 853 pyramides,
1858 794 1949 836 aut
1969 780 2329 852 labyrinthus.

774 883 867 927 aut
898 874 1057 927 aliam
1089 875 1376 940 quamdam
1414 883 1783 943 sumptuosam
1809 888 1870 926 ac
1889 875 2172 941 superbam
2204 876 2333 927 aedi—

772 965 1011 1018 liciorutn
1043 966 1237 1018 molem
1269 974 1579 1039 exstruunt.
1610 964 1690 1019 Ob
1722 965 1837 1017 haec
1882 965 1971 1030 qui
2022 964 2330 1031 laudantur,

770 1072 873 1110 non
905 1056 958 1111 in
987 1056 1212 1113 Domino
1237 1072 1388 1109 suam
1428 1058 1626 1111 habent
1654 1057 1913 1109 animam.
1946 1055 2091 1109 Satis
2118 1067 2202 1110 est
2232 1074 2331 1111 uo-

770 1148 854 1201 bis
883 1148 949 1201 ad
984 1162 1197 1201 omnem
1222 1146 1564 1217 dignitatem,
1600 1146 1735 1199 tanti
1768 1144 1979 1199 Domini
2021 1162 2206 1201 servos
2238 1165 2333 1201 no-

769 1242 982 1297 tninari.
1009 1238 1256 1309 Nunquid
1288 1240 1429 1294 enim
1456 1238 1547 1308 qui
1595 1239 1705 1309 regi
1740 1238 1896 1310 155
1925 1236 2235 1305 famulatur,
2277 1254 2335 1294 se

768 1335 888 1387 ideo
914 1334 1141 1400 iactabit
1169 1334 1307 1401 quod
1347 1332 1399 1384 in
1446 1331 1546 1386 hoc
1574 1341 1665 1385 aut
1700 1333 1749 1387 in
1790 1334 1880 1386 illo
1917 1333 2203 1387 ministerii
2237 1350 2333 1387 or-

772 1425 896 1478 dine
918 1426 1217 1480 collocatus
1238 1434 1359 1478 est:
1392 1424 1482 1493 qui
1512 1439 1642 1479 vero
1670 1426 1861 1494 dignus
1890 1423 2105 1480 habitus
2132 1435 2214 1480 est
2243 1429 2333 1496 qui

766 1515 877 1572 Deo
906 1516 1141 1579 serviat,
1176 1514 1392 1568 aliunde
1437 1514 1622 1567 laudes
1654 1514 1753 1566 sibi
1788 1514 2143 1583 echgitabit,
2175 1517 2329 1583 quasi

770 1611 835 1661 ad
866 1623 1081 1663 omnem
1110 1607 1294 1677 gloriae
1320 1607 1727 1676 splendorisque
1746 1607 2018 1661 cumulum
2048 1607 2335 1676 appellatio

769 1703 978 1758 Domini
1013 1702 1114 1757 sibi
1147 1716 1249 1755 non
1280 1698 1545 1755 sulliciat’!
1576 1695 1645 1752 In
1680 1697 1904 1751 Domino
1944 1699 2107 1768 igitur
2140 1699 2331 1752 lauda-

768 1796 907 1846 bitur
959 1793 1140 1845 anima
1193 1808 1327 1843 mea.
1377 1789 1612 1842 Audiant
1652 1788 1933 1850 mansueti,
1968 1800 2013 1841 et
2065 1789 2327 1842 testentur.

2440 601 2537 670 ρίῳ
2565 604 2867 653 ἐπαινεῖται
2894 600 3056 654 αὑτοῦ
3084 603 3116 671 ἡ
3141 600 3315 670 ψυχὴ,
3353 602 3463 653 ἀλλ’
3492 602 3547 653 ὲν
3585 601 3651 669 τῇ
3683 602 4004 671 ματαιότητι

2435 692 2549 742 ἐστι
2586 690 2697 742 τῶν
2728 692 2979 745 τοιούτων
3011 692 3257 755 ἕκαστος.
3306 692 3439 744 Ούδὲ
3480 692 3587 762 γὰρ
3632 690 3686 743 αἱ
3722 691 3882 759 μέσαι
3918 693 4002 744 τέ-

2435 798 2556 850 χναι
2585 780 2696 849 (65)
2725 782 2784 833 τὸ
2813 781 3079 851 ἀληθινῶς
3111 782 3390 835 ἐπαινετὸν
3425 785 3624 854 ἔχουσι.
3653 784 3999 856 κυϐερνῆται,

2438 873 2628 941 ἰατροὶ,
2651 875 2894 945 ῥήτορες,
2915 876 2947 944 ἢ
2969 875 3345 947 ἀρχιτέκτονες
3384 877 3565 941 πόλεις
3592 878 4001 949 οἰκοδομοῦντες

2435 963 2467 1032 ἢ
2503 965 2889 1036 πυραμίδας.ἢ
2921 967 3295 1040 λαϐυρίνθους,
3317 970 3350 1037 ἢ
3387 968 3550 1031 ἄλλας
3584 972 3734 1035 τινὰς
3762 973 3999 1040 δαπανη-

2436 1054 2534 1123 ρὰς
2575 1054 2607 1124 ἢ
2656 1055 2989 1126 ὑπερόγκους
3036 1058 3480 1129 οἰκοδομημάτων
3529 1062 3899 1125 κατασκευάς.
3938 1062 4000 1111 Ol

2435 1146 2525 1196 ἐπὶ
2552 1144 2760 1209 τούτοις
2798 1147 3197 1217 ἐπαινούμενοι,
3231 1151 3329 1202 οὐκ
3362 1150 3417 1200 ἐν
3455 1149 3642 1219 Κυρίῳ
3681 1152 3790 1223 (66)
3818 1154 4001 1223 ἔχουσι

2431 1237 2529 1306 τὴν
2559 1238 2765 1291 ἑαυτῶν
2797 1238 2994 1309 ψυχήν.
3038 1240 3222 1309 Ἀρκεί
3251 1244 3381 1312 ἡμῖν
3428 1241 3565 1310 πρὸς
3612 1242 3756 1295 ἅπαν
3788 1246 4002 1316 ἀξίωμα

2434 1330 2493 1379 τὸ
2539 1328 2855 1399 τηλικούτου
2901 1330 3171 1382 Δεσπότου
3205 1331 3420 1394 δούλους
3453 1332 3598 1401 ἡμᾶς
3623 1333 3999 1401 ὀνομάζεσθαι.

2434 1421 2505 1472 Οὐ
2533 1420 2701 1491 δήπου
2730 1423 2837 1494 γὰρ
2869 1422 3075 1493 βασιλεῖ
3117 1423 3214 1493 μέν
3249 1441 3330 1485 τις
3361 1423 3646 1495 ὑπηρετῶν
3684 1424 3823 1493 μέγα
3870 1446 4002 1498 cppe—

2434 1517 2605 1586 νήσει,
2642 1517 2727 1569 διὰ
2762 1519 2822 1569 τὸ
2875 1520 2930 1570 ἐν
2977 1519 3100 1589 τῇδε
3143 1521 3207 1588 τῇ
3252 1518 3402 1583 τάξει
3436 1520 3533 1586 τῆς
3572 1520 3874 1588 ὑπηρεσίας
3913 1539 4002 1573 τε·

2433 1607 2659 1678 τάχθαι·
2695 1608 2813 1678 Θεῴ
2856 1609 2912 1661 δὲ
2958 1610 3311 1676 καταξιωθεὶς
3357 1609 3657 1680 λατρεύειν,
3710 1609 4003 1678 ἀλλαχόθεν

2433 1703 2556 1763 τοὺς
2603 1701 2855 1763 ἐπαίνους
2888 1703 3063 1771 ἐαυτῴ
3098 1704 3438 1774 περινοήσει,
3487 1703 3561 1765 ὡς
3594 1704 3692 1755 ούκ
3728 1704 4006 1773 ἀρκούσης

2435 1791 2583 1861 αὐτῷ
2611 1792 2708 1863 τῆς
2736 1793 3073 1863 ἐπικλήσεως
3102 1794 3193 1846 τοῦ
3230 1795 3431 1865 Κυρίου
3463 1795 3597 1867 πρὸς
3631 1797 3807 1849 πᾶσαν
3850 1796 4007 1866 δόξης

766 1884 1205 1953 Quandoquidem
1245 1881 1362 1936 sine
1402 1882 1618 1950 praelio,
1664 1880 1853 1947 inquit,
1906 1895 1969 1933 ex
2015 1879 2125 1933 sola
2178 1878 2331 1935 faciei
2370 1869 2448 1937 Ba

2326 1881 2331 1935 i
2370 1869 2408 1922 Β
2435 1886 2526 1938 καὶ
2552 1885 2902 1955 περιφανείας
2934 1885 3263 1957 ὑπερϐολήνς
3300 1888 3401 1943 Ἐν
3424 1889 3503 1953 τῷ
3528 1890 3718 1957 Κυρίῳ
3738 1885 3829 1942 οὖν
3850 1889 4008 1941 ἐπαι-

766 1976 1141 2031 immutatione
1194 1974 1429 2029 inimicis
1476 1988 1567 2042 per
1614 1971 1705 2024 Dei
1756 1972 2015 2025 auxilium
2058 1972 2331 2042 deceptis,

769 2068 897 2126 mihi
928 2077 1077 2140 parta
1108 2070 1253 2123 salus
1277 2077 1359 2121 est
1385 2084 1397 2118 :
1431 2066 1659 2117 Audiaut
1691 2066 1973 2130 mansueti,
2027 2064 2142 2120 ﬁeri
2173 2082 2331 2135 posse

769 2174 824 2216 ut
854 2172 903 2217 et
932 2162 1268 2233 quiescentes
1308 2158 1518 2228 erigant
1553 2166 1833 2226 tropaeum,
1876 2168 1931 2211 et
1976 2158 2197 2212 minime
2234 2174 2333 2226 pu-

771 2264 1019 2325 gnantes,
1048 2255 1281 2307 victores
1304 2251 1681 2306 declarentur:
1712 2250 1778 2303 Et
1803 2252 2063 2312 (tutentur,
2099 2250 2161 2301 ad
2192 2264 2333 2302 man-

767 2345 1102 2399 suetudinem
1132 2343 1559 2408 amplectendam
1592 2357 1709 2393 tnco
1734 2338 1979 2405 exemplo
2004 2338 2329 2390 continuati.

769 2439 883 2491 Hoc
909 2436 1052 2490 enim
1084 2434 1263 2502 accepi
1302 2433 1539 2485 muneris
1569 2448 1597 2482 a
1633 2432 1757 2488 Deo.
1786 2429 1929 2495 quod
1961 2430 2331 2483 mansuetudi-

770 2544 892 2583 nem
949 2525 1181 2596 implevi.
1234 2522 1514 2585 Memento,
1569 2520 2025 2583 Domine,David,
2066 2529 2113 2572 et
2161 2520 2330 2572 omnis

767 2619 1184 2674 mansuetudinis
1208 2618 1322 2687 ejus
1346 2616 1414 2672 ".
1448 2614 1675 2670 Maxima
1700 2614 1842 2667 enim
1873 2614 2150 2679 virtutum,
2182 2628 2334 2665 man-

769 2714 997 2766 suetudo
1032 2723 1132 2775 est,
1162 2720 1491 2780 quapropter
1523 2718 1575 2761 et
1603 2707 1742 2760 inter
1773 2706 2130 2760 beatitudines
2162 2705 2334 2758 adnu-

768 2812 1024 2854 meratur.
1052 2800 1199 2852 Beati
1229 2801 1388 2860 enim,
1420 2796 2059 2867 iuquit.mites,quoniant
2090 2795 2189 2862 ipsi
2213 2811 2332 2861 pass

764 2890 1003 2944 sidebant
1040 2902 1233 2942 terram
1261 2889 1328 2941 “.
1365 2888 1495 2940 Nam
1542 2900 1679 2939 terra
1720 2886 1839 2947 illa,
1887 2886 2126 2937 cmlestis
2173 2883 2328 2936 Jeru-

765 2981 954 3045 salem,
988 2981 1214 3050 spolium
1268 2993 1371 3031 non
1405 2986 1484 3031 est
1518 2974 1866 3045 pugnantium
1901 2988 1915 3025 :
1950 2973 2041 3027 sed
2087 2972 2297 3039 mquani

766 3091 975 3129 morum
1012 3089 1075 3127 ac
1105 3084 1505 3127 mansuetorum
1538 3073 1779 3126 virorum
1812 3067 2097 3122 hmrcditas
2129 3081 2329 3137 propo-

768 3168 933 3222 nitur.
965 3167 1106 3221 ldem
1140 3178 1319 3219 autem
1348 3165 1488 3218 Valet
1516 3164 1637 3227 hoc,
1674 3161 1902 3214 Audiant
1942 3160 2224 3221 mansueti,
2253 3167 2333 3209 at-

765 3277 872 3331 que
899 3261 1048 3323 illud,
1075 3261 1303 3312 Audiam
1333 3256 1526 3311 Christi
1555 3255 1821 3322 discipuli.
1850 3252 2120 3308 Fortassis
2150 3262 2328 3303 autem

770 3355 1079 3423 pmphetice
1125 3353 1236 3404 vult
1289 3349 1601 3403 miraculum
1650 3347 1892 3401 beneﬁcii
1935 3360 1963 3395 a
2014 3344 2121 3396 Deo
2172 3344 2226 3395 in
2270 3356 2330 3395 se

766 3446 946 3499 collati
992 3444 1058 3497 ad
1086 3456 1182 3495 nos
1217 3456 1386 3510 usque
1421 3438 1721 3508 pervenire.
1761 3437 1997 3490 Audiaut
2042 3435 2186 3487 enim
2237 3434 2325 3500 qni

766 3536 951 3592 multis
998 3544 1118 3605 post
1178 3532 1620 3603 generationibus
1679 3528 1843 3583 futuri
1899 3538 2024 3583 sunt
2076 3528 2324 3597 discipuli

766 3630 988 3684 Christi.
1025 3626 1302 3696 Siquidem
1352 3628 1449 3681 hos
1494 3624 1791 3678 nominavit
1842 3631 2173 3684 mansuetos,
2218 3620 2341 3690 qui-

768 3722 864 3775 bus
913 3720 1171 3775 Dominus
1213 3720 1287 3771 ait
1330 3736 1343 3770 :
1399 3717 1590 3770 Discite
1619 3734 1648 3768 a
1694 3732 1773 3768 me
1806 3716 1934 3782 quia
1969 3714 2110 3766 mitis
2142 3729 2257 3765 sum
2290 3720 2338 3764 et

767 3814 977 3867 humilis
1006 3814 1160 3865 corde
1192 3812 1257 3865 ".
1300 3810 1398 3875 Qui
1432 3808 1573 3862 enim
1631 3805 1834 3859 sedatis
1879 3813 2003 3859 sunt
2068 3802 2339 3867 moribus,

769 3918 821 3960 et
856 3906 923 3960 ab
956 3904 1098 3957 omni
1138 3902 1497 3957 commotione
1541 3898 1719 3962 liberi,
1755 3901 1890 3950 adeo
1924 3904 1981 3948 ut
2032 3895 2173 3947 nulla
2206 3894 2336 3947 insit

771 3999 824 4051 in
860 4014 1045 4053 eorum
1078 3996 1273 4050 animis
1309 3992 1663 4064 perturbatio,
1693 3991 1729 4044 ii
1759 3988 2023 4043 mansueti
2053 3986 2330 4055 appellan—

768 4098 876 4144 tur.
909 4090 1246 4159 Quapropter
1275 4090 1435 4142 etiam
1478 4084 1684 4153 Moyses
1729 4096 1889 4151 supra
1925 4095 2115 4134 oumes
2156 4077 2331 4133 homi-

772 4197 867 4237 nes
907 4192 1064 4235 terrm
1095 4190 1407 4234 mansuetus
1436 4178 1602 4231 fuisse
1626 4176 1938 4246 perhibetur
1965 4174 2030 4227 ³⁸.

2436 1977 2751 2043 νεθήσεται
2786 1977 2822 2043 ἡ
2870 1978 3038 2045 ψυχή
3086 1996 3223 2046 μου.
3282 1979 3732 2034 Ἀκουσὰτωσαν
3775 1981 4005 2048 πραεῖς,

2444 2071 2541 2125 καὶ
2574 2069 3097 2139 εὺφρανθήτωσαν.
3158 2071 3373 2140 Ἐπειδὴ
3407 2074 3532 2125 ἄνευ
3566 2073 3819 2143 πολέμου,
3851 2073 4006 2140 φησι,

2444 2163 2776 2233 κατωρθώθη
2822 2181 2909 2233 μοι
2939 2162 3046 2234 (67)
3084 2166 3116 2234 ἡ
3154 2164 3394 2232 σωτηρία
3437 2166 3498 2216 ἐκ
3530 2166 3694 2237 μόνης
3734 2166 3832 2234 τῆς
3868 2164 4008 2216 κατὰ

2438 2254 2729 2323 πρόσωπον
2765 2254 3118 2318 ἀλλοιώσεως,
3153 2255 3241 2307 διὰ
3280 2254 3377 2325 τῆς
3410 2255 3502 2307 τοῦ
3533 2255 3666 2308 Θεοῦ
3709 2254 4005 2323 συνεργίας

2435 2342 2823 2413 ἀπατηθέντων
2847 2344 2954 2395 τῶν
2978 2344 3268 2412 πολεμίων·
3307 2344 3755 2397 Ἀκουσὰτωσαν
3777 2343 4006 2410 πραεῖς,

2434 2436 2515 2488 ὅτι
2541 2433 2765 2487 δυνατὸν
2805 2437 2895 2487 κα)⁸
2940 2435 3308 2505 ἡσυχάζοντας
3354 2438 3563 2508 ἐγεῖραι
3602 2437 3883 2507 τρόπαιον,
3916 2437 4008 2489 καὶ

2439 2529 2513 2597 μὴ
2549 2526 2887 2597 μαχομένους
2928 2526 3152 2596 νικητάς
3181 2528 3555 2598 ἀποφανθῆναι
3576 2544 3588 2555 ·
3621 2525 3725 2579 Καὶ
3751 2529 4009 2594 εὐφραν-

2436 2616 2731 2683 θήτωσαν,
2778 2616 3151 2686 βεϐαιούμενοι
3183 2619 3261 2679 είς
3305 2617 3401 2686 τὴν
3453 2616 3730 2686 πραότητα
3760 2615 3838 2685 τῷ
3888 2615 4007 2667 κατ’

2436 2707 2535 2777 ἐμὲ
2588 2708 2962 2778 ὑποδείγματι.
3012 2706 3242 2759 Ἔλαϐον
3288 2705 3395 2777 γάρ
3442 2706 3647 2774 ταύτην
3697 2707 3795 2777 τὴν
3847 2707 4010 2778 χάριν

2437 2799 2588 2869 παρὰ
2614 2799 2747 2851 Θεοῦ
2772 2841 2785 2865 ,
2818 2798 3005 2870 ἐπειδὴ
3040 2797 3374 2871 κατώρθωσα
3398 2797 3497 2865 τὴν
3526 2798 3828 2867 πραότητα.
3854 2796 4012 2862 Μνή-

2435 2893 2628 2956 σθητι,
2655 2895 2848 2958 Κύριε,
2870 2893 2975 2945 τοῦ
3000 2892 3174 2945 Δαϐὶδ
3196 2892 3292 2943 καὶ
3323 2890 3523 2957 πάσης
3539 2890 3649 2957 τῆς
3679 2892 4010 2958 πραότητος

2434 2982 2639 3034 αὐτοῦ.
2694 2984 2937 3053 Μεγίστη
2989 2984 3095 3053 γὰρ
3133 2982 3238 3033 τῶν
3279 2983 3482 3052 ἀρετῶν
3530 2986 3561 3052 ἡ
3605 2984 3877 3052 πραότης’
3932 2981 4011 3031 διὸ

2436 3075 2527 3127 καὶ
2560 3078 2669 3137 τοῖς
2699 3079 3065 3145 μακαρισμοῖς
3094 3076 3522 3142 ἐγκατείλεκται.
3558 3074 3840 3139 Μακάριοι
3875 3072 4007 3141 γὰρ,

2438 3167 2621 3237 φησὶν,
2657 3170 2707 3219 οἱ
2740 3165 2965 3233 πραεῖς,
2997 3166 3082 3217 ὅτι
3123 3166 3289 3218 αὐτοὶ
3335 3163 3861 3231 κληρονομήσουσι
3899 3162 4012 3229 τὴν

2436 3257 2571 3325 γῆν.
2604 3258 2813 3327 Ἐκείνη
2839 3258 2945 3328 γὰρ
2971 3260 3001 3327 ἡ
3025 3260 3165 3326 γῆ,ἡ
3198 3258 3513 3327 ἐπουράνιος
3549 3256 3925 3326 Ἰερουσαλὴμ.
3950 3254 4009 3306 οὐ

2436 3351 2644 3418 γίνεται
2677 3350 2783 3401 τῶν
2819 3351 3139 3420 μαχομένων
3184 3351 3440 3420 λάφυρον,
3470 3348 3604 3401 ἀλλὰ
3642 3347 4009 3419 μακροθύμων

2436 3440 2530 3492 καὶ
2559 3440 2895 3509 πραῦτ-αθῶν
2926 3440 3132 3512 ἀνδρῶν
3165 3442 3450 3513 πρόκειται
3477 3441 3830 3512 κληρονομία.
3871 3442 4009 3491 Ἱσον

2436 3532 2491 3584 δὲ
2518 3532 2737 3585 δύναται
2760 3535 2839 3591 τὸ.
2880 3534 3331 3589 Ἀκουσάτωσαν
3354 3534 3577 3602 πραεῖς,
3603 3536 3692 3585 καί
3707 3534 3787 3594 τὸ,
3820 3534 4011 3584 Ἃκου·

2437 3623 2721 3677 σάτωσαν
2756 3626 2865 3695 (68)
2901 3631 2952 3680 oi
2996 3628 3252 3696 Χριστοῦ
3280 3629 3557 3696 μαθηταί.
3608 3627 3757 3694 Τάχα
3796 3625 3851 3676 δὲ
3883 3640 4013 3694 προ-

2441 3716 2685 3785 φητικῶς
2737 3716 2980 3785 βούλεται
3018 3720 3207 3789 μέχρις
3240 3718 3395 3787 ήμῶν
3426 3717 3673 3784 διαϐῆναι
3721 3715 3787 3767 τὸ
3829 3715 4014 3784 θαῦμα

2439 3805 2538 3872 τῆς
2574 3805 2665 3856 τοῦ
2713 3806 2846 3856 Θεοῦ
2891 3810 2968 3868 είς
3006 3808 3164 3859 αὑτὸν
3197 3806 3534 3875 εὐεργεσίας.
3594 3805 4012 3857 Ἀκουσάτωσαν

2440 3897 2545 3966 γὰρ
2574 3898 2623 3947 οἱ
2654 3897 2873 3958 πολλαῖς
2906 3896 3126 3968 ὕστερον
3158 3900 3371 3965 γενεαῖς
3396 3896 3722 3967 γενήσεσθαι
3752 3897 3849 3948 τοῦ
3876 3898 4011 3963 Χρι-

2444 3985 2568 4037 στοῦ
2636 3986 2873 4055 μαθηταὶ
2934 3987 3233 4055 μέλλοντες.
3297 3987 3528 4049 Τούτους
3586 3987 3695 4055 γὰρ
3760 3985 4013 4054 ὠνόμασε

2443 4080 2656 4145 πραεῖς,
2693 4073 2773 4138 οἷς
2805 4079 2833 4129 ὁ
2865 4079 3063 4148 Κύριος
3090 4078 3425 4145 διαλέγεται·
3454 4076 3679 4130 Μάθετε
3708 4077 3809 4129 ἀπ’
3845 4075 4012 4143 ἐμοῦ,

2444 4167 2531 4221 ὅτι
2566 4172 2755 4237 πραῢς
2791 4173 2905 4239 ειμι
2946 4172 3055 4241 (69)
3104 4172 3199 4223 καὶ
3251 4171 3528 4235 ταπεινὸς
3564 4169 3638 4237 τῇ
3678 4168 3910 4237 καρδίῃ.
3953 4168 4016 4220 Ol

770 4274 1192 4344 κατεσταλμένοι
1210 4273 1277 4325 τὰ
1300 4273 1403 4343 ῆθη
1428 4274 1522 4325 καὶ
1547 4269 1746 4333 παντὸς
1810 4268 2016 4330 πάθους
2072 4263 2504 4333 ἀπηλλαγμένοι,
2574 4262 2649 4325 ὡς
2700 4265 2966 4334 μηδεμίαν
3004 4266 3147 4333 ἔχειν
3189 4263 3429 4334 ταραχὴν
3480 4261 3793 4316 ἐνοικοῦσαν
3838 4261 4018 4314 αὐτῶν

770 4371 886 4431 ταις
910 4368 1136 4437 ψυχαῖς,
1166 4360 1307 4419 οὗτοι
1341 4366 1532 4435 πραεῖς
1566 4360 2083 4432 προσαγορεύονται.
2152 4357 2241 4409 Διὸ
2276 4358 2369 4409 καὶ
2408 4358 2645 4428 Μωῦσῆς
2699 4359 3113 4429 μεμαρτύρηται
3166 4357 3344 4428 πραῢς
3417 4352 3555 4409 εἶναι
3608 4357 3759 4426 παρὰ
3808 4356 4016 4415 πάντας

773 4457 1089 4529 ἀνθρώπρυς
1116 4458 1207 4509 ἐπὶ
1232 4456 1328 4531 τῇς
1354 4455 1478 4524 γῆς.

843 4552 897 4604 5.
942 4550 1101 4603 Vsus.
1146 4548 1199 4602 ‘.
1238 4546 1577 4615 Maguiﬁcate
1611 4543 1892 4597 Dominum
1936 4558 2159 4594 mecum.
2190 4540 2336 4594 Con-
2370 4542 2415 4598 D
2512 4538 2525 4590 ε

2370 4542 2415 4598 D
2512 4538 2564 4590 3.
2611 4538 2990 4604 Μεγαλὺνατε
3020 4536 3129 4589 τὸν
3152 4539 3367 4603 Κύριον
3395 4536 3516 4589 σὺν
3545 4535 3695 4604 ἐμοί.
3730 4536 4019 4605 Πρέποντα

773 4642 1073 4695 venientem
1103 4640 1205 4694 sibi
1229 4641 1454 4693 chorum
1491 4636 1555 4691 ad
1590 4636 1872 4690 Dominum
1915 4633 2322 4705 gloriﬁcandum

844 4830 890 4859 "
924 4826 1063 4882 Psal.
1130 4841 1308 4886 cum.
1364 4824 1414 4881 l.

847 4984 1152 5053 (65)Ει1ἰιίο
1176 4980 1337 5034 Basil.
1366 4996 1486 5032 cum
1517 4980 1668 5053 qub.
1703 4980 1862 5053 tertio
1896 4979 1955 5053 αἱ
1986 4979 2040 5029 ὲν
2066 4974 2327 5053 μέσῳςτέ-

774 5046 917 5126 χναι.
945 5046 1044 5106 Ἁιίἰ
1078 5054 1259 5126 decem
1303 5065 1432 5126 mss.
1478 5060 1529 5126 et
1562 5050 1762 5126 paterna
1803 5050 2026 5126 Corder.
2066 5048 2120 5099 αἱ
2171 5046 2329 5125 μέσαι

774 5116 993 5195 τέχναις
1020 5136 1137 5195 quae
1162 5122 1349 5195 eadem
1378 5120 1530 5195 lec_t_i_o
1562 5118 1755 5195 legitur
1779 5133 1991 5185 quoque
2016 5120 2065 5169 in
2095 5116 2333 5195 margine

776 5187 926 5249 Cdlb.
963 5187 1126 5246 tertii.
1165 5191 1268 5243 Sed
1310 5204 1428 5241 cum
1460 5188 1603 5245 illud.
1636 5187 1843 5257 τέχναι,
1876 5202 1980 5239 non
2017 5187 2333 5257 probaretur

778 5264 991 5326 Ducam,
1014 5278 1080 5317 ex
1101 5277 1166 5313 eo
1191 5261 1430 5329 τεχνῖται
1445 5255 1800 5329 eﬂ'ecit,etita
1837 5258 1887 5309 in
1906 5258 2137 5309 editione
2164 5255 2331 5307 Puris.

777 5334 1038 5388 edendum
1072 5327 1298 5383 curavit.
1353 5328 1459 5383 Nos
1506 5343 1633 5380 vero
1681 5327 2001 5393 scripturam
2034 5341 2174 5385 eam,
2216 5340 2333 5391 quoe

778 5414 858 5458 tot
891 5404 1140 5457 librormn
1176 5402 1495 5453 auctoritate
1522 5397 1955 5457 coot‘trmaretur,
2000 5397 2329 5447 retinendam

777 5490 898 5528 esse
930 5472 1306 5542 indicavimus.
1335 5467 1794 5542 Nectlonihetisio
1828 5480 2041 5542 quoque
2074 5464 2331 5542 Docmana

777 5534 1083 5597 enitendatio
1116 5541 1281 5609 magis
1301 5539 1517 5609 placuit.
1544 5536 1829 5609 Postquam
1863 5536 2004 5609 enim
2027 5536 2079 5609 in
2103 5534 2331 5609 medium

778 5613 1001 5680 protulit
1028 5604 1226 5667 multa:
1256 5604 1449 5676 quibus
1492 5607 1622 5680 falsa
1653 5607 1737 5658 illa
1772 5604 2328 5680 scrip_tura_.inlirmari

778 5673 965 5749 possit,
999 5691 1179 5735 notam
1203 5673 1350 5731 suam
1379 5678 1753 5749 concludithts
1777 5677 1985 5749 verbis:
2018 5673 2165 5749 Nihil
2188 5690 2329 5749 ergo,

779 5742 972 5820 inquit,
1005 5753 1222 5804 violente
1256 5754 1316 5801 ab
1349 5749 1547 5801 artibus
1588 5746 1915 5820 ad_artiﬁces
1947 5748 2132 5820 transit
2177 5742 2333 5820 Dasi-

778 5812 903 5886 imi,
938 5812 1027 5877 sed
1065 5823 1209 5875 docte
1241 5836 1301 5873 ac
1339 5819 1605 5872 rhetorice.
1642 5817 1761 5873 Mox
1790 5812 1919 5871 mss.
1957 5816 2161 5884 aliquot
2197 5812 2331 5881 ἤια-

2436 4629 2612 4698 ἑαυτῴ
2646 4630 2800 4699 χορὸν
2830 4630 2907 4691 εἰς
2946 4629 3251 4697 δοξολογίαν
3287 4628 3374 4681 τοῦ
3417 4629 3623 4699 Κυρίου
3655 4628 4020 4699 παραλαμϐά-

1489 4826 1534 4855 ¹⁶
1577 4823 1759 4876 Matth.
1814 4838 1868 4885 v,
1926 4822 1977 4875 4.
2054 4822 2096 4850 ’⁷
2134 4820 2319 4872 Matth.
2348 4814 2533 4882 xn,‘29.
2610 4814 2654 4843 ’⁸
2696 4813 2849 4866 Num.
2882 4814 3057 4876 xtt,3.

2434 4989 2553 5043 τροι
2576 4977 2607 5043 η
2642 4985 2885 5043 ρητορες.

2513 5034 2738 5111 (66⁷)Ἰίει
2776 5034 2994 5106 ’δεριειη
3048 5036 3317 5111 ωεεηΝες
3365 5036 3517 5111 aliter
3566 5034 3761 5111 legisse
3808 5035 4021 5111 videtur

2439 5105 2728 5178 interpres,
2761 5105 2862 5172 qui
2896 5111 3157 5162 verterit:
3188 5109 3239 5160 in
3282 5108 3525 5178 Domino.
3565 5107 3699 5178 l‘ldtti
3736 5122 3856 5157 cum
3880 5105 4017 5178 βαι.

2439 5174 2630 5250 quarto
2675 5181 2732 5252 ἐν
2779 5179 3018 5252 Χριστῷ.
3059 5177 3149 5252 llic
3197 5194 3289 5242 pio
3322 5174 4020 5252 ψυχήν’διιερίςιιιυιίϐομιιε

2444 5245 2664 5304 belisios
2701 5245 2981 5318 legendum
3024 5248 3311 5315 καύχησιν,
3339 5245 3436 5297 aut
3476 5246 3679 5298 αῖνεσιν
3718 5265 3729 5297 :
3768 5246 3863 5297 sed
3908 5245 4021 5309 ejus

2439 5323 2804 5379 coniecturam
2845 5320 3013 5372 codex
3049 5321 3222 5369 nullus
3245 5328 3443 5368 tuetur.

2514 5391 2625 5457 (67)
2662 5388 2905 5441 Nonnulli
2938 5406 3063 5442 mss.
3088 5385 3422 5455 κατωρθώθη
3453 5402 3574 5454 μου.
3602 5384 3698 5436 Alii
3745 5398 3876 5435 mss.
3903 5396 4022 5432 cum

2440 5461 2596 5516 editis
2627 5458 2959 5531 κατωρθώθη
2995 5476 3098 5528 μοι.

2514 5530 2623 5597 (68)
2673 5528 2747 5582 lta
2781 5522 2907 5581 iuss.
2934 5522 3073 5581 6:1...
3108 5528 3247 5580 Editi
3284 5542 3410 5597 vero
3437 5524 3666 5597 δύναται
3693 5522 3786 5597 τῷ),
3825 5523 4019 5597 Ἄκου-

2443 5589 2691 5653 σάτωσαν
2735 5602 2926 5670 πραεῖς
2963 5600 3056 5651 κα).
3102 5596 3583 5667 εὖφρανθὴτωσαν,
3622 5594 3705 5657 τὺ,
3742 5589 4024 5646 "Amusi-

2440 5690 2516 5724 τω
2526 5688 2641 5724 σαν.

2512 5742 2621 5812 (69)
2651 5740 2895 5795 Nonnulli
2928 5756 3055 5797 mss.
3084 5739 3162 5793 ὅτι
3186 5735 3360 5808 πρᾶός
3394 5734 3531 5803 εἰμι.
