4260 6510
261 480 367 533 557

1388 477 1669 532 III).\IILIA
1711 476 1774 530 IN
1817 475 2145 531 PSALMUM
2184 474 2421 530 XXXIII.

3391 470 3497 527 358

261 617 362 652 νει.
386 598 587 667 Μηδεὶς
610 597 943 670 ταραχώδης,
973 598 1107 667 μηδὲ
1132 597 1582 667 τεθορυϐημένος,
1615 598 1748 667 μηδέ
1772 599 1834 650 ἐκ
1862 606 1912 659 Α
1942 636 1943 645 η

1815 616 1834 649 ι
1862 606 1912 659 Α
1942 600 2190 651 assumit.
2231 597 2397 651 Nemo
2429 593 2790 659 turbulentus,
2821 607 2977 647 nemo
3004 591 3372 663 perturbatus,
3399 605 3497 645 nec

266 690 371 742 τῶν
400 687 585 740 παθῶν
614 690 708 758 τῆς
743 687 941 758 σαρκὸς
974 689 1071 756 τὴν
1102 688 1277 758 ψυχὴν
1326 689 1671 758 παροιστρῶν
1715 688 1826 757 (70)

264 781 688 849 ἐγκαταμιγήτω
721 796 827 849 μοι’
858 779 972 831 ἀλλ’
1002 781 1157 848 ὑμεῖς
1172 780 1222 831 0i.
1248 783 1467 850 πραεῖς,
1497 781 1547 833 οί
1580 782 1638 833 τὸ
1671 780 1826 850 βεϐη-

264 873 361 936 κὸς
403 873 495 925 καὶ
538 871 793 934 εὐπαθὲς
834 873 932 941 τῆς
973 871 1149 941 ψυχῆς
1191 872 1633 943 κατωρθωκότες,
1675 873 1736 925 τὸ
1774 873 1830 924 δέ

265 964 470 1034 νωθρὸν
506 964 597 1016 καὶ
630 963 867 1026 ὑπνῶδες
896 964 1027 1031 πρὸς
1053 964 1148 1026 τὰς
1173 962 1279 1015 τῶν
1310 963 1655 1033 καθηκόντων
1686 967 1833 1035 ἐνερ-

266 1056 419 1121 γείας
465 1055 855 1125 άποσειόμενοι,
913 1055 1070 1123 ὑμεῖς
1127 1054 1457 1123 μεγαλύνατε
1508 1056 1597 1107 τὸν
1630 1055 1835 1125 Κύριον

270 1147 367 1197 σὺν
394 1148 534 1215 ἐμοί.
561 1146 863 1215 Μεγαλύνει
888 1146 943 1197 δὲ
971 1145 1061 1197 τὸν
1102 1146 1305 1216 Κύριον
1335 1148 1361 1197 ὁ
1390 1146 1596 1217 μεγάλῃ
1627 1146 1834 1217 διανοίᾳ.

268 1239 366 1290 καὶ
396 1238 584 1309 ταύρῳ
629 1239 703 1308 τῷ
737 1239 1041 1308 φρονήματι
1080 1240 1173 1291 καὶ
1208 1238 1499 1308 ἐπηρμένῳ
1537 1241 1659 1301 τοὺς
1692 1239 1833 1309 ὑπὲρ

266 1326 367 1397 τῆς
413 1327 687 1388 εύσεόείας
738 1327 1077 1397 πειρασμοὺς
1129 1326 1433 1397 ὑπομένων.
1500 1328 1728 1379 Ἔπειτα
1775 1327 1832 1380 δὲ

268 1420 364 1470 κα)⁸
396 1422 423 1471 ὁ
452 1417 658 1488 μεγάλῃ
691 1420 755 1488 τῇ
788 1418 993 1489 διανοίᾳ
1024 1418 1115 1471 καὶ
1161 1419 1476 1488 θεωρήμασι
1518 1417 1835 1487 βαθυτάτοις

268 1511 337 1562 τὰ
371 1509 570 1580 μεγέθη
601 1510 698 1579 τῆς
727 1510 952 1573 κτίσεως
978 1509 1244 1581 καθορῶν,
1281 1511 1347 1562 ἶν’
1373 1514 1436 1563 ἐκ
1458 1511 1549 1563 τοῦ
1579 1511 1837 1581 μεγέθους
1874 1582 1877 1585 ν

269 1603 365 1655 καὶ
411 1602 505 1673 τῆς
557 1602 817 1674 καλλονῆς
865 1602 970 1654 τῶν
1023 1604 1336 1672 κτισμάτων
1386 1603 1474 1655 τὸν
1525 1621 1835 1674 γενεσιουρο

268 1694 364 1763 γδν
400 1693 508 1763 (7|)
553 1695 726 1749 αὐτῶν
766 1696 1036 1766 θεωρήσῃ.
1078 1696 1225 1765 Ὅτῳ
1263 1696 1368 1768 γάρ
1412 1714 1493 1758 τις
1526 1698 1616 1749 ἐπὶ
1656 1698 1836 1751 πλεῖον

267 1784 562 1855 ὲμσαθύνει
606 1788 715 1849 τοῖς
748 1786 924 1854 λόγοις
964 1784 1083 1838 καθ’
1124 1786 1216 1849 οὒς
1258 1786 1544 1855 γεγένηται
1584 1786 1651 1838 τὰ
1687 1786 1835 1847 ὄντα,

269 1877 365 1928 καὶ
402 1878 521 1930 καθ⁹
566 1877 656 1941 οὓς
699 1881 1061 1948 οίκονομεῖται
1084 1920 1097 1943 ,
1130 1876 1366 1946 τοσούτῳ
1416 1876 1612 1946 μᾶλλον
1646 1876 1840 1947 θεωρεῖ

1936 692 2223 759 quisquam
2266 689 2354 758 qui
2402 701 2722 740 carnearum
2763 683 3103 739 aﬂectionum
3134 693 3303 739 (nstro
3331 688 3497 737 exsti-

1944 781 2112 834 tuulet
2137 780 2396 840 animam,
2430 779 2558 831 mihi
2592 779 2955 847 adjnngatur:
2988 776 3081 831 sed
3112 789 3207 830 vos
3237 776 3503 829 mansueti

1940 872 2031 938 qui
2054 871 2401 925 stabilitatem
2425 869 2846 935 ﬁrmitatemque
2870 866 3036 921 animi
3056 865 3327 920 consecuti
3348 864 3504 929 estis,

1939 966 2239 1021 socordiam
2268 976 2449 1017 autem
2488 979 2552 1017 ac
2586 977 2832 1031 soporem
2862 963 2927 1013 ad
2954 959 3129 1015 oﬂicia
3159 958 3501 1028 exsequenda

1939 1058 2279 1121 excussistis,
2318 1071 2413 1109 vos
2441 1054 2780 1124 magniﬁcate
2808 1052 3091 1106 Dominum
3119 1066 3349 1105 mecum.
3386 1049 3503 1103 Ma-

1942 1150 2163 1220 gniﬁcat
2189 1160 2366 1203 autem
2401 1148 2681 1202 Dominum
2720 1146 2798 1206 is,
2843 1144 2931 1212 qui
2969 1160 3160 1213 magna
3199 1152 3413 1207 mente,
3453 1153 3507 1197 et

1942 1240 2083 1294 elato
2111 1254 2173 1292 ac
2197 1247 2382 1291 erecto
2410 1236 2602 1305 spiritu
2631 1236 2954 1289 tentationes
2991 1248 3086 1299 pro
3116 1234 3317 1301 pietate
3344 1233 3509 1287 susti-

1943 1341 2053 1384 net.
2089 1329 2289 1384 Deinde
2314 1329 2499 1391 etiam,
2535 1326 2625 1394 qui
2659 1340 2855 1394 magno
2888 1325 3067 1377 animo
3106 1332 3161 1377 et
3190 1323 3506 1392 profundis-

1942 1423 2097 1478 simis
2147 1418 2693 1488 contemplationibus
2753 1415 3151 1485 magnitudines
3217 1415 3511 1470 creationia

1943 1511 2271 1575 considerat,
2304 1520 2359 1562 ut
2395 1523 2461 1562 ex
2494 1506 2860 1576 magnitudine
2894 1514 3269 1559 creaturarum
3312 1514 3367 1559 et
3392 1505 3512 1574 pul-

1945 1604 2251 1659 chritudine
2299 1611 2452 1655 ortus
2520 1614 2705 1653 earum
2756 1608 3036 1652 auctorem
3089 1597 3509 1667 contempletur.

1946 1700 2157 1767 Quanto
2201 1699 2345 1753 enim
2381 1697 2500 1766 quis
2543 1697 2705 1751 altius
2745 1705 2990 1763 penetrat
3021 1694 3282 1759 rationes,
3314 1693 3514 1762 quibus

1946 1796 2158 1851 condita
2190 1802 2313 1847 sunt
2336 1806 2399 1845 ac
2429 1801 2688 1859 reguntur
2710 1789 2981 1851 universa,
3009 1796 3159 1842 tanto
3190 1787 3362 1855 magis
3398 1788 3507 1841 Do-

1951 1886 2080 1941 mini
2120 1883 2570 1953 magnificentiam
2601 1880 2933 1951 speculatur,
2974 1890 3028 1933 et
3065 1886 3325 1948 quantum
3360 1876 3412 1930 in
3453 1891 3514 1931 as

268 1966 368 2039 τὴν
415 1970 881 2041 μεγαλοπρέπειαν
928 1969 1019 2022 τοῦ
1065 1969 1300 2039 Κυρίου,
1345 1969 1439 2021 καὶ
1476 1968 1536 2021 τὸ
1585 1968 1705 2020 ὅσον
1754 1968 1838 2036 ἐφ’
1874 1969 1950 2032 Β(

1819 1968 1838 2006 ”
1874 1969 1915 2027 Β
1942 1989 2045 2043 est,
2072 1978 2357 2032 Dominum
2384 1974 2709 2043 magniﬁcat.
2735 1974 2999 2042 Quoniam
3024 1976 3305 2043 igituruna
3327 1985 3501 2036 mens,

268 2060 482 2130 ἐαυτῷ,
532 2061 818 2131 μεγαλύνει
853 2062 941 2114 τὸν
1000 2060 1219 2129 Κύριον.
1276 2060 1428 2113 Ἐπεὶ
1457 2056 1547 2113 οῦν
1596 2055 1673 2123 εἷς
1718 2059 1839 2122 νοῦς

269 2150 364 2203 καὶ
392 2152 507 2214 ἐνὸς
548 2152 738 2223 ἀνδρὸς
772 2151 999 2222 μελέτη,
1030 2151 1149 2204 οὐδὲ
1192 2151 1327 2222 πρὸς
1362 2152 1534 2222 βραχὺ
1580 2152 1845 2222 αὑταρκεῖ

268 2242 406 2314 πρὸς
428 2243 522 2313 τὴν
550 2244 658 2296 τῶν
689 2243 987 2313 μεγαλείων
1007 2243 1099 2296 τοῦ
1126 2242 1259 2297 Θεοῦ
1287 2244 1609 2315 κατάληψιν,
1639 2245 1843 2307 πάντας

270 2334 406 2405 ὁμοῦ
437 2336 559 2399 τοὺς
585 2336 775 2405 πραεῖς
798 2336 877 2397 εἰς
905 2335 1002 2406 τὴν
1028 2336 1310 2389 κοινωνίαν
1336 2336 1539 2405 ταύτης
1566 2336 1663 2406 τῆς
1692 2338 1845 2407 ἐνερ-

268 2426 425 2493 γείας
470 2428 903 2498 παραλαμὸάνει.
956 2432 1044 2482 Δεῖ
1076 2430 1183 2499 γὰρ
1234 2430 1411 2483 πᾶσαν
1466 2430 1658 2501 σχολὴν
1692 2430 1843 2499 ἄγειν

268 2519 378 2571 ἀπὸ
412 2518 650 2588 θορύϐων
684 2520 790 2572 τῶν
820 2520 1039 2587 ἔξωθεν,
1073 2523 1166 2574 καὶ
1208 2525 1385 2575 πᾶσαν
1419 2524 1648 2593 ἡσυχίαν
1680 2525 1737 2577 ἐν
1766 2522 1843 2593 τῷ

270 2610 498 2680 κρυπτῷ
525 2612 623 2681 τῆς
653 2612 875 2684 καρδίας
914 2614 1279 2684 βουλευτηρίῳ
1314 2616 1640 2685 ποιήσαντα,
1674 2614 1843 2678 οὕτως

269 2701 580 2755 ἐπιϐάλλειν
626 2707 691 2775 τῇ
753 2704 953 2777 θεωρίᾳ
992 2706 1091 2777 τῆς
1136 2704 1415 2775 ἀληθείας.
1458 2706 1700 2770 Ἀκούεις
1750 2707 1842 2760 τοῦ

273 2794 760 2867 ἐξομολογουμένου
808 2800 905 2869 τὴν
955 2800 1248 2870 ἁμαρτίαν,
1298 2800 1348 2851 τί
1406 2817 1606 2869 φησιν;
1676 2801 1841 2854 Ἔτα-

262 2885 462 2955 ράχθη
506 2889 621 2942 ἀπὸ
660 2892 847 2958 θυμοῦ
890 2892 920 2943 ό
964 2891 1269 2959 ὀφθαλμός
1302 2909 1440 2959 μου.
1473 2892 1547 2943 Οὐ
1593 2891 1751 2959 μόνον
1786 2891 1843 2943 δέ

272 2978 465 3049 θυμὸς,
502 2980 633 3032 ἀλλὰ
676 2982 768 3033 καὶ
820 2981 1099 3051 ἐπιθυμία,
1156 2984 1247 3035 καὶ
1292 2982 1482 3041 δειλία,
1527 2981 1620 3034 καὶ
1653 2982 1843 3051 φθόνος

272 3070 548 3139 ὀφθαλμὸν
577 3072 753 3141 ψυχῆς
790 3072 1116 3142 ἐκταράσσει
1136 3089 1147 3101 ·
1183 3073 1275 3124 κει)⁹
1307 3071 1639 3135 ἁπαξαπλῶς
1670 3074 1844 3127 πάντα

271 3164 340 3216 τὰ
371 3164 516 3233 πάθη
549 3164 845 3233 συγχυτικὰ
879 3165 970 3215 καὶ
1001 3165 1370 3235 ἐκταρακτικὰ
1405 3165 1496 3219 τοῦ
1538 3166 1842 3237 διορατικοῦ

272 3257 374 3326 τῆς
425 3257 600 3325 ψυχῆς
657 3259 791 3309 ἐστι.
848 3256 955 3308 Καὶ
1000 3257 1071 3319 ὡς
1120 3257 1177 3311 ού
1226 3257 1447 3310 δυνατὸν
1492 3259 1843 3330 τεθολωμένῳ

1943 2081 1996 2126 et
2023 2069 2183 2123 unius
2219 2067 2318 2121 viri
2353 2066 2625 2120 meditatio
2658 2080 2724 2119 ne
2748 2064 2814 2117 ad
2847 2065 3012 2119 breve
3047 2065 3264 2131 quidem
3301 2071 3515 2132 tempus

1942 2161 2135 2218 sulIicit
2178 2161 2245 2215 ad
2286 2158 2567 2230 magniﬁca
2604 2173 2769 2226 opera
2831 2157 2922 2212 Dei
2963 2156 3513 2226 comprehendenda;

1942 2270 2131 2310 omnes
2169 2252 2327 2307 simul
2371 2261 2679 2307 mansuetos
2708 2251 2774 2306 ad
2810 2248 2967 2318 hujus
3001 2248 3230 2303 actionis
3264 2250 3508 2303 societa-

1946 2358 2051 2403 tem
2086 2347 2333 2401 assumit.
2366 2344 2591 2413 Oportet
2624 2344 2769 2397 enim
2800 2344 2869 2396 ab
2913 2342 3155 2396 externis
3198 2341 3515 2396 tumultibus

1944 2440 2162 2496 omnino
2205 2437 2365 2509 146
2390 2452 2607 2499 vacare,
2639 2446 2691 2491 et
2722 2434 2868 2490 omni
2904 2435 3083 2504 quiete
3106 2434 3160 2488 in
3192 2434 3513 2489 abscondito

1944 2528 2121 2584 cordis
2150 2542 2360 2582 recessu
2385 2526 2707 2588 constituta,
2732 2533 2844 2577 tum
2873 2524 3088 2579 demum
3121 2523 3366 2579 veritatis
3389 2539 3516 2578 con-

1946 2618 2279 2689 templationi
2336 2617 2577 2671 animum
2635 2616 2889 2685 adjicere.
2943 2615 3115 2671 Audis
3166 2617 3514 2673 conﬁtentem

1945 2720 2248 2780 peceatum,
2300 2709 2430 2780 quid
2462 2707 2635 2763 dicit?
2684 2706 2946 2761 Turbatus
2991 2717 3067 2762 eat
3113 2709 3179 2761 ab
3212 2708 3293 2762 ira
3334 2707 3515 2761 oculus

1946 2820 2088 2856 meus
2111 2804 2177 2855 ³⁸.
2229 2801 2344 2855 Non
2378 2811 2557 2855 autem
2592 2800 2670 2854 ira
2705 2800 2899 2863 solum,
2946 2800 3041 2855 sed
3073 2799 3512 2869 concupiscentia

1946 2894 2192 2949 etiamet
2237 2893 2518 2958 timiditas,
2553 2903 2607 2947 et
2655 2891 2854 2946 invidia
2885 2892 3095 2945 oculum
3141 2892 3335 2945 anima:
3385 2906 3516 2945 con-

1948 2986 2161 3051 turbat;
2188 2994 2243 3039 et
2269 2986 2320 3038 in
2350 2985 2681 3049 universum,
2711 2983 3099 3038 commotiones
3124 2997 3312 3037 omnes
3339 2984 3512 3038 aciem

1950 3078 2114 3133 animi
2151 3087 2313 3146 atque
2345 3077 2810 3147 perspicacitatem
2844 3076 3176 3131 confundunt
3206 3091 3271 3132 ac
3302 3087 3519 3146 pertur-

1948 3173 2097 3227 bant.
2127 3170 2193 3224 Et
2216 3172 2667 3238 quemadmodum
2690 3172 2802 3227 ﬁeri
2829 3188 2930 3226 non
2956 3180 3127 3239 potest
3157 3180 3215 3225 ut
3241 3180 3516 3233 accurate.

1949 3266 2103 3319 oculo
2142 3265 2353 3319 turbato
2402 3263 2877 3332 deprehendantur
2907 3264 3138 3318 visibilia
3177 3280 3192 3317 :
3233 3263 3311 3319 sic
3354 3267 3519 3319 etiam

274 3344 537 3413 ὀφθαλμῷ
564 3343 763 3415 ἀκριϐῆ
803 3344 987 3398 λαϐεῖν
1016 3346 1123 3398 τῶν
1154 3349 1362 3417 ὁρατῶν
1399 3349 1496 3418 τὴν
1525 3329 1843 3419 κατάληψιν,
1875 3329 1917 3386 c
1952 3369 1956 3404 ι

1838 3392 1843 3412 .
1875 3329 1917 3386 c
1952 3356 2165 3411 turbato
2197 3357 2381 3419 corde,
2415 3357 2480 3409 ad
2513 3356 2758 3411 veritatis
2784 3356 3294 3426 contemplationem
3319 3356 3520 3411 incum-

271 3437 444 3498 οὕτως
490 3437 606 3488 οὐδὲ
652 3437 991 3512 τεθολωμένη
1026 3439 1223 3510 καρδίᾳ
1271 3442 1335 3508 τῇ
1380 3442 1701 3511 κατανοήσει
1750 3441 1847 3512 τῆς

274 3532 530 3603 ἀληθείας
579 3534 875 3588 ἐπιϐαλεῖν.
936 3535 1305 3605 Ἀναχωρῆσαι
1354 3530 1444 3585 οῦν
1489 3534 1566 3586 δεῖ
1602 3535 1708 3587 τῶν
1752 3536 1845 3589 τοῦ

275 3627 480 3697 κόσμου
522 3628 892 3700 πραγμάτων,
923 3629 1016 3681 καὶ
1069 3630 1204 3699 μήτε
1252 3628 1316 3680 δι’
1356 3628 1666 3699 ὀφθαλμῶν,
1711 3632 1846 3701 μήτε

272 3720 341 3773 δι’
373 3719 543 3783 ὢτων,
580 3724 711 3792 μήτε
748 3721 812 3773 δι’
841 3721 1005 3791 ἄλλης
1030 3722 1173 3785 τινὸς
1208 3720 1510 3791 αἰσθήσεως
1537 3724 1846 3791 ἐπεισάγειν

274 3815 585 3887 ἀλλοτρίους
612 3816 899 3886 λογισμοὺς
934 3819 996 3885 τῇ
1024 3816 1189 3886 ψυχῇ.
1226 3814 1481 3886 Θορύὸων
1508 3817 1615 3887 γὰρ
1656 3818 1847 3887 άσιγή-

272 3926 383 3959 των
416 3910 508 3961 καὶ
542 3910 780 3962 στάσεων
822 3908 1191 3962 άδιαλλάκτων
1222 3910 1611 3979 ἀναπιμπλῶσι
1657 3910 1724 3963 τὰ
1763 3910 1847 3962 ἐν-

271 4001 359 4052 δον
386 4003 433 4052 οί
464 4002 557 4052 τοῦ
585 4005 921 4072 φρονήματος
955 4003 1052 4072 τῆς
1079 4002 1279 4073 σαρκὸς
1306 4003 1722 4072 ἐπανιστάμενοι
1750 4004 1845 4055 πό-

272 4092 327 4142 λε
339 4109 445 4161 μοι.
486 4093 838 4159 Ὲξεζὴτησα
869 4094 973 4145 τὸν
997 4096 1238 4162 Κύριον,
1264 4097 1360 4148 καὶ
1382 4095 1689 4163 ἐπήκουσέ
1704 4113 1841 4164 μου.

273 4180 489 4247 Ταῦτα,
521 4184 711 4252 φησὶν,
744 4185 1131 4238 ἀκουσάτωσαν
1163 4190 1212 4238 οἱ
1252 4191 1465 4258 πραεῖς,
1510 4189 1590 4239 ὅτι
1630 4187 1741 4257 ἐγὼ
1788 4190 1845 4241 ὲν

271 4274 349 4345 τῷ
378 4275 552 4346 καιρῷ
578 4276 766 4348 ἐκείνῳ
790 4278 866 4348 τῷ
896 4278 1135 4349 χαλεπῷ,
1161 4279 1247 4331 ὅτε
1274 4281 1381 4343 πᾶς
1418 4280 1513 4350 μὲν
1545 4279 1710 4350 θυμὸς
1738 4280 1844 4333 τῶν

275 4366 755 4433 μνησικακούντων
799 4370 1026 4422 ἐκινεῖτο
1074 4370 1183 4439 (72)
1225 4373 1341 4423 κατ’
1394 4369 1548 4441 ἐμοῦ,
1595 4372 1739 4423 πᾶσα
1786 4368 1843 4421 δὲ

271 4458 394 4527 χεὶρ
424 4460 507 4509 ἐπ’
544 4458 642 4527 ἐμὲ
687 4459 984 4524 ὡπλίζετο,
1018 4464 1219 4532 γυμνὸς
1268 4463 1324 4515 δέ
1364 4462 1474 4531 ἐγὼ
1514 4464 1606 4515 καὶ
1647 4462 1843 4525 ἄοπλος

270 4546 484 4615 ἕτοιμος
525 4550 604 4611 είς
634 4550 810 4601 πᾶσαν
845 4552 1026 4602 αίκίαν
1072 4552 1359 4621 ἐξεκείμην
1389 4556 1499 4614 τοῖς
1544 4552 1840 4621 πολεμίοις,

268 4636 391 4687 τότε
419 4638 478 4688 ού
517 4640 813 4710 συνεχύθην
852 4643 976 4703 τοὺς
1013 4641 1393 4713 διαλογισμοὺς
1420 4643 1497 4712 τῷ
1537 4643 1705 4711 φόϐῳ,
1742 4644 1839 4696 οὑκ
1874 4678 1916 4731 D

270 4723 633 4795 ὲξεκρούσθην
666 4732 728 4781 ἐκ
764 4730 861 4798 τῆς
888 4729 978 4781 τοῦ
1009 4731 1141 4783 θεοῦ
1190 4732 1393 4792 ἐννοίας
1414 4773 1427 4795 ,
1463 4731 1561 4782 ούκ
1590 4732 1839 4798 ἁπέγνων

267 4814 368 4883 τῆς
396 4816 631 4883 ἐμαυτοῦ
660 4820 948 4889 σωτηρίας,
979 4819 1092 4871 ἀλλ’
1117 4820 1443 4888 ὲξεζήτησα
1468 4819 1576 4871 τὸν
1598 4821 1816 4887 Κύριον

269 4908 405 4975 Οὐχὶ
438 4906 676 4978 ἐζήτησα
724 4912 880 4979 μόνον
910 4910 1087 4980 ἁπλῆν
1126 4929 1241 4963 τινα
1287 4914 1377 4965 καὶ
1416 4912 1668 4982 χρονικὴν
1703 4912 1835 4983 πρὸς

265 4998 359 5048 τὸν
387 4998 587 5069 Κύριον
610 4998 815 5062 ἐλπίδα,
839 5002 950 5054 ἀλλ’
973 5001 1289 5073 ὲξεζήτησα.
1318 5003 1504 5057 Πλεῖον
1526 5004 1632 5074 γάρ
1653 5020 1703 5054 τι
1727 5003 1835 5073 (75)

266 5090 415 5158 δηλοῖ
447 5092 593 5159 παρὰ
638 5092 696 5143 τὸ
728 5089 972 5159 ζητῆσαι
1019 5096 1050 5165 ή
1097 5094 1331 5163 ἔμφασις
1368 5094 1456 5147 τοῦ
1497 5094 1833 5161 ἐπιζητῆσαι,

264 5180 340 5243 ὡς
376 5182 466 5232 καὶ
497 5184 644 5251 παρὰ
676 5184 771 5254 τὴν
798 5182 1021 5255 ἔρευναν
1048 5190 1080 5257 ἡ
1116 5187 1475 5255 ἐξερεύνησις.
1520 5184 1832 5247 Ἑξέλιπον

265 5273 376 5341 γὰρ
403 5271 827 5340 ἐξερευνῶντες
866 5275 1298 5343 ἐξερευνήσας.
1342 5275 1545 5345 Πολλὴν
1591 5271 1683 5327 οὖν
1716 5293 1833 5328 τινα

267 5364 462 5434 σχολὴν
509 5366 599 5418 καὶ
636 5366 930 5437 ἀταραξίαν
985 5370 1011 5419 ὁ
1063 5369 1217 5435 λόγος
1264 5368 1557 5435 παρίστησι
1604 5366 1689 5417 διὰ
1736 5366 1832 5435 τῆς

262 5455 627 5526 ἐκζητήσεως.

335 5569 383 5601 ³³
418 5566 639 5626 Psal.v1
691 5571 743 5625 8.
823 5574 867 5603 ⁸ο
908 5573 1047 5628 Psal.
1099 5590 1253 5637 um,
1299 5577 1349 5629 7.

476 5725 566 5805 §ic
596 5728 1004 5805 multiumss._At
1027 5732 1150 5785 editi
1177 5733 1614 5805 ἐμπαροιστρῶν.

336 5799 448 5862 (71)
476 5796 663 5875 Nostra
696 5802 857 5853 editio
892 5801 1058 5853 Paris.
1080 5796 1364 5875 operarum
1392 5796 1675 5861 oscitantia
1704 5826 1827 5875 γεν-

260 5866 574 5949 νεσιουργιόν
615 5881 711 5935 pro
742 5866 1140 5949 γενεσιούργόνζ
1200 5876 1272 5925 uti
1313 5876 1362 5926 in
1422 5893 1552 5932 mss.
1610 5866 1825 5949 legitur.

263 5940 457 5993 Statim
486 5937 617 6006 Reg.
652 5940 915 5995 secundus
944 5937 1195 5995 τοσοῦτον
1226 5946 1442 6012 μᾶλλον.

1948 3449 2076 3503 bere
2100 3466 2204 3503 non
2234 3463 2539 3519 possumus.
2568 3447 2832 3502 Secedere
2856 3448 3022 3518 igitur
3042 3459 3256 3515 oportet
3276 3462 3306 3501 a
3333 3448 3517 3502 mundi

1950 3543 2131 3605 rebus,
2162 3553 2213 3595 et
2246 3556 2418 3610 neque
2450 3556 2547 3610 per
2569 3539 2775 3602 oculos,
2806 3556 2977 3608 neque
3006 3556 3102 3607 per
3133 3555 3313 3601 aures.
3342 3555 3521 3609 neque

1948 3646 2043 3700 per
2072 3631 2236 3683 alium
2262 3631 2423 3684 ullum
2455 3644 2674 3682 sensum
2703 3629 3068 3698 cogitationes
3090 3630 3294 3683 alienas
3316 3629 3369 3682 in
3402 3630 3521 3683 ani-

1950 3740 2090 3777 mam
2118 3723 2483 3777 introducere.
2512 3720 2642 3787 Qua:
2688 3722 2828 3775 enim
2854 3737 2916 3775 ex
2944 3722 3125 3775 carnis
3169 3721 3402 3776 elatione
3424 3736 3521 3775 ex-

1947 3814 2193 3868 oriuntur
2208 3812 2366 3879 bella,
2386 3814 2699 3867 tumultibus
2717 3814 2986 3867 continuis
3009 3823 3065 3867 et
3088 3814 3520 3881 implacabilibus

1947 3906 2299 3960 seditionibus
2328 3906 2584 3960 interiora
2610 3906 2898 3974 complent.
2929 3905 3118 3977 (Vsus.
3144 3904 3223 3975 5.)
3248 3906 3521 3976 Ezquieiui

1949 4000 2265 4064 Dominum,
2305 4011 2352 4053 et
2380 3999 2645 4053 exaudivit
2696 4016 2795 4052 me.
2845 3998 3001 4063 Haec,
3038 4000 3247 4068 inquit,
3296 3999 3521 4053 audiant

1948 4095 2234 4155 mansueti,
2262 4092 2407 4161 quod
2438 4108 2537 4162 ego
2564 4093 2769 4147 difllcili
2800 4093 2894 4148 illo
2922 4104 3162 4163 tempore
3190 4109 3313 4148 cum
3335 4093 3519 4147 'omnis

1948 4186 2289 4240 inimicorum
2346 4184 2422 4237 ira
2472 4195 2779 4237 moveretur
2825 4194 3011 4238 contra
3071 4200 3195 4251 me,
3231 4188 3519 4255 omnisque

1948 4292 2138 4330 manus
2176 4275 2438 4329 adversus
2469 4290 2554 4329 me
2593 4284 2914 4339 armaretur,
2947 4292 3048 4343 ego
3094 4292 3224 4331 vero
3257 4277 3431 4330 nudus
3457 4288 3513 4333 et

1947 4368 2168 4423 inermis
2195 4369 2259 4422 ad
2294 4383 2451 4423 omne
2481 4370 2798 4438 supplicium
2829 4369 3211 4439 perferendum
3237 4370 3515 4439 expositus

1946 4462 2189 4523 hostibus
2211 4478 2407 4525 essem,
2433 4477 2535 4514 non
2563 4472 2737 4513 tamen
2766 4472 2891 4514 tunc
2915 4461 3169 4514 contusus
3191 4476 3309 4515 sum
3330 4463 3513 4517 animo

1946 4570 2053 4623 pra:
2083 4554 2309 4615 timore,
2338 4566 2441 4603 non
2482 4564 2599 4603 sum
2647 4565 2677 4604 a
2710 4549 2800 4604 Dei
2850 4552 3177 4621 cogitatione
3224 4563 3514 4619 avocatus,

1946 4660 2046 4697 non
2081 4643 2305 4696 salutem
2343 4656 2518 4695 meam
2563 4643 2865 4713 desperavi,
2912 4643 3003 4698 sed
3048 4643 3305 4711 exquisivi
3336 4643 3513 4698 Domi-

1945 4750 2087 4785 num.
2122 4731 2235 4785 Non
2267 4734 2487 4802 quaesivi
2534 4734 2707 4788 solum
2752 4734 2981 4803 simplici
3013 4734 3243 4803 quadam
3277 4746 3332 4790 et
3362 4744 3514 4789 tem-

1945 4823 2155 4891 poraria
2198 4823 2249 4878 in
2303 4826 2588 4879 Dominum
2641 4840 2769 4894 spe,
2822 4825 2916 4879 sed
2962 4826 3254 4896 exquisivi.
3294 4825 3505 4880 Etenim

1942 4918 2213 4986 emphasis
2244 4919 2387 4972 verbi
2420 4920 2691 4987 exquirere
2720 4918 2949 4987 amplius
2994 4919 3245 4987 quiddam
3292 4917 3501 4987 signiti-

1944 5018 2047 5073 cat,
2076 5024 2235 5078 quam
2286 5011 2507 5063 verbum
2542 5026 2796 5079 qurerere,
2850 5007 3302 5079 quemadmodum
3344 5007 3507 5062 etiam

1943 5101 2299 5167 perscrutatio
2340 5101 2462 5169 plus
2498 5103 2624 5157 dicit
2662 5116 2822 5170 quam
2872 5099 3158 5154 scrutatio.
3193 5097 3505 5169 Defecerunt

1940 5191 2071 5243 enim
2106 5204 2488 5260 perscrutantes
2520 5194 2960 5259 peracrutationea
2988 5192 3054 5245 ³⁸.
3098 5190 3323 5246 Multum
3352 5191 3516 5259 igitur

1940 5285 2033 5338 otii
2066 5300 2129 5339 ac
2176 5287 2579 5355 tranquillitatis
2609 5287 2827 5341 exhibet
2871 5287 2959 5340 hic
3001 5300 3178 5340 sermo
3234 5298 3327 5353 per
3360 5283 3505 5337 illam

1942 5377 2375 5445 exquisitionem.

2012 5739 2122 5806 (72)
2172 5736 2304 5807 Reg.
2332 5736 2519 5809 tertius
2549 5737 2847 5809 ἐκεκίνητο.
2888 5736 3007 5794 Mox
3032 5736 3165 5808 Reg.
3207 5737 3395 5793 tertius
3435 5736 3505 5809 in

1940 5820 2195 5864 cuntextu
2228 5805 2541 5878 λογισμούς,
2570 5810 2622 5862 in
2664 5805 2907 5876 margine
2938 5826 3061 5865 vero
3103 5805 3501 5876 διαλογισμούς.

2013 5879 2123 5948 (75)
2156 5882 2224 5932 Ita
2279 5881 2427 5933 multi
2470 5896 2595 5932 mss.
2653 5878 2826 5948 Editio
2867 5894 2991 5935 vero
3044 5880 3211 5935 Paris.
3266 5880 3371 5945 γάρ
3401 5892 3501 5931 τοι.

1942 5948 2133 6004 Statim
2164 5951 2294 6021 Reg.
2326 5951 2589 6005 secundus
2615 5947 2906 6009 ἐξέλειπον.
