4260 6504
253 459 352 513 561

1377 471 1661 527 IIOMILIA
1705 474 1764 526 IN
1811 473 2139 528 PSALMUM
2180 476 2416 530 XXXI".

3385 471 3488 524 362

252 576 387 645 τέρα
405 577 495 630 τοῦ
521 581 739 644 σκότους
761 583 854 633 καὶ
879 584 969 637 τοῦ
992 585 1160 654 πυρὸς
1183 587 1276 639 τοῦ
1301 589 1521 643 αἰωνίου
1543 596 1573 662 ἡ
1596 594 1821 663 αἰσχύνη
1853 596 1900 652 Α
1933 598 1934 642 l

1808 611 1821 657 ῃ
1853 596 1900 652 Α
1933 595 2038 646 bra.-
2063 606 2114 646 et
2147 595 2284 664 ignis
2302 607 2554 659 aeternus,
2585 610 2705 648 cum
2747 593 2970 663 vestigia
3002 591 3220 645 admiSsi
3253 591 3303 643 in
3329 605 3490 644 carne

252 668 432 730 ἐστὶν,
537 672 784 741 μέλλουσι
831 676 1245 741 συνδιαιωνίζειν
1275 682 1322 732 οἱ
1358 682 1698 752 ἁμαρτωλοὶ,
1736 687 1820 738 ἀεὶ

252 761 311 812 ὲν
347 763 642 833 ὀφθαλμοῖς
681 764 892 834 ἔχοντες
932 770 999 822 τά
1047 769 1163 840 ἴχνη
1203 773 1301 842 τῆς
1340 775 1398 825 ἐν
1437 777 1598 845 σαρκὶ
1639 779 1820 847 ἁμαρ-

250 852 393 915 τίας,
428 857 585 906 οἱονεί
613 873 753 921 τινος
787 859 958 931 βαφῆς
999 861 1352 930 ἀνεκπλύτου,
1387 870 1450 937 τῇ
1498 869 1682 941 μνήμῃ
1723 871 1821 938 τῆς

249 941 431 1011 ψυχῆς
458 945 634 996 αὐτῶν
662 948 740 1013 είς
783 952 842 1003 τὸ
872 952 1120 1020 διηνεκὲς
1163 956 1564 1026 παραμένοντα.
1599 957 1819 1027 Ὀλίγων

248 1033 308 1084 δέ
343 1036 454 1085 ἐστι
480 1035 538 1086 τὸ
575 1042 886 1108 προσελθεῖν
913 1041 988 1111 τῷ
1011 1045 1148 1110 φωτὶ
1177 1046 1254 1118 τῷ
1283 1047 1539 1118 ἀληθινῷ,
1575 1051 1666 1102 καὶ
1690 1051 1821 1103 ἁπο-

253 1122 509 1192 καλύψαι,
541 1129 630 1181 καὶ
653 1133 787 1201 μετὰ
813 1132 908 1201 τὴν
937 1135 1273 1207 ἀποκάλυψιν
1298 1141 1403 1190 τῶν
1435 1140 1711 1208 κρυπτῶν,
1745 1143 1818 1212 μὴ

251 1212 503 1268 ἀπελθεῖν
534 1221 912 1288 αίσχυνθέντας
945 1225 1012 1276 τά
1048 1228 1328 1296 πρόσωπα.

324 1305 377 1360 5.
406 1305 590 1374 Οὗτος
621 1316 651 1362 0'
677 1314 909 1381 πτωχὸς
929 1317 1230 1386 ἑχέκριιξε,
1255 1320 1350 1373 καὶ
1377 1323 1408 1373 ὀ
1451 1323 1660 1390 Κύριος
1699 1328 1820 1378 εἱσ-

249 1395 518 1462 ἠκουσεν
544 1403 747 1456 αὑτοῦ.
784 1408 895 1460 Οὐκ
927 1410 1013 1461 ἀεὶ
1063 1412 1317 1482 ἐπαινετὴ
1340 1415 1371 1479 ἠ
1415 1417 1672 1486 πτωχεία.
1706 1419 1817 1470 ἀλλ’

249 1491 284 1558 ἡ
321 1494 384 1541 ὲκ
412 1493 778 1562 προαιρέσεως
807 1501 945 1551 κατὰ
981 1501 1069 1551 τὸν
1087 1501 1444 1570 εὑαγγελικὺν
1467 1509 1665 1560 σκοπὸν
1685 1528 1817 1562 κατ-

247 1580 573 1654 ορθουμένη.
623 1587 813 1641 Πολλοὶ
876 1591 984 1659 γὰρ
1013 1595 1216 1662 πτωχοὶ
1265 1595 1362 1664 μὲν
1512 1602 1816 1670 περιουσίᾳ,

249 1669 760 1730 πλεονεκτικώτατοι
790 1679 842 1730 δὲ
877 1683 940 1749 τῇ
979 1687 1287 1754 προαιρέσει
1320 1689 1697 1757 τυγχάνουσιν·
1727 1693 1818 1756 οὓς

245 1762 348 1832 οὐχ
389 1766 419 1835 ἡ
453 1766 624 1821 ἔνδεια
671 1771 851 1834 σώζει,
889 1774 1000 1826 ἀλλ’
1035 1779 1066 1846 ἡ
1118 1780 1435 1848 προαίρεσις
1479 1770 1815 1854 κατακρίνει.

245 1856 324 1907 Ού
356 1858 529 1911 τοίνυν
552 1860 578 1909 6
607 1860 787 1932 ἐνδεὴς
819 1867 1031 1930 πάντως
1065 1871 1418 1939 μακαριστὸς,
1453 1873 1566 1925 ἀλλ’
1587 1876 1613 1926 6
1640 1876 1817 1946 κρείτ-

1931 686 2138 751 peccati
2185 687 2234 738 in
2294 688 2506 739 modum
2559 685 2858 739 indelebilis
2913 684 3190 753 eujnSdam
3245 683 3491 735 tineturze

1924 793 2137 847 semper
2180 781 2288 832 sint
2337 780 2570 832 habituri
2621 784 2689 834 ob
2730 779 2913 833 oculos
2942 797 2953 830 :
2982 793 3098 846 qua:
3138 787 3396 846 perpetuo
3438 775 3488 827 in

1926 871 2116 924 animzc
2149 884 2333 922 eorum
2384 873 2642 923 memoria
2682 885 3035 941 permansura
3091 879 3234 921 sunt.
3287 867 3493 921 Pam-o-

1926 978 2040 1014 rum
2088 972 2268 1016 autem
2298 973 2380 1016 est
2423 963 2681 1016 accedere
2712 966 2775 1016 ad
2811 978 2987 1017 veram
3026 959 3218 1020 lucem,
3245 976 3304 1011 ac
3338 973 3492 1012 reve-

1925 1055 2053 1118 lare,
2101 1067 2154 1110 et
2203 1066 2323 1124 post
2382 1055 2717 1109 occultorum
2789 1057 3160 1110 ~evelationem
3216 1052 3351 1106 facie
3385 1068 3488 1106 non

1922 1146 2143 1198 confusa
2177 1147 2346 1199 abire.

1992 1323 2043 1376 5.
2091 1322 2249 1377 Vens.
2293 1323 2347 1377 7.
2418 1321 2520 1375 llic
2572 1339 2768 1391 pauper
2829 1321 3068 1374 clamavit
3097 1361 3110 1382 ,
3147 1331 3193 1372 et
3237 1320 3492 1376 Dominus

1921 1415 2189 1467 exaudivit
2241 1432 2374 1467 etuu.
2417 1414 2530 1468 Non
2579 1430 2790 1480 semper
2839 1413 3123 1465 laudabilis
3161 1422 3240 1465 est
3268 1427 3490 1479 pauper-

1925 1520 2024 1571 tas,
2055 1506 2146 1560 sed
2178 1521 2297 1573 qua)
2321 1506 2476 1574 juxta
2521 1506 2888 1576 evangelicum
2923 1503 3206 1558 consilium
3236 1519 3300 1557 cx
3327 1503 3487 1555 liberi

1924 1599 2197 1652 Voluntate
2225 1600 2520 1668 pertieitur.
2555 1598 2830 1668 Siquidem
2864 1598 3015 1651 nmlti
3051 1605 3178 1650 sunt
3205 1611 3488 1664 pauperes,

1924 1691 2210 1746 lacullates
2242 1692 2285 1743 si
2316 1701 2526 1760 spectes
2557 1711 2567 1744 :
2596 1702 2650 1742 at
2684 1689 2958 1758 proposito
2993 1688 3293 1740 avarissimi
3344 1698 3488 1750 sunt,

1919 1801 2054 1852 quos
2107 1802 2208 1837 non
2267 1784 2437 1838 salvat
2487 1784 2801 1851 indigentia,
2841 1782 2946 1835 sed-
2982 1779 3311 1850 propositum
3364 1796 3491 1830 con-

1922 1881 2161 1928 demnat.
2200 1874 2311 1928 Non
2347 1877 2509 1946 igitur
2538 1877 2626 1944 qui
2665 1884 2803 1943 eget,
2852 1877 3106 1926 continuo
3138 1873 3330 1927 beatus
3362 1886 3492 1939 plar-

243 1964 374 2000 τονα
403 1951 744 2020 ἡγησάμενος
774 1958 880 2008 τῶν
909 1959 1003 2011 τοῦ
1037 1962 1237 2031 κόσμου
1273 1964 1558 2037 θησαυρῶν
1594 1966 1688 2038 τὴν
1726 1971 1811 2020 ἐν-
1849 1945 1888 2001 Β
1918 1988 1925 2018 t

1804 1999 1811 2008 -
1849 1945 1888 2001 Β
1918 1967 2178 2020 dicandus
2205 1980 2308 2028 est,
2331 1945 2420 2022 sed
2458 1968 2546 2036 qui
2574 1967 2772 2020 Christi
2808 1968 3117 2018 mandatum
3155 1965 3334 2019 mundi
3367 1968 3486 2019 the-

244 2038 406 2108 τολὴν
436 2039 529 2092 τοῦ
560 2043 813 2112 Χριστοῦ.
848 2049 1078 2112 Τούτους
1109 2054 1198 2104 καὶ
1229 2058 1254 2106 ό
1286 2056 1486 2125 Κύριος
1523 2057 1814 2131 μακαρίζει

244 2127 448 2196 λέγων·
481 2133 767 2202 Μακάριοι
805 2140 857 2188 οἱ
893 2143 1110 2208 πτωχοὶ
1155 2143 1233 2207 τῷ
1273 2150 1592 2215 πνεύμιιτν
1639 2154 1735 2222 οὐχ
1767 2156 1812 2206 οἱ

245 2222 478 2293 πένητες
509 2228 648 2280 κατὰ
691 2230 786 2300 τὴν
825 2235 1156 2302 περιουσίαν,
1193 2238 1306 2289 ἀλλ’
1330 2241 1378 2291 οἱ
1409 2241 1505 2311 τὴν
1545 2247 1814 2313 πτωχείαν

243 2316 310 2367 ἐκ
345 2316 452 2385 (79)
470 2317 644 2388 ψυχῆς
669 2322 1037 2392 προελόμενοι.
1067 2326 1229 2380 Οὐδὲν
1257 2329 1365 2400 γὰρ
1385 2331 1492 2383 τῶν
1522 2334 1816 2407 ἀπροαιρέ-

242 2423 355 2458 των
381 2413 731 2479 μακαριστόν.
769 2415 909 2466 Διότι
929 2418 1073 2470 πᾶσα
1105 2421 1295 2492 ἀρετὴ,
1332 2425 1563 2493 μάλιστα
1593 2426 1647 2479 δὲ
1675 2428 1811 2499 αὕτη

245 2498 353 2568 πρὸ
377 2501 609 2565 πάντων,
631 2504 708 2574 τῷ
731 2506 839 2578 (80)
870 2510 1098 2582 ἑκουσίῳ
1114 2517 1596 2589 χαρακτηρίζεται.
1626 2498 1814 2589 Οὗτοςέ

240 2585 358 2687 οὖν,
393 2595 582 2687 φησὶν,
620 2599 652 2650 d
679 2601 913 2687 πτωχὸς
937 2603 1242 2670 ἐκέκραξε.
1282 2585 1626 2684 Τῇνδεικτικῇ
1661 2585 1810 2687 φο)νῇ

241 2679 338 2732 ἐπὶ
381 2683 470 2735 τὸν
504 2686 850 2757 πτωχεύοντα
896 2691 1035 2743 κατὰ
1078 2693 1229 2756 θεὸν,
1266 2697 1357 2748 καὶ
1403 2676 1692 2764 πεινῶντα,
1720 2676 1812 2755 καί

239 2771 499 2840 διψῶντα,
527 2779 619 2829 καὶ
659 2781 1099 2848 γυμνητεύοντα,
1139 2785 1236 2855 τὴν
1274 2787 1510 2842 διάνοιάν
1542 2808 1633 2844 σου
1676 2811 1805 2864 προ.

243 2862 523 2915 καλεῖται’
576 2863 762 2935 Οὗτος
809 2873 839 2923 ό
885 2873 1157 2941 πτωχὸς,
1229 2882 1509 2951 μονονουχὶ
1567 2882 1813 2954 δακτύλῳ

241 2955 472 3018 δεικνύς·
508 2950 675 3023 Οὗτος
708 2963 734 3013 6
767 2963 1013 3037 μαθητὴς
1045 2969 1300 3038 Χριστοῦ.
1339 2975 1571 3028 Διινατὸν
1611 2980 1704 3031 καὶ
1732 2983 1810 3043 εἰς

239 3046 478 3116 Χριστὸν
526 3049 718 3114 ἁνάξαι
748 3053 838 3106 τὸν
873 3054 1028 3124 λόγον
1068 3057 1202 3128 (8|),
1244 3059 1323 3124 ὃς,
1358 3063 1609 3129 πλούσιος
1638 3067 1712 3120 ὢν
1746 3073 1810 3139 τῇ

241 3139 423 3205 φύσει,
465 3140 597 3194 διότι
641 3144 816 3199 πάντα
857 3148 925 3201 τά
962 3148 1054 3202 τοῦ
1099 3151 1311 3222 Πατρὸς
1350 3155 1513 3208 αὐτοῦ
1555 3157 1704 3222 ἐστι,
1745 3159 1811 3212 δι’

237 3231 388 3299 ἡμᾶς
446 3233 807 3303 ἐπτώχευσεν,
861 3240 947 3292 ἵνα
992 3244 1152 3312 ἡμεῖς
1197 3249 1262 3316 τῇ
1312 3247 1519 3301 ἐκείνου
1569 3251 1812 3324 πτωχείᾳ

238 3320 651 3393 πλουτήσωμεν.
675 3327 867 3396 Σχεδὸν
889 3330 996 3401 γὰρ
1026 3335 1224 3397 παντὸς
1250 3336 1411 3406 ἔργου
1433 3339 1525 3391 τοῦ
1551 3320 1813 3411 προάγον-

237 3431 333 3477 τος
364 3415 454 3467 ἐπὶ
474 3416 564 3468 τὸν
603 3422 950 3492 μακαρισμὸν
976 3425 1137 3490 αὐτὸς
1174 3423 1339 3498 ἦρξεν
1374 3433 1402 3482 6
1437 3433 1663 3502 Κύριος,
1699 3454 1807 3489 πα-

238 3505 514 3579 ράδειγμα
547 3511 660 3572 τοῖς
685 3509 1046 3580 μανθάνουσιν
1077 3518 1560 3589 ἑαυτδνπροτιθείς
1615 3525 1810 3578 Ἐπάν-

237 3614 343 3664 ηκε
378 3599 468 3650 ἐπὶ
508 3601 632 3664 τοὺς
679 3607 1080 3674 μακαρισμοέις,
1146 3611 1238 3661 καὶ
1279 3611 1505 3664 ἕκαστον
1552 3614 1811 3681 ἐξετάσας

238 3689 510 3761 εὑρήσεις,
535 3693 614 3745 ὅτι
642 3694 902 3765 προέλαϐε
929 3698 1028 3768 τὴν
1058 3701 1121 3751 ὲκ
1155 3700 1246 3753 τοῦ
1271 3702 1428 3770 λόγου
1461 3705 1811 3763 διδασκαλίαν

235 3783 352 3844 τοῖς
379 3782 580 3854 ἔργοις.
606 3786 889 3854 Μακάριοι
917 3792 970 3842 οὶ
996 3792 1218 3858 πραεῖς.
1261 3795 1384 3859 Πῶς
1411 3793 1502 3849 οὖν
1553 3798 1810 3870 μάθωμεν

234 3876 338 3945 τὴν
363 3878 673 3948 πραότητα;
724 3883 946 3937 Μάθετε
970 3886 1070 3939 ἀπ’
1091 3887 1257 3955 ἐμοῦ,
1288 3891 1469 3959 φησιν,
1507 3890 1594 3945 ὅτι
1620 3895 1809 3962 πρᾶός

233 3967 356 4034 ειμι
393 3966 489 4019 καὶ
519 3970 796 4037 ταπεινὸς
827 3974 901 4042 τῇ
929 3976 1159 4045 καρδίᾳ.
1191 3981 1479 4049 Μακάριοι
1499 3987 1554 4037 οὶ
1579 3987 1809 4054 εἰρηνο-

235 4059 417 4112 ποιοί.
451 4060 545 4123 Τίς
573 4063 717 4131 ἡμᾶς
737 4062 931 4130 διδάξει
963 4068 1020 4118 τὸ
1038 4069 1134 4138 τῆς
1157 4073 1378 4142 εἰρήνης
1410 4075 1604 4140 καλόν;
1641 4080 1809 4143 Αὐτὸς

234 4151 265 4201 ὁ
285 4152 638 4221 είρηνοποιὸς,
661 4157 688 4207 ὁ
719 4155 884 4208 ποιῶν
916 4159 1160 4228 εἰρήνην,
1192 4164 1284 4214 καὶ
1315 4165 1810 4222 ἀποκαταλλάσσων

234 4241 365 4301 τοὺς
401 4241 492 4294 δύο
519 4245 599 4307 είς
635 4245 728 4298 ἕνα
758 4248 942 4300 καινὸν
984 4249 1270 4320 ἄνθρωπον
1292 4269 1303 4282 ’
1333 4255 1360 4305 6
1392 4256 1809 4328 εἰρηνοποιήσας

235 4327 326 4382 διὰ
350 4329 444 4381 τοῦ
478 4333 705 4401 αἵματος
739 4334 832 4388 τοῦ
870 4339 1102 4406 σταυροῦ
1145 4340 1306 4393 αὑτοῦ
1341 4343 1448 4394 εἴτε
1496 4344 1564 4396 τὰ
1612 4348 1668 4398 ἐν
1697 4327 1810 4412 τοῖς

235 4421 486 4491 οὐρανοῖς
512 4424 620 4476 εἴτε
649 4427 714 4479 τὰ
745 4428 835 4479 ἐπὶ
861 4429 958 4499 τῆς
990 4430 1114 4498 γῆς.
1164 4432 1450 4500 Μακάριοι
1483 4440 1536 4488 οἱ
1566 4440 1806 4508 πτωχοί.

234 4514 409 4576 Λύτός
440 4515 586 4566 ἐστιν
615 4518 643 4568 6
678 4520 1014 4588 πτωχεύσας,
1049 4523 1142 4574 καὶ
1171 4523 1411 4589 κενώσας
1442 4529 1630 4580 ἑαυτὸν
1663 4531 1719 4583 ὲν
1743 4535 1805 4602 τῇ

1919 2061 2094 2113 sauris
2121 2061 2394 2128 antiquius
2448 2062 2624 2114 habet.
2671 2059 2777 2114 llos
2813 2070 2865 2113 et
2909 2059 3164 2113 Dominus
3196 2059 3380 2114 beatos
3411 2059 3491 2110 di—

1902 2149 2011 2211 .cit,
2046 2149 2230 2201 dicens
2259 2167 2270 2201 :
2302 2147 2454 2200 Beati
2475 2165 2725 2217 pauperes
2757 2151 2938 2217 spiritu
2966 2149 3009 2179 ⁸³
3032 2167 3044 2215 ;
3071 2164 3174 2202 non
3205 2147 3317 2216 qui,
3349 2145 3488 2216 quod

1917 2242 1982 2293 ad
2024 2239 2310 2295 facultates
2355 2242 2572 2306 attinet,
2614 2256 2879 2308 pauperes
2914 2251 3060 2303 sunt,
3099 2241 3191 2294 sed
3236 2240 3324 2307 qui
3361 2254 3462 2306 pau

1918 2342 2178 2398 pertatem
2211 2348 2274 2385 ex
2314 2332 2495 2383 animo
2540 2332 2872 2400 selcgerunt.
2911 2330 3178 2399 Quidquid
3219 2331 3359 2385 enim
3393 2346 3479 2385 γοα

1918 2419 2209 2473 luntarinm
2258 2439 2361 2474 ιιυιι
2414 2432 2516 2488 est,
2548 2425 2761 2477 beatum
2808 2423 2910 2477 dici
2948 2440 3052 2478 non
3087 2433 3318 2493 oportet.
3353 2422 3486 2478 Nam

1917 2511 2088 2563 virtus
2119 2511 2317 2578 omnis,
2347 2524 2400 2565 et
2453 2513 2566 2566 haec
2600 2514 2853 2579 maxime,
2889 2514 2940 2567 in
2975 2516 3164 2582 primis
3199 2515 3365 2568 libero
3394 2532 3480 2568 ar-

1919 2604 2081 2658 bitrio
2113 2619 2210 2658 ceu
2245 2606 2563 2658 charactere
2593 2605 2902 2673 insignitur.
2945 2604 3047 2656 Hic
3076 2605 3259 2674 igitur,
3295 2606 3486 2670 inquit,

1914 2711 2110 2762 pauper
2137 2695 2404 2747 clamauit.
2442 2694 2872 2749 Demonstrativa
2917 2710 3049 2750 voce
3075 2697 3140 2751 ad
3172 2711 3484 2767 pauperem,

1915 2798 1967 2840 et
2015 2787 2363 2849 esurientem,
2409 2796 2462 2841 et
2495 2787 2789 2854 sitientem,
2818 2800 2873 2844 et
2923 2792 3125 2844 nudum
3184 2792 3483 2846 secundum

1917 2879 2103 2942 Deum,
2138 2880 2403 2950 protrahit
2433 2892 2664 2934 mentem
2691 2893 2834 2934 tuam
2866 2900 2878 2936 :
2912 2882 3011 2938 Hic
3037 2901 3253 2952 pauper,
3283 2895 3488 2938 tantum

1917 2990 2019 3024 nun
2059 2973 2224 3035 digito
2279 2971 2732 3027 ostendenszllic
2768 2973 2967 3028 Christi
3017 2975 3337 3044 discipulus.
3382 2975 3488 3031 Po~

1917 3073 2022 3116 test
2054 3073 2107 3116 et
2133 3065 2197 3116 ad
2227 3063 2500 3116 Christum
2548 3063 2636 3118 hic
2686 3079 2868 3120 sermo
2905 3064 3120 3130 referri,
3158 3067 3247 3136 qui
3299 3076 3488 3121 natura

1915 3158 2064 3212 dives
2103 3172 2224 3210 cum
2260 3167 2426 3220 esset,
2458 3167 2746 3225 propterea
2802 3159 2943 3227 quod
2980 3159 3162 3212 omnia
3211 3159 3352 3214 bona
3387 3158 3489 3212 Pa-

1917 3249 2013 3302 tris
2059 3248 2228 3316 ipsius
2263 3257 2408 3311 sunt,
2436 3257 2663 3316 propter
2695 3264 2792 3301 nos
2837 3263 3041 3317 pauper
3076 3248 3248 3302 factus
3292 3258 3398 3310 est,
3431 3259 3490 3302 ut

1918 3357 2014 3395 nos
2062 3340 2205 3394 illius
2247 3347 2561 3410 paupertate
2608 3341 3086 3396 ditesceremus“.
3126 3342 3335 3396 Etenim
3371 3356 3486 3395 om-

1915 3452 2035 3490 nem
2064 3432 2178 3489 l‘ere
2206 3433 2476 3488 actionem
2505 3422 2623 3503 quae
2649 3447 2744 3487 nos
2769 3434 2833 3485 ad
2865 3432 3258 3488 beatitudinem
3292 3449 3487 3504 provo-

1912 3537 2018 3590 cat,
2057 3525 2313 3580 Dominns
2357 3525 2468 3594 ipse
2494 3524 2804 3594 auspicatus
2845 3537 2948 3587 est,
2990 3540 3050 3580 se
3080 3526 3252 3595 ipsum
3289 3541 3487 3595 propn-

1916 3633 2048 3671 nens
2081 3616 2389 3685 exemplum
2423 3617 2773 3671 discentibus.
2820 3617 2951 3670 ltedi
2981 3618 3048 3671 ad
3090 3617 3484 3685 beatitudines;

1913 3722 1967 3764 et
1997 3710 2224 3776 singulis
2250 3711 2526 3780 expensis,
2569 3725 2692 3764 eum
2719 3711 2964 3766 invenies
2996 3711 3252 3780 operibus
3279 3711 3487 3764 doctri-

1915 3818 2039 3856 nam
2079 3805 2226 3856 verbi
2283 3802 2646 3871 prazvertisse.
2717 3801 2868 3855 Beati
2921 3804 3069 3856 mites
3089 3801 3155 3854 “.
3209 3800 3489 3867 Quomodo

1913 3894 2076 3965 igitur
2106 3895 2456 3950 didicerimus
2493 3893 2656 3966 148
2684 3893 3188 3948 mansuetudinem?
3221 3893 3418 3947 Discite
3453 3910 3489 3946 a

1913 4006 2012 4052 me,
2042 3989 2232 4056 inquit,
2265 3990 2389 4058 quia
2428 3989 2567 4041 mitis
2597 4005 2712 4041 sum
2747 3997 2796 4040 et
2825 3988 3035 4040 humilis
3067 3988 3223 4041 corde
3247 3988 3312 4041 "‘.
3336 3986 3492 4041 Beati

1912 4078 2120 4148 paciﬁci
2143 4078 2210 4134 ⁸⁷.
2241 4077 2340 4143 Qui
2379 4093 2475 4134 nos
2508 4079 2720 4133 docebit
2752 4079 2900 4146 pacis
2940 4078 3180 4131 bonum?
3227 4076 3346 4146 Ipse
3397 4078 3486 4131 ille

1914 4171 2191 4240 paciticus,
2222 4170 2313 4238 qui
2364 4169 2496 4224 facit
2546 4186 2757 4238 paceni,
2791 4182 2842 4223 et
2881 4171 3198 4224 reconciliat
3246 4171 3382 4225 duos
3427 4172 3481 4225 in

1916 4279 2077 4314 unum
2124 4278 2318 4316 novum
2356 4264 2625 4317 hominem
2648 4263 2724 4327 ‘3;
2755 4265 2844 4332 qui
2880 4263 3186 4333 paciticavit
3233 4280 3330 4333 per
3355 4281 3485 4319 san-

1912 4355 2126 4424 guinem
2155 4356 2333 4409 erucis
2364 4371 2493 4421 sum,
2528 4365 2637 4408 tum
2681 4371 2798 4424 quae
2831 4356 2881 4409 in
2916 4357 3088 4418 cmlis.
3126 4366 3234 4411 tum
3265 4374 3385 4427 qua:
3432 4359 3484 4411 in

1915 4457 2054 4499 terra
2103 4446 2306 4500 sunt".
2335 4445 2488 4500 Beati
2511 4463 2764 4516 pauperes
2788 4446 2854 4500 '°.
2888 4445 3007 4516 Ipse
3034 4458 3117 4501 est
3152 4447 3246 4515 qui
3282 4464 3486 4517 pauper

1916 4534 2104 4598 fuit,et
2127 4552 2186 4590 se
2221 4536 2392 4604 ipsum
2433 4536 2481 4604 in
2512 4536 2682 4590 forma
2707 4538 2849 4592 servi
2876 4538 3262 4603 exinanivit“,
3306 4549 3362 4592 ut
3388 4555 3488 4594 nos

231 4606 331 4660 τοῦ
357 4607 542 4660 δούλου
576 4612 776 4682 μορφῇ,
817 4613 901 4664 ἵνα
944 4616 1102 4684 ἡμεῖς
1138 4617 1336 4680 πάντες
1367 4622 1430 4672 ὲκ
1461 4622 1554 4673 τοῦ
1588 4623 1805 4695 πληρώ-
1845 4631 1884 4684 ι)

1799 4657 1805 4665 -
1845 4631 1884 4684 ι)
1913 4643 2101 4681 «mines
2141 4643 2203 4680 ex
2241 4626 2355 4694 ejus
2389 4627 2719 4697 plenitudine
2770 4629 3124 4695 accipiamus,
3157 4638 3211 4682 et
3255 4629 3481 4697 gratiam

239 4715 408 4766 ματος
441 4697 604 4750 αὑτοῦ
653 4699 924 4770 λάϐωμεν,
963 4706 1055 4757 καὶ
1096 4708 1256 4778 χάριν
1299 4711 1419 4763 ἀντὶ
1454 4713 1691 4784 χάριτος.
1743 4718 1809 4770 Εἴ

233 4805 319 4850 τις
347 4785 459 4851 οὖν,
503 4790 608 4842 ἀπὸ
646 4792 738 4844 τοῦ
768 4793 877 4859 (8'2)
915 4796 1067 4862 ἁγίου
1100 4802 1190 4850 καὶ
1221 4800 1598 4873 φιλανθρώπου
1641 4808 1806 4861 Πνεύ-

239 4896 408 4949 ματος
443 4882 726 4953 ἀγόμενος,
760 4886 832 4955 μὴ
867 4888 1074 4956 φρονῶν
1105 4891 1187 4956 ἐφ’
1214 4893 1410 4963 ἑαυτῷ,
1440 4895 1574 4948 ἀλλά
1614 4915 1805 4952 ταπει-

233 4968 342 5021 νῶν
373 4970 581 5032 ἑαυτὸν,
619 4973 702 5025 ἵνα
731 4975 853 5036 τοὺς
871 4975 1058 5039 ἄλλους
1085 4979 1293 5051 ύᾴώσῃ,
1325 4981 1515 5051 κράξοι
1544 4985 1617 5055 τῷ
1653 4991 1806 5042 πνεύ-

237 5077 368 5130 ματι
397 5061 463 5114 τά
503 5065 710 5131 μεγάλα
746 5067 1067 5137 εὐχόμενος,
1110 5072 1199 5122 καὶ
1234 5072 1400 5142 μηδὲν
1431 5081 1806 5148 μικροπρεπὲς

234 5153 372 5227 μηδὲ
415 5159 663 5210 ταπεινὸν
718 5159 1007 5228 φθέγγοιτο
1058 5165 1119 5215 ἐκ
1167 5163 1261 5216 τοῐ
1315 5165 1382 5217 τά
1439 5169 1657 5237 ἐπίγεια
1713 5176 1804 5226 καὶ

303 5370 347 5401 δ’
373 5367 560 5425 Matth.
593 5387 644 5434 ν,
673 5371 726 5424 5.
785 5371 829 5402 ⁸⁸
862 5372 901 5424 ll
929 5372 1052 5428 Cor.
1084 5389 1197 5440 vnt,
1225 5373 1280 5429 9.

230 5440 276 5472 ⁸⁸
297 5441 508 5495 Coloss.
548 5458 583 5504 l,
613 5442 702 5499 20.
747 5441 792 5472 ⁸⁸
822 5442 1008 5497 Matth.
1042 5460 1090 5510 ν,
1118 5445 1167 5497 5.

1356 5373 1400 5406 ⁸⁸
1433 5376 1620 5432 Matth.
1654 5396 1706 5440 ν,
1745 5383 1794 5438 5,

1247 5447 1289 5476 ⁵¹
1329 5445 1559 5518 Philipp.
1597 5465 1658 5513 It,
1691 5454 1741 5505 7.

301 5573 414 5643 (79)
446 5573 573 5652 Reg.
608 5576 869 5652 tertiuspt
899 5576 996 5652 τῂν
1025 5578 1213 5652 πενίαν
1264 5580 1348 5652 ἐκ.
1407 5577 1606 5652 Ibidem
1662 5581 1797 5652 Reg.

227 5655 461 5714 quartus
488 5645 751 5714 ἑλόμενοι.
781 5646 896 5698 Mox
935 5647 1062 5714 lteg.
1095 5648 1281 5700 tertius
1312 5650 1392 5700 ὅτι
1414 5651 1583 5704 πᾶσα.

303 5715 414 5778 (80)
449 5713 520 5766 Ita
575 5713 777 5787 Septem
831 5733 984 5776 mss.,
1023 5713 1076 5769 et
1130 5720 1199 5770 ita
1236 5719 1332 5785 legi
1375 5731 1624 5787 oportere
1663 5723 1798 5776 satis

230 5787 573 5862 pu-spictnnu
610 5795 707 5838 est.
749 5786 884 5862 Editi
933 5801 1061 5840 vero
1091 5789 1212 5840 Cum
1260 5786 1422 5843 Colb.,
1466 5793 1654 5858 quinto
1691 5794 1794 5862 μά-

226 5853 386 5908 λιστα.
409 5854 472 5924 δὴ
507 5854 720 5908 πάντων
750 5855 844 5924 τῷ.

300 5927 413 5992 (81)
447 5926 640 5980 'l'otum
663 5926 809 5988 illud,
849 5926 1073 5981 δυνατὸν
1109 5929 1200 5982 καὶ
1236 5931 1312 5992 εἰς
1340 5931 1569 5983 Χιιττῖιν
1602 5933 1792 5986 divitia:

1875 5384 1918 5416 ⁸⁸
1955 5383 2138 5435 Matth.
2178 5397 2252 5444 χι,
2285 5381 2373 5436 ‘29.

1819 5458 1863 5487 ⁵³
1896 5455 2046 5508 .Ιι›.ιιι.
2085 5469 2122 5516 1,
2161 5453 2241 5506 ιϐ.

1915 4737 2008 4789 pro
2032 4722 2202 4788 gratia
2222 4722 2289 4774 δ’.
2314 4721 2370 4773 Si
2403 4721 2522 4789 quis
2546 4721 2709 4789 igitur
2741 4734 2770 4772 a
2799 4730 2988 4785 saneto
3020 4729 3074 4772 et
3113 4721 3345 4788 benigno
3370 4721 3487 4788 Spi-

1916 4812 2020 4865 ritu
2066 4817 2278 4871 ductus,
2311 4813 2361 4862 in
2395 4811 2686 4877 semetipso
2740 4825 2842 4862 nou
2879 4810 3074 4874 elatus,
3103 4812 3197 4864 sed
3241 4825 3362 4865 sese
3392 4812 3486 4864 hn-

1915 4904 2151 4964 milians,
2181 4913 2237 4955 ut
2269 4901 2403 4954 alios
2432 4900 2650 4966 exaltet,
2692 4903 2884 4969 spiritu
2927 4902 3123 4957 clamet
3174 4918 3365 4972 magna
3398 4919 3487 4956 ro-

1913 5010 2066 5064 gans,
2109 5009 2206 5047 nec
2261 4994 2551 5062 quidquam
2594 4994 2860 5063 abjectum
2910 5004 3003 5047 aut
3057 4995 3258 5048 humile
3299 4995 3486 5063 loqua-

1919 5098 2024 5147 tur,
2056 5101 2121 5139 ex
2162 5100 2228 5138 eo
2274 5089 2413 5153 quod
2456 5097 2668 5139 terrena
2703 5096 2755 5139 et
2794 5087 3061 5139 mundana
3095 5095 3323 5155 quaerat,
3366 5087 3484 5138 talis

1917 5178 2016 5229 \‘iri
2068 5177 2272 5231 clamor
2299 5195 2328 5230 ιι
2365 5177 2588 5230 Domino
2625 5178 2968 5231 exaudietur.
3014 5177 3272 5243 Quisnam
3323 5178 3484 5243 igitur

2451 5381 2493 5412 ⁸⁷
2524 5381 2711 5437 Matth.
2757 5396 2806 5446 v,
2839 5384 2891 5437 9.
2970 5383 3014 5413 “’
3053 5382 3245 5451 Ephes.
3295 5400 3351 5446 ιι,
3390 5384 3478 5437 15.

1903 5587 1993 5638 τὸν
2019 5585 2190 5654 λόγον,
2222 5587 2273 5639 ἱιι
2326 5587 2561 5654 quinque
2596 5601 2728 5640 mss.
2756 5601 2860 5639 non
2898 5587 3091 5654 legitur
3121 5603 3133 5637 :
3182 5587 3274 5639 sed
3329 5602 3484 5653 repe-

1906 5659 2040 5709 ritur
2091 5661 2140 5709 in
2195 5656 2372 5726 Regiis
2405 5666 2598 5725 quarto
2627 5667 2681 5709 et
2715 5668 2870 5710 sexto
2918 5669 2971 5710 ct
3015 5658 3066 5710 in
3100 5658 3254 5711 Colb.
3287 5659 3484 5726 quinto

1901 5743 2052 5794 atque
2094 5743 2156 5780 ac
2192 5730 2243 5780 in
2273 5728 2454 5782 editis.

1967 5797 2085 5876 (82)
2127 5798 2200 5853 lta
2257 5799 2496 5868 quinque
2542 5812 2672 5854 mss.
2721 5797 2898 5853 Editio
2951 5813 3077 5854 vero
3135 5795 3311 5852 Paris.
3373 5798 3481 5853 ora

1901 5887 2015 5923 του.
