4260 6490
811 417 916 470 363

2103 421 2159 474 ὁ.
2203 419 2445 472 BASlLll
2485 418 2698 473 MAGNI

3920 419 4022 471 361

807 521 1095 576 auditionis
1139 523 1259 576 llnis
1291 525 1409 577 est?
1447 525 1690 578 Liberari
1739 539 1806 579 ex
1857 525 2107 582 omnibus
2143 528 2362 582 tribula-
2389 533 2436 588 Α
2464 546 2489 578 κ

2343 556 2362 566 -
2389 533 2436 588 Α
2464 530 2701 597 κοσμικά
2725 526 2907 598 ζητεῖν
2959 528 3091 599 (85).
3124 526 3218 579 τοῦ
3266 531 3505 583 τοιούτου
3549 528 3583 600 ἡ
3638 527 3852 600 κραυγὴ
3910 529 4025 580 ela-

807 611 1062 677 tionibus,
1094 613 1228 666 adeo
1255 623 1312 665 ut
1351 629 1456 668 non
1491 617 1566 670 sis
1599 617 1901 682 sauciatus,
1927 632 2031 672 non
2066 619 2358 689 frangaris,

804 711 978 766 neque
1011 701 1193 756 carnis
1220 701 1435 758 aﬂ'ectui
1467 706 1809 772 manciperis.
1837 709 1967 775 Quis
1987 709 2150 777 igitur
2175 713 2361 766 modus

801 801 896 856 per
914 803 1073 858 quem
1101 789 1360 847 liberatur
1381 797 1620 864 pauper?
1642 797 1827 866 (Vens.
1845 799 1920 871 8.)
1938 799 2124 857 Castra
2149 806 2364 858 metabi-

803 892 889 932 tur
916 882 1131 949 angelus
1183 883 1396 939 Domini
1441 888 1494 940 in
1535 891 1754 946 circuitu
1793 895 2081 948 timentium
2135 913 2273 958 eum.
2313 909 2364 952 et

802 972 986 1040 eripiet
1021 990 1130 1028 eos.
1162 973 1547 1044 lnterpretatus
1573 992 1657 1034 est
1685 998 1843 1052 quem
1875 983 2019 1036 dicat
2049 1001 2360 1054 pauperem,

805 1064 1079 1119 timentem
1138 1067 1387 1122 videlicet
1433 1069 1737 1128 Dominum.
1773 1076 1980 1129 ldcirco
2038 1079 2129 1145 qui
2181 1082 2352 1144 timet,

802 1155 980 1208 adhuc
1011 1157 1062 1210 in
1097 1157 1241 1211 servi
1281 1160 1470 1215 ordine
1504 1174 1621 1217 est:
1647 1166 1735 1232 qui
1771 1180 1900 1220 vero
1927 1167 2191 1222 charitate
2239 1184 2360 1237 per-

803 1245 976 1302 fectus
1015 1258 1118 1309 est.
1143 1250 1258 1318 jam
1307 1253 1374 1307 ad
1423 1254 1515 1310 lilii
1569 1257 1884 1325 dignitatem
1928 1260 2192 1314 ascendit.
2225 1261 2363 1315 llinc

803 1352 992 1428 servus
1037 1341 1201 1396 etiam
1237 1358 1439 1413 pauper
1473 1345 1692 1411 dicitur,
1735 1358 2016 1417 propterea
2061 1352 2203 1420 quod
2235 1352 2363 1405 nihil

805 1428 966 1484 habet
985 1435 1186 1501 proprii
1220 1452 1234 1487 :
1266 1436 1407 1488 illius
1435 1450 1563 1490 vero
1589 1435 1700 1504 lam
1730 1438 1880 1493 dives
1907 1451 2010 1505 est,
2034 1443 2174 1510 quod
2204 1444 2365 1498 bono-

807 1535 928 1574 rum
956 1535 1300 1591 paternorum
1330 1527 1400 1580 sit
1429 1527 1618 1581 heres.
1665 1527 1854 1582 Castra
1887 1531 2046 1602 igitur
2082 1534 2364 1586 metabitur

807 1612 1024 1680 angelus
1053 1612 1267 1666 Domini
1308 1617 1361 1668 in
1406 1617 1629 1670 circuitu
1663 1620 1959 1673 timentium
1986 1638 2125 1676 eum.
2153 1623 2366 1678 Assidet

807 1700 1031 1769 angelus
1075 1703 1295 1758 cuilibet
1333 1705 1386 1758 in
1421 1706 1703 1760 Dominum
1748 1711 2011 1772 credenti,
2044 1713 2146 1766 nisi
2178 1729 2273 1767 nos
2303 1714 2364 1766 il-

807 1789 914 1843 lum
939 1792 1191 1861 aperibus
1215 1796 1397 1864 pravis
1415 1797 1716 1866 ahigamus.
1736 1799 2193 1865 Quemadmodum
2220 1804 2362 1858 enim

2464 620 2705 692 ακουστὴ
2751 619 2828 691 τῷ
2858 621 3068 691 Κυρίῳ.
3096 621 3159 673 Τί
3187 617 3278 673 οὖν
3304 621 3362 673 τὸ
3408 623 3556 687 τέλος
3600 621 3697 692 τῆς
3726 621 3927 692 ἀκοῆς;
3954 621 4028 674 Τὸ

2463 711 2724 782 ρυσθῆναι
2753 712 2860 766 ἀπὸ
2895 714 3082 766 πασῶν
3115 711 3220 767 τῶν
3249 711 3477 781 θλίψεων
3500 715 3759 788 ἄτρωτον,
3799 713 3876 783 μὴ
3904 715 4029 766 ὑπο-

2462 802 2876 867 κατακλιθέντα,
2938 804 3069 874 μηδὲ
3116 802 3430 857 δουλεύοντα
3473 805 3549 873 τῷ
3583 805 3885 876 φρονήματι
3926 805 4026 873 τῆς

2465 894 2684 964 σαρκός.
2720 895 2817 957 Τίς
2848 889 2938 948 οὖν
2970 895 3063 945 καὶ
3089 897 3116 947 6
3137 896 3333 964 τρόπος
3353 893 3420 945 δι’
3441 886 3501 944 οὗ
3533 895 3763 963 ῥύεταιό
3782 892 4022 962 πτωχόςς

2463 986 2835 1054 Παρεμσαλεῖ
2862 986 3109 1056 ἅγγελος
3150 986 3367 1055 Κυρίου
3414 985 3619 1047 κύκλῳ
3667 986 3785 1041 τῶν
3813 986 4028 1056 φοϐου-

2457 1076 2653 1148 μένων
2679 1079 2881 1143 αὺτὸν,
2910 1077 3004 1132 καὶ
3021 1077 3268 1145 ῥύσεται
3295 1075 3531 1141 αὐτούς.
3549 1074 3882 1149 Ἠρμήνευσε
3908 1077 4028 1131 τίνα

2463 1168 2609 1236 λέγει
2666 1167 2757 1218 τὸν
2780 1170 3010 1237 πτωχὸν,
3043 1167 3132 1220 τὸν
3161 1167 3489 1238 φοϐούμενον
3521 1165 3609 1218 τὸν
3640 1169 3863 1240 Κύριον.
3885 1169 4028 1220 Διότι

2463 1262 2491 1312 6
2525 1256 2853 1328 φοϐούμενος
2882 1259 2960 1311 ἔτι
2995 1261 3051 1311 ἐν
3074 1260 3138 1328 τῇ
3173 1257 3263 1309 τοῦ
3289 1258 3473 1312 δούλου
3505 1256 3653 1322 τάξει
3684 1260 3851 1312 ἐστίν.
3885 1261 3941 1312 '0
3970 1261 4028 1312 δὲ

2465 1351 2568 1404 ὑπὸ
2602 1351 2700 1419 τῆς
2733 1349 2956 1420 ἀγάπης
2999 1350 3412 1418 τετελειωμένος
3458 1351 3594 1421 πρὸς
3633 1348 3728 1418 τὴν
3772 1353 3863 1404 τοῦ
3909 1350 4028 1404 υίοῦ

2465 1443 2648 1495 λοιπον
2699 1440 2854 1505 ἀξίαν
2881 1443 3148 1514 ἀνέδραμε
3177 1441 3303 1513 (84).
3331 1444 3527 1514 Διόπερ
3555 1446 3581 1495 6
3601 1443 3700 1513 μὲν
3723 1443 3910 1508 δοῦλος
3936 1448 4029 1498 καὶ

2465 1531 2675 1602 πτωχὸς
2716 1531 2964 1599 λέγεται,
3006 1533 3083 1602 τῷ
3135 1533 3297 1604 μηδὲν
3341 1532 3470 1585 ἴδιον
3517 1533 3659 1603 ἔχειν
3685 1550 3697 1562 ·
3744 1534 3772 1584 6
3815 1533 3871 1585 δὲ
3915 1535 4027 1598 υἱὸς

2465 1626 2562 1695 ἤδη
2592 1625 2683 1676 καὶ
2713 1621 2984 1686 πλούσιος,
3031 1624 3107 1693 τῷ
3140 1624 3468 1694 κληρονόμος
3514 1624 3649 1678 εἶναι
3691 1623 3796 1677 τῶν
3830 1643 4027 1694 πατρι-

2467 1715 2576 1766 κῶν
2607 1713 2845 1780 ἀγαθῶν.
2878 1715 3248 1780 Παρεμϐαλεῖ
3276 1710 3366 1767 οὖν
3397 1714 3650 1784 ἅγγελος
3689 1715 3912 1782 Κιιρίου
3931 1718 4032 1767 κύ-

2466 1811 2591 1869 κλῳ
2618 1804 2734 1859 τῶν
2765 1805 3147 1875 φοϐουμένων
3188 1807 3390 1862 αὐτόν.
3433 1807 3601 1859 Παντὶ
3647 1807 4029 1859 πεπιστευκύτι

809 1881 988 1939 fumus
1020 1900 1149 1953 apes
1180 1887 1349 1956 fugat,
1399 1899 1451 1942 et
1492 1889 1630 1943 fetor
1677 1891 1953 1947 columbas
1999 1895 2216 1962 expellit
2247 1913 2260 1949 ε
2289 1897 2366 1952 sic
2399 1872 2442 1926 Β
2469 1916 2491 1950 ε

2350 1913 2366 1952 3
2399 1872 2442 1926 Β
2469 1901 2549 1959 είς
2576 1899 2663 1950 τὸν
2699 1898 2901 1968 Κύριον
2939 1872 3166 1967 ἀγγελος
3197 1897 3539 1981 παρεᾷρεύει,
3567 1900 3660 1952 ἐὰν
3706 1901 3917 1970 μήποτε
3947 1902 4032 1952 αὐ-

809 1975 1054 2042 angelum
1084 1978 1204 2031 vita:
1237 1989 1434 2033 nostrae
1473 1983 1750 2036 custodem
1779 1983 2125 2054 lacrymabile
2157 2002 2221 2042 ac
2247 2003 2368 2055 gra-

808 2065 1024 2119 veoleus
1060 2078 1336 2134 peccatum
1380 2069 1565 2139 abigit.
1605 2071 1777 2140 Opera
1830 2077 2086 2132 custodite
2117 2081 2369 2148 angelicae

808 2153 968 2221 digna
996 2154 1048 2207 in
1096 2165 1182 2209 tua
1220 2157 1397 2210 anima
1429 2159 1474 2212 si
1515 2159 1738 2225 habeas,
1764 2171 1817 2216 et
1856 2181 2006 2220 mens
2040 2166 2092 2218 in
2125 2167 2366 2219 veritatis

807 2247 1268 2315 contemplatione
1314 2251 1461 2306 dives
1516 2253 1568 2306 in
1629 2262 1681 2308 te
1731 2256 2018 2319 inhabitet,
2041 2261 2108 2310 ob
2155 2257 2368 2310 divitias

811 2335 1188 2400 praeclarorum
1231 2353 1454 2408 operum
1487 2343 1722 2409 virtutis,
1757 2345 1898 2400 Deus
1933 2347 2241 2400 necessario
2269 2349 2366 2401 sti-

811 2426 1087 2493 pulatores
1142 2427 1234 2481 tibi
1269 2437 1323 2481 et
1357 2433 1608 2485 custodes
1641 2435 1939 2497 constituit,
1971 2444 2126 2504 teque
2159 2437 2369 2506 angelo-

812 2532 928 2571 rum
973 2520 1268 2573 communit
1300 2523 1563 2578 custodia.
1599 2523 1892 2580 Considera
1939 2536 2119 2581 autem
2170 2540 2365 2595 quanta

811 2611 881 2662 sit
913 2610 1225 2679 angelorum
1265 2623 1476 2680 natura,
1504 2617 1934 2686 quandoquidem
1976 2621 2230 2674 exercitui
2276 2621 2368 2674 toti

809 2709 868 2754 et
918 2705 1115 2756 castris
1168 2705 1438 2772 frequenti
1494 2711 1661 2762 milite
1713 2709 1928 2765 refertis
1967 2713 2186 2782 angelus
2237 2729 2371 2766 nuns

811 2802 1178 2858 comparatur.
1232 2793 1461 2864 Propter
1491 2799 1916 2867 magnitudinem
1951 2801 2112 2869 igitur
2139 2804 2253 2872 ejus
2278 2803 2369 2872 qui

812 2886 866 2932 te
893 2880 1144 2945 custodit,
1182 2882 1437 2938 Dominus
1469 2894 1645 2940 castra
1686 2888 1777 2941 tibi
1829 2889 2072 2958 impertit
2106 2910 2118 2944 :
2147 2904 2367 2961 propter

813 2970 1182 3026 fortitudinem
1226 2988 1354 3029 vero
1399 2976 1597 3045 angeli,
1635 2978 1797 3032 tutela
1848 2980 2013 3048 ipsius
2069 2997 2165 3036 ceu
2218 2999 2372 3039 muro

813 3060 1084 3116 undelibet
1116 3072 1166 3116 te
1216 3066 1405 3121 munit.
1438 3065 1566 3120 Nam
1605 3068 1752 3133 illud,
1784 3068 1850 3122 In
1881 3072 2126 3136 circuitu,
2159 3073 2258 3127 hoc
2289 3075 2368 3143 ip-

2467 1990 2556 2040 τὸν
2596 1991 2753 2059 ἡμεῖς
2781 1990 2845 2041 ἐκ
2882 1990 2990 2043 τῶν
3016 1991 3264 2061 πονηρῶν
3298 1991 3475 2062 ἔργων
3502 1991 3909 2062 ἀποδιώξωμεν.
3945 1993 4034 2055 Ὠς

2467 2080 2576 2150 γὰρ
2602 2081 2697 2143 τάς
2732 2081 2990 2151 μελίσσας
3033 2083 3234 2146 καπνὸς
3263 2084 3577 2153 φυγαδεύει,
3620 2087 3713 2138 καὶ
3753 2086 3851 2147 τάς
3883 2102 4036 2156 περι·-

2472 2171 2664 2242 στεράς
2692 2173 2923 2226 δυσωδία
2963 2174 3260 2238 ἐξελαύνει·
3296 2175 3436 2228 οὕτω
3459 2180 3551 2230 καὶ
3575 2177 3664 2231 τὸν
3695 2176 3911 2244 φύλακα
3935 2176 4033 2243 τῆς

2469 2263 2612 2334 ζωῆς
2640 2265 2798 2335 ἡμῶν
2829 2265 3055 2334 ἄγγελον
3079 2268 3111 2334 ἠ
3143 2265 3483 2339 πολύδακρυς
3529 2269 3623 2321 καὶ
3648 2265 3892 2331 δυσώδης
3929 2266 4032 2332 ἀφ-

2473 2355 2680 2426 ίστησιν
2709 2357 2971 2427 ἁμαρτία.
2998 2356 3121 2408 Ἐὰν
3147 2356 3273 2431 ἔχῃς
3297 2360 3353 2411 ὲν
3377 2361 3439 2429 τῇ
3469 2359 3612 2427 ψυχῇ
3636 2357 3759 2421 ἀξια
3794 2355 4034 2424 φυλακῆς

2471 2447 2764 2518 ἀγγελικῆς
2799 2448 2954 2519 ἔργα,
2987 2449 3078 2500 καὶ
3100 2448 3224 2511 νοῦς
3251 2449 3501 2510 πλούσιος
3531 2451 3587 2500 ὲν
3630 2450 3741 2525 τοῖς
3780 2447 3877 2516 τῆς
3908 2445 4035 2514 ἀλη-

2471 2539 2619 2601 θείας
2665 2539 3011 2610 θεωρήμασιν
3056 2542 3236 2611 ἐνοικῇ
3286 2558 3362 2592 σοι
3394 2540 3479 2592 διὰ
3516 2541 3606 2591 τὸν
3655 2536 3885 2590 πλοῦτον
3930 2537 4035 2589 τῶν

2468 2630 2663 2699 τιμίων
2698 2629 2871 2701 ἔργων
2901 2630 3000 2699 τῆς
3028 2631 3244 2701 ἀρετῆς,
3294 2629 3602 2697 ἀναγκαίως
3646 2628 3919 2700 φρουρούς
3956 2644 4036 2679 σοι

2472 2722 2564 2773 καὶ
2587 2720 2829 2789 φύλακας
2861 2721 3325 2790 παρακαθίστησιν
3357 2723 3385 2773 6
3417 2721 3566 2785 Θεὸς,
3601 2721 3696 2773 καὶ
3722 2717 4017 2790 περιτειχί-

2474 2811 2554 2876 {at
2586 2829 2641 2864 σε
2670 2813 2880 2883 φυλακῇ
2924 2812 3188 2880 ἀγγέλων.
3241 2812 3438 2864 Σκόπει
3471 2811 3526 2864 δὲ
3568 2811 3730 2882 ἡλίκη
3782 2810 3900 2862 ἐστὶ
3932 2806 4037 2858 τῶν

2474 2906 2720 2972 ἀγγέλων
2755 2909 2786 2976 ή
2832 2906 3018 2974 φύσις·
3059 2908 3140 2959 ὅτι
3170 2906 3274 2976 ὅλῳ
3309 2905 3652 2976 στρατοπέδῳ
3695 2903 3790 2955 καὶ
3821 2916 4038 2970 παρεμο

2474 2996 2599 3065 60λῇ
2635 2996 3040 3068 πολυανθρὼπῳ
3074 2995 3466 3066 παρεικάζεται
3496 2998 3524 3046 6
3555 2990 3634 3055 εἷς
3665 2992 3914 3058 ἄγγελος.
3944 2988 4040 3042 Διά

2478 3086 2573 3155 μὲν
2600 3083 2690 3139 οὖν
2716 3088 2775 3139 τὸ
2813 3087 3038 3156 μέγεθος
3065 3086 3157 3137 τοῦ
3199 3085 3563 3153 φυλάσσοντος
3594 3100 3653 3135 σε
3687 3079 4039 3153 παρεμϐολήν

812 3166 928 3205 sum
984 3154 1274 3222 significat.
1313 3159 1770 3224 Quemadmodum
1811 3165 1951 3220 enim
1987 3166 2200 3221 urbium
2235 3169 2369 3223 nutri
2399 3208 2443 3265 ο

2357 3169 2369 3223 ί
2399 3208 2443 3265 c
2477 3154 2557 3230 σοι
2583 3154 2860 3248 χαρίζεται
2888 3180 2915 3230 6
2942 3177 3172 3247 Κύριος·
3204 3176 3290 3230 aut
3310 3176 3366 3228 δὲ
3388 3177 3486 3247 τὴν
3516 3176 3666 3245 ἰσχὺν
3690 3174 3784 3228 τοῦ
3810 3173 4039 3241 ἀγγέλου

815 3244 867 3295 in
903 3245 1130 3298 circuitu
1161 3249 1309 3301 omni
1336 3266 1400 3302 es
1428 3263 1580 3319 parte
1611 3257 1987 3324 circumducti,
2020 3261 2373 3332 undecunque

813 3331 1047 3385 hostium
1078 3336 1315 3390 assultus
1345 3350 1534 3393 arcent
1567 3359 1579 3393 :
1613 3343 1683 3394 ita
1712 3345 1875 3398 etiam
1899 3349 2124 3417 angelus
2151 3360 2204 3404 et
2239 3331 2377 3420 prae-

815 3425 991 3477 munit
1023 3441 1052 3478 a
1093 3426 1290 3491 fronte,
1320 3440 1372 3483 et
1413 3445 1441 3484 a
1492 3442 1641 3502 tergo
1675 3440 1929 3503 custodit,
1961 3457 2062 3496 nec
2087 3443 2374 3513 quidquam

818 3519 1070 3587 utrinque
1102 3520 1485 3577 incustoditum
1534 3526 1806 3596 relinquit.
1839 3530 1912 3583 Ea
1970 3535 2035 3584 de
2074 3548 2236 3588 causa
2269 3534 2373 3588 Ca-

814 3612 932 3662 dent
976 3628 1007 3663 a
1050 3611 1210 3665 latere
1279 3624 1367 3666 tuo
1424 3616 1588 3680 mille,
1618 3627 1663 3670 et
1717 3620 1889 3673 decem
1924 3622 2090 3675 millia
2118 3641 2150 3676 a
2179 3626 2374 3681 dextris

815 3700 1018 3767 tuis“;
1060 3704 1125 3755 ad
1159 3713 1209 3757 te
1243 3714 1419 3757 autem
1472 3721 1538 3759 ne
1583 3707 1736 3776 plaga
1789 3712 2002 3778 quidem
2054 3714 2372 3783 cujusquam

818 3791 990 3844 hostis
1019 3795 1751 3865 appmpinquabit,quoniam
1778 3802 1980 3872 angelis
2011 3805 2124 3858 suis
2153 3807 2375 3859 manda-

818 3881 896 3932 ttit
924 3882 987 3934 de
1017 3895 1086 3940 te.

816 3971 963 4036 ειῶν
989 3991 1142 4030 σου·
1177 3985 1312 4050 πρὸς
1349 3985 1405 4036 σὲ
1448 3984 1502 4037 δὲ
1547 3987 1665 4039 οὐδὲ
1717 3988 1894 4059 πληγή
1940 4007 2080 4053 τινος
2111 3989 2219 4044 τῶν
2266 3992 2375 4065 (86)

819 4069 948 4136 περ).
970 4069 1085 4121 σοῦ.

889 4161 943 4215 6.
987 4159 1149 4216 VERE.
1188 4162 1240 4219 9.
1283 4162 1512 4226 Gustate.
1549 4182 1592 4220 et
1623 4173 1789 4224 videte
1822 4177 2068 4240 quoniam
2109 4181 2279 4232 suavis
2307 4191 2381 4234 est

821 4251 1097 4306 Dominus.
1135 4253 1315 4310 Multis
1352 4257 1403 4310 in
1450 4257 1579 4312 locis
1626 4260 2050 4330 observavimus,
2104 4269 2381 4324 facultates

825 4344 1015 4396 anima:
1065 4343 1250 4399 iisdem
1308 4349 1615 4404 nominibus
1667 4361 1828 4422 atque
1875 4364 2095 4408 externa
2145 4360 2382 4413 membra

827 4435 1101 4503 appellari.
1119 4436 1252 4492 Cum
1272 4449 1447 4494 autem
1473 4443 1725 4498 Dominus
1750 4456 1929 4499 noster
1945 4448 2096 4513 panis
2117 4464 2274 4502 verus
2292 4450 2382 4516 sit,

826 4528 1012 4595 rtejus
1035 4543 1161 4582 caro
1192 4545 1350 4585 verus
1384 4532 1569 4598 cibus;
1604 4549 1822 4590 necesse
1852 4546 1930 4590 est
1960 4537 2117 4608 149
2144 4540 2385 4608 volupta-

2479 3270 2638 3322 οἱονεὶ
2669 3268 3019 3340 περιτειχίζει
3059 3287 3116 3324 σε
3147 3268 3407 3323 πάντοθεν
3438 3271 3505 3339 τῇ
3539 3270 3633 3322 ἀπ’
3671 3266 3837 3320 αὐτοῦ
3871 3267 4044 3334 ἀσφα-
4137 3269 4145 3278 ’

2483 3361 2620 3433 λείᾳ.
2662 3362 2832 3415 Τοῦτο
2861 3363 2968 3434 γὰρ
3015 3363 3266 3434 σημαίνει
3307 3363 3388 3427 τὸ,
3433 3363 3665 3424 Κύκλῳ.
3700 3360 3912 3428 Ὠσπερ
3939 3358 4043 3427 γὰρ

2485 3455 2532 3506 οἱ
2570 3453 2678 3506 τῶν
2706 3455 2911 3507 πόλεων
2961 3455 3255 3525 περίϐολοι,
3297 3453 3478 3522 κύκλῳ
3519 3452 3717 3512 πάσαις
3750 3449 3862 3519 (85)
3893 3466 4045 3518 περι-

2485 3544 2752 3612 κείμενοι,
2816 3544 3077 3598 πάντοθεν
3130 3544 3226 3607 τάς
3277 3543 3382 3596 τῶν
3421 3542 3691 3613 πολεμίων
3742 3540 4046 3612 προσϐολὰς

2482 3635 2867 3703 ἀπείργουσιν·
2915 3634 3056 3688 οὕτω
3100 3635 3192 3688 κα).
3234 3637 3261 3686 6
3291 3633 3540 3702 ἄγγελος,
3579 3633 3673 3686 καὶ
3715 3630 4045 3703 προτειχίζει

2482 3726 2544 3776 ἐκ
2571 3725 2678 3777 τῶν
2706 3726 3057 3798 οέμπροσθεν,
3090 3728 3181 3780 καὶ
3210 3726 3651 3794 ὀπισθοφυλακεῖ,
3705 3724 3800 3777 καὶ
3839 3724 3958 3777 οὐδὲ
3981 3723 4047 3774 τά

2481 3815 2822 3889 ἑκατέρωθεν
2852 3819 3135 3887 ἀφύλακτα
3165 3818 3498 3872 καταλείπει.
3526 3815 3623 3870 Διά
3656 3815 3818 3869 τοῦτο
3841 3814 4046 3870 Πεσεῖν

2482 3922 2575 3959 ται
2595 3908 2661 3960 ἐκ
2685 3910 2789 3963 τοῦ
2819 3912 3060 3976 κλίτους
3080 3925 3195 3963 σου
3219 3911 3434 3977 χιλιὰς,
3468 3910 3564 3963 καὶ
3605 3909 3821 3978 μυριὰς
3859 3907 3926 3960 ἐκ
3960 3905 4047 3958 δε-

2441 3997 2650 4071 ἐχθρῶν
2698 4004 2888 4070 ὲγγιεῖ,
2935 4004 3014 4056 ὅτι
3063 4007 3172 4066 τοῖς
3223 4002 3468 4070 ἀγγέλοις
3531 4000 3694 4054 αὑτοῦ
3761 3996 4047 4052 ἐντελεῖται

2557 4181 2608 4238 ϐ.
2637 4182 2965 4241 Γεύσασθε.
3005 4180 3100 4232 καὶ
3128 4179 3279 4232 ἴδετε
3312 4177 3400 4230 ὅτι
3440 4175 3703 4245 χρηστὸς
3748 4175 3779 4225 ό
3812 4171 4045 4237 Κύριος.

2488 4273 2760 4341 Πολλαχοῦ
2815 4273 3234 4341 τετηρήκαμεν,
3288 4271 3367 4321 ὅτι
3422 4271 3534 4328 τοῖς
3591 4267 3784 4331 ἔξωθεν
3838 4261 4046 4332 μέλεσιν

2490 4362 2792 4431 ὁμωνύμως
2825 4362 2880 4412 αἱ
2905 4362 3002 4429 τῆς
3031 4359 3204 4428 ψυχῆς
3250 4355 3740 4427 προσαγορεύονται
3771 4353 4044 4420 δυνάμεις.

2507 4454 2656 4505 Ἐπεὶ
2688 4453 2742 4504 δὲ
2777 4451 2938 4521 ἄρτος
2965 4453 3108 4503 ἐστὶν
3141 4449 3390 4519 ἀληθινὸς
3423 4451 3450 4500 6
3473 4448 3676 4518 Κύριος
3697 4445 3874 4517 ἡμῶν,
3904 4442 4049 4513 καὶὴ

2494 4545 2627 4614 σὰρξ
2660 4543 2822 4596 αὐτοῦ
2854 4542 3058 4613 ἀληθής
3084 4544 3197 4594 ἐστι
3223 4540 3422 4610 βρῶσις
3443 4556 3456 4570 ·
3489 4539 3702 4607 ἀνάγκη
3733 4538 3830 4606 τὴν
3859 4536 4047 4605 ἡδονην

827 4627 938 4669 tein
985 4618 1186 4675 laetitia:
1218 4624 1371 4692 panis
1401 4639 1495 4692 per
1540 4634 1752 4690 gustum
1782 4627 2111 4694 spiritualem
2142 4629 2189 4682 in
2229 4631 2381 4684 nobis
2419 4643 2458 4697 υ
2488 4654 2509 4688 -.

2365 4648 2381 4684 5
2419 4643 2458 4697 D
2488 4636 2585 4704 τῆς
2607 4636 2943 4706 εὐφροσύνης
2984 4634 3075 4687 τοῦ
3100 4635 3260 4704 ἄρτου
3302 4631 3390 4683 διὰ
3422 4630 3659 4699 γεύσεως
3692 4630 3824 4698 ἡμῖν
3856 4626 4047 4695 νοητῆς

825 4711 992 4780 gigni.
1039 4713 1498 4778 Quemadmodum
1533 4721 1703 4773 mellis
1734 4731 1920 4774 natura
1952 4739 2053 4776 non
2097 4739 2246 4790 :equc
2275 4741 2390 4778 ser-

830 4818 1006 4869 mone,
1045 4809 1244 4873 acipso
1281 4820 1466 4879 gustus
1501 4827 1658 4866 sensu
1697 4815 1934 4868 exbiheri
1968 4815 2258 4883 inexpertis
2292 4834 2387 4885 po-

832 4894 1083 4948 testzsic
1125 4911 1300 4965 neque
1328 4899 1565 4955 caelestis
1601 4903 1750 4956 verbi
1803 4903 2012 4959 houitas
2055 4908 2388 4960 documentis

831 4985 978 5038 clare
1007 4989 1200 5056 exponi
1250 4999 1446 5057 potest,
1480 4992 1603 5054 nisi,
1637 4996 1976 5064 dogmatibus
2012 4998 2255 5050 veritatis
2277 4999 2389 5051 diu-

831 5076 939 5127 tius
960 5078 1304 5144 examinatis,
1335 5079 1626 5135 bonitatem
1662 5084 1870 5138 Domiui
1914 5088 2176 5154 possimus
2211 5101 2387 5142 nostra

904 5191 949 5222 ⁵³
982 5192 1125 5246 Psal.
1159 5210 1245 5256 xc,
1280 5193 1329 5246 7.

905 5328 1018 5398 (85)
1060 5328 1151 5382 Sic
1174 5340 1375 5395 septem
1407 5347 1534 5385 mss.
1574 5332 1642 5383 At
1675 5331 1800 5383 editi
1835 5348 2070 5400 φρονειν.
2102 5331 2218 5384 Mox
2241 5333 2399 5400 quin-

836 5413 936 5465 que
986 5414 1115 5455 mss.
1162 5401 1268 5453 ἀπὸ
1315 5403 1523 5454 πασῶν.
1593 5403 1729 5454 Editi
1791 5403 1854 5453 ἐκ
1899 5401 2109 5452 πασῶν.
2165 5403 2400 5455 thiude

837 5469 1070 5536 quinque
1093 5487 1223 5541 mss.
1257 5471 1597 5541 δουλεύοντα.
1636 5472 1771 5525 Editi
1828 5471 2206 5525 δουλεύσαντα.
2267 5471 2397 5541 Reg.

838 5541 1054 5604 quintus
1085 5539 1438 5597 δουλωθέντα.

908 5607 1018 5682 (84)
1042 5608 1173 5679 Reg.
1199 5612 1465 5665 secundus
1495 5611 1780 5681 ὲνέδραμε.
1800 5612 1932 5682 Reg.
1961 5612 2148 5666 tertius
2177 5613 2395 5681 ἔδραμε.

841 5677 947 5754 Alii
975 5677 1271 5754 inssfcuut
1305 5683 1464 5735 editis
1496 5677 1788 5754 ἀνέδραμε.

913 5748 1022 5818 (εὸ)
1058 5751 1190 5806 Editi
1226 5761 1276 5804 et
1307 5761 1415 5806 tres
1453 5769 1579 5806 mss.
1615 5748 1831 5816 πάσαις.
1855 5754 1954 5808 Alii
1989 5764 2098 5808 tres
2127 5769 2252 5808 mss.
2304 5751 2399 5807 πά-

841 5834 922 5894 σῃ.

2493 4729 2819 4796 ἐγγίνεσθαι.
2861 4730 2946 4790 Ὠς
2987 4726 3080 4778 τοῦ
3109 4726 3321 4797 μέλιτος
3347 4725 3379 4793 ἡ
3410 4722 3571 4790 φύσις
3597 4723 3655 4774 οὐ
3694 4717 3948 4772 τοσοῦτον
3977 4734 4048 4782 τῳ

2490 4819 2632 4887 λόγῳ
2657 4819 2875 4872 δύναται
2910 4819 3250 4888 παραστῆναι
3305 4816 3413 4886 (87)
3460 4817 3570 4876 τοῖς
3619 4812 3886 4881 ἀπείροις,
3931 4812 4048 4862 ὅσον

2492 4911 2583 4961 ἀπ’
2610 4911 2777 4980 αὐτῆς
2824 4913 2919 4978 τῆς
2971 4911 3108 4962 κατά
3161 4909 3258 4978 τὴν
3289 4906 3474 4976 γεῦσιν
3503 4903 3836 4974 αἰσθήσεως·
3885 4901 4048 4961 οὕτως

2493 5000 2608 5050 οὐδὲ
2648 5003 2678 5068 ἡ
2715 5001 3011 5071 χρηστότης
3037 4992 3146 5051 ’τοῦ
3188 4998 3434 5067 οὐρανίου
3468 4995 3623 5062 λόγου
3659 4991 3905 5063 ἐναργῶς
3949 5008 4050 5089 πα-

2499 5091 2782 5162 ραδοθῆναι
2815 5091 3176 5152 διδασκαλίαις
3207 5089 3314 5158 (88)
3338 5087 3576 5146 δύναται.
3605 5085 3696 5137 ἐὰν
3736 5083 3830 5154 μὴ,
3865 5081 3933 5134 τά
3959 5093 4051 5148 της

2577 5334 2683 5402 (86)
2716 5334 2789 5386 lta
2825 5335 3224 5409 quinquemss.
3253 5329 3416 5409 llaulo
3447 5328 3600 5409 aliter
3629 5325 3821 5409 legitur
3863 5322 4022 5409 in‘ent

2505 5387 2588 5462 tis:
2618 5387 2741 5478 hoc“
2766 5387 2919 5458 mo'do
2956 5387 3134 5478 ε’-πρὸς
3170 5403 3229 5453 σὲ
3258 5400 3313 5478 ςῗὲ
3358 5401 3463 5478 οὐκ,
3499 5387 3841 5478 έγῖιεξξοὺδξ
3873 5391 3980 5478 πέη

2501 5461 2641 5536 τινος
2677 5474 2802 5533 τῶν,
2832 5485 2933 5528 etc.
2986 5461 3129 5540 Reg:
3151 5470 3507 5548 tertius_t_196;
3540 5461 3860 5548 sensisses
3875 5461 4018 5548 nlﬂy

2502 5563 2586 5607 τις
2612 5533 2739 5599 τῶν.
2780 5545 2894 5598 Mox
2932 5533 3186 5597 mssisex
3216 5544 3328 5603 τοῖς
3352 5533 3565 5603 ἔξωθεν.
3607 5534 3743 5588 Editi
3776 5535 3888 5594 τοῖς
3931 5533 4052 5598 ἐξω.

2503 5614 2619 5667 Mox
2644 5617 2747 5690 duo
2776 5631 2904 5668 mss.
2930 5613 3111 5690 ἐπειδὴ
3143 5613 3324 5680 ἄρτος.
3342 5680 3362 5690 ν
3655 5674 3665 5684 ο

2571 5685 2685 5748 (87)
2714 5685 2844 5752 Reg.
2878 5687 3093 5751 quintus
3119 5681 3488 5756 παραστῆσαι,
3524 5690 3630 5756 non
3654 5681 3726 5756 ita
3755 5681 3930 5754 recte.

2576 5743 2684 5825 (38)
2722 5743 2822 5809 Sic"
2840 5743 3041 5824 septem
3069 5743 3372 5808 mserum
3393 5743 3733 5804 δεδασκαλεας
3755 5743 3954 5811 λόγοις.
