4260 6568
277 526 383 584 365

1408 520 1692 576 HOMlLlA
1733 521 1799 575 IN
1839 520 2168 576 PSALMUEI
2209 519 2447 573 XXXlll.

3405 523 3509 579 586

276 647 529 717 ἀληθείας
555 645 799 715 δόγματα
846 644 937 696 ἐπὶ
978 643 1135 697 πλέον
1174 642 1579 712 βασανίσαντες,
1607 642 1843 711 δυνηθῶ-
1875 651 1913 703 Α
1948 645 1958 694 i

1821 671 1843 681 -
1875 651 1913 703 Α
1948 645 2183 710 ipsorum
2221 640 2549 711 experientia
2580 638 3002 709 apprehendere.
3038 637 3136 691 Cm
3158 656 3259 689 tum
3309 652 3503 705 autem,

281 753 380 807 μεν
413 737 478 805 τῇ
513 733 687 803 οίκεία
709 734 872 803 πείρᾳ
901 734 999 801 τὴν
1027 731 1366 802 χρηστότητα
1394 730 1715 783 καταλαϐεῖν
1746 730 1838 782 τοῦ

279 826 504 896 Κυρίου.
536 827 845 879 Γεύσασθε
871 825 957 886 δὲ,
999 822 1137 887 εἷπε,
1180 824 1275 876 καὶ
1306 824 1423 893 οὐχὶ
1458 823 1803 893 ἐμπλήσθητε
1823 839 1835 852 ο

278 917 414 970 διότι
443 916 535 969 νῦν
564 918 658 986 μὲν
684 918 747 969 ἐκ
775 918 969 987 μέρους
994 916 1353 984 γινώσκομεν,
1380 917 1471 968 καὶ
1489 916 1554 968 δι’
1580 915 1839 985 ἐσόπτρου

283 1008 549 1079 βλέπομεν
582 1011 675 1061 καὶ
708 1008 1023 1079 αἰνίγματος
1054 1008 1152 1077 τὴν
1175 1007 1448 1077 ἀλήθειαψ
1483 1008 1600 1075 ἥξει
1633 1007 1686 1059 δέ
1714 1024 1842 1059 ποτε

284 1103 372 1155 ὅτε
401 1104 429 1155 ό
448 1101 543 1155 νῦν
573 1100 850 1172 ἀρραϐὼν,
878 1100 970 1153 καὶ
996 1101 1057 1152 τὸ
1082 1100 1264 1167 γεῦμα
1300 1100 1457 1153 τοῦτο
1499 1101 1594 1169 τῆς
1628 1100 1845 1168 χάριτος

284 1196 365 1257 εἰς
415 1194 724 1264 τελειότητα
763 1197 891 1264 ἡμῖν
939 1193 1034 1262 τῆς
1090 1192 1439 1254 ἀπολαύσεως
1501 1192 1843 1261 καταντήσει.

286 1285 566 1356 Ὠσπερδὲ
588 1288 634 1338 οἱ
655 1284 1045 1355 στομαχοῦντες
1064 1284 1155 1335 καὶ
1186 1284 1233 1335 οἱ
1266 1283 1554 1344 κακόσιτοι,
1581 1282 1847 1351 ἀποστρε-

287 1375 508 1444 φόμενοι
536 1376 603 1427 τὰ
641 1375 813 1437 σιτία,
852 1374 954 1425 ὑπὸ
985 1373 1091 1426 τῶν
1123 1374 1319 1445 ἰατρῶν
1364 1372 1753 1441 θεραπεύονται
1787 1372 1846 1423 τὸ

284 1467 631 1537 δυσάρεστον,
665 1466 1036 1536 διεγειρόντων
1071 1467 1171 1530 τὰς
1201 1465 1407 1537 ὀρέξεις
1438 1464 1529 1517 διά
1558 1482 1701 1526 τινος
1730 1467 1847 1516 ὲπι-

285 1557 587 1628 τηδεύσεως
610 1557 708 1625 τῆς
740 1559 795 1609 ὲν
821 1560 930 1619 τοῖς
958 1556 1256 1627 βρώμασιν,
1303 1556 1461 1618 ὥστε,
1497 1556 1600 1607 ὑπὸ
1632 1556 1727 1625 τῆς
1752 1572 1849 1608 κα-

294 1647 512 1717 ρυκείας
554 1646 766 1716 ἐκείνης
814 1646 1197 1717 ἐρεθιζομένης
1241 1650 1338 1716 τῆς
1381 1646 1717 1716 αἰσθήσεως,
1765 1648 1850 1700 ἀεὶ

292 1738 426 1809 πρὸς
456 1739 513 1789 τὸ
548 1738 728 1790 πλεῖον
769 1739 877 1809 (89)
911 1739 1270 1792 ἐπιτείνεσθαι
1302 1739 1399 1802 τὰς
1427 1739 1669 1810 ὀρέξεις·
1711 1739 1852 1792 οὕτω

292 1832 385 1882 καὶ
411 1830 500 1881 ἐπὶ
531 1830 623 1881 τοῦ
651 1831 805 1898 λόγου
838 1833 936 1900 τῆς
970 1831 1244 1901 ἀληθείας,
1281 1831 1446 1901 Αὐτὴ,
1493 1833 1676 1901 φησὶν,
1711 1833 1853 1901 ὑμᾶς

291 1924 324 1989 ἡ
346 1924 507 1990 πεῖρα
532 1921 664 1992 πρὸς
681 1923 740 1975 τὺ
759 1924 1049 1993 ἀκόρεστον
1074 1922 1173 1991 τῆς
1193 1922 1483 1993 ἐπιθυμίας
1503 1925 1589 1977 ἀεὶ
1616 1942 1853 1996 προσκα-

1945 736 2141 805 inquit,
2173 750 2278 789 non
2314 746 2490 789 autem
2522 733 2872 801 impleamini.
2911 731 3041 786 Nam
3103 752 3241 785 ttttttt'
3296 734 3505 799 quidem

1944 840 2009 879 ex
2038 835 2191 894 parte
2216 825 2610 895 cognoscimus,
2644 834 2697 878 et
2724 840 2821 890 per
2853 825 3125 893 speculum
3171 844 3230 873 .‘tr
3263 842 3353 891 per
3380 827 3511 879 aeni-

1944 933 2065 988 gma
2120 917 2367 972 videmus
2419 916 2699 970 veritatem
2721 916 2767 949 “
2799 932 2811 966 :
2844 917 3025 970 veniet
3072 930 3247 968 auum
3303 927 3511 985 tempus

1945 1021 2067 1061 cum
2103 1021 2340 1075 praesens
2374 1005 2630 1070 arrhabo,
2664 1014 2715 1057 et
2741 1004 2827 1057 hic
2856 1005 3042 1072 gratim
3073 1013 3255 1072 gustus
3295 1007 3357 1056 ad
3390 1019 3510 1071 per-

1948 1100 2142 1153 fectam
2185 1097 2497 1150 fruitionem
2535 1096 2693 1149 nobis
2719 1104 2979 1150 vertetur.
3035 1095 3100 1149 Ut
3158 1096 3300 1149 enim
3336 1094 3371 1147 ii
3413 1094 3507 1163 qul

1947 1189 2231 1243 stomacho
2266 1188 2513 1240 laborant
2563 1198 2934 1256 nauseantque
2988 1199 3303 1239 aversantes
3336 1188 3506 1251 cibos,

1948 1283 2014 1335 ab
2048 1281 2148 1334 hac
2177 1281 2397 1335 molesta
2428 1278 2708 1333 all'ectione
2735 1287 2993 1332 curantur
3023 1294 3049 1329 a
3077 1278 3316 1341 medicis,
3342 1278 3386 1331 si
3419 1293 3511 1345 ap-

1948 1372 2241 1441 petentiam
2278 1372 2516 1424 excitent
2546 1386 2637 1439 per
2666 1372 2956 1439 quemdam
2994 1369 3233 1423 ciborum
3278 1385 3510 1438 appara-

1952 1475 2095 1528 tum;
2125 1464 2257 1516 adeo
2292 1474 2369 1526 ut,
2402 1479 2561 1516 sensu
2606 1477 2702 1530 per
2737 1463 2881 1515 illam
2910 1462 3245 1516 condituram
3278 1462 3509 1527 irritato,

1952 1556 2259 1623 appetentia
2295 1555 2469 1623 magis
2490 1570 2556 1608 ac
2587 1554 2760 1623 magis
2797 1570 3011 1624 semper
3030 1564 3328 1624 augeatur:
3356 1553 3429 1607 ita
3460 1562 3514 1608 et

1952 1654 2005 1703 in
2033 1651 2199 1703 verbo
2224 1649 2485 1711 veritatis,
2522 1648 2659 1717 Ipsa,
2696 1651 2890 1717 inquit,
2912 1650 3245 1712 experientia
3275 1649 3341 1703 ad
3366 1648 3513 1703 insa-

1956 1739 2191 1793 tiabilem
2224 1740 2523 1806 apperitum
2559 1753 2654 1793 vos
2689 1753 2903 1808 semper
2928 1739 3259 1808 provocabit.
3288 1739 3515 1801 Idcirco.

1955 1833 2048 1893 ait,
2079 1828 2320 1893 Gustata,
2354 1841 2411 1883 ut
2443 1830 2582 1885 beati
2614 1831 2733 1884 sitis
2770 1846 2985 1898 semper
3012 1832 3309 1885 esurientes
3330 1831 3520 1885 sitien-

1958 1930 2143 1990 tesque
2165 1920 2451 1989 justitiam.
2480 1921 2677 1975 Beatus
2712 1922 2788 1975 vir
2826 1923 2916 1989 qui
2959 1932 3128 1989 sperat
3165 1923 3218 1975 in
3252 1937 3387 1975 eum.
3416 1920 3518 1988 Qui

292 2012 526 2066 λέσεται.
545 1990 643 2066 Διὰ
665 2014 842 2077 τοῦτο,
864 1990 1014 2083 ιρησὶ,
1034 1990 1367 2079 Γεύσασθε,
1380 2016 1464 2067 ἴνα
1497 1990 1751 2087 μακάριοι
1770 2017 1855 2083 γέ-
1886 1990 1924 2046 ῃ
1952 2015 1970 2084 j

1836 2047 1855 2055 -
1886 1990 1924 2046 θ
1952 2015 2151 2084 jngiter
2188 2014 2335 2067 verbi
2359 2013 2627 2068 desiderio
2652 2024 2884 2078 tenetur,
2912 2015 2961 2066 in
2987 2014 3127 2067 nulla
3156 2028 3211 2067 re
3230 2015 3331 2067 alia
3359 2027 3516 2082 quam

295 2105 455 2174 νησθε
472 2106 555 2159 ἀεὶ
569 2106 857 2168 πεινῶντες
870 2108 960 2157 καὶ
972 2106 1231 2175 διψῶντες
1245 2108 1340 2177 τὴν
1359 2108 1721 2178 δικαιοσύνην.
1744 2111 1859 2161 Μα-

295 2197 490 2265 κάριος
518 2200 668 2267 ἀνὴρ
682 2199 748 2263 ὂς
763 2197 981 2258 ἐλπίζει
1002 2200 1093 2252 ἐπ’
1113 2201 1313 2253 αὐτόν.
1336 2202 1391 2249 ’0
1418 2202 1502 2253 ἀεὶ
1526 2201 1583 2253 ἐν
1601 2200 1859 2269 ἐπιθυμίᾳ

295 2286 370 2340 ὢν
386 2288 476 2341 τοῦ
497 2288 670 2354 λόγου,
691 2289 937 2341 ἐπὀὑδὲν
955 2288 1138 2359 ἕτερον
1162 2289 1382 2359 θήσεται
1398 2291 1493 2359 τὴν
1516 2290 1747 2359 ἑλπίδαῆ
1769 2289 1859 2341 ἐπὶ

295 2378 387 2429 τὸν
414 2377 634 2446 Κύριον.
658 2376 954 2443 Φοϐήθητε
982 2379 1086 2431 τὸν
1120 2380 1358 2446 Κύριον,
1383 2379 1602 2443 πάντες
1628 2381 1678 2431 οὶ
1707 2377 1861 2447 ἅγιοι

296 2468 481 2522 αὑτοῦ
502 2485 515 2499 ’
548 2468 634 2521 ὅτι
663 2472 771 2522 οὐκ
796 2470 965 2522 ἐστιν
995 2470 1297 2539 ὑστέρημα
1331 2472 1452 2535 τοῖς
1474 2468 1862 2538 φοϐουμένοις

296 2562 503 2613 αὐτόν.
548 2561 669 2615 Ἐὰν
700 2561 772 2632 μὴ
803 2564 962 2630 φόϐος
990 2563 1218 2635 παιδεύῃ
1246 2561 1398 2631 ἡμῶν
1435 2562 1529 2631 τὴν
1562 2562 1703 2632 ζωὴν
1728 2562 1859 2632 (90),

297 2652 575 2721 ἀμήχανον
602 2654 1006 2724 κατορθωθῆναι
1029 2656 1118 2706 τὸν
1142 2654 1408 2725 ᾴγιασμὺν
1443 2655 1497 2705 ἐν
1530 2653 1605 2724 τῷ
1634 2654 1860 2725 σώματι.

300 2743 665 2809 Καθιὶλωσον
718 2744 844 2812 γὰρ,
900 2746 1050 2813 φησὶ.
1104 2746 1170 2797 ἐκ
1220 2745 1322 2799 τοῦ
1367 2748 1552 2814 φόϐου
1594 2763 1708 2800 σου
1760 2747 1865 2812 τὰς

301 2833 533 2899 σάρκας
559 2852 697 2900 μου.
753 2834 837 2897 Ὠς
862 2834 967 2905 γὰρ
1011 2838 1058 2888 οἱ
1102 2835 1204 2887 ὑπὸ
1240 2837 1347 2888 τῶν
1380 2837 1521 2908 ἥλων
1568 2838 1867 2908 διαπεπαρ-

305 2924 458 2993 μένοι
500 2925 564 2977 τὰ
614 2925 746 2995 μέλη
791 2926 885 2979 τοῦ
942 2927 1189 2998 σώματος
1230 2930 1458 2999 ἀκίνητα
1505 2930 1685 2999 ἔχουσι
1733 2931 1866 2999 πρὸς

304 3016 601 3087 ἐνέργειαν,
632 3018 801 3082 οὕτως
828 3022 877 3073 οί
906 3021 982 3091 τῷ
1014 3021 1141 3089 θείῳ
1172 3022 1319 3091 φόϐῳ
1352 3022 1448 3091 τὴν
1482 3022 1656 3091 ψυχὴν
1684 3039 1864 3074 κατει-

304 3110 568 3179 λημμένοι
627 3114 806 3164 πᾶσαν
848 3113 942 3183 τὴν
996 3114 1059 3165 ὲκ
1107 3113 1213 3165 τῶν
1246 3112 1432 3166 παθῶν
1467 3114 1562 3184 τῆς
1596 3115 1867 3185 ἁμαρτίας

307 3202 583 3272 ἐνόχλησιν
615 3204 982 3272 διαφεύγουσι.
1018 3204 1106 3275 Τῷ
1129 3201 1219 3259 οὖν
1249 3205 1562 3276 φοϐουμένῳ
1597 3207 1695 3259 οὐκ
1724 3207 1868 3260 ἔστιν

1960 2107 2010 2159 iu
2046 2104 2272 2159 Domino
2301 2120 2447 2173 spem
2485 2116 2724 2173 reponet.
2753 2104 2940 2175 (Vens.
2978 2104 3090 2175 10.)
3116 2103 3314 2159 Timete
3338 2103 3523 2158 Domi-

1959 2213 2109 2259 num,
2138 2213 2314 2251 omnes
2371 2198 2539 2251 sancti
2574 2201 2689 2265 ejus
2721 2211 2739 2248 :
2765 2199 3013 2266 quoniam
3060 2214 3163 2250 non
3210 2205 3286 2251 est
3346 2197 3523 2265 inapia

1961 2289 2257 2343 timentibus
2312 2306 2451 2344 eum.
2508 2288 2620 2343 Nisi
2670 2289 2829 2342 timor
2881 2288 3179 2343 instituerit
3231 2288 3392 2342 vitam
3428 2303 3526 2340 no-

1961 2381 2523 2445 stram,sanctimonia
2544 2383 2594 2434 in
2618 2395 2844 2449 corpore
2869 2382 3172 2448 comparari
3193 2395 3294 2434 non
3328 2391 3523 2449 potest,

1962 2471 2195 2542 Conﬁge,
2246 2473 2436 2541 inquit,
2484 2475 2670 2527 timore
2717 2483 2805 2526 tuo
2836 2489 3017 2526 carnes
3058 2490 3197 2526 meas
3220 2474 3290 2530 ".
3325 2473 3526 2541 Quem-

1962 2566 2246 2619 admodum
2291 2565 2433 2619 enim
2463 2566 2552 2633 qui
2590 2565 2755 2619 clavis
2800 2566 3042 2619 transfixi
3092 2576 3237 2630 sunt,
3289 2567 3527 2619 membra

1963 2658 2206 2727 corporis
2245 2659 2310 2712 ad
2361 2659 2624 2727 agendum
2677 2659 2967 2713 immobilia
3017 2660 3364 2714 liahentzsic
3396 2673 3531 2728 quo-

1965 2763 2081 2802 rum
2133 2749 2307 2801 anima
2357 2748 2543 2803 divino
2590 2750 2781 2804 timore
2833 2758 3081 2817 correpta
3110 2759 3214 2813 est,
3252 2750 3285 2803 ii
3318 2765 3528 2804 omnem

1966 2841 2425 2911 perturbationem
2470 2856 2537 2895 ex
2581 2843 2782 2911 peccati
2815 2841 3184 2897 aﬂ‘ectionibus
3216 2843 3534 2911 provenien-

1969 2942 2075 2986 tem
2102 2934 2294 2987 vitant.
2315 2933 2545 2987 Timeuti
2579 2934 2759 3003 itaque
2799 2951 2903 2989 non
2936 2944 3017 2989 est
3048 2935 3224 3001 inopia
3251 2953 3263 2999 ;
3298 2936 3399 2988 hoc
3425 2944 3532 2995 est,

1966 3024 2055 3090 qui
2086 3038 2181 3091 per
2205 3025 2451 3077 timorem
2480 3025 2546 3078 ab
2573 3025 2717 3078 omni
2744 3025 2996 3079 indecora
3028 3036 3079 3079 et
3108 3025 3339 3078 absurda
3364 3026 3532 3079 actio-

1969 3131 2035 3169 ne
2077 3124 2317 3181 arcetur,
2351 3117 2398 3171 ei
2450 3117 2583 3171 nihil
2625 3118 2778 3172 deest
2825 3120 2890 3171 ad
2927 3117 3221 3187 quamlibet
3257 3120 3533 3182 virtutem,

1971 3208 2064 3263 sed
2096 3209 2369 3277 perfectus
2399 3219 2503 3273 est,
2534 3209 2679 3263 nullo
2713 3209 2855 3263 bono
2888 3210 3135 3263 humana:
3160 3219 3365 3263 natura:
3403 3224 3534 3264 con-

306 3296 625 3365 ὑστέρημα·
674 3298 940 3359 τουτέστι,
984 3299 1118 3367 πρὸς
1172 3299 1423 3367 οὐδεμίαν
1471 3300 1669 3369 ἀρετήν
1722 3301 1868 3352 ἐστιν
1894 3340 1935 3396 C
1970 3316 1988 3352 \

1853 3319 1868 3352 ι
1894 3340 1935 3396 C
1970 3300 2202 3355 venienti
2229 3301 2542 3353 destitutus.
2562 3298 2632 3355 Ut
2651 3300 2790 3354 enim
2814 3300 3085 3369 perfectus
3110 3301 3162 3355 in
3182 3314 3408 3368 corpore
3434 3314 3535 3351 non

307 3386 527 3456 ἐλλιπὴς
581 3389 607 3439 ό
647 3388 749 3437 ὑπὸ
794 3387 885 3438 τοῦ
939 3389 1101 3454 φόϐου
1149 3388 1256 3439 ἀπὸ
1285 3390 1462 3460 πάσης
1498 3390 1699 3458 ἀτόπου
1729 3390 1867 3461 πρά-

310 3476 443 3539 ξεως
471 3478 825 3547 κωλυόμενος,
863 3477 994 3531 ἀλλὰ
1040 3479 1240 3542 τέλειός
1290 3480 1424 3543 ἐστι,
1482 3480 1706 3551 μηδενὸς
1760 3482 1868 3534 τῶν

308 3569 702 3622 ἐπιϐαλλόντων
746 3574 810 3642 τῇ
854 3571 1165 3644 ἀνθρωπίνη
1194 3574 1351 3641 φύσει
1379 3573 1555 3626 καλῶν
1582 3572 1869 3626 ἀπολειπό-

310 3678 491 3732 μενος.
522 3662 609 3724 Ὠς
634 3663 739 3734 γὰρ
769 3665 868 3716 οὐκ
903 3665 1015 3717 ἔστι
1039 3666 1239 3729 τέλειος
1268 3668 1323 3718 ἐν
1356 3666 1432 3736 τῷ
1462 3665 1674 3735 σώματι
1705 3664 1814 3735 (91)
1841 3666 1869 3716 ὁ

310 3755 368 3807 ἐν
394 3771 497 3807 τινι
535 3755 684 3826 μέρει
725 3757 830 3815 τῶν
865 3760 1175 3824 ἀναγκαίων
1205 3758 1563 3827 ἐλλιμπάνων,
1604 3757 1713 3810 ἀλλ’
1745 3759 1873 3810 ἀτε-

312 3846 413 3915 λής
454 3848 568 3899 ἐστι
634 3848 766 3900 καθ’
818 3850 845 3901 ὃ
899 3849 1162 3902 ἐλλείπει·
1218 3848 1358 3901 οὕτω
1398 3851 1487 3901 καὶ
1525 3852 1553 3902 ό
1588 3850 1713 3920 περὶ
1751 3850 1875 3917 μίαν

316 3938 425 3991 τῶν
484 3938 707 3991 ἐντολῶν
764 3940 1240 4011 καταφρονητικῶς
1297 3940 1649 4009 διακείμενος,
1695 3939 1779 3991 διὰ
1819 3939 1878 3990 τὸ

318 4029 563 4099 ὑστερεῖν
622 4031 809 4100 αὐτῆς.
871 4031 1060 4100 ἀτελής
1125 4033 1238 4083 ἐστι
1308 4033 1445 4083 κατά
1502 4033 1561 4084 τό
1616 4031 1874 4085 ἐλλεῖπον.

1971 3401 2075 3453 est,
2104 3391 2187 3442 cui
2222 3391 2400 3458 aliqua
2433 3404 2559 3457 pars
2612 3390 2914 3444 necessaria
2964 3390 3123 3454 desit,
3160 3390 3253 3443 sed
3287 3388 3538 3457 imperite-

1973 3495 2090 3539 ctus
2117 3492 2198 3538 est
2230 3484 2520 3537 secundum
2549 3497 2666 3536 eam
2699 3496 2817 3551 qua:
2846 3483 2995 3538 deest
3020 3494 3226 3552 partem
3250 3504 3261 3537 :
3282 3481 3352 3536 ita
3375 3480 3537 3535 etiam

1973 3577 2064 3644 qui
2124 3575 2208 3631 vel
2258 3590 2421 3629 unum
2493 3586 2820 3644 praceptum
2872 3584 3215 3644 aspernatur,
3260 3581 3540 3643 propterea

1976 3667 2119 3734 quod
2159 3682 2225 3721 eo
2276 3675 2450 3731 caret,
2489 3668 2835 3737 imperfectus
2884 3676 2970 3722 est
2995 3666 3144 3735 juxta
3192 3666 3242 3718 id
3273 3665 3413 3734 quod
3446 3665 3543 3718 dc-

1983 3759 2114 3812 ticit.
2144 3757 2366 3821 Contra,
2415 3758 2507 3826 qui
2560 3758 2857 3825 perfectum
2894 3760 3140 3813 timorem
3180 3757 3433 3827 suscepit,
3481 3769 3545 3809 ac

1982 3848 2161 3903 omnia
2194 3849 2348 3904 timet
2377 3850 2768 3918 circumspecto
2786 3858 2953 3914 metu,
2979 3851 3109 3904 nihil
3137 3850 3400 3919 peccabit,
3423 3864 3545 3902 cum

1987 3939 2118 3993 nihil
2153 3950 2511 4006 contemnat;
2548 3939 2784 4008 inopiam
2826 3949 3002 3995 autem
3058 3953 3162 3993 non
3215 3936 3547 4005 experietur,

1985 4030 2237 4097 quoniam
2266 4039 2521 4098 perpetuo
2554 4030 2600 4083 ei
2634 4030 2785 4082 adest
2818 4030 2979 4082 timor
3013 4031 3064 4081 in
3100 4028 3369 4082 omnibus.

328 4121 387 4171 ὐ
446 4120 502 4171 δὲ
560 4123 648 4173 τὸν
698 4121 898 4173 τέλειον
966 4121 1125 4189 φόὸον
1190 4122 1527 4191 ἀνειληφὼς,
1593 4125 1684 4175 καὶ
1736 4126 1910 4175 πάντα
1981 4124 2375 4191 καταπτήσσων
2434 4120 2504 4172 δι’
2568 4120 2871 4183 εὐλάϐειαν,
2934 4119 3083 4173 οὐδὲν
3146 4120 3242 4189 μὲν
3303 4120 3551 4191 ἁμαρτή-

320 4231 473 4266 σεται
532 4214 608 4283 τῷ
676 4214 899 4286 μηδενὸς
963 4219 1266 4288 ὑπερορᾷν·
1338 4219 1433 4287 οὐχ
1498 4217 1606 4284 ἕξει
1664 4218 1719 4270 δὲ
1770 4219 2073 4288 ὑστέρημα,
2143 4216 2218 4285 τῷ
2260 4216 2352 4269 ἐπὶ
2400 4216 2576 4269 πάντα
2630 4216 2869 4288 διαρκὼς
2938 4218 3187 4287 παρεῖναι
3263 4214 3410 4285 αὐτῷ
3462 4215 3553 4267 τὸν

318 4306 505 4377 φόϐον.

392 4400 444 4454 7.
476 4401 760 4455 Πλούσιοι
796 4402 1180 4471 ἐπτώχευσαν
1213 4404 1309 4456 καὶ
1343 4404 1699 4457 ἐπείνασαν·
1734 4406 1787 4456 οὶ
1820 4401 1885 4455 δὲ
1919 4405 1960 4457 D

317 4490 704 4557 ὲίιζητοῦντες
760 4490 867 4543 τὸν
928 4492 1145 4556 Κύριον
1202 4493 1311 4544 οὐκ
1374 4490 1885 4556 ὲλαττωθήσονται

318 4580 550 4643 παντὸς
594 4582 835 4649 ἀγαθοῦ.
873 4580 1232 4650 Οἰκοδομείτω
1282 4581 1378 4651 μὲν
1424 4582 1567 4651 ἡμᾶς
1608 4582 1701 4634 καλ⁸
1753 4582 1888 4651 πρὸς

318 4672 420 4739 τὴν
447 4675 843 4743 καταφρόνησιν
888 4672 980 4726 τοῦ
1023 4673 1331 4743 σωματικοῦ
1369 4673 1594 4727 πλούτου
1648 4675 1675 4725 ό
1711 4674 1885 4741 λόγος,

322 4765 385 4817 τὸ
420 4764 671 4817 ἀϐέϐαιον
712 4768 807 4834 τῆς
851 4767 956 4818 τῶν
1002 4765 1296 4837 χρημάτων
1328 4767 1638 4836 περιουσίας
1679 4765 1887 4818 ἐκδιδά-

326 4878 494 4913 σκων.
521 4858 945 4929 Εὐμετάπτωτος
975 4858 1079 4927 γὰρ
1105 4860 1132 4909 ὁ
1163 4856 1407 4918 πλοῦτος,
1435 4858 1528 4909 καὶ
1550 4856 1707 4909 οἱονεὶ
1739 4855 1889 4926 κῦμα

400 5014 634 5069 “lCor.
657 5032 771 5079 sui,
807 5016 891 5069 12.
967 5014 1012 5046 ⁸⁸
1045 5013 1182 5067 Psal.
1210 5029 1394 5074 cxvut,
1428 5011 1547 5065 120.

403 5170 516 5241 (89)
545 5169 618 5224 Ita
673 5170 906 5237 quinque
960 5184 1086 5223 mss.
1139 5168 1277 5223 Editi
1309 5186 1438 5224 vero
1474 5168 1611 5239 πρὸς
1638 5168 1699 5220 τὸ
1740 5167 1890 5220 πλεῖ-

334 5260 479 5297 στον.

407 5313 518 5382 (90)
556 5309 802 5365 Nonnulli
860 5324 987 5364 mss.
1053 5307 1213 5378 φόϐος
1262 5311 1419 5380 ἡμῶν
1481 5308 1723 5363 παιδεύει
1799 5307 1895 5379 τὴν

333 5386 501 5448 ζωήν.

408 5424 517 5520 till.)
543 5451 720 5522 Editio
744 5450 911 5522 Paris;
941 5450 1141 5522 τέλειος
1175 5451 1231 5502 ὲν
1255 5450 1331 5519 τῷ
1362 5450 1595 5522 σώματι,
1629 5448 1887 5522 perfectus

334 5541 385 5573 in
417 5517 658 5585 corpore.
685 5521 857 5573 Ειιίιὶυ
883 5520 1044 5573 Basil.
1065 5532 1122 5574 et
1146 5517 1312 5573 nostri
1352 5517 1597 5575 undecim
1657 5532 1786 5570 mss.
1811 5517 1891 5569 τέ·

335 5594 478 5654 λειος
504 5590 666 5662 ἐντῷ
693 5588 899 5662 Κυρίῳ,
922 5591 1174 5655 perfectus
1209 5592 1261 5642 in
1294 5589 1535 5643 Domino.
1569 5590 1623 5643 ln
1650 5602 1753 5662 quo
1789 5590 1893 5662 p_ri-

340 5678 485 5717 mum
522 5657 688 5713 miror
716 5657 997 5713 lectiOuetn
1033 5661 1423 5713 Basileensetn.
1464 5677 1623 5727 quam
1658 5657 1886 5725 ineptis-

339 5736 531 5785 simam
552 5745 670 5784 esse
698 5745 851 5783 nemo
880 5729 1222 5792 inliciabitur,
1255 5730 1304 5782 in
1347 5739 1421 5783 tot
1464 5730 1738 5783 codicibus
1781 5736 1887 5777 tam

340 5810 654 5856 constanter
682 5802 903 5863 reperiri
929 5816 940 5850 :
969 5800 1178 5865 deinde,
1210 5815 1311 5867 qua
1346 5802 1687 5858 auctoritate,
1717 5810 1889 5867 quove

345 5872 651 5925 testimonio
678 5869 877 5924 editum
901 5870 966 5923 sit
989 5886 1016 5922 a
1037 5864 1378 5938 typographis
1408 5864 1885 5938 l‘arisiensibusév

343 5941 420 6014 τις)
446 5942 675 6011 σώματι,
703 5956 820 5995 cum
858 5939 971 6007 ejus
1020 5939 1263 5996 icctiuuis
1318 5956 1576 6006 nusquam
1641 5938 1741 5992 ulla
1798 5937 1887 5989 lial

2062 4401 2113 4454 7.
2150 4399 2311 4455 Vsus.
2349 4400 2435 4453 11.
2484 4398 2677 4452 Divites
2716 4408 2965 4467 eguerunt
3006 4405 3055 4450 et
3108 4396 3429 4457 esurierunt;
3472 4394 3555 4446 in-

1991 4494 2249 4564 quirentes
2271 4501 2443 4543 autem
2479 4489 2754 4542 Dominum
2782 4504 2883 4541 non
2910 4488 3208 4539 minuentur
3234 4485 3377 4538 omni
3402 4484 3551 4539 bono.

1995 4582 2091 4636 llic
2138 4595 2318 4635 sermo
2362 4578 2704 4631 abundantiae
2760 4575 3083 4644 pecuniariae
3142 4574 3555 4630 inconstantiam

1994 4676 2251 4734 edocens,
2284 4684 2383 4723 nos
2413 4667 2576 4721 etiam
2609 4668 2674 4721 ad
2716 4666 3027 4737 corporales
3057 4668 3273 4721 divitias
3294 4680 3558 4736 spernen-

1996 4766 2091 4817 das
2130 4762 2376 4818 aediﬁcet.
2412 4760 2543 4814 Nam
2598 4759 2755 4815 facile
2797 4760 3106 4814 dilabuntur
3135 4760 3353 4821 divititr,
3389 4768 3443 4811 et
3472 4758 3556 4810 iu-

1995 4867 2107 4909 star
2148 4855 2302 4909 undae
2360 4855 2409 4908 vi
2450 4864 2730 4907 venturum
2792 4851 2895 4905 huc
2932 4851 3057 4906 illuc
3084 4851 3257 4906 solent
3295 4848 3557 4906 difﬂuere.

2000 5165 2219 5229 mentio,
2257 5180 2430 5232 neque
2459 5164 2597 5232 apud
2641 5164 2925 5232 Ducmum,
2961 5175 3133 5229 neque
3183 5161 3347 5229 (quod
3391 5160 3558 5232 equi-

2000 5242 2118 5290 dem
2147 5230 2505 5305 εοίαιιιγιιριιιῐ
2528 5248 2851 5303 quemquam
2883 5230 3067 5305 alium.
3125 5231 3399 5305 Sus-picari
3441 5230 3564 5305 iur-

2004 5320 2145 5360 tasse
2201 5300 2720 5376 possin-quispiam,
2758 5317 2922 5355 unum
2976 5301 3210 5376 aliquem
3257 5300 3551 5376 librarium

2003 5368 2259 5446 scriptu-tn
2297 5368 2561 5444 reperisse
2591 5374 2640 5426 in
2666 5368 3145 5446 aliquocodiceﬁy
3175 5368 3313 5440 χρῷ,
3349 5369 3403 5421 in
3434 5385 3564 5446 for-

2002 5438 2145 5510 pore',
2179 5447 2271 5499 sed
2301 5438 2369 5500 tle
2412 5461 2529 5510 suo,
2554 5445 2694 5511 quod
2751 5438 2862 5495 vitii
2918 5440 3124 5508 aliquid
3151 5438 3373 5511 subesse
3431 5438 3566 5511 falso

1995 5507 2358 5579 existimaret,
2414 5507 2523 5583 pro
2556 5507 2613 5567 ἓν
2673 5512 2789 5584 χρῷ
2843 5507 3084 5578 posuisse
3146 5507 3563 5584 évutrtpKupiq),

1999 5588 2231 5656 hincque
2264 5580 2460 5656 factum
2492 5580 2861 5656 essenterror
2891 5598 2957 5636 ex
2991 5581 3305 5656 uuo__cp-t|‘ice
3341 5582 3394 5631 itt
3424 5580 3566 5633 alios

1997 5671 2114 5709 sese
2145 5650 2514 5709 iransl‘uderit.
2546 5653 2612 5708 Ut
2640 5664 2691 5705 ut
2726 5654 2837 5705 haec
2877 5663 3025 5713 sunt,
3053 5650 3184 5703 nihil
3215 5652 3266 5701 iu
3300 5658 3564 5702 contextu

1999 5730 2306 5778 mutandum
2341 5725 2667 5778 censuimus.
2706 5721 2782 5775 Eu
2824 5724 3015 5790 magis,
3056 5721 3194 5790 Quod
3233 5720 3305 5790 ad
3347 5732 3564 5790 sensum

1998 5797 2125 5848 nihil
2166 5797 2384 5859 referat,
2417 5798 2528 5849 sive
2576 5797 2631 5846 ἐν
2692 5793 2831 5863 χρῷ,
2874 5787 2986 5848 sive
3035 5791 3091 5841 ὲν
3122 5788 3199 5863 τῷ
3244 5787 3456 5861 σώματι
3491 5787 3567 5843 le-

1996 5884 2154 5939 geris.
