4260 6486
745 412 853 466 367

2057 425 2113 480 S.
2158 427 2402 481 BASlLiI
2443 431 2657 487 MACNI

3889 440 3997 497 568

738 531 846 584 Aut
878 531 1016 588 forte
1055 536 1217 589 etiam
1257 537 1480 592 divitem
1505 541 1635 594 dicit
1664 541 1914 610 populum
1936 543 2311 611 lsraeliticum,
2345 556 2386 605 Α
2418 569 2420 578 '

2345 556 2386 605 A
2418 550 2523 602 ὑπὸ
2551 552 2648 620 τῆς
2673 554 2783 620 (92)
2822 554 2939 623 βίας
2969 553 3078 605 τῶν
3113 553 3327 624 ἀνέμων
3360 554 3542 608 ἄλλοτε
3578 556 3712 624 πρὸς
3736 556 3871 609 ἄλλα
3904 557 3999 627 μέ·

739 635 971 686 quorum
1005 636 1087 677 est
1112 627 1330 695 adoptio
1371 645 1433 684 ac
1463 631 1679 686 divinus
1703 632 2154 704 cultus,_quorum
2190 649 2315 692 sunt

741 715 1150 782 promissioues,
1185 733 1252 772 ex
1305 722 1501 788 quibus
1536 733 1662 777 sunt
1701 735 1880 793 patres
1909 728 1974 782 “.
2020 729 2081 782 lli
2134 730 2315 798 itaque

740 805 811 856 nl)
842 818 1123 874 peccatum
1157 810 1209 864 in
1253 811 1534 870 Dominum
1569 816 1865 873 admissum
1899 833 2183 889 eguerunt.
2211 823 2312 889 Qui

745 911 871 950 vero
904 897 1116 954 illorum
1150 903 1268 959 loco
1315 905 1674 975 inquisierunt
1713 910 2017 980 Dominum,
2052 929 2155 968 non
2204 915 2312 968 mi-

744 1001 977 1043 Illlt'lllur
1035 995 1181 1048 onmi
1231 996 1388 1052 houo.
1439 999 1599 1071 15o
1643 1003 1916 1072 Egueruut
1953 1017 2129 1061 autem
2182 1024 2313 1077 quo-

740 1079 1029 1137 dammodo
1067 1096 1121 1140 et
1150 1089 1480 1145 esurierunt.
1524 1093 1819 1163 Postquam
1842 1099 1985 1153 enim
2016 1117 2204 1169 panem
2231 1103 2313 1154 vi—

745 1183 809 1227 ta:
835 1175 879 1206 ⁵⁷
907 1177 1318 1248 interfecerunt,
1358 1187 1504 1240 venit
1535 1202 1700 1258 super
1735 1191 1878 1259 ipsos
1922 1192 2089 1246 fartres
2116 1194 2267 1261 panis
2294 1213 2306 1248 :

741 1276 795 1319 t-t
827 1277 1105 1337 postquam
1145 1272 1274 1326 fonti
1311 1290 1464 1344 aquae
1501 1281 1634 1334 vivae
1679 1282 1724 1313 ³³
1771 1294 2014 1336 struxere
2067 1285 2306 1349 insidias,

742 1362 972 1416 accessit
1013 1365 1081 1420 ad
1111 1365 1230 1422 illos
1260 1369 1404 1435 sitis,
1430 1388 1495 1426 ac
1542 1376 1863 1445 suppliciqu
1917 1377 2037 1431 sitis
2064 1379 2205 1448 ipsos
2231 1381 2312 1433 in-

740 1453 924 1508 vasit:
967 1454 1136 1513 fames
1184 1472 1385 1525 autem,
1433 1481 1538 1518 non
1585 1469 1736 1535 panis
1792 1471 2095 1531 sensibilis.
2136 1488 2311 1539 neque

737 1544 854 1597 sitis
900 1560 1074 1615 aqum.
1119 1552 1210 1605 sed
1249 1553 1417 1607 fames
1470 1558 1718 1610 audiendi
1751 1561 1969 1612 verbum
2007 1562 2210 1614 Domini
2244 1565 2307 1616 δ’.

743 1635 1008 1704 lt'gucrunt
1034 1640 1204 1711 itaque
1224 1655 1270 1695 et
1305 1647 1621 1701 esurieruut.
1660 1648 1727 1700 At
1757 1664 1879 1702 vero
1913 1650 2004 1718 qui
2037 1668 2101 1705 ex
2136 1657 2310 1722 genti«

739 1729 838 1782 bus
876 1729 1161 1789 Dominqu
1196 1739 1469 1808 inquirere
1498 1742 1820 1806 didicerunt,
1853 1759 1957 1797 non
2000 1746 2312 1799 minuentur

739 1821 847 1878 ullo
884 1825 1043 1882 bono.
1077 1826 1382 1885 Perfectum
1417 1835 1636 1888 omnino
1672 1837 1866 1889 bonum
1899 1835 2041 1891 Deus
2073 1839 2184 1907 ipse
2205 1849 2310 1902 est,
2349 1865 2368 1907 _-

2423 661 2487 714 ρη
2525 645 2781 713 πεφυκὼς
2813 649 3120 717 μεταρρεῖν.
3158 648 3265 700 Καὶ
3299 647 3543 700 πλούσιον
3573 647 3717 713 λέγει
3741 647 3879 715 τάχα
3905 649 3999 702 τὸν

2433 738 2678 809 Ἰσραήλ·
2712 734 2786 792 ὧν
2818 743 2847 811 ἡ
2882 739 3121 793 υίοθεσία
3158 741 3250 793 καὶ
3282 743 3312 810 ή
3345 741 3582 810 λατρεία,
3629 734 3702 792 ὧν
3733 743 3786 792 αἱ
3822 743 3994 806 ἐπαγ-

2420 829 2614 898 γελίαι,
2649 829 2706 893 ἐξ
2727 823 2800 883 ῶν
2830 835 2875 883 οἱ
2905 830 3154 901 πατέρες.
3185 827 3342 883 Οὗτοι
3370 831 3544 882 τοίνυν
3569 828 3655 881 διὰ
3679 828 3774 898 τὴν
3804 830 3880 889 εἱς
3903 828 3996 880 τὸν

2420 917 2622 988 Κύριον
2651 920 2924 991 ἁμαρτίαν
2949 919 3314 988 ἐπτώχευσαν.
3344 921 3404 972 Oi
3433 921 3487 972 δὲ
3518 922 3630 973 ἀντ’
3658 919 3877 970 ἐκείνων
3902 919 3996 969 ἐκ-

2420 1009 2749 1080 ζητήσαντες
2791 1013 2880 1064 τὸν
2913 1011 3112 1081 Κύριον
3156 1012 3254 1062 οὐκ
3296 1011 3754 1082 ἐλαττωθήσονται
3796 1009 3995 1072 παντὸς

2420 1103 2644 1171 ἀγαθοῦ.
2697 1104 3074 1174 Ἑπτιῖδχευσαν
3129 1103 3182 1154 δέ
3234 1121 3348 1165 πως
3399 1105 3491 1155 καὶ
3529 1105 3637 1174 (95)
3680 1104 3989 1156 ἐπείνασαν,

3831 1191 3994 1265 ἦλθεν

2420 1288 2503 1339 ἐπ’
2535 1289 2727 1352 αὐτοὺς
2750 1291 2777 1340 ό
2807 1289 2962 1358 λιμὸς
2999 1289 3086 1341 τοῦ
3116 1290 3274 1358 ἄρτου
3301 1305 3311 1317 ⁸
3348 1289 3438 1340 καί
3465 1288 3647 1358 ἐπειδὴ
3675 1287 3993 1340 ἐπεϐούλευ-

2433 1196 2646 1266 Ἐπειδη
2681 1198 2784 1267 γὰρ
2821 1197 3143 1248 ἀπέκτειναν
3185 1196 3274 1247 τὸν
3307 1196 3466 1266 ἄρτον
3500 1197 3597 1266 τῆς
3633 1197 3796 1265 ζωῆς,

2422 1399 2516 1434 σαν
2550 1383 2612 1450 τῇ
2650 1384 2792 1450 πηγῇ
2824 1380 2915 1432 τοῦ
2948 1381 3133 1442 ὕδατος
3161 1379 3252 1432 τοῦ
3282 1379 3499 1442 ζῶντος,
3542 1375 3701 1449 ἦλθεν
3746 1380 3930 1441 αὐτοῖς
3959 1379 3993 1448 ἡ

2418 1473 2564 1541 δίιξα.
2600 1474 2697 1524 καὶ
2732 1472 2960 1543 ἐπετέθη
2999 1473 3106 1541 (94)
3132 1473 3310 1533 αὐτοῖς
3344 1473 3375 1541 ἡ
3408 1475 3470 1524 ἐκ
3513 1473 3608 1541 τῆς
3641 1472 3797 1540 δίψης
3833 1470 3995 1522 κόλα-

2423 1584 2534 1629 σις·
2566 1565 2718 1635 λιμὸς
2744 1565 2797 1617 δὲ
2832 1566 2948 1635 οὐχὶ
2971 1566 3132 1636 ἄρτου
3158 1563 3434 1632 αἰσθητοῦ,
3464 1562 3581 1615 οὐδὲ
3617 1563 3742 1631 δί’,ξια
3779 1562 3990 1625 ὓδατος,

2419 1660 2552 1713 ἀλλᾶ
2576 1659 2728 1728 λιμὸς
2749 1659 2840 1713 τοῦ
2866 1659 3093 1711 ἀκοῦσαι
3127 1658 3278 1726 λόγον
3305 1657 3525 1727 Κυρίου.
3571 1656 3994 1722 Ἑπτώχευσιηι

2411 1752 2526 1821 μὲν
2559 1747 2670 1805 οὖν·
2709 1751 2802 1802 καὶ
2837 1752 3183 1804 ἐπείιτισίιν.
3232 1753 3291 1803 Οἱ
3325 1749 3502 1819 μέντοι
3533 1748 3638 1800 ἀπὸ
3667 1747 3776 1798 τῶν
3824 1747 3993 1799 ἐθνῶν

2423 1844 2682 1913 μαθόντες
2715 1841 2959 1911 ἐκζητεῖν
3008 1842 3096 1893 τὸν
3147 1842 3347 1912 Κύριον
3389 1840 3485 1893 οὐκ
3529 1839 3992 1908 ἔλατ-σωθήσονται

738 1929 848 1981 quo
887 1932 994 1970 non
1026 1920 1334 1976 minuentur
1361 1935 1619 1995 quotquot
1649 1930 1944 1996 exquirunt
1975 1905 2167 2000 ipsum.
2196 1931 2309 1987 Non
2346 1905 2384 1957 Β

2346 1905 2384 1957 Β
2420 1935 2615 1997 παντὸς
2644 1933 2866 2002 ἀγαθοῦ.
2907 1933 2978 1985 Τὸ
3018 1933 3325 1986 παντέλειον
3348 1931 3548 2000 ἀγαθὸν
3586 1931 3746 1993 αύτός
3786 1933 3932 1981 ἐστιν
3965 1933 3992 1982 ό

740 2007 883 2059 enim
943 2011 1071 2063 mibi
1126 2015 1390 2082 quispiam
1430 2019 1750 2083 ineruditus,
1781 2023 1871 2091 qui
1905 2039 2217 2092 perversmn
2247 2027 2313 2080 de

742 2095 880 2152 bono
908 2115 970 2153 ac
1022 2103 1162 2158 utan
1186 2104 1447 2172 judicium
1478 2110 1634 2178 ferat,
1661 2114 1857 2167 bonum
1897 2117 2137 2170 nominet
2169 2133 2310 2176 eum.

744 2190 830 2257 qui
862 2191 1182 2260 voluptatem
1223 2204 1604 2268 temporariam
1642 2214 1804 2275 atque
1834 2223 1938 2261 una
1962 2224 2084 2263 cum
2122 2225 2314 2277 corpo-

741 2281 815 2335 ris
847 2288 1191 2355 corruptione
1238 2301 1606 2350 transeuntem
1654 2299 1832 2353 habet.
1877 2300 1976 2366 Qui
2007 2302 2150 2356 enim
2197 2317 2315 2355 cor-

739 2389 932 2441 poreas
958 2392 1086 2446 opes
1117 2390 1170 2435 et
1213 2387 1602 2454 praerogativas
1634 2391 1940 2459 corporales
1967 2392 2017 2445 iu
2068 2393 2190 2446 boni
2225 2409 2314 2447 0r-

741 2468 916 2522 tliuem
986 2473 1210 2542 redigit,
1251 2476 1294 2529 is
1346 2482 1700 2535 reverendum
1757 2494 1813 2536 et
1860 2483 1957 2537 soli
2014 2484 2120 2538 Deo
2184 2500 2313 2538 con-

741 2561 964 2619 veniens
1016 2582 1210 2622 nomen
1271 2572 1336 2623 ad
1394 2587 1482 2628 res
1536 2575 1671 2629 viles
1720 2585 1776 2631 et
1830 2577 2025 2632 nullius
2052 2580 2310 2633 momenti

741 2654 1015 2719 transfert.
1050 2668 1104 2713 et
1129 2660 1288 2716 simul
1315 2664 1368 2718 in
1393 2669 1833 2723 contrarietatem
1869 2670 2072 2726 incidet
2105 2674 2313 2741 gravis-

739 2745 952 2801 simam.
997 2751 1103 2804 Aut
1145 2753 1289 2806 enim
1326 2756 1468 2810 dicet
1514 2759 1809 2826 apostolos,
1840 2769 2124 2830 propterea
2172 2767 2312 2832 quod

742 2850 848 2889 non
905 2838 1266 2908 inquisierunt
1323 2843 1642 2913 Dominum,
1697 2858 1980 2905 assecutos
2029 2866 2137 2905 non
2193 2867 2314 2906 esse

742 2933 1042 2998 corporalia
1069 2933 1208 2988 bona
1251 2953 1264 2990 :
1293 2947 1386 2991 aut
1411 2938 1455 2993 si
1481 2955 1603 2994 eum
1633 2942 1990 3010 iuquirentes,
2018 2944 2144 2998 talia
2173 2947 2312 3000 bona

742 3033 847 3072 non
872 3035 1272 3093 compararunt,
1293 3027 1629 3098 Scripturam
1667 3031 1834 3101 ipsam
1867 3035 2165 3100 accusabit,
2197 3052 2314 3103 qua:

742 3110 872 3165 dicit
899 3127 994 3169 eos
1032 3117 1122 3186 qui
1166 3118 1454 3174 Dominum
1498 3123 1800 3192 inquirunt.
1832 3125 1972 3180 bono
2033 3129 2179 3182 nullo
2217 3130 2311 3183 de-

2415 2024 2544 2086 Θεός
2567 2043 2577 2052 ·
2613 2018 2672 2076 οῦ
2697 2026 2795 2076 οὐκ
2827 2023 3284 2093 ἐλαττωθήσονται
3319 2024 3516 2084 πάντες
3554 2023 3600 2074 οἱ
3637 2021 3992 2091 ἐκζητοῦντες

2415 2117 2592 2170 αὐτόν,
2622 2118 2712 2188 Μὴ
2754 2119 2860 2187 γάρ
2901 2116 2989 2185 μοί
3023 2133 3102 2177 τις
3139 2115 3481 2177 ἀπαίδευτος,
3513 2115 3823 2184 ἀδιάκριτον
3852 2113 3993 2182 ἔχων

2425 2207 2503 2259 ιὸν
2536 2207 2662 2276 περὶ
2695 2207 2785 2259 τοῦ
2814 2205 3018 2274 ἀγαθοῦ
3063 2205 3155 2258 καὶ
3193 2203 3361 2257 κακοῦ
3410 2204 3571 2256 τόπον
3612 2203 3744 2272 (95),
3789 2202 3992 2268 ἀγαθὸν

2414 2297 2724 2368 ἐνομαζέτω
2800 2300 2888 2351 τὸν
2955 2299 3282 2370 πρόσκαιρον
3345 2296 3530 2367 ἔχοντα
3593 2296 3688 2366 τὴν
3746 2295 3990 2348 ἀπόλαυ-

2417 2408 2499 2442 σιν
2532 2390 2642 2458 (96)
2697 2389 2789 2441 καὶ
2822 2393 2884 2459 τῇ
2937 2389 3110 2460 φθορᾷ
3156 2388 3247 2440 τοῦ
3295 2387 3538 2457 σώματος
3580 2387 3990 2458 συναπερχομέ-

2413 2501 2528 2551 νην.
2566 2485 2622 2535 Ὀ
2646 2483 2750 2554 γὰρ
2777 2483 2867 2534 τὸν
2894 2481 3199 2551 σωματικὸν
3231 2480 3456 2532 πλοῦτον
3487 2480 3578 2532 καὶ
3607 2480 3671 2532 τὰ
3703 2478 3991 2549 σωματικά

2415 2576 2801 2646 προτερήματα
2837 2575 2914 2632 εἰς
2945 2574 3041 2642 τὴν
3072 2573 3162 2625 τοῦ
3194 2572 3396 2640 ἀγαθοῦ
3424 2571 3575 2637 τάξιν
3603 2574 3882 2639 κατάγων.
3908 2573 3990 2634 εἰς

2415 2665 2712 2736 πράγματα
2743 2663 2929 2731 εὐτελῆ
2953 2663 3044 2715 καὶ
3074 2663 3282 2726 οὐδενὸς
3315 2663 3473 2730 λόγου
3507 2662 3632 2726 ἄξια
3661 2663 3781 2730 ἄγει
3810 2662 3870 2713 τὸ
3905 2679 3991 2713 σε-

2419 2757 2546 2828 μνόν
2572 2757 2662 2808 καὶ
2690 2754 2834 2824 μόνῳ
2870 2753 2987 2822 Θεῷ
3021 2754 3225 2824 πρέπον
3259 2753 3446 2823 ὅνομα,
3473 2755 3566 2806 καὶ
3598 2754 3708 2823 ἅμα
3736 2752 3992 2805 ἐναντιώ-

2421 2865 2545 2918 ματι
2578 2844 2940 2916 χαλεπωτάτῳ
2965 2847 3356 2914 περιπεσεῖται.
3385 2845 3453 2896 Ἦ
3477 2843 3585 2914 γὰρ
3607 2846 3728 2906 τοὺς
3759 2843 3991 2895 ἀποστό-

2415 2940 2539 3002 λους
2580 2941 2710 3008 ἐρεῖ,
2749 2939 2896 3008 παρὰ
2951 2937 3010 2989 τὸ
3070 2937 3143 3005 μὴ
3189 2936 3484 3006 ὲκζητῆσαι
3529 2935 3618 2988 τὸν
3656 2936 3877 3006 Κύριον,
3916 2935 3990 3005 μὴ

2413 3032 2769 3101 τετυχηκέναι
2826 3029 2933 3081 τῶν
2979 3028 3302 3099 σωματικῶν
3352 3027 3603 3095 ἀγαθῶνυ
3658 3028 3691 3097 ἢ
3733 3029 3779 3079 εἰ
3829 3027 3988 3097 ἐκζη-

2413 3123 2632 3184 τοῦντες
2660 3121 3030 3190 ἀπετύγχανον
3058 3120 3164 3172 τῶν
3187 3119 3440 3171 τοιούτων
3466 3119 3703 3187 ἀγαθῶν,
3727 3120 3825 3189 τῆς
3852 3120 3890 3169 Γ
3895 3137 3990 3188 ρα⁸

740 3204 914 3261 stitui.
941 3206 1049 3263 Sed
1078 3218 1134 3264 et
1163 3211 1528 3280 inquisierunt
1561 3215 1729 3269 sancti
1753 3215 2062 3278 Dominum.
2094 3228 2148 3273 et
2175 3235 2315 3272 com-
2343 3259 2387 3317 Β
2419 3240 2422 3260 ι

2304 3251 2315 3261 -
2343 3259 2387 3317 C
2419 3218 2522 3286 φῆς
2567 3214 2736 3283 αὐτῆς
2791 3213 3153 3282 κατηγορήσει
3208 3210 3469 3278 λεγούσης
3521 3211 3744 3281 μηδενὸς
3784 3211 3986 3277 ἀγαθοῦ

742 3297 1098 3362 prehensioue
1123 3303 1238 3372 ejus
1270 3305 1359 3373 qui
1393 3306 1680 3375 iuquisitus
1726 3317 1828 3371 est.
1858 3325 1964 3364 non
1998 3323 2313 3375 caruerunt,

743 3406 916 3462 neque
941 3393 1095 3449 bonis
1123 3395 1175 3448 in
1204 3406 1406 3452 aeterna
1431 3400 1617 3468 requie
1649 3401 1897 3470 repositis
1926 3410 2054 3457 sunt
2082 3403 2314 3472 spoliati.

743 3484 1019 3552 Siquidem
1037 3489 1103 3543 de
1133 3489 1236 3543 illis
1261 3490 1414 3545 bonis
1435 3491 1539 3544 dici
1567 3495 1780 3562 proprie
1806 3496 1972 3563 possit
1991 3494 2141 3560 illud,
2163 3494 2320 3549 Omni

742 3583 897 3634 bona.
921 3579 1052 3634 Nam
1081 3597 1356 3651 corporeae
1386 3584 1690 3653 voluptates
1727 3585 1842 3654 plus
1871 3587 2128 3641 molestia;
2154 3604 2314 3655 quam

740 3672 1091 3741 iucunditatis
1127 3674 1344 3737 habent.
1363 3673 1652 3730 Procreant
1676 3676 1818 3731 enim
1839 3679 2036 3746 nuptia:
2057 3679 2315 3733 sterilita—

743 3779 872 3830 tem,
893 3765 1227 3829 viduitatem,
1249 3773 1466 3835 stupra;
1499 3767 1823 3832 agricultura
1843 3769 2312 3836 infecunditatem;

742 3863 1042 3908 mercatura
1066 3856 1363 3922 naufragia;
1383 3856 1579 3911 divitia:
1597 3856 1838 3922 insidias;
1855 3858 2057 3912 delicite
2073 3860 2317 3913 satietas-

741 3961 847 4015 qne
868 3955 922 4000 et
953 3947 1184 4001 assiduae
1206 3949 1510 4016 voluptates
1537 3950 1755 4003 morbos
1793 3953 1970 4005 varios
2004 3965 2068 4005 ac
2105 3953 2312 4007 diverSa

743 4037 1088 4093 :ill'ectionum
1139 4053 1358 4108 genera.
1423 4040 1618 4094 Paulus
1675 4043 1858 4110 utique
1908 4052 1962 4097 et
2011 4043 2317 4112 inquirebat

747 4133 1052 4195 Dominum,
1084 4141 1137 4186 et
1185 4131 1316 4185 nihil
1358 4134 1406 4186 ei
1444 4133 1612 4187 del'uit
1651 4135 1935 4190 bonorum.
1971 4134 2165 4190 Verum
2198 4138 2318 4206 quis

743 4224 985 4293 corporis
1015 4224 1312 4286 molestias,
1345 4225 1394 4277 in
1430 4226 1624 4292 quibus
1656 4242 1750 4296 per
1781 4235 1946 4280 totam
1977 4243 2128 4282 suam
2153 4229 2314 4282 vitam

745 4315 899 4377 vixit,
931 4328 1316 4370 annumeraret
1345 4318 1367 4370 ?
1397 4315 1504 4371 Ter
1529 4318 1695 4385 virgis
1732 4334 1904 4373 exesus
1929 4328 2031 4382 est.
2051 4321 2216 4374 semel
2237 4331 2320 4374 est

750 4408 1037 4478 lapidatus,
1063 4419 1144 4463 ter
1173 4410 1518 4478 naufragium
1570 4411 1714 4476 fecit,
1761 4422 1973 4467 noctem
2006 4429 2070 4467 ac
2098 4413 2238 4466 diem
2265 4414 2315 4465 iu

749 4499 1014 4563 profundo
1046 4502 1173 4568 egit,
1206 4502 1257 4556 in
1282 4503 1564 4558 itineribus
1595 4518 1759 4573 suspe,
1785 4507 1835 4558 in
1866 4505 2006 4560 l'amc
2028 4513 2081 4559 et
2115 4506 2225 4569 siti,
2265 4506 2315 4559 in

2420 3306 2766 3360 ἐλαττοῦσθαι
2795 3306 2916 3367 τοὺς
2945 3301 3304 3372 ὲκζητοῦντας
3331 3302 3420 3354 τὸν
3451 3303 3672 3373 Κύριον.
3712 3303 3870 3354 Ἀλλὰ
3899 3303 3989 3354 καὶ

2421 3397 2700 3468 ὲξεζήτουν
2729 3398 2776 3448 οι
2807 3396 2947 3462 ἆγιοι
2975 3395 3062 3446 τὸν
3094 3393 3312 3464 Κύριον,
3343 3395 3435 3446 καὶ
3464 3395 3563 3466 τῆς
3583 3393 3747 3446 αὐτοῦ
3772 3394 3866 3447 τοῦ
3892 3395 3986 3464 ξη-

2417 3490 2677 3560 τουμένου
2701 3487 3052 3558 καταλήψεως
3077 3487 3174 3538 οὐκ
3203 3485 3544 3555 ήλαττοῦντο,
3572 3485 3690 3538 οὐδὲ
3718 3485 3826 3537 τῶν
3857 3487 3989 3538 ἀπο-

2419 3584 2684 3652 κειμένων
2717 3583 2773 3636 ὲν
2803 3584 2867 3651 τῇ
2899 3580 3090 3648 αίωνία
3120 3579 3417 3632 ἀναπαύσει
3453 3579 3564 3649 (97)
3591 3579 3809 3647 ἀγαθῶν
3841 3581 3990 3631 ἐστε-

2423 3677 2679 3746 ρήθησαν.
2717 3674 2852 3744 Περὶ
2901 3672 3121 3724 ἐκείνων
3167 3671 3272 3741 γάρ
3319 3671 3525 3739 λέγοιτο
3561 3672 3624 3724 ἂν
3666 3673 3868 3741 κυρίως
3908 3672 3985 3735 τὸ,

2417 3768 2648 3832 Παντὸς
2704 3766 2946 3834 ἀγαθοῦ.
3015 3767 3078 3817 Ai
3127 3765 3232 3835 γὰρ
3299 3767 3603 3833 σωματικαὶ
3662 3763 3991 3826 ἀπολαύσεις

2419 3861 2598 3913 πλεῖον
2628 3859 2689 3912 τὸ
2719 3857 2974 3928 ὀδυνηρὸν
2999 3857 3179 3925 ἔχουσι
3226 3855 3318 3908 τοῦ
3361 3855 3548 3925 ἡδέος·
3598 3857 3645 3908 οἱ
3683 3857 3851 3925 γάμοι
3894 3856 3991 3918 τὰς

2418 3950 2692 4012 ἀπαιδίας,
2726 3948 2823 4012 τὰς
2845 3947 3091 4019 χηρείας,
3128 3948 3225 4010 τὰς
3255 3947 3581 4018 διαφθοράς’
3631 3950 3685 4000 αξ
3727 3950 3992 4018 γεωργίαι

2417 4042 2515 4112 τὴν
2553 4039 2831 4109 ἀκαρπίαν
2853 4055 2865 4066 ·
2907 4038 2962 4089 αἱ
2993 4037 3251 4107 ἐμπορίαι
3281 4039 3348 4089 τὰ
3377 4037 3608 4104 ναυάγια
3629 4053 3641 4066 ·
3687 4037 3737 4088 οἱ
3775 4036 3990 4090 πλοίτοι

2418 4136 2515 4197 τὰς
2553 4133 2843 4194 ἐπιϐουλάς
2868 4149 2879 4160 ’
2913 4133 2967 4184 αἱ
3002 4131 3206 4200 τρυφαὶ
3248 4132 3341 4182 καὶ
3368 4132 3413 4182 οἱ
3443 4131 3613 4200 κόροι,
3651 4131 3744 4182 καὶ
3783 4132 3836 4182 αἱ
3865 4147 3990 4181 συν-

2419 4226 2562 4293 εχεῖς
2592 4221 2915 4282 ἀπολαύσεις
2948 4221 3007 4271 τὸ
3035 4219 3273 4271 ποικίλον
3305 4218 3410 4270 τῶν
3439 4219 3789 4287 νοσημάτων,
3817 4219 3909 4271 καὶ
3932 4218 3992 4270 τὺ

2421 4312 2694 4374 πολυειδὲς
2753 4310 2860 4362 τῶν
2920 4308 3123 4361 παθῶν.
3182 4306 3386 4369 Παῦλος
3442 4308 3621 4376 μέντοι
3676 4308 3770 4358 καὶ
3807 4306 3994 4376 ἐξεζή-

2420 4426 2498 4460 τει
2533 4405 2641 4476 (98)
2675 4405 2766 4456 τὸν
2791 4401 3011 4472 Κύριον,
3046 4402 3137 4454 καὶ
3165 4399 3313 4451 οὐδὲν
3346 4398 3492 4467 αύτῴ
3515 4399 3694 4450 ἔλειπε
3725 4399 3833 4449 τῶν
3861 4400 3990 4465 ἀγα-

2422 4500 2548 4553 θῶν.
2585 4495 2773 4551 Καίτοι
2826 4495 2908 4555 τίς
2951 4495 3016 4544 ἂν
3056 4491 3477 4561 ἐξαριθμήσαιτο
3514 4488 3580 4540 τὰ
3620 4487 3714 4540 τοῦ
3745 4487 3992 4558 σώματος

748 4594 960 4658 ieiuniis
988 4609 1148 4661 saepe,
1183 4595 1234 4648 in
1275 4595 1459 4651 labore
1485 4609 1537 4652 et
1577 4615 1838 4662 aerumna,
1875 4599 1924 4652 in
1979 4600 2315 4654 necessitati-
2352 4611 2430 4675 οε

2305 4629 2315 4638 .
2352 4588 2645 4675 υόχληρα,
2700 4581 2779 4649 οἷς
2838 4582 2985 4655 παρά
3020 4583 3196 4635 πάντα
3235 4583 3324 4634 τὸν
3367 4581 3557 4634 ἑαυτοῦ
3602 4581 3712 4650 βίον
3756 4580 3987 4650 συνέζης

749 4689 845 4740 bus
869 4701 1012 4757 smpe
1037 4687 1103 4740 ‘°.
1136 4688 1318 4759 Usque
1348 4690 1414 4743 ad
1445 4701 1742 4745 extremam
1773 4692 1962 4746 horam
1985 4703 2040 4746 et
2073 4694 2317 4747 esuriens

749 4788 930 4844 homo,
960 4788 1014 4833 et
1038 4780 1318 4845 sitiens,et
1348 4783 1523 4835 nudus
1545 4799 1607 4837 ac
1633 4783 1875 4852 colaphis
1902 4798 2073 4839 caesus
2099 4785 2164 4850 “,
2185 4799 2318 4852 quo-

816 4899 863 4931 ”
894 4899 1048 4955 Hom.
1102 4916 1178 4960 ix.
1222 4899 1314 4958 45.
1394 4899 1610 4954 "Joan.
1657 4916 1730 4962 vr,
1770 4899 1857 4953 48.

749 4968 985 5026 “lCor.
1019 4985 1090 5034 tv,
1119 4969 1205 5024 ll.

823 5108 936 5180 (92)
977 5110 1110 5179 Reg.
1159 5108 1429 5163 secundus
1466 5107 1573 5180 ἀπὸ
1604 5106 1719 5175 τῆς.
1755 5105 1872 5159 Mox
1907 5106 2035 5160 editi
2067 5105 2328 5173 πεφυκός.

749 5185 820 5234 At.
853 5177 1224 5249 sepletn'mss.
1268 5177 1548 5246 πεφυκώς.

822 5250 934 5324 (95)
982 5251 1146 5304 Deest
1198 5249 1292 5303 καί
1328 5251 1400 5324 _iu
1458 5249 1726 5324 aliquibus
1796 5262 1926 5300 mss.

750 5318 980 5398 quartus
1014 5329 1070 5376 et
1103 5330 1290 5375 sextus
1316 5320 1347 5388 ή
1377 5318 1553 5398 λιμός.
1578 5389 1616 5398 μ
1640 5388 1669 5398 η
1703 5389 1716 5398 _
1752 5383 1847 5398 ,η
1951 5389 1963 5398 ,
2022 5387 2034 5398 ,
2115 5387 2126 5398 ,
2206 5386 2215 5398 ,

822 5391 935 5461 (94)
967 5392 1041 5445 lta
1068 5407 1201 5444 mss.
1232 5383 1347 5444 non'
1367 5383 1545 5459 pauci.
1578 5388 1716 5443 Editi
1750 5383 1914 5459 ἦλθεν
1949 5387 2034 5438 ἐπ’
2069 5386 2263 5448 αὐτοὺς
2299 5386 2330 5453 ὴ

751 5465 900 5533 δεψα,
937 5461 1188 5532 ἐπετέθη.

823 5527 1091 5607 (95)-ιιιιι,
1125 5527 1438 5607 ἀδιάκριτον
1472 5529 1700 5607 extum...
1730 5530 1914 5607 τόπον,
1943 5529 2039 5607 sic_
2070 5527 2330 5607 interpre—

759 5599 902 5657 tatur
927 5599 1309 5677 Combelisius;
1373 5599 1536 5655 Haud
1563 5617 1747 5677 sanum
1774 5602 1978 5677 [labens
2012 5599 2326 5677 judicium”:

756 5692 916 5747 quam
945 5676 1449 5747 interpretationem
1490 5673 1626 5747 satis
1653 5671 1955 5747 probatum
2013 5669 2076 5721 iri
2109 5667 2328 5747 intelli-

759 5745 1007 5816 gentibus
1037 5755 1183 5814 pttto,
1236 5761 1356 5816 cuin
1395 5744 1481 5796 vix
1539 5741 1758 5794 dubium
1816 5756 1949 5816 esse
1982 5741 2166 5808 possit,
2201 5741 2325 5816 quin

762 5818 860 5866 huc
906 5812 1179 5870 luconox
1236 5815 1396 5878 τόπος
1461 5831 1555 5884 pro
1623 5828 1748 5865 τω(ξο
1803 5812 2078 5881 κριτήριον
2157 5812 2324 5876 posita

759 5899 848 5939 Ml.

2007 5246 2122 5300 Mox
2180 5244 2332 5314 Regii

1947 4902 1991 4931 "
2023 4900 2178 4954 Joan.
2240 4916 2311 4962 Iv,
2358 4900 2422 4952 10
2456 4916 2604 4966 seqq-

2423 4685 2552 4754 Τρὶς
2592 4677 2937 4751 ἐρραϐδίσθη,
2989 4674 3132 4738 ἅπαξ
3186 4673 3463 4744 ὲλιθάσθη,
3500 4675 3618 4744 τρὶς
3667 4673 3989 4743 ἐναι-άγησε,

2425 4776 2762 4845 νυχθήμερον
2822 4772 2879 4821 ἐν
2910 4769 2986 4839 τῷ
3021 4767 3164 4838 βυθῷ
3213 4769 3528 4838 πεποίηκεν,
3565 4769 3622 4819 ἐν
3666 4766 3993 4837 ὁδοιπορίαις

2701 4897 2744 4926 ⁵⁹
2773 4895 2934 4945 Amos
3002 4905 3115 4952 vm,
3163 4889 3248 4942 ll.
3325 4887 3368 4917 '°
3400 4885 3440 4938 ll
3483 4888 3605 4940 Cor.
3669 4902 3743 4949 ιι,
3775 4886 3867 4952 9-5,
3901 4885 3991 4938 27.

2509 5100 2618 5165 (96)
2648 5099 2786 5151 Editi
2830 5110 2881 5149 et.
2916 5098 3079 5149 nostri
3118 5095 3362 5148 undecim
3401 5110 3528 5148 mss.
3585 5095 3677 5146 τὸν
3734 5091 3996 5165 πρόσκαιο

2442 5192 2529 5241 ρον
2553 5163 2742 5240 ἔχοντα
2758 5169 2854 5238 τὴν
2868 5169 3183 5220 ἀπόλαυσιν.
3215 5168 3316 5219 Sed
3349 5165 3428 5241 vir
3446 5164 3799 5241 doctissimus
3829 5163 3993 5241 idem-

2438 5232 2540 5312 que
2565 5232 3056 5312 ciiiilidun'tissimus
3081 5235 3442 5312 (lombelisius
3463 5250 3561 5285 suo
3599 5232 3840 5312 periculo
3895 5232 3993 5312 [θεῖ

2439 5301 2548 5365 vult
2581 5312 2639 5362 τὸ
2671 5311 2999 5378 πρόσκαιρον
3035 5308 3175 5376 ἕχον,
3214 5317 3341 5361 em.
3394 5305 3444 5354 id
3475 5305 3617 5378 quod
3651 5304 3722 5354 ita
3750 5305 3861 5368 ipse
3901 5301 3997 5353 La-

2440 5385 2547 5436 tine
2578 5375 2824 5440 reddidit,
2871 5375 3069 5430 Bonum
3109 5382 3386 5441 mutettpel,
3428 5375 3568 5439 quod
3604 5383 3996 5434 temporaneam

2441 5453 2592 5504 Imbet
2630 5452 3032 5518 jucmulitntem.
3065 5449 3165 5499 Alii
3194 5443 3454 5518 quidlibet
3479 5443 3578 5494 sibi
3630 5443 3792 5518 licere
3847 5457 3998 5506 puta-

2441 5513 2651 5579 wrintv;
2680 5531 2733 5572 at
2769 5522 2919 5571 nobis
2950 5519 3132 5584 religio
3163 5515 3324 5568 l'uet'it
3346 5513 3614 5566 editorum
3639 5513 3796 5566 simul
3825 5525 3879 5565 et
3925 5519 4002 5563 tot

2440 5595 2685 5647 codicum
2723 5606 2849 5642 mss.
2885 5590 3258 5643 auctoritatem
3283 5597 3562 5649 spernere.

2512 5663 2620 5730 (97)
2653 5660 2781 5726 Reg.
2819 5661 3005 5712 tertius
3027 5657 3221 5725 αἰωνία
3249 5651 3566 5716 ἀπολαύσει,
3601 5663 3654 5707 et
3695 5653 3768 5706 ita
3809 5652 4002 5721 legitur

2441 5736 2491 5786 in
2532 5732 2924 5797 marginelleg.
2963 5730 3204 5782 secundi.

2509 5792 2715 5862 (98illa
2763 5792 2993 5855 srxinss
3050 5801 3109 5850 At
3147 5797 3265 5851 editi
3302 5792 3496 5864 ξζιιρεε.

2441 5877 2449 5885 ⁸
2509 5875 2530 5890 ν

2441 5893 2492 5901 ι--ι

3551 5795 3678 5864 Rt-g.
3739 5795 4002 5848 secundus
