4260 6514
299 469 404 522 369

1433 469 1713 525 ιιολιιιιΑ
1753 472 1817 525 ΙΝ
1855 471 2184 526 PSALMUM
2223 470 2459 526 XXXIII.

3432 473 3538 526 570

299 589 573 651 πολλάκις,
606 590 662 641 ἐν
692 588 833 658 λιμῷ
856 588 948 639 καὶ
965 586 1102 655 δίψει
1137 586 1266 656 (99),
1292 589 1348 638 ἐν
1377 588 1646 655 νηστείαις
1667 589 1862 641 πολλά·
1895 597 1938 654 Α
1974 605 1981 640 l

1857 619 1862 626 -
1895 597 1938 654 Α
1974 589 2129 640 modo
2184 603 2286 641 non
2331 589 2671 642 mitiuebatur
2718 579 3089 651 corporalibus
3122 578 3324 633 bonis?
3359 579 3539 634 Evclio

301 700 407 746 κις,
437 685 493 734 ἐν
524 681 674 751 κόπῳ
702 681 794 732 καὶ
831 678 1032 749 μόχθῳ,
1064 682 1120 730 ἐν
1143 680 1407 746 ἀνάγκαις
1443 679 1718 744 πολλάκις.
1751 680 1863 734 Μέ-

299 791 390 845 χρι
454 775 553 844 τῆς
595 773 826 842 ἐσχάτης
873 771 1018 840 ὧρας
1061 772 1152 824 καὶ
1202 770 1400 823 πεινῶν
1443 770 1741 840 ἄνθρωπος,
1774 772 1865 824 καὶ

297 864 484 934 διψῶν,
514 865 604 916 καὶ
625 861 1001 932 γυμνητεύων,
1033 864 1125 916 καὶ
1150 861 1594 931 κολαφιζόμενος,
1629 863 1744 926 πῶς
1763 865 1863 916 οὐκ

1973 680 2152 747 igitur,
2184 696 2386 748 quaiso,
2414 691 2646 734 mentem
2683 678 2751 730 ad
2782 676 2833 728 id
2863 676 3003 742 quod
3036 687 3160 727 vere
3195 671 3393 726 bonum
3431 679 3535 733 est,

1971 780 2027 823 ut
2064 781 2116 824 et
2149 772 2438 841 Scriptura:
2468 771 2878 825 consensionem
2923 765 3206 834 intelligas,
3239 773 3293 818 et
3321 776 3388 817 ne
3412 778 3541 818 con-

1963 861 2118 928 jicias
2149 873 2199 916 te
2228 863 2281 915 in
2320 861 2480 914 ullam
2514 861 2789 916 sentcntiie
2828 855 3250 924 ambiguitatem.

298 955 589 1025 ἠλαττοῦτο
634 953 741 1004 τῶν
785 955 1106 1024 σωματικῶν
1169 954 1424 1022 ἁγαθῶν;
1496 955 1758 1024 Ἀνάγαγε
1807 953 1899 1009 οὖν
1943 972 2029 1025 μοι
2069 956 2166 1024 τὴν
2209 956 2445 1009 διάνοιαν
2491 953 2582 1006 ἐπὶ
2622 954 2682 1005 τὸ
2743 953 2911 1014 ὅντως
2935 947 3162 1018 ἀγαθὸν,
3199 947 3285 998 ἴνα
3319 945 3413 998 καὶ
3440 943 3538 1014 τὴν

298 1048 612 1118 συμφωνίαν
637 1047 736 1117 τῆς
757 1049 974 1122 Γραφῆς
997 1048 1252 1117 ἐπιγνῷς,
1282 1050 1375 1103 καὶ
1407 1051 1626 1103 σεαυτὸν
1663 1051 1734 1122 μὴ
1764 1050 2074 1123 καταϐάλῃς
2095 1054 2160 1121 τῇ
2191 1051 2488 1122 ἀμφιϐολίᾳ
2508 1049 2608 1118 τῆς
2633 1049 2857 1110 ἐννοίας.

366 1139 419 1194 8.
455 1139 650 1203 Δεῦτε,
689 1139 882 1203 τέκνα,
919 1140 1216 1195 ἀκούσατέ
1246 1159 1364 1210 μου
1387 1160 1398 1171 ο
1425 1144 1610 1210 φόϐον
1645 1144 1864 1211 Κυρίου

293 1230 512 1295 διδάξω
567 1232 738 1301 ὑμᾶς.
813 1233 1144 1286 Ἐνδιαθέτου
1191 1233 1266 1304 (1)
1321 1233 1632 1288 διδασκάλου
1690 1233 1860 1303 φωνὴ,

294 1320 766 1392 προσκαλουμένου
804 1325 880 1384 εἰς
915 1323 1148 1392 μάθησιν
1175 1321 1260 1374 διὰ
1291 1323 1561 1393 πατρικῆς
1593 1325 1864 1391 εὐσπλαγ-

294 1414 466 1482 χνίας.
491 1415 598 1466 Καὶ
621 1416 728 1486 γάρ
752 1417 937 1470 τέκνον
963 1413 1079 1468 ἐστῖ
1112 1417 1469 1486 πνευματικὸν
1502 1416 1592 1468 τοῦ
1616 1417 1864 1471 διδασκά-

293 1505 386 1557 λου
419 1507 446 1558 6
476 1508 738 1579 μαθητής.
785 1511 840 1562 Ὁ
867 1509 974 1579 γὰρ
1002 1510 1148 1580 παρά
1173 1526 1314 1571 τινος
1338 1508 1434 1579 τὴν
1463 1511 1738 1578 μόρφωσιν
1763 1510 1863 1580 τῆς

294 1597 574 1662 εὐσεϐείας
610 1599 913 1670 δεχόμενος,
952 1597 1102 1662 οὗτος
1127 1602 1286 1653 οἱονεὶ
1321 1601 1698 1654 διαπλάττεται
1735 1603 1861 1672 παρ’

293 1690 480 1753 αὑτοῦ,
513 1693 603 1743 καὶ
645 1695 723 1754 είς
755 1692 1010 1744 σύστασιν
1046 1691 1254 1759 ἄγεται,
1301 1691 1488 1761 ὧσπερ
1524 1694 1613 1745 καὶ
1643 1692 1860 1763 ὑπὸτῆς

292 1784 665 1854 κυοφορούσης
716 1787 780 1838 τά
812 1787 868 1836 ἐν
898 1786 1033 1854 αὐτῇ
1078 1784 1518 1854 διαμορφούμενα
1557 1785 1628 1854 (ε)
1661 1785 1854 1858 βρέφη.

2040 1143 2092 1197 8.
2119 1143 2280 1199 Vens.
2311 1144 2391 1198 12.
2440 1141 2474 1164 ”
2500 1143 2636 1204 'nite,
2672 1140 2788 1208 ﬁlii,
2814 1139 2993 1192 audite
3016 1154 3130 1200 me;
3160 1136 3399 1189 timorem
3433 1132 3536 1185 Do-

1971 1236 2096 1287 mini
2129 1237 2318 1289 docebo
2360 1252 2464 1289 vos.
2494 1232 2743 1288 Bcnevoli
2782 1229 3023 1298 magistri
3071 1244 3168 1281 vox
3210 1239 3312 1290 est,
3347 1227 3412 1278 ad
3455 1221 3542 1278 di-

1970 1326 2247 1395 sciplinam
2309 1335 2532 1395 paterna
2585 1322 3057 1380 commiseratione
3107 1319 3405 1372 invitantis.
3438 1316 3535 1371 Et-

1968 1419 2110 1472 enim
2150 1416 2444 1486 discipulus
2485 1415 2625 1470 (ilius
2659 1411 2956 1483 spiritualis
3008 1396 3093 1465 est
3138 1407 3399 1475 magistri.
3431 1405 3534 1472 Qui

1970 1508 2109 1561 enim
2137 1508 2205 1560 ab
2245 1507 2421 1575 aliquo
2453 1505 2935 1561 conformationem
2969 1501 3183 1572 pietatis
3209 1499 3454 1569 suscipit,
3486 1496 3534 1550 is

1973 1603 2112 1657 velut
2148 1603 2466 1657 informatur
2513 1603 2579 1655 ab
2632 1601 2770 1669 ipso,
2800 1609 2853 1653 et
2899 1599 3278 1668 compingitur,
3312 1597 3536 1667 perinde

1969 1705 2025 1747 nt
2084 1711 2113 1748 a
2168 1705 2476 1766 praegnante
2535 1693 2798 1758 infantes,
2852 1692 2942 1759 qui
2998 1691 3048 1742 in
3097 1705 3158 1743 ea
3207 1688 3532 1743 formantur.

1969 1788 2122 1842 Unde
2152 1789 2312 1842 etiam
2350 1786 2545 1841 Paulus
2603 1795 2769 1840 totam
2801 1783 3114 1839 Galatarum
3151 1780 3463 1842 Ecclesiam,
3501 1794 3531 1832 a

293 1873 456 1926 Ὅθεν
510 1876 603 1929 καὶ
638 1876 846 1937 Παῦλος
878 1874 1004 1945 ὅλην
1052 1876 1146 1946 τὴν
1188 1876 1508 1946 Ἐκκλησίαν
1546 1876 1653 1929 τῶν
1685 1877 1857 1930 Γαλα-
1890 1881 1934 1939 Β
1964 1897 1975 1950 ι

1849 1907 1857 1916 ’
1890 1881 1934 1939 Β
1964 1879 2232 1950 prioribus
2272 1879 2568 1948 disciplinis
2607 1878 2889 1946 dilapsam,
2927 1872 3160 1943 et151
3198 1871 3348 1938 quasi
3371 1871 3531 1925 abor-

287 1963 418 2026 τῶν,
456 1965 518 2016 ἐκ
542 1964 650 2017 τῶν
681 1966 959 2037 προτέρων
985 1965 1342 2018 διαπεσοῦσαν
1376 1966 1731 2037 μαθημάτων,
1763 1969 1857 2021 καὶ

289 2057 453 2109 οἱονεὶ
473 2057 866 2127 άμϐλωθεῖσαν,
889 2059 1048 2110 πάλιν
1077 2059 1488 2130 ἀναλαμϐάνων,
1520 2060 1611 2112 καὶ
1640 2062 1858 2131 μορφῶν

290 2149 497 2202 ἄνωθεν
553 2151 610 2200 ἐν
663 2151 844 2213 αὐτοῖς
895 2151 982 2202 τὸν
1035 2152 1285 2222 Χριστὸν,
1332 2151 1494 2204 τέκνα
1541 2151 1723 2220 ἔλεγε·
1766 2153 1859 2205 καὶ

288 2238 477 2308 ἐπειδὴ
515 2241 629 2309 μετ’
663 2239 852 2309 ὀδύνης
894 2241 984 2292 καὶ
1013 2239 1239 2308 θλίψεως
1273 2241 1505 2293 ἐποιεῖτο
1532 2241 1638 2294 τῶν
1661 2243 1860 2311 ἐσφαλ-

292 2331 469 2401 μένων
524 2331 622 2402 τὴν
661 2331 1046 2400 ἐπανόρθωσιν,
1094 2331 1303 2384 ὠδίνειν
1337 2331 1484 2400 ἔλεγε
1514 2336 1576 2403 τῇ
1605 2333 1744 2404 ψυχῇ
1772 2333 1859 2386 διὰ

286 2421 387 2489 τὴν
436 2419 524 2472 ἐπὶ
566 2422 676 2482 τοῖς
724 2419 1055 2472 ἁποπεσοῦσι
1093 2419 1282 2492 λύπην.
1333 2421 1542 2475 Τεκνία
1573 2441 1710 2491 μου,
1752 2423 1859 2487 οὓς

286 2512 476 2564 πάλιν
497 2511 706 2573 ὠδίνω,
737 2510 908 2580 ἄχρις
936 2509 1006 2567 οὗ
1029 2513 1313 2582 μορφωθῇ
1341 2516 1590 2582 Χριστὸς
1609 2517 1678 2568 ἐν
1696 2517 1853 2585 ὑμῖν.

285 2603 466 2657 Δεῦτε
487 2599 598 2666 οὖν,
624 2603 820 2666 τέκνα,
853 2603 1148 2657 ἀκούσατέ
1162 2623 1300 2674 μου.
1331 2607 1394 2659 Τί
1423 2625 1550 2661 ποτε
1584 2607 1689 2678 ἄρα
1716 2608 1858 2661 διδά-

288 2711 440 2747 σκειν
483 2695 662 2764 μέλλει
711 2697 738 2746 6
789 2696 1153 2766 πνευματικὸς
1195 2697 1348 2766 ἡμῶν
1380 2701 1598 2769 πατήρ;
1644 2701 1855 2766 Φόϐον,

287 2788 441 2856 φησι,
480 2788 699 2854 Κυρίου
725 2785 943 2851 διδάξω
957 2787 1130 2857 ὑμᾶς.
1173 2790 1387 2860 Ἐπειδὴ
1417 2791 1528 2843 ἅνω
1560 2792 1858 2862 προσέταξε

287 2875 568 2944 φοϐεῖσθαι
605 2877 694 2928 τὸν
726 2876 950 2948 Κύριον,
984 2878 1075 2929 καὶ
1121 2879 1181 2931 τὸ
1227 2881 1291 2932 ὲκ
1324 2879 1416 2932 τοῦ
1458 2881 1622 2948 φόϐου
1671 2883 1858 2954 κέρδος

287 2965 584 3030 ὑπέδειξεν,
632 2967 820 3032 εἰπὼν,
869 2969 988 3021 Ὅτι
1030 2970 1140 3022 οὐκ
1179 2969 1350 3023 ἐστιν
1388 2972 1691 3042 ὑστέρημα
1735 2975 1858 3041 τοῖς

286 3057 678 3126 φοϐουμένοις
707 3060 911 3111 αὐτόν·
947 3058 1041 3113 νῦν
1081 3061 1174 3113 καὶ
1205 3063 1554 3117 διδασκαλίαν
1603 3066 1724 3118 τινὰ
1761 3066 1853 3120 τοῦ

287 3149 433 3204 θείου
479 3151 641 3220 φόϐου
695 3153 824 3222 ἡμῖν
867 3154 1214 3224 παραδίδωσι.
1252 3157 1323 3210 Τὸ
1355 3159 1450 3228 μὲν
1480 3160 1606 3230 γὰρ,
1645 3162 1726 3214 ὅτι
1753 3161 1855 3232 χρὴ

1966 1973 2127 2025 tivam
2165 1971 2357 2025 iterum
2396 1970 2774 2030 suscitans.ac
2812 1969 2988 2021 denuo
3025 1969 3074 2018 in
3113 1965 3215 2017 illis
3259 1961 3533 2015 Christum

1963 2062 2220 2125 formans,
2251 2062 2388 2114 filios
2415 2059 2748 2129 appellabat:
2769 2067 2822 2111 et
2852 2059 3103 2126 quoniam
3129 2054 3394 2122 collapsos
3409 2065 3532 2105 cum

1962 2156 2145 2208 dolore
2191 2165 2244 2208 et
2289 2152 2536 2222 angustia
2569 2150 2920 2213 emendabat,
2954 2147 3142 2214 spiritu
3179 2144 3448 2216 parturire
3475 2155 3536 2196 se

1960 2247 2116 2308 dixit,
2148 2246 2214 2299 ob
2251 2256 2565 2312 conceptam
2596 2244 2659 2297 de
2683 2241 2842 2311 lapsis
2881 2239 3177 2293 tristitiam.
3200 2236 3384 2289 Filioli
3409 2235 3531 2297 mei,

1959 2353 2085 2405 quos
2121 2337 2308 2390 iterttnt
2347 2339 2604 2402 parturio,
2645 2334 2805 2387 donec
2834 2332 3091 2399 formetur
3123 2331 3175 2382 in
3217 2329 3355 2381 vobis
3377 2325 3535 2380 Chri-

1958 2425 2151 2479 stus“.
2204 2423 2379 2477 Venite
2426 2424 2604 2495 igitur,
2633 2423 2752 2491 ﬁlii,
2777 2423 2955 2475 audite
2987 2437 3085 2474 me.
3133 2418 3269 2485 Quid
3319 2419 3532 2472 tandem

1963 2530 2058 2570 nos
2087 2515 2387 2584 Spiritualis
2437 2525 2617 2570 noster
2648 2523 2801 2584 pater
2847 2515 3041 2568 docere
3086 2512 3242 2568 vult?
3270 2510 3532 2563 Timorem

1965 2609 2196 2672 Domini,
2229 2607 2421 2674 inquit,
2461 2607 2652 2660 docebo
2683 2623 2791 2660 vos.
2824 2605 3113 2673 Postquam
3155 2603 3533 2672 superiusjus-

1959 2701 2030 2755 sit
2073 2700 2358 2755 Dominum
2419 2701 2643 2766 timere,
2679 2699 2996 2766 lucrnmque
3035 2697 3177 2765 quod
3228 2710 3294 2748 ex
3340 2695 3534 2755 timore

1959 2795 2287 2864 percipitur,
2319 2793 2553 2849 ostendit
2594 2794 2676 2847 bis
2731 2791 2909 2846 verbis
2947 2805 2960 2841 2
3004 2787 3268 2853 Quoniam
3312 2803 3414 2840 non
3457 2795 3532 2838 est

1958 2887 2132 2953 inopia
2184 2885 2479 2939 timentibus
2518 2902 2632 2939 eum
2668 2901 2686 2948 ;
2717 2893 2827 2937 tum
2887 2883 3105 2936 demum
3168 2879 3323 2933 nobis
3369 2877 3534 2932 tradit

1958 2979 2191 3045 aliquam
2220 2977 2383 3032 divini
2419 2977 2627 3031 timoris
2668 2975 2988 3029 doctrinam.
3024 2971 3156 3026 Nam
3205 2972 3345 3039 quod
3379 2980 3533 3025 recte

1955 3070 2135 3124 valere
2165 3078 2432 3139 oporteat,
2460 3068 2748 3138 cujuslibet
2771 3067 2852 3120 vel
2900 3066 3077 3119 idiota:
3117 3064 3276 3117 fuerit
3304 3063 3484 3118 dicere
3514 3081 3528 3117 :

1960 3161 2227 3232 quomodo
2278 3175 2408 3214 vero
2451 3161 2816 3230 comparanda
2868 3158 3074 3214 sanitas
3124 3157 3217 3220 sit,
3255 3155 3382 3210 illud
3418 3155 3530 3224 jam

288 3244 572 3311 ὑγιαίνειν,
607 3244 801 3307 παντός
847 3246 993 3299 ἐστιν
1035 3249 1228 3313 εἰπεῖν,
1258 3251 1350 3302 καὶ
1381 3250 1474 3303 τοῦ
1506 3251 1712 3304 ἰδιώτου
1737 3271 1749 3284 ·
1795 3252 1854 3305 τὸ
1884 3240 1923 3296 C
1959 3272 1970 3324 ι

1846 3240 1923 3304 iC
1959 3254 2230 3324 proprium
2259 3262 2344 3309 est
2382 3253 2553 3319 illius,
2592 3252 2682 3321 qui
2713 3261 2884 3304 artem
2921 3249 3181 3302 medicam
3209 3247 3376 3302 novit.
3416 3246 3528 3301 Non

285 3336 366 3397 δὲ,
397 3333 511 3396 πῶς
535 3334 639 3405 χρὴ
677 3335 978 3405 κτήσασθαι
1016 3337 1112 3407 τὴν
1145 3339 1350 3405 ὑγείαν,
1393 3339 1548 3392 τοῦτο
1581 3340 1709 3393 ἴδιον
1755 3341 1851 3412 ἤδη

283 3425 381 3478 τοῦ
410 3425 507 3496 τὴν
543 3425 788 3494 ἰατρικὴν
811 3427 1002 3496 τέχνην
1027 3428 1408 3498 ἐπισταμένου.
1446 3431 1520 3482 Οὐ
1557 3433 1662 3494 πᾶς
1695 3433 1854 3500 φόϐος

284 3519 489 3587 ἀγαθόν
519 3520 632 3570 ὲστι
662 3519 754 3570 καὶ
780 3520 1059 3589 σωτήριον,
1095 3520 1208 3572 ἀλλ’
1260 3521 1372 3574 ἔστι
1411 3539 1494 3585 τις
1527 3524 1621 3576 καὶ
1664 3524 1855 3596 ἐχθρὸς

288 3611 471 3681 φόϐος,
499 3611 557 3663 ὃν
582 3610 877 3680 άπεύχεται
901 3614 928 3665 6
947 3614 1235 3685 Προφήτης
1259 3617 1573 3683 ἐγγενέσθαι
1601 3620 1763 3672 αὑτοῦ
1788 3625 1852 3692 τῇ

284 3703 452 3772 ψυχῇ,
490 3700 688 3769 λέγων’
748 3702 878 3754 Ἀπὸ
912 3705 1096 3770 φόϐου
1136 3705 1350 3773 ἐχθροῦ
1391 3708 1464 3778 (5)
1499 3709 1712 3772 ἐξελοῦ
1746 3712 1857 3779 τὴν

285 3790 500 3860 ψυχήν
521 3808 661 3858 μου.
707 3790 929 3861 Ἐχθρὸς
959 3793 1064 3864 γὰρ
1095 3794 1256 3861 φόϐος
1281 3797 1309 3847 ὀ
1339 3796 1565 3850 θανάτου
1595 3803 1726 3870 ἡμῖν
1749 3801 1855 3854 δει-

285 3883 407 3934 λίαν
434 3882 695 3951 ὲμποιῶν,
726 3885 754 3934 6
788 3883 1092 3952 προσώπων
1141 3887 1410 3957 ὑπεροχὰς
1455 3893 1855 3961 καταπτήσσειν

286 3975 436 4043 ἡμᾶς
462 3972 790 4027 ἀναπείθων.
824 3975 947 4037 Πῶς
972 3975 1079 4046 γάρ
1112 3979 1139 4029 6
1170 3977 1339 4030 ταῦτα
1361 3979 1692 4050 φοϐούμενος
1711 3983 1857 4053 δυνή-

290 4078 443 4114 σεται
480 4064 535 4113 ὲν
572 4060 748 4130 καιρῴ
783 4064 1080 4132 μαρτυρίου
1125 4065 1284 4134 μέχρι
1329 4066 1555 4120 θανάτου
1595 4071 1730 4140 πρὸς
1761 4073 1857 4143 τὴν

287 4155 563 4226 ἁμαρτίαν
591 4155 1041 4224 ἀντικαταστῆναι
1076 4157 1172 4227 (4),
1204 4159 1296 4210 καὶ
1329 4160 1616 4215 ἀποδοῦναι
1645 4163 1720 4232 τῷ
1747 4167 1856 4217 Κυ-

288 4246 392 4318 ρίῳ
445 4246 542 4316 τὴν
598 4246 836 4315 ὀφειλὴν,
883 4246 960 4315 τῷ
1013 4249 1150 4318 ὑπὲρ
1201 4249 1356 4318 ἡμῶν
1415 4252 1736 4307 ἀποθανόντι
1767 4259 1858 4309 καὶ

287 4337 603 4408 ὲγερθέντι;
634 4339 740 4389 Καὶ
767 4341 792 4391 6
817 4339 919 4391 ὑπὸ
941 4340 1204 4410 δαιμόνων
1233 4344 1527 4415 εὑπτόητος
1555 4347 1645 4400 τὸν
1673 4349 1859 4420 ἐχθρὸν

288 4431 404 4500 ἔχει
431 4429 592 4498 φόΰον
622 4431 678 4482 ἐν
706 4432 898 4502 ἑαυτῷ,
926 4433 1034 4486 Καὶ
1057 4434 1212 4498 ὅλως,
1237 4438 1264 4488 6
1292 4439 1530 4502 τοιοῦτος
1556 4442 1716 4509 φόϐος
1736 4444 1860 4495 ἀπι-

290 4521 447 4583 στίας
493 4521 665 4573 ἔοικεν
722 4522 939 4590 ἔγγονον
994 4520 1133 4578 εἶναι
1182 4527 1372 4591 πάθος.
1407 4529 1598 4595 Οὐδεὶς
1631 4533 1736 4604 γὰρ
1775 4552 1861 4587 ττι-

1956 3348 2098 3400 enim
2123 3346 2299 3415 quivis
2339 3346 2496 3398 timor
2527 3346 2701 3398 bonus
2740 3351 2822 3398 est
2849 3351 2943 3395 aut
2985 3339 3262 3402 salutaris,
3311 3339 3420 3392 imo
3450 3347 3533 3391 est

1955 3439 2113 3493 etiam
2146 3437 2362 3506 quidam
2402 3435 2612 3490 hostilis
2641 3437 2820 3499 timor,
2857 3448 3015 3503 quem
3049 3436 3369 3500 deprecatur
3395 3429 3532 3483 Pro-

1957 3533 2134 3598 pheta,
2163 3545 2229 3583 ne
2264 3529 2432 3598 ipsius
2481 3528 2676 3581 anima:
2724 3525 2968 3587 accedat,
3001 3523 3186 3578 dicens
3224 3537 3240 3575 :
3273 3523 3314 3575 Α
3348 3521 3533 3574 timore

1957 3622 2164 3674 inimico
2189 3622 2328 3688 eripe
2356 3619 2583 3672 animam
2617 3617 2868 3670 meum“.
2910 3616 3164 3669 Inimicus
3193 3615 3337 3669 enim
3371 3614 3533 3666 timor

1957 3721 2038 3763 est
2068 3711 2156 3780 qui
2191 3710 2349 3764 nobis
2378 3710 2517 3779 parit
2543 3711 2732 3763 mortis
2764 3719 2984 3772 metum,
3010 3708 3285 3775 nobisque,
3310 3715 3367 3758 ut
3404 3719 3531 3774 per-

1958 3818 2207 3856 sonarum
2255 3802 2544 3872 dignitates
2583 3802 2960 3864 forinidemus,
3000 3799 3209 3853 suadet.
3247 3797 3533 3864 Quomodo

1957 3896 2095 3948 enim
2134 3893 2225 3962 qui
2275 3894 2460 3946 istliazc
2494 3894 2711 3956 metuit,
2752 3892 2946 3962 poterit
2990 3900 3232 3959 tempore
3285 3887 3533 3961 martyrii

1959 3988 2021 4038 ad
2054 3995 2280 4038 mortem
2310 3999 2480 4053 usque
2514 3996 2738 4053 peccato
2777 3984 3048 4046 resistere,
3087 3996 3149 4035 ac
3177 3979 3539 4048 Dominoquii

1960 4092 2053 4144 pro
2080 4076 2232 4130 nobis
2254 4086 2497 4130 mortuus
2524 4085 2680 4131 estet
2718 4076 3034 4138 resurrexit,
3065 4074 3305 4128 debitum
3351 4068 3531 4126 exsol-

1961 4169 2130 4223 vere?
2161 4169 2223 4222 Et
2252 4169 2339 4238 qui
2367 4184 2394 4221 a
2435 4169 2766 4223 daemonibus
2804 4169 2960 4222 facile
2992 4176 3346 4238 perterretur,
3376 4166 3429 4219 in
3471 4180 3530 4218 se

1962 4263 2077 4330 ipso
2103 4262 2377 4316 inimicum
2413 4262 2658 4315 timorem
2691 4262 2868 4314 habet.
2900 4261 2962 4314 Et
2999 4277 3103 4315 uno
3134 4261 3316 4321 verbo,
3353 4257 3532 4326 hujus-

1962 4354 2102 4407 modi
2150 4354 2307 4407 timor
2352 4355 2685 4422 perturbatio
2734 4354 2975 4422 quaedam
3031 4367 3097 4405 ex
3156 4349 3532 4404 incredulitate

1963 4455 2217 4513 prognata
2258 4447 2469 4499 videtur
2501 4460 2642 4500 esse.
2684 4443 2852 4498 Nemo
2904 4444 3044 4497 enim
3085 4443 3178 4510 qui
3212 4440 3313 4496 sibi
3341 4440 3532 4494 adesse

1965 4536 2136 4589 credit
2181 4535 2371 4590 fortem
2421 4537 2819 4599 auxiliatorem,
2861 4534 3011 4588 timet
3058 4533 3290 4601 aliquem
3320 4545 3529 4593 eorum,

290 4608 500 4662 στεύων
538 4611 751 4681 ίσχυρὸν
800 4613 947 4683 αὐτῴ
987 4619 1237 4685 παρεῖναι
1271 4622 1359 4668 τὸν
1395 4619 1584 4690 βοηθὸν
1620 4623 1860 4691 φοϐεῖται
1897 4592 1936 4645 D
1967 4648 1972 4676 t

1852 4645 1860 4678 ι
1897 4592 1936 4645 D
1967 4627 2057 4695 qui
2099 4627 2269 4696 ipsum
2316 4629 2640 4680 conturbare
2682 4634 2965 4680 conantur.
3005 4624 3189 4679 Timor
3212 4635 3390 4676 autem
3436 4621 3534 4690 qui

287 4701 400 4754 ἀπό
428 4717 570 4762 τινος
598 4700 704 4753 τῶν
735 4703 1148 4774 ἐπιχειρούντων
1177 4709 1737 4782 αὑτὸν¹ὲκταράσσειν.
1766 4717 1864 4769 4’6—

289 4795 388 4856 ϐος
420 4794 476 4846 δὲ
512 4795 540 4846 6
579 4795 862 4865 σωτήριος,
899 4797 990 4848 καὶ
1037 4798 1197 4864 φόϐος
1245 4801 1516 4870 ἁγιασμοῦ
1565 4808 1860 4876 ποιητικὸς,
1900 4843 1904 4847 -

291 4886 457 4956 φόϐος
486 4887 513 4937 6
541 4887 657 4939 κατ’
687 4888 1043 4956 ἐπιτήδευσιν,
1071 4892 1162 4943 καὶ
1194 4893 1313 4962 οὐχὶ
1350 4895 1489 4946 κατὰ
1517 4897 1682 4961 πάθος
1714 4901 1864 4967 ἐγγι-

288 4980 515 5049 νόμενος
548 4980 613 5047 τῇ
647 4977 812 5048 ψυχῇ,
850 4981 997 5044 ποῖός
1023 4982 1098 5052 (5)
1138 4984 1250 5036 ἐστι
1275 4983 1449 5054 βούλει
1485 4987 1860 5061 διηγήσωμαις

367 5138 410 5168 ⁶²
455 5135 574 5192 Gal.
609 5152 682 5200 tv,
713 5136 793 5193 19.

373 5274 666 5351 (99)__Coib.
689 5277 894 5351 primus
922 5280 1020 5351 ml.
1041 5278 1190 5351 δίψῃ.

371 5345 448 5413 t-I)
491 5346 603 5399 Vox
626 5346 926 5410 ἐνδιάθετος
960 5350 1087 5402 inibi
1109 5345 1218 5404 illoc
1259 5351 1373 5405 loco
1405 5353 1543 5406 idem
1579 5355 1756 5408 valere
1788 5358 1865 5410 vi-

292 5417 639 5495 (letnrﬁquod
695 5435 801 5495 von
835 5418 1129 5495 ἐμπαθὴς)
1175 5423 1416 5495 magistri
1475 5425 1613 5475 intus
1664 5427 1860 5495 affecti,

293 5487 820 5546 mnantis,bmevoli.
856 5490 959 5541 Sed
996 5487 1150 5554 paulo
1193 5492 1346 5543 aliter
1394 5496 1558 5545 sentit
1596 5487 1862 5550 Combe“;

295 5558 436 5635 sius,
457 5557 607 5622 cujus
636 5558 747 5611 hanc
769 5569 945 5635 _sunt_:
990 5558 1289 5635 ἐνδιαθέτου
1338 5561 1679 5624 διδασκάλου,
1711 5569 1859 5632 quasi

293 5623 564 5705 ἐμψύχου,
598 5641 667 5705 ex.
691 5630 865 5705 animo
895 5629 1147 5705 loquentia
1184 5633 1417 5698 magistri
1449 5650 1544 5685 v0.1:
1575 5651 1591 5686 :
1628 5623 1861 5690 sincere:

294 5699 413 5748 sive
443 5697 625 5755 etiam,
650 5697 816 5762 intus,
851 5703 904 5750 in
933 5700 1106 5751 corde.

369 5764 446 5847 (ξ)
467 5765 549 5846 Ita.
572 5780 823 5847 SEXJIISS.
854 5769 991 5847 Editi
1025 5785 1152 5823 vero
1178 5771 1546 5842 κυοφορούσης
1589 5774 1655 5828 τὰ
1686 5777 1857 5847 βρέφη

288 5836 360 5890 τὰ
493 5835 627 5908 αὐτῇ
655 5835 1109 5908 διαμορφούμενα.

377 5906 456 5976 (Si
493 5906 650 5958 Recte
692 5922 750 5958 ac
799 5911 928 5963 scite
961 5906 1242 5965 annotavit
1283 5912 1635 5969 Conibetisins
1694 5916 1856 5971 inter-

872 5139 915 5170 ⁸³
938 5139 1080 5195 Psal.
1109 5157 1243 5200 Lxm
1267 5185 1281 5209 ,
1311 5145 1362 5200 9..

1969 4719 2219 4774 salutaris
2252 4729 2355 4785 est,
2377 4730 2428 4772 et
2450 4719 2608 4773 timor
2630 4721 2718 4788 qui
2744 4719 2953 4773 confert
2977 4716 3336 4780 sanctitatem,
3369 4714 3532 4767 timor

1971 4813 2060 4881 qui
2087 4815 2152 4866 de
2183 4813 2466 4878 industria,
2501 4823 2554 4867 et
2595 4829 2698 4866 non
2732 4813 3023 4866 secundum
3056 4807 3389 4863 affectionem
3415 4805 3533 4857 ani-

1975 4922 2061 4960 mo
2091 4907 2305 4970 accidit,
2338 4908 2416 4961 vis
2440 4921 2701 4975 exponam
2730 4905 2903 4974 qualis
2933 4903 3041 4956 sit?
3065 4902 3144 4955 Ad
3176 4898 3389 4968 aliquod
3415 4912 3534 4966 pec-

1973 5005 2149 5051 catum
2195 4997 2390 5066 impelli
2431 5007 2480 5051 te
2529 5012 2649 5050 cum
2680 4996 2900 5061 videris,
2943 4992 3263 5048 horrendum
3315 4988 3441 5042 illud
3478 4999 3532 5042 ct

1972 5300 2176 5354 pretcm
2230 5298 2465 5341 veterem
2529 5287 2898 5354 imprudenter
2946 5281 3224 5354 Vulgatam
3286 5291 3530 5332 secutum

1975 5350 2162 5419 fuisse,
2224 5374 2320 5412 nec
2357 5359 2543 5426 psalmi
2572 5350 2729 5409 verba
2753 5357 2842 5408 hic
2878 5356 3010 5407 verti
3059 5350 3333 5426 debuisse.
3396 5367 3426 5401 α
3469 5353 3532 5426 ti-

1973 5446 2112 5481 more
2145 5421 2368 5490 inimici,
2402 5429 2515 5488 sctl,
2549 5444 2580 5477 η
2616 5428 2799 5479 timore
2829 5426 3061 5478 inimico.
3093 5422 3194 5473 lies
3222 5423 3290 5472 ita
3328 5421 3535 5488 perspi-

1971 5514 2067 5551 cua
2099 5510 2205 5560 est,
2242 5509 2298 5550 nt
2354 5514 2526 5559 nemo,
2569 5500 2793 5564 Opinor,
2848 5496 3008 5548 homo
3044 5494 3132 5564 qui
3178 5491 3320 5544 hunc
3359 5491 3534 5544 locum

1970 5579 2173 5621 attente
2202 5568 2409 5635 legerit,
2446 5582 2506 5619 ea
2534 5563 2615 5620 de
2636 5583 2692 5620 re
2713 5567 3053 5635 dubitaturos
3085 5563 3175 5616 sit.

2043 5641 2118 5708 (ιι)
2150 5632 2279 5702 Reg:
2305 5637 2572 5689 secundus
2594 5637 2948 5706 καταστῆναι.
2968 5633 3084 5688 Mox
3107 5648 3236 5687 tnss.
3265 5647 3353 5686 sex
3378 5632 3532 5704 ἐγερ-

1971 5707 2138 5766 θέντι.
2168 5709 2304 5762 Editi
2332 5722 2457 5760 vero
2482 5708 2773 5762 ἀναστάντι

2042 5782 2118 5848 (5)
2158 5781 2225 5832 lla
2260 5788 2490 5846 quatuor
2516 5794 2643 5835 mss.
2675 5795 2794 5834 cum
2849 5775 3084 5832 editione
3128 5773 3288 5828 Basil.
3355 5772 3532 5826 Editio

1970 5866 2092 5906 veto
2123 5851 2286 5904 νηί-ιε.
2315 5849 2516 5910 ὁποῖος.
