4260 6486
737 408 835 464 ὅτι

2075 410 2132 462 S.
2173 405 2418 461 BASILII
2461 406 2672 463 MAle

3871 409 3978 462 372

735 509 1072 573 intolerabile
1112 513 1310 570 Christi
1337 515 1590 578 tribunal,
1624 531 1826 585 quaeso,
1855 519 2030 588 cogita
2059 539 2072 574 :
2115 522 2168 573 in
2198 537 2304 590 quo

2356 525 2378 578 ι
2409 521 2574 571 Ὅταν
2607 519 2804 591 μέλλῃς
2831 517 2921 570 ἐπί
2947 535 3068 572 τινα
3090 519 3264 590 ὁρμᾷν
3289 517 3581 589 ἁμαρτίαν,
3608 520 3860 591 ὲννόησόν
3888 540 3978 591 μοι

733 610 986 682 {insidet
1035 608 1248 675 quidem
1281 607 1445 676 judex
1481 611 1532 662 in
1580 609 1688 664 alto
1726 609 1959 678 quodam
1997 620 2050 665 et
2092 614 2302 667 sublimi

741 703 952 764 throno,
967 701 1142 753 omnis
1173 713 1302 752 vero
1326 710 1570 753 creatura
1612 702 1679 754 ob
1710 701 2000 772 gloriosum
2032 704 2146 773 ejus
2185 721 2307 760 coo-

739 800 977 858 spectum
1010 791 1435 844 contremisceus
1462 801 1633 855 astat;
1669 791 1778 846 imo
1808 808 1938 847 vero
1963 793 2197 848 futurum
2228 807 2308 850 est

736 891 799 936 ut
835 880 1028 948 singuli
1071 882 1419 944 adducatnur,
1450 897 1634 936 eormn
1669 898 1787 952 qua
1816 885 1868 936 in
1903 886 2008 937 vita
2043 887 2310 952 egerimus

741 988 968 1026 examen
996 973 1246 1026 subituri.
1282 974 1480 1027 Deinde
1507 975 1575 1040 ei,
1612 976 1701 1043 qui
1734 977 1898 1030 multa
1935 977 2071 1030 mala
2103 995 2198 1044 per
2230 981 2309 1031 vi-

744 1075 853 1119 tam
884 1069 1293 1135 perpetraverit,
1327 1069 1616 1122 horribiles
1641 1068 1855 1136 quidam
1895 1084 1958 1123 ac
1994 1071 2190 1124 morosi
2223 1087 2315 1124 an-

744 1159 847 1228 geli
887 1159 1157 1225 assident,
1204 1161 1380 1227 ignem
1433 1175 1497 1213 ex
1547 1161 1719 1213 oculis
1762 1162 2099 1226 emittentes,
2135 1163 2311 1232 ignem

745 1253 1040 1320 spirantes,
1095 1265 1313 1322 propter
1355 1255 1520 1307 animi
1563 1255 1930 1320 acerbitatem,
1987 1257 2129 1309 nocti
2167 1256 2312 1310 vultu

746 1345 967 1408 similes,
1000 1347 1067 1401 ob
1107 1346 1259 1400 [aciei
1305 1347 1648 1400 tetrieitatem
1697 1357 1749 1400 et
1797 1349 2073 1401 hominum
2111 1349 2310 1403 odium.

749 1434 937 1487 Postea
968 1434 1149 1489 animo
1193 1435 1282 1488 tibi
1318 1436 1488 1504 ﬁngas
1524 1437 1833 1491 harathrum
1864 1439 2206 1508 profundum,
2237 1449 2314 1494 te-

751 1527 945 1582 nebras
971 1527 1433 1596 impenetrabiles,
1471 1528 1645 1597 ignem
1695 1524 1993 1598 splendoris
2022 1540 2314 1598 expertem,

751 1621 859 1672 vim
891 1619 1104 1688 quidem
1138 1621 1327 1674 urendi
1368 1619 1421 1672 in
1456 1621 1690 1675 tenebris
1731 1617 2034 1690 habentem,
2063 1621 2155 1676 sed
2204 1621 2320 1674 luce

754 1710 1064 1785 destitutum
1094 1729 1108 1764 :
1144 1709 1373 1764 subinde
1411 1710 1671 1765 vermium
1705 1714 1970 1782 quoddam
2023 1728 2192 1782 genus
2233 1728 2322 1767 ve-

753 1813 1010 1855 nenatum
1047 1815 1110 1853 ac
1143 1799 1506 1865 carnivorum,
1552 1803 1715 1856 edens
1773 1803 2175 1868 insatiabiliter,
2225 1817 2320 1856 nec

755 1905 992 1958 unquam
1030 1891 1373 1955 exsatiatum,
1409 1892 1774 1948 intolerabiles
1814 1895 2024 1949 dolores
2055 1895 2323 1949 morsibus

755 1980 1055 2034 inducens:
1091 1989 1362 2048 postremo
1416 1983 1734 2051 supplicium
1787 1987 2021 2038 omnium
2067 1987 2324 2056 gravissi-

757 2087 928 2140 mum,
959 2072 1218 2140 probrum
1261 2071 1388 2126 illud
1419 2083 1472 2126 et
1500 2075 1731 2130 dedecus
1762 2077 2165 2144 sempiternum.
2200 2079 2324 2134 llaec

756 2162 906 2227 time,
934 2170 990 2214 et
1025 2162 1130 2215 hoc
1157 2163 1350 2215 timore
1370 2164 1630 2229 eruditus,
1667 2167 1817 2234 quasi
1843 2166 1994 2222 freno
2032 2169 2259 2238 quodam
2293 2186 2321 2222 a

757 2251 938 2321 pravis
970 2251 1419 2318 concupiscentiis
1469 2263 1614 2308 tuam
1658 2257 1847 2312 cohibe
1881 2259 2138 2313 animam.
2172 2258 2324 2313 Hune

757 2343 968 2398 Domini
998 2343 1242 2398 timorem
1279 2344 1434 2415 152
1485 2347 1765 2402 doctorum
1803 2364 1861 2404 se
1907 2365 2002 2404 nos
2049 2362 2198 2420 pater
2237 2351 2326 2406 ille

758 2438 1042 2508 promisit;
1102 2453 1208 2492 non
1255 2439 1726 2494 indiscriminatim
1761 2441 1974 2509 quidem
2016 2442 2322 2505 docturum,

761 2529 852 2582 sed
888 2542 1003 2592 eos,
1028 2530 1120 2596 qui
1170 2530 1218 2583 ei
1260 2531 1568 2586 auscultare
1614 2532 1836 2598 volunt,
1867 2549 1970 2585 non
2023 2532 2110 2586 diu
2164 2534 2327 2588 colla-

763 2632 909 2687 psos,
953 2619 1046 2671 sed
1081 2633 1198 2682 eos,
1236 2620 1325 2688 qui
1361 2629 1580 2689 propter
1622 2621 1812 2676 salutis
1860 2621 2184 2676 desiderium
2233 2638 2322 2677 ac-

763 2715 989 2760 currunt
1013 2725 1025 2760 :
1055 2722 1158 2762 non
1189 2719 1461 2763 extraneos
1489 2727 1520 2763 a
1540 2708 1877 2766 Testamentis
1900 2713 1965 2777 “,
1992 2712 2084 2766 sed
2108 2727 2220 2776 eos,
2239 2714 2329 2781 qui

721 2872 725 2876 ι
765 2815 830 2852 ex
877 2798 1199 2868 baptismate
1236 2801 1400 2854 verbo
1440 2802 1741 2872 adoptionis
1781 2805 1828 2857 ei
1865 2804 2133 2871 conjuncti
2184 2814 2326 2859 sunt.

763 2891 1075 2958 PrOpterea,
1116 2892 1311 2963 inquit,
1351 2894 1561 2957 venite,-
1596 2894 1697 2946 hoc
1722 2903 1820 2956 est,
1859 2911 1953 2963 per
1995 2896 2132 2948 bona
2164 2911 2328 2962 opera

767 2981 1188 3052 appropinquate
1219 2984 1284 3036 ad
1320 2999 1425 3052 me,
1462 2983 1578 3048 lilii,
1610 2983 1754 3054 digni
1787 2985 1952 3038 habiti
1981 2985 2072 3053 qui
2125 3000 2218 3052 per
2253 3000 2332 3038 re-

767 3075 1164 3143 generationem
1199 3075 1290 3130 ﬁlii
1338 3075 1473 3130 lucis
1517 3077 1712 3131 essetis
1736 3077 1800 3130 ".
1832 3077 2047 3140 Audite,
2105 3093 2202 3132 vos
2241 3078 2332 3147 qui

2409 613 2583 663 ἐκεῖνο
2612 613 2672 663 τὸ
2707 611 2930 681 φρικτὸν
2961 613 3052 664 καὶ
3090 610 3408 664 ἀνύποιστον
3445 612 3536 664 τοῦ
3564 613 3795 683 Χριστοῦ
3822 613 3974 666 δικα-

2410 705 2649 773 στήριον,
2701 705 2757 755 ὲν
2789 696 2834 770 ᾧ
2874 702 3268 775 προκαθέζεται
3317 701 3414 771 μὲν
3459 704 3550 755 ἐπὶ
3594 705 3782 774 θρόνου
3833 705 3977 768 τινος

2412 792 2616 862 ὑψηλοῦ
2642 794 2732 847 καὶ
2765 794 3071 865 ἐπηρμένου
3102 795 3129 845 6
3158 793 3370 863 κριτὴς.
3404 792 3712 864 παρέστηκε
3740 794 3795 847 δὲ
3828 797 3977 848 πᾶσα

2410 887 2442 955 ἡ
2470 886 2644 948 κτίσις
2667 886 3046 956 ὑποτρέμουσα
3084 885 3180 956 τὴν
3211 885 3527 952 ἐπιφάνειαν
3561 885 3726 937 αὑτοῦ
3759 888 3859 956 τὴν
3892 888 3974 938 ἔν-

2409 973 2587 1040 δοξον·
2623 975 2962 1046 παράγεσθαι
3005 975 3061 1027 δὲ
3095 974 3355 1045 μέλλομεν
3395 975 3512 1028 καθ’
3545 975 3640 1028 ἕνα
3681 978 3760 1039 είς
3788 977 3973 1040 ἐξέτα-

2415 1085 2495 1120 σιν
2540 1067 2647 1120 τῶν
2695 1068 3036 1137 βεὸιωμένων
3085 1069 3235 1137 ἡμῖν.
3281 1063 3413 1119 Εἶτα
3447 1067 3524 1138 τῷ
3557 1068 3725 1120 πολλά
3765 1069 3973 1139 πονηρά

2415 1159 2734 1228 πεποιηκότι
2770 1157 2908 1210 κατὰ
2933 1157 3020 1210 τὸν
3045 1157 3156 1227 βίον
3185 1157 3402 1227 φοϐεροί
3427 1175 3571 1221 τινες
3601 1160 3691 1211 καὶ
3713 1163 3975 1228 κατηφεῖς

2415 1252 2771 1321 παρίστανται
2801 1250 3039 1317 ἄγγελοι,
3073 1250 3181 1320 πῦρ
3213 1249 3516 1318 βλέποντες,
3547 1250 3654 1321 πῦρ
3683 1251 3975 1303 ἀναπνέονο

2415 1359 2524 1404 τες,
2567 1342 2652 1395 διὰ
2680 1343 2778 1411 τὴν
2824 1341 3045 1409 πικρίαν
3079 1341 3178 1409 τῆς
3204 1342 3592 1412 προαιρέσεως,
3628 1340 3784 1393 νυκτὶ
3809 1339 3978 1392 ἐοικό-

2415 1448 2505 1493 τες
2546 1429 2613 1482 τὰ
2641 1431 2922 1501 πρόσωπα,
2973 1429 3060 1481 διὰ
3088 1430 3146 1482 τὸ
3173 1432 3409 1499 κατηφὲς
3447 1432 3538 1484 καὶ
3576 1430 3974 1501 μισάνθρωπον.

2419 1522 2548 1578 Εἶτα
2601 1525 2870 1596 βάραθρον
2912 1523 3068 1594 βαθὺ,
3111 1524 3201 1576 καὶ
3247 1524 3437 1586 σκότος
3468 1523 3846 1589 ἀδιεξόδευτον,
3890 1524 3979 1574 καὶ

2419 1616 2528 1687 πῦρ
2553 1617 2828 1686 ἀλαμπέςο
2863 1618 2918 1667 ὲν
2945 1615 3021 1684 τῷ
3057 1614 3233 1666 σκότει
3253 1616 3352 1685 τὴν
3387 1616 3482 1685 μὲν
3509 1615 3805 1682 καυστικὴν
3827 1613 3982 1664 δύνα-

2424 1727 2512 1777 μιν
2535 1709 2675 1778 ἔχον,
2716 1708 2776 1760 τὸ
2804 1707 2859 1759 δὲ
2885 1706 3084 1774 φέγγος
3123 1706 3492 1775 ἀφῃρημένον.
3526 1701 3657 1757 Εἶτα
3689 1704 3982 1772 σκωλήκων

2421 1800 2574 1866 γένος
2599 1799 2799 1851 ίοδόλον
2836 1797 2929 1850 καὶ
2963 1798 3323 1867 σαρκοφάγον,
3345 1797 3629 1867 ἀπλήστως
3662 1795 3861 1858 ἐσθίον,
3893 1795 3984 1846 καὶ

2356 1876 2397 1930 Β
2430 1889 2690 1959 μηδέποτε
2735 1889 3145 1958 κορεννύμενον,
3180 1888 3481 1957 ἀφορήτους
3509 1888 3696 1949 ὀδύνας
3723 1885 3984 1956 ἐμποιοῦν

2424 1981 2489 2050 τῇ
2521 1980 2877 2050 καταδρώσει.
2914 1977 3046 2033 Εἶτα
3078 1981 3174 2050 τὴν
3206 1978 3391 2031 πασῶν
3415 1979 3800 2050 χαλεπωτάτην
3829 1977 3985 2030 κόλαο

2426 2087 2530 2135 σιν,
2564 2070 2652 2121 τὸν
2672 2070 2967 2139 ὀνειδισμὸν
2998 2071 3197 2122 ἐκεῖνον
3223 2069 3314 2120 καὶ⁵
3341 2069 3438 2136 τὴν
3461 2067 3717 2138 αἰσχύνην
3736 2070 3836 2138 τὴν
3860 2067 3988 2121 αίώ-

2423 2179 2554 2214 νιον.
2584 2160 2764 2212 Ταῦτα
2803 2161 2967 2228 φοϐοῦ
2989 2178 3002 2191 ο
3046 2162 3138 2214 καὶ
3173 2160 3342 2230 τούτῳ
3373 2159 3450 2228 τῷ
3480 2159 3626 2228 φόϐῳ
3667 2161 3988 2230 παιδευόμε-

2425 2272 2531 2317 νος,
2569 2253 2732 2306 οἱονεὶ
2766 2253 2964 2322 χαλινῷ
2992 2272 3096 2306 τινι
3129 2255 3400 2307 ἀνάκοπτε
3432 2252 3526 2321 τὴν
3553 2252 3726 2323 ψυχὴν
3754 2255 3863 2307 ἀπὸ
3891 2254 3988 2321 τῆς

2426 2346 2559 2417 πρὸς
2589 2344 2654 2396 τά
2686 2343 2862 2411 φαῦλα
2891 2344 3198 2412 ἐπιθυμίας.
3219 2345 3419 2397 Τοῦτον
3451 2343 3540 2394 τὸν
3566 2341 3727 2410 φόϐον
3763 2343 3857 2396 τοῦ
3887 2345 3992 2396 Κυ-

2428 2438 2540 2506 ρίου
2570 2436 2838 2489 διδάσκειν
2865 2436 3008 2505 ήμᾶς
3033 2437 3061 2486 6
3083 2437 3258 2506 πατὴρ
3287 2434 3670 2506 ὲπηγγείλατοσ
3697 2433 3796 2502 οὐχ
3809 2433 3991 2494 ἀπλῶς

2424 2529 2712 2594 διδάσκειν,
2754 2527 2886 2581 ἀλλά
2912 2528 3035 2590 τοῦς
3065 2527 3278 2580 ἀκούειν
3313 2527 3474 2581 αὐτοῦ
3507 2525 3990 2599 προαιρουμένους·

2427 2618 2486 2668 οὐ
2523 2620 2648 2681 τοὺς
2681 2617 2896 2689 μακράν
2931 2616 3302 2679 ἀποπεσόντας
3327 2618 3423 2684 (6),
3463 2616 3596 2670 ἀλλά
3620 2618 3742 2679 τοὺς
3783 2615 3848 2667 δι’
3877 2617 3997 2667 ἑπι-

2429 2708 2624 2778 θυμίαν
2657 2710 2747 2761 τοῦ
2779 2707 3457 2779 σωθῆναι-προστρέχοντας
3480 2727 3492 2739 ⁸
3520 2710 3580 2762 οῦ
3612 2708 3750 2772 τοὺς
3782 2706 3996 2772 ξένους

2429 2800 2546 2854 τῶν
2573 2799 2896 2866 Διαθηχῶν,
2935 2801 3067 2853 ἀλλά
3101 2802 3224 2862 τοὺς
3270 2802 3333 2851 ὲκ
3363 2801 3454 2852 τοῦ
3485 2803 3858 2872 βαπτίσματος
3899 2802 3995 2869 τῆς

2429 2893 2699 2957 υἱοθεσίας
2741 2893 3136 2962 οἰκειουμένους
3171 2891 3248 2960 τῷ
3287 2891 3444 2961 λόγῳ.
3497 2895 3592 2944 Διά
3623 2894 3798 2956 τοῦτο,
3841 2894 3993 2963 φησὶ,

2428 2985 2580 3038 δεῦτε
2598 3003 2611 3016 ⁸
2639 2985 2904 3046 τουτέστι,
2933 2983 3018 3036 διὰ
3040 2982 3144 3035 τῶν
3167 2981 3380 3049 ἀγαθῶν
3406 2981 3580 3051 ἔργων
3607 2983 3858 3048 ὲγγίσατέ
3886 3001 3994 3051 μοι,

2433 3079 2616 3138 τέκνα,
2672 3079 2775 3130 υίοὶ
2827 3075 3002 3146 φωτὸς
3058 3074 3308 3143 γενέσθαι
3344 3073 3430 3126 διὰ
3454 3073 3552 3143 τῆς
3585 3072 3997 3140 παλιγγενεσίας

772 3179 931 3216 aures
959 3165 1136 3216 cordis
1171 3165 1379 3218 habetis
1415 3175 1659 3234 apertas;
1689 3169 1927 3222 timorem
1954 3168 2161 3222 Domini
2189 3171 2326 3222 doco-

2359 3207 2402 3266 C
2437 3168 2876 3232 καταξιωθέντες.
2937 3168 3248 3231 Ἀκούσατε,
3306 3169 3354 3219 οί
3396 3165 3608 3236 ἔχοντες
3653 3164 3720 3216 τὰ
3771 3158 3884 3216 ὦτα
3922 3164 3995 3234 (7)

773 3256 834 3310 bo
883 3272 966 3310 vos
998 3272 1017 3320 ;
1046 3271 1166 3308 eum
1213 3255 1461 3310 videlicet
1500 3272 1658 3326 quem
1707 3260 1858 3316 vobis
1894 3260 2183 3330 aliquanto.
2209 3271 2334 3315 ante

769 3349 1169 3419 descripsimus.

841 3528 896 3582 9.
933 3527 1094 3582 Vens.
1125 3528 1210 3581 15.
1241 3525 1370 3593 Quis
1397 3538 1470 3581 est
1493 3528 1647 3582 homo
1673 3529 1760 3598 qui
1785 3527 1890 3582 vult
1919 3529 2096 3592 vitam,
2116 3529 2333 3597 diligens

771 3620 883 3672 dies
911 3619 1084 3671 uidere
1111 3619 1314 3671 bonos?
1346 3618 1400 3671 Si
1433 3620 1575 3687 quis,
1609 3621 1805 3688 inquit,
1858 3620 1969 3673 vult
2009 3621 2196 3686 vitam,
2230 3639 2334 3675 non

774 3723 1115 3763 communem
1149 3709 1310 3774 hanc,
1370 3724 1532 3779 quam
1562 3718 1616 3762 et
1644 3709 1798 3762 bruta
1829 3711 2036 3775 vivunt,
2085 3713 2177 3765 sed
2216 3726 2333 3765 eam

775 3815 896 3870 quae
929 3815 1052 3855 vere
1100 3801 1208 3854 vita
1257 3811 1362 3864 est,
1414 3811 1467 3855 et
1502 3809 1675 3855 morte
1714 3816 1816 3855 non
1867 3802 2157 3856 dirimitur.
2187 3804 2336 3859 Nunc

775 3892 942 3956 enim,
963 3892 1155 3959 inquit,
1179 3893 1467 3958 moriutini,
1495 3893 1559 3946 Et
1591 3895 1695 3947 vita
1720 3905 1898 3948 nostra
1928 3905 2000 3948 est
2030 3895 2336 3950 abscondita

777 3999 894 4035 eum
927 3980 1134 4036 Christo
1162 3983 1213 4034 in
1240 3982 1380 4036 Deo:
1424 4001 1541 4038 cum
1567 4001 1684 4038 vero
1713 3984 1951 4040 Christus
1994 3989 2293 4054 apparuerit
2320 4027 2334 4051 ,

777 4075 880 4125 rita
916 4083 1095 4126 nostra
1117 4113 1133 4140 ,
1170 4083 1292 4126 tunc
1321 4083 1367 4127 et
1399 4089 1485 4127 vos
1517 4075 1832 4143 apparebitis
1869 4092 1980 4126 cum
2000 4077 2112 4140 ipso
2147 4078 2200 4127 in
2229 4076 2337 4144 glo-

778 4167 858 4217 ria
891 4164 954 4219 “.
989 4165 1154 4234 Igitur
1209 4181 1336 4219 vere
1380 4166 1487 4220 vita
1543 4176 1627 4221 est
1662 4165 1930 4228 Christus,
1963 4179 2016 4219 et
2067 4177 2247 4220 nostra
2285 4167 2336 4220 in

781 4258 898 4319 ipso
944 4255 1290 4309 conversatio
1320 4257 1430 4309 vita
1465 4271 1593 4310 vera
1635 4265 1738 4311 est.
1770 4254 2031 4309 Similiter
2066 4267 2243 4309 autem
2285 4264 2338 4310 et

786 4349 902 4401 dies
953 4347 1042 4400 alii
1083 4357 1208 4402 sunt
1241 4347 1389 4414 boni,
1425 4363 1559 4416 quos
1610 4350 1662 4403 in
1696 4351 2050 4419 promissione
2089 4352 2339 4419 pr0ponit

778 4437 1063 4507 Propheta.
1084 4439 1212 4504 Quis
1239 4450 1314 4495 est
1340 4445 1494 4494 homo
1521 4442 1608 4512 qui
1639 4441 1743 4494 vult
1772 4443 1946 4503 vitam,
1980 4443 2202 4512 diligens
2230 4444 2338 4497 dies

2434 3263 2533 3330 τῆς
2584 3260 2805 3331 καρδίας
2870 3262 3226 3330 ἀνεῳγμένα·
3280 3261 3468 3313 Φόϐον
3513 3258 3731 3325 Κυρίου
3781 3255 3996 3320 διδάξω

2436 3352 2620 3423 ὑμᾶς’
2668 3350 2876 3414 τοῦτον,
2913 3353 2970 3402 ὃν
3009 3355 3185 3424 μικρῷ
3225 3351 3458 3424 πρόσθεν
3499 3352 3526 3403 6
3557 3351 3710 3419 λόγος
3740 3349 3867 3419 ὑμῖν
3900 3350 4000 3401 ὑπ-

2436 3451 2693 3523 έγραψεν.

2505 3546 2556 3598 9.
2607 3540 2700 3608 ΤΙς
2749 3542 2906 3595 ἐστιν
2960 3539 3262 3605 ἅνθρωπος
3312 3543 3344 3592 ό
3398 3538 3588 3592 θέλων
3629 3537 3814 3602 ζωὴν,
3854 3538 3993 3606 ἀγα-

2438 3632 2567 3685 πῶν
2609 3631 2832 3700 ἡμέρας
2884 3627 3029 3681 ὶδεῑν
3061 3627 3324 3695 ἀγαθάςς
3385 3630 3451 3680 Εἴ
3495 3646 3578 3691 τις
3629 3627 3792 3691 θέλει,
3847 3627 3997 3698 φησὶ,

2439 3723 2602 3793 ζωὴν,
2638 3723 2697 3774 οὑ
2748 3721 2846 3790 τὴν
2897 3717 3078 3789 κοινὴν
3117 3714 3315 3787 ταύτην
3352 3718 3415 3786 ἢν
3466 3719 3559 3769 καὶ
3591 3718 3657 3769 τά
3701 3719 3871 3786 άλογα
3913 3716 3998 3787 ζῇ,

2438 3812 2573 3867 ἀλλά
2591 3813 2688 3884 τὴν
2711 3811 2876 3873 ὅντως
2909 3807 3049 3879 ζωὴν
3074 3807 3169 3878 τὴν
3212 3804 3426 3874 θανάτῳ
3459 3805 3530 3874 μὴ
3557 3804 3998 3875 διακοπτομένην.

2438 3906 2549 3958 Νῦν
2581 3904 2708 3975 γάρ,
2733 3903 2914 3972 φησιν,
2941 3899 3330 3966 άποθνήσκετε,
3369 3895 3476 3949 Kal
3509 3897 3545 3962 ἡ
3583 3893 3692 3957 ζωὴ
3721 3895 3888 3962 ἡμῶν
3919 3895 3994 3963 (8)

2438 3997 2752 4065 κέκρυπται
2783 3994 2901 4046 σὺν
2938 3991 3014 4056 τῷ
3040 3988 3269 4058 Χριστῷ
3291 3989 3358 4040 ἐν
3395 3987 3469 4052 τῷ
3493 3983 3642 4051 Θεῷ·
3679 3985 3825 4038 ὅταν
3862 3984 3928 4037 δὲ
3971 3989 4003 4038 ό

2438 4089 2687 4156 Χριστὸς
2758 4081 3098 4154 φανερωθῇ,
3160 4083 3197 4148 ἠ
3266 4079 3375 4145 ζωὴ
3436 4078 3636 4146 ἡμῶν,
3709 4079 3841 4131 τότε
3909 4075 4003 4129 καὶ

2438 4177 2604 4245 ὑμεῖς
2632 4177 2753 4228 σὺν
2780 4173 2939 4236 αὐτῷ
2969 4171 3462 4240 φανερωθήσεσθε
3501 4171 3570 4222 ἐν
3595 4169 3762 4237 δόξῃ.
3801 4167 4003 4222 Οὐκοῦν

2440 4269 2534 4321 καὶ
2566 4269 2598 4336 ἡ
2628 4266 2791 4336 ὄντως
2822 4261 2933 4332 ζωὴ
2961 4265 2988 4313 6
3018 4261 3266 4331 Χριστὸς,
3299 4260 3390 4311 καὶ
3419 4263 3451 4326 ἡ
3487 4261 3730 4328 ἡμετέρα
3761 4261 3815 4310 ὲν
3848 4259 3998 4327 αὐτῷ

2439 4358 2677 4428 διαγωγὴ
2713 4355 2821 4426 ζωή
2854 4357 2999 4406 ἐστιν
3028 4351 3271 4422 ἀληθινή.
3316 4350 3544 4420 Ὁμοίως
3577 4349 3633 4401 δὲ
3662 4350 3756 4402 καὶ.
3786 4352 3840 4401 αἱ
3868 4351 4000 4418 ὴμέ-

2445 4470 2531 4523 ραι
2557 4450 2708 4502 ἄλλαι
2729 4449 2865 4500 εἰσιν
2895 4445 3094 4513 ἀγαθαὶ
3118 4483 3132 4506 ,
3161 4444 3226 4506 ἃς
3258 4446 3314 4496 ὲν
3343 4441 3644 4511 ἐπαγγελία
3685 4441 4005 4512 προτίθησιν

779 4530 954 4584 uidere
992 4530 1188 4583 bonos?
1222 4531 1343 4587 Dies
1372 4534 1515 4586 enim
1565 4532 1723 4601 hujus
1764 4533 1968 4599 smeuli,
2013 4535 2136 4588 mali
2166 4543 2290 4589 sunt
2320 4553 2326 4588 ε

2367 4543 2414 4601 D
2438 4547 2466 4597 6
2497 4543 2806 4613 Προφήτης.
2846 4540 2937 4603 Τίς
2980 4539 3149 4591 ἐστιν
3189 4535 3494 4602 ἅνθρωπος
3531 4537 3563 4586 ό
3607 4531 3796 4588 θέλων
3837 4532 4005 4600 ζωὴν,

780 4621 1046 4691 siquidem
1075 4631 1130 4677 et
1155 4621 1256 4677 hoc
1285 4625 1562 4693 saxulum,
1596 4639 1848 4678 mensura
1881 4641 1998 4676 cum
2032 4625 2100 4678 sit
2133 4626 2335 4689 mundi,

779 4719 846 4767 de
878 4729 984 4782 quo
1016 4714 1214 4769 dictum
1269 4725 1352 4769 est
1384 4733 1398 4769 :
1443 4716 1670 4769 Mundus
1707 4725 1843 4768 totus
1902 4718 1955 4768 in
1988 4719 2215 4788 maligno
2243 4735 2338 4785 po-

780 4806 916 4857 situs
946 4815 1021 4858 est
1052 4805 1095 4836 ⁸⁷
1124 4849 1138 4872 ,
1180 4815 1384 4860 natura:
1417 4809 1618 4871 mundi,
1654 4823 1813 4878 quem
1849 4808 2129 4860 dimetitur
2151 4850 2166 4873 ,
2207 4809 2339 4862 assi—

783 4895 1023 4950 utilatur.
1059 4895 1122 4952 Hi
1151 4908 1329 4953 autem
1359 4900 1472 4953 dies
1504 4911 1684 4969 partes
1718 4909 1847 4954 sunt
1877 4901 2035 4969 hujus
2058 4903 2337 4968 temporis.

782 4989 1122 5057 Quapropter
1163 4991 1294 5044 dicit
1340 4991 1677 5059 Apostolus:
1733 4989 2060 5045 Redimenles
2119 5002 2340 5059 tempus,

780 5079 1030 5147 quoniam
1083 5081 1195 5134 dies
1243 5085 1368 5136 mali
1410 5094 1528 5136 sunt
1583 5084 1649 5136 ⁸⁸.
1683 5083 1921 5149 Itemque
1949 5083 2110 5137 Jacob
2143 5104 2156 5138 :
2197 5084 2339 5149 Dies,

784 5171 980 5237 inquit,
1007 5188 1259 5226 annorum
1289 5192 1516 5228 meorum
1568 5177 1722 5242 pauci
1750 5184 1798 5227 et
1827 5175 1953 5226 mali
1987 5185 2106 5227 sunt
2139 5177 2203 5229 ".
2231 5177 2337 5228 Ita-

857 5309 900 5338 “
933 5306 1124 5371 Ephes.
1160 5323 1220 5372 ιι,
1245 5308 1328 5361 12.
1405 5310 1449 5341 ’⁵
1481 5309 1497 5361 l
1529 5308 1718 5363 Thess.
1754 5324 1803 5369 ν.
1843 5308 1896 5362 5.

789 5391 962 5442 XLVII,
1004 5375 1038 5429 9

859 5533 936 5599 (6)
985 5534 1129 5598 Τοὺς
1147 5531 1386 5601 μακρὰν
1407 5534 1858 5597 ἁποπεσόντας,
1902 5541 2049 5585 verte
2086 5549 2100 5588 :
2145 5547 2229 5585 eos
2268 5533 2354 5601 qui

789 5605 970 5672 procul
1010 5605 1141 5670 lapsi
1176 5615 1315 5656 sunt.
1346 5603 1553 5660 MARAN.

863 5673 938 5741 t7)
970 5673 1040 5726 Ita
1066 5666 1224 5733 mss...
1259 5689 1361 5727 non
1391 5677 1562 5741 pauci.
1596 5674 1733 5729 Editi
1758 5674 1967 5742 ἔχοντες
1991 5666 2126 5725 ὦτα.
2154 5671 2350 5726 Ibidem

792 5745 940 5798 (Iolb.
976 5745 1178 5808 primus
1207 5744 1542 5813 ἡνεῳγμένα.

864 5817 937 5886 (8)
963 5813 1053 5871 Sic
1094 5831 1222 5869 tuss.
1260 5826 1312 5868 et
1334 5817 1495 5870 editio
1517 5813 1678 5872 Basil.
1712 5830 1829 5869 cum
1860 5814 2069 5882 vulgato
2095 5813 2336 5882 Scriptu-

1992 5306 2045 5353 .“
2075 5306 2277 5362 Coluss.
2311 5325 2389 5372 Ill,
2419 5309 2469 5370 5,
2503 5310 2556 5363 4.

2447 4633 2692 4703 ἀγαπῶν
2735 4631 2960 4700 ἡμέρας
2996 4628 3142 4682 ίδεῖν
3164 4626 3426 4697 ἀγαθάς-ς
3473 4627 3536 4677 At
3571 4625 3677 4694 γὰρ
3702 4624 3796 4677 τοῦ
3821 4625 4007 4686 αἰῶνος

2447 4727 2632 4780 τούτου
2661 4725 2861 4795 ἡμέραι
2915 4721 3180 4791 πονηραὶ,
3231 4719 3415 4788 ἐπειδὴ
3460 4717 3551 4769 καὶ
3588 4719 3616 4769 6
3661 4715 3795 4768 αίὼν
3837 4709 4007 4778 οὗτος,

2446 4821 2538 4873 τοῦ
2588 4820 2790 4887 κόσμου
2826 4819 3020 4886 μέτρον
3054 4815 3346 4884 ὑπάρχων,
3386 4814 3511 4881 περὶ
3555 4804 3613 4864 οῦ
3649 4811 3888 4880 εἴρηται,
3931 4813 4009 4864 ὅτι

2459 4913 2508 4963 Ὀ
2527 4912 2751 4977 κόσμος
2775 4908 2917 4970 ὅλος
2942 4906 3010 4958 ἐν
3029 4903 3107 4970 τῷ
3135 4900 3373 4970 πονηρῷ
3391 4902 3593 4961 κεῖται,
3621 4899 3979 4972 συναφομοιοῦ

2446 5019 2534 5054 ται
2566 5002 2631 5069 τῇ
2681 4999 2837 5066 φύσει
2865 4995 2958 5049 τοῦ
2994 4995 3194 5063 κόσμου
3221 4994 3278 5046 ὃν
3302 4995 3573 5064 ὲκμετρεῖ.
3618 4993 3774 5063 Μέρη
3820 4994 3877 5044 δὲ
3922 4991 4010 5044 τοῦ

2450 5089 2639 5159 χρόνου
2680 5089 2868 5139 τούτου
2907 5087 2962 5140 αί
3010 5085 3212 5155 ἡμέραι
3247 5077 3425 5135 αῦται.
3475 5083 3569 5135 Διά
3601 5083 3759 5134 τοῦτό
3794 5098 3957 5149 φησιν
3984 5081 4013 5132 ό

2459 5175 2803 5238 Ἀπόστολοςο
2849 5173 3353 5243 Ἐξαγηοραζόμενοι
3397 5172 3502 5223 τὸν
3551 5170 3783 5236 καιρὸν,
3827 5169 3915 5222 ὅτι
3955 5172 4013 5221 al

2660 5307 2703 5338 ⁸⁷
2741 5308 2754 5358 Ι
2781 5305 2934 5360 Joau.
2976 5322 3028 5370 v,
3056 5304 3142 5358 l9.
3257 5302 3302 5332 "’
3329 5301 3526 5371 Ephes.
3557 5315 3608 5366 ν,
3637 5299 3723 5352 16.
3805 5300 3848 5330 ⁸⁸
3881 5299 4012 5355 Gen.

2462 5543 2721 5606 rtetextu.
2755 5532 2928 5586 Editio
2959 5531 3130 5606 Paris.
3151 5599 3162 5606 μ
3192 5527 3510 5606 ζωὴ-ὑμῷν.
3561 5523 3656 5606 illa
3691 5538 3814 5591 qua
3865 5521 4016 5606 paulo

2460 5604 2596 5656 infra
2629 5605 2900 5670 legumnr,
2939 5602 3057 5654 τότε
3081 5599 3174 5652 καὶ
3204 5591 3489 5670 ῦμεῖς’συν
3518 5593 3668 5664 αὺτῷ
3705 5591 4018 5670 φανερωθητ

2460 5673 2616 5726 σεσθε
2651 5663 2707 5725 εὖ
2745 5663 2895 5742 δόξῃ,
2926 5673 3119 5744 desunt
3147 5663 3360 5744 quidem
3405 5669 3458 5720 in
3487 5663 3901 5744 quatuor-ausi"
3926 5663 4018 5719 sed

2459 5747 2799 5814 reperiuntur
2820 5735 2909 5798 "in
2947 5742 3064 5797 aliis
3093 5735 3312 5810 perinde
3334 5747 3493 5806 atque
3525 5736 3578 5790 in
3608 5735 3790 5790 editis.
