4260 6500
295 456 401 512 375

1411 461 1696 516 HOMILIA
1735 463 1801 516 ΙΝ
1843 465 2173 521 PSALMUM
2212 471 2444 527 XXXIII.
3406 484 3509 536 37L

295 579 507 651 ἡμέραι
537 581 791 646 πονηραί
814 583 949 635 εισι.
983 583 1091 634 Καὶ
1117 584 1144 634 6
1185 580 1376 635 Ἰακὼϐ
1404 583 1459 634 δὲ
1496 584 1591 653 (9),
1626 591 1691 637 Αι
1724 585 1861 651 ὴμιὲ⁴
1891 595 1934 650 Λ
1967 605 1977 638 ι

1834 587 1861 626 ‘—
1891 595 1934 650 Λ
1967 602 2070 655 que
2101 603 2239 640 nunc
2263 588 2314 640 in
2351 592 2454 643 vita
2497 605 2602 644 non
2631 605 2838 656 sumus,
2873 593 2965 647 sed
3011 594 3062 645 in
3093 604 3281 646 mor-te.
3317 593 3516 649 Idcirco

294 687 413 738 ραι,
453 668 606 736 φησὶ,
630 668 744 723 τῶν
764 670 912 724 ἐτῶν
925 689 1044 738 μου
1069 673 1268 740 μικραί
1296 673 1391 725 καὶ
1417 675 1690 741 πονηραί.
1723 676 1862 728 Οὐκ-

299 759 393 813 οῦν
460 758 553 814 νῦν
605 762 702 832 μὲν
735 763 834 815 οὐκ
869 763 1031 832 ἐσμέν
1067 764 1126 816 ἐν
1180 763 1322 834 ζωῇ,
1371 765 1484 817 ἀλλ’
1525 767 1582 818 ἐν
1626 766 1857 839 θανάτῳ.

299 848 390 899 Διὸ
414 850 510 904 καὶ
539 849 738 921 ηῦχετο
758 853 786 902 6
814 852 1149 918 ’Δπόστολος,
1174 855 1344 922 λέγων
1366 873 1378 883 ·
1416 857 1508 920 Τίς
1522 873 1598 924 με
1615 858 1862 922 ῥύσεται

296 935 367 989 ἐκ
411 941 516 992 τοῦ
560 937 830 1007 σώματος
873 943 976 996 τοῦ
1011 944 1265 997 θανάτου
1301 945 1548 1007 τούτου;
1598 946 1760 1018 Ἀλλη
1806 950 1861 1002 δέ

297 1029 382 1091 τίς
407 1032 520 1080 ἐστι
549 1028 682 1101 ζωὴ,
725 1033 857 1107 πρὸς
890 1035 958 1106 ἡν
997 1036 1147 1089 καλεῖ
1180 1037 1325 1104 ἡμᾶς
1361 1040 1390 1091 6
1420 1039 1607 1105 λόγος’
1643 1041 1736 1092 καὶ
1769 1040 1862 1094 νῦν

301 1119 400 1188 μὲν
440 1121 492 1170 αἱ
537 1121 735 1193 ἡμέραι
767 1125 921 1194 ἡμῶν
967 1126 1219 1195 πονηραὶ,
1259 1128 1410 1181 ἀλλαι
1450 1129 1506 1182 δέ
1545 1131 1685 1192 τινές
1728 1133 1862 1184 είσιν

296 1209 519 1276 ἀγαθαὶ,
555 1213 619 1276 ἃς
644 1215 740 1278 νὺξ
786 1217 846 1266 οὐ
889 1216 1166 1270 διακόπτει
1187 1237 1199 1250 ο
1242 1219 1392 1271 ἔσται
1425 1220 1530 1289 γὰρ
1556 1221 1583 1272 6
1609 1220 1738 1285 Θεὸς
1768 1222 1863 1274 αὺ-

297 1299 408 1354 τῶν
432 1303 544 1372 φῶς
573 1305 784 1356 αἰώνιον
806 1345 818 1366 ,
852 1305 1219 1378 καταλάμπων
1257 1309 1427 1374 αὑτὰς
1474 1310 1551 1382 τῷ
1581 1315 1718 1382 φωτὶ
1764 1315 1862 1384 τῆς

299 1393 492 1447 ἑαυτοῦ
519 1395 694 1465 δόξης.
732 1397 822 1466 Μὴ
850 1399 1046 1464 τοίνυν,
1077 1401 1205 1453 ὅταν
1229 1403 1466 1476 ἀκούσῃς
1485 1405 1708 1476 ἡμερῶν
1729 1407 1862 1472 ἀγα-

300 1487 430 1547 θῶν,
463 1487 560 1556 τὴν
597 1488 826 1568 ἐνταῦθά
868 1509 948 1546 σοι
983 1495 1209 1566 νομίσῃς
1259 1496 1402 1565 ζωὴν
1431 1499 1486 1548 ἐν
1515 1497 1864 1565 ἐπαγγελίαις

299 1577 641 1648 προκεῖσθαι.
679 1581 918 1654 Φθαρταὶ
949 1587 1056 1656 γάρ
1078 1590 1214 1641 είσιν
1246 1583 1426 1648 αὗται,
1463 1586 1526 1648 ἀς
1551 1589 1579 1638 6
1613 1587 1863 1656 αίσθητὸς

297 1667 449 1738 ἥλιος
484 1671 880 1741 ἀπεργάζεται*
926 1679 1075 1731 οὐδὲν
1129 1679 1185 1730 δέ
1241 1677 1475 1748 φθαρτὸν
1523 1677 1864 1749 ἁρμοζόντως

298 1764 368 1817 ἂν
393 1765 561 1838 δῶρον
588 1769 793 1835 γένοιτο
829 1767 906 1836 τῷ
953 1767 1231 1838 ἀφθάρτῳ.
1280 1768 1342 1820 Ei
1383 1769 1489 1840 γὰρ
1525 1767 1798 1840 ἄφθαρτος
1829 1769 1860 1840 ή

295 1857 463 1928 ψυχὴ,
493 1861 742 1930 ἄφθαρτα
767 1860 932 1929 αὐτῆς
972 1860 1064 1912 καὶ
1099 1858 1168 1912 τὰ
1193 1860 1524 1930 χαρίσματα.
1574 1862 1683 1914 Καὶ
1709 1865 1862 1927 Παρ-

297 1947 430 2015 άγει
477 1949 542 2000 τὸ
589 1948 796 2017 σχῆμα
843 1949 947 2002 τοῦ
991 1949 1220 2017 κόσμου
1244 1950 1473 2001 τούτου.
1508 1950 1568 1999 Εἰ
1611 1949 1667 2000 δὲ
1707 1950 1861 2001 σκιὰν
1895 1933 1935 1985 Β

296 2038 411 2106 ἔχει
439 2040 467 2090 6
494 2039 656 2109 νόμος
686 2039 792 2092 τῶν
837 2039 1134 2110 μελλόντων
1172 2038 1389 2106 ἀγαθῶν
1411 2077 1427 2102 ,
1469 2038 1578 2090 νόει
1625 2037 1713 2107 μοί
1744 2055 1862 2090 τινα

295 2125 550 2180 Σάὁϐατα
577 2129 819 2200 τρυφερά
840 2169 854 2192 ,
891 2127 1022 2197 am
1043 2167 1056 2194 ,
1087 2130 1150 2182 ἐκ
1191 2129 1298 2181 τῶν
1342 2127 1573 2182 αἰωνίων
1617 2125 1861 2196 ἡμερῶν,

294 2220 606 2290 νεομηνίας,
651 2222 873 2292 ἐορτάς·
909 2222 1003 2274 καὶ
1040 2222 1147 2275 νόει
1175 2239 1264 2292 μοι
1305 2221 1468 2286 ἀξίως
1501 2219 1593 2273 τοῦ
1629 2235 1865 2288 πνευμα-

294 2311 452 2364 τικοῦ
485 2314 670 2382 νόμου.
715 2315 962 2367 Παῦσον
995 2313 1108 2379 τὴν
1145 2311 1432 2382 γλῶσσάν
1462 2328 1575 2366 σου
1611 2310 1728 2365 ἀπὸ
1758 2328 1862 2364 κα-

295 2402 431 2466 κοῦ,
475 2404 569 2456 καὶ
610 2405 783 2473 χείλη
820 2421 936 2459 σου
981 2405 1086 2458 τοῦ
1124 2405 1208 2472 μὴ
1245 2402 1506 2470 λαλῆσαι
1550 2403 1750 2456 δόλον.
1801 2404 1861 2455 Εἰ

290 2493 476 2562 βούλει
515 2497 572 2548 ὲν
617 2497 738 2559 ταῖς
774 2496 1006 2567 ἡμέραις
1050 2496 1298 2563 γενέσθαι
1345 2497 1460 2557 ταῖς
1511 2494 1773 2562 ἀγαθαῖς,
1814 2495 1862 2544 εί

293 2584 514 2655 ἀγαπᾷς
530 2584 626 2653 τὴν
647 2584 809 2655 ζωὴν,
837 2587 1058 2659 ποίησον
1078 2588 1176 2657 τὴν
1205 2585 1422 2656 ἐντολὴν
1443 2585 1539 2654 τῆς
1559 2584 1702 2653 ζωῆς
1729 2582 1858 2654 (10).

307 2677 364 2727 '0
423 2677 526 2748 γάρ
568 2678 813 2747 ἀγαπῶν
868 2697 981 2748 με,
1050 2679 1222 2751 φησι,
1275 2677 1381 2742 τὰς
1416 2674 1688 2739 ·ἐντο.λάς
1743 2691 1862 2743 μου

291 2767 560 2833 τηρήσει.
593 2770 788 2840 Πρώτη
823 2771 878 2822 δέ
909 2772 1094 2840 ἐντολὴ
1127 2771 1185 2822 τὸ
1207 2811 1220 2833 ,
1251 2769 1454 2822 παῦσαι
1493 2768 1587 2838 τὴν
1615 2767 1861 2835 γλῶσσαν

289 2857 405 2910 ἀπὸ
432 2859 624 2921 κακοῦ,
655 2862 750 2912 καὶ
792 2860 941 2930 χείλη
974 2859 1067 2912 τοῦ
1102 2859 1175 2930 μὴ
1207 2859 1432 2928 λαλῆσαι
1465 2858 1629 2910 δόλον.
1674 2858 1861 2927 Σχεδὸν

292 2946 460 3018 γάρή
496 2951 887 3020 προχειροτάτη
921 2952 1015 3002 καὶ
1055 2949 1389 3020 πολύτροπος
1419 2945 1660 3017 ἁμαρτία
1701 2948 1732 3014 ἡ
1776 2945 1862 2998 διά

291 3039 545 3112 γλώσσης
610 3043 759 3095 ἐστὶν
825 3041 1210 3112 ἐνεργουμένη.
1293 3039 1610 3111 Ὠργίσθης;
1677 3037 1770 3089 καὶ
1829 3040 1862 3107 ἢ

290 3133 512 3196 γλῶσσα
535 3134 841 3207 προτρέχει.
883 3135 968 3187 Ἐν
991 3133 1307 3204 ἐπιθυμίαις
1328 3127 1377 3185 εἴ
1402 3148 1416 3197 ;
1450 3131 1541 3184 καὶ
1567 3130 1664 3201 τὴν
1692 3127 1864 3196 γλῶσ-

294 3240 394 3278 σαν
438 3225 580 3295 ἔχεις
622 3227 724 3297 πρὸ
771 3227 986 3280 πάντων
1041 3225 1199 3281 οἱονεί
1238 3242 1359 3278 τινα
1397 3220 1722 3292 μαστρωπδν
1771 3219 1863 3272 καὶ

293 3319 638 3388 προαγωγὸν,
691 3317 1312 3389 συγκαταπρασσομένην
1345 3317 1410 3385 τῇ
1441 3311 1703 3382 ἁμαρτία,
1733 3309 1862 3363 καθ-

291 3409 724 3479 υποκρινομένην
783 3408 893 3477 (11)
959 3407 1084 3470 τους
1129 3405 1372 3476 πλησίον.
1426 3404 1535 3456 Καὶ
1575 3401 1736 3455 ὅπλον
1781 3417 1862 3452 σοι

293 3499 434 3570 πρὸς
477 3499 574 3569 τὴν
615 3501 826 3553 ἀδικίαν
861 3503 894 3570 ἡ
942 3499 1187 3568 γλῶσσα,
1243 3497 1316 3569 μὴ
1374 3495 1444 3550 τὰ
1490 3495 1598 3549 ἀπὸ
1640 3493 1862 3564 καρδίας

290 3591 662 3662 φθεγγομένη,
689 3591 821 3644 ἁλλά
863 3593 930 3643 τά
957 3591 1091 3662 πρὸς
1116 3591 1328 3659 ἀπάτην
1355 3588 1720 3659 προφέρουσα.
1754 3585 1863 3636 Καὶ

287 3682 346 3734 τί
391 3682 469 3734 δεῖ
502 3683 675 3734 πάντα
704 3681 782 3752 τῷ
829 3681 969 3751 λόγῳ
1019 3680 1288 3746 ἐπεξιέναι
1338 3679 1445 3731 τῶν
1485 3676 1572 3728 διὰ
1617 3674 1862 3742 γλώσσης

288 3771 750 3841 ἁμαρτανομένων
775 3787 789 3834 ;
844 3769 1202 3840 Πεπλήρωται
1231 3765 1385 3837 ἡμῶν
1416 3765 1444 3816 6
1475 3763 1587 3833 βίος
1619 3759 1726 3811 τῶν
1755 3757 1863 3810 ἀπὸ

288 3856 543 3928 γλώσσης
583 3859 935 3930 πταισμάτων
987 3858 1118 3928 (12).
1172 3854 1550 3926 Αίσχρολογία,
1601 3850 1862 3919 εὐτραπε-

291 3947 405 4012 λία,
454 3930 776 4020 μωρολογία,
822 3951 888 4003 τὰ
922 3951 1020 4003 οὐκ
1065 3951 1353 4019 ἀνήκοντα,
1398 3942 1733 4002 καταλαλιαὶ,
1769 3939 1859 3990 λό-

288 4053 391 4105 γος
438 4039 621 4107 ἀργὺςν
674 4041 948 4112 ἐπιορκίαι
988 4040 1125 4111 (15),
1154 4033 1636 4108 ψευδομαρτυρίαι,
1687 4028 1862 4080 πάντα

290 4127 468 4181 ταῦτα
499 4129 567 4180 τὰ
597 4132 762 4194 κακὰ,
806 4134 899 4185 καὶ
935 4133 1012 4185 ἔτι
1041 4132 1207 4184 πλείω
1233 4129 1454 4190 τούτων,
1482 4125 1579 4195 τῆς
1613 4119 1860 4189 γλώσσης

292 4219 413 4271 ἐστὶ
464 4220 937 4292 δημιουργήματα.
997 4226 1058 4276 Οί
1115 4223 1170 4276 δὲ
1221 4221 1522 4287 ἀνοίγοντες
1575 4215 1635 4267 τὸ
1690 4211 1859 4278 στόμα

289 4313 436 4364 κατά
491 4315 588 4384 τῆς
636 4313 791 4386 δόξης
822 4314 913 4365 τοῦ
943 4313 1106 4375 Θεοῦ,
1145 4316 1236 4364 καὶ
1281 4309 1491 4364 ἀδικίαν
1528 4308 1604 4367 εἰς
1636 4303 1695 4354 τὸ
1729 4300 1860 4368 ὕψος

287 4403 602 4471 λαλοῦντες,
629 4406 769 4476 ἄλλῳ
796 4407 901 4458 τινί
931 4405 1027 4476 τὴν
1089 4403 1338 4456 ἀσέϐειαν
1383 4400 1475 4453 καὶ
1512 4397 1630 4465 οὐχ).
1659 4392 1736 4462 τῷ
1768 4393 1859 4462 ὀρ-

291 4496 449 4565 γάνῳ
472 4498 568 4566 τῆς
594 4497 840 4567 γλώσσης
864 4497 1182 4568 ἐργάζονται
1206 4513 1219 4559 ;
1249 4494 1461 4562 Ἐπειδὴ
1493 4488 1584 4544 οὖν
1619 4489 1713 4538 Ἐκ
1743 4482 1859 4536 τῶν

289 4590 493 4656 λόγων
527 4605 640 4640 σου
677 4588 1038 4656 δικαιωθήσῃ
1065 4629 1078 4652 ,
1124 4589 1220 4640 καὶ
1261 4587 1327 4639 ἐκ
1371 4584 1486 4638 τῶν
1521 4584 1714 4651 λόγων
1745 4590 1858 4631 σου

294 4678 725 4747 κατακριθήσῃ,
767 4679 970 4732 παῦσον
1002 4681 1097 4750 τὴν
1123 4679 1369 4747 γλῶσσάν
1401 4695 1490 4731 σου
1519 4676 1624 4731 ἀπὸ
1660 4673 1849 4735 κακοῦ,

290 4770 388 4822 καὶ
429 4770 500 4840 μὴ
531 4773 827 4843 ἐνεργησῃς
855 4773 1266 4844 θησαυρίσματα
1291 4771 1507 4841 γλώσσῃ
1533 4771 1717 4837 ψευδεῖ
1752 4768 1853 4836 μά-

288 4879 442 4914 ταια.
487 4862 698 4917 Παῦσον
742 4864 798 4916 δὲ
846 4865 937 4916 καὶ
970 4864 1037 4916 τὰ
1078 4865 1225 4933 χείλη
1267 4881 1355 4915 σου
1383 4863 1472 4914 τοῦ
1521 4862 1592 4931 μὴ
1633 4862 1856 4930 λαλῆσαι

287 4952 460 5006 δόλον·
503 4958 621 5008 ἀντὶ
651 4954 940 5018 τοῦ,⁹’ολον
961 4956 1019 5006 τὸ
1049 4955 1274 5024 ὄργανον
1302 4955 1360 5005 τὸ
1388 4954 1520 5023 πρὸς
1551 4955 1647 5023 τὴν
1676 4955 1850 5008 διακο-

1967 681 2131 732 etiam
2161 681 2355 733 orabat
2383 684 2692 748 Apostolus,
2724 683 2906 737 dicens
2937 705 2948 738 :
3007 686 3138 750 Quis
3184 701 3260 738 me
3283 687 3520 739 liberabit

1965 778 2030 824 de
2063 788 2283 840 corpore
2308 775 2487 825 Mortis
2513 777 2669 845 hujus
2693 776 2780 828 ὀἳ
2805 775 2922 826 Alia
2943 789 3116 830 autem
3145 778 3386 845 quaedam
3416 777 3522 828 vita

1964 870 2070 927 est,
2098 865 2164 916 ad
2195 878 2356 930 quam
2384 873 2572 916 vocant
2600 882 2696 919 nos
2732 866 2919 920 isthwc
2943 866 3135 929 verba;
3163 876 3215 919 et
3246 880 3389 919 nunc
3413 865 3526 932 qui-

1964 951 2084 1004 dem
2142 952 2256 1005 dies
2317 953 2486 1005 nostri
2530 954 2651 1004 mali
2687 954 2958 1020 sunt,alii
2985 969 3112 1007 vero
3142 957 3356 1022 quidam
3400 963 3525 1007 sunt

1966 1044 2112 1108 boni,
2154 1059 2288 1112 quos
2313 1059 2414 1096 nox
2448 1059 2553 1097 non
2596 1045 2885 1098 intercidit.
2910 1047 3022 1101 Erit
3045 1047 3187 1100 enim
3213 1047 3352 1101 Deus
3381 1047 3526 1115 ipso-

1967 1151 2082 1188 rum
2113 1137 2201 1189 lux
2231 1137 2581 1204 sempiterna,
2615 1151 2706 1189 eos
2734 1137 2917 1204 gloria-
2942 1154 3051 1192 ευρ
3080 1139 3196 1194 luce
3227 1137 3520 1191 illustrans.

1967 1224 2042 1278 lie
2071 1227 2234 1295 igitur
2267 1241 2388 1279 cum
2432 1227 2668 1280 audieris
2714 1225 2828 1279 dies
2872 1225 3063 1286 bonos,
3103 1235 3423 1292 praesentem
3449 1223 3524 1277 is-

1968 1330 2072 1371 tam
2101 1320 2262 1372 vitam
2288 1318 2570 1372 existimes
2596 1318 2687 1371 tibi
2722 1317 3025 1386 proponiin
3051 1317 3520 1386 promissionibus.

1970 1409 2099 1462 Nam
2126 1425 2260 1476 quos
2290 1412 2406 1465 dies
2423 1409 2500 1463 sol
2528 1407 2799 1462 sensibilis
2829 1408 3053 1477 peragit,
3092 1408 3126 1460 ii
3151 1416 3274 1460 sunt
3297 1409 3522 1463 caduci:

1967 1501 2100 1554 nihil
2137 1511 2314 1554 autem
2345 1502 2607 1556 caducum
2655 1499 2849 1571 poterit
2891 1514 3009 1553 esse
3061 1499 3387 1552 conveniens
3430 1501 3525 1554 do-

1965 1610 2091 1646 num
2122 1593 2487 1660 corruptiunis
2522 1593 2746 1660 experti.
2779 1589 2989 1644 Etenim
3040 1592 3082 1643 si
3126 1590 3300 1642 anima
3336 1603 3526 1644 corru-

1965 1685 2130 1754 ptioni
2191 1696 2532 1752 nequaquam
2578 1679 2810 1735 obnoxia
2856 1689 2974 1743 est,
3016 1694 3114 1732 nec
3143 1680 3304 1732 etiam
3342 1691 3527 1730 corru-

1964 1775 2132 1844 ptioui
2171 1773 2404 1826 obnoxia
2438 1771 2639 1824 fuerint
2676 1771 2840 1837 ipsius
2874 1770 3031 1823 dona.
3075 1767 3317 1822 Prteterit
3349 1777 3523 1820 autem

1965 1868 2136 1937 ﬁgura
2165 1866 2322 1935 hujus
2359 1865 2543 1917 mumli
2579 1865 2645 1917 ⁷¹.
2682 1861 2831 1928 Quod
2870 1862 2912 1914 si
2951 1862 3034 1915 lex
3069 1861 3312 1915 umbram
3365 1860 3528 1914 habet

1966 1956 2266 2010 futurorum
2313 1957 2574 2010 honorum
2597 1955 2646 1999 7⁸
2667 1994 2682 2019 ,
2711 1953 2932 2024 efﬁngas
2963 1950 3120 2004 velim
3157 1952 3334 2004 animo
3386 1950 3527 2004 Sab—

1965 2049 2082 2101 bata
2121 2049 2362 2114 quaedam
2413 2047 2666 2114 jucunda,
2723 2054 2932 2108 sancta,
2973 2059 3038 2096 ex
3087 2043 3302 2096 aeternis
3337 2041 3525 2096 diebus

1965 2139 2218 2203 conﬂata,
2251 2148 2536 2190 nascentes
2562 2137 2737 2199 lunas,
2769 2138 2898 2190 festa
2937 2157 2950 2192 :
2986 2137 3080 2190 sed
3127 2134 3362 2199 intellige
3408 2133 3479 2186 ita
3507 2169 3523 2196 ,

1966 2240 2022 2284 ιιι
2053 2229 2222 2298 legem
2248 2227 2581 2296 spiritualem
2608 2227 2780 2280 decet.
2807 2224 2993 2294 (Vens.
3028 2223 3138 2292 M.)
3177 2221 3402 2274 Prohibe
3425 2222 3526 2275 lin-

1964 2339 2118 2392 guam
2150 2333 2293 2373 tuam
2319 2338 2349 2372 ιι
2373 2319 2534 2381 malo,
2555 2329 2601 2371 et
2633 2319 2773 2370 labia
2794 2327 2884 2369 tua
2919 2331 2982 2368 ne
3011 2314 3295 2384 loquantur
3323 2313 3522 2365 dolum.

1966 2415 2020 2468 Si
2049 2416 2126 2467 vis
2159 2414 2210 2467 in
2247 2411 2435 2465 diebus
2464 2425 2584 2463 esse
2615 2410 2788 2470 bouis,
2815 2410 2858 2460 si
2887 2407 3063 2476 diligis
3097 2406 3282 2471 vitam,
3325 2419 3526 2474 praece-

1965 2516 2110 2573 ptum
2136 2506 2258 2558 vita:
2278 2503 2495 2570 perﬁce.
2524 2499 2626 2565 Qui
2649 2499 2815 2561 enim,
2848 2497 3056 2566 inquit,
3075 2499 3244 2566 diligit
3270 2513 3370 2560 me,
3389 2513 3526 2562 pm—

1963 2605 2108 2662 cepta
2159 2611 2272 2646 mea
2325 2593 2543 2646 servabit
2582 2592 2647 2643 ⁷³.
2682 2590 2920 2643 Primum
2969 2596 3148 2640 autem
3203 2595 3523 2654 praeceptum

1963 2697 2061 2747 e5t,
2107 2684 2394 2754 prohibere
2438 2685 2671 2752 linguam
2703 2698 2730 2734 a
2757 2681 2918 2743 malo,
2949 2691 3001 2734 et
3025 2679 3188 2743 labia,
3215 2693 3280 2731 ne
3309 2679 3526 2745 loquan-

1964 2789 2051 2833 tur
2083 2777 2285 2830 dolum.
2348 2775 2633 2830 Peccatum
2680 2775 2822 2828 enim
2864 2775 3005 2842 quod
3043 2787 3137 2840 per
3163 2772 3393 2837 linguam
3429 2768 3524 2820 ad-

1963 2871 2214 2934 mittitur,
2265 2869 2505 2924 omnium
2555 2867 2666 2921 fere
2699 2866 3178 2920 familiarissimum
3213 2872 3315 2926 est,
3360 2870 3524 2931 atque

1964 2961 2313 3030 multiplicem
2344 2959 2572 3013 formam
2619 2958 2800 3012 habet.
2840 2958 3012 3010 Iratus
3058 2955 3164 3008 es?
3197 2957 3305 3022 jam
3339 2953 3524 3022 lingua

1963 3053 2265 3118 praecurrit.
2314 3049 2705 3120 Concupiscis?
2733 3048 2896 3101 etiam
2933 3055 3057 3098 ante
3082 3045 3261 3096 οιυιιὶιι
3286 3043 3523 3110 linguam

1965 3141 2128 3196 habes
2154 3145 2302 3210 quasi
2336 3143 2620 3212 quamdam
2647 3139 2820 3194 lenam
2846 3148 2899 3191 et
2923 3135 3364 3198 conciliatricem,
3395 3144 3521 3203 pec-

1964 3235 2068 3284 cati
2109 3231 2263 3301 153
2293 3232 2633 3301 adjutricem,
2671 3245 2733 3283 ac
2759 3229 3043 3282 verborum
3085 3225 3352 3280 lenocinio
3389 3240 3515 3292 pro-

1964 3321 2140 3374 ximos
2183 3321 2589 3374 subducentem.
2627 3318 2763 3385 Quin
2817 3318 2980 3372 etiam
3025 3317 3202 3385 lingua
3245 3330 3518 3368 armorum

1962 3413 2079 3466 loco
2114 3411 2204 3465 tibi
2231 3421 2314 3464 est
2347 3409 2411 3463 ad
2445 3410 2816 3475 iniquitatem,
2850 3423 2970 3461 cum
2999 3422 3064 3459 ex
3099 3405 3263 3460 corde
3307 3419 3412 3457 non
3441 3403 3520 3457 lo-

1962 3503 2166 3572 quitur,
2193 3502 2288 3555 sed
2334 3501 2673 3554 fraudulenta
2711 3500 2978 3568 proponit.
3015 3497 3078 3549 Et
3101 3495 3229 3564 quid
3277 3508 3411 3563 Opus
3440 3504 3524 3550 est

1959 3596 2138 3649 verbis
2161 3593 2406 3664 persequi
2445 3593 2623 3646 omnia
2655 3592 2848 3660 lingua:
2890 3589 3153 3658 peccata?
3189 3585 3307 3640 Vita
3339 3596 3520 3640 nosua

1961 3685 2156 3738 referta
2187 3697 2269 3738 est
2293 3686 2488 3752 linguae
2518 3683 2747 3737 delictis.
2781 3680 2955 3736 Verba
2985 3682 3243 3740 obscena,
3274 3676 3520 3730 scurrili-

1963 3783 2061 3832 tas.
2092 3774 2506 3842 stultiloquium,
2555 3772 2655 3826 alia
2691 3788 2791 3826 non
2825 3770 3220 3832 convenientia,
3253 3767 3523 3820 obtrecta-

1963 3868 2155 3930 tiones,
2197 3867 2402 3920 otiosus
2456 3881 2654 3930 sermo,
2710 3865 2967 3936 periuria,
3009 3864 3142 3918 falsa
3191 3864 3516 3929 testimonia,

1959 3958 2136 4011 omnia
2180 3957 2292 4011 haec
2334 3957 2498 4021 mala,
2545 3967 2598 4010 et
2639 3957 2724 4010 his
2756 3959 2933 4009 adhuc
2964 3956 3136 4024 plura,
3164 3956 3358 4028 lingua:
3395 3964 3521 4010 sunt

1959 4048 2191 4118 opiﬁcia.
2216 4049 2317 4114 Qui
2345 4063 2472 4101 vero
2502 4047 2763 4100 adversus
2796 4047 2883 4099 Dei
2911 4047 3136 4116 gloriam
3160 4063 3221 4100 os
3249 4047 3517 4114 aperiunt,

1960 4151 2010 4193 et
2049 4140 2388 4206 iniquitatem
2417 4137 2470 4190 in
2502 4137 2770 4192 excelsum
2797 4137 3066 4199 effutiunt,
3101 4151 3194 4204 per
3220 4137 3344 4204 quid
3375 4136 3518 4189 aliud

1961 4232 2060 4283 nisi
2082 4246 2176 4296 per
2195 4229 2388 4297 lingua:
2410 4231 2823 4282 instrumentum
2851 4227 3180 4295 impietatem
3198 4227 3520 4295 perﬁciunt?

1959 4321 2220 4384 Quoniam
2265 4321 2445 4388 igitur}
2476 4319 2559 4371 Ea:
2605 4319 2707 4370 tuis
2758 4318 2922 4369 verbis
2946 4316 3338 4386 justiﬁcaberis,
3370 4330 3416 4371 et
3456 4335 3520 4372 ea:

1962 4412 2129 4465 verbis
2162 4413 2264 4465 tuis
2306 4409 2732 4463 condemnaberis
2765 4406 2830 4472 ⁷⁸,
2866 4407 3088 4474 prohibe
3116 4407 3348 4473 linguam
3371 4414 3516 4460 tuam

1962 4519 1990 4558 a
2020 4505 2184 4568 malo,
2224 4518 2324 4557 nec
2364 4502 2648 4556 thesauros
2676 4499 2848 4568 lingua
2884 4497 3127 4552 mendaci
3171 4496 3375 4551 eﬂicias
3428 4502 3520 4550 Va.-

1962 4613 2077 4650 nos.
2120 4596 2450 4663 Insuperque
2509 4592 2729 4661 prohibe
2779 4590 2914 4643 labia
2969 4597 3078 4650 tua,
3133 4603 3199 4640 ne
3230 4587 3519 4655 loquantur

1959 4689 2136 4743 dolum
2173 4707 2186 4741 :
2233 4689 2331 4741 hoc
2377 4695 2478 4746 est,
2517 4696 2683 4737 totum
2736 4696 2991 4748 organum
3021 4679 3086 4731 ad
3113 4679 3374 4732 sermonis
3404 4694 3519 4730 mu-

1963 4792 2060 4830 nus
2093 4777 2184 4828 tibi
2218 4788 2535 4829 concessum
2592 4787 2619 4822 a
2672 4785 2834 4837 prava
2889 4769 3197 4835 operatione
3239 4782 3512 4821 coerceas.

1966 4869 2054 4920 Est
2085 4877 2262 4918 autem
2298 4864 2450 4916 dolus
2477 4861 2744 4914 occultum
2795 4859 3138 4924 maleﬁcium,
3186 4863 3284 4914 sub
3317 4858 3517 4914 oﬂicio-

1961 4973 2074 5009 rum
2113 4956 2290 5023 specie
2318 4957 2558 5022 proximo
2591 4953 2811 5006 illatum.

289 5047 413 5098 νίαν
447 5045 537 5098 τοῦ
574 5047 730 5114 λόγου
771 5065 850 5100 σοι
892 5047 1168 5116 δεδομένον
1206 5046 1481 5115 σχολάζειν
1511 5050 1616 5099 ἀπὸ
1644 5049 1736 5117 τῆς
1777 5051 2014 5119 πονηρᾶς
2069 5047 2345 5116 ἐνεργείας
2416 5046 2656 5116 ποίησον.
2693 5047 2843 5099 Ἔστι
2881 5047 2938 5099 δὲ
2975 5048 3002 5099 6
3031 5045 3178 5108 δόλος
3232 5043 3518 5098 κακοποιία

289 5137 525 5208 λαθραία
563 5140 620 5191 ἐν
652 5142 1005 5211 προσποιήσει
1051 5140 1156 5192 τῶν
1187 5140 1464 5209 βελτιόνων
1493 5141 1567 5210 τῷ
1603 5140 1824 5211 πλησίον
1860 5140 2296 5211 προσφερομένη.

368 5296 412 5326 ὀ
466 5293 616 5348 Rom.
672 5311 768 5359 vn,
798 5296 886 5350 24.
963 5298 1002 5327 ⁷¹
1037 5297 1051 5350 1
1089 5297 1214 5351 Cor.
1263 5315 1356 5360 vn,
1391 5297 1477 5350 51.
1554 5297 1596 5327 ⁷²
1642 5297 1800 5350 llcbr.
1849 5313 1900 5358 ι,
1946 5297 1994 5350 1.

881 5337 886 5349 .
963 5298 1002 5327 ⁷¹
1037 5297 1051 5350 l
1089 5297 1214 5351 Cor.
1263 5315 1356 5360 vu,
1391 5297 1477 5350 51.
1554 5297 1596 5327 ⁷²
1642 5297 1800 5350 llcbr.
1849 5313 1900 5358 ι,
1946 5297 1994 5350 1.
2073 5299 2117 5328 ⁷³
2143 5297 2299 5352 Joan.
2334 5312 2442 5358 xlv,
2476 5297 2563 5348 '25.

367 5429 442 5500 t9)
479 5429 652 5483 Editio
684 5430 858 5484 Paris.
905 5432 1094 5485 Ἰακώὸ
1125 5451 1204 5486 σε.
1240 5433 1307 5486 At
1336 5443 1441 5487 tres
1487 5449 1612 5486 mss.
1658 5432 1848 5486 Ἰακὼϐ

364 5568 476 5646 (_lO)_
507 5568 808 5646 lta_s_epte_m
837 5586 963 5646 mss.
1006 5572 1183 5646 _E_diti_
1197 5586 1324 5646 vero
1350 5574 1588 5646 τήρησον
1613 5575 1710 5646 τᾲς
1754 5577 1850 5645 τῆς

287 5638 438 5708 ζωῆς
463 5639 698 5702 ἐντολάς.
737 5641 926 5693 Statim
957 5642 1117 5694 editio
1154 5641 1314 5694 Basil.
1349 5638 1672 5697 et'iionnulli
1719 5638 1850 5698 mss.

288 5709 542 5776 γλῶσσαν
575 5726 729 5781 σου...
769 5709 914 5781 χείλη
953 5729 1064 5764 σου.
1097 5711 1295 5765 Vocula
1328 5731 1418 5765 σου
1450 5715 1600 5767 deest
1637 5716 1687 5768 in
1739 5719 1849 5769 edi-

291 5782 436 5834 tione
466 5780 634 5849 Paris.
669 5793 720 5832 et
750 5783 798 5832 iu
830 5780 948 5834 aliis
979 5783 1294 5849 quibusdam
1327 5799 1456 5835 mss.

365 5849 473 5918 (ll)
504 5848 691 5906 Nostra
739 5851 898 5906 editio
937 5848 1101 5907 Poris.
1142 5851 1686 5924 καθυποκλινομένην.
1721 5854 1841 5910 Elli-

2641 5296 2688 5325 7”
2719 5296 2906 5348 Matth.
2925 5310 3024 5356 XII,
3055 5294 3140 5347 57.

1960 5434 2028 5485 tiu
2055 5432 2217 5486 Basil.
2248 5432 2812 5503 καθυποκριναμένην.
2855 5432 2922 5483 At
2958 5447 3084 5484 mss.
3123 5429 3515 5500 καθυποκρινο.

1954 5504 2136 5573 μένην.

2023 5568 2131 5638 (1⁷2)
2158 5571 2331 5626 Editio
2363 5571 2527 5625 Basil.
2566 5581 2620 5625 et
2667 5583 2771 5625 tres
2815 5586 2941 5625 mss.
2970 5570 3077 5623 τών
3120 5570 3228 5622 ἀπὸ
3262 5568 3512 5637 γλώσσης

1951 5643 2322 5712 πταισμάτων.
2381 5643 2557 5695 Ειίιιιι)
2611 5643 2780 5696 Paris.
2809 5643 2912 5695 τῶν
2959 5642 3066 5712 ἀπὸ
3117 5640 3213 5710 τῆς
3263 5638 3508 5710 γλώσσης

1947 5730 2034 5766 πτ.
2211 5724 2441 5778 (μιῖὶιῚΙΟΓ
2465 5729 2594 5766 IIISS,
2623 5714 2728 5764 τῶν
2753 5716 2843 5768 ἀπ’
2873 5711 3042 5779 αὐτῆς
3068 5727 3156 5762 πτ.

2019 5782 2130 5848 (15)
2155 5781 2376 5834 Codices
2416 5784 2653 5850 quinun
2690 5801 2814 5840 mss.
2873 5783 3166 5852 ἐπιορκίαι.
3203 5780 3340 5834 Ειίῐιί
3386 5796 3517 5844 cup,“

1949 5852 2074 5925 Reg.
2111 5863 2297 5908 uual‘to
2326 5854 2594 5924 ἐπιορκία.
