4260 6484
770 437 876 490 375

767 646 917 712 quire
945 657 1148 705 pacem,
1196 653 1240 693 et
1287 656 1592 711 persequere
1620 655 1756 691 eam.
1805 638 2183 694 Eletltettlaria:
2209 647 2331 691 sunt

771 733 850 785 hae
884 730 1297 794 admonitiones,
1339 742 1388 786 et
1419 732 1483 784 ad
1525 729 1773 797 pietatem
1807 730 2184 782 intrndut-unt:
2212 729 2333 797 qui-

770 825 869 876 bus
899 826 1186 876 edocemur
1211 824 1446 895 linguam
1481 823 1768 892 diligenter
1794 824 2092 886 continere,
2124 835 2151 873 a
2183 821 2329 875 dolo-

769 914 844 965 sis
880 914 1088 968 insidiis
1118 916 1408 977 abstinere,
1443 928 1472 967 a
1521 914 1662 969 malo
1702 915 1990 970 declinare.
2029 912 2144 966 Non
2190 914 2332 967 enim

770 1001 1010 1068 perfecto
1045 1006 1297 1058 convenit
1332 1004 1656 1058 abstinentia
1715 1003 1841 1057 ntali
1877 1017 1891 1055 :
1943 1004 2035 1057 sed
2069 1017 2190 1055 eum
2242 1002 2332 1070 qui

773 1108 963 1148 recens
1011 1097 1288 1150 elementis
1338 1097 1661 1160 instituitur,
1695 1096 1759 1148 ab
1794 1095 1882 1148 illo
1916 1096 1966 1148 in
1997 1095 2194 1148 malum
2236 1097 2332 1148 im-

767 1196 894 1254 petu
929 1188 1138 1241 resilire
1164 1203 1340 1258 opera:
1375 1189 1601 1256 pretium
1627 1197 1727 1248 est,
1761 1196 1921 1256 atque
1948 1201 1976 1239 a
2008 1201 2185 1254 prava:
2214 1187 2333 1238 vitm

769 1275 1158 1330 consuetudine
1210 1280 1350 1330 velut
1397 1293 1424 1329 a
1476 1279 1556 1330 via
1611 1277 1745 1328 mala
1804 1277 2214 1341 discedentem,
2264 1279 2332 1329 ita

770 1366 986 1422 demum
1016 1369 1275 1423 honorum
1311 1384 1532 1435 operum
1564 1369 1888 1423 exercitium
1917 1370 2158 1438 aggredi.
2181 1369 2332 1422 Enim

773 1473 901 1512 vero
933 1461 1034 1512 nisi
1068 1462 1189 1529 quis
1230 1463 1376 1529 prius
1412 1463 1630 1516 omnino
1669 1463 1956 1516 desciverit
1994 1479 2058 1517 ac
2094 1462 2332 1515 declina-

774 1550 912 1602 verit
937 1566 964 1602 a
994 1552 1152 1615 malo,
1179 1553 1374 1606 bonmn
1412 1555 1626 1620 assequi
1657 1569 1760 1606 non
1790 1563 1964 1620 potest
1994 1572 2005 1606 :
2034 1551 2188 1606 sicuti
2221 1552 2332 1604 lieri

772 1656 877 1694 non
913 1652 1089 1708 potest
1143 1653 1201 1696 ut
1248 1647 1367 1713 quis
1411 1644 1698 1698 sanitatem
1748 1654 2063 1713 recuperet,
2108 1644 2208 1696 nisi
2246 1645 2337 1695 de-

771 1735 957 1801 pulsus
999 1736 1216 1790 morbus
1251 1741 1320 1791 sit
1351 1754 1364 1789 :
1427 1738 1510 1792 vel
1549 1747 1606 1792 ut
1644 1741 1763 1807 quis
1793 1740 2025 1800 caleliat,
2059 1737 2158 1789 nisi
2181 1735 2360 1804 plane,

771 1827 1014 1879 sedatum
1062 1829 1133 1881 sit
1188 1830 1388 1898 frigus;
1434 1845 1606 1900 neque
1658 1833 1799 1883 cuitu
1837 1833 1947 1883 haec
1980 1829 2136 1882 simul
2167 1829 2337 1883 consi-

772 1929 919 1972 stere
949 1930 1192 1986 possunt.
1235 1920 1497 1975 Similiter
1528 1933 1579 1975 et
1611 1922 1700 1991 qui
1743 1923 1936 1974 bonam
1965 1924 2126 1974 vitam
2180 1935 2337 1991 agere

773 2009 941 2075 cupit,
972 2026 1092 2063 etnn
1125 2027 1222 2077 par
1267 2022 1347 2065 est
1397 2015 1465 2066 ab
1504 2015 1652 2066 omni
1690 2016 1826 2067 malo
1861 2015 2136 2068 consortio
2191 2028 2336 2066 rece-

771 2099 922 2154 dere.
956 2099 1168 2168 lnqnire
1186 2119 1387 2170 pacem,
1410 2113 1457 2156 et
1489 2121 1790 2173 persequere
1820 2121 1954 2157 eam.
2007 2103 2080 2157 De
2125 2105 2224 2156 hac
2251 2101 2334 2152 di-

772 2190 852 2244 xit
903 2190 1156 2247 Dominus
1191 2211 1202 2245 :
1256 2192 1447 2247 Pacem
1486 2195 1722 2262 relinquo
1764 2195 1926 2258 vobis,
1956 2211 2134 2261 pacein
2170 2207 2335 2245 meam

774 2285 842 2334 do
875 2285 1054 2344 vobis;
1098 2301 1198 2335 non
1228 2285 1490 2352 quomodo
1519 2286 1742 2334 mundus
1774 2286 1862 2334 dat
1885 2299 2086 2350 pacem,
2123 2297 2214 2350 ego
2269 2282 2335 2334 do

774 2372 916 2424 vobis
942 2373 1008 2424 ⁷⁸.
1047 2375 1258 2440 Ιιηιιὶιυ
1284 2375 1443 2441 igitur
1470 2389 1653 2442 pacem
1692 2374 1992 2438 Domini,et
2019 2389 2340 2443 persequere

774 2479 913 2516 eam.
953 2465 1301 2534 l’erseqneris
1331 2477 1514 2520 autem
1545 2482 1649 2521 non
1683 2469 1859 2532 aliter,
1904 2484 2066 2538 quam
2114 2483 2338 2524 currens

774 2562 1071 2615 secundum
1134 2576 1355 2628 scopum
1402 2561 1469 2616 ad
1519 2563 1762 2617 bravium
1807 2578 2050 2630 supernae
2100 2561 2338 2617 vocatio-

776 2657 862 2711 nis
885 2657 952 2710 ⁷⁸.
1004 2656 1111 2712 Pax
1141 2658 1284 2712 enim
1327 2673 1452 2712 vera
1483 2659 1535 2712 in
1582 2660 1830 2728 supernis
1860 2659 2093 2712 exsistit.
2127 2657 2336 2712 Etenim

775 2749 1010 2816 quandiu
1051 2749 1116 2800 ad
1164 2763 1382 2802 carnem
1437 2748 1648 2802 astricti
1686 2763 1889 2810 sumus,
1930 2750 2131 2809 multis,
2168 2749 2341 2815 iisque

776 2841 1236 2905 perturbationem
1275 2840 1428 2894 nobis
1455 2842 1785 2904 creantibus,
1821 2855 2008 2893 sumus
2038 2839 2336 2906 conjuncti.

774 2926 990 2998 Inquiri-
1019 2932 1181 3000 igitur
1207 2946 1415 3001 pacem,
1441 2932 1766 2988 solutionem
1813 2932 2064 2986 videlicet
2095 2945 2124 2983 a
2157 2927 2337 2982 mundi

776 3025 1140 3080 tumultibus:
1185 3042 1435 3094 compara
1486 3038 1720 3082 mentem
1767 3028 2027 3096 quietam,
2072 3024 2338 3095 tranquil-

774 3114 882 3170 lum
915 3119 1196 3184 quemdam
1227 3125 1282 3172 et
1313 3118 1762 3186 imperturbatum
1803 3117 1969 3171 animi
1995 3127 2216 3180 statum,
2247 3116 2336 3184 qui

777 3221 953 3276 neque
980 3208 1366 3278 cupiditatibus
1396 3210 1659 3280 agitetur,
1694 3225 1868 3280 neque
1897 3210 2005 3264 huc
2027 3209 2152 3263 illuc
2180 3223 2209 3263 a
2237 3208 2330 3262 fal-

777 3300 854 3353 sis
880 3300 1222 3370 dogmatibus
1247 3317 1343 3371 per
1373 3303 1897 3358 verisimilitudinem
1951 3304 2016 3357 ad
2056 3317 2335 3356 assensum

778 3389 1133 3448 invitantibus
1189 3395 1452 3460 trahatur,
1492 3395 1583 3448 Dei
1629 3407 1685 3448 ut
1732 3411 1916 3465 pacem
1960 3407 2295 3461 consequare
2323 3431 2336 3454 ,

775 3498 896 3552 qua:
928 3499 1144 3539 amnem
1177 3499 1466 3556 exsuperat
1497 3490 1830 3544 intellectum
1861 3487 1928 3550 ",
1961 3496 2218 3552 tuumque
2247 3497 2340 3536 cor

775 3573 1025 3627 custodit.
1073 3572 1172 3640 Qui
1226 3577 1420 3644 quaerit
1464 3592 1674 3646 pacem,
1737 3576 2009 3631 Christum
2064 3572 2335 3643 inquirit:

774 3667 900 3736 quia
931 3667 1044 3736 ipse
1072 3677 1155 3722 est
1175 3683 1278 3736 pax
1311 3679 1494 3723 nostra
1532 3684 1547 3722 :
1578 3671 1667 3740 qui
1700 3668 1834 3724 duos
1867 3669 1918 3720 in
1949 3681 2114 3720 unum
2146 3679 2338 3718 novum

777 3757 1047 3812 hominem
1078 3759 1337 3825 condidit,
1375 3759 1575 3815 faciens
1600 3774 1786 3829 pacem
1814 3758 1882 3822 ⁷⁸,
1913 3767 2077 3826 atque
2099 3770 2194 3825 per
2214 3768 2341 3809 san-

777 3849 991 3916 guinem
1022 3851 1198 3904 crucis
1232 3865 1363 3916 suae,
1389 3851 1504 3905 sive
1528 3867 1646 3920 quae
1683 3852 1735 3905 in
1767 3851 1942 3915 emlis,
1987 3849 2100 3902 sive
2129 3860 2247 3915 qua:
2291 3845 2340 3898 in

782 3945 921 3991 terra
951 3949 1096 4002 sunt,
1132 3940 1426 4008 paciﬁcans
1448 3941 1516 3993 ".

855 4028 911 4083 Η
926 4029 1107 4102 ,154
1123 4030 1283 4086 Vens.
1298 4031 1542 4087 16.0cuii
1558 4032 1767 4087 Domini
1780 4029 2342 4101 superjustos,eraurer

779 4121 893 4190 ejus
923 4124 977 4175 in
1009 4140 1183 4190 preces
1215 4140 1417 4178 eorum.
1451 4125 1912 4192 Quemadmodum
1936 4123 2110 4175 sancti
2151 4134 2343 4188 corpus

780 4224 903 4266 sunt
926 4215 1150 4277 Christi,
1174 4226 1224 4270 et
1261 4218 1501 4271 membra
1535 4233 1601 4272 ex
1632 4227 1814 4287 parte;
1841 4225 1896 4268 et
1931 4214 2105 4283 posuit
2133 4211 2273 4266 Deus
2295 4211 2343 4262 in

779 4303 1021 4359 Ecclesia
1047 4308 1311 4374 quosdam
1346 4309 1564 4378 quidem
1592 4319 1650 4361 ut
1674 4307 1884 4369 oculos,
1923 4305 2184 4374 quosdam
2219 4317 2346 4356 vero

780 4405 838 4448 ut
871 4396 1105 4466 linguas,
1148 4398 1284 4452 alios
1307 4401 1398 4468 qui
1427 4415 1704 4463 manuum,
1743 4400 1880 4453 alios
1911 4398 1999 4464 qui
2041 4397 2235 4466 pedum
2267 4396 2346 4446 vi-

778 4502 894 4539 cem
935 4488 1280 4542 obtineant“
1317 4509 1329 4544 :
1362 4491 1440 4544 sic
1476 4492 1639 4544 etiam
1669 4501 1869 4553 sancta:
1916 4490 2142 4540 virtutes
2191 4486 2347 4553 spiri-

779 4579 977 4648 tuales,
1007 4582 1136 4634 etin
1168 4583 1374 4637 cmlesti
1412 4583 1529 4638 loco
1556 4584 1912 4645 diversantcs,
1940 4581 2056 4633 alia:
2098 4579 2348 4631 dicuntur

859 4740 1090 4817 "__J_oau.
1119 4759 1227 4810 xtv,
1256 4745 1343 4799 2'].
1421 4748 1466 4778 ⁷⁸
1499 4747 1728 4817 Philipp.
1760 4762 1841 4811 tu,
1878 4744 1964 4798 Η.
2026 4743 2069 4773 ⁷⁷
2105 4739 2330 4806 Philipp.
2368 4750 2440 4798 tv,
2473 4731 2522 4782 7.
2602 4727 2646 4757 ⁷⁸
2676 4725 2869 4792 Ephes.
2897 4737 2956 4785 tt,
3006 4719 3094 4776 14.

780 4827 879 4875 xtt,
912 4811 1003 4876 27,
1027 4811 1114 4867 28.

995 4943 1071 5026 _|ta
1103 4961 1196 4999 sex
1231 4963 1359 5000 mss.
1396 4951 1463 5026 At
1486 4949 1616 5026 editi
1643 4947 1830 5026 τελείῳ
1865 4946 2236 5026 προσήκουσα.

797 5013 1066 5136 l.(l_'5).:.ta
1101 5031 1194 5068 Sex
1248 5033 1376 5071 mss.
1420 5021 1488 5072 At
1536 5021 1665 5074 editi
1699 5013 1995 5081 παντελῶς,
2025 5013 2184 5070 Sensu
2241 5027 2346 5066 non

820 5099 984 5136 isstnu
1013 5101 1046 5136 I.

779 5099 1046 5138 (IISSIHIIII.

852 5153 964 5226 (i6)
1021 5156 1112 5208 Sic
1146 5170 1274 5211 mss.
1320 5167 1548 5226 septem.
1588 5160 1727 5212 Etiiti
1753 5160 1846 5211 ἐπὶ
1878 5157 1960 5209 τό.
1997 5155 2116 5208 Mox
2147 5153 2275 5208 editi
2312 5156 2344 5223 ἡ

780 5223 1028 5298 ἀληθινῇ.
1069 5226 1132 5298 At
1158 5239 1249 5278 sex
1275 5223 1419 5298 mss.
1455 5229 1486 5296 ἡ
1512 5229 1736 5298 ἀληθής.

853 5263 960 5363 (³17)
985 5263 1130 5363 itegii
1165 5263 1420 5350 tertitt'saei
1443 5263 1808 5364 ιιῒιῖζῖἰὶῖέῗέιηι
1835 5297 1984 5352 Colb.
2009 5295 2234 5360 septimo
2260 5311 2350 5346 σα-

781 5361 1173 5438 λευομ“ένης...;
1206 5361 1650 5438 περιελκομένης.
1703 5371 1770 5421 At
1818 5368 1990 5438 llegiir
2023 5367 2236 5438 quintus
2296 5374 2350 5418 et

785 5444 966 5487 sextus
993 5453 1110 5487 cum
1137 5435 1290 5489 Colb.
1324 5435 1475 5492 sexto
1492 5435 1680 5491 etcum
1717 5441 1874 5492 editis
1901 5435 2343 5503 σαλευομένην...

784 5505 1234 5575 περιελκομένην,
1267 5523 1367 5561 non
1397 5511 1608 5562 diversa
1639 5511 1931 5562 sententia.
1971 5475 2169 5561 lbideiit
2215 5475 2345 5575 [λεδ.

787 5575 974 5646 tertius
1008 5575 1523 5646 προσκαλουμένων.

855 5644 964 5718 (18)
998 5644 1086 5699 Sic
1115 5657 1236 5699 octo
1287 5644 1414 5701 niss.
1461 5651 1525 5702 At
1562 5647 1688 5700 editi
1722 5648 1910 5718 εἰρήνη
1936 5647 2113 5717 ἡμῶν.
2149 5646 2345 5718 Verisi-

787 5715 914 5767 mile
952 5718 1103 5770 uohis
1135 5718 1211 5778 iit,
1249 5720 1386 5783 quod
1416 5735 1512 5772 usu
1543 5719 1723 5772 venire
1761 5715 1916 5779 Solet,
1959 5715 2157 5772 vocem
2189 5717 2343 5786 ήμῶν

789 5800 852 5840 ex
884 5787 1094 5848 vulgato
1127 5787 1415 5852 Scriptura:
1456 5799 1598 5842 textu
1632 5789 1865 5840 additam
1899 5805 2036 5842 esse.

871 5855 980 5926 (l9)
1019 5858 1156 5912 Editi
1190 5857 1403 5929 ἐτέρους
1434 5859 1506 5916 δέ.
1544 5860 1744 5915 Vocula
1764 5859 1814 5910 δέ
1851 5859 1999 5914 deest
2036 5861 2085 5914 in
2141 5867 2339 5928 septem

2108 439 2164 490 S.
2208 437 2448 490 BASELll
2487 436 2694 490 MAG-Nl

844 554 926 607 10.
968 554 1122 604 Vsus.
1159 551 1242 604 l5.
1275 550 1489 604 Declina
1519 570 1548 603 a
1580 552 1737 610 mulo,
1775 563 1818 603 et
1857 547 1940 616 [ac
1973 550 2164 599 bonum
2199 565 2215 600 :
2247 551 2328 601 in-
2361 553 2404 609 Α

3888 434 3951 486 3.7
3960 434 3989 483 6

2505 550 2588 601 10.
2631 550 2954 601 Ἐκκλινον
2985 549 3101 600 ἀπὸ
3148 547 3368 608 κακοῦ,
3407 548 3500 598 καὶ
3560 551 3819 615 ποίησον
3852 549 3991 617 ἀγαν-

2433 639 2572 692 θόν’
2611 639 2865 707 ζήτησον
2907 637 3171 704 εἰρήνην,
3207 641 3301 692 καὶ
3342 638 3553 702 δίωξον
3593 641 3806 706 αὑτήν.
3845 643 3990 694 Στοι-

2433 730 2672 800 χειὼδεις
2698 735 2749 786 αἰ
2775 731 3141 801 παραινέσεις,
3166 734 3256 784 καὶ
3282 731 3566 802 εἰσαγωγοὶ
3594 732 3672 792 εἰς
3695 734 3986 788 εὐσέϐειαν·

2433 823 2753 894 ἀκριϐοῦσαι
2793 821 3037 891 γλώσσης
3067 825 3304 893 κρατεῖν,
3335 824 3560 896 δολερῶν
3597 821 3990 893 ἐπιϐουλευμά-

2435 932 2538 967 των
2573 914 2888 986 ἀπέχεσθαι,
2925 914 3187 966 ἐκκλίνειν
3213 915 3318 966 ἀπὸ
3348 918 3533 969 κακοῦ.
3573 916 3647 968 Οὐ
3677 913 3785 983 γὰρ
3809 914 3991 985 τελείῳ

2438 1005 2717 1075 πρέπουσα
2736 1006 2842 1077 (l-l)
2883 1007 2913 1062 ἡ
2942 1005 3116 1074 ἀποχὴ
3136 1005 3225 1056 τοῦ
3259 1005 3598 1070 κακοῦ,ἀλλὰ
3621 1005 3695 1076 τῷ
3712 1005 3832 1076 ἄρτι
3859 1019 3992 1054 ατο.-

2436 1099 2730 1167 χειουμένῳ
2761 1098 3008 1150 ἐκνεῦσαι
3040 1097 3300 1168 προσήκει
3329 1097 3434 1147 ἀπὸ
3471 1099 3568 1166 τῆς
3604 1100 3697 1150 ἐπὶ
3729 1098 3788 1150 τὸ
3827 1093 3990 1148 κακὸν

2437 1187 2625 1255 φορᾶς,
2669 1187 2756 1238 καὶ
2787 1187 2945 1236 οἱονεὶ
2977 1185 3096 1238 ὁδοῦ
3133 1185 3303 1254 κακῆς
3332 1185 3426 1254 τῆς
3461 1187 3516 1236 ὲν
3541 1187 3617 1255 τῷ
3650 1187 3866 1258 πονηρῷ
3897 1184 3991 1254 βίῳ

2437 1277 2716 1346 συνηθείας
2744 1277 3136 1344 ἀπαλλαγέντα,
3162 1279 3328 1340 οὕτως
3347 1277 3578 1344 ἅψασθαι
3611 1279 3707 1347 τῆς
3733 1280 3839 1332 τῶν
3869 1279 3994 1344 ἀγα-

2437 1370 2542 1422 θῶν
2589 1371 2884 1440 ἐνεργείας.
2940 1371 3244 1440 Ἀμήχανον
3304 1371 3410 1441 γὰρ
3449 1368 3687 1437 ἅψασθαι
3727 1372 3819 1424 τοῦ
3857 1374 3988 1439 ἀγα-

2436 1461 2526 1513 θοῦ
2554 1463 2625 1531 μὴ
2648 1463 2952 1516 ἀποστάντα
2980 1464 3236 1534 πρότερον
3265 1462 3533 1524 παντελῶς
3554 1463 3644 1514 καὶ
3668 1465 3822 1515 ἐκνεύ
3834 1480 3992 1516 σαντα

2434 1553 2526 1604 τοῦ
2572 1553 2740 1605 κακοῦ
2768 1570 2780 1582 ·
2827 1555 2900 1616 ὡς
2935 1554 3207 1622 ἀμήχανον
3241 1556 3423 1620 ὑγείαν
3465 1551 3750 1605 ἀναλαϐεῖν
3786 1554 3858 1622 μὴ
3902 1553 3994 1620 τῆς

2437 1645 2589 1698 νόσου
2621 1646 2997 1712 ἀπαλλαγέντα
3023 1661 3038 1676 ·
3066 1645 3095 1713 ἧ
3125 1647 3180 1696 ἐν
3207 1645 3495 1717 θερμότητι
3524 1641 3771 1713 γενέσθαι
3802 1643 3888 1693 τὸν
3925 1642 3994 1709 μὴ

2438 1738 2688 1808 καθαρῶς
2727 1739 2833 1804 (15)
2886 1737 3228 1804 πεπαυμένον
3261 1740 3355 1806 τῆς
3385 1735 3728 1807 καταψύξεως
3753 1751 3764 1762 ·
3814 1734 3995 1785 ανεπί-

2439 1826 2596 1877 δεκτα
2621 1825 2726 1892 γὰρ
2757 1824 2925 1876 ταῦτα
2968 1824 3232 1899 ἀλλήλοις.
3280 1827 3432 1879 Οῦτω
3481 1831 3570 1880 καὶ
3612 1827 3702 1878 τὸν
3739 1823 3997 1894 μέλλοντα

2373 1900 2410 1953 Β
2441 1920 2496 1968 ὲν
2535 1915 2723 1986 ἀγαθῷ
2773 1915 2867 1986 βίῳ
2900 1916 3149 1986 γενέσθαι
3186 1919 3362 1989 πάσης
3401 1922 3661 1990 προσήκει
3689 1918 3786 1989 τῆς
3817 1917 3909 1969 ἐπὶ
3939 1915 3997 1968 τὸ

2439 2008 2604 2060 κακὸν
2641 2010 2930 2077 συναφείας
2973 2011 3364 2078 ἀπαλλαγῆναι.
3422 2011 3697 2078 Ζήτησον
3732 2009 3996 2078 εἰρήνην,

2438 2101 2536 2152 καὶ
2579 2100 2794 2164 δι’ωξον
2821 2101 3012 2164 αὑτήν
3065 2103 3198 2170 Περὶ
3230 2101 3430 2168 ταύτης
3464 2103 3680 2170 εἴρηκεν
3718 2106 3746 2155 ὁ
3777 2103 3994 2172 Κύριος·

2439 2192 2699 2260 Εἰρήνην
2734 2192 2940 2261 ἀφίημι
2985 2193 3142 2260 ὑμῖν,
3189 2192 3435 2259 εἰρήνην
3476 2191 3588 2258 τὴν
3617 2192 3770 2260 ἐμὴν
3799 2193 3999 2260 δίδωμι

2440 2284 2577 2350 ὑμῖν
2600 2297 2612 2308 ·
2647 2285 2716 2335 οὺ
2745 2281 2936 2347 καθὼς
2973 2286 3004 2335 ὀ
3041 2285 3265 2352 κόσμος
3305 2284 3549 2338 δίδωσιν
3574 2284 3840 2352 εἰρήνην,
3891 2284 4000 2351 ἐγὼ

2439 2375 2641 2444 δίδωμι
2677 2375 2856 2444 ὑμῖι·.-
2884 2378 3119 2446 Ζήτησον
3154 2373 3245 2430 οῦν
3286 2377 3380 2448 τὴν
3408 2376 3498 2431 τοῦ
3530 2378 3733 2449 Κυρίου
3760 2378 3998 2446 εἰρήνην,

2439 2468 2532 2522 καὶ
2563 2466 2747 2530 δίωξον
2775 2469 2960 2537 αὑτήν.
2997 2468 3211 2534 Διώξεις
3241 2471 3296 2522 δὲ
3327 2471 3423 2522 ούκ
3450 2470 3620 2533 ἄλλως
3649 2470 3680 2540 ἦ
3711 2470 3851 2522 κατὰ
3884 2486 4004 2521 σκο-

2440 2559 2537 2611 πδν
2583 2558 2788 2627 τρέχων
2832 2559 2908 2619 εἰς
2939 2558 2998 2608 τὸ
3029 2560 3137 2628 (16)
3173 2558 3420 2628 βραϐεῖον
3457 2561 3553 2628 τῆς
3595 2561 3705 2612 ἄνω
3738 2559 3999 2628 κλήσεως.

2443 2654 2587 2704 Ἀνω
2616 2651 2722 2721 γάρ
2751 2653 2894 2703 ἐστιν
2918 2653 2949 2720 ἡ
2983 2651 3168 2720 εἰρήνη
3198 2652 3228 2720 ή
3257 2651 3480 2720 ἀληθής.
3518 2652 3668 2703 Ἐπεὶ
3699 2654 3821 2703 ὅσον
3853 2669 3914 2719 γε
3939 2656 4000 2720 τῇ

2442 2745 2603 2816 σαρκὶ
2635 2743 2985 2815 συνδεδέμεθα
3012 2742 3219 2813 χρόνον,
3248 2742 3460 2804 πολλοῖς
3487 2744 3576 2795 καὶ
3602 2746 3713 2805 τοῖς
3745 2745 4004 2815 ἐκταράσ-

2443 2852 2622 2887 σουσιν
2659 2836 2808 2903 ἡμᾶς
2858 2831 3276 2902 συνεζεύγμεθα.
3337 2833 3575 2903 Ζήτησον
3623 2828 3716 2886 οὖν
3759 2834 4001 2903 εἰρήνην,

2439 2925 2588 2976 λύσιν
2612 2925 2718 2975 τῶν
2750 2923 2841 2975 τοῦ
2871 2925 3072 2993 κόσμου
3103 2923 3294 2976 τούτου
3337 2921 3580 2994 Θορύϐων
3605 2943 3616 2954 ·
3667 2923 3866 2994 κτῆσαι
3907 2941 3998 2992 γασ

2439 3016 2700 3085 ληνιῶντα
2740 3015 2883 3080 νοῦν,
2933 3017 3181 3086 ἀκύμονά
3224 3035 3345 3069 τινα
3393 3017 3486 3069 καὶ
3529 3017 3799 3087 ἀτάραχον
3839 3017 4004 3069 κατά-

2441 3124 2626 3159 στασιν
2653 3106 2753 3176 τῆς
2774 3107 2969 3176 ψυχῆς,
3001 3109 3136 3176 μήτε
3161 3107 3264 3157 ὑπὸ
3288 3106 3470 3159 παθῶν
3493 3108 3855 3176 σαλευομένην
3875 3107 4003 3176 (17),

2446 3204 2578 3271 μήτε
2622 3198 2725 3252 ὑπὸ
2775 3197 2882 3250 τῶν
2920 3196 3129 3266 ψευδῶν
3179 3197 3461 3265 δογμάτων
3507 3197 3594 3249 διὰ
3657 3196 4005 3263 πιθανότητος

2445 3291 2894 3364 προκαλουμένων
2925 3290 3002 3350 εἰς
3029 3285 3421 3355 συγκατάθεσιν
3445 3287 3892 3357 περιελκομένην,
3925 3287 4004 3338 ἵνα

2442 3389 2615 3457 κτήσῃ
2647 3385 2744 3455 τὴν
2769 3384 2986 3453 εἰρήνην
3017 3381 3108 3434 τοῦ
3139 3379 3270 3432 Θεοῦ
3303 3379 3399 3450 τὴν
3433 3379 3802 3449 ὑπερέχουσαν
3832 3380 4007 3432 πάντα

2441 3476 2582 3538 νοῦν,
2614 3474 2950 3544 φρουροῦσαν
2983 3473 3076 3542 τὴν
3118 3471 3340 3541 καρδίαν
3364 3488 3476 3524 σου.
3507 3473 3564 3526 ὐ
3593 3471 3769 3542 ζητῶν
3793 3473 4007 3542 εἰρήνην

2441 3565 2674 3636 Χριςτὸν
2699 3565 2935 3635 ἐκζητεῖ,
2987 3565 3067 3616 ὅτι
3121 3563 3280 3626 αὑτός
3325 3564 3469 3616 ἐστιν
3499 3566 3532 3635 ὴ
3563 3565 3752 3636 εἰρήνη
3783 3562 3915 3633 (18),
3953 3560 4007 3623 ὃς

2441 3659 2617 3712 ἔκτισε
2651 3659 2776 3719 τοὺς
2802 3657 2893 3708 δύο
2923 3657 3001 3718 εἰς
3031 3655 3126 3706 ἕνα
3143 3654 3323 3706 καινὸν
3345 3653 3645 3724 ἄνθρωπον,
3665 3653 3830 3705 ποιῶν
3864 3651 4009 3721 εἰρή-

2442 3767 2558 3820 νην,
2588 3748 2679 3801 καὶ
2713 3747 3125 3818 εἰρηνοποιήσας
3147 3744 3232 3797 διὰ
3262 3746 3354 3798 τοῦ
3396 3747 3624 3816 αἵματος
3643 3743 3735 3795 τοῦ
3773 3739 4005 3812 σταυροῦ

2443 3839 2629 3905 αὑτοῦ,
2664 3838 2772 3890 εἴτε
2803 3837 2872 3890 τά
2908 3839 2963 3889 ὲν
2988 3837 3100 3897 τοῖς
3123 3835 3369 3905 οὐρανοῖς
3395 3836 3502 3887 εἴτε
3528 3837 3594 3887 τὰ
3625 3835 3715 3887 ἐπὶ
3753 3834 3852 3903 τῆς
3885 3835 4003 3905 τῆς·

2517 4019 2600 4072 ll.
2650 4019 2957 4085 Ὀρθαλμοὶ
2999 4019 3221 4084 Κυρίου
3271 4015 3367 4068 ἐπὶ
3423 4013 3674 4079 δικαίοις
3699 4054 3714 4077 ,
3752 4015 3848 4068 καὶ
3890 4009 4004 4068 ὦτα

2443 4111 2626 4165 αὑτοῦ
2667 4113 2752 4174 εἰς
2800 4109 3011 4174 δέησιν
3064 4107 3279 4162 αὐτῶν.
3324 4108 3533 4179 Ὠσπερ
3574 4108 3622 4159 οἰ
3675 4107 3818 4175 ἅγιοι
3854 4106 4005 4174 σῶμα

2445 4207 2548 4257 εἰσι
2582 4202 2814 4272 Χριστοῦ
2851 4202 2943 4254 καί
2979 4201 3112 4272 μέλη
3151 4203 3214 4253 ἐκ
3260 4201 3479 4270 μέρους·
3534 4201 3626 4254 καὶ
3651 4199 3801 4252 ἔθετο
3829 4201 3855 4250 ὁ
3880 4197 4004 4259 Θεὸς

2447 4297 2502 4348 ὲν
2533 4296 2598 4363 τῇ
2635 4291 2928 4363 Ἐκκλησία
2966 4292 3090 4354 τοὺς
3124 4292 3221 4362 μὲν
3243 4291 3569 4361 ὀφθαλμοὺς,
3601 4293 3724 4353 τοὺς
3758 4290 3812 4342 δὲ
3835 4287 4004 4358 γλωσ-

2450 4406 2566 4450 σας,
2615 4385 2828 4456 ἑτέρους
2861 4384 2964 4453 (19)
3005 4384 3236 4454 τδνίτῶν
3275 4383 3502 4452 χειρῶν,
3559 4382 3649 4434 καὶ
3689 4382 3878 4443 ἄλλους
3917 4379 4004 4431 τὸν

2447 4482 2554 4534 τῶν
2585 4478 2756 4531 ποδῶν
2786 4476 3077 4546 ἐπέχοντας
3124 4476 3280 4542 λόγον
3301 4489 3314 4501 ·
3347 4473 3487 4525 οὕτω
3521 4473 3613 4524 καὶ
3638 4473 3693 4524 αἰ
3730 4473 3878 4539 amt
3917 4471 4002 4522 δυο

2451 4572 2641 4641 νάμεις
2673 4571 2725 4621 αἱ
2761 4565 3124 4636 πνευματικαὶ
3161 4566 3253 4616 καὶ
3296 4565 3421 4635 περ)⁸
3457 4563 3546 4615 τὸν
3584 4563 3831 4632 οὐράνιον
3857 4558 4003 4614 οῦσαι

3196 4720 3242 4753 τ’
3274 4719 3483 4774 Coloss.
3522 4732 3560 4772 t.
3597 4715 3685 4769 20.
3764 4715 3810 4748 ⁸ο
3835 4713 3853 4768 Ι
3878 4715 4000 4771 Cor.

2380 4919 2420 4973 ί)
2457 4949 2584 4986 usss.
2622 4931 2836 4984 Statim.
2868 4929 2952 4981 ubi
2987 4926 3114 4980 editi
3147 4925 3364 4978 eonl'nsc
3394 4922 3695 4993 ἐπισκοπὴν
3720 4921 3877 4992 ἡμῶν
3907 4939 4005 4977 πα·

2457 5001 2772 5073 ραδέχεσθαι
2806 4998 2837 5068 ἢ
2871 4997 3243 5073 πιστευθῆναι,
3267 5006 3541 5073 octoniss.
3576 4995 3762 5073 nudius
3784 5003 3838 5046 et
3881 4993 4005 5073 sim-

2455 5062 2642 5142 illimus
2689 5062 2906 5142 habent
2938 5062 3236 5135 ἐπισκοπὴν
3274 5063 3435 5142 μὴμῷν
3475 5062 3851 5142 πιστευθῆναι..
3882 5063 4006 5142 Quae

2457 5133 2636 5194 autem
2685 5139 2804 5206 ejus
2838 5139 2908 5190 rei
2957 5153 3118 5191 causa
3150 5133 3437 5206 exstiterit,
3468 5133 3690 5206 quilibet
3717 5134 3874 5206 paulo
3913 5135 4007 5206 hu—

2457 5214 2663 5264 n:anior
2696 5202 2849 5263 facile
2885 5208 3043 5261 videt.
3071 5206 3342 5260 Librarius
3375 5205 3551 5272 igitur,
3583 5203 3694 5255 sive
3721 5204 3860 5271 quod
3896 5202 4005 5268 ejus

2455 5297 2610 5346 quem
2664 5279 3001 5333 describebat
3054 5275 3170 5330 libri
3216 5276 3532 5346 scripturam
3581 5274 3714 5326 satis
3770 5281 3918 5346 certo
3947 5285 4007 5323 ac

2457 5343 2654 5420 liquido
2685 5349 2989 5420 perspicere
3025 5362 3126 5420 non
3176 5353 3372 5420 posset,
3403 5343 4006 5420 dubitaretquebochan

2458 5409 2546 5475 illi)
2583 5409 2738 5472 modo
2778 5409 3032 5486 scriptum
3075 5409 3231 5478 foret,
3265 5415 3378 5486 sive
3431 5415 3570 5480 quod
3602 5413 3744 5464 aliud
3798 5413 3849 5463 in
3892 5409 4008 5463 aliis

2458 5490 2859 5557 exemplaribus
2890 5484 3172 5557 scriptum
3212 5484 3538 5557 reperissct,
3577 5490 3862 5557 utrumque
3912 5495 4005 5557 po-

2458 5564 2584 5622 suit,
2619 5551 2673 5610 et
2706 5557 2963 5610 lectorum
2990 5551 3190 5623 judicio
3214 5554 3486 5621 permisit,
3524 5563 3698 5623 utrum
3729 5551 3908 5604 verius
3933 5551 4007 5600 vi-

2458 5627 2766 5683 deretur.ltl
2801 5627 2911 5680 ﬁeri
2937 5622 3147 5677 solitum
3172 5623 3374 5691 jamdiu
3411 5622 3590 5691 docuit
3616 5635 3799 5672 earum
3836 5633 4007 5691 rerum

2455 5702 2687 5768 optimus
2719 5698 2876 5766 jttdex
2940 5686 3188 5770 llltrretus'
3238 5688 3594 5770 lib._x_v.rVa.r.
3626 5691 3772 5755 lec¢.,
3819 5706 3867 5743 c.
3922 5686 4006 5754 16,

2455 5761 2604 5836 cujus
2643 5761 2801 5823 verba
2844 5767 3150 5821 exscribere
3180 5782 3282 5818 non
3308 5761 3688 5816 dubitavimus.
