4260 6524
303 475 409 531 377
1418 473 1700 529 HOMlLlA
1741 471 1809 526 IN
1845 469 2181 528 PSALMUM
2217 467 2457 522 XXXIII.
3420 467 3523 524 578

300 592 482 650 τόπον,
507 592 560 640 at
592 588 688 658 μὲν
718 587 982 658 ὀφθαλμοὶ
1015 587 1286 655 λέγονται,
1325 587 1402 658 τῷ
1432 586 1527 658 τὴν
1561 586 1860 656 ἐπισκοπὴν
1889 592 1928 647 Α
1962 600 1982 637 c

1843 604 1860 637 ν
1889 592 1928 647 Α
1962 584 2124 649 oculi,
2151 585 2291 653 quod
2340 582 2707 639 concreditum
2750 581 2828 636 eis
2867 581 2937 637 sil
2971 597 3167 636 munus
3217 596 3314 636 nos
3359 583 3525 650 inspi-

301 679 455 750 ⁴ἡμῶν
478 675 844 747 πιστευθῆναι,
872 679 925 730 αἱ
953 679 1008 730 δὲ
1027 672 1160 740 ὦτα,
1185 677 1259 746 τῷ
1290 675 1682 747 παραδέχεσθαι
1705 676 1857 745 μῶν
1958 691 1983 728 c

1833 694 1857 726 ν
1958 677 2158 740 ciendi,
2189 675 2308 729 alia:
2338 689 2517 738 aures,
2549 674 2692 744 quod
2724 684 2940 728 nostras
2997 689 3184 743 preces
3224 675 3515 744 excipiant.

298 771 397 832 τάς
425 769 653 840 δεήσεις.
689 769 800 822 Νῦν
839 765 930 822 οῦν
973 769 1070 839 ’τὴν
1103 768 1399 838 ἐποπτικὴν
1429 766 1584 838 ἡμῶν
1611 766 1855 835 δύναμιν,
1957 764 1980 818 I‘

1840 806 1855 829 ,
1957 764 2111 818 Nunc
2135 765 2298 835 igitur
2322 764 2617 834 potentiam
2649 779 2767 831 qua:
2807 778 2904 817 nos
2959 764 3193 832 inspicit,
3249 774 3302 819 et
3337 777 3517 833 poten-

298 862 394 916 καί
431 863 530 932 τὴν
577 861 684 913 τῶν
734 861 900 931 εὐχῶν
947 860 1353 931 ἀντιληπτικὴν,
1403 860 1709 931 ὀφθαλμοὺς
1738 854 1856 912 εἷπε
1961 866 1980 910 ι

1843 876 1856 911 ε
1961 858 2090 911 tiam
2143 872 2261 926 quae
2313 871 2500 926 preces
2535 857 2780 924 suscipit,
2835 856 3023 912 oculos
3076 857 3210 911 dixit
3260 867 3313 910 et
3340 873 3525 914 aures.

301 953 394 1006 καὶ
451 947 583 1005 ὦτα.
643 952 956 1020 Ὀρθαλμοὶ
998 946 1111 1005 οὖν
1156 952 1376 1019 Κυρίου
1420 951 1518 1004 ἐπὶ
1570 952 1855 1013 δικαίους,
1961 949 1983 1003 ί

1842 994 1855 1013 ,
1961 949 2115 1003 Oculi
2163 951 2326 1018 igitur
2366 948 2581 1000 Domini
2626 964 2784 1014 super
2807 947 3001 1016 justas,
3056 959 3102 1002 et
3153 965 3304 1003 aures
3331 950 3442 1019 ejus
3471 951 3524 1003 in

299 1047 397 1099 καὶ
441 1041 558 1099 ὦτα
597 1044 783 1098 αὑτοῦ
823 1048 909 1109 εἰς
947 1043 1160 1109 δέησιν
1199 1044 1412 1097 αὐτῶν.
1460 1043 1671 1114 Ἐπειδὴ
1711 1045 1859 1096 πᾶσα
1959 1060 1981 1111 μ

1837 1060 1859 1094 ι
1959 1058 2133 1111 preces
2156 1057 2354 1094 eorum.
2391 1040 2653 1106 Quoniam
2691 1042 2864 1094 omnis
2889 1040 3019 1109 justi
3049 1043 3192 1096 actio
3234 1043 3392 1112 digna
3438 1053 3519 1097 est

301 1136 498 1207 πρᾶξις
534 1136 625 1190 τοῦ
665 1137 869 1190 δικαίου
906 1135 1028 1198 ἀξία
1059 1136 1154 1204 τῆς
1189 1135 1418 1206 θεωρίας
1446 1134 1536 1186 τοῦ
1571 1134 1726 1195 Θεοῦ,
1762 1135 1856 1187 καὶ
1960 1149 1983 1200 q

1839 1135 1856 1186 ἱ
1960 1148 2078 1200 quae
2111 1148 2138 1184 a
2172 1131 2276 1184 Deo
2305 1131 2645 1198 inspiciatur,
2682 1141 2735 1185 et
2769 1147 2928 1187 omne
2961 1133 3207 1198 verbum,
3238 1149 3358 1187 cum
3391 1133 3521 1188 nihil

299 1229 408 1280 πᾶν
460 1229 636 1299 ῥῆμα,
694 1226 768 1296 τῷ
824 1225 986 1296 μηδὲν
1044 1225 1226 1295 ἀργῶς
1284 1225 1529 1293 λέγεσθαι
1573 1225 1721 1296 παρὰ
1765 1225 1858 1277 τοῦ
1959 1241 1981 1277 c

1843 1225 1858 1277 3
1959 1227 2131 1278 otiose
2156 1239 2184 1274 a
2225 1222 2370 1290 justo
2404 1223 2638 1287 dicatur,
2677 1234 2954 1280 actuosum
3003 1234 3085 1278 est
3121 1233 3175 1276 et
3205 1223 3414 1292 enicas,
3441 1227 3525 1280 id-

297 1321 528 1384 δικαίου,
569 1319 782 1390 ἐνεργόν
823 1320 938 1370 ἐστι
971 1319 1062 1370 καὶ
1096 1316 1428 1388 ἔμπρακτον,
1461 1317 1550 1370 διὰ
1589 1316 1747 1369 τοῦτο
1775 1317 1862 1369 ἀεὶ
1962 1333 1979 1368 ι

1842 1317 1862 1368 l
1962 1315 2329 1384 eircojnstum
2383 1329 2595 1381 semper
2626 1315 2868 1383 conspici
2927 1324 2980 1369 et
3019 1330 3231 1384 semper
3278 1317 3524 1371 exaudiri

301 1411 597 1484 ἐφορᾶσθαι
627 1412 717 1463 καὶ
754 1410 838 1463 ἀεὶ
868 1411 1239 1463 είσακούεσθαι
1270 1408 1358 1461 τὸν
1394 1409 1597 1462 δίκαιον
1637 1411 1666 1462 ὁ
1707 1409 1863 1477 λόγος
1963 1407 1983 1460 1η

1849 1427 1863 1473 ;
1963 1407 2076 1460 haec
2106 1406 2196 1460 illa
2227 1408 2387 1459 verba
2411 1408 2623 1460 docent.
2653 1407 2837 1479 (Vsus.
2866 1407 2977 1478 Π.)
3013 1405 3197 1460 Vultus
3215 1418 3386 1461 autem
3421 1408 3531 1463 Do-

302 1506 452 1575 φησί.
488 1504 812 1570 Πρόσωπον
852 1501 919 1554 δὲ
949 1503 1166 1570 Κυρίου
1198 1499 1292 1553 ἐπὶ
1329 1500 1647 1566 ποιοῦντας
1688 1500 1860 1567 κακὰ,
1963 1515 1984 1552 n

1845 1542 1860 1567 ,
1963 1500 2089 1552 mini
2139 1516 2293 1566 super
2328 1500 2578 1565 facientes
2624 1501 2786 1564 mala,
2829 1512 2884 1553 ut
2925 1502 3107 1569 perdat
3159 1503 3222 1554 de
3251 1512 3388 1554 terra
3420 1517 3527 1556 me-

299 1597 409 1650 τοῦ
444 1594 861 1662 ἐξολοθρεῦσαι
886 1595 952 1647 ἐκ
986 1592 1098 1662 γῆς
1129 1592 1193 1645 τὸ
1221 1593 1616 1661 μνημόσυνον
1641 1592 1859 1646 αὐτῶν.
1962 1608 1981 1643 ι

1844 1632 1859 1646 .
1962 1593 2183 1644 mar-iam
2240 1607 2441 1644 eorum.
2503 1593 2754 1645 Arbitror
2781 1602 3023 1662 apertum
3071 1607 3134 1647 ac
3175 1593 3523 1663 coaspiruum

301 1681 594 1753 Πρόσωπον
640 1679 747 1746 (20)
803 1673 951 1748 οἶμαι
1001 1678 1098 1748 τὴν
1153 1677 1710 1748 πεπαρῤησιασμένην
1770 1677 1864 1731 καὶ
1966 1683 1983 1736 1

1845 1677 1864 1729 l-
1966 1683 2176 1737 Domini
2212 1684 2276 1736 ad
2324 1684 2583 1749 judicium
2635 1686 2924 1738 adventum
2973 1686 3078 1739 dici
3113 1684 3343 1738 vultum.
3384 1686 3527 1752 Qua-

303 1771 544 1843 φανερὰν
573 1771 664 1824 τοῦ
706 1773 909 1839 Κυρίου
937 1769 1225 1839 ἐπιδημίαν
1260 1769 1354 1838 τὴν
1381 1770 1470 1820 ἐπὶ
1502 1769 1598 1838 τῆς
1631 1767 1863 1839 κρίσεως
1964 1788 1985 1840 ι

1843 1786 1863 1831 ς
1964 1783 2178 1841 prepler
2204 1785 2256 1827 et
2304 1774 2442 1826 oculi
2499 1773 2728 1839 Domini,
2767 1773 2912 1827 velut
2953 1774 3128 1828 adhuc
3176 1775 3391 1830 eminus
3422 1789 3525 1832 nos

301 1864 572 1934 λέγεσθαι.
604 1862 693 1916 Διὸ
724 1862 814 1914 καὶ
841 1861 1106 1930 ὀφθαλμοὶ
1133 1862 1358 1932 Κυρίου,
1382 1860 1455 1924 ώς
1478 1859 1557 1912 ἔτι
1589 1860 1700 1929 (21)
1734 1860 1864 1931 πόρε·
1966 1866 1978 1917 i

1843 1888 1864 1898 -
1966 1863 2320 1932 inspicientis,
2354 1863 2557 1933 justum
2590 1865 2787 1919 intueri
2815 1866 3068 1920 dicuntur
3095 1867 3139 1898 ⁸¹
3167 1885 3180 1933 ;
3208 1867 3320 1934 ipse
3346 1875 3525 1922 autem

302 1958 475 2030 ρωθεν
512 1955 928 2016 ἐπισκοποῦντος
968 1955 1112 2024 ἡμᾶς
1133 1994 1146 2018 ,
1187 1953 1497 2006 ἐπιϐλέπειν
1529 1952 1618 2004 τὸν
1659 1951 1864 2004 δίκαιον
1896 1945 1936 2002 Β
1967 1971 1984 2006 ι

1836 1970 1864 2004 ν
1896 1945 1936 2002 Β
1967 1956 2147 2009 vultus
2201 1956 2398 2009 dicitur
2440 1957 2802 2024 appariturus,
2855 1959 2921 2010 ad
2966 1972 3182 2012 onmem
3219 1960 3518 2029 iniquitatis

299 2050 546 2122 εἴρηνται
569 2066 582 2079 '
616 2047 744 2100 αὐτὸ
768 2046 823 2099 δὲ
872 2046 932 2099 τὸ
970 2046 1256 2117 πρόσωπον
1285 2044 1730 2114 ἐπιφανήσεσθαι,
1771 2043 1864 2097 ἐπὶ
1965 2063 1981 2100 1

1838 2043 1864 2096 ιὶ
1965 2048 2278 2102 memoriam
2331 2049 2398 2102 de
2442 2058 2586 2102 terra
2619 2048 2922 2104 delendam.
2955 2049 3098 2104 Cave
3137 2052 3278 2104 enim
3315 2051 3520 2120 cogites

299 2145 362 2196 τὸ
397 2139 767 2212 ἐξολοθρεῦσαι
800 2140 863 2193 ἐκ
892 2139 993 2210 γῆς
1024 2140 1127 2192 πᾶν
1149 2138 1208 2191 τὸ
1235 2138 1335 2207 τῆς
1365 2138 1628 2208 πονηρίας
1657 2137 1866 2208 μνημό-
1968 2138 1981 2192 1

1839 2167 1866 2178 -
1968 2138 2058 2192 Dei
2116 2139 2318 2190 vultum
2369 2139 2631 2207 corporali
2694 2139 2875 2208 epecie
2926 2153 3048 2193 esse
3101 2142 3521 2194 conformatum.

301 2252 481 2287 συνον.
524 2234 613 2303 Μὴ
648 2231 754 2303 γάρ
798 2249 888 2302 μοι
939 2230 1259 2302 σωματικῶς
1295 2228 1760 2298 διαπεπλασμένον
1806 2229 1867 2281 τὸ
1965 2231 1983 2282 Α

1843 2229 1867 2281 δ
1965 2229 2218 2297 Alioquin
2261 2230 2330 2282 ita
2356 2244 2568 2297 quoque
2594 2231 2884 2284 absurdum
2904 2231 3174 2285 videbitur
3204 2233 3348 2300 quod
3377 2231 3525 2285 Scri-

302 2326 589 2396 πρόσωπον
619 2322 712 2377 τοῦ
745 2323 876 2376 Θεοῦ
905 2325 1100 2395 νοήσῃς
1135 2321 1265 2391 (22)·
1310 2321 1428 2374 ἐπεὶ
1472 2320 1613 2374 οὕτω
1664 2338 1726 2388 γε
1777 2322 1866 2373 καὶ
1966 2336 1984 2388 ι

1844 2322 1866 2372 ὶ
1966 2329 2123 2388 plura
2173 2319 2328 2380 dixit,
2369 2334 2611 2373 seorsum
2645 2321 2860 2388 quidem
2895 2320 3079 2376 oculos
3108 2337 3228 2377 esse
3264 2323 3356 2392 qui
3381 2323 3526 2393 justo

300 2416 494 2483 ἄλογον
526 2411 658 2468 εἶναι
685 2415 826 2482 δόξει
865 2415 925 2467 τὸ
963 2415 1112 2485 παρά
1157 2413 1258 2482 τῆς
1297 2413 1515 2484 Γραφῆς
1556 2411 1861 2483 εἰρημένον,
1965 2424 1982 2458 :1

1848 2451 1861 2473 ,
1965 2406 2274 2476 aﬂulgeant,
2306 2422 2552 2462 seorsum
2597 2422 2721 2462 vero
2753 2409 2956 2462 vultum
2999 2413 3089 2478 qui
3135 2413 3187 2465 in
3233 2412 3402 2468 inalos
3444 2414 3527 2467 in-

304 2507 413 2578 ίδίᾳ
448 2506 543 2577 μὲν
576 2506 879 2575 ὀφθαλμοὺς
914 2505 1176 2575 ὑπάρχειν
1226 2505 1627 2572 ἐπιλάμποντας
1655 2502 1731 2571 τῷ
1785 2501 1862 2553 δι-
1968 2515 1985 2552 ι

1843 2531 1862 2541 -
1968 2510 2143 2554 tentus
2174 2500 2263 2553 sit.
2303 2499 2367 2554 Et
2395 2514 2521 2555 vero
2547 2515 2722 2571 neque
2749 2503 2889 2556 oculi
2933 2503 3049 2557 sine
3077 2504 3229 2559 vultu
3254 2515 3398 2567 sunt.
3425 2521 3525 2562 ne-

301 2598 464 2669 καίῳ,
499 2599 601 2670 ἰδία
630 2598 685 2651 δέ
723 2597 783 2650 τὸ
821 2598 1106 2668 πρόσωπον
1135 2595 1519 2665 ἐπιφερόμενον
1560 2595 1670 2656 τοῖς
1709 2609 1866 2662 πονη-
1965 2610 1983 2647 ί

1848 2622 1866 2632 -
1965 2608 2067 2662 que
2094 2593 2267 2646 vultus
2313 2607 2509 2661 expers
2538 2604 2620 2647 est
2647 2593 2948 2648 oculorum.
2984 2594 3165 2650 tlotno'
3204 2597 3367 2667 igitur
3417 2613 3526 2654 non

303 2695 438 2766 ροϊς.
487 2694 676 2746 Καίτοι
711 2691 834 2745 οὕτε
875 2689 1139 2758 ὀφθαλμοὶ
1189 2689 1355 2758 χωρὶς
1398 2685 1686 2758 προσώπου
1730 2687 1861 2758 (25),
1966 2701 1985 2739 \

1849 2728 1861 2749 ,
1966 2686 2164 2740 videbit
2193 2685 2383 2740 faciem
2415 2685 2646 2750 Domini,
2677 2697 2729 2742 et
2757 2688 2900 2742 vivet
2923 2689 2968 2720 ⁸³
3006 2708 3016 2741 :
3046 2691 3222 2759 angeli
3279 2706 3403 2746 vere
3431 2705 3527 2746 eo-

298 2782 424 2836 οῦτε
461 2783 743 2852 πρόσωπον
765 2778 1054 2856 ὀφθαλμῶν
1089 2781 1233 2831 ἐστιν
1267 2777 1508 2848 ἄμοιρον.
1550 2776 1865 2847 Ἀνθρωπος
1967 2795 1980 2832 1

1843 2794 1865 2840 ς
1967 2795 2083 2832 rum
2116 2779 2204 2846 qui
2231 2779 2281 2832 in
2323 2778 2558 2832 Ecclesia
2596 2779 2772 2848 pusilli
2799 2790 2943 2846 sunt,
2978 2797 3195 2852 semper
3231 2784 3414 2839 vident
3442 2784 3525 2839 fa-

304 2877 406 2947 μέν
444 2872 536 2928 οὖν
589 2875 648 2926 οὐ
692 2873 764 2944 μὴ
799 2873 881 2942 ίδῃ
915 2872 974 2923 τὸ
998 2871 1283 2942 πρόσωπον
1317 2871 1540 2943 Κυρίου,
1584 2873 1675 2923 καὶ
1702 2871 1862 2940 ζήσε-
1964 2885 1986 2925 c

1844 2900 1862 2911 -
1964 2871 2099 2925 ciem
2129 2870 2305 2924 Patris
2331 2873 2524 2932 nostri,
2551 2872 2641 2939 qui
2683 2873 2733 2925 in
2767 2873 2920 2927 caelis
2953 2884 3036 2927 est
3065 2875 3131 2928 ⁸³.
3177 2876 3350 2942 Quare
3383 2892 3526 2931 nunc

299 2986 392 3022 ται
419 2986 430 2998 ·
465 2969 512 3020 oi
554 2967 608 3019 δὲ
645 2966 861 3034 ἄγγελοι
890 2965 994 3018 τῶν
1031 2967 1088 3018 ἐν
1116 2969 1181 3036 τῇ
1224 2965 1513 3036 Ἐκκλησία
1546 2963 1754 3034 μικρῶν
1778 2962 1864 3016 διὰ
1964 2977 1981 3015 (

1844 2962 1864 3016 it
1964 2962 2177 3031 quidem
2227 2962 2343 3016 ﬁeri
2379 2977 2483 3016 non
2515 2971 2713 3030 potest,
2770 2973 2828 3016 ut
2877 2979 2993 3028 nos,
3029 2965 3278 3035 gloriosa:
3302 2967 3526 3023 visionis

301 3059 500 3122 παντὸς
527 3057 775 3127 βλέπουσι
808 3057 866 3110 τὸ
893 3058 1180 3128 πρόσωπον
1210 3056 1300 3108 τοῦ
1331 3056 1537 3124 [ἰατρὸς
1567 3054 1720 3124 ἡμῶν
1752 3053 1861 3124 (24)
1966 3069 1983 3108 a

1844 3055 1861 3116 )
1966 3065 2267 3124 aspectum,
2297 3057 2366 3108 ob
2392 3059 2571 3111 carnis
2591 3057 2920 3112 debilitatem
2954 3074 3052 3113 nos
3074 3060 3525 3129 circumdantem,

297 3151 394 3204 τοῦ
437 3152 493 3203 ἐν
523 3153 634 3214 τοῖς
669 3151 931 3221 οὐρανοῖς.
976 3149 1119 3200 Διότι
1167 3148 1259 3200 νῦν
1304 3148 1400 3216 μὲν
1440 3148 1684 3218 χωρῆσαι
1719 3150 1863 3220 ἡμᾶς
1966 3161 1979 3200 t

1845 3167 1863 3213 ;
1966 3149 2474 3216 apprehendamus;
2533 3152 2708 3219 angeli
2751 3166 2920 3213 vero,
2973 3152 3114 3218 quod
3158 3154 3360 3206 nullum
3419 3155 3527 3209 tale

297 3244 398 3314 τὴν
437 3242 560 3296 θέαν
596 3241 694 3311 τῆς
728 3239 934 3303 ἐνδόξου
967 3239 1286 3307 ἐπιφανείας
1321 3239 1405 3292 διὰ
1448 3240 1544 3310 τὴν
1583 3241 1863 3294 ἀσθένειαν
1891 3287 1934 3343 c
1966 3251 1979 3286 Ἰ

1843 3260 1863 3294 υ
1891 3287 1934 3343 c
1966 3237 2328 3291 velamentum
2357 3239 2556 3293 habent
2579 3239 2730 3293 carni
2761 3248 2955 3293 nostra:
2982 3240 3280 3307 consimile,
3304 3260 3362 3298 re
3381 3246 3525 3300 nulla

295 3337 397 3405 τῆς
429 3335 625 3405 σαρκὸς
645 3334 739 3403 τὴν
762 3333 1148 3403 περικειμένην
1171 3335 1202 3403 ἡ
1213 3336 1300 3403 μίν
1329 3335 1635 3404 ἀμήχανονο
1664 3337 1711 3387 οἱ
1745 3334 1861 3406 μέν·
1893 3329 1934 3343 “’
1969 3330 1977 3384 i

1846 3365 1861 3376 .
1893 3329 1934 3343 “'
1969 3329 2332 3398 impediuntur
2378 3331 2665 3397 quominus
2703 3331 2895 3386 faciem
2937 3332 3122 3402 gloriae
3179 3335 3269 3389 Dei
3323 3337 3528 3406 juglter

297 3443 381 3479 τοι
413 3424 659 3492 ἄγγελοι,
702 3423 778 3494 τῷ
823 3424 987 3496 μηδὲν
1037 3424 1178 3494 ἔχειν
1220 3425 1584 3495 προκάλυμμα
1623 3427 1860 3481 τοιοῦτον
1965 3445 1979 3484 ι

1844 3446 1860 3481 ν
1965 3429 2418 3497 coutemplentur.
2454 3429 2632 3495 Quare
2657 3440 2710 3484 et
2746 3446 2866 3495 nos,
2896 3441 3244 3502 posteaquam
3270 3433 3364 3487 lilii
3395 3433 3526 3489 facti

299 3517 679 3590 παραπλήσιον
721 3519 786 3588 τῇ
826 3519 1068 3588 ἡμετέρᾳ
1114 3517 1296 3587 σαρκὶ,
1334 3517 1422 3568 ὑπ’
1445 3516 1656 3578 οὐδενὸς
1691 3521 1860 3588 ἐμπο-
1965 3519 1981 3574 l

1843 3549 1860 3560 -
1965 3519 2226 3574 fuerimus
2268 3520 2702 3582 resurrectionis,
2753 3530 2883 3574 tunc
2909 3536 2969 3574 ea
3003 3538 3120 3588 quae
3172 3534 3254 3576 est
3286 3523 3422 3577 facie
3459 3524 3525 3579 ad

294 3601 527 3673 δίζονται
583 3606 842 3678 διηνεκῶς
899 3609 1222 3672 ἐνατενίζειν
1294 3607 1372 3678 τῷ
1433 3607 1705 3679 προσώπῳ
1758 3610 1857 3679 τῆς
1964 3613 1976 3664 1

1845 3629 1857 3675 ;
1964 3612 2154 3665 fhciem
2181 3611 2489 3680 cognitione
2518 3612 2877 3682 dignabimur.
2899 3614 3052 3668 Tunc
3075 3615 3218 3669 enim
3241 3617 3372 3685 justi
3397 3631 3527 3672 con-

298 3699 459 3767 δόξης
491 3697 581 3750 τοῦ
605 3698 760 3750 Θεοῦ.
807 3699 966 3749 Ὥστε
997 3700 1090 3751 καὶ
1123 3700 1300 3768 ἡμεῖς,
1334 3699 1550 3750 ἐπειδὰν
1578 3695 1859 3766 γενώμεθα
1966 3721 1980 3758 ε

1843 3715 1859 3750 ι
1966 3714 2210 3775 spectum
2253 3706 2467 3773 quidem
2503 3704 2678 3759 vultus
2709 3706 2758 3758 in
2788 3707 3151 3761 exsultatione
3185 3725 3525 3777 consequen—

300 3793 406 3844 υίο)⁵
417 3791 515 3858 τῆς
540 3791 904 3851 ἀναστάσεως,
921 3790 1036 3840 τότε
1059 3788 1570 3858 καταξιωθησόμεθα
1590 3791 1683 3859 τῆς
1706 3791 1862 3860 προσ·
1967 3808 1982 3849 ι

1839 3808 1862 3830 ὀ
1967 3808 2055 3849 ιιιι·
2078 3837 2094 3860 ,
2136 3806 2450 3864 peccatores
2475 3811 2604 3851 vero
2650 3796 2700 3849 in
2729 3796 2968 3865 judicio;
3007 3813 3126 3851 cum
3157 3797 3398 3852 futurum
3431 3801 3521 3865 sit,

294 3900 444 3936 ωπον
496 3883 628 3954 πρὸς
668 3881 952 3949 πρόσωπον
998 3880 1266 3948 γνώσεως.
1311 3883 1441 3934 Τότε
1479 3882 1532 3935 δέ
1558 3887 1605 3937 οἱ
1644 3883 1738 3952 μὲν
1779 3883 1857 3936 δί-
1966 3907 1976 3942 1

1841 3914 1857 3924 -
1966 3901 2023 3943 ιιι
2061 3899 2338 3960 peccatum
2380 3905 2540 3944 omne
2574 3893 2719 3960 jusla
2767 3891 2856 3944 Dei
2888 3892 3155 3945 sententia
3192 3893 3523 3949 cxtermine~

295 3989 442 4027 καιοι
481 3974 536 4024 ἐν
578 3970 889 4038 ἀγαλλιάσει
931 3971 1029 4041 τῆς
1077 3971 1204 4036 θέας
1246 3972 1337 4024 τοῦ
1399 3975 1686 4044 προσώπου
1735 3994 1862 4030 κατ-
1970 3993 2071 4038 ιιιι·.

294 4063 706 4130 αξιωθήσονται·
756 4063 806 4114 ai
847 4062 902 4114 δὲ
930 4062 1041 4133 (25)
1073 4064 1384 4134 ἁμαρτωλοὶ
1431 4065 1486 4116 ἐν
1525 4066 1720 4137 κρίσει,
1765 4068 2060 4140 μελλούσης
2122 4069 2562 4142 ἐξολοθρεύεσθαι
2628 4070 2776 4142 παρὰ
2805 4072 2900 4140 τῆς
2927 4070 3135 4134 δικαίας
3165 4071 3398 4141 κρίσεως
3422 4067 3519 4122 τοῦ

296 4153 434 4208 Θεοῦ
466 4154 643 4223 πάσης
671 4153 768 4223 τῆς
802 4155 1093 4224 ἁμαρτίας.

372 4245 459 4298 12.
513 4242 864 4311 Ἑκέκραξαν
897 4246 949 4295 οἱ
983 4243 1219 4303 δίκαιοι,
1270 4242 1366 4294 καί
1411 4247 1441 4296 o'
1483 4245 1694 4312 Κύριος
1740 4248 1862 4298 εὶσ-
2036 4250 2054 4302 1

1841 4276 1862 4285 -
2036 4249 2121 4303 12.
2180 4249 2342 4304 Vens.
2398 4249 2481 4302 18.
2542 4246 2909 4302 Clamaverunt
2951 4248 3106 4317 justi,
3155 4258 3204 4302 et
3265 4249 3523 4303 Dominus

293 4337 566 4405 ἤκουσεν
586 4336 800 4400 αὐτῶν,
830 4337 924 4390 καὶ
942 4338 1009 4390 ἐκ
1038 4335 1248 4390 πασῶν
1263 4336 1379 4390 τῶν
1392 4339 1652 4406 θλίψεων
1667 4338 1863 4392 αὐτῶν
1964 4364 1975 4394 ι

1841 4357 1863 4384 ν’
1964 4343 2233 4395 exaudivit
2275 4359 2403 4402 eos,
2458 4350 2507 4394 et
2547 4357 2611 4393 ea:
2673 4343 2909 4396 omnibus
2974 4342 3395 4395 tribulationibus
3435 4359 3523 4395 eoo

293 4433 587 4502 ὲῤῥύσατο
604 4431 842 4493 αὐτούς.
877 4430 1058 4499 Νοητὴ
1085 4429 1190 4482 τῶν
1220 4430 1439 4483 δικαίων
1467 4433 1499 4500 ἡ
1533 4433 1766 4501 κραυγὴ,
1803 4434 1860 4484 ἐν
1966 4450 1975 4484 ι

1839 4449 1860 4484 ν
1966 4449 2078 4484 rum
2118 4431 2358 4483 liberavit
2400 4448 2506 4486 eos.
2550 4433 2818 4500 Spirilalis
2866 4445 2946 4488 est
2999 4434 3265 4500 justorum
3297 4432 3521 4498 clamor,

293 4526 374 4597 τῷ
413 4522 636 4594 κρυπτῷ
671 4522 769 4591 τῆς
804 4522 1023 4590 καρδίας
1062 4522 1157 4591 τὴν
1208 4523 1610 4593 μεγαλοφωνίαν
1645 4525 1856 4594 ἔχουσα,
1966 4524 1975 4577 i

1844 4569 1856 4588 ,
1966 4524 2016 4577 in
2052 4523 2263 4576 occullo
2297 4524 2475 4576 cordis
2504 4539 2713 4578 recessu
2743 4539 2924 4577 vocem
2958 4525 3120 4577 altam
3147 4524 3334 4587 edens,
3367 4525 3525 4594 quip-

293 4615 566 4685 δυναμένη
610 4610 890 4682 ἐφικέσθαι
933 4611 1042 4681 (26)
1089 4613 1179 4666 καὶ
1215 4613 1390 4664 αὐτῶν
1432 4614 1538 4666 τῶν
1573 4613 1725 4668 ῶτων
1768 4617 1858 4668 τοῦ
1892 4606 1975 4685 ῧι

1834 4617 1858 4668 ὖ
1892 4606 1937 4662 D
1965 4632 2029 4685 pe
2053 4618 2140 4686 qui
2173 4618 2237 4671 ad
2275 4619 2415 4686 ipsas
2442 4619 2602 4671 etiam
2645 4615 2736 4668 Dei
2781 4629 2939 4668 aures
2991 4625 3153 4685 queat
3195 4617 3516 4685 pertingere.

293 4708 451 4763 Θεοῦ.
496 4709 551 4760 '0
572 4709 678 4777 γὰρ
716 4705 924 4776 μεγάλα
975 4704 1170 4768 αἰτῶν,
1219 4705 1312 4758 καὶ
1359 4706 1484 4774 περ).
1525 4707 1857 4778 ἐπουρανίων
1963 4713 1975 4769 1

1839 4725 1857 4756 ν
1963 4708 2062 4774 Qui
2098 4710 2238 4762 enim
2273 4723 2462 4777 magna
2512 4705 2666 4774 petit,
2701 4716 3133 4776 apprecaturque
3169 4706 3433 4769 caelestia,
3477 4705 3521 4758 is

293 4800 606 4872 εὐχόμενος,
651 4793 801 4862 οὗτος
827 4795 1048 4861 κοάζει,
1097 4798 1190 4848 καὶ
1234 4797 1502 4869 ἀκουστὴν
1549 4799 1856 4869 ἀναπέμπει
1962 4819 1975 4854 ι

1842 4817 1856 4851 ι
1962 4803 2158 4855 clamat
2188 4813 2242 4856 el
2272 4815 2462 4870 preces
2491 4814 2610 4871 qua:
2649 4801 3014 4856 exaudiantur
3044 4801 3110 4854 ad
3141 4801 3305 4855 Deum
3341 4807 3522 4852 trans-

369 5001 416 5034 “
451 5001 591 5055 l’sal.
627 5015 811 5058 xxxnt,
847 4999 931 5052 16.
1008 4999 1052 5031 δ’
1081 4999 1247 5052 Exod.
1290 5015 1479 5066 xxxtn,
1505 4999 1592 5054 20.
1669 5001 1715 5033 ⁸³
1746 5000 1934 5056 Matth.
1973 5016 2128 5068 xvm,
2165 5003 2253 5057 ΞΟ.

371 5208 483 5279 (20)
511 5209 644 5261 Editi
672 5224 789 5297 cum
825 5225 927 5297 uno
957 5223 1051 5288 ms.
1073 5209 1376 5297 ,πρόσωπον
1405 5209 1483 5268 δέ.
1525 5209 1589 5297 lla
1609 5210 1839 5297 reliquis
1981 5281 1992 5293 .
2018 5210 2053 5279 (Ξ

1959 5281 1992 5297 7.
2018 5210 2129 5281 (25)
2155 5211 2289 5297 βάἰιί
2323 5213 2491 5297 χωρὶς
2514 5212 2605 5265 τοῦ
2623 5211 2952 5297 επροσώπου.
2990 5212 3059 5297 At
3093 5227 3222 5266 mss.
3253 5228 3354 5297 non
3389 5227 3521 5281 pau-

294 5294 428 5354 νειίο
457 5278 797 5354 mss._vocnla
829 5278 1194 5354 6é_omittitur.
1235 5280 1573 5354 Ibidemtubi
1609 5279 1656 5329 in
1685 5278 1842 5354 editis
1948 5281 2000 5354 ci
2028 5278 2206 5354 χωρὶς
2253 5278 2577 5354 προσώπου,
2623 5278 2733 5354 illex
2775 5284 2906 5354 loco
2953 5283 3250 5354 verborum
3285 5278 3517 5345 illorum,

296 5350 512 5423 legitur,
554 5348 648 5423 τὴν
680 5349 1228 5423 πεπαρρησιασμένην
1259 5350 1350 5400 καὶ
1377 5349 1650 5423 φοϐεράν,⁸
1675 5353 1844 5423 utani-
1949 5368 1976 5402 ο

1833 5380 1844 5389 -
1949 5348 2074 5423 οὒτε
2101 5348 2387 5423 πρόσωπον
2429 5351 2719 5420 ὀφθαλμῶν
2771 5352 2917 5404 ἐστιν
2962 5353 3206 5423 ἄμοιρον,
3241 5351 3431 5423 legitur
3463 5355 3515 5423 in

294 5421 485 5493 festum
525 5433 586 5468 ac
618 5419 994 5493 formidabilem
1020 5423 1313 5482 adventum,
1351 5418 1608 5486 st-riplum
1641 5418 1846 5493 inveni-
1950 5437 1976 5473 c

1839 5450 1846 5460 -
1950 5418 2183 5493 editione
2224 5423 2381 5476 liasil.
2431 5418 2552 5475 οὕτε
2597 5418 2885 5493 πρόσωπον
2934 5418 3106 5493 χωρίς
3145 5418 3521 5490 ἐστινίόφθαλ-

294 5503 416 5541 tnus
447 5487 498 5538 in
532 5503 716 5539 novem
755 5503 879 5540 mss.
912 5487 1007 5557 τὴν
1037 5491 1590 5558 πεπαρρησιασμένην
1623 5488 1714 5540 καὶ
1745 5506 1847 5557 φα·
1954 5490 2087 5559 μῶν.

293 5559 478 5632 πρᾲν,
514 5571 746 5632 apertum
774 5570 815 5608 et
852 5560 1180 5632 consuicuum
1214 5563 1505 5632 adven-tum,
1602 5626 1621 5632 __
1734 5627 1774 5632 __
2021 5559 2133 5632 (24)
2158 5559 2247 5632 illa
2272 5577 2397 5614 mss.
2433 5571 2660 5632 septem.
2699 5562 2837 5616 Editi
2866 5578 2984 5618 cum
3045 5563 3176 5632 lleg.
3219 5571 3371 5618 sexto
3408 5563 3518 5617 Πα-

366 5628 480 5694 (21)
531 5624 662 5698 Octo
713 5643 839 5698 mss.
876 5627 954 5679 διὸ
1006 5626 1273 5696 ὀφθαλμοὶ
1331 5627 1428 5696 μὲν
1476 5629 1550 5690 ώς
1600 5626 1696 5678 ἔτι.
1731 5627 1848 5682 Mox
1949 5627 2046 5698 τρὸ

623 5642 662 5698 .o
713 5643 839 5698 mss.
876 5627 954 5679 διὸ
1006 5626 1273 5696 ὀφθαλμοὶ
1331 5627 1428 5696 μὲν
1476 5629 1550 5690 ώς
1600 5626 1696 5678 ἔτι.
1731 5627 1848 5682 Mox
1949 5627 2076 5698 τρὸς
2110 5624 2305 5681 αὐτῶν.

295 5698 448 5773 multi
483 5711 612 5773 m_ss_.
640 5695 736 5773 esti
757 5696 848 5764 τῷ.
995 5767 1005 5773 Δ
1189 5695 1193 5696 ⁷
1334 5695 1339 5696 ⁷
1560 5768 1569 5773 _
1745 5766 1756 5773 Δ
1781 5765 1812 5773 __

1986 5695 2134 5773 '(25)
2170 5698 2473 5773 01_6é,_e_tc.
2499 5699 2802 5757 Peccatores
2833 5705 2884 5756 in
2913 5699 3365 5773 judicio._Su_pple
3406 5699 3517 5755 ἀπὸ

368 5765 479 5844 (22)
517 5766 652 5819 Editi
680 5767 1046 5844 ἐννοήσῃς-ιδ)
1093 5775 1296 5844 septem
1322 5765 1847 5844 _I.D_SS_.‘§IOﬁGI};.hAll-
1950 5783 2050 5820 κοιι

1830 5796 1847 5807 -
1950 5769 2149 5831 κοινοῦ,
2200 5768 2296 5837 τῆς
2337 5769 2476 5844 Δθέας
2517 5773 2624 5844 ,τοῦ
2656 5765 2944 5844 προσώπου
2994 5765 3512 5844 καταξιωθήσονται,

294 5843 497 5905 quanto
529 5845 799 5911 post__m_ss.
833 5835 1064 5911 sociale}
1090 5835 1217 5911 γαρ.
1243 5836 1392 5911 _El_lit_i
1432 5837 1535 5911 ἰδίᾳ
1562 5835 1679 5906 μέν.
1712 5837 1844 5908 Reg.
1950 5850 2222 5911 causpcctu
2259 5835 2430 5892 uultus
2471 5835 2841 5911 dignabuntur,
2871 5845 2961 5897 sed
2999 5835 3353 5911 tremebundi.

297 5915 520 5976 quartus
551 5915 603 5958 ct
634 5906 780 5961 Colb.
813 5907 1066 5973 septimus
1101 5906 1204 5976 ἰδίᾳ.
1233 5906 1557 5977 ὀφθαλμούς.
1801 5906 1813 5908 “

1514 5906 1557 5970 ς.
1801 5906 1813 5908 “
2023 5908 2136 5978 (26)
2176 5911 2302 5979 Reg.
2342 5906 2860 5984 ιοιίἰιιέδυναμένψ
2891 5910 3192 5967 ἐσικέσθαι.
