  <div class='ocr_page' id='page_1' title='image "/cluster/home/n/w/nwhite01/storage/ocr_20150623/29/uva.x004321530/609.png"; bbox 0 0 4260 6488; ppageno 0'>
   <div class='ocr_carea' id='block_1_1' title="bbox 759 434 867 494">
    <p class='ocr_par' dir='ltr' id='par_1_1' title="bbox 759 434 867 494">
     <span class='ocr_line' id='line_1_1' title="bbox 759 434 867 494; baseline -0.019 -1"><span class='ocrx_word' id='word_1_1' title='bbox 759 434 867 494; x_wconf 75' lang='lat'><strong>379</strong></span> 
     </span>
    </p>
   </div>
   <div class='ocr_carea' id='block_1_2' title="bbox 2099 432 2704 490">
    <p class='ocr_par' dir='ltr' id='par_1_2' title="bbox 2099 432 2704 490">
     <span class='ocr_line' id='line_1_2' title="bbox 2099 432 2704 490; baseline -0.003 -1"><span class='ocrx_word' id='word_1_2' title='bbox 2099 434 2158 489; x_wconf 89' lang='lat' dir='ltr'><strong>S.</strong></span> <span class='ocrx_word' id='word_1_3' title='bbox 2201 432 2450 489; x_wconf 82' lang='lat' dir='ltr'><strong>BASiLll</strong></span> <span class='ocrx_word' id='word_1_4' title='bbox 2491 434 2704 490; x_wconf 79' lang='lat' dir='ltr'><strong>MAGNI</strong></span> 
     </span>
    </p>
   </div>
   <div class='ocr_carea' id='block_1_3' title="bbox 3886 444 3990 498">
    <p class='ocr_par' dir='ltr' id='par_1_3' title="bbox 3886 444 3990 498">
     <span class='ocr_line' id='line_1_3' title="bbox 3886 444 3990 498; baseline -0.01 0"><span class='ocrx_word' id='word_1_5' title='bbox 3886 444 3990 498; x_wconf 79' lang='lat'><strong>380</strong></span> 
     </span>
    </p>
   </div>
   <div class='ocr_carea' id='block_1_4' title="bbox 761 545 2443 619">
    <p class='ocr_par' dir='ltr' id='par_1_4' title="bbox 761 545 2443 616">
     <span class='ocr_line' id='line_1_4' title="bbox 761 545 2443 616; baseline -0.002 -15"><span class='ocrx_word' id='word_1_6' title='bbox 761 550 946 605; x_wconf 84' lang='lat' dir='ltr'><strong>mittit.</strong></span> <span class='ocrx_word' id='word_1_7' title='bbox 998 546 1363 600; x_wconf 78' lang='lat' dir='ltr'><strong>Clemaverunt</strong></span> <span class='ocrx_word' id='word_1_8' title='bbox 1402 546 1581 614; x_wconf 99' lang='lat' dir='ltr'><strong>itaque</strong></span> <span class='ocrx_word' id='word_1_9' title='bbox 1622 545 1795 616; x_wconf 86' lang='lat' dir='ltr'><strong>justi;</strong></span> <span class='ocrx_word' id='word_1_10' title='bbox 1844 546 1976 599; x_wconf 83' lang='lat' dir='ltr'><strong>nihil</strong></span> <span class='ocrx_word' id='word_1_11' title='bbox 2028 546 2321 614; x_wconf 73' lang='lat' dir='ltr'><strong>abiectum,</strong></span> <span class='ocrx_word' id='word_1_12' title='bbox 2352 551 2443 607; x_wconf 71' lang='lat' dir='ltr'><strong>A1</strong></span> 
     </span>
    </p>
   </div>
   <div class='ocr_carea' id='block_1_5' title="bbox 2312 545 3994 619">
    <p class='ocr_par' dir='ltr' id='par_1_5' title="bbox 2312 546 3994 619">
     <span class='ocr_line' id='line_1_5' title="bbox 2312 546 3994 619; baseline 0.008 -22"><span class='ocrx_word' id='word_1_13' title='bbox 2312 589 2321 613; x_wconf 84' lang='lat'><strong>,</strong></span> <span class='ocrx_word' id='word_1_14' title='bbox 2352 551 2397 607; x_wconf 75' lang='grc' dir='ltr'>Α</span> <span class='ocrx_word' id='word_1_15' title='bbox 2423 546 2499 616; x_wconf 82' lang='grc' dir='ltr'>τῷ</span> <span class='ocrx_word' id='word_1_16' title='bbox 2536 546 2652 617; x_wconf 83' lang='grc' dir='ltr'>Θεῷ</span> <span class='ocrx_word' id='word_1_17' title='bbox 2677 547 2772 618; x_wconf 80' lang='grc' dir='ltr'>τὴν</span> <span class='ocrx_word' id='word_1_18' title='bbox 2788 548 2970 619; x_wconf 79' lang='grc' dir='ltr'>εὐχήν.</span> <span class='ocrx_word' id='word_1_19' title='bbox 3002 549 3358 618; x_wconf 74' lang='grc' dir='ltr'>Ἐκέκραξαν</span> <span class='ocrx_word' id='word_1_20' title='bbox 3378 548 3469 606; x_wconf 69' lang='grc' dir='ltr'><strong>οὖν</strong></span> <span class='ocrx_word' id='word_1_21' title='bbox 3494 557 3546 608; x_wconf 81' lang='grc' dir='ltr'>οἱ</span> <span class='ocrx_word' id='word_1_22' title='bbox 3566 555 3783 609; x_wconf 78' lang='grc' dir='ltr'>δίκαιοι</span> <span class='ocrx_word' id='word_1_23' title='bbox 3805 572 3819 588; x_wconf 75' lang='grc' dir='ltr'><strong>ο</strong></span> <span class='ocrx_word' id='word_1_24' title='bbox 3840 556 3994 610; x_wconf 71' lang='grc' dir='ltr'>οὐδὲν</span> 
     </span>
    </p>
   </div>
   <div class='ocr_carea' id='block_1_6' title="bbox 760 636 2320 707">
    <p class='ocr_par' dir='ltr' id='par_1_6' title="bbox 760 636 2320 707">
     <span class='ocr_line' id='line_1_6' title="bbox 760 636 2320 707; baseline -0.003 -12"><span class='ocrx_word' id='word_1_25' title='bbox 760 640 891 696; x_wconf 88' lang='lat' dir='ltr'><strong>nihil</strong></span> <span class='ocrx_word' id='word_1_26' title='bbox 924 648 1217 703; x_wconf 89' lang='lat' dir='ltr'><strong>terrenum,</strong></span> <span class='ocrx_word' id='word_1_27' title='bbox 1253 638 1386 692; x_wconf 81' lang='lat' dir='ltr'><strong>nihil</strong></span> <span class='ocrx_word' id='word_1_28' title='bbox 1420 637 1623 691; x_wconf 87' lang='lat' dir='ltr'><strong>humile</strong></span> <span class='ocrx_word' id='word_1_29' title='bbox 1660 636 2037 706; x_wconf 90' lang='lat' dir='ltr'><strong>inquisierunt.</strong></span> <span class='ocrx_word' id='word_1_30' title='bbox 2070 637 2320 707; x_wconf 83' lang='lat' dir='ltr'><strong>PrOpter-</strong></span> 
     </span>
    </p>
   </div>
   <div class='ocr_carea' id='block_1_7' title="bbox 759 727 2319 798">
    <p class='ocr_par' dir='ltr' id='par_1_7' title="bbox 759 727 2319 798">
     <span class='ocr_line' id='line_1_7' title="bbox 759 727 2319 798; baseline -0.004 -10"><span class='ocrx_word' id='word_1_31' title='bbox 759 747 822 788; x_wconf 88' lang='lat' dir='ltr'><strong>ea</strong></span> <span class='ocrx_word' id='word_1_32' title='bbox 888 746 1075 786; x_wconf 85' lang='lat' dir='ltr'><strong>vocem</strong></span> <span class='ocrx_word' id='word_1_33' title='bbox 1115 731 1355 798; x_wconf 90' lang='lat' dir='ltr'><strong>ipsorum</strong></span> <span class='ocrx_word' id='word_1_34' title='bbox 1398 728 1636 797; x_wconf 75' lang='lat' dir='ltr'><strong>suscepit</strong></span> <span class='ocrx_word' id='word_1_35' title='bbox 1670 727 1951 791; x_wconf 87' lang='lat' dir='ltr'><strong>Dominus,</strong></span> <span class='ocrx_word' id='word_1_36' title='bbox 1986 727 2140 797; x_wconf 82' lang='lat'><strong>155</strong></span> <span class='ocrx_word' id='word_1_37' title='bbox 2172 738 2224 782; x_wconf 89' lang='lat' dir='ltr'><strong>et</strong></span> <span class='ocrx_word' id='word_1_38' title='bbox 2255 743 2319 781; x_wconf 77' lang='lat' dir='ltr'><strong>ex</strong></span> 
     </span>
    </p>
   </div>
   <div class='ocr_carea' id='block_1_8' title="bbox 759 816 2323 878">
    <p class='ocr_par' dir='ltr' id='par_1_8' title="bbox 759 816 2323 878">
     <span class='ocr_line' id='line_1_8' title="bbox 759 816 2323 878; baseline -0.006 0"><span class='ocrx_word' id='word_1_39' title='bbox 759 820 1010 878; x_wconf 89' lang='lat' dir='ltr'><strong>omnibus</strong></span> <span class='ocrx_word' id='word_1_40' title='bbox 1046 818 1485 873; x_wconf 89' lang='lat' dir='ltr'><strong>tribulationibus</strong></span> <span class='ocrx_word' id='word_1_41' title='bbox 1517 831 1708 871; x_wconf 86' lang='lat' dir='ltr'><strong>eorum</strong></span> <span class='ocrx_word' id='word_1_42' title='bbox 1750 816 2006 869; x_wconf 77' lang='lat' dir='ltr'><strong>liberavit</strong></span> <span class='ocrx_word' id='word_1_43' title='bbox 2060 833 2171 871; x_wconf 87' lang='lat' dir='ltr'><strong>eos.</strong></span> <span class='ocrx_word' id='word_1_44' title='bbox 2218 817 2323 870; x_wconf 83' lang='lat' dir='ltr'><strong>Ta—</strong></span> 
     </span>
    </p>
   </div>
   <div class='ocr_carea' id='block_1_9' title="bbox 764 908 2320 976">
    <p class='ocr_par' dir='ltr' id='par_1_9' title="bbox 764 908 2320 976">
     <span class='ocr_line' id='line_1_9' title="bbox 764 908 2320 976; baseline -0.005 -9"><span class='ocrx_word' id='word_1_45' title='bbox 764 929 884 968; x_wconf 90' lang='lat' dir='ltr'><strong>men</strong></span> <span class='ocrx_word' id='word_1_46' title='bbox 908 929 1013 968; x_wconf 91' lang='lat' dir='ltr'><strong>non</strong></span> <span class='ocrx_word' id='word_1_47' title='bbox 1042 920 1152 965; x_wconf 90' lang='lat' dir='ltr'><strong>tam</strong></span> <span class='ocrx_word' id='word_1_48' title='bbox 1188 926 1281 965; x_wconf 91' lang='lat' dir='ltr'><strong>eos</strong></span> <span class='ocrx_word' id='word_1_49' title='bbox 1316 925 1344 963; x_wconf 93' lang='lat' dir='ltr'><strong>a</strong></span> <span class='ocrx_word' id='word_1_50' title='bbox 1381 911 1540 964; x_wconf 84' lang='lat' dir='ltr'><strong>rebus</strong></span> <span class='ocrx_word' id='word_1_51' title='bbox 1570 908 1815 962; x_wconf 86' lang='lat' dir='ltr'><strong>adversis</strong></span> <span class='ocrx_word' id='word_1_52' title='bbox 1854 908 2127 971; x_wconf 81' lang='lat' dir='ltr'><strong>liberavit,</strong></span> <span class='ocrx_word' id='word_1_53' title='bbox 2163 923 2320 976; x_wconf 90' lang='lat' dir='ltr'><strong>quam</strong></span> 
     </span>
    </p>
   </div>
   <div class='ocr_carea' id='block_1_10' title="bbox 760 999 2322 1070">
    <p class='ocr_par' dir='ltr' id='par_1_10' title="bbox 760 999 2322 1070">
     <span class='ocr_line' id='line_1_10' title="bbox 760 999 2322 1070; baseline -0.004 -11"><span class='ocrx_word' id='word_1_54' title='bbox 760 1020 853 1059; x_wconf 88' lang='lat' dir='ltr'><strong>eos</strong></span> <span class='ocrx_word' id='word_1_55' title='bbox 881 1014 1190 1059; x_wconf 78' lang='lat' dir='ltr'><strong>eventorum</strong></span> <span class='ocrx_word' id='word_1_56' title='bbox 1218 1003 1453 1056; x_wconf 84' lang='lat' dir='ltr'><strong>victores</strong></span> <span class='ocrx_word' id='word_1_57' title='bbox 1482 1001 1679 1055; x_wconf 83' lang='lat' dir='ltr'><strong>eti&#39;ecit.</strong></span> <span class='ocrx_word' id='word_1_58' title='bbox 1702 1000 1886 1070; x_wconf 73' lang='lat' dir='ltr'><strong>(Vens.</strong></span> <span class='ocrx_word' id='word_1_59' title='bbox 1924 999 2218 1067; x_wconf 76' lang='lat' dir='ltr'><strong>19.)Prope</strong></span> <span class='ocrx_word' id='word_1_60' title='bbox 2249 1009 2322 1052; x_wconf 71' lang='lat' dir='ltr'><strong>est</strong></span> 
     </span>
    </p>
   </div>
   <div class='ocr_carea' id='block_1_11' title="bbox 764 1089 2323 1160">
    <p class='ocr_par' dir='ltr' id='par_1_11' title="bbox 764 1089 2323 1160">
     <span class='ocr_line' id='line_1_11' title="bbox 764 1089 2323 1160; baseline -0.004 -13"><span class='ocrx_word' id='word_1_61' title='bbox 764 1095 1016 1147; x_wconf 85' lang='lat' dir='ltr'><strong>Dominus</strong></span> <span class='ocrx_word' id='word_1_62' title='bbox 1052 1093 1115 1145; x_wconf 90' lang='lat' dir='ltr'><strong>iis</strong></span> <span class='ocrx_word' id='word_1_63' title='bbox 1145 1094 1235 1160; x_wconf 87' lang='lat' dir='ltr'><strong>qui</strong></span> <span class='ocrx_word' id='word_1_64' title='bbox 1269 1091 1493 1143; x_wconf 86' lang='lat' dir='ltr'><strong>contrito</strong></span> <span class='ocrx_word' id='word_1_65' title='bbox 1524 1100 1643 1143; x_wconf 89' lang='lat' dir='ltr'><strong>sunt</strong></span> <span class='ocrx_word' id='word_1_66' title='bbox 1680 1091 1857 1151; x_wconf 81' lang='lat' dir='ltr'><strong>corde,</strong></span> <span class='ocrx_word' id='word_1_67' title='bbox 1889 1101 1936 1141; x_wconf 87' lang='lat' dir='ltr'><strong>et</strong></span> <span class='ocrx_word' id='word_1_68' title='bbox 1970 1089 2189 1141; x_wconf 81' lang='lat' dir='ltr'><strong>humiles</strong></span> <span class='ocrx_word' id='word_1_69' title='bbox 2218 1090 2323 1151; x_wconf 87' lang='lat' dir='ltr'><strong>spi-</strong></span> 
     </span>
    </p>
   </div>
   <div class='ocr_carea' id='block_1_12' title="bbox 761 1180 2323 1249">
    <p class='ocr_par' dir='ltr' id='par_1_12' title="bbox 761 1180 2323 1249">
     <span class='ocr_line' id='line_1_12' title="bbox 761 1180 2323 1249; baseline -0.001 -14"><span class='ocrx_word' id='word_1_70' title='bbox 761 1187 868 1236; x_wconf 86' lang='lat' dir='ltr'><strong>ritu</strong></span> <span class='ocrx_word' id='word_1_71' title='bbox 890 1183 1129 1237; x_wconf 78' lang='lat' dir='ltr'><strong>salvabit.</strong></span> <span class='ocrx_word' id='word_1_72' title='bbox 1155 1181 1264 1236; x_wconf 90' lang='lat' dir='ltr'><strong>Sua</strong></span> <span class='ocrx_word' id='word_1_73' title='bbox 1294 1181 1463 1249; x_wconf 89' lang='lat' dir='ltr'><strong>ipsius</strong></span> <span class='ocrx_word' id='word_1_74' title='bbox 1488 1181 1727 1234; x_wconf 85' lang='lat' dir='ltr'><strong>bonitate</strong></span> <span class='ocrx_word' id='word_1_75' title='bbox 1750 1180 2003 1233; x_wconf 91' lang='lat' dir='ltr'><strong>omnibus</strong></span> <span class='ocrx_word' id='word_1_76' title='bbox 2032 1181 2323 1249; x_wconf 86' lang='lat' dir='ltr'><strong>appropin-</strong></span> 
     </span>
    </p>
   </div>
   <div class='ocr_carea' id='block_1_13' title="bbox 762 1269 2327 1341">
    <p class='ocr_par' dir='ltr' id='par_1_13' title="bbox 762 1269 2327 1341">
     <span class='ocr_line' id='line_1_13' title="bbox 762 1269 2327 1341; baseline -0.001 -17"><span class='ocrx_word' id='word_1_77' title='bbox 762 1280 896 1341; x_wconf 85' lang='lat' dir='ltr'><strong>quat</strong></span> <span class='ocrx_word' id='word_1_78' title='bbox 930 1271 1191 1324; x_wconf 85' lang='lat' dir='ltr'><strong>Dominus</strong></span> <span class='ocrx_word' id='word_1_79' title='bbox 1234 1287 1247 1322; x_wconf 88' lang='lat'><strong>:</strong></span> <span class='ocrx_word' id='word_1_80' title='bbox 1284 1283 1387 1322; x_wconf 89' lang='lat' dir='ltr'><strong>nos</strong></span> <span class='ocrx_word' id='word_1_81' title='bbox 1427 1284 1552 1321; x_wconf 90' lang='lat' dir='ltr'><strong>vero</strong></span> <span class='ocrx_word' id='word_1_82' title='bbox 1592 1276 1932 1322; x_wconf 82' lang='lat' dir='ltr'><strong>removemus</strong></span> <span class='ocrx_word' id='word_1_83' title='bbox 1968 1269 2327 1337; x_wconf 85' lang='lat' dir='ltr'><strong>nosmetipsos</strong></span> 
     </span>
    </p>
   </div>
   <div class='ocr_carea' id='block_1_14' title="bbox 762 1356 2327 1431">
    <p class='ocr_par' dir='ltr' id='par_1_14' title="bbox 762 1356 2327 1431">
     <span class='ocr_line' id='line_1_14' title="bbox 762 1356 2327 1431; baseline -0.003 -15"><span class='ocrx_word' id='word_1_84' title='bbox 762 1378 857 1431; x_wconf 90' lang='lat' dir='ltr'><strong>per</strong></span> <span class='ocrx_word' id='word_1_85' title='bbox 906 1374 1209 1429; x_wconf 80' lang='lat' dir='ltr'><strong>peccatum.</strong></span> <span class='ocrx_word' id='word_1_86' title='bbox 1252 1356 1388 1410; x_wconf 84' lang='lat' dir='ltr'><strong>Ecce</strong></span> <span class='ocrx_word' id='word_1_87' title='bbox 1433 1359 1593 1421; x_wconf 83' lang='lat' dir='ltr'><strong>enim,</strong></span> <span class='ocrx_word' id='word_1_88' title='bbox 1627 1358 1835 1425; x_wconf 84' lang='lat' dir='ltr'><strong>inquit,</strong></span> <span class='ocrx_word' id='word_1_89' title='bbox 1870 1358 1957 1422; x_wconf 87' lang='lat' dir='ltr'><strong>qui</strong></span> <span class='ocrx_word' id='word_1_90' title='bbox 1993 1357 2240 1425; x_wconf 84' lang='lat' dir='ltr'><strong>elongant</strong></span> <span class='ocrx_word' id='word_1_91' title='bbox 2273 1376 2327 1411; x_wconf 83' lang='lat' dir='ltr'><strong>se</strong></span> 
     </span>
    </p>
   </div>
   <div class='ocr_carea' id='block_1_15' title="bbox 762 1448 2326 1521">
    <p class='ocr_par' dir='ltr' id='par_1_15' title="bbox 762 1448 2326 1521">
     <span class='ocr_line' id='line_1_15' title="bbox 762 1448 2326 1521; baseline -0.004 -14"><span class='ocrx_word' id='word_1_92' title='bbox 762 1457 853 1507; x_wconf 86' lang='lat' dir='ltr'><strong>abs</strong></span> <span class='ocrx_word' id='word_1_93' title='bbox 890 1464 955 1518; x_wconf 87' lang='lat' dir='ltr'><strong>te,</strong></span> <span class='ocrx_word' id='word_1_94' title='bbox 986 1453 1225 1521; x_wconf 85' lang='lat' dir='ltr'><strong>peribunt</strong></span> <span class='ocrx_word' id='word_1_95' title='bbox 1260 1451 1325 1503; x_wconf 64' lang='grc'><strong>⁸⁸.</strong></span> <span class='ocrx_word' id='word_1_96' title='bbox 1357 1450 1695 1519; x_wconf 86' lang='lat' dir='ltr'><strong>Quapropter</strong></span> <span class='ocrx_word' id='word_1_97' title='bbox 1732 1448 1942 1519; x_wconf 86' lang='lat' dir='ltr'><strong>Moyses</strong></span> <span class='ocrx_word' id='word_1_98' title='bbox 1982 1449 2092 1503; x_wconf 89' lang='lat' dir='ltr'><strong>Deo</strong></span> <span class='ocrx_word' id='word_1_99' title='bbox 2127 1465 2326 1519; x_wconf 88' lang='lat' dir='ltr'><strong>appro-</strong></span> 
     </span>
    </p>
   </div>
   <div class='ocr_carea' id='block_1_16' title="bbox 762 1540 2328 1615">
    <p class='ocr_par' dir='ltr' id='par_1_16' title="bbox 762 1540 2328 1615">
     <span class='ocr_line' id='line_1_16' title="bbox 762 1540 2328 1615; baseline -0.005 -14"><span class='ocrx_word' id='word_1_100' title='bbox 762 1546 1022 1615; x_wconf 89' lang='lat' dir='ltr'><strong>pinquare</strong></span> <span class='ocrx_word' id='word_1_101' title='bbox 1044 1544 1238 1597; x_wconf 91' lang='lat' dir='ltr'><strong>dicitur</strong></span> <span class='ocrx_word' id='word_1_102' title='bbox 1257 1543 1335 1602; x_wconf 61' lang='lat'><strong>3’;</strong></span> <span class='ocrx_word' id='word_1_103' title='bbox 1368 1552 1422 1595; x_wconf 89' lang='lat' dir='ltr'><strong>et</strong></span> <span class='ocrx_word' id='word_1_104' title='bbox 1449 1542 1492 1595; x_wconf 88' lang='lat' dir='ltr'><strong>si</strong></span> <span class='ocrx_word' id='word_1_105' title='bbox 1523 1542 1613 1609; x_wconf 89' lang='lat' dir='ltr'><strong>qui</strong></span> <span class='ocrx_word' id='word_1_106' title='bbox 1642 1540 1782 1595; x_wconf 91' lang='lat' dir='ltr'><strong>alius</strong></span> <span class='ocrx_word' id='word_1_107' title='bbox 1807 1542 1854 1593; x_wconf 80' lang='lat' dir='ltr'><strong>ei</strong></span> <span class='ocrx_word' id='word_1_108' title='bbox 1884 1540 2078 1596; x_wconf 89' lang='lat' dir='ltr'><strong>similis</strong></span> <span class='ocrx_word' id='word_1_109' title='bbox 2105 1551 2208 1609; x_wconf 86' lang='lat' dir='ltr'><strong>est,</strong></span> <span class='ocrx_word' id='word_1_110' title='bbox 2234 1555 2328 1604; x_wconf 86' lang='lat' dir='ltr'><strong>per</strong></span> 
     </span>
    </p>
   </div>
   <div class='ocr_carea' id='block_1_17' title="bbox 762 1633 2328 1705">
    <p class='ocr_par' dir='ltr' id='par_1_17' title="bbox 762 1633 2328 1705">
     <span class='ocr_line' id='line_1_17' title="bbox 762 1633 2328 1705; baseline -0.003 -15"><span class='ocrx_word' id='word_1_111' title='bbox 762 1637 1017 1705; x_wconf 81' lang='lat' dir='ltr'><strong>praeclara</strong></span> <span class='ocrx_word' id='word_1_112' title='bbox 1046 1636 1289 1691; x_wconf 77' lang='lat' dir='ltr'><strong>facinora</strong></span> <span class='ocrx_word' id='word_1_113' title='bbox 1319 1646 1375 1690; x_wconf 92' lang='lat' dir='ltr'><strong>et</strong></span> <span class='ocrx_word' id='word_1_114' title='bbox 1416 1635 1660 1688; x_wconf 85' lang='lat' dir='ltr'><strong>actiones</strong></span> <span class='ocrx_word' id='word_1_115' title='bbox 1696 1633 1864 1688; x_wconf 92' lang='lat' dir='ltr'><strong>bonas</strong></span> <span class='ocrx_word' id='word_1_116' title='bbox 1895 1633 2004 1687; x_wconf 91' lang='lat' dir='ltr'><strong>Deo</strong></span> <span class='ocrx_word' id='word_1_117' title='bbox 2045 1648 2207 1703; x_wconf 89' lang='lat' dir='ltr'><strong>pr0pe</strong></span> <span class='ocrx_word' id='word_1_118' title='bbox 2237 1649 2328 1686; x_wconf 87' lang='lat' dir='ltr'><strong>ac-</strong></span> 
     </span>
    </p>
   </div>
   <div class='ocr_carea' id='block_1_18' title="bbox 762 1724 2330 1793">
    <p class='ocr_par' dir='ltr' id='par_1_18' title="bbox 762 1724 2330 1793">
     <span class='ocr_line' id='line_1_18' title="bbox 762 1724 2330 1793; baseline -0.003 -11"><span class='ocrx_word' id='word_1_119' title='bbox 762 1729 925 1782; x_wconf 86' lang='lat' dir='ltr'><strong>cedit.</strong></span> <span class='ocrx_word' id='word_1_120' title='bbox 959 1728 1084 1783; x_wconf 76' lang='lat' dir='ltr'><strong>Htec</strong></span> <span class='ocrx_word' id='word_1_121' title='bbox 1118 1738 1297 1781; x_wconf 90' lang='lat' dir='ltr'><strong>autem</strong></span> <span class='ocrx_word' id='word_1_122' title='bbox 1337 1726 1502 1779; x_wconf 91' lang='lat' dir='ltr'><strong>verba</strong></span> <span class='ocrx_word' id='word_1_123' title='bbox 1543 1724 1883 1793; x_wconf 80' lang='lat' dir='ltr'><strong>prophetiam</strong></span> <span class='ocrx_word' id='word_1_124' title='bbox 1932 1725 2197 1777; x_wconf 86' lang='lat' dir='ltr'><strong>adventus</strong></span> <span class='ocrx_word' id='word_1_125' title='bbox 2226 1725 2330 1778; x_wconf 81' lang='lat' dir='ltr'><strong>Do-</strong></span> 
     </span>
    </p>
   </div>
   <div class='ocr_carea' id='block_1_19' title="bbox 764 1816 2331 1887">
    <p class='ocr_par' dir='ltr' id='par_1_19' title="bbox 764 1816 2331 1887">
     <span class='ocr_line' id='line_1_19' title="bbox 764 1816 2331 1887; baseline -0.001 -14"><span class='ocrx_word' id='word_1_126' title='bbox 764 1820 894 1873; x_wconf 87' lang='lat' dir='ltr'><strong>mini</strong></span> <span class='ocrx_word' id='word_1_127' title='bbox 929 1819 1108 1887; x_wconf 88' lang='lat' dir='ltr'><strong>palam</strong></span> <span class='ocrx_word' id='word_1_128' title='bbox 1142 1818 1443 1879; x_wconf 88' lang='lat' dir='ltr'><strong>c0ntinent,</strong></span> <span class='ocrx_word' id='word_1_129' title='bbox 1494 1816 1950 1884; x_wconf 83' lang='lat' dir='ltr'><strong>consentinntque</strong></span> <span class='ocrx_word' id='word_1_130' title='bbox 1991 1817 2331 1886; x_wconf 72' lang='lat' dir='ltr'><strong>cum&#39;priori-</strong></span> 
     </span>
    </p>
   </div>
   <div class='ocr_carea' id='block_1_20' title="bbox 2432 640 3991 717">
    <p class='ocr_par' dir='ltr' id='par_1_20' title="bbox 2432 640 3991 717">
     <span class='ocr_line' id='line_1_20' title="bbox 2432 640 3991 717; baseline 0.008 -28"><span class='ocrx_word' id='word_1_131' title='bbox 2432 640 2821 709; x_wconf 81' lang='grc' dir='ltr'><strong>μικροπρεπὲς,</strong></span> <span class='ocrx_word' id='word_1_132' title='bbox 2846 641 2965 693; x_wconf 71' lang='grc' dir='ltr'>οὐδὲ</span> <span class='ocrx_word' id='word_1_133' title='bbox 2989 644 3194 711; x_wconf 77' lang='grc' dir='ltr'><strong>γήϊνον,</strong></span> <span class='ocrx_word' id='word_1_134' title='bbox 3220 643 3338 697; x_wconf 78' lang='grc' dir='ltr'><strong>οὑδέ</strong></span> <span class='ocrx_word' id='word_1_135' title='bbox 3361 646 3611 699; x_wconf 81' lang='grc' dir='ltr'>ταπεινὸν</span> <span class='ocrx_word' id='word_1_136' title='bbox 3630 646 3991 717; x_wconf 83' lang='grc' dir='ltr'>ἐπεζήτησαν.</span> 
     </span>
    </p>
   </div>
   <div class='ocr_carea' id='block_1_21' title="bbox 2428 730 3994 808">
    <p class='ocr_par' dir='ltr' id='par_1_21' title="bbox 2428 730 3994 808">
     <span class='ocr_line' id='line_1_21' title="bbox 2428 730 3994 808; baseline 0.007 -28"><span class='ocrx_word' id='word_1_137' title='bbox 2428 730 2525 782; x_wconf 87' lang='grc' dir='ltr'>Διά</span> <span class='ocrx_word' id='word_1_138' title='bbox 2558 730 2713 782; x_wconf 76' lang='grc' dir='ltr'>τοῦτο</span> <span class='ocrx_word' id='word_1_139' title='bbox 2746 732 2919 784; x_wconf 80' lang='grc' dir='ltr'>αὐτῶν</span> <span class='ocrx_word' id='word_1_140' title='bbox 2963 732 3291 802; x_wconf 80' lang='grc' dir='ltr'>παρεδέξατο</span> <span class='ocrx_word' id='word_1_141' title='bbox 3337 736 3434 806; x_wconf 76' lang='grc' dir='ltr'><strong>τὴν</strong></span> <span class='ocrx_word' id='word_1_142' title='bbox 3480 737 3659 807; x_wconf 77' lang='grc' dir='ltr'>φωνὴν</span> <span class='ocrx_word' id='word_1_143' title='bbox 3703 740 3730 790; x_wconf 85' lang='grc' dir='ltr'>ὁ</span> <span class='ocrx_word' id='word_1_144' title='bbox 3768 738 3994 808; x_wconf 79' lang='grc' dir='ltr'>Κύριος,</span> 
     </span>
    </p>
   </div>
   <div class='ocr_carea' id='block_1_22' title="bbox 2429 820 3993 896">
    <p class='ocr_par' dir='ltr' id='par_1_22' title="bbox 2429 820 3993 896">
     <span class='ocr_line' id='line_1_22' title="bbox 2429 820 3993 896; baseline 0.006 -25"><span class='ocrx_word' id='word_1_145' title='bbox 2429 821 2522 872; x_wconf 71' lang='grc' dir='ltr'><strong>καὶ</strong></span> <span class='ocrx_word' id='word_1_146' title='bbox 2546 822 2611 872; x_wconf 89' lang='grc' dir='ltr'><strong>ἐκ</strong></span> <span class='ocrx_word' id='word_1_147' title='bbox 2654 820 2840 873; x_wconf 80' lang='grc' dir='ltr'>πασῶν</span> <span class='ocrx_word' id='word_1_148' title='bbox 2872 822 2977 873; x_wconf 85' lang='grc' dir='ltr'><strong>τῶν</strong></span> <span class='ocrx_word' id='word_1_149' title='bbox 3001 821 3229 891; x_wconf 72' lang='grc' dir='ltr'>θλίψεων</span> <span class='ocrx_word' id='word_1_150' title='bbox 3262 824 3437 877; x_wconf 81' lang='grc' dir='ltr'>αὐτῶν</span> <span class='ocrx_word' id='word_1_151' title='bbox 3463 826 3723 896; x_wconf 78' lang='grc' dir='ltr'>ἐρρύσατο</span> <span class='ocrx_word' id='word_1_152' title='bbox 3763 828 3957 891; x_wconf 78' lang='grc' dir='ltr'>αὐτούς</span> <span class='ocrx_word' id='word_1_153' title='bbox 3980 845 3993 858; x_wconf 93' lang='grc'><strong>·</strong></span> 
     </span>
    </p>
   </div>
   <div class='ocr_carea' id='block_1_23' title="bbox 2428 912 3999 990">
    <p class='ocr_par' dir='ltr' id='par_1_23' title="bbox 2428 912 3999 990">
     <span class='ocr_line' id='line_1_23' title="bbox 2428 912 3999 990; baseline 0.004 -26"><span class='ocrx_word' id='word_1_154' title='bbox 2428 913 2487 964; x_wconf 78' lang='grc' dir='ltr'><strong>οὐ</strong></span> <span class='ocrx_word' id='word_1_155' title='bbox 2514 912 2763 966; x_wconf 79' lang='grc' dir='ltr'>τοσοῦτον</span> <span class='ocrx_word' id='word_1_156' title='bbox 2786 912 3030 965; x_wconf 82' lang='grc' dir='ltr'><strong>ἀπολύων</strong></span> <span class='ocrx_word' id='word_1_157' title='bbox 3051 914 3245 978; x_wconf 75' lang='grc' dir='ltr'>αὐτοὺς</span> <span class='ocrx_word' id='word_1_158' title='bbox 3268 916 3375 968; x_wconf 84' lang='grc' dir='ltr'><strong>τῶν</strong></span> <span class='ocrx_word' id='word_1_159' title='bbox 3399 918 3662 988; x_wconf 81' lang='grc' dir='ltr'><strong>ὀχληρῶν,</strong></span> <span class='ocrx_word' id='word_1_160' title='bbox 3686 920 3805 971; x_wconf 83' lang='grc' dir='ltr'>ὅσον</span> <span class='ocrx_word' id='word_1_161' title='bbox 3822 919 3999 990; x_wconf 75' lang='grc' dir='ltr'>κρείτο</span> 
     </span>
    </p>
   </div>
   <div class='ocr_carea' id='block_1_24' title="bbox 2430 1002 3999 1079">
    <p class='ocr_par' dir='ltr' id='par_1_24' title="bbox 2430 1002 3999 1079">
     <span class='ocr_line' id='line_1_24' title="bbox 2430 1002 3999 1079; baseline 0.006 -25"><span class='ocrx_word' id='word_1_162' title='bbox 2430 1020 2586 1066; x_wconf 83' lang='grc' dir='ltr'>τονας</span> <span class='ocrx_word' id='word_1_163' title='bbox 2645 1002 2752 1055; x_wconf 88' lang='grc' dir='ltr'><strong>τῶν</strong></span> <span class='ocrx_word' id='word_1_164' title='bbox 2808 1004 3207 1073; x_wconf 78' lang='grc' dir='ltr'>συμϐαινόντων</span> <span class='ocrx_word' id='word_1_165' title='bbox 3272 1010 3713 1073; x_wconf 79' lang='grc' dir='ltr'>κατασκευάζων.</span> <span class='ocrx_word' id='word_1_166' title='bbox 3786 1010 3999 1079; x_wconf 70' lang='grc' dir='ltr'><strong>Ἑττὺς</strong></span> 
     </span>
    </p>
   </div>
   <div class='ocr_carea' id='block_1_25' title="bbox 2430 1096 3995 1170">
    <p class='ocr_par' dir='ltr' id='par_1_25' title="bbox 2430 1096 3995 1170">
     <span class='ocr_line' id='line_1_25' title="bbox 2430 1096 3995 1170; baseline 0.004 -21"><span class='ocrx_word' id='word_1_167' title='bbox 2430 1098 2645 1164; x_wconf 83' lang='grc' dir='ltr'>Κύριος</span> <span class='ocrx_word' id='word_1_168' title='bbox 2687 1096 2810 1161; x_wconf 81' lang='grc' dir='ltr'>τοῖς</span> <span class='ocrx_word' id='word_1_169' title='bbox 2855 1100 3373 1168; x_wconf 77' lang='grc' dir='ltr'><strong>συντετριμμένοις</strong></span> <span class='ocrx_word' id='word_1_170' title='bbox 3419 1101 3531 1167; x_wconf 80' lang='grc' dir='ltr'>τὴν</span> <span class='ocrx_word' id='word_1_171' title='bbox 3576 1101 3856 1170; x_wconf 78' lang='grc' dir='ltr'><strong>καρδίαν,</strong></span> <span class='ocrx_word' id='word_1_172' title='bbox 3896 1104 3995 1155; x_wconf 78' lang='grc' dir='ltr'>καὶ</span> 
     </span>
    </p>
   </div>
   <div class='ocr_carea' id='block_1_26' title="bbox 2432 1189 3997 1263">
    <p class='ocr_par' dir='ltr' id='par_1_26' title="bbox 2432 1189 3997 1263">
     <span class='ocr_line' id='line_1_26' title="bbox 2432 1189 3997 1263; baseline 0.004 -23"><span class='ocrx_word' id='word_1_173' title='bbox 2432 1190 2569 1254; x_wconf 87' lang='grc' dir='ltr'>τοὺς</span> <span class='ocrx_word' id='word_1_174' title='bbox 2621 1189 2936 1254; x_wconf 75' lang='grc' dir='ltr'>ταπεινοὺς</span> <span class='ocrx_word' id='word_1_175' title='bbox 2987 1190 3065 1254; x_wconf 83' lang='grc' dir='ltr'>τῷ</span> <span class='ocrx_word' id='word_1_176' title='bbox 3101 1192 3385 1259; x_wconf 81' lang='grc' dir='ltr'>πνεύματι</span> <span class='ocrx_word' id='word_1_177' title='bbox 3428 1191 3635 1254; x_wconf 85' lang='grc' dir='ltr'>σώσει.</span> <span class='ocrx_word' id='word_1_178' title='bbox 3678 1195 3754 1263; x_wconf 83' lang='grc' dir='ltr'><strong>Τῇ</strong></span> <span class='ocrx_word' id='word_1_179' title='bbox 3802 1193 3997 1246; x_wconf 71' lang='grc' dir='ltr'>ἑαυτοῦ</span> 
     </span>
    </p>
   </div>
   <div class='ocr_carea' id='block_1_27' title="bbox 2433 1281 4000 1355">
    <p class='ocr_par' dir='ltr' id='par_1_27' title="bbox 2433 1281 4000 1355">
     <span class='ocr_line' id='line_1_27' title="bbox 2433 1281 4000 1355; baseline 0.004 -23"><span class='ocrx_word' id='word_1_180' title='bbox 2433 1281 2722 1351; x_wconf 83' lang='grc' dir='ltr'>ἀγαθότητι</span> <span class='ocrx_word' id='word_1_181' title='bbox 2780 1282 2941 1333; x_wconf 80' lang='grc' dir='ltr'>πᾶσιν</span> <span class='ocrx_word' id='word_1_182' title='bbox 3002 1281 3234 1349; x_wconf 73' lang='grc' dir='ltr'>ἐγγίζει·</span> <span class='ocrx_word' id='word_1_183' title='bbox 3287 1284 3631 1355; x_wconf 80' lang='grc' dir='ltr'>μακρύνομεν</span> <span class='ocrx_word' id='word_1_184' title='bbox 3674 1284 3729 1337; x_wconf 81' lang='grc' dir='ltr'>δὲ</span> <span class='ocrx_word' id='word_1_185' title='bbox 3774 1286 4000 1347; x_wconf 73' lang='grc' dir='ltr'>ἑαυτοὺς</span> 
     </span>
    </p>
   </div>
   <div class='ocr_carea' id='block_1_28' title="bbox 2435 1369 3999 1442">
    <p class='ocr_par' dir='ltr' id='par_1_28' title="bbox 2435 1369 3999 1442">
     <span class='ocr_line' id='line_1_28' title="bbox 2435 1369 3999 1442; baseline 0.003 -22"><span class='ocrx_word' id='word_1_186' title='bbox 2435 1371 2591 1439; x_wconf 81' lang='grc' dir='ltr'>ἡμεῖς</span> <span class='ocrx_word' id='word_1_187' title='bbox 2616 1371 2700 1422; x_wconf 80' lang='grc' dir='ltr'>διὰ</span> <span class='ocrx_word' id='word_1_188' title='bbox 2728 1370 2826 1439; x_wconf 77' lang='grc' dir='ltr'><strong>τῆς</strong></span> <span class='ocrx_word' id='word_1_189' title='bbox 2879 1369 3167 1441; x_wconf 82' lang='grc' dir='ltr'>ἁμαρτίας.</span> <span class='ocrx_word' id='word_1_190' title='bbox 3213 1370 3363 1424; x_wconf 87' lang='grc' dir='ltr'>Ἰδοὺ</span> <span class='ocrx_word' id='word_1_191' title='bbox 3397 1373 3534 1439; x_wconf 75' lang='grc' dir='ltr'>γὰρ,</span> <span class='ocrx_word' id='word_1_192' title='bbox 3582 1372 3772 1442; x_wconf 75' lang='grc' dir='ltr'>φησὶν,</span> <span class='ocrx_word' id='word_1_193' title='bbox 3799 1373 3852 1424; x_wconf 77' lang='grc' dir='ltr'>οι</span> <span class='ocrx_word' id='word_1_194' title='bbox 3885 1387 3999 1439; x_wconf 84' lang='grc' dir='ltr'>μα·-</span> 
     </span>
    </p>
   </div>
   <div class='ocr_carea' id='block_1_29' title="bbox 2435 1461 4001 1527">
    <p class='ocr_par' dir='ltr' id='par_1_29' title="bbox 2435 1461 4001 1527">
     <span class='ocr_line' id='line_1_29' title="bbox 2435 1461 4001 1527; baseline 0.003 -17"><span class='ocrx_word' id='word_1_195' title='bbox 2435 1461 2750 1527; x_wconf 79' lang='grc' dir='ltr'>κρύνοντες</span> <span class='ocrx_word' id='word_1_196' title='bbox 2798 1461 3047 1526; x_wconf 73' lang='grc' dir='ltr'>ἑαυτοὺς</span> <span class='ocrx_word' id='word_1_197' title='bbox 3105 1461 3222 1514; x_wconf 77' lang='grc' dir='ltr'>ἀπὸ</span> <span class='ocrx_word' id='word_1_198' title='bbox 3273 1462 3409 1526; x_wconf 83' lang='grc' dir='ltr'>σοῦ,</span> <span class='ocrx_word' id='word_1_199' title='bbox 3464 1463 3848 1517; x_wconf 76' lang='grc' dir='ltr'>ἀπολοῦνται.</span> <span class='ocrx_word' id='word_1_200' title='bbox 3902 1461 4001 1515; x_wconf 84' lang='grc' dir='ltr'>Διά</span> 
     </span>
    </p>
   </div>
   <div class='ocr_carea' id='block_1_30' title="bbox 2435 1548 3997 1625">
    <p class='ocr_par' dir='ltr' id='par_1_30' title="bbox 2435 1548 3997 1625">
     <span class='ocr_line' id='line_1_30' title="bbox 2435 1548 3997 1625; baseline 0.002 -23"><span class='ocrx_word' id='word_1_201' title='bbox 2435 1548 2587 1603; x_wconf 79' lang='grc' dir='ltr'>τοῦτο</span> <span class='ocrx_word' id='word_1_202' title='bbox 2636 1553 2870 1623; x_wconf 82' lang='grc' dir='ltr'>Μωῦσῆς</span> <span class='ocrx_word' id='word_1_203' title='bbox 2903 1554 3139 1622; x_wconf 76' lang='grc' dir='ltr'><strong>ἐγγίζειν</strong></span> <span class='ocrx_word' id='word_1_204' title='bbox 3179 1553 3391 1621; x_wconf 83' lang='grc' dir='ltr'>λέγεται</span> <span class='ocrx_word' id='word_1_205' title='bbox 3419 1553 3495 1623; x_wconf 79' lang='grc' dir='ltr'>τῷ</span> <span class='ocrx_word' id='word_1_206' title='bbox 3523 1554 3639 1625; x_wconf 80' lang='grc' dir='ltr'>Θεῷ</span> <span class='ocrx_word' id='word_1_207' title='bbox 3663 1573 3676 1585; x_wconf 88' lang='grc'><strong>·</strong></span> <span class='ocrx_word' id='word_1_208' title='bbox 3714 1556 3805 1608; x_wconf 74' lang='grc' dir='ltr'><strong>καὶ</strong></span> <span class='ocrx_word' id='word_1_209' title='bbox 3836 1555 3888 1606; x_wconf 74' lang='grc' dir='ltr'>εἴ</span> <span class='ocrx_word' id='word_1_210' title='bbox 3914 1571 3997 1616; x_wconf 82' lang='grc' dir='ltr'><strong>τις</strong></span> 
     </span>
    </p>
   </div>
   <div class='ocr_carea' id='block_1_31' title="bbox 2435 1641 4001 1716">
    <p class='ocr_par' dir='ltr' id='par_1_31' title="bbox 2435 1641 4001 1716">
     <span class='ocr_line' id='line_1_31' title="bbox 2435 1641 4001 1716; baseline 0.002 -20"><span class='ocrx_word' id='word_1_211' title='bbox 2435 1641 2591 1704; x_wconf 81' lang='grc' dir='ltr'>ἄλλος</span> <span class='ocrx_word' id='word_1_212' title='bbox 2639 1645 3008 1713; x_wconf 80' lang='grc' dir='ltr'>παραπλήσιος</span> <span class='ocrx_word' id='word_1_213' title='bbox 3054 1646 3266 1716; x_wconf 85' lang='grc' dir='ltr'>ἐκείνῳ,</span> <span class='ocrx_word' id='word_1_214' title='bbox 3296 1645 3361 1697; x_wconf 78' lang='grc' dir='ltr'>δι’</span> <span class='ocrx_word' id='word_1_215' title='bbox 3406 1644 3864 1716; x_wconf 81' lang='grc' dir='ltr'>ἀνδραγαθήματα</span> <span class='ocrx_word' id='word_1_216' title='bbox 3906 1646 4001 1699; x_wconf 82' lang='grc' dir='ltr'><strong>καὶ</strong></span> 
     </span>
    </p>
   </div>
   <div class='ocr_carea' id='block_1_32' title="bbox 2436 1732 4001 1810">
    <p class='ocr_par' dir='ltr' id='par_1_32' title="bbox 2436 1732 4001 1810">
     <span class='ocr_line' id='line_1_32' title="bbox 2436 1732 4001 1810; baseline 0.004 -25"><span class='ocrx_word' id='word_1_217' title='bbox 2436 1732 2661 1805; x_wconf 79' lang='grc' dir='ltr'>πράξεις</span> <span class='ocrx_word' id='word_1_218' title='bbox 2702 1735 2908 1802; x_wconf 78' lang='grc' dir='ltr'>ἀγαθὰς</span> <span class='ocrx_word' id='word_1_219' title='bbox 2952 1738 3112 1806; x_wconf 77' lang='grc' dir='ltr'>ἐγγὺς</span> <span class='ocrx_word' id='word_1_220' title='bbox 3146 1739 3349 1807; x_wconf 87' lang='grc' dir='ltr'>γίνεται</span> <span class='ocrx_word' id='word_1_221' title='bbox 3392 1736 3484 1791; x_wconf 77' lang='grc' dir='ltr'>τοῦ</span> <span class='ocrx_word' id='word_1_222' title='bbox 3526 1738 3678 1791; x_wconf 80' lang='grc' dir='ltr'>Θεοῦ.</span> <span class='ocrx_word' id='word_1_223' title='bbox 3712 1741 4001 1810; x_wconf 82' lang='grc' dir='ltr'>Ἀντικρυς</span> 
     </span>
    </p>
   </div>
   <div class='ocr_carea' id='block_1_33' title="bbox 2435 1826 4000 1900">
    <p class='ocr_par' dir='ltr' id='par_1_33' title="bbox 2435 1826 4000 1900">
     <span class='ocr_line' id='line_1_33' title="bbox 2435 1826 4000 1900; baseline 0.003 -22"><span class='ocrx_word' id='word_1_224' title='bbox 2435 1826 2491 1879; x_wconf 81' lang='grc' dir='ltr'>δὲ</span> <span class='ocrx_word' id='word_1_225' title='bbox 2540 1828 2875 1897; x_wconf 80' lang='grc' dir='ltr'>προφητείαν</span> <span class='ocrx_word' id='word_1_226' title='bbox 2922 1827 3031 1897; x_wconf 80' lang='grc' dir='ltr'>ἔχει</span> <span class='ocrx_word' id='word_1_227' title='bbox 3057 1831 3084 1881; x_wconf 86' lang='grc' dir='ltr'>ὁ</span> <span class='ocrx_word' id='word_1_228' title='bbox 3130 1831 3283 1899; x_wconf 82' lang='grc' dir='ltr'><strong>λόγος</strong></span> <span class='ocrx_word' id='word_1_229' title='bbox 3309 1830 3408 1900; x_wconf 81' lang='grc' dir='ltr'>τῆς</span> <span class='ocrx_word' id='word_1_230' title='bbox 3445 1829 3733 1900; x_wconf 76' lang='grc' dir='ltr'>ἐπιδημίας</span> <span class='ocrx_word' id='word_1_231' title='bbox 3762 1830 3857 1883; x_wconf 79' lang='grc' dir='ltr'>τοῦ</span> <span class='ocrx_word' id='word_1_232' title='bbox 3888 1833 4000 1884; x_wconf 85' lang='grc' dir='ltr'><strong>Κυ-</strong></span> 
     </span>
    </p>
   </div>
   <div class='ocr_carea' id='block_1_34' title="bbox 765 1906 2447 1993">
    <p class='ocr_par' dir='ltr' id='par_1_34' title="bbox 765 1906 2447 1988">
     <span class='ocr_line' id='line_1_34' title="bbox 765 1906 2447 1988; baseline -0.001 -25"><span class='ocrx_word' id='word_1_233' title='bbox 765 1909 884 1963; x_wconf 84' lang='lat' dir='ltr'><strong>bus.</strong></span> <span class='ocrx_word' id='word_1_234' title='bbox 939 1910 1054 1963; x_wconf 82' lang='lat' dir='ltr'><strong>Illic</strong></span> <span class='ocrx_word' id='word_1_235' title='bbox 1111 1910 1254 1962; x_wconf 91' lang='lat' dir='ltr'><strong>enim</strong></span> <span class='ocrx_word' id='word_1_236' title='bbox 1311 1909 1592 1963; x_wconf 88' lang='lat' dir='ltr'><strong>dicebatur</strong></span> <span class='ocrx_word' id='word_1_237' title='bbox 1639 1921 1654 1961; x_wconf 90' lang='lat'><strong>:</strong></span> <span class='ocrx_word' id='word_1_238' title='bbox 1699 1906 1884 1960; x_wconf 85' lang='lat' dir='ltr'><strong>Vultus</strong></span> <span class='ocrx_word' id='word_1_239' title='bbox 1917 1907 2127 1960; x_wconf 85' lang='lat' dir='ltr'><strong>Domini</strong></span> <span class='ocrx_word' id='word_1_240' title='bbox 2177 1924 2332 1975; x_wconf 89' lang='lat' dir='ltr'><strong>super</strong></span> <span class='ocrx_word' id='word_1_241' title='bbox 2363 1922 2447 1988; x_wconf 49' lang='grc' dir='ltr'><strong>Β(</strong></span> 
     </span>
    </p>
   </div>
   <div class='ocr_carea' id='block_1_35' title="bbox 2318 1906 4000 1993">
    <p class='ocr_par' dir='ltr' id='par_1_35' title="bbox 2318 1918 4000 1993">
     <span class='ocr_line' id='line_1_35' title="bbox 2318 1918 4000 1993; baseline 0.002 -22"><span class='ocrx_word' id='word_1_242' title='bbox 2318 1924 2332 1949; x_wconf 56' lang='grc' dir='ltr'><em>ν</em></span> <span class='ocrx_word' id='word_1_243' title='bbox 2363 1922 2403 1976; x_wconf 85' lang='grc' dir='ltr'>Β</span> <span class='ocrx_word' id='word_1_244' title='bbox 2436 1918 2583 1988; x_wconf 84' lang='grc' dir='ltr'>ρίου,</span> <span class='ocrx_word' id='word_1_245' title='bbox 2616 1920 2707 1971; x_wconf 69' lang='grc' dir='ltr'>καὶ</span> <span class='ocrx_word' id='word_1_246' title='bbox 2755 1919 3039 1989; x_wconf 81' lang='grc' dir='ltr'>σύμφωνος</span> <span class='ocrx_word' id='word_1_247' title='bbox 3082 1920 3157 1989; x_wconf 83' lang='grc' dir='ltr'><strong>τῷ</strong></span> <span class='ocrx_word' id='word_1_248' title='bbox 3202 1922 3511 1992; x_wconf 76' lang='grc' dir='ltr'>προάγοντι.</span> <span class='ocrx_word' id='word_1_249' title='bbox 3554 1922 3701 1975; x_wconf 84' lang='grc' dir='ltr'>Ἐκεῖ</span> <span class='ocrx_word' id='word_1_250' title='bbox 3751 1924 3846 1992; x_wconf 82' lang='grc' dir='ltr'><strong>μὲν</strong></span> <span class='ocrx_word' id='word_1_251' title='bbox 3892 1924 4000 1993; x_wconf 79' lang='grc' dir='ltr'>γὰρ</span> 
     </span>
    </p>
   </div>
   <div class='ocr_carea' id='block_1_36' title="bbox 765 2000 2328 2070">
    <p class='ocr_par' dir='ltr' id='par_1_36' title="bbox 765 2000 2328 2070">
     <span class='ocr_line' id='line_1_36' title="bbox 765 2000 2328 2070; baseline 0.001 -17"><span class='ocrx_word' id='word_1_252' title='bbox 765 2002 1012 2070; x_wconf 79' lang='lat' dir='ltr'><strong>facientes</strong></span> <span class='ocrx_word' id='word_1_253' title='bbox 1041 2003 1213 2066; x_wconf 88' lang='lat' dir='ltr'><strong>mala,</strong></span> <span class='ocrx_word' id='word_1_254' title='bbox 1247 2002 1347 2055; x_wconf 91' lang='lat' dir='ltr'><strong>hoc</strong></span> <span class='ocrx_word' id='word_1_255' title='bbox 1378 2010 1480 2067; x_wconf 89' lang='lat' dir='ltr'><strong>est,</strong></span> <span class='ocrx_word' id='word_1_256' title='bbox 1536 2000 1653 2067; x_wconf 89' lang='lat' dir='ltr'><strong>ejus</strong></span> <span class='ocrx_word' id='word_1_257' title='bbox 1684 2002 1735 2053; x_wconf 93' lang='lat' dir='ltr'><strong>in</strong></span> <span class='ocrx_word' id='word_1_258' title='bbox 1767 2000 1970 2068; x_wconf 87' lang='lat' dir='ltr'><strong>judicio</strong></span> <span class='ocrx_word' id='word_1_259' title='bbox 2006 2012 2328 2065; x_wconf 85' lang='lat' dir='ltr'><strong>conspectus</strong></span> 
     </span>
    </p>
   </div>
   <div class='ocr_carea' id='block_1_37' title="bbox 764 2093 2328 2161">
    <p class='ocr_par' dir='ltr' id='par_1_37' title="bbox 764 2093 2328 2161">
     <span class='ocr_line' id='line_1_37' title="bbox 764 2093 2328 2161; baseline -0.001 -14"><span class='ocrx_word' id='word_1_260' title='bbox 764 2094 833 2147; x_wconf 87' lang='lat' dir='ltr'><strong>ad</strong></span> <span class='ocrx_word' id='word_1_261' title='bbox 851 2094 1264 2161; x_wconf 89' lang='lat' dir='ltr'><strong>disperdendam</strong></span> <span class='ocrx_word' id='word_1_262' title='bbox 1297 2109 1514 2147; x_wconf 84' lang='lat' dir='ltr'><strong>omnem</strong></span> <span class='ocrx_word' id='word_1_263' title='bbox 1540 2094 1881 2160; x_wconf 84' lang='lat' dir='ltr'><strong>iniquitatem</strong></span> <span class='ocrx_word' id='word_1_264' title='bbox 1910 2093 2035 2145; x_wconf 82' lang='lat' dir='ltr'><strong>lict:</strong></span> <span class='ocrx_word' id='word_1_265' title='bbox 2065 2093 2153 2145; x_wconf 89' lang='lat' dir='ltr'><strong>hic</strong></span> <span class='ocrx_word' id='word_1_266' title='bbox 2181 2108 2328 2158; x_wconf 83' lang='lat' dir='ltr'><strong>vero,</strong></span> 
     </span>
    </p>
   </div>
   <div class='ocr_carea' id='block_1_38' title="bbox 766 2182 2332 2252">
    <p class='ocr_par' dir='ltr' id='par_1_38' title="bbox 766 2182 2332 2252">
     <span class='ocr_line' id='line_1_38' title="bbox 766 2182 2332 2252; baseline -0.001 -15"><span class='ocrx_word' id='word_1_267' title='bbox 766 2182 937 2251; x_wconf 86' lang='lat' dir='ltr'><strong>Prope</strong></span> <span class='ocrx_word' id='word_1_268' title='bbox 965 2194 1038 2237; x_wconf 85' lang='lat' dir='ltr'><strong>est</strong></span> <span class='ocrx_word' id='word_1_269' title='bbox 1083 2185 1332 2235; x_wconf 81' lang='lat' dir='ltr'><strong>Dominus</strong></span> <span class='ocrx_word' id='word_1_270' title='bbox 1369 2184 1433 2235; x_wconf 85' lang='lat' dir='ltr'><strong>iis</strong></span> <span class='ocrx_word' id='word_1_271' title='bbox 1467 2183 1553 2252; x_wconf 88' lang='lat' dir='ltr'><strong>qui</strong></span> <span class='ocrx_word' id='word_1_272' title='bbox 1600 2185 1823 2234; x_wconf 89' lang='lat' dir='ltr'><strong>contrito</strong></span> <span class='ocrx_word' id='word_1_273' title='bbox 1864 2193 1985 2234; x_wconf 85' lang='lat' dir='ltr'><strong>sunt</strong></span> <span class='ocrx_word' id='word_1_274' title='bbox 2015 2184 2190 2247; x_wconf 86' lang='lat' dir='ltr'><strong>corde,</strong></span> <span class='ocrx_word' id='word_1_275' title='bbox 2228 2183 2332 2235; x_wconf 87' lang='lat' dir='ltr'><strong>Do-</strong></span> 
     </span>
    </p>
   </div>
   <div class='ocr_carea' id='block_1_39' title="bbox 768 2274 2333 2343">
    <p class='ocr_par' dir='ltr' id='par_1_39' title="bbox 768 2274 2333 2343">
     <span class='ocr_line' id='line_1_39' title="bbox 768 2274 2333 2343; baseline 0.002 -18"><span class='ocrx_word' id='word_1_276' title='bbox 768 2275 896 2326; x_wconf 87' lang='lat' dir='ltr'><strong>mini</strong></span> <span class='ocrx_word' id='word_1_277' title='bbox 931 2276 981 2327; x_wconf 95' lang='lat' dir='ltr'><strong>in</strong></span> <span class='ocrx_word' id='word_1_278' title='bbox 1013 2288 1179 2328; x_wconf 83' lang='lat' dir='ltr'><strong>carne</strong></span> <span class='ocrx_word' id='word_1_279' title='bbox 1206 2276 1491 2329; x_wconf 86' lang='lat' dir='ltr'><strong>adventum</strong></span> <span class='ocrx_word' id='word_1_280' title='bbox 1522 2274 1866 2343; x_wconf 77' lang='lat' dir='ltr'><strong>pramuntiat,</strong></span> <span class='ocrx_word' id='word_1_281' title='bbox 1900 2274 2333 2342; x_wconf 87' lang='lat' dir='ltr'><strong>appropinquan-</strong></span> 
     </span>
    </p>
   </div>
   <div class='ocr_carea' id='block_1_40' title="bbox 768 2364 2328 2435">
    <p class='ocr_par' dir='ltr' id='par_1_40' title="bbox 768 2364 2328 2435">
     <span class='ocr_line' id='line_1_40' title="bbox 768 2364 2328 2435; baseline 0.001 -17"><span class='ocrx_word' id='word_1_282' title='bbox 768 2375 875 2419; x_wconf 91' lang='lat' dir='ltr'><strong>tem</strong></span> <span class='ocrx_word' id='word_1_283' title='bbox 899 2367 1033 2435; x_wconf 88' lang='lat' dir='ltr'><strong>jam,</strong></span> <span class='ocrx_word' id='word_1_284' title='bbox 1062 2376 1119 2420; x_wconf 90' lang='lat' dir='ltr'><strong>et</strong></span> <span class='ocrx_word' id='word_1_285' title='bbox 1147 2382 1250 2420; x_wconf 92' lang='lat' dir='ltr'><strong>non</strong></span> <span class='ocrx_word' id='word_1_286' title='bbox 1289 2364 1475 2435; x_wconf 89' lang='lat' dir='ltr'><strong>procul</strong></span> <span class='ocrx_word' id='word_1_287' title='bbox 1510 2366 1824 2419; x_wconf 87' lang='lat' dir='ltr'><strong>distantem.</strong></span> <span class='ocrx_word' id='word_1_288' title='bbox 1852 2365 2027 2432; x_wconf 83' lang='lat' dir='ltr'><strong>Atque</strong></span> <span class='ocrx_word' id='word_1_289' title='bbox 2060 2366 2221 2435; x_wconf 84' lang='lat' dir='ltr'><strong>hujus</strong></span> <span class='ocrx_word' id='word_1_290' title='bbox 2252 2366 2328 2420; x_wconf 90' lang='lat' dir='ltr'><strong>rei</strong></span> 
     </span>
    </p>
   </div>
   <div class='ocr_carea' id='block_1_41' title="bbox 771 2454 2329 2527">
    <p class='ocr_par' dir='ltr' id='par_1_41' title="bbox 771 2454 2329 2527">
     <span class='ocr_line' id='line_1_41' title="bbox 771 2454 2329 2527; baseline -0.001 -18"><span class='ocrx_word' id='word_1_291' title='bbox 771 2456 935 2512; x_wconf 73' lang='lat' dir='ltr'><strong>faciat</strong></span> <span class='ocrx_word' id='word_1_292' title='bbox 971 2458 1063 2512; x_wconf 87' lang='lat' dir='ltr'><strong>tibi</strong></span> <span class='ocrx_word' id='word_1_293' title='bbox 1115 2458 1271 2511; x_wconf 81' lang='lat' dir='ltr'><strong>ﬁdem</strong></span> <span class='ocrx_word' id='word_1_294' title='bbox 1317 2458 1601 2527; x_wconf 85' lang='lat' dir='ltr'><strong>prophetia</strong></span> <span class='ocrx_word' id='word_1_295' title='bbox 1658 2456 1853 2509; x_wconf 64' lang='lat' dir='ltr'><strong>Isaiae:</strong></span> <span class='ocrx_word' id='word_1_296' title='bbox 1902 2454 2137 2522; x_wconf 79' lang='lat' dir='ltr'><strong>Spiritus</strong></span> <span class='ocrx_word' id='word_1_297' title='bbox 2189 2458 2329 2511; x_wconf 86' lang='lat' dir='ltr'><strong>enim</strong></span> 
     </span>
    </p>
   </div>
   <div class='ocr_carea' id='block_1_42' title="bbox 765 2546 2331 2617">
    <p class='ocr_par' dir='ltr' id='par_1_42' title="bbox 765 2546 2331 2617">
     <span class='ocr_line' id='line_1_42' title="bbox 765 2546 2331 2617; baseline -0.002 -15"><span class='ocrx_word' id='word_1_298' title='bbox 765 2547 976 2602; x_wconf 83' lang='lat' dir='ltr'><strong>Domini</strong></span> <span class='ocrx_word' id='word_1_299' title='bbox 1006 2564 1160 2617; x_wconf 85' lang='lat' dir='ltr'><strong>super</strong></span> <span class='ocrx_word' id='word_1_300' title='bbox 1189 2564 1268 2601; x_wconf 85' lang='lat' dir='ltr'><strong>me</strong></span> <span class='ocrx_word' id='word_1_301' title='bbox 1300 2564 1317 2601; x_wconf 94' lang='lat'><strong><em>:</em></strong></span> <span class='ocrx_word' id='word_1_302' title='bbox 1356 2556 1563 2616; x_wconf 83' lang='lat' dir='ltr'><strong>propter</strong></span> <span class='ocrx_word' id='word_1_303' title='bbox 1597 2548 1735 2615; x_wconf 83' lang='lat' dir='ltr'><strong>quod</strong></span> <span class='ocrx_word' id='word_1_304' title='bbox 1774 2546 1919 2597; x_wconf 75' lang='lat' dir='ltr'><strong>unxit</strong></span> <span class='ocrx_word' id='word_1_305' title='bbox 1952 2561 2030 2597; x_wconf 88' lang='lat' dir='ltr'><strong>me</strong></span> <span class='ocrx_word' id='word_1_306' title='bbox 2062 2558 2079 2596; x_wconf 82' lang='lat'><strong>.&#39;</strong></span> <span class='ocrx_word' id='word_1_307' title='bbox 2107 2561 2331 2613; x_wconf 81' lang='lat' dir='ltr'><strong>evange-</strong></span> 
     </span>
    </p>
   </div>
   <div class='ocr_carea' id='block_1_43' title="bbox 768 2637 2332 2706">
    <p class='ocr_par' dir='ltr' id='par_1_43' title="bbox 768 2637 2332 2706">
     <span class='ocr_line' id='line_1_43' title="bbox 768 2637 2332 2706; baseline -0.002 -16"><span class='ocrx_word' id='word_1_308' title='bbox 768 2640 934 2691; x_wconf 75' lang='lat' dir='ltr'><strong>lizare</strong></span> <span class='ocrx_word' id='word_1_309' title='bbox 968 2639 1280 2706; x_wconf 75' lang='lat' dir='ltr'><strong>pauperibus</strong></span> <span class='ocrx_word' id='word_1_310' title='bbox 1310 2638 1445 2689; x_wconf 88' lang='lat' dir='ltr'><strong>misit</strong></span> <span class='ocrx_word' id='word_1_311' title='bbox 1491 2654 1568 2690; x_wconf 88' lang='lat' dir='ltr'><strong>me</strong></span> <span class='ocrx_word' id='word_1_312' title='bbox 1590 2678 1602 2700; x_wconf 91' lang='lat'><strong>,</strong></span> <span class='ocrx_word' id='word_1_313' title='bbox 1636 2652 1825 2689; x_wconf 81' lang='lat' dir='ltr'><strong>sanare</strong></span> <span class='ocrx_word' id='word_1_314' title='bbox 1858 2637 2109 2688; x_wconf 85' lang='lat' dir='ltr'><strong>contritas</strong></span> <span class='ocrx_word' id='word_1_315' title='bbox 2157 2637 2332 2699; x_wconf 85' lang='lat' dir='ltr'><strong>corde,</strong></span> 
     </span>
    </p>
   </div>
   <div class='ocr_carea' id='block_1_44' title="bbox 766 2728 2333 2798">
    <p class='ocr_par' dir='ltr' id='par_1_44' title="bbox 766 2728 2333 2798">
     <span class='ocr_line' id='line_1_44' title="bbox 766 2728 2333 2798; baseline 0.001 -18"><span class='ocrx_word' id='word_1_316' title='bbox 766 2730 1055 2798; x_wconf 64' lang='lat' dir='ltr'><strong>praedicare</strong></span> <span class='ocrx_word' id='word_1_317' title='bbox 1097 2729 1309 2798; x_wconf 83' lang='lat' dir='ltr'><strong>captivis</strong></span> <span class='ocrx_word' id='word_1_318' title='bbox 1349 2730 1725 2794; x_wconf 76' lang='lat' dir='ltr'><strong>remissionem,</strong></span> <span class='ocrx_word' id='word_1_319' title='bbox 1776 2737 1825 2781; x_wconf 88' lang='lat' dir='ltr'><strong>et</strong></span> <span class='ocrx_word' id='word_1_320' title='bbox 1867 2729 2020 2781; x_wconf 74' lang='lat' dir='ltr'><strong>cwcis</strong></span> <span class='ocrx_word' id='word_1_321' title='bbox 2054 2728 2222 2782; x_wconf 78' lang='lat' dir='ltr'><strong>visum</strong></span> <span class='ocrx_word' id='word_1_322' title='bbox 2267 2728 2333 2781; x_wconf 78' lang='grc'><strong>⁸⁸.</strong></span> 
     </span>
    </p>
   </div>
   <div class='ocr_carea' id='block_1_45' title="bbox 768 2820 2333 2883">
    <p class='ocr_par' dir='ltr' id='par_1_45' title="bbox 768 2820 2333 2883">
     <span class='ocr_line' id='line_1_45' title="bbox 768 2820 2333 2883; baseline -0.002 -7"><span class='ocrx_word' id='word_1_323' title='bbox 768 2822 904 2876; x_wconf 84' lang='lat' dir='ltr'><strong>Cum</strong></span> <span class='ocrx_word' id='word_1_324' title='bbox 958 2822 1103 2874; x_wconf 92' lang='lat' dir='ltr'><strong>enim</strong></span> <span class='ocrx_word' id='word_1_325' title='bbox 1165 2822 1409 2876; x_wconf 87' lang='lat' dir='ltr'><strong>medicus</strong></span> <span class='ocrx_word' id='word_1_326' title='bbox 1470 2823 1776 2875; x_wconf 87' lang='lat' dir='ltr'><strong>mitteretur</strong></span> <span class='ocrx_word' id='word_1_327' title='bbox 1828 2820 2078 2875; x_wconf 88' lang='lat' dir='ltr'><strong>contritis</strong></span> <span class='ocrx_word' id='word_1_328' title='bbox 2131 2821 2333 2883; x_wconf 91' lang='lat' dir='ltr'><strong>corde,</strong></span> 
     </span>
    </p>
   </div>
   <div class='ocr_carea' id='block_1_46' title="bbox 768 2910 2336 2981">
    <p class='ocr_par' dir='ltr' id='par_1_46' title="bbox 768 2910 2336 2981">
     <span class='ocr_line' id='line_1_46' title="bbox 768 2910 2336 2981; baseline 0.001 -18"><span class='ocrx_word' id='word_1_329' title='bbox 768 2910 962 2977; x_wconf 87' lang='lat' dir='ltr'><strong>Prope,</strong></span> <span class='ocrx_word' id='word_1_330' title='bbox 992 2910 1189 2981; x_wconf 87' lang='lat' dir='ltr'><strong>inquit,</strong></span> <span class='ocrx_word' id='word_1_331' title='bbox 1220 2910 1471 2964; x_wconf 84' lang='lat' dir='ltr'><strong>Dominus</strong></span> <span class='ocrx_word' id='word_1_332' title='bbox 1498 2920 1571 2963; x_wconf 89' lang='lat' dir='ltr'><strong>est</strong></span> <span class='ocrx_word' id='word_1_333' title='bbox 1605 2924 1623 2961; x_wconf 90' lang='lat'><strong><em>:</em></strong></span> <span class='ocrx_word' id='word_1_334' title='bbox 1664 2910 1808 2963; x_wconf 83' lang='lat' dir='ltr'><strong>vobis</strong></span> <span class='ocrx_word' id='word_1_335' title='bbox 1833 2910 1953 2963; x_wconf 89' lang='lat' dir='ltr'><strong>dico</strong></span> <span class='ocrx_word' id='word_1_336' title='bbox 1984 2911 2076 2978; x_wconf 90' lang='lat' dir='ltr'><strong>qui</strong></span> <span class='ocrx_word' id='word_1_337' title='bbox 2109 2910 2336 2964; x_wconf 85' lang='lat' dir='ltr'><strong>humiles</strong></span> 
     </span>
    </p>
   </div>
   <div class='ocr_carea' id='block_1_47' title="bbox 767 3002 2334 3072">
    <p class='ocr_par' dir='ltr' id='par_1_47' title="bbox 767 3002 2334 3072">
     <span class='ocr_line' id='line_1_47' title="bbox 767 3002 2334 3072; baseline -0.002 -14"><span class='ocrx_word' id='word_1_338' title='bbox 767 3004 901 3058; x_wconf 86' lang='lat' dir='ltr'><strong>estis</strong></span> <span class='ocrx_word' id='word_1_339' title='bbox 919 3044 932 3063; x_wconf 89' lang='lat'><strong><em>.</em></strong></span> <span class='ocrx_word' id='word_1_340' title='bbox 957 3005 1155 3072; x_wconf 85' lang='lat' dir='ltr'><strong>quique</strong></span> <span class='ocrx_word' id='word_1_341' title='bbox 1178 3003 1376 3058; x_wconf 76' lang='lat' dir='ltr'><strong>fastum</strong></span> <span class='ocrx_word' id='word_1_342' title='bbox 1400 3013 1647 3057; x_wconf 84' lang='lat' dir='ltr'><strong>vestrum</strong></span> <span class='ocrx_word' id='word_1_343' title='bbox 1663 3002 2019 3066; x_wconf 90' lang='lat' dir='ltr'><strong>contrivistis,</strong></span> <span class='ocrx_word' id='word_1_344' title='bbox 2057 3018 2152 3057; x_wconf 90' lang='lat' dir='ltr'><strong>vos</strong></span> <span class='ocrx_word' id='word_1_345' title='bbox 2178 3004 2334 3056; x_wconf 85' lang='lat' dir='ltr'><strong>simul</strong></span> 
     </span>
    </p>
   </div>
   <div class='ocr_carea' id='block_1_48' title="bbox 770 3095 2333 3165">
    <p class='ocr_par' dir='ltr' id='par_1_48' title="bbox 770 3095 2333 3165">
     <span class='ocr_line' id='line_1_48' title="bbox 770 3095 2333 3165; baseline 0.001 -15"><span class='ocrx_word' id='word_1_346' title='bbox 770 3096 1163 3162; x_wconf 65' lang='lat' dir='ltr'><strong>laetiﬁcaturus,</strong></span> <span class='ocrx_word' id='word_1_347' title='bbox 1192 3106 1247 3149; x_wconf 93' lang='lat' dir='ltr'><strong>et</strong></span> <span class='ocrx_word' id='word_1_348' title='bbox 1290 3111 1385 3165; x_wconf 90' lang='lat' dir='ltr'><strong>per</strong></span> <span class='ocrx_word' id='word_1_349' title='bbox 1426 3097 1679 3165; x_wconf 76' lang='lat' dir='ltr'><strong>gaudium</strong></span> <span class='ocrx_word' id='word_1_350' title='bbox 1713 3110 1892 3148; x_wconf 90' lang='lat' dir='ltr'><strong>rerum</strong></span> <span class='ocrx_word' id='word_1_351' title='bbox 1920 3095 2221 3150; x_wconf 80' lang='lat' dir='ltr'><strong>futurarum</strong></span> <span class='ocrx_word' id='word_1_352' title='bbox 2271 3100 2333 3151; x_wconf 88' lang='lat' dir='ltr'><strong>ad</strong></span> 
     </span>
    </p>
   </div>
   <div class='ocr_carea' id='block_1_49' title="bbox 771 3186 2336 3255">
    <p class='ocr_par' dir='ltr' id='par_1_49' title="bbox 771 3186 2336 3255">
     <span class='ocr_line' id='line_1_49' title="bbox 771 3186 2336 3255; baseline 0.001 -16"><span class='ocrx_word' id='word_1_353' title='bbox 771 3187 1114 3240; x_wconf 80' lang='lat' dir='ltr'><strong>tolerantiam</strong></span> <span class='ocrx_word' id='word_1_354' title='bbox 1191 3186 1527 3242; x_wconf 90' lang='lat' dir='ltr'><strong>inducturus.</strong></span> <span class='ocrx_word' id='word_1_355' title='bbox 1598 3186 1865 3240; x_wconf 86' lang='lat' dir='ltr'><strong>Contritio</strong></span> <span class='ocrx_word' id='word_1_356' title='bbox 1917 3197 2098 3255; x_wconf 67' lang='lat' dir='ltr'><strong>auten]</strong></span> <span class='ocrx_word' id='word_1_357' title='bbox 2158 3187 2336 3240; x_wconf 89' lang='lat' dir='ltr'><strong>cordis</strong></span> 
     </span>
    </p>
   </div>
   <div class='ocr_carea' id='block_1_50' title="bbox 2429 2008 4001 2081">
    <p class='ocr_par' dir='ltr' id='par_1_50' title="bbox 2429 2008 4001 2081">
     <span class='ocr_line' id='line_1_50' title="bbox 2429 2008 4001 2081; baseline 0.005 -22"><span class='ocrx_word' id='word_1_358' title='bbox 2429 2008 2678 2075; x_wconf 84' lang='grc' dir='ltr'>ἐλέγετο·</span> <span class='ocrx_word' id='word_1_359' title='bbox 2728 2011 3055 2077; x_wconf 77' lang='grc' dir='ltr'>Πρόσωπον</span> <span class='ocrx_word' id='word_1_360' title='bbox 3105 2012 3212 2080; x_wconf 87' lang='grc'>(27)</span> <span class='ocrx_word' id='word_1_361' title='bbox 3261 2014 3479 2081; x_wconf 83' lang='grc' dir='ltr'>Κυρίου</span> <span class='ocrx_word' id='word_1_362' title='bbox 3536 2013 3634 2067; x_wconf 78' lang='grc' dir='ltr'>ἐπὶ</span> <span class='ocrx_word' id='word_1_363' title='bbox 3684 2014 4001 2079; x_wconf 71' lang='grc' dir='ltr'>ποιοῦντας</span> 
     </span>
    </p>
   </div>
   <div class='ocr_carea' id='block_1_51' title="bbox 2430 2099 4001 2177">
    <p class='ocr_par' dir='ltr' id='par_1_51' title="bbox 2430 2099 4001 2177">
     <span class='ocr_line' id='line_1_51' title="bbox 2430 2099 4001 2177; baseline 0.004 -27"><span class='ocrx_word' id='word_1_364' title='bbox 2430 2099 2923 2166; x_wconf 81' lang='grc' dir='ltr'>κακά·τουτέστιν,</span> <span class='ocrx_word' id='word_1_365' title='bbox 2953 2102 2984 2171; x_wconf 80' lang='grc' dir='ltr'>ἡ</span> <span class='ocrx_word' id='word_1_366' title='bbox 3026 2102 3306 2170; x_wconf 73' lang='grc' dir='ltr'>ἐπιφάνεια</span> <span class='ocrx_word' id='word_1_367' title='bbox 3334 2105 3496 2157; x_wconf 80' lang='grc' dir='ltr'>αὐτοῦ</span> <span class='ocrx_word' id='word_1_368' title='bbox 3528 2104 3668 2158; x_wconf 82' lang='grc' dir='ltr'>κατὰ</span> <span class='ocrx_word' id='word_1_369' title='bbox 3696 2106 3792 2177; x_wconf 78' lang='grc' dir='ltr'>τὴν</span> <span class='ocrx_word' id='word_1_370' title='bbox 3824 2106 4001 2175; x_wconf 82' lang='grc' dir='ltr'>κρίσιν</span> 
     </span>
    </p>
   </div>
   <div class='ocr_carea' id='block_1_52' title="bbox 2433 2191 4004 2266">
    <p class='ocr_par' dir='ltr' id='par_1_52' title="bbox 2433 2191 4004 2266">
     <span class='ocr_line' id='line_1_52' title="bbox 2433 2191 4004 2266; baseline 0.006 -25"><span class='ocrx_word' id='word_1_371' title='bbox 2433 2191 2522 2241; x_wconf 75' lang='grc' dir='ltr'><strong>ἐπὶ</strong></span> <span class='ocrx_word' id='word_1_372' title='bbox 2547 2192 2835 2262; x_wconf 79' lang='grc' dir='ltr'><strong>ἀφανισμῷ</strong></span> <span class='ocrx_word' id='word_1_373' title='bbox 2885 2196 3063 2262; x_wconf 79' lang='grc' dir='ltr'>πάσης</span> <span class='ocrx_word' id='word_1_374' title='bbox 3102 2194 3363 2264; x_wconf 73' lang='grc' dir='ltr'>πονηρίας</span> <span class='ocrx_word' id='word_1_375' title='bbox 3398 2196 3714 2266; x_wconf 85' lang='grc' dir='ltr'>γενήσεται·</span> <span class='ocrx_word' id='word_1_376' title='bbox 3770 2195 4004 2250; x_wconf 74' lang='grc' dir='ltr'>ἐνταῦθα</span> 
     </span>
    </p>
   </div>
   <div class='ocr_carea' id='block_1_53' title="bbox 2432 2280 4005 2356">
    <p class='ocr_par' dir='ltr' id='par_1_53' title="bbox 2432 2280 4005 2356">
     <span class='ocr_line' id='line_1_53' title="bbox 2432 2280 4005 2356; baseline 0.004 -24"><span class='ocrx_word' id='word_1_377' title='bbox 2432 2280 2523 2345; x_wconf 85' lang='grc' dir='ltr'><strong>δὲ,</strong></span> <span class='ocrx_word' id='word_1_378' title='bbox 2573 2282 2782 2351; x_wconf 73' lang='grc' dir='ltr'>Ἐγγὺς</span> <span class='ocrx_word' id='word_1_379' title='bbox 2822 2288 2853 2336; x_wconf 81' lang='grc' dir='ltr'><em>ὀ</em></span> <span class='ocrx_word' id='word_1_380' title='bbox 2902 2287 3112 2353; x_wconf 74' lang='grc' dir='ltr'>Κύριος</span> <span class='ocrx_word' id='word_1_381' title='bbox 3154 2284 3276 2349; x_wconf 87' lang='grc' dir='ltr'>τοῖς</span> <span class='ocrx_word' id='word_1_382' title='bbox 3322 2288 3837 2356; x_wconf 66' lang='grc' dir='ltr'><strong>συντετριμμένοις</strong></span> <span class='ocrx_word' id='word_1_383' title='bbox 3891 2287 4005 2355; x_wconf 81' lang='grc' dir='ltr'>τὴν</span> 
     </span>
    </p>
   </div>
   <div class='ocr_carea' id='block_1_54' title="bbox 2433 2372 4005 2447">
    <p class='ocr_par' dir='ltr' id='par_1_54' title="bbox 2433 2372 4005 2447">
     <span class='ocr_line' id='line_1_54' title="bbox 2433 2372 4005 2447; baseline 0.004 -23"><span class='ocrx_word' id='word_1_384' title='bbox 2433 2372 2710 2441; x_wconf 75' lang='grc' dir='ltr'><strong>καρδίαν,</strong></span> <span class='ocrx_word' id='word_1_385' title='bbox 2751 2375 2845 2445; x_wconf 78' lang='grc' dir='ltr'><strong>τὴν</strong></span> <span class='ocrx_word' id='word_1_386' title='bbox 2905 2375 3195 2445; x_wconf 73' lang='grc' dir='ltr'>ἐπιδημίαν</span> <span class='ocrx_word' id='word_1_387' title='bbox 3240 2374 3335 2445; x_wconf 83' lang='grc' dir='ltr'><strong>τὴν</strong></span> <span class='ocrx_word' id='word_1_388' title='bbox 3386 2375 3479 2428; x_wconf 78' lang='grc' dir='ltr'>τοῦ</span> <span class='ocrx_word' id='word_1_389' title='bbox 3536 2378 3739 2445; x_wconf 84' lang='grc' dir='ltr'>Κυρίου</span> <span class='ocrx_word' id='word_1_390' title='bbox 3790 2378 3887 2447; x_wconf 79' lang='grc' dir='ltr'>τὴν</span> <span class='ocrx_word' id='word_1_391' title='bbox 3947 2379 4005 2430; x_wconf 80' lang='grc' dir='ltr'>ἐν</span> 
     </span>
    </p>
   </div>
   <div class='ocr_carea' id='block_1_55' title="bbox 2436 2466 4006 2539">
    <p class='ocr_par' dir='ltr' id='par_1_55' title="bbox 2436 2466 4006 2539">
     <span class='ocr_line' id='line_1_55' title="bbox 2436 2466 4006 2539; baseline 0.004 -23"><span class='ocrx_word' id='word_1_392' title='bbox 2436 2467 2595 2534; x_wconf 68' lang='grc' dir='ltr'>σαρκὶ</span> <span class='ocrx_word' id='word_1_393' title='bbox 2619 2466 2974 2535; x_wconf 85' lang='grc' dir='ltr'>προαγγέλλει</span> <span class='ocrx_word' id='word_1_394' title='bbox 2995 2508 3008 2532; x_wconf 90' lang='grc'><strong>,</strong></span> <span class='ocrx_word' id='word_1_395' title='bbox 3044 2467 3359 2535; x_wconf 75' lang='grc' dir='ltr'>ἐγγίζουσαν</span> <span class='ocrx_word' id='word_1_396' title='bbox 3391 2467 3523 2536; x_wconf 66' lang='grc' dir='ltr'>ἤδη,</span> <span class='ocrx_word' id='word_1_397' title='bbox 3558 2470 3650 2522; x_wconf 71' lang='grc' dir='ltr'>καὶ</span> <span class='ocrx_word' id='word_1_398' title='bbox 3679 2470 3739 2521; x_wconf 83' lang='grc' dir='ltr'><strong>οὐ</strong></span> <span class='ocrx_word' id='word_1_399' title='bbox 3790 2471 4006 2539; x_wconf 80' lang='grc' dir='ltr'>μακρὰν</span> 
     </span>
    </p>
   </div>
   <div class='ocr_carea' id='block_1_56' title="bbox 2435 2556 4006 2629">
    <p class='ocr_par' dir='ltr' id='par_1_56' title="bbox 2435 2556 4006 2629">
     <span class='ocr_line' id='line_1_56' title="bbox 2435 2556 4006 2629; baseline 0.003 -23"><span class='ocrx_word' id='word_1_400' title='bbox 2435 2556 2819 2627; x_wconf 76' lang='grc' dir='ltr'>ἀφεστηκυῖαν.</span> <span class='ocrx_word' id='word_1_401' title='bbox 2858 2560 2968 2611; x_wconf 75' lang='grc' dir='ltr'><strong>Καὶ</strong></span> <span class='ocrx_word' id='word_1_402' title='bbox 2998 2558 3153 2611; x_wconf 77' lang='grc' dir='ltr'>τοῦτό</span> <span class='ocrx_word' id='word_1_403' title='bbox 3189 2575 3268 2610; x_wconf 90' lang='grc' dir='ltr'><strong>σοι</strong></span> <span class='ocrx_word' id='word_1_404' title='bbox 3311 2558 3498 2611; x_wconf 73' lang='grc' dir='ltr'>πιστὸν</span> <span class='ocrx_word' id='word_1_405' title='bbox 3531 2560 3593 2611; x_wconf 87' lang='grc' dir='ltr'><strong>ἐκ</strong></span> <span class='ocrx_word' id='word_1_406' title='bbox 3629 2561 3727 2629; x_wconf 82' lang='grc' dir='ltr'><strong>τῆς</strong></span> <span class='ocrx_word' id='word_1_407' title='bbox 3780 2560 4006 2612; x_wconf 77' lang='grc' dir='ltr'>Ἡσαΐου</span> 
     </span>
    </p>
   </div>
   <div class='ocr_carea' id='block_1_57' title="bbox 2438 2648 4001 2720">
    <p class='ocr_par' dir='ltr' id='par_1_57' title="bbox 2438 2648 4001 2720">
     <span class='ocr_line' id='line_1_57' title="bbox 2438 2648 4001 2720; baseline 0.005 -25"><span class='ocrx_word' id='word_1_408' title='bbox 2438 2649 2766 2716; x_wconf 73' lang='grc' dir='ltr'>προφητείας</span> <span class='ocrx_word' id='word_1_409' title='bbox 2787 2650 3023 2716; x_wconf 79' lang='grc' dir='ltr'>γενέσθω</span> <span class='ocrx_word' id='word_1_410' title='bbox 3042 2666 3055 2680; x_wconf 89' lang='grc'><strong>·</strong></span> <span class='ocrx_word' id='word_1_411' title='bbox 3082 2650 3321 2718; x_wconf 77' lang='grc' dir='ltr'><strong>Πνεῦμα</strong></span> <span class='ocrx_word' id='word_1_412' title='bbox 3354 2648 3460 2720; x_wconf 83' lang='grc' dir='ltr'>γὰρ</span> <span class='ocrx_word' id='word_1_413' title='bbox 3491 2651 3708 2717; x_wconf 84' lang='grc' dir='ltr'>Κυρίου</span> <span class='ocrx_word' id='word_1_414' title='bbox 3750 2650 3841 2703; x_wconf 80' lang='grc' dir='ltr'>ἐπ’</span> <span class='ocrx_word' id='word_1_415' title='bbox 3878 2650 4001 2719; x_wconf 83' lang='grc' dir='ltr'>ἐμὲ,</span> 
     </span>
    </p>
   </div>
   <div class='ocr_carea' id='block_1_58' title="bbox 2438 2729 4006 2807">
    <p class='ocr_par' dir='ltr' id='par_1_58' title="bbox 2438 2729 4006 2807">
     <span class='ocr_line' id='line_1_58' title="bbox 2438 2729 4006 2807; baseline 0.004 -23"><span class='ocrx_word' id='word_1_416' title='bbox 2438 2729 2507 2787; x_wconf 82' lang='grc' dir='ltr'>οὗ</span> <span class='ocrx_word' id='word_1_417' title='bbox 2544 2733 2748 2785; x_wconf 79' lang='grc' dir='ltr'>ἕνεκεν</span> <span class='ocrx_word' id='word_1_418' title='bbox 2793 2737 2998 2801; x_wconf 80' lang='grc' dir='ltr'>ἐχρισέ</span> <span class='ocrx_word' id='word_1_419' title='bbox 3037 2753 3141 2806; x_wconf 81' lang='grc' dir='ltr'>με’</span> <span class='ocrx_word' id='word_1_420' title='bbox 3206 2738 3704 2807; x_wconf 73' lang='grc' dir='ltr'>εὐαγγελίσασθαι</span> <span class='ocrx_word' id='word_1_421' title='bbox 3751 2739 4006 2807; x_wconf 80' lang='grc' dir='ltr'><strong>πτωχοῖς</strong></span> 
     </span>
    </p>
   </div>
   <div class='ocr_carea' id='block_1_59' title="bbox 2438 2818 4007 2901">
    <p class='ocr_par' dir='ltr' id='par_1_59' title="bbox 2438 2818 4007 2901">
     <span class='ocr_line' id='line_1_59' title="bbox 2438 2818 4007 2901; baseline 0.006 -24"><span class='ocrx_word' id='word_1_422' title='bbox 2438 2824 2783 2878; x_wconf 75' lang='grc' dir='ltr'>ἀπέσταλκέ</span> <span class='ocrx_word' id='word_1_423' title='bbox 2826 2843 2936 2894; x_wconf 86' lang='grc' dir='ltr'><strong>με,</strong></span> <span class='ocrx_word' id='word_1_424' title='bbox 2991 2827 3227 2882; x_wconf 77' lang='grc' dir='ltr'>ίάσαθαι</span> <span class='ocrx_word' id='word_1_425' title='bbox 3276 2830 3413 2896; x_wconf 86' lang='grc' dir='ltr'>τοὺς</span> <span class='ocrx_word' id='word_1_426' title='bbox 3468 2818 4007 2901; x_wconf 82' lang='grc' dir='ltr'>συντετριμμένους</span> 
     </span>
    </p>
   </div>
   <div class='ocr_carea' id='block_1_60' title="bbox 2438 2916 4006 2989">
    <p class='ocr_par' dir='ltr' id='par_1_60' title="bbox 2438 2916 4006 2989">
     <span class='ocr_line' id='line_1_60' title="bbox 2438 2916 4006 2989; baseline 0.004 -20"><span class='ocrx_word' id='word_1_427' title='bbox 2438 2916 2550 2983; x_wconf 74' lang='grc' dir='ltr'><strong>τὴν</strong></span> <span class='ocrx_word' id='word_1_428' title='bbox 2590 2916 2860 2985; x_wconf 75' lang='grc' dir='ltr'>καρδίαν.</span> <span class='ocrx_word' id='word_1_429' title='bbox 2902 2918 3151 2983; x_wconf 81' lang='grc' dir='ltr'>κηρύξαι</span> <span class='ocrx_word' id='word_1_430' title='bbox 3189 2920 3577 2986; x_wconf 73' lang='grc' dir='ltr'>αἰχμαλώτοις</span> <span class='ocrx_word' id='word_1_431' title='bbox 3619 2921 3867 2989; x_wconf 60' lang='grc' dir='ltr'>ἄφεσιν,</span> <span class='ocrx_word' id='word_1_432' title='bbox 3908 2924 4006 2976; x_wconf 76' lang='grc' dir='ltr'>καὶ</span> 
     </span>
    </p>
   </div>
   <div class='ocr_carea' id='block_1_61' title="bbox 2438 3008 4009 3079">
    <p class='ocr_par' dir='ltr' id='par_1_61' title="bbox 2438 3008 4009 3079">
     <span class='ocr_line' id='line_1_61' title="bbox 2438 3008 4009 3079; baseline 0.001 -17"><span class='ocrx_word' id='word_1_433' title='bbox 2438 3009 2686 3079; x_wconf 53' lang='grc' dir='ltr'>τυφλοῖς</span> <span class='ocrx_word' id='word_1_434' title='bbox 2716 3010 3069 3077; x_wconf 67' lang='grc' dir='ltr'>ἀνάϐλεψιν.</span> <span class='ocrx_word' id='word_1_435' title='bbox 3114 3009 3325 3079; x_wconf 83' lang='grc' dir='ltr'>Ἐπειδὴ</span> <span class='ocrx_word' id='word_1_436' title='bbox 3372 3008 3479 3078; x_wconf 84' lang='grc' dir='ltr'><strong>γὰρ</strong></span> <span class='ocrx_word' id='word_1_437' title='bbox 3527 3010 3707 3078; x_wconf 71' lang='grc' dir='ltr'>ἰατρὸς</span> <span class='ocrx_word' id='word_1_438' title='bbox 3749 3012 4009 3064; x_wconf 76' lang='grc' dir='ltr'>ἀπεστέλ-</span> 
     </span>
    </p>
   </div>
   <div class='ocr_carea' id='block_1_62' title="bbox 2438 3102 4005 3174">
    <p class='ocr_par' dir='ltr' id='par_1_62' title="bbox 2438 3102 4005 3174">
     <span class='ocr_line' id='line_1_62' title="bbox 2438 3102 4005 3174; baseline 0.001 -19"><span class='ocrx_word' id='word_1_439' title='bbox 2438 3103 2556 3155; x_wconf 85' lang='grc' dir='ltr'>λετο</span> <span class='ocrx_word' id='word_1_440' title='bbox 2613 3103 2720 3155; x_wconf 86' lang='grc' dir='ltr'><strong>τῶν</strong></span> <span class='ocrx_word' id='word_1_441' title='bbox 2780 3103 3247 3174; x_wconf 83' lang='grc' dir='ltr'>συντετριμμένων</span> <span class='ocrx_word' id='word_1_442' title='bbox 3300 3103 3396 3173; x_wconf 80' lang='grc' dir='ltr'><strong>τὴν</strong></span> <span class='ocrx_word' id='word_1_443' title='bbox 3456 3102 3711 3174; x_wconf 83' lang='grc' dir='ltr'>καρδίαν,</span> <span class='ocrx_word' id='word_1_444' title='bbox 3774 3104 4005 3173; x_wconf 68' lang='grc' dir='ltr'>Ἐγγεὺς,</span> 
     </span>
    </p>
   </div>
   <div class='ocr_carea' id='block_1_63' title="bbox 2443 3195 4013 3266">
    <p class='ocr_par' dir='ltr' id='par_1_63' title="bbox 2443 3195 4013 3266">
     <span class='ocr_line' id='line_1_63' title="bbox 2443 3195 4013 3266; baseline 0.001 -19"><span class='ocrx_word' id='word_1_445' title='bbox 2443 3197 2594 3265; x_wconf 70' lang='grc' dir='ltr'>φησὶ,</span> <span class='ocrx_word' id='word_1_446' title='bbox 2659 3197 2868 3263; x_wconf 79' lang='grc' dir='ltr'>Κύριός</span> <span class='ocrx_word' id='word_1_447' title='bbox 2910 3196 3103 3249; x_wconf 85' lang='grc' dir='ltr'>ἐστιν·</span> <span class='ocrx_word' id='word_1_448' title='bbox 3148 3196 3275 3266; x_wconf 83' lang='grc' dir='ltr'>ὑμῖν</span> <span class='ocrx_word' id='word_1_449' title='bbox 3316 3195 3456 3264; x_wconf 85' lang='grc' dir='ltr'>λέγω</span> <span class='ocrx_word' id='word_1_450' title='bbox 3478 3198 3589 3258; x_wconf 85' lang='grc' dir='ltr'>τοῖς</span> <span class='ocrx_word' id='word_1_451' title='bbox 3619 3199 3891 3259; x_wconf 86' lang='grc' dir='ltr'>ταπεινοῖς</span> <span class='ocrx_word' id='word_1_452' title='bbox 3916 3197 4013 3249; x_wconf 77' lang='grc' dir='ltr'>καὶ</span> 
     </span>
    </p>
   </div>
   <div class='ocr_carea' id='block_1_64' title="bbox 770 3278 2452 3356">
    <p class='ocr_par' dir='ltr' id='par_1_64' title="bbox 770 3278 2452 3347">
     <span class='ocr_line' id='line_1_64' title="bbox 770 3278 2452 3347; baseline -0.002 -14"><span class='ocrx_word' id='word_1_453' title='bbox 770 3278 1088 3347; x_wconf 74' lang='lat' dir='ltr'><strong>exstirpatio</strong></span> <span class='ocrx_word' id='word_1_454' title='bbox 1122 3286 1205 3330; x_wconf 89' lang='lat' dir='ltr'><strong>est</strong></span> <span class='ocrx_word' id='word_1_455' title='bbox 1237 3278 1594 3334; x_wconf 84' lang='lat' dir='ltr'><strong>humanarum</strong></span> <span class='ocrx_word' id='word_1_456' title='bbox 1624 3278 2038 3344; x_wconf 78' lang='lat' dir='ltr'><strong>cogitationum.</strong></span> <span class='ocrx_word' id='word_1_457' title='bbox 2066 3279 2164 3343; x_wconf 89' lang='lat' dir='ltr'><strong>Qui</strong></span> <span class='ocrx_word' id='word_1_458' title='bbox 2196 3294 2332 3345; x_wconf 66' lang='lat' dir='ltr'><strong>prae-</strong></span> <span class='ocrx_word' id='word_1_459' title='bbox 2360 3284 2401 3339; x_wconf 86' lang='lat' dir='ltr'><strong><em>C</em></strong></span> <span class='ocrx_word' id='word_1_460' title='bbox 2438 3302 2452 3336; x_wconf 77' lang='grc' dir='ltr'><em>ς</em></span> 
     </span>
    </p>
   </div>
   <div class='ocr_carea' id='block_1_65' title="bbox 2327 3278 4009 3356">
    <p class='ocr_par' dir='ltr' id='par_1_65' title="bbox 2327 3284 4009 3356">
     <span class='ocr_line' id='line_1_65' title="bbox 2327 3284 4009 3356; baseline 0 -18"><span class='ocrx_word' id='word_1_461' title='bbox 2327 3284 2401 3339; x_wconf 73' lang='grc'><strong>’0</strong></span> <span class='ocrx_word' id='word_1_462' title='bbox 2438 3286 2784 3355; x_wconf 65' lang='grc' dir='ltr'>συντρίψασιν</span> <span class='ocrx_word' id='word_1_463' title='bbox 2816 3284 3019 3337; x_wconf 79' lang='grc' dir='ltr'>ἑαυτῶν</span> <span class='ocrx_word' id='word_1_464' title='bbox 3068 3286 3126 3337; x_wconf 85' lang='grc' dir='ltr'><strong>τὸ</strong></span> <span class='ocrx_word' id='word_1_465' title='bbox 3169 3285 3419 3356; x_wconf 82' lang='grc' dir='ltr'>φρόνημα</span> <span class='ocrx_word' id='word_1_466' title='bbox 3463 3284 3605 3355; x_wconf 83' lang='grc'>(28),</span> <span class='ocrx_word' id='word_1_467' title='bbox 3634 3285 4009 3355; x_wconf 81' lang='grc' dir='ltr'>εὐθυμοποιῶν</span> 
     </span>
    </p>
   </div>
   <div class='ocr_carea' id='block_1_66' title="bbox 769 3368 2334 3437">
    <p class='ocr_par' dir='ltr' id='par_1_66' title="bbox 769 3368 2334 3437">
     <span class='ocr_line' id='line_1_66' title="bbox 769 3368 2334 3437; baseline -0.001 -14"><span class='ocrx_word' id='word_1_468' title='bbox 769 3373 942 3424; x_wconf 88' lang='lat' dir='ltr'><strong>sentia</strong></span> <span class='ocrx_word' id='word_1_469' title='bbox 994 3368 1339 3437; x_wconf 85' lang='lat' dir='ltr'><strong>contempsit,</strong></span> <span class='ocrx_word' id='word_1_470' title='bbox 1394 3382 1457 3421; x_wconf 88' lang='lat' dir='ltr'><strong>ac</strong></span> <span class='ocrx_word' id='word_1_471' title='bbox 1491 3382 1550 3420; x_wconf 91' lang='lat' dir='ltr'><strong>se</strong></span> <span class='ocrx_word' id='word_1_472' title='bbox 1610 3369 1720 3437; x_wconf 83' lang='lat' dir='ltr'><strong>ipse</strong></span> <span class='ocrx_word' id='word_1_473' title='bbox 1760 3368 1851 3420; x_wconf 87' lang='lat' dir='ltr'><strong>Dei</strong></span> <span class='ocrx_word' id='word_1_474' title='bbox 1900 3368 2108 3421; x_wconf 80' lang='lat' dir='ltr'><strong>addixit</strong></span> <span class='ocrx_word' id='word_1_475' title='bbox 2150 3370 2334 3430; x_wconf 86' lang='lat' dir='ltr'><strong>verbo.</strong></span> 
     </span>
    </p>
   </div>
   <div class='ocr_carea' id='block_1_67' title="bbox 772 3458 2337 3530">
    <p class='ocr_par' dir='ltr' id='par_1_67' title="bbox 772 3458 2337 3530">
     <span class='ocr_line' id='line_1_67' title="bbox 772 3458 2337 3530; baseline 0.001 -18"><span class='ocrx_word' id='word_1_476' title='bbox 772 3470 1119 3530; x_wconf 87' lang='lat' dir='ltr'><strong>mentemque</strong></span> <span class='ocrx_word' id='word_1_477' title='bbox 1152 3474 1303 3513; x_wconf 88' lang='lat' dir='ltr'><strong>suam</strong></span> <span class='ocrx_word' id='word_1_478' title='bbox 1336 3458 1402 3513; x_wconf 84' lang='lat' dir='ltr'><strong>ad</strong></span> <span class='ocrx_word' id='word_1_479' title='bbox 1447 3474 1540 3513; x_wconf 85' lang='lat' dir='ltr'><strong>eas</strong></span> <span class='ocrx_word' id='word_1_480' title='bbox 1587 3459 1946 3526; x_wconf 79' lang='lat' dir='ltr'><strong>cogitationes</strong></span> <span class='ocrx_word' id='word_1_481' title='bbox 1991 3474 2113 3529; x_wconf 64' lang='lat' dir='ltr'><strong>quae</strong></span> <span class='ocrx_word' id='word_1_482' title='bbox 2163 3459 2337 3513; x_wconf 83' lang='lat' dir='ltr'><strong>homi-</strong></span> 
     </span>
    </p>
   </div>
   <div class='ocr_carea' id='block_1_68' title="bbox 770 3552 2335 3621">
    <p class='ocr_par' dir='ltr' id='par_1_68' title="bbox 770 3552 2335 3621">
     <span class='ocr_line' id='line_1_68' title="bbox 770 3552 2335 3621; baseline -0.001 -13"><span class='ocrx_word' id='word_1_483' title='bbox 770 3569 893 3608; x_wconf 89' lang='lat' dir='ltr'><strong>nem</strong></span> <span class='ocrx_word' id='word_1_484' title='bbox 943 3562 1233 3621; x_wconf 89' lang='lat' dir='ltr'><strong>superant,</strong></span> <span class='ocrx_word' id='word_1_485' title='bbox 1267 3567 1330 3605; x_wconf 90' lang='lat' dir='ltr'><strong>ac</strong></span> <span class='ocrx_word' id='word_1_486' title='bbox 1376 3556 1545 3618; x_wconf 82' lang='lat' dir='ltr'><strong>magis</strong></span> <span class='ocrx_word' id='word_1_487' title='bbox 1589 3552 1782 3605; x_wconf 68' lang='lat' dir='ltr'><strong>divina:</strong></span> <span class='ocrx_word' id='word_1_488' title='bbox 1818 3561 1971 3612; x_wconf 91' lang='lat' dir='ltr'><strong>sunt.</strong></span> <span class='ocrx_word' id='word_1_489' title='bbox 2023 3554 2257 3621; x_wconf 85' lang='lat' dir='ltr'><strong>appulit,</strong></span> <span class='ocrx_word' id='word_1_490' title='bbox 2292 3554 2335 3608; x_wconf 88' lang='lat' dir='ltr'><strong>is</strong></span> 
     </span>
    </p>
   </div>
   <div class='ocr_carea' id='block_1_69' title="bbox 770 3643 2332 3714">
    <p class='ocr_par' dir='ltr' id='par_1_69' title="bbox 770 3643 2332 3714">
     <span class='ocr_line' id='line_1_69' title="bbox 770 3643 2332 3714; baseline 0.001 -16"><span class='ocrx_word' id='word_1_491' title='bbox 770 3648 959 3714; x_wconf 82' lang='lat' dir='ltr'><strong>utique</strong></span> <span class='ocrx_word' id='word_1_492' title='bbox 994 3646 1153 3698; x_wconf 78' lang='lat' dir='ltr'><strong>fuerit</strong></span> <span class='ocrx_word' id='word_1_493' title='bbox 1184 3645 1271 3712; x_wconf 89' lang='lat' dir='ltr'><strong>qui</strong></span> <span class='ocrx_word' id='word_1_494' title='bbox 1298 3644 1588 3696; x_wconf 87' lang='lat' dir='ltr'><strong>contritum</strong></span> <span class='ocrx_word' id='word_1_495' title='bbox 1621 3658 1712 3694; x_wconf 89' lang='lat' dir='ltr'><strong>cor</strong></span> <span class='ocrx_word' id='word_1_496' title='bbox 1738 3643 1918 3707; x_wconf 77' lang='lat' dir='ltr'><strong>habet,</strong></span> <span class='ocrx_word' id='word_1_497' title='bbox 1948 3645 2145 3713; x_wconf 88' lang='lat' dir='ltr'><strong>quique</strong></span> <span class='ocrx_word' id='word_1_498' title='bbox 2177 3661 2332 3699; x_wconf 90' lang='lat' dir='ltr'><strong>suum</strong></span> 
     </span>
    </p>
   </div>
   <div class='ocr_carea' id='block_1_70' title="bbox 771 3733 2333 3804">
    <p class='ocr_par' dir='ltr' id='par_1_70' title="bbox 771 3733 2333 3804">
     <span class='ocr_line' id='line_1_70' title="bbox 771 3733 2333 3804; baseline -0.001 -14"><span class='ocrx_word' id='word_1_499' title='bbox 771 3752 866 3790; x_wconf 87' lang='lat' dir='ltr'><strong>cor</strong></span> <span class='ocrx_word' id='word_1_500' title='bbox 916 3737 1243 3791; x_wconf 79' lang='lat' dir='ltr'><strong>sacriﬁcium</strong></span> <span class='ocrx_word' id='word_1_501' title='bbox 1294 3735 1437 3804; x_wconf 82' lang='lat' dir='ltr'><strong>quod</strong></span> <span class='ocrx_word' id='word_1_502' title='bbox 1496 3749 1525 3787; x_wconf 88' lang='lat' dir='ltr'><strong>a</strong></span> <span class='ocrx_word' id='word_1_503' title='bbox 1582 3733 1807 3787; x_wconf 92' lang='lat' dir='ltr'><strong>Domino</strong></span> <span class='ocrx_word' id='word_1_504' title='bbox 1862 3750 1963 3787; x_wconf 89' lang='lat' dir='ltr'><strong>non</strong></span> <span class='ocrx_word' id='word_1_505' title='bbox 2022 3737 2333 3802; x_wconf 68' lang='lat' dir='ltr'><strong>despicitur,</strong></span> 
     </span>
    </p>
   </div>
   <div class='ocr_carea' id='block_1_71' title="bbox 769 3824 2338 3882">
    <p class='ocr_par' dir='ltr' id='par_1_71' title="bbox 769 3824 2338 3882">
     <span class='ocr_line' id='line_1_71' title="bbox 769 3824 2338 3882; baseline -0.002 0"><span class='ocrx_word' id='word_1_506' title='bbox 769 3828 968 3882; x_wconf 74' lang='lat' dir='ltr'><strong>effecit.</strong></span> <span class='ocrx_word' id='word_1_507' title='bbox 1010 3826 1113 3880; x_wconf 85' lang='lat' dir='ltr'><strong>Cor</strong></span> <span class='ocrx_word' id='word_1_508' title='bbox 1140 3830 1275 3880; x_wconf 86' lang='lat' dir='ltr'><strong>enim</strong></span> <span class='ocrx_word' id='word_1_509' title='bbox 1306 3828 1589 3880; x_wconf 86' lang='lat' dir='ltr'><strong>contritum</strong></span> <span class='ocrx_word' id='word_1_510' title='bbox 1621 3836 1666 3878; x_wconf 83' lang='lat' dir='ltr'><strong>et</strong></span> <span class='ocrx_word' id='word_1_511' title='bbox 1695 3824 2032 3877; x_wconf 87' lang='lat' dir='ltr'><strong>Itumiliatum</strong></span> <span class='ocrx_word' id='word_1_512' title='bbox 2070 3825 2205 3879; x_wconf 83' lang='lat' dir='ltr'><strong>Deus</strong></span> <span class='ocrx_word' id='word_1_513' title='bbox 2237 3843 2338 3879; x_wconf 86' lang='lat' dir='ltr'><strong>non</strong></span> 
     </span>
    </p>
   </div>
   <div class='ocr_carea' id='block_1_72' title="bbox 773 3918 2335 3988">
    <p class='ocr_par' dir='ltr' id='par_1_72' title="bbox 773 3918 2335 3988">
     <span class='ocr_line' id='line_1_72' title="bbox 773 3918 2335 3988; baseline -0.002 -15"><span class='ocrx_word' id='word_1_514' title='bbox 773 3922 1019 3988; x_wconf 77' lang='lat' dir='ltr'><strong>despiciet</strong></span> <span class='ocrx_word' id='word_1_515' title='bbox 1050 3921 1115 3972; x_wconf 78' lang='grc'><strong>⁸⁷.</strong></span> <span class='ocrx_word' id='word_1_516' title='bbox 1140 3918 1311 3987; x_wconf 87' lang='lat' dir='ltr'><strong>Prope</strong></span> <span class='ocrx_word' id='word_1_517' title='bbox 1333 3932 1404 3973; x_wconf 86' lang='lat' dir='ltr'><strong>est</strong></span> <span class='ocrx_word' id='word_1_518' title='bbox 1429 3922 1592 3987; x_wconf 88' lang='lat' dir='ltr'><strong>igitur</strong></span> <span class='ocrx_word' id='word_1_519' title='bbox 1621 3918 1873 3971; x_wconf 87' lang='lat' dir='ltr'><strong>Dominus</strong></span> <span class='ocrx_word' id='word_1_520' title='bbox 1900 3919 2139 3971; x_wconf 83' lang='lat' dir='ltr'><strong>contritis</strong></span> <span class='ocrx_word' id='word_1_521' title='bbox 2162 3920 2335 3983; x_wconf 88' lang='lat' dir='ltr'><strong>corde,</strong></span> 
     </span>
    </p>
   </div>
   <div class='ocr_carea' id='block_1_73' title="bbox 772 4009 2335 4079">
    <p class='ocr_par' dir='ltr' id='par_1_73' title="bbox 772 4009 2335 4079">
     <span class='ocr_line' id='line_1_73' title="bbox 772 4009 2335 4079; baseline -0.001 -13"><span class='ocrx_word' id='word_1_522' title='bbox 772 4023 819 4067; x_wconf 88' lang='lat' dir='ltr'><strong>et</strong></span> <span class='ocrx_word' id='word_1_523' title='bbox 849 4013 1070 4065; x_wconf 81' lang='lat' dir='ltr'><strong>humiles</strong></span> <span class='ocrx_word' id='word_1_524' title='bbox 1095 4012 1284 4079; x_wconf 87' lang='lat' dir='ltr'><strong>spiritu</strong></span> <span class='ocrx_word' id='word_1_525' title='bbox 1311 4011 1552 4063; x_wconf 81' lang='lat' dir='ltr'><strong>salvabit.</strong></span> <span class='ocrx_word' id='word_1_526' title='bbox 1582 4009 1682 4074; x_wconf 88' lang='lat' dir='ltr'><strong>Qui</strong></span> <span class='ocrx_word' id='word_1_527' title='bbox 1715 4010 1842 4061; x_wconf 92' lang='lat' dir='ltr'><strong>nihil</strong></span> <span class='ocrx_word' id='word_1_528' title='bbox 1879 4011 2037 4063; x_wconf 88' lang='lat' dir='ltr'><strong>habet</strong></span> <span class='ocrx_word' id='word_1_529' title='bbox 2066 4009 2335 4075; x_wconf 86' lang='lat' dir='ltr'><strong>elationis,</strong></span> 
     </span>
    </p>
   </div>
   <div class='ocr_carea' id='block_1_74' title="bbox 774 4101 2340 4171">
    <p class='ocr_par' dir='ltr' id='par_1_74' title="bbox 774 4101 2340 4171">
     <span class='ocr_line' id='line_1_74' title="bbox 774 4101 2340 4171; baseline -0.001 -14"><span class='ocrx_word' id='word_1_530' title='bbox 774 4119 947 4171; x_wconf 90' lang='lat' dir='ltr'><strong>neque</strong></span> <span class='ocrx_word' id='word_1_531' title='bbox 999 4105 1069 4157; x_wconf 91' lang='lat' dir='ltr'><strong>ob</strong></span> <span class='ocrx_word' id='word_1_532' title='bbox 1117 4103 1281 4155; x_wconf 84' lang='lat' dir='ltr'><strong>ullam</strong></span> <span class='ocrx_word' id='word_1_533' title='bbox 1329 4117 1443 4155; x_wconf 87' lang='lat' dir='ltr'><strong>rem</strong></span> <span class='ocrx_word' id='word_1_534' title='bbox 1499 4101 1788 4153; x_wconf 89' lang='lat' dir='ltr'><strong>humanam</strong></span> <span class='ocrx_word' id='word_1_535' title='bbox 1840 4101 2113 4167; x_wconf 88' lang='lat' dir='ltr'><strong>superbit,</strong></span> <span class='ocrx_word' id='word_1_536' title='bbox 2155 4102 2243 4155; x_wconf 92' lang='lat' dir='ltr'><strong>hic</strong></span> <span class='ocrx_word' id='word_1_537' title='bbox 2285 4113 2340 4156; x_wconf 92' lang='lat' dir='ltr'><strong>et</strong></span> 
     </span>
    </p>
   </div>
   <div class='ocr_carea' id='block_1_75' title="bbox 774 4190 2336 4261">
    <p class='ocr_par' dir='ltr' id='par_1_75' title="bbox 774 4190 2336 4261">
     <span class='ocr_line' id='line_1_75' title="bbox 774 4190 2336 4261; baseline -0.002 -12"><span class='ocrx_word' id='word_1_538' title='bbox 774 4196 1040 4249; x_wconf 90' lang='lat' dir='ltr'><strong>contritus</strong></span> <span class='ocrx_word' id='word_1_539' title='bbox 1075 4206 1157 4247; x_wconf 87' lang='lat' dir='ltr'><strong>est</strong></span> <span class='ocrx_word' id='word_1_540' title='bbox 1194 4196 1376 4256; x_wconf 90' lang='lat' dir='ltr'><strong>corde,</strong></span> <span class='ocrx_word' id='word_1_541' title='bbox 1409 4205 1461 4247; x_wconf 89' lang='lat' dir='ltr'><strong>et</strong></span> <span class='ocrx_word' id='word_1_542' title='bbox 1494 4194 1710 4247; x_wconf 89' lang='lat' dir='ltr'><strong>humilis</strong></span> <span class='ocrx_word' id='word_1_543' title='bbox 1742 4192 1955 4261; x_wconf 85' lang='lat' dir='ltr'><strong>spiritu.</strong></span> <span class='ocrx_word' id='word_1_544' title='bbox 1998 4190 2093 4243; x_wconf 88' lang='lat' dir='ltr'><strong>Est</strong></span> <span class='ocrx_word' id='word_1_545' title='bbox 2122 4194 2336 4257; x_wconf 80' lang='lat' dir='ltr'><strong>quidem</strong></span> 
     </span>
    </p>
   </div>
   <div class='ocr_carea' id='block_1_76' title="bbox 774 4285 2340 4352">
    <p class='ocr_par' dir='ltr' id='par_1_76' title="bbox 774 4285 2340 4352">
     <span class='ocr_line' id='line_1_76' title="bbox 774 4285 2340 4352; baseline -0.004 -10"><span class='ocrx_word' id='word_1_546' title='bbox 774 4286 993 4342; x_wconf 85' lang='lat' dir='ltr'><strong>humilis</strong></span> <span class='ocrx_word' id='word_1_547' title='bbox 1031 4296 1084 4339; x_wconf 88' lang='lat' dir='ltr'><strong>et</strong></span> <span class='ocrx_word' id='word_1_548' title='bbox 1122 4286 1168 4338; x_wconf 91' lang='lat' dir='ltr'><strong>is</strong></span> <span class='ocrx_word' id='word_1_549' title='bbox 1206 4288 1294 4352; x_wconf 89' lang='lat' dir='ltr'><strong>qui</strong></span> <span class='ocrx_word' id='word_1_550' title='bbox 1333 4290 1383 4337; x_wconf 90' lang='lat' dir='ltr'><strong>in</strong></span> <span class='ocrx_word' id='word_1_551' title='bbox 1420 4298 1639 4352; x_wconf 89' lang='lat' dir='ltr'><strong>peccato</strong></span> <span class='ocrx_word' id='word_1_552' title='bbox 1671 4285 1933 4347; x_wconf 82' lang='lat' dir='ltr'><strong>ambulat,</strong></span> <span class='ocrx_word' id='word_1_553' title='bbox 1978 4298 2101 4337; x_wconf 90' lang='lat' dir='ltr'><strong>cum</strong></span> <span class='ocrx_word' id='word_1_554' title='bbox 2149 4296 2340 4350; x_wconf 88' lang='lat' dir='ltr'><strong>pecca-</strong></span> 
     </span>
    </p>
   </div>
   <div class='ocr_carea' id='block_1_77' title="bbox 777 4374 2341 4432">
    <p class='ocr_par' dir='ltr' id='par_1_77' title="bbox 777 4374 2341 4432">
     <span class='ocr_line' id='line_1_77' title="bbox 777 4374 2341 4432; baseline -0.003 -1"><span class='ocrx_word' id='word_1_555' title='bbox 777 4388 888 4431; x_wconf 90' lang='lat' dir='ltr'><strong>tum</strong></span> <span class='ocrx_word' id='word_1_556' title='bbox 920 4380 1163 4432; x_wconf 91' lang='lat' dir='ltr'><strong>omnium</strong></span> <span class='ocrx_word' id='word_1_557' title='bbox 1209 4378 1442 4430; x_wconf 76' lang='lat' dir='ltr'><strong>maxime</strong></span> <span class='ocrx_word' id='word_1_558' title='bbox 1489 4376 1745 4429; x_wconf 89' lang='lat' dir='ltr'><strong>humilem</strong></span> <span class='ocrx_word' id='word_1_559' title='bbox 1789 4378 1994 4429; x_wconf 88' lang='lat' dir='ltr'><strong>reddat.</strong></span> <span class='ocrx_word' id='word_1_560' title='bbox 2034 4374 2168 4429; x_wconf 82' lang='lat' dir='ltr'><strong>Hinc</strong></span> <span class='ocrx_word' id='word_1_561' title='bbox 2205 4375 2341 4429; x_wconf 87' lang='lat' dir='ltr'><strong>dici-</strong></span> 
     </span>
    </p>
   </div>
   <div class='ocr_carea' id='block_1_78' title="bbox 776 4469 2341 4532">
    <p class='ocr_par' dir='ltr' id='par_1_78' title="bbox 776 4469 2341 4532">
     <span class='ocr_line' id='line_1_78' title="bbox 776 4469 2341 4532; baseline -0.005 -9"><span class='ocrx_word' id='word_1_562' title='bbox 776 4484 896 4523; x_wconf 90' lang='lat' dir='ltr'><strong>mus</strong></span> <span class='ocrx_word' id='word_1_563' title='bbox 928 4469 1260 4522; x_wconf 86' lang='lat' dir='ltr'><strong>humiliatam</strong></span> <span class='ocrx_word' id='word_1_564' title='bbox 1291 4481 1409 4521; x_wconf 90' lang='lat' dir='ltr'><strong>esse</strong></span> <span class='ocrx_word' id='word_1_565' title='bbox 1434 4475 1490 4521; x_wconf 92' lang='lat' dir='ltr'><strong>et</strong></span> <span class='ocrx_word' id='word_1_566' title='bbox 1538 4479 1658 4519; x_wconf 90' lang='lat' dir='ltr'><strong>eam</strong></span> <span class='ocrx_word' id='word_1_567' title='bbox 1692 4479 1810 4532; x_wconf 80' lang='lat' dir='ltr'><strong>quae</strong></span> <span class='ocrx_word' id='word_1_568' title='bbox 1842 4476 2089 4532; x_wconf 84' lang='lat' dir='ltr'><strong>corrupta</strong></span> <span class='ocrx_word' id='word_1_569' title='bbox 2126 4473 2231 4526; x_wconf 87' lang='lat' dir='ltr'><strong>est,</strong></span> <span class='ocrx_word' id='word_1_570' title='bbox 2278 4478 2341 4516; x_wconf 90' lang='lat' dir='ltr'><strong>ac</strong></span> 
     </span>
    </p>
   </div>
   <div class='ocr_carea' id='block_1_79' title="bbox 776 4552 2337 4627">
    <p class='ocr_par' dir='ltr' id='par_1_79' title="bbox 776 4552 2337 4627">
     <span class='ocr_line' id='line_1_79' title="bbox 776 4552 2337 4627; baseline -0.001 -20"><span class='ocrx_word' id='word_1_571' title='bbox 776 4560 1105 4627; x_wconf 80' lang='lat' dir='ltr'><strong>virginitatis</strong></span> <span class='ocrx_word' id='word_1_572' title='bbox 1139 4558 1549 4611; x_wconf 86' lang='lat' dir='ltr'><strong>sanctimoniam</strong></span> <span class='ocrx_word' id='word_1_573' title='bbox 1599 4554 1800 4608; x_wconf 88' lang='lat' dir='ltr'><strong>amisit.</strong></span> <span class='ocrx_word' id='word_1_574' title='bbox 1844 4552 1933 4606; x_wconf 89' lang='lat' dir='ltr'><strong>Sic</strong></span> <span class='ocrx_word' id='word_1_575' title='bbox 1975 4554 2221 4619; x_wconf 85' lang='lat' dir='ltr'><strong>Amnon,</strong></span> <span class='ocrx_word' id='word_1_576' title='bbox 2255 4556 2337 4607; x_wconf 88' lang='lat' dir='ltr'><strong>in-</strong></span> 
     </span>
    </p>
   </div>
   <div class='ocr_carea' id='block_1_80' title="bbox 2438 3374 4016 3447">
    <p class='ocr_par' dir='ltr' id='par_1_80' title="bbox 2438 3374 4016 3447">
     <span class='ocr_line' id='line_1_80' title="bbox 2438 3374 4016 3447; baseline 0.003 -22"><span class='ocrx_word' id='word_1_577' title='bbox 2438 3374 2578 3441; x_wconf 82' lang='grc' dir='ltr'>ὐμᾶς</span> <span class='ocrx_word' id='word_1_578' title='bbox 2610 3376 2701 3426; x_wconf 72' lang='grc' dir='ltr'>καὶ</span> <span class='ocrx_word' id='word_1_579' title='bbox 2724 3377 2800 3435; x_wconf 85' lang='grc' dir='ltr'>εἰς</span> <span class='ocrx_word' id='word_1_580' title='bbox 2827 3374 3200 3445; x_wconf 82' lang='grc' dir='ltr'>μακροθυμίαν</span> <span class='ocrx_word' id='word_1_581' title='bbox 3224 3376 3427 3443; x_wconf 86' lang='grc' dir='ltr'>ἐνάγων</span> <span class='ocrx_word' id='word_1_582' title='bbox 3450 3377 3513 3445; x_wconf 77' lang='grc' dir='ltr'>τῇ</span> <span class='ocrx_word' id='word_1_583' title='bbox 3543 3377 3681 3446; x_wconf 84' lang='grc' dir='ltr'>χαρᾷ</span> <span class='ocrx_word' id='word_1_584' title='bbox 3705 3375 3814 3429; x_wconf 83' lang='grc' dir='ltr'><strong>τῶν</strong></span> <span class='ocrx_word' id='word_1_585' title='bbox 3846 3393 4016 3447; x_wconf 76' lang='grc' dir='ltr'>προσ-</span> 
     </span>
    </p>
   </div>
   <div class='ocr_carea' id='block_1_81' title="bbox 2436 3462 4007 3536">
    <p class='ocr_par' dir='ltr' id='par_1_81' title="bbox 2436 3462 4007 3536">
     <span class='ocr_line' id='line_1_81' title="bbox 2436 3462 4007 3536; baseline 0.004 -22"><span class='ocrx_word' id='word_1_586' title='bbox 2436 3462 2773 3532; x_wconf 84' lang='grc' dir='ltr'>δοκωμένων.</span> <span class='ocrx_word' id='word_1_587' title='bbox 2793 3465 3130 3535; x_wconf 77' lang='grc' dir='ltr'>Συντριμμὸς</span> <span class='ocrx_word' id='word_1_588' title='bbox 3155 3465 3210 3515; x_wconf 79' lang='grc' dir='ltr'><strong>δὲ</strong></span> <span class='ocrx_word' id='word_1_589' title='bbox 3236 3465 3459 3534; x_wconf 81' lang='grc' dir='ltr'>καρδίας</span> <span class='ocrx_word' id='word_1_590' title='bbox 3485 3467 3627 3518; x_wconf 73' lang='grc' dir='ltr'>ἐστὶν</span> <span class='ocrx_word' id='word_1_591' title='bbox 3653 3469 3680 3518; x_wconf 84' lang='grc' dir='ltr'>ὁ</span> <span class='ocrx_word' id='word_1_592' title='bbox 3700 3468 4007 3536; x_wconf 78' lang='grc' dir='ltr'>ἀφανισμὸς</span> 
     </span>
    </p>
   </div>
   <div class='ocr_carea' id='block_1_82' title="bbox 2436 3554 4013 3629">
    <p class='ocr_par' dir='ltr' id='par_1_82' title="bbox 2436 3554 4013 3629">
     <span class='ocr_line' id='line_1_82' title="bbox 2436 3554 4013 3629; baseline 0.004 -23"><span class='ocrx_word' id='word_1_593' title='bbox 2436 3555 2543 3606; x_wconf 83' lang='grc' dir='ltr'><strong>τῶν</strong></span> <span class='ocrx_word' id='word_1_594' title='bbox 2578 3554 2927 3625; x_wconf 83' lang='grc' dir='ltr'>ἀνθρωπίνων</span> <span class='ocrx_word' id='word_1_595' title='bbox 2980 3555 3271 3625; x_wconf 86' lang='grc' dir='ltr'>λογισμῶν.</span> <span class='ocrx_word' id='word_1_596' title='bbox 3322 3556 3378 3607; x_wconf 86' lang='lat'><strong>&#39;0</strong></span> <span class='ocrx_word' id='word_1_597' title='bbox 3431 3561 3845 3629; x_wconf 72' lang='grc' dir='ltr'>καταφρονήσας</span> <span class='ocrx_word' id='word_1_598' title='bbox 3902 3561 4013 3613; x_wconf 79' lang='grc' dir='ltr'><strong>τῶν</strong></span> 
     </span>
    </p>
   </div>
   <div class='ocr_carea' id='block_1_83' title="bbox 2436 3644 4012 3716">
    <p class='ocr_par' dir='ltr' id='par_1_83' title="bbox 2436 3644 4012 3716">
     <span class='ocr_line' id='line_1_83' title="bbox 2436 3644 4012 3716; baseline 0.004 -19"><span class='ocrx_word' id='word_1_599' title='bbox 2436 3647 2581 3715; x_wconf 80' lang='grc' dir='ltr'>τῇδε,</span> <span class='ocrx_word' id='word_1_600' title='bbox 2612 3646 2704 3696; x_wconf 75' lang='grc' dir='ltr'><strong>καὶ</strong></span> <span class='ocrx_word' id='word_1_601' title='bbox 2739 3644 3085 3708; x_wconf 81' lang='grc' dir='ltr'>ἀποδεδωκὼς</span> <span class='ocrx_word' id='word_1_602' title='bbox 3111 3646 3298 3700; x_wconf 78' lang='grc' dir='ltr'>ἐαυτὸν</span> <span class='ocrx_word' id='word_1_603' title='bbox 3331 3645 3408 3715; x_wconf 81' lang='grc' dir='ltr'>τῷ</span> <span class='ocrx_word' id='word_1_604' title='bbox 3440 3646 3580 3716; x_wconf 83' lang='grc' dir='ltr'>λόγῳ</span> <span class='ocrx_word' id='word_1_605' title='bbox 3612 3648 3703 3699; x_wconf 76' lang='grc' dir='ltr'>τοῦ</span> <span class='ocrx_word' id='word_1_606' title='bbox 3734 3648 3890 3713; x_wconf 81' lang='grc' dir='ltr'>Θεοῦ,</span> <span class='ocrx_word' id='word_1_607' title='bbox 3917 3650 4012 3703; x_wconf 74' lang='grc' dir='ltr'>καὶ</span> 
     </span>
    </p>
   </div>
   <div class='ocr_carea' id='block_1_84' title="bbox 2437 3736 4013 3812">
    <p class='ocr_par' dir='ltr' id='par_1_84' title="bbox 2437 3736 4013 3812">
     <span class='ocr_line' id='line_1_84' title="bbox 2437 3736 4013 3812; baseline 0.004 -24"><span class='ocrx_word' id='word_1_608' title='bbox 2437 3737 2764 3807; x_wconf 73' lang='grc' dir='ltr'>ἐμπαρέχων</span> <span class='ocrx_word' id='word_1_609' title='bbox 2797 3736 2987 3787; x_wconf 80' lang='grc' dir='ltr'>ἐαυτοῦ</span> <span class='ocrx_word' id='word_1_610' title='bbox 3020 3737 3077 3789; x_wconf 81' lang='grc' dir='ltr'><strong>τὸ</strong></span> <span class='ocrx_word' id='word_1_611' title='bbox 3108 3739 3430 3807; x_wconf 72' lang='grc' dir='ltr'>ἡγεμονικὸν</span> <span class='ocrx_word' id='word_1_612' title='bbox 3460 3741 3566 3801; x_wconf 86' lang='grc' dir='ltr'>τοῖς</span> <span class='ocrx_word' id='word_1_613' title='bbox 3615 3739 3753 3807; x_wconf 76' lang='grc' dir='ltr'>ὑπὲρ</span> <span class='ocrx_word' id='word_1_614' title='bbox 3800 3740 4013 3812; x_wconf 84' lang='grc' dir='ltr'>ἀνθρω-</span> 
     </span>
    </p>
   </div>
   <div class='ocr_carea' id='block_1_85' title="bbox 2439 3823 4013 3898">
    <p class='ocr_par' dir='ltr' id='par_1_85' title="bbox 2439 3823 4013 3898">
     <span class='ocr_line' id='line_1_85' title="bbox 2439 3823 4013 3898; baseline 0.004 -18"><span class='ocrx_word' id='word_1_615' title='bbox 2439 3846 2537 3880; x_wconf 86' lang='grc' dir='ltr'><strong>πον</strong></span> <span class='ocrx_word' id='word_1_616' title='bbox 2564 3830 2655 3879; x_wconf 75' lang='grc' dir='ltr'><strong>καὶ</strong></span> <span class='ocrx_word' id='word_1_617' title='bbox 2689 3826 2976 3896; x_wconf 80' lang='grc' dir='ltr'>θειοτέροις</span> <span class='ocrx_word' id='word_1_618' title='bbox 3019 3829 3306 3898; x_wconf 82' lang='grc' dir='ltr'>νοήμασιν,</span> <span class='ocrx_word' id='word_1_619' title='bbox 3346 3823 3496 3892; x_wconf 75' lang='grc' dir='ltr'>οὗτος</span> <span class='ocrx_word' id='word_1_620' title='bbox 3527 3828 3591 3882; x_wconf 79' lang='grc' dir='ltr'><strong>ἂν</strong></span> <span class='ocrx_word' id='word_1_621' title='bbox 3626 3829 3711 3898; x_wconf 70' lang='grc' dir='ltr'>εἴη</span> <span class='ocrx_word' id='word_1_622' title='bbox 3756 3830 3784 3880; x_wconf 87' lang='grc' dir='ltr'>ὁ</span> <span class='ocrx_word' id='word_1_623' title='bbox 3830 3848 4013 3885; x_wconf 86' lang='grc' dir='ltr'>συντε-</span> 
     </span>
    </p>
   </div>
   <div class='ocr_carea' id='block_1_86' title="bbox 2437 3914 4014 3993">
    <p class='ocr_par' dir='ltr' id='par_1_86' title="bbox 2437 3914 4014 3993">
     <span class='ocr_line' id='line_1_86' title="bbox 2437 3914 4014 3993; baseline 0.004 -21"><span class='ocrx_word' id='word_1_624' title='bbox 2437 3914 2742 3991; x_wconf 78' lang='grc' dir='ltr'>τριμμένην</span> <span class='ocrx_word' id='word_1_625' title='bbox 2790 3918 2924 3989; x_wconf 79' lang='grc' dir='ltr'>ἔχων</span> <span class='ocrx_word' id='word_1_626' title='bbox 2975 3921 3072 3990; x_wconf 83' lang='grc' dir='ltr'><strong>τὴν</strong></span> <span class='ocrx_word' id='word_1_627' title='bbox 3127 3922 3373 3992; x_wconf 81' lang='grc' dir='ltr'>καρδίαν,</span> <span class='ocrx_word' id='word_1_628' title='bbox 3419 3923 3512 3975; x_wconf 77' lang='grc' dir='ltr'><strong>καὶ</strong></span> <span class='ocrx_word' id='word_1_629' title='bbox 3564 3924 3793 3993; x_wconf 81' lang='grc' dir='ltr'>ποιήσας</span> <span class='ocrx_word' id='word_1_630' title='bbox 3843 3925 4014 3993; x_wconf 77' lang='grc' dir='ltr'>αὐτὴν</span> 
     </span>
    </p>
   </div>
   <div class='ocr_carea' id='block_1_87' title="bbox 2439 4013 4016 4085">
    <p class='ocr_par' dir='ltr' id='par_1_87' title="bbox 2439 4013 4016 4085">
     <span class='ocr_line' id='line_1_87' title="bbox 2439 4013 4016 4085; baseline 0.003 -20"><span class='ocrx_word' id='word_1_631' title='bbox 2439 4013 2624 4066; x_wconf 84' lang='grc' dir='ltr'>θυσίαν</span> <span class='ocrx_word' id='word_1_632' title='bbox 2651 4014 2748 4065; x_wconf 85' lang='grc' dir='ltr'><strong>οὐκ</strong></span> <span class='ocrx_word' id='word_1_633' title='bbox 2774 4013 3198 4084; x_wconf 75' lang='grc' dir='ltr'>ἐξουδενωμένην</span> <span class='ocrx_word' id='word_1_634' title='bbox 3224 4015 3327 4067; x_wconf 76' lang='grc' dir='ltr'>ὑπὸ</span> <span class='ocrx_word' id='word_1_635' title='bbox 3362 4015 3454 4067; x_wconf 76' lang='grc' dir='ltr'>τοῦ</span> <span class='ocrx_word' id='word_1_636' title='bbox 3490 4016 3713 4085; x_wconf 86' lang='grc' dir='ltr'>Κυρίου.</span> <span class='ocrx_word' id='word_1_637' title='bbox 3752 4016 4016 4083; x_wconf 76' lang='grc' dir='ltr'>Καρδίαν</span> 
     </span>
    </p>
   </div>
   <div class='ocr_carea' id='block_1_88' title="bbox 2436 4103 4015 4175">
    <p class='ocr_par' dir='ltr' id='par_1_88' title="bbox 2436 4103 4015 4175">
     <span class='ocr_line' id='line_1_88' title="bbox 2436 4103 4015 4175; baseline 0.003 -19"><span class='ocrx_word' id='word_1_638' title='bbox 2436 4103 2546 4173; x_wconf 84' lang='grc' dir='ltr'><strong>τὰρ</strong></span> <span class='ocrx_word' id='word_1_639' title='bbox 2575 4103 2684 4175; x_wconf 63' lang='grc'>(29)</span> <span class='ocrx_word' id='word_1_640' title='bbox 2731 4103 3239 4171; x_wconf 74' lang='grc' dir='ltr'>συντετριμμένην</span> <span class='ocrx_word' id='word_1_641' title='bbox 3289 4104 3384 4157; x_wconf 81' lang='grc' dir='ltr'>καὶ</span> <span class='ocrx_word' id='word_1_642' title='bbox 3430 4106 3939 4173; x_wconf 79' lang='grc' dir='ltr'>τεταπεινωμένην</span> <span class='ocrx_word' id='word_1_643' title='bbox 3976 4107 4015 4162; x_wconf 81' lang='grc' dir='ltr'><em>ό</em></span> 
     </span>
    </p>
   </div>
   <div class='ocr_carea' id='block_1_89' title="bbox 2440 4192 4013 4262">
    <p class='ocr_par' dir='ltr' id='par_1_89' title="bbox 2440 4192 4013 4262">
     <span class='ocr_line' id='line_1_89' title="bbox 2440 4192 4013 4262; baseline -0.001 -14"><span class='ocrx_word' id='word_1_644' title='bbox 2440 4196 2582 4260; x_wconf 85' lang='grc' dir='ltr'>Θεὸς</span> <span class='ocrx_word' id='word_1_645' title='bbox 2638 4198 2747 4247; x_wconf 81' lang='grc' dir='ltr'>οὐκ</span> <span class='ocrx_word' id='word_1_646' title='bbox 2793 4194 3199 4257; x_wconf 80' lang='grc' dir='ltr'>ἐξουδενώσει.</span> <span class='ocrx_word' id='word_1_647' title='bbox 3249 4195 3451 4262; x_wconf 76' lang='grc' dir='ltr'>Ἐγγὺς</span> <span class='ocrx_word' id='word_1_648' title='bbox 3498 4192 3611 4249; x_wconf 85' lang='grc' dir='ltr'>οὖν</span> <span class='ocrx_word' id='word_1_649' title='bbox 3643 4198 3858 4262; x_wconf 72' lang='grc' dir='ltr'>Κύριος</span> <span class='ocrx_word' id='word_1_650' title='bbox 3889 4196 4013 4261; x_wconf 83' lang='grc' dir='ltr'>τοῖς</span> 
     </span>
    </p>
   </div>
   <div class='ocr_carea' id='block_1_90' title="bbox 2439 4284 4015 4352">
    <p class='ocr_par' dir='ltr' id='par_1_90' title="bbox 2439 4284 4015 4352">
     <span class='ocr_line' id='line_1_90' title="bbox 2439 4284 4015 4352; baseline 0 -13"><span class='ocrx_word' id='word_1_651' title='bbox 2439 4285 2959 4352; x_wconf 80' lang='grc' dir='ltr'>συντετριμμένοις</span> <span class='ocrx_word' id='word_1_652' title='bbox 2982 4284 3095 4350; x_wconf 81' lang='grc' dir='ltr'>τὴν</span> <span class='ocrx_word' id='word_1_653' title='bbox 3122 4285 3388 4352; x_wconf 79' lang='grc' dir='ltr'>καρδίαν,</span> <span class='ocrx_word' id='word_1_654' title='bbox 3414 4285 3511 4336; x_wconf 81' lang='grc' dir='ltr'>καὶ</span> <span class='ocrx_word' id='word_1_655' title='bbox 3532 4285 3675 4348; x_wconf 84' lang='grc' dir='ltr'>τοὺς</span> <span class='ocrx_word' id='word_1_656' title='bbox 3696 4288 4015 4351; x_wconf 80' lang='grc' dir='ltr'>ταπεινοὺς</span> 
     </span>
    </p>
   </div>
   <div class='ocr_carea' id='block_1_91' title="bbox 2439 4373 4012 4451">
    <p class='ocr_par' dir='ltr' id='par_1_91' title="bbox 2439 4373 4012 4451">
     <span class='ocr_line' id='line_1_91' title="bbox 2439 4373 4012 4451; baseline 0.004 -24"><span class='ocrx_word' id='word_1_657' title='bbox 2439 4375 2518 4439; x_wconf 83' lang='grc' dir='ltr'>τῷ</span> <span class='ocrx_word' id='word_1_658' title='bbox 2554 4377 2841 4443; x_wconf 80' lang='grc' dir='ltr'>πνεύματι</span> <span class='ocrx_word' id='word_1_659' title='bbox 2874 4373 3077 4427; x_wconf 84' lang='grc' dir='ltr'>σώσει.</span> <span class='ocrx_word' id='word_1_660' title='bbox 3126 4375 3183 4427; x_wconf 88' lang='grc' dir='ltr'>Ὀ</span> <span class='ocrx_word' id='word_1_661' title='bbox 3233 4376 3396 4446; x_wconf 77' lang='grc' dir='ltr'>μηδὲν</span> <span class='ocrx_word' id='word_1_662' title='bbox 3423 4376 3559 4446; x_wconf 78' lang='grc' dir='ltr'>ἔχων</span> <span class='ocrx_word' id='word_1_663' title='bbox 3588 4378 3837 4450; x_wconf 76' lang='grc' dir='ltr'>ἔπαρμα,</span> <span class='ocrx_word' id='word_1_664' title='bbox 3876 4382 4012 4451; x_wconf 81' lang='grc' dir='ltr'><strong>μηδέ</strong></span> 
     </span>
    </p>
   </div>
   <div class='ocr_carea' id='block_1_92' title="bbox 2441 4461 4013 4539">
    <p class='ocr_par' dir='ltr' id='par_1_92' title="bbox 2441 4461 4013 4539">
     <span class='ocr_line' id='line_1_92' title="bbox 2441 4461 4013 4539; baseline 0.004 -21"><span class='ocrx_word' id='word_1_665' title='bbox 2441 4466 2652 4538; x_wconf 83' lang='grc' dir='ltr'>φρονῶν</span> <span class='ocrx_word' id='word_1_666' title='bbox 2691 4465 2781 4519; x_wconf 87' lang='grc' dir='ltr'><strong>ἐπί</strong></span> <span class='ocrx_word' id='word_1_667' title='bbox 2815 4484 2917 4519; x_wconf 86' lang='grc' dir='ltr'>τινι</span> <span class='ocrx_word' id='word_1_668' title='bbox 2941 4466 3047 4519; x_wconf 87' lang='grc' dir='ltr'><strong>τῶν</strong></span> <span class='ocrx_word' id='word_1_669' title='bbox 3076 4466 3460 4539; x_wconf 85' lang='grc' dir='ltr'>ἀνθρωπίνων,</span> <span class='ocrx_word' id='word_1_670' title='bbox 3500 4461 3655 4534; x_wconf 73' lang='grc' dir='ltr'>οὗτος</span> <span class='ocrx_word' id='word_1_671' title='bbox 3697 4472 3791 4524; x_wconf 79' lang='grc' dir='ltr'>καὶ</span> <span class='ocrx_word' id='word_1_672' title='bbox 3829 4489 4013 4525; x_wconf 82' lang='grc' dir='ltr'>συντε-</span> 
     </span>
    </p>
   </div>
   <div class='ocr_carea' id='block_1_93' title="bbox 2442 4559 4012 4634">
    <p class='ocr_par' dir='ltr' id='par_1_93' title="bbox 2442 4559 4012 4634">
     <span class='ocr_line' id='line_1_93' title="bbox 2442 4559 4012 4634; baseline 0.003 -23"><span class='ocrx_word' id='word_1_673' title='bbox 2442 4559 2739 4631; x_wconf 81' lang='grc' dir='ltr'>τριμμένος</span> <span class='ocrx_word' id='word_1_674' title='bbox 2765 4560 2878 4611; x_wconf 77' lang='grc' dir='ltr'>ἐστὶ</span> <span class='ocrx_word' id='word_1_675' title='bbox 2906 4564 2969 4631; x_wconf 83' lang='grc' dir='ltr'>τῇ</span> <span class='ocrx_word' id='word_1_676' title='bbox 3002 4560 3216 4631; x_wconf 80' lang='grc' dir='ltr'>καρδίᾳ,</span> <span class='ocrx_word' id='word_1_677' title='bbox 3241 4563 3332 4613; x_wconf 71' lang='grc' dir='ltr'>καὶ</span> <span class='ocrx_word' id='word_1_678' title='bbox 3350 4563 3599 4625; x_wconf 80' lang='grc' dir='ltr'>ταπεινὸς</span> <span class='ocrx_word' id='word_1_679' title='bbox 3621 4563 3700 4632; x_wconf 83' lang='grc' dir='ltr'>τῷ</span> <span class='ocrx_word' id='word_1_680' title='bbox 3724 4564 4012 4634; x_wconf 82' lang='grc' dir='ltr'>πνεύματι.</span> 
     </span>
    </p>
   </div>
   <div class='ocr_carea' id='block_1_94' title="bbox 776 4626 2458 4725">
    <p class='ocr_par' dir='ltr' id='par_1_94' title="bbox 776 4626 2458 4720">
     <span class='ocr_line' id='line_1_94' title="bbox 776 4626 2458 4720; baseline -0.001 -20"><span class='ocrx_word' id='word_1_681' title='bbox 776 4626 914 4720; x_wconf 86' lang='lat' dir='ltr'><strong>quit,</strong></span> <span class='ocrx_word' id='word_1_682' title='bbox 947 4650 1054 4702; x_wconf 88' lang='lat' dir='ltr'><strong>vim</strong></span> <span class='ocrx_word' id='word_1_683' title='bbox 1086 4648 1321 4701; x_wconf 86' lang='lat' dir='ltr'><strong>Thamar</strong></span> <span class='ocrx_word' id='word_1_684' title='bbox 1356 4648 1595 4702; x_wconf 77' lang='lat' dir='ltr'><strong>inferens</strong></span> <span class='ocrx_word' id='word_1_685' title='bbox 1620 4647 1686 4710; x_wconf 81' lang='grc'><strong>⁸⁸,</strong></span> <span class='ocrx_word' id='word_1_686' title='bbox 1720 4644 2029 4698; x_wconf 80' lang='lat' dir='ltr'><strong>Humiliavit</strong></span> <span class='ocrx_word' id='word_1_687' title='bbox 2068 4647 2236 4709; x_wconf 85' lang='lat' dir='ltr'><strong>ipsam</strong></span> <span class='ocrx_word' id='word_1_688' title='bbox 2274 4646 2338 4699; x_wconf 71' lang='grc'><strong>⁸⁸.</strong></span> <span class='ocrx_word' id='word_1_689' title='bbox 2374 4626 2415 4679; x_wconf 83' lang='lat' dir='ltr'><strong>D</strong></span> <span class='ocrx_word' id='word_1_690' title='bbox 2451 4654 2458 4671; x_wconf 87' lang='lat'>&#39;</span> 
     </span>
    </p>
   </div>
   <div class='ocr_carea' id='block_1_95' title="bbox 2329 4626 4011 4725">
    <p class='ocr_par' dir='ltr' id='par_1_95' title="bbox 2329 4626 4011 4725">
     <span class='ocr_line' id='line_1_95' title="bbox 2329 4626 4011 4725; baseline 0.005 -26"><span class='ocrx_word' id='word_1_691' title='bbox 2329 4686 2338 4699; x_wconf 90' lang='lat'><strong>.</strong></span> <span class='ocrx_word' id='word_1_692' title='bbox 2374 4626 2415 4679; x_wconf 82' lang='lat' dir='ltr'><strong>D</strong></span> <span class='ocrx_word' id='word_1_693' title='bbox 2451 4626 2604 4703; x_wconf 71' lang='grc' dir='ltr'>Ἔστι</span> <span class='ocrx_word' id='word_1_694' title='bbox 2638 4653 2735 4721; x_wconf 86' lang='grc' dir='ltr'><strong>μὲν</strong></span> <span class='ocrx_word' id='word_1_695' title='bbox 2758 4626 3010 4715; x_wconf 71' lang='grc' dir='ltr'>ταπεινδς</span> <span class='ocrx_word' id='word_1_696' title='bbox 3031 4626 3319 4705; x_wconf 36' lang='grc' dir='ltr'>καὶὸ-κατὰ</span> <span class='ocrx_word' id='word_1_697' title='bbox 3352 4653 3448 4722; x_wconf 85' lang='grc' dir='ltr'><strong>τὴν</strong></span> <span class='ocrx_word' id='word_1_698' title='bbox 3483 4626 3755 4725; x_wconf 83' lang='grc' dir='ltr'>ἁμαρτίαν</span> <span class='ocrx_word' id='word_1_699' title='bbox 3788 4626 4011 4725; x_wconf 53' lang='lat' dir='ltr'><strong>«opus.</strong></span> 
     </span>
    </p>
   </div>
   <div class='ocr_carea' id='block_1_96' title="bbox 776 4736 2337 4808">
    <p class='ocr_par' dir='ltr' id='par_1_96' title="bbox 776 4736 2337 4808">
     <span class='ocr_line' id='line_1_96' title="bbox 776 4736 2337 4808; baseline -0.001 -16"><span class='ocrx_word' id='word_1_700' title='bbox 776 4740 1095 4808; x_wconf 87' lang='lat' dir='ltr'><strong>Quicunque</strong></span> <span class='ocrx_word' id='word_1_701' title='bbox 1123 4739 1286 4807; x_wconf 77' lang='lat' dir='ltr'><strong>igitur</strong></span> <span class='ocrx_word' id='word_1_702' title='bbox 1308 4738 1648 4791; x_wconf 87' lang='lat' dir='ltr'><strong>altitudinem</strong></span> <span class='ocrx_word' id='word_1_703' title='bbox 1677 4753 1740 4791; x_wconf 84' lang='lat' dir='ltr'><strong>ac</strong></span> <span class='ocrx_word' id='word_1_704' title='bbox 1762 4736 2144 4791; x_wconf 87' lang='lat' dir='ltr'><strong>sublimitatem</strong></span> <span class='ocrx_word' id='word_1_705' title='bbox 2177 4740 2337 4791; x_wconf 91' lang='lat' dir='ltr'><strong>animi</strong></span> 
     </span>
    </p>
   </div>
   <div class='ocr_carea' id='block_1_97' title="bbox 777 4828 2337 4900">
    <p class='ocr_par' dir='ltr' id='par_1_97' title="bbox 777 4828 2337 4900">
     <span class='ocr_line' id='line_1_97' title="bbox 777 4828 2337 4900; baseline -0.002 -15"><span class='ocrx_word' id='word_1_706' title='bbox 777 4832 1031 4894; x_wconf 82' lang='lat' dir='ltr'><strong>amisere,</strong></span> <span class='ocrx_word' id='word_1_707' title='bbox 1069 4846 1162 4900; x_wconf 87' lang='lat' dir='ltr'><strong>per</strong></span> <span class='ocrx_word' id='word_1_708' title='bbox 1198 4841 1478 4899; x_wconf 79' lang='lat' dir='ltr'><strong>peccatum</strong></span> <span class='ocrx_word' id='word_1_709' title='bbox 1522 4831 1573 4882; x_wconf 90' lang='lat' dir='ltr'><strong>in</strong></span> <span class='ocrx_word' id='word_1_710' title='bbox 1614 4840 1805 4881; x_wconf 84' lang='lat' dir='ltr'><strong>terram</strong></span> <span class='ocrx_word' id='word_1_711' title='bbox 1844 4828 2055 4897; x_wconf 83' lang='lat' dir='ltr'><strong>dejecti,</strong></span> <span class='ocrx_word' id='word_1_712' title='bbox 2094 4840 2145 4881; x_wconf 88' lang='lat' dir='ltr'><strong>ct</strong></span> <span class='ocrx_word' id='word_1_713' title='bbox 2184 4831 2337 4899; x_wconf 78' lang='lat' dir='ltr'><strong>quasi</strong></span> 
     </span>
    </p>
   </div>
   <div class='ocr_carea' id='block_1_98' title="bbox 776 4917 2333 4991">
    <p class='ocr_par' dir='ltr' id='par_1_98' title="bbox 776 4917 2333 4991">
     <span class='ocr_line' id='line_1_98' title="bbox 776 4917 2333 4991; baseline -0.001 -18"><span class='ocrx_word' id='word_1_714' title='bbox 776 4920 1059 4991; x_wconf 89' lang='lat' dir='ltr'><strong>prostrati,</strong></span> <span class='ocrx_word' id='word_1_715' title='bbox 1112 4935 1215 4973; x_wconf 91' lang='lat' dir='ltr'><strong>non</strong></span> <span class='ocrx_word' id='word_1_716' title='bbox 1275 4918 1434 4971; x_wconf 90' lang='lat' dir='ltr'><strong>aliter</strong></span> <span class='ocrx_word' id='word_1_717' title='bbox 1479 4917 1786 4985; x_wconf 76' lang='lat' dir='ltr'><strong>gradientes</strong></span> <span class='ocrx_word' id='word_1_718' title='bbox 1836 4932 1994 4985; x_wconf 90' lang='lat' dir='ltr'><strong>quam</strong></span> <span class='ocrx_word' id='word_1_719' title='bbox 2039 4932 2333 4985; x_wconf 76' lang='lat' dir='ltr'><strong>serpentes,</strong></span> 
     </span>
    </p>
   </div>
   <div class='ocr_carea' id='block_1_99' title="bbox 776 5009 2339 5079">
    <p class='ocr_par' dir='ltr' id='par_1_99' title="bbox 776 5009 2339 5079">
     <span class='ocr_line' id='line_1_99' title="bbox 776 5009 2339 5079; baseline 0 -15"><span class='ocrx_word' id='word_1_720' title='bbox 776 5013 1137 5075; x_wconf 80' lang='lat' dir='ltr'><strong>decumbunt;</strong></span> <span class='ocrx_word' id='word_1_721' title='bbox 1166 5026 1398 5079; x_wconf 88' lang='lat' dir='ltr'><strong>cumque</strong></span> <span class='ocrx_word' id='word_1_722' title='bbox 1425 5010 1585 5064; x_wconf 92' lang='lat' dir='ltr'><strong>iidem</strong></span> <span class='ocrx_word' id='word_1_723' title='bbox 1620 5009 1768 5062; x_wconf 90' lang='lat' dir='ltr'><strong>nullo</strong></span> <span class='ocrx_word' id='word_1_724' title='bbox 1802 5011 1959 5063; x_wconf 89' lang='lat' dir='ltr'><strong>modo</strong></span> <span class='ocrx_word' id='word_1_725' title='bbox 1986 5012 2256 5079; x_wconf 81' lang='lat' dir='ltr'><strong>surrigere</strong></span> <span class='ocrx_word' id='word_1_726' title='bbox 2282 5027 2339 5064; x_wconf 82' lang='lat' dir='ltr'><strong>se</strong></span> 
     </span>
    </p>
   </div>
   <div class='ocr_carea' id='block_1_100' title="bbox 777 5102 2334 5172">
    <p class='ocr_par' dir='ltr' id='par_1_100' title="bbox 777 5102 2334 5172">
     <span class='ocr_line' id='line_1_100' title="bbox 777 5102 2334 5172; baseline -0.002 -16"><span class='ocrx_word' id='word_1_727' title='bbox 777 5104 1006 5172; x_wconf 90' lang='lat' dir='ltr'><strong>possint,</strong></span> <span class='ocrx_word' id='word_1_728' title='bbox 1038 5102 1302 5154; x_wconf 84' lang='lat' dir='ltr'><strong>bumiliali</strong></span> <span class='ocrx_word' id='word_1_729' title='bbox 1335 5112 1457 5155; x_wconf 90' lang='lat' dir='ltr'><strong>sunt</strong></span> <span class='ocrx_word' id='word_1_730' title='bbox 1484 5102 1723 5170; x_wconf 83' lang='lat' dir='ltr'><strong>quidem,</strong></span> <span class='ocrx_word' id='word_1_731' title='bbox 1751 5115 1855 5153; x_wconf 91' lang='lat' dir='ltr'><strong>non</strong></span> <span class='ocrx_word' id='word_1_732' title='bbox 1892 5109 2066 5153; x_wconf 87' lang='lat' dir='ltr'><strong>tamen</strong></span> <span class='ocrx_word' id='word_1_733' title='bbox 2100 5103 2290 5168; x_wconf 90' lang='lat' dir='ltr'><strong>spiritu</strong></span> <span class='ocrx_word' id='word_1_734' title='bbox 2323 5121 2334 5153; x_wconf 90' lang='lat'><strong>:</strong></span> 
     </span>
    </p>
   </div>
   <div class='ocr_carea' id='block_1_101' title="bbox 776 5191 2341 5258">
    <p class='ocr_par' dir='ltr' id='par_1_101' title="bbox 776 5191 2341 5258">
     <span class='ocr_line' id='line_1_101' title="bbox 776 5191 2341 5258; baseline -0.001 -9"><span class='ocrx_word' id='word_1_735' title='bbox 776 5211 880 5249; x_wconf 88' lang='lat' dir='ltr'><strong>non</strong></span> <span class='ocrx_word' id='word_1_736' title='bbox 918 5194 1062 5248; x_wconf 91' lang='lat' dir='ltr'><strong>enim</strong></span> <span class='ocrx_word' id='word_1_737' title='bbox 1095 5193 1375 5247; x_wconf 80' lang='lat' dir='ltr'><strong>laudabilis</strong></span> <span class='ocrx_word' id='word_1_738' title='bbox 1396 5203 1478 5247; x_wconf 89' lang='lat' dir='ltr'><strong>est</strong></span> <span class='ocrx_word' id='word_1_739' title='bbox 1506 5192 1715 5245; x_wconf 86' lang='lat' dir='ltr'><strong>illorum</strong></span> <span class='ocrx_word' id='word_1_740' title='bbox 1744 5191 2040 5244; x_wconf 84' lang='lat' dir='ltr'><strong>humilitas.</strong></span> <span class='ocrx_word' id='word_1_741' title='bbox 2078 5192 2176 5258; x_wconf 89' lang='lat' dir='ltr'><strong>Qui</strong></span> <span class='ocrx_word' id='word_1_742' title='bbox 2215 5208 2341 5248; x_wconf 87' lang='lat' dir='ltr'><strong>vero</strong></span> 
     </span>
    </p>
   </div>
   <div class='ocr_carea' id='block_1_102' title="bbox 774 5283 2340 5355">
    <p class='ocr_par' dir='ltr' id='par_1_102' title="bbox 774 5283 2340 5355">
     <span class='ocr_line' id='line_1_102' title="bbox 774 5283 2340 5355; baseline -0.001 -15"><span class='ocrx_word' id='word_1_743' title='bbox 774 5288 974 5341; x_wconf 83' lang='lat' dir='ltr'><strong>habent</strong></span> <span class='ocrx_word' id='word_1_744' title='bbox 1004 5286 1228 5354; x_wconf 84' lang='lat' dir='ltr'><strong>spiritus</strong></span> <span class='ocrx_word' id='word_1_745' title='bbox 1262 5288 1434 5340; x_wconf 86' lang='lat' dir='ltr'><strong>sancti</strong></span> <span class='ocrx_word' id='word_1_746' title='bbox 1470 5286 1723 5351; x_wconf 66' lang='lat' dir='ltr'><strong>gratiam,</strong></span> <span class='ocrx_word' id='word_1_747' title='bbox 1757 5285 1896 5339; x_wconf 84' lang='lat' dir='ltr'><strong>haud</strong></span> <span class='ocrx_word' id='word_1_748' title='bbox 1930 5283 2079 5336; x_wconf 79' lang='lat' dir='ltr'><strong>inviti</strong></span> <span class='ocrx_word' id='word_1_749' title='bbox 2110 5300 2165 5338; x_wconf 86' lang='lat' dir='ltr'><strong>se</strong></span> <span class='ocrx_word' id='word_1_750' title='bbox 2200 5288 2340 5355; x_wconf 80' lang='lat' dir='ltr'><strong>ipsos</strong></span> 
     </span>
    </p>
   </div>
   <div class='ocr_carea' id='block_1_103' title="bbox 842 5426 1403 5493">
    <p class='ocr_par' dir='ltr' id='par_1_103' title="bbox 842 5426 1403 5493">
     <span class='ocr_line' id='line_1_103' title="bbox 842 5426 1403 5493; baseline 0.007 -16"><span class='ocrx_word' id='word_1_751' title='bbox 842 5426 888 5457; x_wconf 75' lang='grc'>⁸⁸</span> <span class='ocrx_word' id='word_1_752' title='bbox 923 5426 1065 5480; x_wconf 82' lang='lat' dir='ltr'><strong>Psal.</strong></span> <span class='ocrx_word' id='word_1_753' title='bbox 1100 5443 1268 5493; x_wconf 70' lang='lat' dir='ltr'><strong>usu,</strong></span> <span class='ocrx_word' id='word_1_754' title='bbox 1313 5429 1403 5482; x_wconf 89' lang='grc'>27.</span> 
     </span>
    </p>
   </div>
   <div class='ocr_carea' id='block_1_104' title="bbox 774 5496 1026 5561">
    <p class='ocr_par' dir='ltr' id='par_1_104' title="bbox 774 5496 1026 5561">
     <span class='ocr_line' id='line_1_104' title="bbox 774 5496 1026 5561; baseline -0.004 -9"><span class='ocrx_word' id='word_1_755' title='bbox 774 5512 906 5561; x_wconf 82' lang='lat' dir='ltr'><strong>xxu,</strong></span> <span class='ocrx_word' id='word_1_756' title='bbox 935 5496 1026 5551; x_wconf 88' lang='grc'><strong>29.</strong></span> 
     </span>
    </p>
   </div>
   <div class='ocr_carea' id='block_1_105' title="bbox 1479 5425 2009 5491">
    <p class='ocr_par' dir='ltr' id='par_1_105' title="bbox 1479 5425 2009 5491">
     <span class='ocr_line' id='line_1_105' title="bbox 1479 5425 2009 5491; baseline -0.009 -10"><span class='ocrx_word' id='word_1_757' title='bbox 1479 5429 1522 5460; x_wconf 79' lang='grc'><strong>⁸⁵</strong></span> <span class='ocrx_word' id='word_1_758' title='bbox 1555 5427 1725 5481; x_wconf 79' lang='lat' dir='ltr'><strong>Exod.</strong></span> <span class='ocrx_word' id='word_1_759' title='bbox 1771 5442 1917 5491; x_wconf 72' lang='lat' dir='ltr'><strong>xxiv,</strong></span> <span class='ocrx_word' id='word_1_760' title='bbox 1955 5425 2009 5475; x_wconf 85' lang='grc'>2.</span> 
     </span>
    </p>
   </div>
   <div class='ocr_carea' id='block_1_106' title="bbox 866 5645 1979 5720">
    <p class='ocr_par' dir='ltr' id='par_1_106' title="bbox 866 5645 1979 5720">
     <span class='ocr_line' id='line_1_106' title="bbox 866 5645 1979 5720; baseline -0.004 -16"><span class='ocrx_word' id='word_1_761' title='bbox 866 5648 956 5720; x_wconf 80' lang='grc'><strong>27)</strong></span> <span class='ocrx_word' id='word_1_762' title='bbox 999 5650 1089 5703; x_wconf 89' lang='lat' dir='ltr'><strong>Sic</strong></span> <span class='ocrx_word' id='word_1_763' title='bbox 1123 5665 1248 5703; x_wconf 77' lang='lat' dir='ltr'><strong>mss.</strong></span> <span class='ocrx_word' id='word_1_764' title='bbox 1275 5645 1552 5720; x_wconf 32' lang='lat' dir='ltr'><strong>sexsEditi</strong></span> <span class='ocrx_word' id='word_1_765' title='bbox 1589 5646 1877 5720; x_wconf 79' lang='grc' dir='ltr'>πρόσωπον</span> <span class='ocrx_word' id='word_1_766' title='bbox 1902 5648 1979 5700; x_wconf 88' lang='grc' dir='ltr'>δε.</span> 
     </span>
    </p>
   </div>
   <div class='ocr_carea' id='block_1_107' title="bbox 868 5718 1808 5789">
    <p class='ocr_par' dir='ltr' id='par_1_107' title="bbox 868 5718 1808 5789">
     <span class='ocr_line' id='line_1_107' title="bbox 868 5718 1808 5789; baseline -0.006 -15"><span class='ocrx_word' id='word_1_767' title='bbox 868 5718 957 5789; x_wconf 86' lang='grc'>28)</span> <span class='ocrx_word' id='word_1_768' title='bbox 990 5721 1121 5788; x_wconf 77' lang='lat' dir='ltr'><strong>Reg.</strong></span> <span class='ocrx_word' id='word_1_769' title='bbox 1161 5722 1345 5773; x_wconf 90' lang='lat' dir='ltr'><strong>tertius</strong></span> <span class='ocrx_word' id='word_1_770' title='bbox 1362 5718 1431 5770; x_wconf 75' lang='grc' dir='ltr'>τὰ</span> <span class='ocrx_word' id='word_1_771' title='bbox 1464 5718 1808 5787; x_wconf 77' lang='grc' dir='ltr'>φρονήματα.</span> 
     </span>
    </p>
   </div>
   <div class='ocr_carea' id='block_1_108' title="bbox 843 5788 2091 5861">
    <p class='ocr_par' dir='ltr' id='par_1_108' title="bbox 843 5788 2091 5861">
     <span class='ocr_line' id='line_1_108' title="bbox 843 5788 2091 5861; baseline -0.005 -18"><span class='ocrx_word' id='word_1_772' title='bbox 843 5788 953 5861; x_wconf 75' lang='grc'>(29)</span> <span class='ocrx_word' id='word_1_773' title='bbox 979 5791 1115 5861; x_wconf 70' lang='lat' dir='ltr'><strong>Editi</strong></span> <span class='ocrx_word' id='word_1_774' title='bbox 1146 5790 1273 5859; x_wconf 86' lang='grc' dir='ltr'>γὰρ,</span> <span class='ocrx_word' id='word_1_775' title='bbox 1309 5789 1669 5861; x_wconf 41' lang='grc' dir='ltr'>φησίν-βοεξρι</span> <span class='ocrx_word' id='word_1_776' title='bbox 1692 5788 1854 5861; x_wconf 84' lang='grc' dir='ltr'>φησίν</span> <span class='ocrx_word' id='word_1_777' title='bbox 1887 5790 1937 5841; x_wconf 91' lang='lat' dir='ltr'><strong>in</strong></span> <span class='ocrx_word' id='word_1_778' title='bbox 1960 5802 2091 5861; x_wconf 57' lang='lat' dir='ltr'><strong>mss3</strong></span> 
     </span>
    </p>
   </div>
   <div class='ocr_carea' id='block_1_109' title="bbox 844 5856 2337 5933">
    <p class='ocr_par' dir='ltr' id='par_1_109' title="bbox 844 5856 2337 5933">
     <span class='ocr_line' id='line_1_109' title="bbox 844 5856 2337 5933; baseline 0.002 -21"><span class='ocrx_word' id='word_1_779' title='bbox 844 5856 953 5933; x_wconf 75' lang='grc' dir='ltr'>(δυ)</span> <span class='ocrx_word' id='word_1_780' title='bbox 975 5860 1047 5914; x_wconf 88' lang='lat' dir='ltr'><strong>lla</strong></span> <span class='ocrx_word' id='word_1_781' title='bbox 1073 5856 1458 5931; x_wconf 76' lang='lat' dir='ltr'><strong>quinqueniss.</strong></span> <span class='ocrx_word' id='word_1_782' title='bbox 1493 5858 1631 5913; x_wconf 74' lang='lat' dir='ltr'><strong>Editi</strong></span> <span class='ocrx_word' id='word_1_783' title='bbox 1656 5856 1775 5911; x_wconf 84' lang='lat' dir='ltr'><strong>cum</strong></span> <span class='ocrx_word' id='word_1_784' title='bbox 1806 5859 1937 5930; x_wconf 76' lang='lat' dir='ltr'><strong>Reg.</strong></span> <span class='ocrx_word' id='word_1_785' title='bbox 1970 5856 2337 5916; x_wconf 78' lang='grc' dir='ltr'>ἀπολώλασιν.</span> 
     </span>
    </p>
   </div>
   <div class='ocr_carea' id='block_1_110' title="bbox 2113 5424 2545 5489">
    <p class='ocr_par' dir='ltr' id='par_1_110' title="bbox 2113 5424 2545 5489">
     <span class='ocr_line' id='line_1_110' title="bbox 2113 5424 2545 5489; baseline 0.007 -13"><span class='ocrx_word' id='word_1_786' title='bbox 2113 5425 2157 5456; x_wconf 80' lang='grc'><strong>⁸⁸</strong></span> <span class='ocrx_word' id='word_1_787' title='bbox 2208 5424 2308 5480; x_wconf 84' lang='lat' dir='ltr'><strong>lsa.</strong></span> <span class='ocrx_word' id='word_1_788' title='bbox 2354 5444 2464 5489; x_wconf 76' lang='lat' dir='ltr'><strong>Litt,</strong></span> <span class='ocrx_word' id='word_1_789' title='bbox 2494 5427 2545 5479; x_wconf 80' lang='grc'><strong>1.</strong></span> 
     </span>
    </p>
   </div>
   <div class='ocr_carea' id='block_1_111' title="bbox 2451 4743 4019 4817">
    <p class='ocr_par' dir='ltr' id='par_1_111' title="bbox 2451 4743 4019 4817">
     <span class='ocr_line' id='line_1_111' title="bbox 2451 4743 4019 4817; baseline 0.001 -21"><span class='ocrx_word' id='word_1_790' title='bbox 2451 4762 2635 4814; x_wconf 82' lang='grc' dir='ltr'>μενος,</span> <span class='ocrx_word' id='word_1_791' title='bbox 2664 4744 2794 4796; x_wconf 82' lang='grc' dir='ltr'>διότι</span> <span class='ocrx_word' id='word_1_792' title='bbox 2837 4744 3199 4812; x_wconf 82' lang='grc' dir='ltr'>ταπεινωτικὴ</span> <span class='ocrx_word' id='word_1_793' title='bbox 3250 4743 3480 4811; x_wconf 84' lang='grc' dir='ltr'>μάλιστα</span> <span class='ocrx_word' id='word_1_794' title='bbox 3528 4746 3742 4797; x_wconf 82' lang='grc' dir='ltr'>πάντων</span> <span class='ocrx_word' id='word_1_795' title='bbox 3776 4747 3810 4814; x_wconf 76' lang='grc' dir='ltr'>ἡ</span> <span class='ocrx_word' id='word_1_796' title='bbox 3841 4748 4019 4817; x_wconf 79' lang='grc' dir='ltr'>ἀμαρ-</span> 
     </span>
    </p>
   </div>
   <div class='ocr_carea' id='block_1_112' title="bbox 2445 4831 4012 4903">
    <p class='ocr_par' dir='ltr' id='par_1_112' title="bbox 2445 4831 4012 4903">
     <span class='ocr_line' id='line_1_112' title="bbox 2445 4831 4012 4903; baseline 0.002 -18"><span class='ocrx_word' id='word_1_797' title='bbox 2445 4836 2553 4886; x_wconf 85' lang='grc' dir='ltr'>τία.</span> <span class='ocrx_word' id='word_1_798' title='bbox 2589 4833 2737 4885; x_wconf 80' lang='grc' dir='ltr'>Καθὸ</span> <span class='ocrx_word' id='word_1_799' title='bbox 2771 4834 2863 4884; x_wconf 72' lang='grc' dir='ltr'><strong>καὶ</strong></span> <span class='ocrx_word' id='word_1_800' title='bbox 2900 4833 2997 4903; x_wconf 83' lang='grc' dir='ltr'>τὴν</span> <span class='ocrx_word' id='word_1_801' title='bbox 3036 4831 3379 4902; x_wconf 60' lang='grc' dir='ltr'>ἐφθαρμένην</span> <span class='ocrx_word' id='word_1_802' title='bbox 3419 4831 3512 4885; x_wconf 79' lang='grc' dir='ltr'><strong>καὶ</strong></span> <span class='ocrx_word' id='word_1_803' title='bbox 3546 4833 3889 4887; x_wconf 82' lang='grc' dir='ltr'>ἀπολέσασαν</span> <span class='ocrx_word' id='word_1_804' title='bbox 3926 4838 4012 4888; x_wconf 68' lang='grc' dir='ltr'>τὸν</span> 
     </span>
    </p>
   </div>
   <div class='ocr_carea' id='block_1_113' title="bbox 2446 4921 4015 4994">
    <p class='ocr_par' dir='ltr' id='par_1_113' title="bbox 2446 4921 4015 4994">
     <span class='ocr_line' id='line_1_113' title="bbox 2446 4921 4015 4994; baseline 0.002 -20"><span class='ocrx_word' id='word_1_805' title='bbox 2446 4925 2542 4993; x_wconf 76' lang='grc' dir='ltr'>τῆς</span> <span class='ocrx_word' id='word_1_806' title='bbox 2576 4923 2868 4994; x_wconf 86' lang='grc' dir='ltr'>παρθενίας</span> <span class='ocrx_word' id='word_1_807' title='bbox 2915 4921 3184 4991; x_wconf 75' lang='grc' dir='ltr'>ἁγιασμὸν</span> <span class='ocrx_word' id='word_1_808' title='bbox 3223 4922 3447 4992; x_wconf 85' lang='grc' dir='ltr'>λέγομεν</span> <span class='ocrx_word' id='word_1_809' title='bbox 3479 4924 3883 4977; x_wconf 82' lang='grc' dir='ltr'>ταπεινοῦσθαι.</span> <span class='ocrx_word' id='word_1_810' title='bbox 3930 4927 4015 4986; x_wconf 73' lang='grc' dir='ltr'>Ὠς</span> 
     </span>
    </p>
   </div>
   <div class='ocr_carea' id='block_1_114' title="bbox 2443 5014 4014 5086">
    <p class='ocr_par' dir='ltr' id='par_1_114' title="bbox 2443 5014 4014 5086">
     <span class='ocr_line' id='line_1_114' title="bbox 2443 5014 4014 5086; baseline 0 -19"><span class='ocrx_word' id='word_1_811' title='bbox 2443 5018 2470 5067; x_wconf 86' lang='grc' dir='ltr'>ὁ</span> <span class='ocrx_word' id='word_1_812' title='bbox 2522 5014 2763 5084; x_wconf 82' lang='grc' dir='ltr'>Ἀμνὼν,</span> <span class='ocrx_word' id='word_1_813' title='bbox 2795 5015 2987 5084; x_wconf 66' lang='grc' dir='ltr'>φησὶν,</span> <span class='ocrx_word' id='word_1_814' title='bbox 3028 5014 3333 5078; x_wconf 77' lang='grc' dir='ltr'>ἐπαναστὰς</span> <span class='ocrx_word' id='word_1_815' title='bbox 3374 5018 3439 5086; x_wconf 80' lang='grc' dir='ltr'>τῇ</span> <span class='ocrx_word' id='word_1_816' title='bbox 3482 5016 3676 5086; x_wconf 81' lang='grc' dir='ltr'>Θάμαρ</span> <span class='ocrx_word' id='word_1_817' title='bbox 3700 5058 3714 5082; x_wconf 93' lang='grc'><strong>,</strong></span> <span class='ocrx_word' id='word_1_818' title='bbox 3758 5016 4014 5069; x_wconf 64' lang='lat' dir='ltr'><strong>Franci-</strong></span> 
     </span>
    </p>
   </div>
   <div class='ocr_carea' id='block_1_115' title="bbox 2446 5102 4015 5178">
    <p class='ocr_par' dir='ltr' id='par_1_115' title="bbox 2446 5102 4015 5178">
     <span class='ocr_line' id='line_1_115' title="bbox 2446 5102 4015 5178; baseline 0 -19"><span class='ocrx_word' id='word_1_819' title='bbox 2446 5107 2867 5173; x_wconf 78' lang='grc' dir='ltr'>νωσεναὺτήν.</span> <span class='ocrx_word' id='word_1_820' title='bbox 2899 5108 3050 5159; x_wconf 88' lang='grc' dir='ltr'>Ὅσοι</span> <span class='ocrx_word' id='word_1_821' title='bbox 3086 5102 3175 5158; x_wconf 77' lang='grc' dir='ltr'><strong>οὖν</strong></span> <span class='ocrx_word' id='word_1_822' title='bbox 3200 5108 3258 5159; x_wconf 81' lang='grc' dir='ltr'>τὸ</span> <span class='ocrx_word' id='word_1_823' title='bbox 3284 5108 3569 5178; x_wconf 85' lang='grc' dir='ltr'>ἀνάστημα</span> <span class='ocrx_word' id='word_1_824' title='bbox 3594 5109 3687 5160; x_wconf 75' lang='grc' dir='ltr'><strong>καὶ</strong></span> <span class='ocrx_word' id='word_1_825' title='bbox 3720 5108 3782 5159; x_wconf 82' lang='grc' dir='ltr'><strong>τὸ</strong></span> <span class='ocrx_word' id='word_1_826' title='bbox 3814 5108 4015 5178; x_wconf 84' lang='grc' dir='ltr'>δίαρμα</span> 
     </span>
    </p>
   </div>
   <div class='ocr_carea' id='block_1_116' title="bbox 2447 5197 4014 5267">
    <p class='ocr_par' dir='ltr' id='par_1_116' title="bbox 2447 5197 4014 5267">
     <span class='ocr_line' id='line_1_116' title="bbox 2447 5197 4014 5267; baseline 0.003 -19"><span class='ocrx_word' id='word_1_827' title='bbox 2447 5198 2543 5265; x_wconf 78' lang='grc' dir='ltr'>τῆς</span> <span class='ocrx_word' id='word_1_828' title='bbox 2562 5197 2737 5266; x_wconf 64' lang='grc' dir='ltr'>ψυχῆς</span> <span class='ocrx_word' id='word_1_829' title='bbox 2765 5197 3164 5251; x_wconf 82' lang='grc' dir='ltr'>ἀπολωλέκασιν</span> <span class='ocrx_word' id='word_1_830' title='bbox 3197 5197 3328 5267; x_wconf 76' lang='grc'>(50),</span> <span class='ocrx_word' id='word_1_831' title='bbox 3357 5199 3459 5252; x_wconf 85' lang='grc' dir='ltr'><strong>ὑπὸ</strong></span> <span class='ocrx_word' id='word_1_832' title='bbox 3484 5200 3581 5267; x_wconf 81' lang='grc' dir='ltr'>τῆς</span> <span class='ocrx_word' id='word_1_833' title='bbox 3606 5198 3876 5267; x_wconf 86' lang='grc' dir='ltr'>ἁμαρτίας</span> <span class='ocrx_word' id='word_1_834' title='bbox 3915 5217 4014 5252; x_wconf 85' lang='grc' dir='ltr'>κα-</span> 
     </span>
    </p>
   </div>
   <div class='ocr_carea' id='block_1_117' title="bbox 2446 5286 4014 5357">
    <p class='ocr_par' dir='ltr' id='par_1_117' title="bbox 2446 5286 4014 5357">
     <span class='ocr_line' id='line_1_117' title="bbox 2446 5286 4014 5357; baseline 0.002 -19"><span class='ocrx_word' id='word_1_835' title='bbox 2446 5286 2801 5357; x_wconf 75' lang='grc' dir='ltr'>ταϐληθέντες</span> <span class='ocrx_word' id='word_1_836' title='bbox 2831 5289 2907 5349; x_wconf 83' lang='grc' dir='ltr'><strong>είς</strong></span> <span class='ocrx_word' id='word_1_837' title='bbox 2936 5286 3059 5356; x_wconf 79' lang='grc' dir='ltr'>γῆν,</span> <span class='ocrx_word' id='word_1_838' title='bbox 3080 5287 3171 5339; x_wconf 73' lang='grc' dir='ltr'><strong>καὶ</strong></span> <span class='ocrx_word' id='word_1_839' title='bbox 3201 5289 3361 5341; x_wconf 78' lang='grc' dir='ltr'>οἱονεὶ</span> <span class='ocrx_word' id='word_1_840' title='bbox 3387 5287 3782 5355; x_wconf 76' lang='grc' dir='ltr'>ἐδαφισθέντες,</span> <span class='ocrx_word' id='word_1_841' title='bbox 3816 5289 4014 5351; x_wconf 82' lang='grc' dir='ltr'>ὁμοίως</span> 
     </span>
    </p>
   </div>
   <div class='ocr_carea' id='block_1_118' title="bbox 2619 5424 4013 5495">
    <p class='ocr_par' dir='ltr' id='par_1_118' title="bbox 2619 5424 4013 5495">
     <span class='ocr_line' id='line_1_118' title="bbox 2619 5424 4013 5495; baseline 0.001 -19"><span class='ocrx_word' id='word_1_842' title='bbox 2619 5426 2661 5458; x_wconf 82' lang='grc'><strong>⁸⁷</strong></span> <span class='ocrx_word' id='word_1_843' title='bbox 2700 5424 2839 5477; x_wconf 88' lang='lat' dir='ltr'><strong>Psal.</strong></span> <span class='ocrx_word' id='word_1_844' title='bbox 2866 5441 2916 5489; x_wconf 77' lang='grc' dir='ltr'><strong>ι,</strong></span> <span class='ocrx_word' id='word_1_845' title='bbox 2954 5425 3035 5479; x_wconf 83' lang='grc'><strong>19.</strong></span> <span class='ocrx_word' id='word_1_846' title='bbox 3148 5425 3193 5456; x_wconf 75' lang='grc'><strong>⁸⁸</strong></span> <span class='ocrx_word' id='word_1_847' title='bbox 3216 5426 3254 5479; x_wconf 94' lang='lat' dir='ltr'><strong>ll</strong></span> <span class='ocrx_word' id='word_1_848' title='bbox 3282 5427 3417 5495; x_wconf 81' lang='lat' dir='ltr'><strong>Reg.</strong></span> <span class='ocrx_word' id='word_1_849' title='bbox 3441 5440 3562 5488; x_wconf 80' lang='lat' dir='ltr'><strong>xui,</strong></span> <span class='ocrx_word' id='word_1_850' title='bbox 3589 5424 3675 5480; x_wconf 75' lang='grc'><strong>14.</strong></span> <span class='ocrx_word' id='word_1_851' title='bbox 3784 5425 3831 5457; x_wconf 81' lang='grc'><strong><em>⁸⁸</em></strong></span> <span class='ocrx_word' id='word_1_852' title='bbox 3856 5426 4013 5479; x_wconf 88' lang='lat' dir='ltr'><strong>Deut.</strong></span> 
     </span>
    </p>
   </div>
   <div class='ocr_carea' id='block_1_119' title="bbox 2447 5649 4017 5721">
    <p class='ocr_par' dir='ltr' id='par_1_119' title="bbox 2447 5649 4017 5721">
     <span class='ocr_line' id='line_1_119' title="bbox 2447 5649 4017 5721; baseline 0.001 -18"><span class='ocrx_word' id='word_1_853' title='bbox 2447 5649 2564 5704; x_wconf 79' lang='lat' dir='ltr'><strong>Mox</strong></span> <span class='ocrx_word' id='word_1_854' title='bbox 2594 5649 2729 5719; x_wconf 84' lang='lat' dir='ltr'><strong>Reg.</strong></span> <span class='ocrx_word' id='word_1_855' title='bbox 2758 5652 3021 5721; x_wconf 84' lang='lat' dir='ltr'><strong>secundus</strong></span> <span class='ocrx_word' id='word_1_856' title='bbox 3056 5654 3426 5719; x_wconf 80' lang='grc' dir='ltr'>συγκύπτουσι</span> <span class='ocrx_word' id='word_1_857' title='bbox 3469 5652 3546 5712; x_wconf 79' lang='grc' dir='ltr'><strong>δέ,</strong></span> <span class='ocrx_word' id='word_1_858' title='bbox 3571 5653 3864 5721; x_wconf 77' lang='lat' dir='ltr'><strong>Aliquanto</strong></span> <span class='ocrx_word' id='word_1_859' title='bbox 3899 5664 4017 5714; x_wconf 85' lang='lat' dir='ltr'><strong>post</strong></span> 
     </span>
    </p>
   </div>
   <div class='ocr_carea' id='block_1_120' title="bbox 2446 5720 4014 5793">
    <p class='ocr_par' dir='ltr' id='par_1_120' title="bbox 2446 5720 4014 5793">
     <span class='ocr_line' id='line_1_120' title="bbox 2446 5720 4014 5793; baseline 0.001 -20"><span class='ocrx_word' id='word_1_860' title='bbox 2446 5736 2508 5773; x_wconf 82' lang='lat' dir='ltr'><strong>ex</strong></span> <span class='ocrx_word' id='word_1_861' title='bbox 2542 5737 2664 5774; x_wconf 88' lang='lat' dir='ltr'><strong>mss.</strong></span> <span class='ocrx_word' id='word_1_862' title='bbox 2686 5720 3136 5793; x_wconf 11' lang='grc' dir='ltr'>κτοῦᾐιῐνεύματος</span> <span class='ocrx_word' id='word_1_863' title='bbox 3196 5724 3289 5776; x_wconf 79' lang='grc' dir='ltr'>τοῦ</span> <span class='ocrx_word' id='word_1_864' title='bbox 3322 5724 3497 5792; x_wconf 83' lang='grc' dir='ltr'>ἁγίου.</span> <span class='ocrx_word' id='word_1_865' title='bbox 3536 5720 3687 5778; x_wconf 24' lang='grc' dir='ltr'><strong>Ειίίιίί</strong></span> <span class='ocrx_word' id='word_1_866' title='bbox 3713 5737 3837 5777; x_wconf 85' lang='lat' dir='ltr'><strong>cum</strong></span> <span class='ocrx_word' id='word_1_867' title='bbox 3882 5722 4014 5793; x_wconf 77' lang='lat' dir='ltr'><strong>Reg.</strong></span> 
     </span>
    </p>
   </div>
   <div class='ocr_carea' id='block_1_121' title="bbox 2447 5791 3246 5862">
    <p class='ocr_par' dir='ltr' id='par_1_121' title="bbox 2447 5791 3246 5862">
     <span class='ocr_line' id='line_1_121' title="bbox 2447 5791 3246 5862; baseline 0.001 -15"><span class='ocrx_word' id='word_1_868' title='bbox 2447 5801 2597 5847; x_wconf 75' lang='lat' dir='ltr'><strong>sexto</strong></span> <span class='ocrx_word' id='word_1_869' title='bbox 2616 5792 2708 5845; x_wconf 81' lang='grc' dir='ltr'><strong>τοῦ</strong></span> <span class='ocrx_word' id='word_1_870' title='bbox 2728 5791 2882 5859; x_wconf 82' lang='grc' dir='ltr'>ἁγίου</span> <span class='ocrx_word' id='word_1_871' title='bbox 2908 5792 3246 5862; x_wconf 81' lang='grc' dir='ltr'>Πνεύματος.</span> 
     </span>
    </p>
   </div>
  </div>
