4260 6518
269 470 359 523 581
1391 472 1671 528 HOMILIA
1710 472 1775 528 IN
1815 472 2146 529 PSALMUM
2186 475 2425 531 XXXIII.

3401 468 3506 523 58?.

268 582 340 650 τῷ
365 580 485 649 ὄφει
518 587 981 657 συμπορευόμενοι
1010 586 1407 655 συγκύπτουσι,
1446 586 1519 658 μὴ
1556 588 1839 660 δυνάμενοι
1869 595 1915 651 Α
1945 588 1950 641 1

1825 606 1839 641 ι
1869 595 1915 651 Α
1945 588 2259 655 humiliant,
2294 590 2692 658 sulijiciuutque
2733 586 3079 641 inferioribus
3120 604 3133 639 :
3172 584 3373 655 quippe
3409 584 3500 650 qui

262 673 634 742 ἀνορθωθῆναι
681 679 761 740 είς
811 676 871 728 τὸ
910 678 1186 743 παντελὲς,
1232 675 1372 733 οὗτοι
1416 682 1835 735 τεταπείνωνται

266 764 385 831 μὲν,
418 765 492 843 ού.
512 768 617 838 μὴν
645 768 723 835 τῷ
752 765 1019 835 πνεύματι
1042 785 1055 797 ·
1094 770 1155 823 ού
1186 771 1294 840 γὰρ
1316 770 1572 839 ἐπαινετὴ
1597 772 1773 826 αὐτῶν
1802 772 1835 843 ὴ

261 858 607 920 ταπείνωσις.
641 860 794 910 Ὅσοι
817 857 873 910 δὲ
905 858 1114 930 ἔχοντες
1136 862 1233 933 τὴν
1259 862 1351 914 τοῦ
1392 862 1704 933 Πνεύματος
1741 862 1834 917 τοῦ
1884 909 1889 913 .

264 952 420 1019 ἁγίου
489 954 667 1022 χάριν,
713 953 927 1019 ἑκόντες
980 958 1202 1020 ἑαυτοὺς
1269 958 1683 1012 ὑποταπεινοῦσι
1726 963 1837 1022 τοῖς

262 1032 699 1114 ὑποδεεστέροις,
755 1047 892 1099 κατά
935 1046 1025 1100 τὸν
1070 1048 1382 1101 ’Δπόστολον
1428 1050 1674 1118 λέγοντες
1716 1053 1835 1103 ἑαυί

260 1136 387 1196 τοὺς
439 1130 575 1186 εἶναι
612 1135 826 1198 δούλους
870 1138 1027 1188 τινῶν
1057 1138 1112 1189 ὲν
1137 1136 1353 1209 Χριστῷ
1385 1141 1519 1211 (51),
1565 1144 1656 1195 καὶ
1687 1142 1840 1197 Πάν-

260 1243 380 1279 των
438 1229 742 1296 περίψημα
812 1228 921 1293 ἓως
989 1228 1117 1296 ἄρτι
1142 1245 1155 1258 ⁸
1198 1231 1291 1283 καὶ
1337 1232 1522 1285 πάλιν·
1593 1234 1684 1298 Ὠς
1739 1248 1840 1286 πε-

254 1317 661 1386 ρικαθάρματα
700 1317 805 1371 τοῦ
860 1320 1090 1386 κόσμου
1129 1319 1528 1391 ἐγενήθημεν
1586 1325 1635 1375 οἱ
1677 1341 1839 1376 πνευ-

261 1412 507 1480 ματικῶς
533 1414 599 1482 τῇ
637 1410 961 1465 ταπεινώσει
988 1413 1336 1483 κεχρημένοι,
1368 1414 1583 1468 πάντων
1613 1414 1839 1478 ἑαυτοὺς

258 1502 540 1567 ποιοῦντες
566 1505 843 1574 ἐσχάτους,
880 1504 966 1557 ἵνα
1002 1504 1216 1558 πάντων
1250 1507 1452 1577 πρῶτοι
1486 1508 1749 1576 γένωνται
1782 1508 1839 1560 ὲν

255 1597 326 1666 τῇ
364 1594 607 1668 βασιλείᾳ
638 1597 745 1649 τῶν
778 1598 1039 1669 οὐρανῶν.
1079 1597 1311 1660 Τούτους
1345 1600 1437 1650 κα).
1483 1600 1773 1670 μακαρίζει
1811 1603 1838 1654 ό

256 1690 460 1761 Κύριος
485 1690 690 1757 λέγων·
734 1689 1023 1757 Μακάριοι
1062 1693 1115 1742 οί
1146 1689 1365 1756 πτωχοὶ
1408 1688 1484 1753 τῷ
1525 1693 1833 1760 πνεύματι.

256 1780 486 1835 Πολλαί
529 1783 587 1833 al
618 1780 856 1847 θλίψεις
900 1777 1018 1832 τῶν
1052 1778 1326 1844 δικαίων,
1376 1779 1471 1832 καί
1511 1779 1580 1832 ἐκ
1625 1780 1837 1835 πασῶν

254 1872 455 1925 αὐτῶν
484 1872 733 1940 ῥύσεται
762 1870 983 1939 αὐτοὺς
1009 1874 1040 1925 ό
1064 1871 1297 1940 Κύριος.
1334 1871 1435 1924 Ἐν
1453 1870 1651 1934 παντί,
1681 1871 1834 1940 φησι,

1936 680 2091 750 juxta
2134 682 2445 748 Apostolum
2500 684 2682 734 dicant
2722 693 2841 733 eSse
2875 693 2933 732 se
2971 678 3286 747 quarumvis
3326 674 3414 743 qui
3449 672 3504 727 in

1937 773 2151 828 Christo
2182 782 2331 836 sunt,
2359 774 2621 840 servos“,
2650 782 2705 827 et
2726 771 2973 826 Omnium
2999 770 3417 839 rejectamentum
3440 766 3509 818 ad

1938 868 2073 920 hunc
2112 882 2273 933 usque
2313 867 2448 918 diem
2477 866 2555 930 ⁹¹;
2594 875 2647 919 et
2678 868 2870 919 iterum
2914 881 2928 917 :
2974 861 3248 931 Tanquam
3306 874 3507 927 purga-

1939 967 2109 1008 menta
2134 955 2317 1009 mundi
2342 955 2471 1023 facti
2499 971 2677 1008 sumus
2702 956 2770 1009 ".
2806 954 2903 1021 Qui
2936 954 3233 1006 secundum
3256 949 3504 1018 spiritum

1940 1046 2245 1101 humilitate
2298 1054 2548 1107 utuntur,
2587 1060 2705 1097 sese
2746 1046 2985 1097 omnium
3032 1041 3239 1094 faciunt
3296 1049 3510 1106 postre-

1939 1150 2077 1202 mos,
2116 1145 2174 1188 ut
2202 1138 2357 1202 primi
2384 1136 2436 1191 in
2472 1151 2637 1206 regno
2667 1133 2929 1188 cmlorum
2971 1135 3102 1186 ﬁant
3133 1131 3199 1184 ".
3238 1128 3347 1183 Hos
3375 1142 3511 1196 prae-

1939 1227 2083 1281 dicat
2117 1241 2332 1295 quoque
2365 1230 2550 1282 beatos
2582 1227 2878 1289 Dominus,
2912 1227 3100 1278 dicens
3132 1240 3146 1275 :
3182 1222 3331 1276 Beati
3374 1234 3511 1287 pau-

1937 1335 2083 1387 peres
2108 1319 2295 1385 spiritu
2313 1319 2379 1371 ".
2405 1318 2592 1386 (Vens.
2611 1317 2727 1387 ΞΟ.)
2763 1316 3319 1371 Μιιίιιεινὶὺιιίοιίοηει
3340 1312 3512 1381 justo-

1941 1425 2076 1473 rum,
2126 1420 2171 1461 et
2218 1424 2281 1461 ea:
2322 1413 2563 1463 omnibus
2607 1412 2690 1464 his
2730 1409 2967 1461 liberavit
2998 1423 3083 1459 eos
3123 1405 3396 1459 Dominus.
3443 1401 3512 1455 In

1940 1500 2200 1567 omnibus,
2240 1501 2435 1570 inquit,
2490 1501 2649 1573 156
2691 1500 3085 1557 tribulationem
3126 1497 3377 1566 patimur,
3420 1494 3511 1548 sed

1938 1607 2042 1646 non
2083 1593 2455 1662 angustiamur
2479 1594 2549 1653 ",
2586 1593 2883 1665 Propterea
2928 1593 3091 1646 etiam
3126 1588 3383 1644 Dominus
3430 1589 3508 1640 ait

1939 1687 2216 1757 discipulis
2245 1687 2356 1743 suis
2406 1705 2417 1741 :
2471 1685 2537 1740 In
2584 1690 2778 1741 mundo
2819 1702 3117 1757 pressuram
3155 1683 3388 1743 habetis;
3418 1681 3510 1735 sed

1939 1780 2212 1847 conﬁdite,
2252 1799 2344 1851 ego
2376 1781 2475 1835 vici
2508 1779 2759 1833 mundum
2787 1782 2853 1834 “.
2884 1781 3069 1848 Quare
3102 1778 3146 1829 si
3177 1776 3399 1846 quando
3436 1775 3514 1825 vi—

1942 1867 2086 1921 deris
2120 1867 2297 1935 jnsws
2332 1870 2384 1922 in
2428 1869 2655 1937 morbis,
2690 1869 2743 1923 in
2784 1872 3029 1952 corporis
3068 1866 3511 1924 detruncationi-

256 1965 611 2033 θλιϐόμενοι,
658 1965 793 2018 ἀλλ’
823 1967 894 2019 οὐ
934 1964 1491 2034 στενοχωρούμενοι.
1538 1963 1639 2017 ⁴Διά
1682 1963 1839 2018 τοῦτό
1870 1940 1911 1994 Β

1831 1965 1839 2016 l
1870 1940 1911 1994 Β
1942 1958 2060 2023 bus,
2091 1960 2143 2013 in
2171 1960 2591 2029 propinquorum
2626 1961 2939 2024 amissione,
2972 1941 3024 2016 in
3054 1960 3247 2031 plagis,
3273 1960 3324 2011 in
3360 1957 3513 2027 igno-

257 2071 392 2123 φησι
424 2056 516 2107 καὶ
543 2057 571 2107 ὁ
620 2055 822 2125 Κύριος
869 2059 979 2119 τοῖς
1023 2055 1215 2109 ἑαυτοῦ
1267 2058 1569 2128 μαθηταῖς·
1622 2058 1724 2112 Ἐν
1759 2058 1840 2124 τῷ

256 2147 465 2215 κόσμῳ
487 2147 697 2214 θλίψιν
734 2146 920 2215 ἔχετε*
941 2147 1097 2199 ἀλλὰ
1112 2148 1400 2215 θαρσεῖτε,
1422 2149 1534 2217 ἐγὼ
1549 2152 1840 2218 νενίκηκα

254 2239 365 2292 τὸν
387 2241 638 2308 κόσμον.
681 2239 839 2291 Ὥστε
866 2240 959 2291 ὲάν
990 2238 1104 2309 ἴδῃς
1142 2238 1272 2291 ποτὲ
1312 2240 1368 2291 ὲν
1403 2240 1576 2303 νόσοις
1596 2281 1609 2302 ,
1643 2244 1699 2293 ὲν
1726 2242 1837 2312 (52)

255 2330 537 2402 πηρώσεσι
568 2330 838 2401 σώματος.
868 2334 923 2384 ὲν
950 2329 1186 2400 ἀποϐολῇ
1213 2330 1321 2384 τῶν
1348 2332 1581 2396 οἰκείων,
1613 2334 1668 2384 ὲν
1702 2333 1839 2404 πλη-

253 2425 401 2490 γαῖς,
434 2426 489 2475 ὲν
524 2424 785 2493 ἀτιμίαις.
812 2425 869 2475 ὲν
900 2422 1047 2493 πάσῃ
1075 2421 1249 2495 ἐνδείᾳ
1279 2422 1371 2475 καὶ
1404 2424 1689 2494 ύστερήσει
1727 2424 1836 2477 τῶν

252 2514 565 2584 ἀναγκαίων
593 2517 717 2578 τοὺς
744 2514 985 2579 δικαίους
1016 2515 1377 2586 ὑπάρχοντας,
1420 2516 1722 2588 μνήσθητι,
1756 2519 1838 2571 ὅτι

251 2607 482 2661 Πολλαὶ
502 2610 561 2661 al
581 2608 819 2677 θλίψεις
836 2607 953 2661 τῶν
970 2607 1234 2673 δικαίων,
1266 2609 1362 2661 καὶ
1388 2609 1456 2661 ἐκ
1480 2608 1693 2663 πασῶν
1726 2610 1837 2681 (55)

250 2698 452 2752 αὐτῶν
481 2701 731 2766 ῥύσεται
758 2699 980 2765 αὐτοὺς
1015 2703 1046 2753 ό
1074 2702 1306 2768 Κύριος.
1360 2703 1419 2753 Ὀ
1454 2700 1508 2753 δὲ
1547 2701 1717 2769 λέγων
1764 2704 1836 2774 μὴ

252 2790 482 2861 πρέπειν
512 2790 588 2861 τῷ
623 2790 814 2860 δικαίῳ
839 2791 935 2860 τὴν
973 2790 1172 2859 Θλίψιν,
1212 2791 1363 2843 οὐδὲν
1408 2791 1591 2859 ἕτερον
1622 2792 1769 2859 λέγει
1804 2792 1836 2863 ἢ

256 2882 332 2954 μὴ
393 2882 650 2952 ἁρμόζειν
702 2882 780 2952 τῷ
827 2881 1032 2953 ἀθλητῇ
1091 2882 1182 2934 τὸν
1251 2883 1676 2954 ἀνταγωνιστήν.
1748 2883 1837 2954 Μὴ

254 2974 655 3044 ἀγωνιζόμενος
680 2974 735 3027 δὲ
757 2976 783 3027 ό
811 2974 1045 3045 ἀθλητὴς
1077 2975 1227 3037 τίνας
1260 2972 1369 3040 ἕξει
1415 2974 1523 3027 τῶν
1561 2976 1838 3045 στεφάνων

254 3066 353 3127 τὰς
402 3065 717 3131 ύποθέσειςς
774 3066 912 3137 Ἤδη
964 3065 1020 3119 δὲ
1070 3066 1326 3137 τέταρτον
1380 3066 1593 3135 λέγεται
1652 3069 1709 3120 ὲν
1760 3069 1836 3140 τῷ

250 3155 451 3224 ψαλμῷ
498 3156 690 3226 τούτῳ,
742 3155 862 3209 τίνα
907 3156 1106 3226 τρόπον
1150 3157 1255 3209 ἀπὸ
1298 3156 1526 3225 Θλίψεως
1578 3158 1762 3229 ρύεται
1808 3163 1837 3213 ό

1943 2052 2145 2120 miniis,
2198 2053 2249 2107 in
2289 2053 2434 2107 omni
2492 2054 2671 2124 inopia
2720 2070 2784 2110 ac
2837 2070 3016 2111 rerum
3070 2050 3508 2109 necessariarum

1939 2153 2180 2213 egestate
2219 2144 2480 2210 detineri,
2514 2161 2721 2201 memor
2761 2147 2928 2202 fueris
2970 2148 3112 2217 quod
3164 2144 3351 2199 Multae
3389 2148 3514 2196 sunt

1940 2236 2307 2290 tribulationes
2328 2238 2597 2305 justorum
2618 2276 2632 2302 ,
2660 2248 2707 2292 et
2740 2239 2878 2308 quod
2915 2255 2979 2292 ex
3003 2239 3243 2291 omnibus
3271 2238 3349 2289 liis
3380 2236 3513 2288 libe-

1941 2329 2074 2383 rabit
2102 2346 2191 2385 eos
2222 2330 2499 2386 Dominus.
2543 2330 2643 2397 Qui
2675 2342 2854 2387 autem
2900 2332 3031 2386 dicit
3056 2332 3203 2401 justo
3237 2344 3339 2382 non
3380 2342 3513 2381 cou-

1940 2422 2123 2476 venire
2154 2422 2559 2478 tribulationem
2582 2464 2598 2488 ,
2633 2423 2768 2478 nihil
2807 2424 2952 2477 aliud
2991 2423 3125 2477 dicit
3159 2421 3261 2477 nisi
3296 2406 3518 2474 athleta

1940 2528 2045 2567 non
2094 2527 2396 2584 congruere
2422 2516 2815 2569 adversarium.
2866 2512 2972 2568 Sed
3019 2512 3244 2566 athleta:
3277 2523 3383 2563 non
3419 2508 3516 2561 de-

1939 2605 2169 2659 certanti
2194 2619 2313 2673 quae
2333 2615 2496 2660 erunt
2515 2606 2836 2661 occasiones
2855 2602 3220 2659 coronarum?
3242 2600 3358 2655 .lam
3384 2610 3514 2652 vero

1940 2709 2131 2764 quater
2155 2698 2207 2752 in
2238 2697 2341 2752 hoc
2369 2698 2579 2767 psalmo
2608 2698 2832 2762 dicitur,
2869 2710 2975 2767 qua
3012 2695 3225 2749 ratione
3250 2707 3344 2747 eos
3374 2704 3512 2760 quos

1941 2790 2200 2844 Dominus
2233 2789 2468 2844 liberare
2497 2789 2646 2856 vult,
2680 2804 2712 2843 a
2756 2788 3104 2844 tribulatione
3135 2786 3350 2841 liberet.
3394 2783 3515 2837 Pri-

1941 2882 2083 2933 mum
2131 2881 2276 2935 enim
2342 2878 2551 2950 (Vsus.
2594 2881 2666 2952 5)
2723 2900 2735 2935 :
2797 2879 3069 2950 Exquisitii
3108 2878 3416 2939 Dominum,
3464 2884 3512 2926 et

1937 2973 2201 3027 exaudivit
2226 2990 2330 3039 me,
2356 2982 2405 3027 et
2432 2990 2497 3027 ex
2524 2975 2762 3027 omnibus
2798 2972 3226 3028 tribulationibus
3250 2968 3375 3023 meis
3407 2968 3513 3021 eri-

1935 3067 2051 3136 puit
2097 3083 2212 3131 me;
2260 3068 2501 3123 secundo
2539 3066 2729 3137 (Vsus.
2755 3066 2808 3136 7)
2846 3087 2856 3121 :
2887 3065 2989 3119 Hic
3016 3080 3214 3135 pauper
3244 3060 3512 3125 clamavit,

1936 3172 1983 3213 et
2014 3161 2270 3215 Dominus
2305 3163 2570 3215 exaudivit
2602 3178 2739 3225 eum,
2763 3170 2812 3217 et
2838 3176 2901 3212 ex
2930 3159 3169 3211 omnibus
3207 3154 3512 3208 tribulatio-

252 3248 456 3317 Κύριος
479 3287 492 3311 ,
523 3247 614 3309 οὓς
661 3250 753 3299 ἐὰν
792 3247 919 3319 Οέλῃ
964 3249 1247 3319 ῥύσασθαι.
1299 3249 1518 3318 Πρῶτον
1553 3249 1650 3317 μὲν
1689 3250 1830 3320 γάρ·
1862 3277 1905 3335 C

1862 3277 1905 3335 ρ
1939 3252 2090 3305 nibus
2134 3252 2246 3321 ejus
2279 3253 2497 3307 saluauit
2524 3266 2683 3316 eum;
2733 3250 2890 3305 tertio
2920 3248 3106 3321 (Vsus.
3137 3247 3220 3320 18)
3255 3265 3268 3301 :
3300 3246 3512 3301 Clama-

264 3336 626 3405 Ἐξεζήτησα
658 3337 765 3390 τὸν
802 3339 1018 3405 Κύριον
1041 3376 1055 3399 ,
1088 3337 1184 3390 καί
1218 3338 1524 3405 ἐπήκουσέ
1546 3357 1665 3407 μου
1688 3379 1702 3402 ,
1735 3340 1834 3393 καί

248 3428 319 3482 ἐκ
351 3428 563 3481 πασῶν
589 3427 707 3482 τῶν
746 3428 1009 3497 θλίψεών
1029 3446 1146 3497 μου
1183 3430 1479 3496 ἐρῤύσατό
1504 3447 1607 3498 με’
1651 3431 1832 3485 δεύτε-

256 3538 347 3592 ρον
379 3521 434 3574 δὲ
482 3520 675 3574 πάλιν·
718 3516 903 3584 Οὗτος
935 3523 966 3573 ό
1020 3519 1252 3588 πτωχὸς
1294 3520 1615 3588 ἐκέκραξε,
1664 3522 1761 3575 καὶ
1802 3526 1833 3575 ὁ

250 3614 465 3681 Κύριος
484 3613 847 3679 είσήκουσεν
874 3613 1081 3676 αὑτοῦ,
1119 3613 1213 3667 καὶ
1235 3614 1303 3667 ἐκ
1326 3614 1538 3667 πασῶν
1562 3615 1679 3667 τῶν
1704 3618 1832 3670 θλί-

252 3709 417 3773 ψεων
453 3706 637 3760 αὑτοῦ
686 3706 921 3759 ἔσωσεν
973 3707 1189 3759 αὐτόν·
1236 3707 1329 3760 καὶ
1386 3708 1601 3777 τρίτον”

1940 3351 2120 3396 verunt
2144 3343 2320 3412 justi,
2350 3353 2397 3397 et
2430 3344 2687 3399 Dominus
2716 3342 2982 3398 exaudivit
3017 3359 3133 3405 eos,
3165 3352 3211 3394 et
3248 3356 3312 3393 ea:
3337 3338 3509 3392 omni-

1941 3436 2035 3488 bus
2069 3436 2499 3489 tribulationibus
2534 3453 2714 3490 eorum
2767 3436 3008 3489 liberavit
3053 3449 3163 3487 eos.
3232 3427 3513 3485 Postremo

1940 3527 2129 3595 (Vens.
2162 3526 2253 3597 20)
2280 3546 2291 3577 :
2324 3526 2508 3581 Multa:
2538 3526 2901 3579 tribulationes
2927 3524 3215 3593 justorunt,
3239 3533 3284 3576 et
3311 3520 3376 3575 de
3402 3536 3513 3575 ont-

1942 3620 2091 3671 nibus
2125 3618 2205 3669 his
2235 3618 2470 3670 liberavit
2506 3633 2590 3669 eos
2627 3616 2903 3668 Dominus.

1676 3708 2042 3778 Ἐκέκραξαν
2083 3712 2138 3762 οί
2200 3708 2447 3773 δίκαιοι,
2510 3708 2607 3762 καί
2643 3711 2676 3762 ό
2722 3710 2937 3777 Κύριος
3000 3707 3367 3775 είσήκουσεν
3401 3706 3509 3758 αὐ-

252 3794 391 3857 τῶν,
423 3798 518 3849 καί
542 3798 608 3851 ἐκ
635 3796 849 3851 πασῶν
870 3796 988 3851 τῶν
1022 3800 1285 3865 θλίψεων
1312 3800 1511 3853 αὐτῶν
1576 3804 1871 3871 ἐρρύσατο
1911 3803 2161 3866 αὐτούς·
2209 3803 2302 3855 καὶ
2341 3802 2677 3856 τελευταῖονο
2720 3801 2949 3855 Πολλαί
3004 3802 3063 3852 al
3107 3799 3347 3865 θλίψει(-
3384 3793 3508 3848 τῶν

252 3886 528 3951 δικαίων,
558 3889 656 3941 καί
684 3891 750 3942 ἐκ
788 3889 998 3943 πασῶν
1040 3888 1237 3943 αὐτῶν
1272 3892 1525 3957 ῥύσεται
1556 3895 1778 3959 αὐτοὺς
1808 3899 1840 3949 ὀ
1876 3896 2109 3963 Κύριος.

327 3976 414 4027 15.
446 3976 752 4030 Φυλάσσει
787 3980 1001 4046 Κύριος
1042 3978 1238 4033 πάντα
1288 3982 1359 4033 τὰ
1408 3982 1559 4036 ὀστᾶ
1605 3984 1833 4037 αὐτῶν·

251 4068 325 4122 ἐν
351 4066 421 4132 ἐξ
464 4067 661 4148 αῷτῶν
697 4072 768 4123 οὐ
806 4073 1284 4139 συντριϐήσεται.
1344 4076 1580 4147 Πότερον
1622 4078 1701 4129 δεῖ
1746 4077 1837 4130 ἐπὶ

250 4160 356 4231 τῆς
389 4160 584 4227 λέξεως
625 4165 837 4232 μεῖναι,
874 4164 964 4215 καὶ
999 4164 1332 4235 ἀρκεσθῆναι
1362 4170 1425 4236 τῇ
1457 4170 1596 4221 κατά
1619 4170 1677 4221 τὸ
1703 4170 1835 4239 πρό-

254 4269 439 4324 χειρον
462 4252 877 4326 προσπιπτούσῃ
908 4256 1025 4317 ταῖς
1045 4256 1232 4318 ἀκοαῖς
1261 4256 1420 4325 ἡμῶν
1436 4256 1631 4327 ἐννοίᾳ,
1664 4259 1743 4311 ὅτι
1771 4259 1837 4311 τὰ

251 4347 389 4398 ὀστᾶ
415 4346 607 4409 ταῦτα,
641 4346 708 4399 τὰ
732 4346 830 4415 τῆς
854 4346 1053 4417 σαρκὸς
1084 4348 1538 4417 ὑποστηρίγματα
1558 4389 1571 4412 ,
1608 4349 1667 4401 ού
1716 4366 1839 4401 συν·

249 4438 571 4508 τριὸήσεται
603 4438 709 4490 τῶν
733 4439 958 4492 δικαίων
984 4439 1070 4493 aia
1102 4439 1199 4511 τὴν
1233 4440 1385 4511 παρά
1410 4440 1503 4493 τοῦ
1528 4442 1732 4511 Κυρίου
1755 4442 1839 4495 δε-

250 4528 485 4599 δομένην
514 4528 695 4591 αὐτοῖς
727 4530 1005 4601 φυλακήν;
1042 4531 1151 4585 Καὶ
1186 4532 1413 4604 πότερον
1446 4531 1645 4595 ζῶντος
1680 4534 1837 4603 μόνον

251 4620 349 4672 καὶ
379 4621 436 4670 ἐν
478 4616 556 4687 τῷ
602 4615 699 4687 βίῳ
734 4619 1088 4688 τυγχάνοντος
1133 4621 1470 4693 ἁσύντριπτα
1508 4622 1601 4675 τοῦ
1631 4623 1835 4676 δικαίου

250 4710 657 4781 φυλαχθήσεται
687 4710 798 4780 (54)
823 4710 891 4762 τά
921 4712 1088 4775 ὀστᾶ;
1124 4712 1155 4783 ἢ
1192 4715 1286 4765 καὶ
1332 4714 1693 4778 ἀπολυθέντος
1741 4715 1834 4768 τοῦ

248 4800 453 4869 δεσμοῦ
489 4800 578 4853 τού
595 4800 928 4870 σωματικοῦ,
960 4802 1125 4871 μηδὲν
1165 4804 1334 4855 αἴτιον
1367 4805 1832 4874 ἐπισυμόήσεσθαι

249 4890 548 4961 συντριὸἦς
584 4892 660 4962 τῷ
697 4893 922 4961 δικαίιχη
966 4895 1071 4946 Καὶ
1107 4895 1211 4965 μὴν
1240 4896 1407 4949 πολλά
1438 4898 1832 4968 μεμαθήκαμεν

248 4982 345 5033 ἐπὶ
371 4982 468 5050 τῆς
506 4984 698 5053 πείρας
741 4984 873 5037 ὀστᾶ
900 4984 1121 5039 δικαίων
1149 4990 1583 5059 συντετριμμένα
1605 5029 1619 5052 ,
1651 4990 1759 5043 τῶν
1780 4993 1836 5043 ἐν

248 5074 364 5134 τοῖς
420 5072 559 5142 ὑπὲρ
602 5074 701 5142 τῆς
744 5076 821 5137 είς
859 5076 1091 5146 Χριστὸν
1123 5079 1430 5149 μαρτυρίας
1482 5080 1835 5144 παραδόντων

250 5166 482 5227 ἑαυτοὺς
528 5168 797 5231 παντοίοις
828 5167 995 5221 εἴδεσι
1042 5170 1402 5241 παθημάτων.
1445 5170 1581 5241 Ἤδη
1617 5174 1721 5244 γάρ
1753 5191 1835 5225 τι·-

248 5274 360 5311 νων
396 5258 505 5327 (55)
535 5259 628 5310 καὶ
655 5260 815 5330 σκέλη
846 5261 1113 5325 κατέαξαν
1146 5263 1194 5314 οἱ
1231 5261 1516 5325 διώκοντες
1535 5303 1548 5325 ,

322 5352 370 5382 ⁹⁰
406 5352 443 5404 ΙΙ
492 5352 617 5405 Cor.
668 5368 740 5413 ιν,
784 5354 837 5412 5.
938 5357 979 5387 ⁹¹
1034 5356 1049 5408 Ι
1100 5356 1223 5410 Cor.
1269 5372 1343 5421 IV,
1380 5357 1463 5409 15.

247 5422 298 5454 ⁸⁸
327 5421 482 5475 Jozin.
522 5439 633 5485 xw,
676 5423 764 5477 55.

325 5517 438 5583 (51)
490 5516 640 5569 Facit
672 5531 818 5571 more
868 5530 965 5568 suo
994 5514 1367 5575 Cnmbelisius,
1420 5526 1473 5568 ut
1501 5516 1705 5583 aliquid
1762 5518 1825 5570 ad

245 5582 539 5642 arbitrium
563 5603 715 5639 suum
743 5595 929 5638 mutet.
963 5582 1060 5637 Ubi
1102 5586 1262 5649 igitur
1297 5587 1520 5653 legimus
1543 5582 1605 5638 et?
1634 5588 1683 5637 in
1709 5588 1823 5638 edi-

252 5662 324 5712 tis
358 5664 481 5710 etin
511 5673 636 5709 mss.
673 5656 966 5725 omnibusL
983 5654 1143 5725 τινῶν
1176 5657 1231 5706 ὲν
1270 5655 1512 5725 Χριστῷ,
1545 5658 1661 5707 vult
1720 5656 1823 5722 legi

248 5737 503 5797 Oportere
535 5726 643 5778 τῶν
672 5728 727 5777 ὲν
760 5723 997 5796 Χριστῷ.
1039 5723 1331 5793 Vulgatam
1355 5723 1639 5778 lectionem
1696 5729 1828 5779 reti-

251 5799 485 5854 nendam
511 5812 628 5850 esse
664 5798 938 5850 duximus.

324 5868 438 5936 (52)
464 5865 602 5936 Editi
628 5866 799 5929 νόσοις
827 5866 858 5935 ἢ
890 5868 967 5919 ὲν.
1002 5864 1163 5918 Deest
1200 5864 1233 5936 ἦ
1265 5864 1314 5917 in
1350 5872 1553 5936 septem
1586 5880 1717 5919 mss.

324 5937 439 6009 (55)
484 5935 632 6009 ιίςιςὶὶ
665 5939 851 5994 tertius
881 5946 935 5993 et
967 5945 1191 6005 quartus
1216 5935 1457 6001 δικαίων,
1484 5935 1596 5989 ἀλλ’
1626 5939 1688 5989 ὲκ
1724 5953 1827 5989 πασ-

1594 5265 1686 5315 καὶ
1730 5268 1838 5334 χεῖ-

1560 5357 1603 5385 ”
1638 5358 1764 5409 ibid.
1844 5358 1889 5390 ’³
1922 5358 2108 5416 Matth.
2143 5378 2233 5425 xx,
2268 5360 2353 5415 I6.

2010 3985 2097 4041 l5.
2134 3985 2296 4040 Vsus.
2328 3985 2420 4040 21.
2464 3983 2705 4037 Custodit
2744 3982 2997 4034 Dominus
3030 3984 3206 4034 omnia
3251 3995 3370 4033 ossa
3419 3995 3511 4033 eo-

1938 4094 2075 4130 rum.
2102 4093 2263 4130 unum
2310 4092 2373 4127 ex
2420 4075 2501 4127 his
2541 4091 2645 4128 non
2698 4084 3012 4126 conteretur.
3055 4071 3188 4126 Num
3226 4071 3279 4126 in
3328 4071 3512 4125 littera

1941 4170 2147 4223 haerere
2180 4175 2413 4237 oportet,
2448 4176 2501 4221 et
2551 4182 2613 4221 ea
2658 4166 2877 4219 notione
2918 4180 3038 4233 quae
3081 4164 3264 4219 statim
3302 4158 3509 4217 auditui

1942 4269 2125 4313 nostro
2165 4259 2423 4323 illabitur,
2481 4267 2789 4313 contentum
2849 4271 3006 4321 esse,
3064 4255 3204 4326 quod
3264 4254 3512 4310 videliict

1942 4349 2131 4402 isthazc
2155 4348 2422 4416 iustorum
2455 4365 2600 4413 ossa,
2635 4350 2813 4404 carnis
2845 4347 3012 4402 fulcra
3034 4388 3049 4413 ,
3081 4363 3185 4401 non
3222 4356 3513 4401 conteren—

1944 4448 2031 4493 tur
2061 4440 2129 4494 ob
2168 4442 2346 4494 datam
2378 4442 2479 4495 sibi
2512 4457 2541 4495 a
2583 4441 2812 4495 Domino
2840 4440 3177 4493 custodiam?
3223 4440 3290 4491 Et
3325 4446 3506 4490 utrum

1938 4532 2065 4599 justi
2095 4547 2235 4595 ossa,
2268 4534 2503 4601 quandiu
2540 4533 2689 4584 Vivet
2737 4533 2910 4584 solum
2943 4540 2996 4583 et
3036 4530 3087 4582 in
3122 4531 3230 4582 vita
3264 4530 3510 4584 diversa-

1945 4624 2106 4690 bilur,
2136 4625 2505 4678 custodiantur
2534 4639 2560 4675 a
2590 4622 2830 4675 fractura
2860 4622 3003 4675 omni
3035 4621 3238 4674 illaesa?
3270 4638 3333 4673 an
3358 4620 3511 4688 justo

1943 4719 2103 4771 etiam
2138 4715 2400 4784 Icorporis
2452 4714 2671 4767 vinculo
2731 4715 3001 4777 exsoluto,
3056 4713 3201 4765 nulla
3257 4711 3512 4768 fiat-tura!

1940 4824 2102 4863 causa
2134 4808 2309 4861 futura
2344 4807 2457 4860 sit?
2485 4806 2643 4873 Atqui
2666 4806 3001 4873 experientia
3028 4806 3316 4859 didicimus
3344 4807 3507 4859 multa

1939 4916 2059 4955 ossa
2086 4900 2376 4966 justorum,
2408 4898 2499 4966 qui
2534 4912 2655 4950 sese
2689 4898 2970 4965 quibusvis
2996 4897 3379 4967 suppliciorum
3417 4915 3510 4966 ge-

1942 4995 2160 5047 ner-ilius
2195 5007 2291 5059 pro
2333 4991 2458 5043 dato
2506 4991 2571 5043 de
2621 4990 2835 5044 Christo
2869 4992 3175 5044 testimonio
3211 4991 3503 5048 tradidere.

1942 5087 2175 5139 contrita
2213 5095 2374 5150 atque
2406 5084 2732 5135 comminuta
2761 5081 2943 5136 fuisse.
2975 5080 3091 5134 lam
3124 5083 3268 5133 enim
3298 5090 3350 5132 «ιι
3378 5096 3511 5145 quo-

1941 5179 2182 5228 rumdam
2240 5189 2400 5228 crura
2446 5173 2832 5241 confregerunt
2883 5183 3296 5240 persecutores,
3348 5179 3507 5238 atque

1943 5284 2132 5319 manus
2170 5283 2231 5321 ac
2272 5268 2443 5334 capita
2487 5266 2653 5319 clavis
2684 5277 2824 5331 saepe
2868 5261 3276 5314 trauslixerunt.
3326 5259 3383 5312 Et
3425 5268 3507 5309 lu-

2449 5359 2495 5391 “
2528 5358 2715 5411 Mulllt.
2756 5372 2807 5419 v,
2858 5355 2911 5408 5.
3009 5355 3053 5385 ⁸⁸
3094 5352 3137 5406 ll
3169 5351 3295 5408 Cor.
3342 5368 3413 5414 Iv,
3447 5350 3482 5405 8

1934 5520 2061 5573 σῶν.
2096 5522 2203 5577 Nec
2238 5525 2307 5576 ita
2358 5524 2526 5577 multo
2558 5531 2677 5589 post
2722 5519 2873 5574 Coll).
2910 5519 3114 5577 primus
3140 5519 3187 5570 εἰ
3221 5516 3294 5589 μὴ
3330 5516 3501 5587 ἁρμό-

1931 5589 2066 5653 ζειν.
2097 5591 2230 5649 Β--ιι,
2262 5598 2450 5647 tertius
2480 5596 2527 5645 εί
2572 5593 2645 5663 μὴ
2678 5592 2751 5662 μὴ
2775 5589 3056 5661 ἁρμόζειν.
3082 5591 3182 5642 Alii
3218 5602 3345 5663 ipss.
3378 5602 3501 5644 cura

1930 5666 2088 5735 εαιυθ
2123 5664 2153 5733 ἢ
2191 5664 2263 5734 μὴ
2294 5666 2427 5735 ἀρμι

2003 5734 2111 5800 (54)
2145 5731 2295 5787 Εὔιῖι.
2334 5731 2545 5801 prunus
2577 5731 3030 5801 φυλαχθήσονται.

2004 5793 2114 5872 (55)
2159 5804 2230 5855 ltn
2269 5793 2398 5857 mss.
2442 5793 2599 5856 octo."
2634 5793 2767 5855 lidi'ii
2797 5793 2955 5853 τινων
2987 5797 3188 5855 αὐτῶν.
3223 5796 3341 5854 Mox
3376 5793 3512 5858 editi

1929 5874 2215 5944 Καίτοιγε.
2246 5876 2405 5931 Deest
2438 5890 2501 5943 γε
2530 5874 2583 5929 in
2620 5873 2816 5929 nostris
2851 5886 2979 5927 mss.
