4260 6484
808 412 916 464 385

2148 409 2203 460 S.
2246 405 2487 459 BASILII
2522 405 2733 459 MAGNI

3941 406 4046 460 εει

804 534 926 571 men
957 518 1076 583 quiis
1107 517 1487 572 Contradicens
1536 518 1811 572 aﬂirmarit
1852 532 1943 573 eos
1986 520 2076 589 qui
2110 518 2369 588 martyrio
2397 533 2445 587 Α
2475 537 2486 589 ε

2360 536 2369 569 t
2397 533 2445 587 Α
2475 535 2571 589 ρας
2606 518 2700 569 καὶ
2721 516 2959 586 κεφαλὰς
2997 515 3272 586 διέπειραν
3302 521 3410 580 τοῖς
3434 516 3582 588 ἣλοις
3606 513 3884 575 πολλάκις.
3914 517 4042 567 Καί-

804 608 1155 663 cmtsummati
1196 615 1356 674 sunt,
1396 624 1500 663 non
1541 610 1781 663 omnium
1836 624 1956 665 esse
2001 610 2368 678 justissimos?

801 695 908 750 Sed
948 694 1226 761 fortassis,
1275 699 1729 767 quemadmodum
1789 702 1951 757 homo
2000 701 2222 762 dicitur,
2266 703 2368 757 hoc

798 798 897 853 est.
943 789 1122 841 anima
1154 799 1208 842 et
1251 804 1404 845 mens
1441 792 1706 858 humana,
1736 793 1810 848 ita
1840 804 1893 848 et
1924 794 2089 861 ipsius
2124 794 2364 848 membra

798 879 987 933 eodem
1028 880 1248 935 nomine
1286 896 1349 935 ac
1393 881 1638 948 corporis
1683 894 1863 949 partes
1909 893 2190 936 vocantur.
2231 882 2364 937 Nam

798 985 939 1041 saepe
988 973 1262 1028 interioris
1313 974 1550 1028 hominis
1600 978 1835 1031 membra
1880 977 2157 1045 Scriptura
2205 980 2369 1032 nomi-

798 1075 889 1118 nat
914 1082 929 1132 ;
956 1075 1013 1119 ut
1040 1081 1159 1120 cum
1184 1067 1313 1120 dicit
1361 1089 1371 1122 :
1407 1065 1676 1137 Sapientis
1720 1069 1858 1122 oculi
1887 1068 1940 1120 in
1971 1071 2137 1137 rapite
2158 1070 2364 1139 ejus";

797 1159 899 1211 hoc
944 1168 1056 1223 est,
1097 1158 1307 1212 occulta
1355 1171 1408 1215 et
1445 1162 1719 1215 recondita
1763 1161 2021 1229 sapientis
2069 1176 2211 1229 pars,
2244 1178 2367 1231 pro-

796 1250 918 1301 vida
948 1260 1031 1304 est
1057 1259 1113 1303 et
1147 1251 1560 1323 circumspecta.
1592 1252 1657 1304 Et
1688 1267 1875 1305 rursus
1901 1262 2007 1305 tum
2034 1256 2214 1307 carnis
2240 1271 2367 1309 ocu-

797 1339 877 1394 los
908 1341 1163 1396 similiter
1207 1346 1359 1408 dicit,
1410 1359 1514 1395 non
1556 1342 1729 1395 solum
1774 1343 1826 1396 in
1866 1358 1926 1397 ea
1975 1360 2136 1414 quam
2178 1346 2362 1399 attuli-

797 1449 919 1488 mus
949 1437 1239 1501 sententia,
1282 1436 1374 1488 sed
1414 1435 1580 1488 etiam
1630 1435 1718 1489 ubi
1765 1437 1860 1499 ait,
1893 1450 2218 1507 pra-ceptum
2268 1438 2367 1491 Do-

799 1529 931 1581 mini
974 1528 1205 1581 lucidum
1254 1543 1403 1593 esse,
1453 1538 1505 1581 et
1549 1528 1861 1584 illuminans
1893 1532 2081 1585 oculos
2114 1530 2179 1582 ’⁸.
2227 1531 2365 1595 Quid

798 1631 928 1669 vero
951 1607 1163 1685 oportet
1207 1618 1385 1672 dicere
1435 1619 1500 1671 de
1541 1618 1642 1672 hoc
1685 1637 1698 1672 :
1742 1619 1842 1685 Qui
1888 1622 2037 1672 habet
2082 1636 2233 1673 aures
2270 1636 2368 1673 au—

795 1707 996 1775 diendi,
1026 1709 1210 1762 audiat
1236 1708 1320 1760 “1'
1349 1708 1699 1778 Compertum
1753 1720 1835 1764 est
1873 1711 2013 1763 enim
2055 1720 2109 1764 et
2152 1726 2370 1780 perspe-

794 1807 963 1863 Ctunt,
997 1797 1263 1867 aliquibus
1306 1798 1484 1854 inesse
1535 1815 1692 1854 aures
1730 1798 1981 1852 meliores
2022 1801 2361 1866 praestantio-

2472 625 2557 660 τοι
2585 608 2666 670 τίς
2708 609 2923 681 ἀντερεῖ
2958 606 3032 677 μὴ
3073 606 3192 676 οὐχὶ
3237 608 3452 662 πάντων
3501 603 3636 661 εἶναι
3673 604 4045 667 δικαιοτάτους

2471 700 2595 760 τοὺς
2622 699 2678 750 ἐν
2709 700 2785 770 τῷ
2812 699 3089 770 μαρτυρίῳ
3115 697 3591 767 τετελειωμένουςς
3630 694 3789 749 Ἀλλὰ
3811 698 4040 764 μήποτε,

2473 786 2658 858 ὥσπερ
2681 789 2961 860 ἄνθρωπος
2990 786 3227 854 λέγεται,
3254 786 3548 851 τουτέστιν,
3573 789 3605 857 ἡ
3626 781 3769 853 ψυχὴ
3790 781 3923 850 (56),
3956 781 4043 831 καὶ

2471 882 2499 934 ὀ
2532 879 2653 942 νοῦς
2680 883 2708 933 ὀ
2730 878 3064 952 ἀνθρώπινος
3089 895 3101 907 ·
3132 876 3273 931 οὕτω
3314 876 3406 928 καὶ
3448 879 3516 930 τὰ
3562 877 3696 949 μέλη
3731 874 3839 946 (3'7)
3882 870 4041 925 αὑτοῦ

2472 971 2775 1041 ὁμωνύμως
2814 967 3132 1039 ὀνομάζεται
3168 967 3301 1038 πρὸς
3332 965 3399 1018 τὰ
3423 965 3520 1033 τῆς
3546 969 3777 1039 σαρκόςο
3811 965 3886 1029 ὡς
3915 962 4039 1015 πολ-

2473 1062 2625 1125 λάκις
2648 1064 2901 1133 ὀνομάζει
2933 1062 2965 1131 ὴ
3000 1061 3037 1111 Γ
3043 1061 3186 1131 ραφὴ
3224 1059 3314 1113 τοῦ
3351 1058 3590 1128 κρυπτοῦ
3630 1058 3920 1130 ἀνθρώπου
3942 1096 3955 1118 ,
3988 1056 4040 1106 ἐν

2471 1156 2549 1226 τῷ
2576 1155 2751 1223 λέγειν
2775 1174 2788 1187 '
2832 1155 2939 1210 Τοῦ
2962 1152 3157 1220 σοφοῦ
3182 1155 3233 1205 οἱ
3258 1147 3545 1221 ὀφθαλμοί
3573 1147 3642 1199 ἐν
3667 1148 3904 1218 κεφαλῇ
3933 1145 4039 1219 (58)

2471 1247 2656 1302 αὑτοῦ
2677 1266 2689 1277 ·
2720 1248 2961 1301 τουτέστι
2991 1246 3347 1315 προορατικόν
3378 1246 3491 1295 ἐστι
3525 1239 3616 1293 καὶ
3646 1241 4041 1312 περιεσκεμμέ-

2471 1357 2561 1393 νον
2598 1339 2657 1391 τὸ
2714 1339 2950 1410 κρυπτὸν
3004 1336 3096 1388 τοῦ
3142 1334 3325 1401 σοφοῦ.
3371 1335 3479 1388 Καὶ
3526 1331 3684 1387 πάλιν
3734 1332 4040 1404 ὀφθαλμοὺς

2470 1431 2667 1502 ὁμοίως
2699 1431 2843 1500 λέγει
2872 1430 2992 1492 τούς
3011 1446 3070 1481 τε
3096 1427 3193 1496 τῆς
3220 1426 3394 1497 ψυχῆς
3444 1429 3535 1481 καὶ
3581 1426 3677 1497 τῆς
3712 1425 3949 1494 σαρκὸς,
3983 1425 4040 1477 οὐ

2475 1527 2632 1597 μόνον
2669 1526 2724 1577 ἐν
2822 1520 3171 1595 παρεθέμεθα
3216 1520 3378 1585 λέξει,
3429 1521 3542 1573 ἀλλ’
3589 1523 3644 1574 ὲν
3691 1517 3769 1588 τῷ
3816 1519 4041 1585 φάσκειν

2473 1619 2568 1689 τὴν
2602 1618 2817 1689 ἐντολὴν
2858 1615 3061 1687 Κυρίου
3096 1614 3336 1684 τηλαυγῆ
3383 1609 3517 1667 εἶναι
3568 1615 3661 1667 καὶ
3709 1609 4040 1683 φωτίζουσαν

2472 1708 2798 1779 ὀφθαλμούς.
2834 1707 2897 1759 Τί
2919 1706 2974 1759 δὲ
3016 1705 3096 1758 δεῖ
3126 1705 3301 1773 λέγειν
3334 1705 3595 1775 περὶτοῦ,
3641 1708 3702 1759 '0
3729 1705 3887 1774 ἔχων
3928 1696 4043 1754 ὦτα

2472 1801 2736 1866 ἀκούειν,
2777 1797 3072 1860 ἀκουέτωξ
3111 1798 3277 1869 Δῆλον
3298 1798 3429 1869 γὰρ,
3454 1799 3535 1852 ὃτι
3575 1796 3865 1864 κέκτηνταί
3904 1809 4043 1854 τινες

798 1904 990 1957 resque
1012 1928 1024 1952 ,
1055 1905 1174 1957 quae
1210 1889 1301 1943 Dei
1336 1890 1544 1959 possint
1571 1890 1733 1943 verba
1776 1889 1982 1943 audire.
2031 1890 2111 1944 Ad
2148 1905 2242 1945 eos
2274 1908 2368 1945 au-
2399 1912 2439 1964 Β
2468 1892 2480 1949 i

2360 1919 2368 1930 -
2399 1912 2439 1964 Β
2468 1891 2581 1949 ὦτα
2624 1896 2906 1967 κρείττονα
2949 1892 3224 1962 δυνάμενα
3252 1891 3469 1947 ἀκούειν
3512 1891 3682 1961 λόγων
3715 1889 3870 1944 Θεοῦ.
3904 1886 4042 1958 Πρὸς

800 1996 904 2039 tem
939 1982 1028 2050 qui
1060 1996 1163 2035 non
1195 1981 1395 2036 habent
1441 1983 1557 2036 illas
1586 1996 1746 2035 aures
1769 2021 1782 2045 ,
1826 1983 1953 2049 quid
1987 1982 2154 2037 dicit?
2181 1982 2364 2048 Sui-di,

794 2077 997 2141 audite,
1036 2086 1083 2131 et
1122 2080 1269 2142 caeci,
1306 2078 1551 2146 suspicite
1584 2077 1622 2129 ⁸.
1680 2076 1837 2146 157
1873 2074 2005 2131 Item
2046 2095 2059 2131 :
2097 2076 2169 2131 0s
2202 2090 2367 2130 meum

793 2175 998 2235 aperui,
1030 2180 1075 2223 et
1108 2172 1305 2223 attraxi
1344 2171 1585 2236 spiritum
1627 2171 1667 2223 ⁸.
1709 2170 1796 2234 Ει,
1825 2171 2003 2224 dentes
2038 2178 2367 2238 peccatorum

794 2259 1089 2313 contrivisti
1109 2259 1152 2313 ⁸.
1176 2258 1307 2313 Nam
1344 2260 1461 2313 hac
1485 2260 1665 2313 omnia
1692 2261 1757 2315 de
1792 2262 1855 2316 iis
1882 2262 2021 2314 dicta
2042 2267 2167 2313 sunt
2202 2257 2369 2311 facul-

798 2350 1020 2414 tatibus,
1048 2365 1166 2418 qua:
1203 2351 1437 2419 spiritali
1474 2351 1745 2405 alimoniae
1768 2368 1831 2404 ac
1860 2351 2116 2403 doctrina:
2139 2348 2365 2418 spiritali

794 2438 1114 2494 inserviunt.
1136 2440 1263 2495 Tale
1284 2452 1366 2495 est
1394 2451 1442 2495 et
1476 2441 1600 2493 illud
1631 2456 1645 2492 :
1684 2439 1922 2493 Ventrem
1951 2456 2122 2493 meum
2141 2440 2291 2493 doleo
2311 2442 2362 2505 ’ς

793 2540 870 2596 et,
902 2530 1004 2587 l’es
1030 2534 1168 2604 justi
1209 2551 1313 2587 non
1348 2534 1594 2604 impinget
1634 2534 1675 2587 ⁵.
1711 2533 1901 2589 Omnia
1950 2534 2093 2587 enim
2149 2535 2270 2586 talia
2301 2534 2367 2587 de

794 2625 1038 2682 interiori
1070 2628 1291 2682 homine
1336 2627 1501 2682 relata
1539 2636 1687 2682 sunt.
1717 2625 1835 2681 Jam
1877 2642 2002 2680 vero
2028 2626 2180 2694 juxta
2220 2640 2369 2679 eam-

795 2717 917 2771 dem
955 2719 1219 2773 rationetn
1270 2719 1470 2773 fuerint
1509 2722 1673 2773 etiam
1713 2720 1957 2788 quaedam
2005 2718 2237 2772 hominis
2287 2717 2369 2771 in-

799 2812 938 2863 terni
970 2826 1113 2875 ossa,
1154 2813 1351 2880 quibus
1399 2812 1673 2877 colligatio
1712 2812 2105 2879 harmoniaque
2138 2811 2367 2863 faculta-

794 2910 906 2956 tum
938 2903 1132 2956 animze
1171 2903 1497 2958 continetur.
1531 2902 1597 2956 Et
1626 2901 2080 2970 quemadmodum
2118 2917 2237 2955 ossa
2280 2900 2366 2952 fir-

796 2993 984 3047 mitate
1007 2992 1220 3062 propria
1245 2992 1616 3045 communiunt
1640 2991 1885 3045 carnium
1915 2992 2362 3045 teneritudinem:

798 3085 876 3138 sic
906 3093 959 3138 et
994 3084 1045 3137 in
1086 3083 1321 3137 Ecclesia
1346 3092 1473 3136 sunt
1499 3083 1739 3152 quidam,
1775 3084 1865 3152 qui
1899 3082 1967 3136 ob
2006 3083 2365 3138 constantiam

795 3190 949 3229 suam
996 3175 1254 3229 debilium
1296 3174 1698 3230 itnbecittitates
1752 3172 1894 3230 ferre
1929 3184 2169 3244 possunt.
2209 3175 2273 3229 Et
2312 3185 2370 3230 ut

2466 1989 2523 2043 δὲ
2549 1989 2674 2051 τοὺς
2703 1986 2777 2057 μὴ
2818 1985 3037 2056 ἔχοντας
3066 1988 3245 2039 ἐκεῖνα
3275 1985 3342 2039 τὰ
3368 1979 3481 2039 ὦτα
3527 1984 3567 2038 τί
3598 2002 3760 2054 φησιν
3785 2000 3798 2046 ;
3833 1984 3899 2035 Ol
3934 1997 4041 2034 κω-

2468 2082 2568 2152 φοὶ
2589 2121 2603 2145 ,
2629 2081 2959 2144 ἀκούσατε,
2997 2078 3096 2132 καὶ
3118 2082 3170 2133 oi
3196 2078 3435 2147 τυφλοὶ,
3472 2076 3859 2143 ἀναϐλέψατε
3883 2092 3897 2104 ⁸
3929 2072 4040 2134 καὶ,

2472 2174 2547 2229 Τὸ
2582 2174 2776 2243 στόμα
2802 2190 2919 2242 μου
2945 2170 3178 2239 ἧνοιξα,
3205 2169 3300 2222 καὶ
3330 2169 3587 2221 εἵλκυσα
3624 2166 3890 2233 πνεῦμα·
3931 2164 4041 2223 καὶ,

2468 2264 2733 2327 Ὀδόντας
2761 2260 3118 2331 ἁμαρτωλῶν
3141 2257 3525 2326 συνέτριψας.
3545 2254 3726 2309 Ταῦτα
3746 2254 3855 2324 γὰρ
3872 2253 4043 2305 πάντα

2467 2356 2679 2426 εἴρηται
2711 2354 2846 2425 πρὸς
2878 2351 2975 2415 τὰς
3004 2349 3379 2422 ύπουργούσας
3398 2348 3654 2419 δυνάμεις
3680 2347 3773 2399 ἐπὶ
3799 2345 3900 2415 τὴν
3924 2360 4046 2413 νοη-

2466 2447 2563 2516 τὴν
2592 2444 2796 2516 τροφὴν
2828 2443 2921 2497 καὶ
2954 2441 3046 2496 τὸν
3067 2443 3253 2513 νοητὸν
3278 2441 3452 2510 λόγον.
3482 2440 3729 2493 Τοιοῦτον
3757 2438 3815 2492 δὲ
3848 2438 4041 2502 καὶτὸ,

2475 2538 2592 2606 Τὴν
2615 2537 2850 2591 κοιλίαν
2874 2553 2992 2605 μου
3032 2534 3223 2603 ἀλγῶ·
3262 2535 3354 2588 καὶ
3398 2534 3477 2599 τὸ,
3540 2535 3591 2582 '0
3634 2532 3786 2599 ποῦς
3822 2531 3929 2585 τοῦ
3964 2530 4044 2582 δι-

2469 2630 2640 2683 καίου
2677 2629 2748 2682 οὺ
2774 2626 2858 2696 μὴ
2896 2627 3241 2695 προσκόψῃ.
3320 2626 3502 2679 Πάντα
3532 2623 3642 2695 γὰρ
3674 2624 3765 2675 ἐπὶ
3797 2621 3893 2675 τοῦ
3941 2622 4045 2673 ἔσω

2469 2720 2755 2793 ἀνθρώπου
2796 2720 3140 2774 κατείλεκται
3168 2718 3239 2773 τὰ
3275 2717 3517 2772 τοιαῦτα.
3552 2715 3710 2770 Κατὰ
3742 2714 3799 2767 δὲ
3828 2713 3920 2766 τὸν
3945 2715 4043 2766 αὐ-

2470 2815 2560 2868 τὸν
2591 2815 2746 2885 λόγον
2768 2816 2861 2868 καὶ
2890 2816 3023 2868 ὀστᾶ
3051 2831 3175 2869 τινα
3199 2814 3264 2868 ἂν
3290 2812 3382 2867 τοῦ
3412 2814 3469 2866 ὲν
3498 2811 3574 2883 τῷ
3595 2807 3840 2882 κρυπτῷ,
3873 2809 3933 2861 ὲν
3966 2802 4044 2869 οἷς

2469 2909 2497 2959 ὁ
2523 2907 2813 2979 σύνδεσμος
2837 2910 2929 2963 καὶ
2956 2910 2987 2979 ή
3014 2908 3247 2979 ἁρμονία
3268 2907 3376 2960 τῶν
3406 2906 3651 2977 ψυχικῶν
3673 2906 3787 2958 ἐστι
3820 2902 3931 2971 (59)
3960 2901 4044 2953 δυ-

2469 3000 2685 3069 νάμεων
2710 3001 3172 3070 συγκροτουμένη.
3199 3001 3306 3051 Καὶ
3326 2999 3511 3070 ὥσπερ
3540 2999 3607 3051 τὰ
3634 2998 3767 3049 ὀστᾶ
3788 2998 3855 3065 τῇ
3873 2994 4044 3062 οἰκείᾳ

2470 3092 2682 3162 εὐτονίᾳ
2735 3090 2843 3143 τῶν
2903 3090 3121 3161 σαρκῶν
3160 3090 3493 3158 περιστέλλει
3561 3088 3659 3158 τὴν
3703 3087 4040 3155 ἁπαλότητα,

2470 3183 2610 3239 οὕτω
2634 3186 2728 3238 καὶ
2745 3184 2802 3237 ὲν
2826 3186 2890 3255 τῇ
2908 3182 3203 3254 Ἐκκλησία
3237 3181 3341 3234 είσί
3360 3198 3522 3243 τινες,
3546 3181 3593 3233 οἳ
3613 3180 3699 3233 διὰ
3728 3180 3825 3251 τὴν
3842 3180 4044 3231 οἰκείαν

797 3270 939 3323 inter
961 3284 1021 3323 se
1048 3276 1442 3322 connectuntur
1473 3282 1618 3331 ossa,
1643 3281 1765 3321 cum
1793 3282 1887 3336 per
1917 3282 2111 3321 nervos
2133 3276 2187 3321 et
2214 3266 2366 3321 colli-
2392 3269 2437 3332 α
2469 3299 2479 3332 ε

2364 3297 2366 3303 '
2392 3269 2437 3332 C
2469 3279 2800 3352 στερρότητα
2826 3278 2892 3331 τὰ
2924 3277 3271 3347 ὑστερήματα
3322 3273 3575 3326 δύνανται
3616 3272 3726 3325 τῶν
3770 3271 4046 3325 ἀσθενούν-

795 3361 1037 3429 gationes
1076 3375 1170 3427 per
1204 3369 1417 3411 artuum
1470 3359 1858 3413 commissuras
1912 3359 2052 3411 inter
2092 3373 2151 3411 se
2186 3358 2366 3410 adlue—

796 3463 1052 3507 rescunt:
1085 3454 1155 3504 ita
1178 3466 1391 3519 quoque
1424 3451 1586 3504 fuerit
1612 3451 1899 3503 charitatis
1928 3459 1981 3503 et
2006 3450 2152 3517 pacis
2183 3452 2369 3501 vincu-

796 3544 940 3608 lum,
1000 3542 1401 3596 concretionem
1471 3541 1757 3608 quamdam
1818 3548 1872 3592 et
1930 3538 2364 3607 conjunctionem

795 3634 1155 3702 spiritualium
1205 3632 1407 3686 ossium
1456 3632 1509 3684 in
1556 3631 1647 3684 Dei
1697 3630 1939 3684 Ecclesia
1989 3628 2249 3683 eﬂiciens.
2293 3628 2368 3682 De

796 3724 1057 3792 ejusmodi
1109 3723 1353 3785 ossibus,
1405 3721 1473 3775 ab
1512 3720 1791 3775 harmonia
1844 3718 2071 3783 solutis,
2118 3729 2171 3771 et
2224 3718 2369 3772 velut

796 3817 1015 3878 limitis,
1050 3816 1177 3868 dicit
1202 3814 1473 3883 Propheta
1506 3832 1519 3866 ε
1570 3811 1840 3878 Dissipata
1884 3821 2003 3863 sunt
2037 3826 2152 3862 ossa
2191 3819 2366 3862 nostra

798 3924 943 3963 secus
984 3907 1249 3974 infernum
1273 3907 1315 3959 ⁸.
1356 3905 1532 3974 Atque
1560 3905 1605 3959 si
1638 3918 1872 3973 unquam
1926 3903 2040 3957 haec
2081 3914 2200 3955 ossa
2234 3914 2366 3954 con-

801 4003 1040 4057 turbatio
1076 3999 1563 4069 conquassatioque
1589 3995 2029 4068 apprehenderit,
2060 4007 2223 4048 orans
2251 3994 2327 4046 ait
2352 4011 2365 4046 :

800 4092 947 4148 Sana
982 4110 1097 4155 me,
1132 4092 1388 4158 Domine,
1423 4092 1669 4158 quoniam
1721 4087 2033 4142 conturbata
2082 4095 2203 4140 sunt
2252 4101 2371 4139 ossa

797 4202 913 4239 mea
937 4186 976 4237 ⁷.
1009 4184 1108 4238 libi
1142 4200 1267 4239 vero
1292 4185 1628 4237 harmoniam
1651 4182 1922 4249 propriam
1949 4179 2303 4241 servaverint,
2339 4192 2371 4230 a

801 4275 1027 4331 Domino
1056 4275 1347 4335 custodita,
1380 4288 1448 4325 ne
1475 4288 1638 4323 unum
1664 4271 1880 4337 quidem
1912 4284 1977 4323 ex
2010 4270 2093 4322 his
2120 4278 2369 4322 contere-

802 4378 909 4435 tur,
941 4368 1034 4421 sed
1064 4366 1221 4435 digna
1248 4374 1392 4426 sunt,
1421 4379 1542 4430 quae
1569 4362 1676 4415 Deo
1704 4362 1927 4431 gloriam
1956 4359 2215 4414 referant.
2247 4358 2371 4412 0m-

801 4465 888 4515 nia
937 4462 1096 4525 enim,
1148 4461 1341 4526 inQuit,
1376 4474 1494 4510 ossa
1527 4473 1642 4509 mea
1694 4456 1862 4507 dicent
1914 4470 1931 4506 :
1982 4452 2227 4517 Domine,
2258 4451 2367 4504 Do-

800 4556 959 4615 mine,
997 4554 1114 4622 quis
1146 4551 1334 4604 similis
1373 4550 1467 4602 tibi
1490 4549 1545 4601 ⁸⁸2
1579 4548 1770 4601 Vidisti
1800 4545 2144 4600 rationalium
2165 4545 2367 4597 ossium

2472 3389 2577 3424 των
2613 3370 2918 3440 βαστάζειν.
2953 3370 3062 3421 Καὶ
3086 3368 3270 3437 ὥσπερ
3304 3365 3372 3418 τὰ
3415 3367 3549 3419 ὀστᾶ
3584 3365 3915 3419 συνάπτεται
3953 3364 4046 3417 ἀλ-

2471 3461 2649 3531 λήλοις
2674 3461 2813 3512 κατὰ
2849 3460 2944 3521 τὰς
2973 3456 3325 3529 διαρθρώσεις
3356 3474 3567 3527 νευροις
3608 3456 3700 3509 καὶ
3732 3454 4047 3525 συνδέσμοις

2472 3549 2885 3619 ἐπιπεφυκὸσιν,
2916 3546 3086 3610 οὕτως
3111 3546 3176 3599 ἂν
3208 3546 3291 3615 εἴη
3320 3546 3413 3598 καὶ
3430 3548 3458 3598 ὁ
3476 3546 3574 3614 τῆς
3595 3542 3815 3611 ἀγάπης
3839 3544 3934 3594 καὶ
3954 3542 4047 3610 τῆς

2472 3640 2691 3711 εἰρήνης
2710 3637 3021 3707 σύνδεσμος,
3038 3651 3100 3687 συ
3111 3636 3312 3706 μιρυῖαν
3328 3632 3448 3685 τινὰ
3463 3637 3556 3685 καὶ
3571 3631 3761 3684 ἕνωσιν
3777 3630 3885 3682 τῶν
3899 3643 4049 3680 πνευ-

2476 3730 2717 3802 ματικῶν
2734 3729 2932 3782 ὀστέων
2961 3730 3018 3780 ἐν
3044 3731 3109 3799 τῇ
3127 3725 3422 3795 Ἐκκλησία.
3444 3724 3537 3777 τοῦ
3556 3723 3687 3777 Θεοῦ
3711 3720 4046 3791 κατεργαζό-

2477 3840 2653 3894 μενος.
2674 3823 2744 3874 Πε
2756 3823 2805 3892 ρὶ
2826 3821 3027 3874 τούτων
3049 3820 3157 3872 τῶν
3176 3820 3377 3871 ὀστέων
3402 3817 3510 3871 τῶν
3530 3815 3803 3887 λυομένων
3826 3812 3935 3866 ἀπὸ
3954 3813 4049 3881 τῆς

2475 3912 2754 3984 ἁρμονίας,
2770 3914 2862 3965 καὶ
2877 3910 3038 3964 οἱονεὶ
3055 3908 3215 3981 ἐξάρθ
3225 3927 3331 3979 ρων
3351 3907 3669 3979 γινομένων,
3691 3906 3855 3975 φησὶν
3870 3907 3899 3958 ὁ
3916 3905 3961 3957 ΙΙ
3969 3920 4040 3974 ρο-

2476 4006 2654 4075 φήτης
2674 4021 2686 4034 ·
2715 4002 3271 4070 Διεσκορπίσθησαν
3295 4000 3404 4071 (40)
3430 3998 3503 4053 τὰ
3530 3998 3680 4052 ὀστᾶ
3702 3996 3874 4067 ἡμῶν
3895 3994 4049 4063 παρὰ

2475 4098 2583 4150 τὸν
2619 4096 2793 4163 ᾅδην.
2824 4096 2931 4149 Καὶ
2962 4095 3055 4148 ὲάν
3082 4093 3211 4147 ποτέ
3239 4109 3299 4161 γε
3346 4091 3554 4163 ταραχὴ
3602 4088 3740 4145 αὐτὰ
3778 4088 3872 4142 καὶ
3915 4104 4049 4158 κρα-

2476 4191 2679 4260 δασμὸς
2710 4188 3012 4260 καταλάϐῃ,
3051 4188 3340 4257 εὐχόμενος
3369 4184 3511 4253 λέγει
3532 4200 3545 4213 ·
3583 4182 3775 4238 Ἴασαί
3792 4199 3871 4252 με
3895 4220 3909 4242 ,
3940 4180 4051 4233 Κύ-

2468 4300 2581 4348 ριε,
2608 4282 2694 4333 ὅτι
2732 4280 3026 4346 ἐταράχθη
3052 4280 3123 4332 τὰ
3151 4278 3299 4331 ὀστᾶ
3320 4296 3456 4345 μου.
3495 4277 3660 4328 Ὅταν
3691 4275 3745 4327 δὲ
3778 4272 3925 4342 σώζῃ
3955 4271 4049 4339 τὴν

2475 4372 2676 4424 οἰκείαν
2717 4369 2997 4440 ἁρμονίαν,
3032 4369 3403 4437 φυλαττόμενα
3434 4365 3539 4417 ὑπὸ
3566 4365 3657 4417 τοῦ
3679 4364 3906 4433 Κυρίου,
3932 4360 4049 4411 οὐδὲ

2475 4466 2532 4517 ἓν
2566 4464 2743 4517 αὐτῶν
2779 4462 3223 4533 συντριϐήσεται,
3255 4459 3366 4513 ἁλλ’
3400 4457 3527 4523 ἄξιά
3564 4459 3679 4509 ἐστι
3724 4454 3880 4520 δόξαν
3926 4454 4051 4504 ἀνα-

2477 4558 2661 4627 φέρειν
2707 4554 2785 4623 τῷ
2824 4552 2961 4622 Θεῷ.
3009 4551 3210 4605 Πάντα
3254 4550 3398 4618 γὰρ,
3433 4547 3585 4617 φησὶ,
3631 4546 3702 4599 τὰ
3736 4542 3886 4598 ὀστᾶ
3932 4560 4049 4611 μου

802 4646 1087 4701 naturam?
1116 4644 1387 4700 Fortassis
1421 4655 1602 4696 autem
1629 4640 1867 4695 Ecclesia
1898 4638 2070 4707 possit
2098 4638 2281 4691 dicere
2308 4638 2367 4689 ilo
2404 4633 2444 4685 D
2473 4662 2484 4696 ι

2404 4633 2444 4685 Ῑ)
2473 4644 2675 4711 ἐροῦσι
2697 4661 2708 4673 ·
2737 4644 2932 4710 Κύριε,
2965 4642 3140 4708 Κύριε
3161 4678 3176 4701 ,
3222 4640 3312 4705 τίς
3336 4638 3446 4707 (Μ)
3490 4637 3691 4707 ὅμοιός
3729 4650 3829 4689 σοι
3848 4650 3865 4695 ;
3898 4628 4050 4693 Εἶδες

869 4787 913 4817 ⁸⁷
947 4785 1119 4839 Eccle.
1156 4799 1217 4846 tt,
1261 4784 1347 4838 N.
1419 4783 1463 4815 ’⁸
1490 4781 1631 4836 Psal.
1659 4797 1811 4843 xvm,
1841 4779 1894 4833 9.

804 4855 1043 4911 ‘Jerem.
1074 4872 1148 4919 tv,
1174 4854 1260 4909 19.
1336 4854 1356 4885 ³
1393 4853 1550 4907 Prov.
1586 4868 1664 4916 ιιι,
1693 4852 1781 4905 ‘25.

878 4977 991 5047 ('56)
1025 4975 1117 5047 Sic
1159 4991 1291 5029 mss.
1325 4985 1554 5047 septem.
1587 4974 1767 5026 Editio
1802 4972 1979 5027 Paris.
2010 4970 2198 5042 ὥσπερ
2222 4972 2249 5022 ὁ
2283 4970 2375 5023 ἄν·

803 5045 1018 5119 θρωπος
1034 5046 1250 5112 λέγεται
1279 5048 1312 5116 ἡ
1338 5046 1503 5115 ψυχή.
1538 5053 1642 5119 etc.

879 5118 991 5187 (37)
1019 5110 1165 5170 Satis
1205 5110 1499 5169 verisimile
1541 5114 1710 5187 videri
1744 5122 1922 5187 potest
1972 5112 2110 5187 μέρη
2147 5128 2241 5179 pro
2277 5110 2375 5187 μέτ

806 5189 870 5259 λη
895 5181 1191 5257 Ἰεέριιόιιιιι
1218 5202 1357 5240 esse.
1386 5189 1524 5254 Apte
1555 5185 1696 5259 enim
1724 5186 1977 5259 dicimus,
2004 5182 2186 5259 Partes
2214 5181 2377 5259 animi

803 5251 1083 5325 praecipua:
1116 5270 1134 5308 :
1174 5273 1276 5311 non
1311 5251 1455 5325 apte,
1494 5255 1689 5325 necde
1726 5269 1899 5311 more.
1930 5251 2162 5325 Membra
2192 5251 2374 5325 animi

804 5320 1091 5397 pra'cipua.
1129 5320 1503 5396 (Ionject'uram
1530 5324 1771 5392 adjuvat,
1802 5322 1945 5397 quod
1978 5321 2273 5397 Qornarius
2295 5320 2372 5397 ita

808 5390 1003 5467 legisse
1046 5390 1313 5464 putandus
1361 5398 1451 5458 sit,
1483 5390 1607 5448 cum
1656 5394 1884 5467 verterit
1920 5405 1932 5439 :
1992 5390 2182 5467 Partes.
2208 5390 2372 5453 ipsius

812 5460 1073 5543 [autsima-j'.
1104 5469 1235 5543 Cum
1269 5476 1453 5543 tamen
1482 5467 1570 5543 hic
1607 5473 1798 5543 agatur
1832 5461 1898 5543 de
1929 5460 2373 5541 nornine'itnpro-

852 5542 930 5593 rio
957 5550 1007 5594 et
1034 5526 1337 5609 Jc’quivoco,
1372 5535 1589 5609 dubium
1624 5526 1733 5609 non
1763 5530 2203 5609 habentushquin
2239 5526 2372 5598 μέλη

852 5556 930 5593 rio
957 5555 1007 5594 et
1052 5555 1337 5609 c’qutvoco,
1372 5555 1589 5591 Uthum
1625 5555 1727 5586 nun
1763 5555 2043 5591 uaucmua,
2076 5555 2203 5596 qum
2239 5555 2372 5598 μεωι

808 5555 917 5667 Eoo
948 5612 1063 5665 loco
1097 5611 1195 5680 legi
1241 5616 1508 5680 Oporteat.
1542 5604 1763 5680 Accedit
1790 5602 1933 5670 quod
1977 5598 2116 5669 μέλη
2143 5600 2193 5651 in
2244 5613 2372 5651 mss.

814 5683 1037 5751 perinde
1064 5676 1222 5747 atque
1252 5676 1303 5731 in
1336 5679 1497 5751 editis
1528 5676 1845 5751 reperiatur.

882 5752 992 5819 (38)
1055 5738 1189 5803 Editi
1239 5758 1290 5801 et
1345 5749 1472 5815 Ριρδ.
1533 5738 1760 5819 quartus
1810 5743 1980 5819 év-zﬁ
2032 5738 2377 5819 κεφαλῇ-Αἱ

813 5809 942 5875 mss.
978 5809 1233 5890 'quinqne
1286 5830 1340 5890 et
1377 5809 1566 5890 ed'itio'
1595 5816 1833 5890 Romana
1892 5809 2222 5890 ὲνκεφαλῇ.
2253 5809 2375 5890 Mox

813 5894 942 5946 editi
996 5878 1384 5962 λέγει’ὀμοίως
1435 5888 1555 5950 τούς
1606 5901 1662 5937 τε
1712 5884 1809 5953 τῆς
1871 5882 2070 5951 σαρκὸς
2135 5878 2225 5931 καὶ
2270 5878 2375 5947 ψυ-

2000 4780 2043 4810 "
2082 4777 2215 4831 an.
2249 4794 2366 4837 VIII,
2407 4778 2460 4832 8.

1860 4852 1879 4880 ⁸
1903 4849 2043 4903 Psal.
2074 4864 2196 4912 CXL,
2231 4848 2281 4903 7.
2356 4850 2375 4879 ⁷
2416 4849 2555 4904 Psal.
2589 4865 2662 4913 vt,
2703 4851 2756 4903 ’5.

2543 4780 2554 4809 ¹
2586 4781 2688 4835 Isa.
2717 4795 2846 4841 mi,
2881 4778 2965 4831 18.
3025 4779 3045 4808 ¹
3073 4777 3210 4831 Psal.
3244 4791 3431 4840 cxvttt,
3479 4774 3598 4828 151.
3679 4772 3699 4803 ³
3722 4769 3863 4825 Psal.
3890 4785 3970 4831 Ill,
3995 4769 4045 4824 8.

2832 4850 2852 4880 ⁸
2884 4850 3000 4903 Ρ-ἰι
3050 4863 3234 4905 xxxrv.
3270 4846 3355 4901 l8.

2484 4973 2606 5042 χῆε.
2637 4973 2706 5033 At
2736 4988 2863 5027 mss.
2900 4982 3102 5039 septem
3135 4971 3231 5031 ita,
3270 4980 3328 5023 ut
3356 4973 3620 5042 edendum
3652 4981 3984 5042 curavimus.

2556 5044 2669 5110 (59)
2700 5044 2856 5096 Deest
2900 5033 3015 5093 ὲστί
3051 5043 3102 5093 in
3135 5042 3319 5093 multis
3364 5053 3491 5110 mss.
3527 5036 3664 5110 ΔΜοτ
3714 5036 3845 5110 ed_iti
3880 5033 4053 5102 οἰκεία

2482 5104 2725 5183 δυνάμει.
2779 5116 2844 5164 At
2896 5129 3031 5183 mss.
3052 5121 3254 5183 septem
3282 5109 3456 5180 οἰκείᾳ
3490 5106 3722 5183 εὐτονίᾳ.
3751 5104 4053 5183 dicente-rc

2488 5187 2591 5238 tius
2618 5173 2692 5254 ’τῇ
2725 5183 2831 5253 ἰδία
2861 5182 3094 5251 εὐτονίᾳ.
3114 5173 3247 5254 ’Νρρ
3281 5183 3353 5254 ita
3396 5173 3563 5254 illiillo
3594 5173 3717 5243 post
3743 5173 4051 5254 idem‘ﬂea.

2485 5244 2692 5309 tertius"
2715 5244 2836 5308 cum
2888 5244 3125 5306 editione
3171 5250 3335 5305 Basil.
3392 5248 3648 5301 δύνανται
3700 5244 3809 5297 τῶν
3857 5244 4051 5297 ἀδυνά-

2479 5341 2585 5376 των
2594 5364 2606 5376 .

2550 5394 2661 5461 (40)
2686 5392 2755 5444 Ita
2788 5407 2919 5445 mss.
2970 5407 3086 5445 sex.
3123 5391 3263 5444 Etliti
3300 5400 3353 5444 et.
3397 5388 3547 5444 Colb.
3586 5388 3809 5461 quintus
3839 5380 4055 5461 et_LXX

2480 5452 2891 5533 διεσκορπίσθη.
2926 5461 3121 5515 Statim
3173 5476 3306 5516 mss.
3338 5461 3581 5530 quinque
3606 5452 3739 5509 itote
3772 5471 3858 5515 γε.
3895 5452 4056 5509 Deest

2517 5551 2542 5585 ε
2577 5534 2627 5585 in
2657 5534 2839 5586 editis.

2480 5551 2542 5602 γε
2577 5551 2627 5585 tn
2657 5551 2839 5586 emus.

2554 5603 2666 5671 (41)
2702 5603 2839 5655 Editi
2879 5611 2932 5655 et
2991 5600 3528 5671 Colbertiniitertins
3583 5608 3637 5650 et
3682 5607 3901 5671 quintus
3935 5606 4053 5671 cum

2481 5664 2657 5730 Coisl.
2676 5672 2868 5743 Κύριε,
2920 5674 3113 5743 Κύριε,
3143 5667 3617 5743 τίςη-νοιιΑΚύριε
3660 5664 3829 5743 semel
3861 5664 4058 5743 legi-tur

2487 5748 2537 5799 in
2561 5743 2721 5805 LXX,
2756 5734 2809 5797 et
2841 5734 2891 5796 in
2932 5734 3053 5795 aliis
3091 5734 3219 5793 mss.
3254 5740 3363 5796 Nec
3387 5734 3637 5795 dissentit
3660 5734 4053 5805 VulgatafDm

2484 5817 2641 5880 mine,
2672 5816 2788 5882 quis
2825 5814 3011 5867 similis
3060 5812 3197 5866 tibi?
