4260 6528
256 486 367 544 εδδ
1383 484 1662 540 ιιοιιτιλλ
1703 482 1768 537 IN
1811 477 1934 534 PSA

1819 474 2143 534 PSALMUM
2185 475 2421 534 XXXIII.
3399 474 3501 530 386

260 601 494 670 λογικῶν
510 615 710 655 οστεων
735 616 926 669 φυσιν;
958 599 1110 670 Τάχα
1125 599 1251 656 δ’άν
1277 600 1436 653 τοῦτο
1463 601 1496 670 ἡ
1541 595 1832 668 Ἐκκλησία
1864 611 1909 666 Α
1938 592 1942 642 |

1819 612 1832 645 t
1864 611 1909 666 Α
1938 592 2048 655 Ind,
2075 590 2264 644 Omnia
2281 607 2398 643 ossa
2421 606 2534 644 utea
2559 588 2757 653 dicent,
2781 588 3073 643 secundum
3093 588 3501 642 resurrectionis

259 695 438 765 λέγοι,
493 695 585 758 τὸ,
623 692 823 746 Πάντα
858 693 928 746 τὰ
966 692 1115 747 ὀστᾶ
1151 711 1270 761 μου
1316 691 1549 759 ἐροῦσι,
1599 691 1742 746 κατὰ
1775 687 1836 740 τὸ

1819 690 1836 740 5
1943 682 2282 752 mysterium.
2323 679 2448 732 Ha'c
2480 683 2639 743 enim,
2683 678 2875 748 inquit,
2909 679 3035 730 dicit
3081 679 3330 730 Dominus
3369 681 3501 733 osti-

257 788 356 858 τῆς
385 785 732 846 ἀναστάσεως
763 785 1074 858 μυστήριον.
1122 784 1266 838 Τάδε
1309 782 1452 850 γύρ,
1489 783 1640 852 φησι,
1675 780 1835 848 λέγει
1937 807 1939 823 ι

1821 797 1835 830 ι
1937 777 2029 827 bus
2057 773 2175 826 his'
2198 817 2210 827 .
2241 769 2375 824 Ecce
2393 788 2484 840 ego
2514 773 2624 841 [ero
2663 771 2716 825 in
2751 787 2838 826 vos
2863 771 3104 837 spiritum
3124 771 3259 832 vitm,
3284 782 3330 821 et
3365 771 3501 822 dabo

258 881 475 945 Κύριος
511 876 635 942 τοῖς
654 875 887 943 ὀστέοις
914 880 1146 942 τούτοις
1167 894 1179 906 ·
1231 875 1377 928 Ἰδοὺ
1419 875 1532 944 ἐγὼ
1561 876 1718 944 φέρω
1753 875 1841 937 εις
1936 888 1940 916 λ

1815 892 1841 937 ς
1936 881 2092 932 super
2135 881 2221 918 uos
2272 880 2477 926 nervos,
2512 873 2561 915 et
2596 866 2839 916 reducam
2891 876 3046 928 super
3087 878 3172 913 nos
3209 877 3409 919 carnes,
3448 871 3497 912 et

256 967 413 1038 ὑμᾶς
434 968 546 1039 (ιε)
574 969 808 1038 πνεῦμα
828 968 996 1037 ζωῆς,
1021 969 1118 1022 καὶ
1145 966 1317 1020 δώσω
1335 968 1428 1035 ἐφ’
1451 968 1600 1036 ὑμᾶς
1635 966 1841 1032 νεῦρα.
1936 978 1938 985 ‘

1825 1002 1841 1024 ,
1936 957 2134 1015 vinetis.
2164 967 2211 1010 et
2243 955 2562 1026 cognoscetis
2589 958 2727 1024 quod
2759 969 2852 1021 ego
2898 970 3012 1006 sum
3057 952 3331 1004 Dominus.
3378 952 3501 1005 llaec

255 1059 358 1111 καὶ
388 1058 590 1123 ἀνάξω
631 1059 723 1128 ἐφ’
768 1057 924 1127 ὑμᾶς
966 1056 1198 1124 σάρκας
1255 1056 1400 1125 (45),
1428 1058 1521 1110 καὶ
1565 1056 1841 1121 ζήσεσθε,

1816 1071 1841 1116 ·,
1940 1050 2119 1118 itaque
2164 1064 2312 1112 ossa,
2368 1057 2644 1114 resumpta
2689 1046 2819 1108 vita,
2863 1045 3275 1100 resurrectionis
3317 1059 3498 1096 eorum

255 1149 359 1200 καὶ
405 1149 729 1218 γνώσεσθε,
781 1149 870 1201 ὅτι
911 1147 1026 1216 ἐγώ
1080 1150 1197 1215 εἰμι
1240 1149 1471 1214 Κύριος.
1523 1147 1709 1201 Ταῦτα
1748 1139 1844 1197 οὖν

1819 1162 1844 1196 ν
1943 1141 2148 1194 aut-tori
2196 1144 2396 1208 gratias
2442 1138 2828 1209 persolventia,
2860 1136 3038 1192 dicent
3073 1154 3088 1190 :
3124 1137 3365 1199 Domine,
3398 1135 3501 1187 Do-

253 1241 323 1294 τά
360 1241 512 1302 ὀστᾶ,
553 1240 895 1294 ἀπολαϐόντα
941 1238 1039 1308 τὴν
1085 1238 1257 1308 ζωὴν,
1289 1239 1713 1310 εὑχαριστοῦντα
1757 1235 1838 1306 τῷ

958 1238 1039 1308 τὴν
1085 1238 1257 1308 ζωὴν,
1289 1239 1713 1310 εὑχαριστοῦντα
1757 1235 1838 1306 τῷ
1945 1235 2110 1290 mine.
2135 1233 2250 1303 quis
2282 1233 2469 1286 similis
2503 1232 2640 1285 tibi.’

252 1335 642 1405 ἁναστήσαντι,
692 1332 910 1404 ἐροῦσι·
972 1335 1182 1401 Κύριε,
1232 1334 1427 1400 Κύριε,
1495 1337 1586 1401 τίς
1640 1332 1844 1402 ὅμοιός
1883 1345 1980 1383 σοι
2015 1328 2171 1398 (44);

329 1427 413 1482 14.
432 1426 698 1500 Ἀκριδῶς
729 1428 1050 1500 πρόσκειται
1073 1429 1153 1491 τὸ,
1170 1428 1436 1496 Θάνατος
1463 1427 1827 1501 ἁμαρτωλῶν

249 1518 515 1585 πονηρός
533 1533 548 1547 ⁸
587 1517 720 1571 διότι
745 1518 860 1572 ἐστί
894 1537 978 1583 τις
1007 1519 1100 1573 ἐπὶ
1126 1519 1234 1572 τῶν
1261 1520 1480 1575 δικαίων
1514 1522 1742 1584 Θάνατος
1763 1521 1825 1572 οὐ

250 1607 488 1678 πονηρὸς
516 1607 614 1680 τὴν
645 1609 828 1679 φύσιν,
858 1610 973 1664 ἀλλ’
1008 1611 1228 1680 ἀγαθός.
1263 1613 1323 1664 Oi
1364 1614 1470 1686 γάρ
1515 1613 1826 1666 συναποθα-

250 1698 435 1762 νόντες
469 1698 548 1770 τῷ
579 1700 797 1772 Χριστῷ
839 1702 896 1754 ὲν
930 1701 1120 1772 ἀγαθῷ
1158 1702 1371 1773 Θανάτῳ
1410 1706 1700 1772 γεγόνασι⁶
1732 1703 1826 1757 καὶ

247 1793 299 1843 οί
324 1790 686 1855 ἀποθανόντες
715 1795 778 1863 τῇ
812 1793 1055 1864 ἁμαρτία
1095 1794 1187 1847 τὸν
1210 1795 1408 1863 ἀγαθὸν
1438 1799 1530 1849 καὶ
1559 1796 1823 1868 σωτήριον

248 1882 658 1953 άποτεθνήκασι
693 1883 944 1940 θάνατον.
1001 1886 1056 1939 Ὀ
1103 1887 1284 1956 μέντοι
1338 1888 1446 1940 τῶν
1487 1890 1826 1960 ἁμαρτωλῶν

249 1974 508 2043 πονηρός.
548 1975 861 2046 Διαδέχεται
894 1975 1001 2049 γάρ
1035 1978 1232 2041 αὐτοὺς
1262 1981 1294 2048 ἡ
1326 1979 1436 2048 (45)
1479 1982 1716 2046 κόλασις,
1751 1979 1826 2044 ὼς

249 2063 456 2116 καὶτὸν
486 2064 737 2120 πλούσιον
764 2068 854 2119 τὸν
882 2067 1226 2137 ἐνδεδυμένον
1261 2070 1547 2140 πορφύραν
1576 2075 1669 2124 καὶ
1701 2072 1829 2142 βύσ-

251 2170 364 2216 σον,
397 2156 488 2208 καὶ
530 2157 953 2227 εὐφραινόμενον
995 2157 1117 2213 καθ’
1152 2158 1361 2231 ἡμέραν
1393 2159 1678 2232 λαμπρῶς.
1715 2161 1827 2216 Καὶ

248 2248 305 2296 οἱ
352 2247 679 2314 μισοῦντες
723 2248 831 2301 τὸν
873 2249 1107 2303 δίκαιον
1151 2251 1716 2320 πλημμελήσουσιν.
1763 2252 1826 2304 Oi

249 2337 345 2389 καὶ
378 2337 465 2390 διά
490 2338 550 2391 τὸ
576 2342 632 2392 ὲν
666 2340 1063 2411 πλημμελείαις
1098 2343 1196 2413 ζῇν
1232 2342 1449 2413 μισοῦσι
1477 2344 1567 2396 τὸν
1597 2344 1823 2398 δίκαιον·

247 2429 326 2492 ὡς
367 2429 472 2484 ὑπὸ
501 2431 598 2502 τῆς
634 2435 691 2485 ἐν
722 2433 798 2504 τῷ
828 2435 1012 2488 κανόνι
1055 2434 1370 2506 εὐθύτητος,
1400 2435 1478 2506 τῷ
1508 2435 1695 2507 τρόπῳ
1731 2435 1825 2490 τοῦ

245 2519 490 2587 δικαίου,
543 2523 716 2588 οὕτως
753 2527 908 2579 αὐτοὶ
951 2530 1015 2596 τῇ
1065 2529 1362 2598 παραθέσει
1412 2527 1506 2580 τοῦ
1559 2527 1825 2597 βελτίονος

248 2613 613 2684 ἐλεγχόμενοι.
646 2617 756 2668 Καὶ
780 2616 913 2670 διότι
940 2619 998 2670 ἐν
1021 2618 1319 2688 ἁμαρτίαις
1345 2616 1500 2681 ζῶσι,
1526 2619 1824 2688 μισητικῶς

245 2702 490 2770 διάγουσι
532 2705 665 2775 πρὸς
708 2706 797 2758 τὸν
829 2706 1036 2760 δίκαιον
1083 2709 1233 2778 φόϐῳ
1283 2708 1388 2762 τῶν
1424 2709 1695 2779 ὲλέγχωνο
1734 2710 1826 2763 καὶ

243 2794 380 2847 διότι
406 2796 642 2865 μισοῦσι,
666 2799 826 2852 πάλιν
851 2799 1148 2872 ἁμαρτίαις
1169 2802 1392 2865 ἑαυτοὺς
1417 2803 1821 2873 περιϐάλλουσι.

245 2885 448 2938 Ιιολλαὶ
483 2890 589 2959 γὰρ
633 2891 690 2942 αἱ
726 2891 1029 2961 προφάσεις
1072 2893 1138 2945 δι’
1173 2893 1239 2955 ἃς
1282 2893 1349 2946 ἂν
1384 2893 1636 2965 μισηθείη
1683 2897 1712 2948 6
1747 2894 1824 2947 δί-

245 2995 433 3041 καιος·
464 2980 497 3050 ἥ
540 2998 599 3033 τε
637 2983 920 3054 παρρησία
951 2986 981 3053 ἡ
1019 2985 1077 3036 ὲν
1121 2987 1233 3046 τοῖς
1261 2985 1372 3054 (46)
1407 2985 1674 3055 ἐλέγχοις.
1723 2985 1822 3039 Mt-

247 3069 402 3123 σοῦσι
430 3070 538 3142 γάρ
565 3073 622 3124 ὲν
653 3073 849 3136 πύλαις
879 3074 1191 3144 ἐλέγχοντα,
1219 3075 1314 3130 κα)⁸
1342 3077 1498 3145 λόγον
1527 3077 1670 3130 ὅσιον
1704 3076 1824 3147 βδε-

244 3159 554 3216 λύσσονται.
607 3165 718 3217 Καὶ
764 3166 796 3235 ὴ
849 3165 1190 3238 φιλοπρωτία
1238 3167 1294 3220 δὲ
1345 3169 1439 3220 καὶ
1473 3171 1506 3238 ἠ
1565 3169 1824 3241 φιλαρχία
1853 3218 1894 3274 C

245 3254 475 3319 πολλοὺς
508 3257 754 3326 ἐκίνησεν
784 3260 863 3321 είς
885 3259 943 3311 τὸ
974 3263 1152 3329 μισεῖν
1184 3263 1310 3324 τοὺς
1340 3262 1680 3332 κρείττονας·
1713 3264 1825 3317 ἔσθ’

243 3342 335 3393 δτε
368 3342 423 3396 δὲ
455 3345 548 3396 καὶ
591 3344 782 3412 ἄγνοια
811 3347 903 3399 τοῦ
937 3350 1064 3419 περὶ
1110 3349 1203 3402 τοῦ
1246 3349 1455 3403 δικαίου
1501 3352 1680 3420 λόγου,
1733 3355 1826 3406 καὶ

244 3433 361 3499 τοῦ,
393 3436 475 3498 τίς
500 3438 527 3488 6
556 3437 760 3502 δίκαιος
791 3439 922 3508 (47).
953 3442 1215 3509 Θάνατος
1251 3444 1613 3512 ἁμαρτωλῶν
1642 3460 1826 3514 πονη-

237 3527 372 3593 ρός.
426 3529 494 3581 Ἥ
541 3530 633 3583 καὶ
676 3532 774 3600 τὴν
820 3530 963 3602 ζωὴν
1009 3534 1225 3587 ἃπασαν
1259 3534 1486 3588 θάνατον
1533 3537 1822 3606 ὀνομάζει·

245 3615 381 3669 διότι
431 3617 525 3688 τὴν
573 3619 751 3691 σάρκα
797 3621 1000 3691 ταύτην
1049 3623 1276 3677 θάνατον
1321 3626 1757 3698 προσηγόρευσεν
1797 3630 1826 3682 δ

259 3710 596 3775 Ἀπόστολος,
638 3711 806 3764 εἰπών
827 3731 840 3743 ο
877 3716 971 3781 Τίς
1007 3734 1083 3784 με
1099 3717 1351 3783 ῥύσεται
1382 3718 1449 3771 ἐκ
1486 3718 1591 3772 τοῦ
1623 3719 1823 3789 σώμα-

243 3819 348 3868 τος
379 3803 484 3856 τοῦ
520 3804 780 3859 θανάτου
819 3809 1069 3870 τούτου;
1099 3811 1160 3862 Oi
1190 3810 1246 3863 δὲ
1280 3810 1465 3872 κακῶς
1499 3813 1824 3883 κεχρημένοι

242 3893 322 3963 τῷ
353 3893 564 3964 σώματι
589 3896 781 3967 τούτῳ,
817 3899 910 3950 καὶ
940 3899 1118 3970 πάσης
1154 3901 1428 3970 ἁμαρτίας
1457 3902 1587 3955 αὐτὸ
1621 3904 1825 3976 ὑπηρε-

245 3986 370 4036 σίαν
399 3986 742 4057 ποιούμενοι,
775 3990 1005 4059 πονηρὸν
1033 3993 1243 4054 ἑαυτοῖς
1279 3993 1371 4045 τὸν
1402 3993 1630 4046 θάνατον
1658 4012 1826 4048 κατα-

244 4075 591 4137 σκευάζουσι.
646 4078 1017 4146 Λιντρὼσεται
1063 4082 1277 4149 Κύριος
1331 4083 1534 4150 ψυχὰς
1585 4084 1820 4138 δούλων

240 4167 452 4229 αὐτοῦ,
488 4169 582 4220 καὶ
625 4172 694 4222 οὺ
729 4170 815 4240 μὴ
861 4174 1364 4242 πλημμελήοόυοί
1394 4173 1614 4242 πάντες
1641 4179 1695 4230 ol
1724 4175 1820 4230 ἐλ-

241 4253 515 4320 πίζοντες
562 4258 654 4309 ἐπ’
697 4260 857 4324 αὐτῷ
892 4261 1025 4332 (t8).
1090 4263 1306 4334 Ἐπειδὴ
1360 4264 1670 4334 κατείχοντο
1717 4265 1821 4319 ὑπὸ

239 4351 341 4420 τὴν
368 4351 746 4420 αἰχμαλωσίαν
789 4355 883 4407 τοῦ
918 4355 1112 4425 ἐχθροῦ
1155 4358 1202 4408 οἱ
1236 4356 1547 4420 κτισθέντες
1587 4357 1695 4426 (49)
1729 4358 1821 4410 ἐπὶ

2009 1426 2094 1480 ﬂ.
2117 1427 2384 1479 Accurate
2408 1421 2675 1492 adjectum
2703 1430 2784 1476 est
2811 1440 2825 1476 :
2852 1421 3020 1477 Vens.
3040 1420 3131 1474 ΞΩ.
3158 1419 3301 1473 Mors
3323 1437 3505 1488 pecca-

1931 1531 2104 1574 torum
2144 1519 2307 1572 mala.
2337 1516 2470 1571 Nam
2503 1525 2585 1570 est
2613 1516 2852 1585 quaedam
2893 1531 3038 1572 mors
3066 1515 3359 1584 justorum,
3400 1531 3502 1566 Ita-

1934 1619 2053 1664 tura
2084 1627 2186 1665 non
2219 1614 2379 1673 mala,
2411 1608 2503 1663 sed
2532 1607 2692 1661 bona.
2723 1605 2822 1673 Qui
2847 1607 2990 1662 enim
3016 1606 3232 1660 Christo
3259 1617 3505 1660 commo~

1935 1705 2167 1768 riuntur,
2210 1701 2262 1756 in
2301 1701 2440 1756 bona
2476 1706 2650 1754 morte
2698 1709 3017 1762 versantur;
3068 1705 3120 1750 et
3158 1697 3246 1766 qui
3298 1695 3499 1750 mortui

1934 1801 2068 1847 sunt
2107 1802 2351 1863 peccato.
2384 1795 2521 1848 bona
2563 1807 2624 1846 ac
2650 1789 2870 1846 salutari
2918 1800 3088 1845 morte
3120 1790 3311 1846 mortui
3350 1799 3497 1843 sunt.

1933 1887 2001 1940 At
2036 1901 2163 1941 vero
2207 1896 2549 1956 peccatorum
2597 1899 2745 1939 mors
2789 1883 2930 1938 mala
2971 1893 3074 1938 est.
3109 1883 3318 1950 Excipit
3349 1884 3495 1937 enim

1935 1976 2057 2032 illos
2098 1976 2442 2046 supplicium,
2509 1975 2660 2044 juxta
2711 1985 2874 2046 atque
2914 1975 3130 2030 divitem
3168 1991 3398 2044 purpura
3446 1984 3501 2028 et

1933 2069 2092 2140 bysso
2120 2068 2384 2131 indutum,
2414 2075 2467 2122 et
2490 2065 2714 2136 singulis
2747 2066 2934 2120 diebus
2960 2065 3238 2134 splendide
3272 2065 3498 2131 epulan-

1935 2172 2040 2215 tem
2076 2160 2139 2214 ‘°.
2172 2159 2236 2213 Et
2262 2162 2354 2231 qui
2380 2161 2599 2213 oderunt
2629 2158 2837 2228 justum
2862 2158 3182 2227 delinquent.
3223 2157 3322 2223 Qui
3356 2159 3497 2224 quod

1937 2255 1986 2309 itt
2040 2253 2248 2308 delictis
2301 2252 2505 2316 vivunt,
2551 2250 2676 2305 odio
2733 2251 2932 2304 habent
2977 2249 3183 2317 justum
3233 2265 3247 2301 :
3301 2248 3499 2317 quippe

1935 2345 2171 2401 moribus
2198 2342 2328 2411 justi
2363 2352 2615 2411 tanquam
2662 2339 2859 2409 regulae
2902 2339 3220 2393 rectitudine
3271 2337 3357 2391 isti
3422 2338 3495 2388 ita

1933 2438 2346 2505 redarguuutur.
2401 2433 2639 2488 melioris
2690 2432 2896 2486 scilicet
2943 2431 3367 2500 comparatione.
3430 2429 3498 2480 Et

1931 2527 2185 2597 quoniam
2233 2526 2286 2579 in
2355 2523 2590 2593 peccatis
2649 2523 2870 2588 vivunt,
2925 2523 3049 2576 odio
3101 2534 3499 2590 prosequuntur

1927 2618 2166 2686 justum.
2200 2626 2419 2686 propter
2464 2614 2894 2684 nbjurgationum
2944 2616 3190 2666 timorem
3226 2630 3239 2666 :
3277 2623 3330 2667 et
3373 2613 3496 2681 quia

1931 2709 2188 2767 oderunt.
2221 2710 2412 2761 iterum
2442 2721 2560 2759 sese
2585 2708 2818 2774 peccatis
2837 2706 3136 2758 involvunt.
3158 2705 3334 2759 Malim
3351 2705 3495 2759 enim

1931 2810 2053 2853 sunt
2087 2814 2283 2860 causa},
2310 2796 2378 2850 ob
2411 2797 2741 2866 quasjustus
2771 2795 2894 2848 odio
2923 2790 3496 2858 habeatur{nimirum

1931 2891 2017 2945 illa
2057 2889 2409 2960 redarguendi
2444 2889 2686 2942 libertas.
2727 2887 2861 2940 Odio
2895 2889 3035 2942 enim
3078 2888 3273 2941 habent
3308 2886 3493 2940 redar-

1929 2993 2176 3053 guentein
2208 2984 2259 3036 in
2291 2983 2460 3052 portis
2487 2982 2551 3042 “,
2574 2989 2627 3035 et
2653 2996 2960 3036 sermonem
3003 2989 3248 3034 sanctum
3281 2979 3494 3034 abomi-

1930 3086 2127 3130 nantur
2150 3077 2214 3126 ι’.
2253 3073 2487 3127 Ambitio
2522 3073 2644 3124 item
2673 3074 2870 3140 prioris
2899 3074 3022 3136 loci,
3053 3074 3498 3142 priueipatusque

1931 3168 2213 3237 cupiditas,
2266 3167 2554 3220 multorum
2615 3165 2777 3235 158
2832 3167 2952 3220 odia
2991 3167 3040 3218 in
3097 3167 3498 3235 prastantiores

1927 3261 2302 3322 concitarunt;
2348 3275 2732 3328 nonnunquam
2771 3259 2934 3311 etiam
2985 3259 3283 3326 ignorantia
3340 3258 3498 3311 famze

1919 3355 2072 3422 justi,
2101 3363 2154 3407 et
2186 3355 2306 3423 quis
2334 3358 2401 3407 sit
2422 3355 2622 3423 justus.
2657 3350 2803 3404 Mors
2833 3363 3164 3415 peccatorum
3201 3352 3364 3404 uiola.
3391 3352 3502 3406 Aut

1922 3447 2085 3499 etiam
2112 3448 2276 3498 vitam
2301 3461 2538 3510 onmem,
2569 3453 2796 3497 mortem
2827 3443 3076 3512 appellat,
3105 3443 3244 3510 quod
3274 3458 3494 3495 carnem

1924 3537 2358 3607 hancApostolus
2399 3547 2624 3591 mortem
2654 3547 2885 3599 vocavut,
2920 3535 3103 3589 dicens
3126 3536 3170 3567 ¹³
3211 3557 3219 3588 ;
3260 3535 3389 3600 Quis
3419 3552 3500 3587 me

1925 3627 2166 3682 liberabit
2198 3629 2261 3681 de
2295 3645 2508 3696 corpore
2556 3627 2744 3680 mortis
2782 3629 2988 3695 hujus?
3034 3627 3134 3696 Qui
3178 3636 3352 3681 autem
3391 3627 3495 3681 hoc

1924 3735 2152 3788 corpore
2184 3719 2320 3774 male
2352 3731 2599 3784 utuntur,
2630 3718 2975 3789 cﬂiciuntque
3003 3729 3061 3772 ut
3090 3729 3312 3786 peccato
3338 3719 3489 3773 omni

1927 3810 2203 3872 inserviat,
2247 3811 2440 3865 malam
2478 3811 2578 3864 sibi
2619 3819 2843 3863 mortem
2872 3809 3375 3878 pra‘parantﬂens.
3402 3810 3493 3864 9.3.

1923 3898 2154 3953 Redimet
2198 3898 2449 3953 Dominus
2496 3901 2702 3952 animos
2731 3915 2998 3952 servarum
3033 3916 3272 3966 suorum,
3298 3910 3346 3953 et
3390 3917 3496 3953 non

1922 3991 2217 4059 delinquant
2250 4008 2425 4044 omnes
2451 3991 2539 4060 qui
2570 4001 2780 4059 sperant
2827 3991 2878 4042 in
2917 4007 2997 4042 eo.
3050 3989 3492 4059 Quandoquidem

1925 4082 1961 4136 ii
1991 4081 2081 4150 qui
2129 4080 2250 4134 ideo
2289 4081 2458 4134 creati
2498 4089 2654 4134 erant
2706 4091 2761 4132 ttt
2799 4077 3024 4132 Domino
3051 4080 3351 4142 servirent,
3396 4062 3496 4132 suh

1927 4172 2132 4227 inimici
2164 4174 2423 4226 servitute
2453 4173 2852 4234 detinebantur,
2887 4172 3099 4224 illorum
3130 4171 3340 4224 animas
3372 4187 3496 4239 pre-

1929 4265 2066 4318 tioso
2102 4279 2200 4317 suo
2229 4265 2492 4334 sanguine
2527 4265 2771 4318 redimet.
2809 4265 3142 4330 Quapropter
3191 4263 3370 4317 nullus
3408 4279 3499 4315 eo-

1929 4371 2045 4411 rum
2077 4357 2166 4424 qui
2195 4357 2246 4408 in
2283 4357 2456 4425 ipsum
2491 4365 2731 4424 sperant,
2766 4356 2816 4407 in
2851 4355 3058 4407 delictis
3090 4355 3410 4408 versabitur.

238 4444 318 4512 τῷ
350 4443 616 4497 δουλεύειν
643 4445 720 4515 τῷ
747 4448 950 4517 Κυρίῳ,
982 4448 1183 4500 τούτων
1214 4449 1311 4512 τὰς
1372 4449 1548 4520 ψυχὰς
1611 4448 1942 4521 λυτρώσεται
1984 4449 2062 4520 τῷ
2125 4449 2290 4520 τιμίῳ
2332 4447 2496 4502 αὑτοῦ
2532 4449 2744 4516 αἵματι.
2786 4447 2874 4499 Διὸ
2944 4447 3118 4509 οὐδεὶς
3153 4449 3209 4500 ἐν
3241 4447 3496 4519 πλημμε-

239 4537 417 4599 λείαις
450 4537 867 4610 ἐξετασθήσεται
905 4541 1012 4592 τῶν
1046 4541 1373 4605 ἐλπιζόντων
1415 4545 1500 4596 ἐπ’
1531 4543 1714 4598 αὐτόν.

314 4653 334 4682 ⁹
374 4652 567 4707 Ezech.
597 4669 803 4716 κεκτη,
833 4655 885 4716 5.
917 4655 968 4709 6.
1049 4656 1091 4686 ‘°
1135 4657 1264 4710 Luc.
1303 4673 1411 4721 xvi,
1450 4657 1511 4711 l9

319 4840 432 4912 (43)
467 4840 556 4912 Sic
587 4854 769 4912 Amss._
797 4854 984 4891 novem
1040 4852 1093 4912 et
1129 4841 1296 4912 editio
1344 4840 1504 4895 Basil.
1548 4843 1614 4894 At
1649 4840 1817 4896 editio

246 4909 668 4994 Pa‘ris..ttberius
695 4909 938 4994 ράρκας,
975 4910 1071 4994 καὶ
1097 4910 1298 4994 εκτενῶ
1342 4912 1426 4994 ἐφ’
1445 4913 1598 4994 ,υμᾶς
1618 4911 1812 4994 δερμα,

244 4984 341 5035 καὶ
379 4977 539 5032 δώσω
590 4977 807 5049 πνεῦμά
844 4997 942 5049 μου
983 4983 1059 5043 είς,
1096 4983 1238 5050 ὑμᾶς
1262 4997 1274 5031 :
1300 4977 1395 5034 sed
1444 4977 1553 5045 illa,
1586 4977 1693 5034 καῖ
1718 4977 1813 5035 ’ὲκ-

241 5051 406 5112 τενῶ,
439 5061 568 5111 etc.,
599 5065 878 5119 perperam
913 5051 978 5103 ab
1019 5053 1210 5104 otiosis
1237 5067 1301 5104 ex
1329 5051 1541 5120 vulgan
1570 5052 1813 5122 Scriptu-

243 5137 321 5175 ra:
348 5129 491 5172 textu
532 5122 708 5172 addita
751 5136 867 5174 esse
895 5122 1240 5172 arbitramur.

319 5191 433 5254 (44)
457 5188 550 5243 llic
570 5205 753 5243 rursus
780 5192 903 5242 editi
923 5199 976 5242 et
997 5190 1148 5242 Colb.
1169 5191 1356 5243 tertius
1371 5205 1492 5243 cum
1514 5190 1678 5247 Coisl.
1698 5191 1811 5245 K6-

287 5277 354 5319 ιε.
388 5259 579 5329 Κύριε.
614 5258 820 5312 ltnrsus
844 5275 1057 5326 quoque
1083 5261 1133 5313 in
1159 5261 1278 5312 aliis
1295 5274 1526 5325 quatuor
1544 5278 1672 5315 mss.
1705 5277 1807 5314 \‘UX

287 5277 354 5319 ιε.
390 5277 579 5329 λιιριε.
616 5277 820 5312 tsnrsus
844 5277 1057 5326 quoque
1083 5277 1133 5313 m
1159 5277 1278 5312 ams
1295 5277 1526 5325 quatuor
1544 5278 1672 5315 mss.
1705 5277 1807 5314 Vox

243 5277 420 5402 ᾗδριε
451 5329 614 5402 semel
642 5331 875 5402 ponitur.
908 5329 1106 5402 Ibidem
1125 5329 1290 5402 editio
1311 5331 1478 5402 Paris.
1506 5331 1688 5402 ὅμοιός
1707 5348 1808 5384 σοι.

241 5397 483 5461 Θάνατος
509 5397 846 5470 ἁμαρτωλῶν
876 5399 1128 5468 πονηρός.
1147 5399 1437 5470 ’Λκριὸὦς,
1468 5397 1569 5456 etc.
1595 5402 1698 5455 Sed
1728 5419 1814 5454 se-

241 5482 390 5539 ptem
424 5483 549 5539 mss.
581 5482 634 5539 et
658 5471 822 5522 editio
857 5470 1014 5521 Basil.
1054 5471 1146 5532 ita,
1191 5473 1323 5523 utin
1360 5471 1808 5527 contextu.Colh.

245 5538 439 5610 tertius
461 5538 677 5610 άληθῶς
717 5539 1058 5610 πρόσκειται.

319 5608 432 5678 (45)
461 5607 531 5659 Ita
558 5607 790 5678 quatuor
839 5625 968 5662 mss.
1019 5610 1175 5661 Deest
1213 5608 1475 5664 articulus
1515 5610 1567 5666 in
1627 5613 1809 5665 editis.

240 5681 367 5736 Mox
401 5678 565 5752 editio
605 5677 789 5752 i’aris.
812 5679 1280 5750 πλημμελήσουσι.
1311 5681 1438 5733 Καί.
1477 5684 1546 5734 At
1578 5683 1815 5752 quinque

241 5766 376 5805 mss.
419 5750 511 5808 ita,
545 5748 617 5799 uti
649 5748 938 5803 edidimus.

314 5818 515 5890 (46)1ιίι
546 5832 676 5870 mss.
695 5820 955 5890 quinque.
985 5820 1124 5872 Editi
1143 5818 1423 5890 παρρησία
1436 5819 1494 5872 ἐν
1515 5823 1650 5883 τοῖς.
1670 5821 1817 5876 Scri-

241 5903 386 5959 ptor,
420 5888 805 5959 quisquisl'uit.
846 5905 966 5941 cum
998 5893 1178 5944 verbis
1203 5888 1305 5942 illis
1334 5905 1459 5942 usus
1482 5904 1584 5950 est.
1605 5891 1814 5944 Μισοῦιο

242 5956 296 6012 is:
323 5956 519 6030 γὰρίὲν
550 5974 605 6008 π.
635 5956 712 6007 ὲλ.
748 5961 1047 6025 respexisse
1075 5962 1285 6012 videtur
1324 5962 1386 6011 ad
1415 5961 1511 6014 lsa.
1543 5975 1692 6029 xxix,
1730 5965 1814 6015 2i.

488 6051 755 6108 Ps'rttOL.
805 6051 921 6109 (in.
977 6051 1216 6113 XXIX.

1613 4659 1651 4690 “
1695 4658 1798 4715 lsa.
1851 4674 2002 4722 χιιι,
2032 4656 2122 4710 21.
2167 4657 2204 4687 ⁸³
2251 4653 2352 4707 lsa.
2387 4669 2438 4714 v,
2469 4651 2559 4707 24.

318 4769 432 4907 (42)
452 4769 525 4822 lta
551 4785 643 4823 sex
665 4785 793 4822 mss.
815 4769 1027 4822 Atediti
1055 4785 1176 4824 cum
1210 4769 1346 4824 LXX
1376 4771 1523 4842 φέρω
1541 4772 1623 4837 ἐφ’
1657 4773 1818 4842 ὑμᾶς.
1857 4776 1900 4830 D

319 4841 411 4907 (43
467 4840 556 4892 Sic
611 4854 738 4892 mss.
797 4854 984 4891 novem
1040 4852 1093 4893 et
1129 4841 1296 4894 editio
1344 4842 1504 4895 Basil.
1548 4843 1614 4894 At
1649 4845 1817 4896 editio

2638 4651 2681 4683 ¹³
2723 4652 2878 4705 Rom.
2931 4667 3023 4714 vti,
3054 4652 3142 4706 ‘24.

2002 4771 2111 4839 (47)
2148 4770 2290 4823 Inter
2322 4784 2535 4831 causas,
2572 4768 2642 4820 oh
2671 4767 2993 4839 quasjustus
3022 4770 3146 4820 odio
3186 4769 3367 4823 haberi
3402 4787 3494 4824 so-

1930 4837 2021 4900 let,
2044 4837 2352 4894 recensmur
2368 4840 2557 4906 ἄγνοια
2579 4839 2672 4890 τοῦ
2706 4841 2833 4907 περὶ
2860 4837 2951 4889 τοῦ
2973 4837 3184 4892 δικαίου
3211 4840 3368 4906 λόγου
3404 4845 3497 4896 καὶ

1924 4912 2039 4974 τοῦ,
2074 4910 2156 4973 τίς
2177 4912 2204 4961 6
2232 4909 2459 4970 δίκαιος.
2483 4911 2572 4960 illa
2601 4911 2857 4978 ignoratio
2879 4925 2994 4976 qtta'
3015 4923 3076 4960 stt
3097 4912 3325 4978 jttatitia'
3356 4927 3492 4965 ratio

1923 4994 1967 5034 et
2002 4985 2117 5049 quis
2137 4983 2323 5041 iustus.
2358 4979 2566 5031 MMHN.

1995 5048 2105 5117 (48)
2134 5053 2220 5102 Sic.
2245 5059 2446 5115 septem
2479 5065 2609 5102 mss.
2639 5050 2708 5102 At
2738 5048 2864 5101 editi
2901 5063 3021 5101 cum
3049 5065 3154 5103 uno
3187 5062 3280 5104 aut
3311 5052 3491 5107 altero

1922 5137 2021 5174 ms.
2057 5120 2141 5172 ἐπ’
2171 5119 2350 5172 αὐτόν.

1992 5191 2102 5300 (Ᾱ92
2125 5189 2362 5252 Ull'nttttt’.
2379 5188 2543 5241 editio
2557 5199 2609 5242 et
2625 5188 2786 5241 Basil.
2807 5201 2859 5246 et
2877 5191 3052 5246 Paris.
3070 5192 3390 5254 coniunctim
3423 5194 3495 5247 οε.

1992 5258 2069 5300 μίγη
2104 5277 2225 5300 urer-
2279 5258 2318 5300 Ii
2335 5261 2435 5300 mla
2461 5260 2781 5300 imm-hrum:
2859 5260 3274 5300 Miurirnrdinm
3308 5279 3493 5300 runca-

1913 5258 2246 5322 κτισθέντες.
2279 5258 2435 5312 Unde
2461 5260 2804 5326 interpretes,
2851 5260 3274 5314 Misericordia»:
3308 5279 3493 5316 conse-

1911 5333 2041 5385 cuti.
2080 5333 2148 5384 At
2193 5330 2398 5384 Catena
2440 5328 2769 5381 (lordet'iana
2822 5344 2875 5383 et
2913 5337 3081 5386 nostri
3137 5349 3320 5384 novem
3357 5351 3489 5388 mss.

1911 5401 2201 5468 separatim
2227 5400 2276 5451 οἱ
2306 5398 2639 5461 κτισθέντες,
2676 5399 2775 5461 Qui
2804 5404 2966 5453 creati
3000 5415 3169 5455 erant.
3200 5404 3328 5466 Qua,
3361 5409 3496 5456 εει,ίο

1913 5482 2069 5538 ptura
2128 5472 2256 5542 quin
2316 5485 2440 5522 vera
2476 5479 2540 5542 et
2580 5484 2809 5537 genuina
2866 5474 2958 5530 sit.
3012 5486 3169 5524 nemo
3203 5474 3495 5542 dubitabit,

1913 5542 2002 5609 qui
2042 5542 2183 5593 hunc
2215 5541 2390 5592 locum
2424 5540 2580 5609 paulo
2603 5546 2865 5609 attentius
2897 5544 3339 5595 consideras-erit.
3374 5540 3491 5600 λιιι(

1914 5607 2133 5665 codices
2155 5621 2278 5663 octo
2309 5612 2364 5661 ὲν
2394 5607 2816 5677 πλημμελείαις.
2859 5612 2993 5664 Ιίῖιιὶιί
3029 5614 3084 5662 ἐν
3124 5612 3492 5682 πλημμελείᾳ.

1913 5683 2111 5754 Statim
2131 5681 2260 5754 editi
2280 5689 2332 5730 et
2367 5682 2601 5754 nonnulli
2631 5696 2760 5754 mss.
2783 5682 2869 5734 ἐπ’
2907 5683 3088 5735 αὐτόν.
3118 5677 3343 5754 Αὑτῳὴ
3371 5677 3495 5750 δόξα

1912 5755 2006 5826 καὶ
2145 5750 2342 5826 κράτος
2382 5749 2611 5826 είς-τοὺς
2643 5749 2846 5816 αἰῶνας
2898 5754 3003 5826 των
3037 5749 3268 5809 αἰώνων.
3300 5749 3495 5826 nam.

1912 5824 2017 5878 Sed
2052 5824 2161 5885 illa,
2185 5819 2342 5889 αὐτῷ
2391 5823 2423 5889 ὴ
2455 5819 2605 5884 δόξα,
2644 5831 2777 5887 etc.,
2827 5827 2878 5876 in
2919 5824 3038 5875 aliis
3067 5834 3190 5877 octo
3218 5844 3266 5877 Ill
3303 5819 3492 5878 sfuim

1918 5895 2189 5958 leguntur.
2223 5890 2332 5964 Nec
2368 5893 2724 5964 duhitoqnin
2765 5895 2954 5946 melius
2990 5894 3192 5956 absint,
3228 5909 3278 5946 ut
3318 5899 3496 5964 inepta

1917 5965 2007 6018 illa
2036 5963 2301 6024 t'eDetitio,
2333 5962 2493 6015 αὑτὸν
2521 5963 2690 6030 αὐτῷ,
2721 5965 2937 6016 vitetur.

3134 6060 3203 6108 13
