4260 6490
764 422 868 477 587

1537 640 1883 652 σ--μ--ι--α

1109 643 1532 654 *εκ-*-

794 646 1092 662 ,.._..__.__

1219 807 1283 863 IN
1323 804 1654 862 PSALMUM
1686 803 1876 859 XLIV.

769 949 833 1000 In
865 945 1037 1013 ﬁnem,
1067 961 1161 1014 pro
1207 946 1272 997 iis
1308 947 1395 1014 qui
1441 937 2057 1014 intmutabuntur,_ﬁliir
2107 935 2239 989 Core
2275 936 2341 986 ad

1060 1009 1398 1078 intellectum,
1432 1017 1690 1068 canticum
1723 1027 1816 1081 pro
1847 1009 2060 1063 dilecto.

842 1128 896 1182 1.
927 1124 1149 1181 Videtur
1177 1135 1232 1180 et
1259 1125 1347 1179 bic
1391 1124 1628 1194 psalmus
1658 1125 1723 1177 ad
1761 1121 2143 1190 perﬁciendam
2184 1129 2343 1170 natu-

770 1235 885 1272 ram
913 1219 1202 1273 humanam
1231 1217 1457 1272 idoneus
1481 1233 1620 1281 esse,
1653 1225 1814 1285 atque
1838 1215 1903 1268 iis
1927 1213 2016 1282 qui
2043 1215 2339 1266 secundum

771 1313 1023 1366 virtutem
1066 1312 1248 1366 vivere
1297 1317 1634 1371 Statuerunt,
1677 1308 1744 1360 ad
1794 1305 2133 1376 propositum
2184 1304 2341 1357 ﬁnem

771 1404 1163 1474 assequendum
1210 1403 1377 1458 utilis.
1432 1400 1565 1456 Nam
1621 1398 2029 1471 proﬁcientibus
2076 1411 2211 1467 Opus
2262 1405 2345 1449 est

772 1496 1018 1551 doctrina
1056 1496 1124 1550 ad
1152 1494 1566 1565 perfectionem,
1595 1507 1756 1561 quam
1790 1491 1876 1545 bic
1912 1489 2152 1560 psalmus
2187 1487 2342 1541 exhi-

771 1591 885 1654 bet,
914 1588 1358 1658 comparandam.
1393 1585 1520 1651 Ejus
1551 1592 1731 1638 autem
1763 1580 2043 1652 inscriptio
2074 1581 2185 1634 haec
2218 1587 2301 1632 est
2329 1602 2339 1633 :

770 1679 840 1734 In
877 1680 1032 1750 ﬁnem
1083 1696 1176 1750 pro
1224 1678 1286 1732 iis
1333 1677 1420 1747 qui
1472 1675 1911 1730 immutabuntur.
1959 1671 2123 1726 Tecte
2166 1681 2342 1726 autem

772 1775 926 1838 dixit,
967 1789 1062 1841 pro
1106 1771 1425 1826 hominibus.
1471 1767 1582 1824 Nos
1630 1767 1798 1832 enim,
1833 1765 2068 1822 maxime
2104 1764 2341 1821 omnium

776 1866 1152 1929 nationalium,
1198 1865 1551 1920 varietatibus
1603 1877 1668 1918 ac
1711 1861 2101 1916 mutationibus
2156 1860 2345 1916 diebus

773 1957 999 2028 singulis
1027 1973 1090 2013 ac
1121 1956 1234 2012 fere
1266 1957 1416 2012 horis
1446 1954 1785 2024 subjicimur.
1825 1952 2010 2022 Neque
2046 1952 2189 2007 enim
2225 1967 2347 2006 cor-

775 2066 904 2121 pore
955 2065 1128 2120 neque
1181 2059 1361 2104 mente
1409 2048 1570 2102 iidem
1621 2061 1720 2101 nos
1756 2060 1965 2100 sumus.
2003 2042 2107 2098 Sed
2150 2057 2347 2112 corpus

2110 412 2166 466 S.
2208 410 2451 465 B.\Sll.ll
2493 411 2706 465 MAGNI

2431 634 2976 648 .-———__-.—.—__..._.
2997 637 3075 642 ...λ-υ..
3097 636 3194 642 __-..
3215 636 3242 641 --

3941 399 4036 450 388

2842 796 2946 847 ΕΙΣ
2984 794 3115 846 TON
3171 793 3279 846 MA'
3316 791 3646 844 ΨΑΛΜΟΝ.

2442 930 2544 993 Εἰς
2567 929 2634 981 τὸ
2663 927 2834 993 τέλος
2854 967 2867 988 ,
2897 926 3049 993 ὑπὲρ
3091 925 3209 978 τῶν
3243 923 3832 992 ἀλλοιωθησομένων
3852 962 3866 982 ,
3917 920 4034 982 τοῖς

2481 999 2632 1065 υἱοῖς
2653 999 2802 1066 Κορέ
2817 1001 2904 1062 εἰς
2923 999 3200 1063 σύνεσιν,
3218 995 3340 1063 ᾠδὴ
3360 995 3509 1062 ὑπὲρ
3538 993 3643 1047 τοῦ
3665 993 3995 1063 ἀγαπητοῦ.

2523 1114 2572 1166 1.
2614 1112 2866 1166 Φαίνεται
2908 1112 3005 1182 μὲν
3040 1111 3134 1163 καὶ
3177 1103 3331 1173 οὗτος
3375 1109 3403 1161 6
3438 1107 3652 1178 ψαλμὸς
3689 1106 4032 1167 τελειωτικός

2447 1224 2530 1268 τις
2569 1203 2643 1257 ὢν
2675 1206 2774 1276 τῆς
2805 1204 3153 1275 ἀνθρωπίνης
3182 1202 3418 1272 φύσεως,
3465 1200 3558 1253 καὶ
3596 1201 3675 1262 εἰς
3713 1199 3773 1251 τὸ
3815 1199 4028 1268 προκεί-

2449 1317 2609 1369 μενον
2638 1297 2789 1360 τέλος
2811 1299 2919 1359 τοῖς
2945 1297 3066 1350 κατ’
3095 1295 3299 1368 ἀρετὴν
3325 1294 3474 1364 βιοῦν
3504 1291 3916 1364 προῃρημένοις
3939 1290 4032 1359 τὴν

2446 1392 2716 1462 ὠφέλειαν
2744 1389 3134 1459 παρεχόμενος.
3166 1389 3292 1451 Τοῖς
3332 1387 3442 1458 γὰρ
3469 1387 3839 1457 προκόπτουσι
3876 1384 4033 1454 χρεία

2444 1487 2544 1557 τῆς
2575 1487 2653 1548 εἰς
2676 1483 2735 1537 τὺ
2764 1481 3115 1550 τελειωθῆναι
3144 1479 3509 1542 διδασκαλίας,
3541 1479 3606 1549 ἢν
3638 1479 3666 1529 ό
3695 1477 3910 1546 ψαλμδς
3945 1469 4035 1525 οὗ-

2445 1597 2536 1642 τος
2565 1578 2888 1648 παρέχεται,
2917 1574 3230 1644 ἐπιγραφὴν
3251 1573 3388 1643 ἔχων
3406 1612 3421 1637 ,
3448 1575 3554 1639 Εἰς
3579 1571 3642 1624 τὸ
3673 1569 3848 1636 τέλος
3881 1569 4034 1638 ὑπὲρ

2446 1670 2565 1724 τῶν
2617 1667 3216 1736 ἀλλοιωθησομένων,
3275 1664 3688 1735 Κεκρυμμένως
3740 1663 3798 1716 δὲ
3858 1658 4032 1724 εἶπεν,

2445 1763 2598 1831 ὑπὲρ
2626 1761 2744 1816 τῶν
2772 1759 3118 1829 ἀνθρώπων.
3157 1759 3350 1828 Ἡμεῖς
3380 1757 3488 1827 γάρ
3515 1758 3680 1824 ἐσμεν
3708 1756 3757 1807 οἱ
3792 1753 4030 1824 μάλιστα

2447 1856 2664 1909 πάντων
2691 1854 2798 1907 τῶν
2829 1852 3063 1922 λογικῶν
3097 1847 3416 1904 ἀλλοιώσεσί
3452 1865 3510 1899 τε
3543 1847 3636 1899 καὶ
3663 1849 3890 1916 τροπαῖς
3918 1845 4036 1904 ταῖς

2449 1950 2533 2017 ἐφ’
2580 1948 2817 2018 ἑκάστης
2856 1946 3072 2018 ἡμέρας
3115 1945 3208 1998 καὶ
3246 1943 3394 2014 ὥρας
3435 1939 3620 2011 σχεδὸν
3662 1938 4034 2008 ὑποκείμενοι.

2451 2040 2588 2094 Οῠτε
2622 2041 2728 2112 γὰρ
2774 2040 2983 2111 σώματι
3024 2039 3148 2091 οὔτε
3187 2036 3380 2108 γνώμῃ
3423 2036 3471 2088 οἱ
3517 2032 3668 2085 αὐτοί
3706 2033 3873 2101 ἐσμεν
3905 2031 4035 2082 ἑαυ-

771 2144 987 2212 quidem
1023 2152 1263 2197 nostrum
1294 2154 1512 2210 semper
1536 2138 1739 2193 ﬂuxum
1771 2152 1836 2192 ac
1863 2134 2208 2206 dissipationi
2250 2133 2348 2188 ob-
2379 2155 2420 2210 Β
2449 2154 2453 2167 ι

2379 2155 2420 2210 Β
2449 2135 2580 2197 τοῖς,
2614 2132 2748 2185 ἀλλά
2773 2133 2833 2185 τὸ
2871 2133 2969 2201 μὲν
3000 2131 3161 2201 σῶμα
3194 2129 3374 2201 ἡμῶν,
3401 2127 3488 2182 ἀεὶ
3524 2126 3645 2197 ῥέον
3687 2124 3780 2177 καὶ
3814 2123 4039 2176 σκεδαν-

775 2235 992 2290 noxium
1021 2234 1074 2290 in
1100 2242 1247 2289 motu
1273 2248 1332 2289 ac
1353 2233 1651 2288 mutatione
1675 2239 1944 2290 versatur.
1971 2238 2062 2282 aut
2086 2243 2149 2282 ex
2181 2241 2348 2298 parvo

777 2326 950 2398 majus
983 2325 1204 2393 factum,
1242 2334 1336 2380 aut
1367 2341 1433 2380 ex
1467 2323 1711 2395 perfecto
1744 2322 1810 2376 ad
1849 2321 2113 2375 minorem
2146 2320 2345 2374 molem

775 2429 1134 2476 contractum.
1170 2416 1285 2473 Non
1314 2419 1458 2472 enim
1491 2431 1625 2485 puer
1653 2415 1743 2483 qui
1773 2414 1885 2481 jam
1917 2412 2158 2467 scholam
2191 2409 2346 2478 petit,

774 2527 830 2568 et
860 2518 927 2568 ad
956 2523 1102 2568 artes
1127 2527 1189 2567 ac
1208 2511 1522 2581 disciplinas
1547 2507 1920 2580 percipiendas
1943 2507 2169 2560 idoneus
2198 2505 2351 2559 inve-

777 2607 942 2670 nitur,
973 2604 1110 2658 idem
1141 2611 1225 2658 est
1260 2617 1325 2655 ac
1353 2601 1444 2656 ille
1487 2600 1576 2669 qui
1618 2613 1789 2670 nuper
1829 2605 1990 2652 natus
2035 2604 2118 2651 est
2148 2593 2344 2650 infans.

777 2697 927 2752 Alius
953 2705 1129 2751 autem
1160 2708 1349 2750 rursus
1382 2693 1450 2747 ab
1482 2691 1575 2746 illo
1607 2700 1690 2747 est
1721 2690 1840 2746 sine
1874 2688 2035 2743 dubio
2083 2687 2347 2759 ephebus,

777 2791 866 2856 qui
901 2789 1016 2859 jam
1073 2787 1338 2858 iuveniles
1386 2783 1804 2840 exercitationes
1851 2781 2088 2852 experiri
2151 2790 2346 2846 potest.

777 2888 951 2952 Atque
980 2882 1047 2936 ab
1081 2879 1289 2949 ephebo
1327 2877 1463 2933 alius
1490 2888 1574 2933 est
1615 2877 1718 2940 vir,
1767 2886 1821 2931 et
1853 2875 2107 2929 ﬁrmitate
2138 2883 2194 2928 et
2232 2889 2349 2928 ma-

776 2974 1056 3046 gnitudine
1106 2973 1372 3042 corporis,
1418 2977 1474 3025 et
1528 2970 1754 3024 rationis
1794 2966 2150 3036 perfectione.
2213 2965 2348 3019 Cum

776 3079 953 3122 autem
988 3067 1054 3121 ad
1083 3067 1321 3135 vigorem
1355 3062 1696 3134 pervenerit,
1749 3069 1908 3131 atque
1935 3060 2114 3114 astatis
2141 3058 2350 3113 Stabili-

780 3169 942 3211 tatem
973 3156 1133 3209 fuerit
1167 3161 1508 3215 consecutus,
1541 3151 1733 3206 iterum
1775 3147 2032 3218 paulatim
2067 3146 2237 3199 minui
2272 3146 2354 3196 in-

778 3249 932 3317 cipit,
964 3245 1236 3299 dillluente
1260 3243 1460 3297 sensim
1485 3240 1731 3307 corporis
1763 3238 1932 3308 ipsius
1961 3237 2166 3305 vigore,
2192 3245 2354 3303 atque

779 3337 1056 3409 corporeis
1088 3333 1291 3388 viribus
1319 3330 1792 3391 decrescentibus;
1837 3327 2010 3381 donec
2039 3342 2150 3396 pne
2195 3339 2353 3379 seue-

776 3446 929 3506 ctute
958 3433 1292 3490 incurvatus,
1321 3423 1564 3479 ultimam
1591 3422 1786 3476 virium
1812 3421 2201 3476 detractionem
2227 3433 2348 3488 per-

2435 2226 2700 2298 ινύμενον,
2732 2227 2789 2278 ἐν
2816 2225 3027 2294 κινήσει
3051 2223 3170 2276 ἐστὶ
3206 2223 3299 2276 καὶ
3325 2219 3616 2293 μεταϐολῇ,
3644 2217 3676 2288 ἢ
3702 2209 3808 2270 ἀπὸ
3839 2213 4038 2286 μικροῦ

2449 2321 2530 2382 εἱς
2554 2318 2615 2371 τὺ
2641 2316 2824 2390 μεῖζον
2858 2316 2968 2387 (50)
3000 2317 3317 2385 αὐξόμενον,
3346 2315 3377 2385 ἢ
3420 2312 3527 2366 ἀπὸ
3549 2309 3642 2362 τοῦ
3673 2309 3880 2361 τελείου
3905 2307 4039 2376 πρὸς

2448 2413 2510 2464 τὸ
2544 2410 2759 2463 ἔλαττον
2796 2408 3239 2478 συστελλόμενον.
3273 2409 3346 2460 Οὐ
3386 2407 3494 2476 γὰρ
3537 2406 3565 2456 6
3607 2402 3769 2464 αὑτός
3802 2402 3919 2452 ἐστι
3960 2397 4041 2466 τῷ

2451 2501 2724 2570 ἀρτιγενεῖ
2747 2500 2939 2569 παιδίῳ
2970 2503 2996 2553 ὁ
3026 2502 3104 2562 εἰς
3134 2498 3503 2552 διδασκαλεῖον
3533 2492 3730 2562 φοιτῶν
3756 2492 3856 2562 1ἤδη
3891 2492 4039 2553 παῖς,

2453 2595 2543 2649 καὶ
2565 2593 2705 2664 πρὸς
2740 2593 2839 2654 τὰς
2871 2594 2976 2645 τῶν
3005 2593 3211 2662 τεχνῶν
3238 2591 3333 2644 καὶ
3370 2588 3710 2661 μαθημάτων
3743 2583 4041 2656 ἀναλήψεις

2451 2687 2773 2758 ἐπιτηδείως
2801 2684 2938 2754 ἔχων
2960 2700 2972 2712 ·
3001 2684 3187 2754 ἕτερος
3216 2685 3273 2737 δὲ
3311 2683 3472 2736 πάλιν
3513 2679 3666 2752 παρὰ
3695 2677 3884 2732 τοῦτον
3909 2680 4040 2746 ὁμο-

2450 2782 2793 2854 λογουμένως
2817 2779 2963 2834 ἐστὶν
2991 2780 3018 2830 ὁ
3041 2777 3262 2845 ἔφηϐος,
3308 2778 3408 2846 ἤδη
3434 2775 3542 2827 τῶν
3569 2773 3832 2825 νεανικῶν
3879 2771 4042 2823 ἄπτε-

2455 2878 2574 2931 σθαι
2596 2875 2912 2946 δυνάμενος.
2942 2871 3052 2924 Καὶ
3081 2868 3232 2939 παρα
3268 2867 3359 2918 τὸν
3403 2866 3605 2935 ἐςηϐον
3646 2868 3673 2917 ὁ
3706 2865 3806 2931 ἀνὴ
3816 2882 3844 2934 ρ
3884 2863 4044 2923 ἄλλος

2451 2970 2534 3032 τίς
2564 2971 2678 3021 ἐστι
2703 2969 2794 3021 καὶ
2825 2964 3144 3038 στερρότητι
3179 2958 3273 3013 καί
3301 2957 3513 3028 μεγέθει
3551 2956 3822 3025 σώματος,
3849 2955 3946 3005 καὶ
3975 2957 4039 3022 τῇ

2451 3061 2544 3114 τοῦ
2580 3061 2739 3128 λόγου
2767 3055 3182 3128 συμπληρώσει.
3216 3053 3309 3115 Εἰς
3334 3049 3520 3120 ἀκμὴν
3548 3048 3603 3100 δὲ
3639 3044 3830 3106 ἐλθὼν,
3864 3045 3957 3096 καὶ
3981 3044 4042 3095 τό

2455 3155 2717 3224 στάσιμον
2745 3153 2843 3222 τῆς
2871 3150 3088 3222 ἡλικίας
3116 3145 3426 3209 ἀπολαϐὼν,
3458 3143 3619 3197 πάλιν
3645 3142 3872 3212 ἄρχεται
3903 3139 4040 3191 κατὰ

2457 3247 2653 3317 μικρὸν
2715 3246 2964 3316 ὑφαιρεῖν
3017 3240 3152 3312 πρὸς
3207 3238 3269 3291 τὸ
3341 3237 3602 3300 ἔλαττον,
3665 3231 4042 3303 ὑπορρεούσης

2456 3337 2604 3408 αὑτῷ
2653 3336 2952 3406 λεληθότως
3004 3333 3100 3403 τῆς
3147 3330 3239 3383 τού
3279 3328 3530 3398 σώματος
3573 3326 3762 3391 ἕξεως,
3801 3323 3894 3376 καὶ
3933 3323 4042 3374 τῶν

2459 3427 2784 3500 σωματικῶν
2808 3428 2973 3479 τόνων
3006 3421 3434 3492 ἐλαττουμένων,
3468 3417 3572 3479 ἓως
3605 3419 3690 3477 ἂν,
3729 3416 3834 3467 ὑπὸ
3857 3417 4046 3484 γήρως

779 3527 1029 3595 petiatur.
1063 3522 1171 3577 Nos
1203 3534 1333 3591 ergo
1359 3530 1548 3571 sumus
1575 3515 1664 3583 qui
1699 3521 2004 3577 mutantur;
2032 3528 2094 3565 ac
2127 3527 2224 3564 nos
2254 3511 2346 3563 ho-
2378 3505 2420 3562 C
2457 3542 2461 3551 ι

2378 3505 2420 3562 C
2457 3516 2892 3590 κατακαμφθεὶς,
2935 3515 3029 3585 τὴν
3064 3516 3142 3577 εἰς
3177 3513 3402 3582 ἔσχατον
3433 3507 3712 3575 δυνάμεως
3756 3505 4043 3573 ὐςαίρεσιν

781 3622 954 3674 mines
985 3631 1077 3687 per
1108 3615 1248 3669 lianc
1275 3626 1457 3667 vocem
1488 3610 1575 3665 hic
1599 3605 1838 3677 psalmus
1869 3604 2144 3672 sapienter
2180 3605 2350 3671 signi-

781 3711 981 3763 ficavit.
1036 3704 1153 3761 Non
1203 3704 1349 3759 enim
1407 3701 1760 3756 mutationem
1812 3697 2105 3752 admittunt
2153 3696 2354 3765 angeli.

781 3801 972 3855 Nullus
996 3799 1138 3852 enim
1177 3797 1316 3851 inter
1341 3795 1458 3851 illos
1485 3809 1617 3865 puer
1642 3801 1749 3854 est,
1786 3789 1964 3845 nullus
1994 3788 2310 3844 adolescens
2339 3828 2355 3852 ,

781 3906 948 3946 senex
972 3890 1148 3943 nullus
1173 3908 1188 3942 ι
1219 3888 1310 3942 scd
1334 3889 1386 3940 in
1417 3901 1523 3956 quo
1552 3894 1695 3938 statu
1724 3886 1790 3936 ab
1819 3883 1974 3936 initio
2014 3882 2178 3936 creati
2208 3889 2353 3944 sunt,

784 3987 838 4038 in
870 3999 935 4038 eo
962 3989 1315 4051 permanent;
1343 3993 1464 4034 cum
1487 3992 1674 4033 eorum
1709 3975 2009 4031 substantia
2044 3974 2266 4041 simplex
2304 3983 2357 4026 et

784 4075 1135 4130 immutabilis
1167 4081 1547 4129 conservetur.
1580 4069 1690 4125 Nos
1725 4077 1904 4123 autem
1945 4074 2238 4128 mutamur,
2272 4081 2358 4119 se-

784 4166 1018 4220 rundum
1040 4179 1236 4232 corpus
1256 4163 1501 4233 quidem,
1526 4163 1599 4217 uti
1623 4171 1895 4216 ostensum
1923 4166 2038 4219 est;
2062 4157 2354 4209 secundum

785 4257 1019 4311 animant
1047 4269 1174 4309 vero
1203 4263 1258 4308 et
1283 4253 1592 4307 interiorem
1620 4253 1913 4314 hominem,
1943 4248 2102 4319 159
2136 4253 2356 4301 senten-

787 4349 888 4401 tias
904 4361 1004 4400 una
1023 4361 1141 4400 cum
1159 4341 1526 4399 accidentibus
1539 4342 1699 4396 rebus
1712 4355 1922 4408 semper
1935 4346 2356 4392 committamus.

786 4441 888 4493 Alii
921 4453 1150 4507 namque
1177 4452 1362 4492 sumus
1387 4437 1514 4491 dum
1541 4435 1806 4498 laetamur,
1838 4432 2127 4500 omniaque
2162 4431 2215 4484 in
2249 4430 2358 4483 vita

786 4531 941 4584 nobis
967 4528 1193 4582 feliciter
1218 4528 1550 4582 succedunt:
1582 4526 1672 4580 alii
1701 4541 1826 4581 vero
1858 4523 2197 4578 calamitosis
2226 4533 2360 4576 tem-

785 4623 1027 4690 poribus.
1067 4633 1187 4673 cmn
1223 4620 1274 4672 in
1310 4619 1516 4688 aliquas
1561 4633 1646 4672 res
1678 4619 1940 4672 adversas
1985 4614 2357 4675 inciderimus.

785 4715 1139 4768 lmmutamur
1159 4721 1213 4768 et
1233 4712 1284 4766 in
1309 4711 1410 4777 ira,
1435 4712 1603 4767 ferino
1623 4712 1854 4780 quodam
1877 4716 2020 4764 statu
2057 4718 2355 4776 assumpto.

784 4805 1136 4858 lmmutamur
1185 4812 1241 4857 et
1288 4803 1342 4857 in
1388 4803 1881 4872 concupiscentiis,
1928 4799 2099 4853 brutis
2154 4800 2358 4853 similes

779 4899 977 4963 effecti,
1014 4912 1108 4968 per
1138 4897 1260 4952 vitae
1287 4897 1586 4952 libidinem.
1613 4894 1745 4963 Equi
1773 4895 1826 4948 in
1854 4893 2088 4948 feminas
2115 4893 2358 4948 furentes

781 4994 909 5050 facti
964 5001 1092 5046 sunt
1150 4991 1216 5057 ii,
1266 4990 1356 5060 qui
1402 5003 1585 5043 amore
1635 5001 1861 5040 uxorum
1913 4984 2148 5056 proximi
2210 4987 2360 5039 insa-

781 5091 936 5143 niunt
962 5088 1026 5142 “.
1077 5085 1144 5140 Et
1184 5084 1401 5138 dolosus
1445 5083 1658 5152 quidem
1692 5080 1833 5150 vulpi
1863 5087 2244 5147 comparatur,
2282 5079 2357 5131 nti

787 5181 1023 5237 Ilerodes
1051 5178 1092 5210 ⁸⁸
1119 5197 1133 5233 :
1173 5176 1454 5244 impudens
1477 5191 1606 5230 vero
1633 5175 1786 5231 cauis
1816 5183 2059 5233 vocatur,
2097 5181 2155 5224 ut
2185 5171 2351 5226 Nabal

781 5268 1080 5325 Carmelius
1122 5267 1188 5321 ¹⁶.
1242 5264 1406 5320 Vides
1459 5267 1772 5319 varietatem
1826 5279 1890 5318 ac
1949 5263 2354 5319 immutationis

781 5374 978 5417 nostra!
1007 5357 1416 5415 diversitatem?
1445 5357 1723 5411 Admirare
1751 5355 1912 5426 igitur
1934 5371 2057 5410 eum
2090 5353 2179 5421 qui
2215 5370 2358 5408 com-

784 5455 939 5509 mode
977 5453 1473 5518 convenienterque
1531 5450 1667 5502 banc
1721 5448 1877 5502 nobis
1931 5446 2350 5520 appellationem

780 5543 1006 5614 aptavit.

2460 3609 2749 3681 ὑπομείνῃ.
2803 3607 2993 3675 Ἡμεῖς
3022 3605 3200 3656 τοίνυν
3230 3601 3396 3672 ἐσμὲν
3427 3602 3476 3652 οἱ
3524 3594 3917 3664 ἁλλοιούμενοι,
3954 3593 4048 3643 καὶ

2461 3704 2638 3773 σοφῶς
2660 3702 2807 3774 ἡμᾶς
2833 3699 2959 3758 τοὺς
2987 3693 3307 3764 ἀνθρώπους
3332 3691 3418 3744 διὰ
3445 3691 3542 3760 τῆς
3568 3686 3754 3758 φωνῆς
3780 3685 3986 3753 ταύτης
4019 3684 4046 3733 6

2457 3796 2669 3867 ψαλμὸς
2699 3789 3054 3865 παρῃνίξατο,
3081 3787 3156 3840 Οὐ
3187 3783 3295 3855 γὰρ
3322 3782 3542 3851 ἄγγελοι
3575 3781 3921 3850 ἐπιδέχονται
3947 3777 4044 3845 τὴν

2459 3890 2762 3944 ἀλλοίωσιν.
2801 3884 2988 3944 Οὐδεὶς
3017 3880 3124 3951 γὰρ
3154 3876 3283 3949 παρ’
3313 3877 3541 3937 ἐκείνοις
3571 3877 3720 3936 παῖς,
3763 3870 3885 3924 ούδὲ
3923 3886 4044 3920 νεα-

2458 3982 2664 4043 νίσκος,
2703 3978 2823 4032 οὐδὲ
2866 3973 3177 4048 πρεσϐύτης
3210 3970 3344 4040 (5i),
3388 3969 3502 4022 ἀλλ’
3527 3970 3584 4021 ὲν
3612 3961 3754 4040 ᾗπερ
3785 3964 3843 4030 ἐξ
3869 3963 4046 4032 ἀρχῆς

2460 4071 2786 4140 ἐκτίσθησαν
2825 4067 3176 4128 καταστάσει,
3215 4064 3272 4114 ὲν
3311 4060 3484 4132 ταύτῃ
3517 4057 3885 4127 διαμένουσιν,
3921 4057 4046 4107 ἀκε-

2462 4165 2619 4237 ραίας
2659 4164 2838 4223 αὐτοῖς
2871 4161 2964 4213 καὶ
3007 4156 3278 4227 ἀτρέπτοιο
3310 4153 3408 4220 τῆς
3450 4150 3758 4210 συστάσεως
3802 4145 4046 4215 σωζομέ-

2460 4236 2578 4327 νης.
2630 4253 2822 4322 Ἡμεῖς
2866 4251 2922 4303 δὲ
2973 4241 3366 4313 ἀλλοιούμεθα,
3420 4239 3556 4292 κατὰ
3614 4238 3712 4306 μὲν
3757 4237 3820 4288 τὸ
3862 4236 4042 4304 σῶμα,

2461 4350 2535 4412 ὡς
2559 4347 2848 4404 δέδεικται,
2876 4339 3015 4393 κατὰ
3052 4337 3107 4390 δὲ
3139 4336 3236 4406 τὴν
3259 4333 3436 4405 ψυχὴν
3463 4331 3556 4384 καὶ
3582 4329 3674 4394 τὸν
3698 4327 3806 4380 ἔσω
3831 4325 4033 4397 ἄνθρωο

2464 4457 2582 4505 πον,
2631 4439 2741 4499 τοῖς
2783 4434 2869 4488 ἀεὶ
2917 4429 3319 4503 προσπίπτουσι
3361 4424 3654 4495 πράγμασι
3705 4433 4029 4490 σνμμετατι-

2463 4533 2643 4594 θέντες
2673 4530 2769 4591 τὰς
2799 4525 3053 4586 διανοίας.
3093 4519 3273 4573 ’Λλλοι
3310 4518 3405 4588 μὲν
3435 4516 3545 4584 γάρ
3582 4515 3748 4582 ἐσμεν
3779 4508 4042 4578 εύθυμού-

2467 4643 2634 4696 μενοι,
2666 4624 2760 4675 καὶ
2786 4620 3001 4673 πάντων
3029 4618 3156 4686 ἡμῖν
3181 4613 3286 4665 τῶν
3318 4610 3458 4662 κατα
3483 4607 3574 4659 τὸν
3608 4604 3721 4675 βίον
3743 4602 3885 4655 κατὰ
3918 4601 4045 4671 ρούν

2464 4717 2759 4787 προϊόντων
2790 4729 2803 4741 ·
2830 4710 2976 4763 ἄλλοι
3014 4708 3070 4760 δὲ
3113 4709 3169 4759 ὲν
3203 4705 3315 4763 τοῖς
3350 4698 3757 4770 περιστατικοῖς
3807 4694 4040 4762 καιροῖς,

2464 4808 2682 4862 ἐπειδάν
2722 4821 2826 4857 τινι
2867 4801 2973 4853 τῶν
3014 4797 3327 4866 ἀϐουλήτων
3379 4789 3865 4863 προσπταίσωμεν.
3927 4784 4052 4838 Ἀλ-.

2458 4896 2745 4969 λοιούμεθα
2777 4895 2833 4947 δὲ
2862 4893 2953 4945 καὶ
2993 4890 3133 4943 κατὰ
3158 4887 3257 4950 τὰς
3290 4883 3479 4958 ὀργὰς,
3514 4878 3756 4950 θηριώδη
3786 4877 3908 4930 τινὰ.
3941 4895 4038 4930 κα-

2458 4996 2720 5048 τάστασιν
2768 4983 3262 5056 ἀναλαμϐάνοντες.
3317 4973 3701 5044 Ἀλλοιούμεθα
3753 4972 3850 5024 καὶ
3903 4970 4043 5021 κατά

2458 5086 2559 5147 τας
2611 5079 2923 5150 ἐπιθυμίας,
2980 5071 3269 5144 κτηνὼδεις
3312 5069 3586 5139 γινόμενοι
3638 5064 3726 5117 διὰ
3770 5062 3867 5114 τοῦ
3922 5062 4042 5114 καθ’

2461 5173 2651 5244 ἡδονὴν
2685 5171 2816 5241 βίου.
2856 5170 3044 5220 Ἴπποι
3073 5163 3402 5235 θηλυμανεῖς
3448 5155 3789 5228 ἐγενήθησαν
3838 5154 3885 5206 οἱ
3926 5158 4042 5215 ταῖς

2463 5263 2676 5335 γυναιξὶ
2702 5261 2811 5316 τῶν
2843 5257 3066 5328 πλησίον
3099 5253 3527 5325 ὲπιμαινόμενοι.
3561 5246 3671 5300 Καὶ
3699 5248 3728 5299 6
3763 5245 3865 5316 μὲν
3897 5246 4042 5299 δολε-

2470 5360 2560 5432 ρὸς
2594 5355 2835 5410 ἀλώπεκι
2869 5347 3278 5424 παρεικάζεται,
3310 5345 3384 5408 ὡς
3427 5339 3706 5411 Ἡρώδης·
3738 5341 3766 5392 ὁ
3807 5339 3865 5391 δὲ
3901 5340 4046 5390 ἀναι-

2467 5429 2561 5522 δὴς
2599 5449 2743 5502 κύων
2787 5442 3275 5517 προσαγορεύεται,
3314 5436 3389 5500 ὡς
3423 5430 3613 5490 Νάϐαλ
3640 5434 3669 5485 6
3700 5429 4044 5502 Καρμήλιος.

2483 5545 2642 5615 Ὁρᾷς
2686 5543 2750 5594 τὸ
2794 5537 3034 5591 ποικίλον
3087 5534 3180 5586 καὶ
3229 5529 3507 5589 πολυειδὲς
3564 5525 3664 5598 τῆς
3712 5521 4048 5588 ἀλλοιώσεως

783 5640 979 5713 ἡμῶνς
1016 5637 1306 5710 Θαύμασον
1329 5633 1421 5692 οὖν
1448 5639 1539 5690 τὸν
1578 5638 1901 5710 προσφόρως
1938 5639 2039 5710 τὴν
2081 5644 2449 5715 προσηγορίαν
2475 5639 2678 5709 ταύτην
2707 5637 2839 5705 ἡμῖν
2869 5630 3282 5702 ὲφαρμόσαντα.

855 5778 898 5808 ⁸⁸
937 5777 1058 5834 Jer:
1101 5791 1152 5842 ν,
1197 5775 1251 5831 8.

857 5894 968 5955 δίο)
1004 5890 1135 5958 Reg.
1163 5899 1387 5958 quartus
1414 5898 1467 5960 et
1490 5889 1642 5960 Colb.
1674 5898 1856 5943 sextus
1884 5890 2019 5960 πρὸς
2053 5889 2114 5942 τὸ
2147 5891 2348 5960 μεῖζον.

785 5964 982 6019 lbittcm
1014 5962 1147 6030 Heg.
1191 5961 1379 6016 tertius
1411 5959 1793 6030 αὐξανόμενον.
1855 5959 2050 6016 Statim
2100 5964 2339 6033 quinque

1331 5775 1373 5806 "
1414 5774 1544 5827 Luc.
1597 5789 1715 5840 xm,
1760 5773 1848 5828 3‘2.

1927 5775 1971 5813 ί⁶
2011 5773 2027 5828 1
2072 5774 2205 5844 Reg.
2256 5793 2383 5842 xxv,
2425 5777 2480 5842 5,
2523 5792 2630 5844 seq.
2667 5769 2845 5825 ιλΧ.

2463 5905 2589 5945 mss.
2626 5887 2763 5958 πρὸς
2798 5886 2856 5938 τὸ
2891 5885 3131 5937 ἔλαττον.

2523 5959 2638 6029 (5|)
2671 5949 2825 6014 Colb.
2852 5958 3057 6026 primus
3085 5949 3479 6023 πρεσϐύτερος.
