4260 6512
831 414 925 467 591
2128 420 2185 475 S.
2227 418 2473 473 ιιιειιΛι
2515 417 2728 475 MAGNI
3971 422 4065 474 392

825 540 954 586 aunt
980 530 1258 599 beneﬁcio,
1290 532 1389 587 hoc
1413 547 1472 587 se
1494 533 1686 589 cantici
1722 533 1843 590 filiis
1868 538 2009 591 Core
2037 541 2269 596 edidisse
2295 541 2390 596 ait.
2424 548 2466 601 A
2495 562 2507 593 ι

2381 548 2466 601 ,Α
2495 541 2636 613 ᾠδὴν
2670 537 2871 608 ταύτην
2915 536 3267 592 ὲκδεδωκέναι
3319 541 3426 603 τοῖς
3472 542 3605 604 υἱοῖς
3646 538 3789 611 Κορέ
3832 555 3993 609 φησιν
4041 544 4063 591 ὁ

824 624 1105 679 Canticum
1128 629 1269 680 enim
1298 637 1400 691 est,
1424 642 1527 681 non
1556 629 1828 699 psalmus:
1853 631 2050 703 quippe
2070 638 2206 689 nuda
2237 649 2391 697 voce,
2498 633 2506 684 l

2378 672 2391 697 ,
2498 632 2810 703 Προφήτης.
2853 632 2975 703 ’ῼδὴ
3012 630 3123 701 γάρ
3162 632 3298 695 ἐστι,
3354 634 3447 686 καὶ
3488 636 3608 704 οὐχὶ
3648 632 3898 705 ψαλμὸς·
3940 632 4060 683 διότι

824 733 1026 786 organo
1060 734 1163 773 non
1196 718 1354 774 simul
1384 735 1578 775 sonum
1605 723 1822 787 edente,
1851 738 1974 779 cum
2004 728 2265 782 concinna
2299 739 2393 780 νο·
2496 740 2506 788 τ

2380 755 2393 764 ·
2496 724 2671 792 γυμνῇ
2700 725 2869 793 φωνῇ.
2902 723 2975 793 μὴ
3002 722 3359 793 συνηχοῦντος
3387 722 3521 793 αὐτῇ
3552 725 3646 777 τοῦ
3667 723 3925 796 ὀργάνου,
3956 723 4062 792 μετ’

824 811 903 865 cis
941 810 1300 867 modulatione
1335 813 1594 869 emissum
1624 823 1727 868 est.
1761 814 2044 870 Canticum
2084 828 2262 869 autem
2296 831 2392 883 pro
2495 814 2506 864 ἐ

2379 832 2392 869 ι
2495 809 2763 882 ἐμμελοῦς
2787 813 2884 881 τῆς
2923 814 3284 881 ὲκφωνήσεως
3318 813 3649 881 παρεδίδοτο.
3693 816 3815 887 ’ῼδὴ
3840 815 3898 869 δὲ
3935 814 4061 882 ὑπὲρ

824 905 1039 959 dilecto.
1074 905 1266 959 Tibine
1295 907 1544 961 indicabo
1579 922 1723 972 eum,
1760 926 1918 979 quem
1951 908 2229 978 Scriptura
2259 910 2392 964 dicit

823 1000 1109 1052 dilectum?
1162 1015 1227 1054 an
1270 1003 1434 1053 etiam
1482 1002 1632 1069 prius
1688 1004 1823 1056 nosti
1883 1016 2045 1066 quam
2103 1020 2385 1068 enarrem,

818 1090 1141 1160 evangelica:
1173 1090 1317 1145 vocis
1348 1091 1592 1146 memor?
1627 1090 1727 1144 llic
1749 1099 1825 1143 est
1853 1088 2027 1145 Filius
2066 1109 2209 1145 meus
2252 1091 2388 1145 dile-

818 1197 929 1237 ctus
948 1184 1001 1236 in
1021 1200 1122 1254 quo
1142 1184 1267 1236 mihi
1289 1182 1413 1238 bene
1434 1182 1747 1251 complacui,
1777 1182 1948 1250 ipsum
1972 1184 2150 1236 audite
2168 1182 2233 1235 ".
2254 1180 2387 1236 Nam

818 1277 1049 1331 dilectus
1078 1276 1225 1331 Patri
1257 1278 1475 1346 quidem
1506 1284 1588 1329 est
1616 1284 1674 1328 ut
1702 1273 2050 1346 Unigeuitns;
2079 1274 2224 1328 omni
2258 1289 2387 1329 vero

816 1380 1078 1424 creaturae
1107 1380 1164 1423 ιιι
1204 1379 1357 1440 pater
1386 1367 1651 1439 benignus
1685 1377 1740 1424 et
1768 1370 1939 1422 bonus
1971 1380 2189 1434 praeses.
2231 1366 2375 1420 Idem

810 1473 993 1518 autem
1016 1472 1099 1516 est
1130 1470 1318 1515 natura
1350 1470 1403 1514 et
1433 1460 1684 1517 dilectum
1715 1471 1767 1515 et
1793 1462 2013 1514 bonum.
2041 1458 2382 1527 Quapropter

816 1564 959 1609 recte
1003 1554 1116 1623 jam
1163 1551 1488 1607 definierunt
1526 1554 1783 1623 quidam,
1823 1551 2020 1603 bonum
2070 1566 2191 1605 esse
2239 1552 2382 1620 quod

810 1648 989 1702 omnia
1030 1657 1306 1718 expetunt.
1340 1643 1456 1700 Non
1487 1656 1665 1699 autem
1699 1642 1988 1710 cujuslibet
2022 1654 2105 1697 est
2136 1642 2201 1697 ad
2244 1644 2379 1697 cha-

817 1741 990 1795 ritatis
1031 1740 1316 1812 pervenire
1358 1735 1741 1807 perfectionem
1767 1774 1782 1800 ,
1824 1744 1880 1789 et
1920 1750 2041 1790 eum
2084 1748 2381 1805 agnoscere

811 1836 902 1903 qui
936 1849 1062 1889 vere
1095 1844 1179 1886 est
1222 1831 1452 1885 dilectus
1484 1845 1499 1883 :
1536 1830 1629 1884 sed
1657 1827 1794 1897 ejus,
1830 1829 1921 1895 qui
1948 1828 2059 1897 jam
2108 1829 2259 1884 exuit
2288 1842 2379 1883 ve-

2492 900 2583 953 τοῦ
2614 900 2920 969 ἀγαπητοῦ.
2964 899 3112 971 ⁷Αρά
3148 920 3229 955 σοι
3260 903 3592 974 διηγήσομαι
3628 905 3720 956 τόν
3762 906 4057 976 ἀγαπητὸν,

2490 994 2673 1046 ὅντινα
2698 993 2725 1044 ὁ
2758 991 2914 1061 λόγος
2945 988 3084 1046 εἷναί
3108 1011 3307 1064 φησιν;
3344 998 3375 1067 ἢ
3410 995 3504 1049 καὶ
3532 994 3636 1067 πρὸ
3657 995 3763 1048 τῶν
3791 1000 3947 1067 ἡμῶν
3978 1000 4057 1052 λό-

2491 1103 2602 1154 γων
2648 1084 2961 1149 ἐπίστασαι,
3007 1086 3353 1156 μεμνημένος
3395 1088 3496 1159 τῆς
3541 1089 3597 1141 ὲν
3639 1086 3717 1157 τῷ
3753 1087 4059 1160 Εὑαγγελίῳ

2489 1179 2700 1248 φωνῆς,
2724 1174 2913 1245 Οὗτός
2937 1180 3106 1233 ἐστιν
3136 1181 3170 1231 ὁ
3198 1179 3329 1243 Υἱός
3356 1199 3476 1247 μου
3511 1184 3544 1235 ὁ
3582 1179 3891 1251 ἀγαπητός
3922 1180 3990 1231 ὲν
4016 1174 4060 1245 ᾧ

2487 1273 2792 1337 εὐδόκησα
2824 1270 2957 1341 (57)·
2983 1270 3168 1325 αὐτοῦ
3208 1270 3477 1328 ἀκούετε.
3523 1273 3827 1343 Ἀγαπητὸς
3854 1272 4058 1345 γὰρτῷ

2488 1364 2662 1435 Πατρὶ
2699 1362 2797 1433 μὲν
2834 1363 2910 1426 ὡς
2964 1361 3307 1432 Μονογενὴς,
3353 1365 3420 1433 τῇ
3472 1363 3644 1416 κτίσει
3694 1365 3749 1418 δὲ
3791 1365 3942 1439 πάσῃ
3989 1364 4057 1427 ὼς

2486 1456 2668 1526 πατὴρ
2710 1453 3089 1526 φιλάνθρωπος
3114 1456 3205 1509 καὶ
3230 1454 3433 1524 ἀγαθὸς
3473 1457 3803 1528 προστάτης.
3831 1457 3906 1510 Τὸ
3935 1456 4057 1511 αὑτὸ

2483 1549 2540 1602 δέ
2571 1551 2683 1602 ἐστι
2729 1550 2793 1617 τῇ
2840 1548 3000 1616 φύσει
3054 1550 3149 1602 καὶ
3192 1548 3478 1620 ἀγαπητὸν
3518 1549 3611 1600 καὶ
3645 1550 3870 1616 ἀγαθόν.
3920 1550 4054 1601 Διότι

2484 1640 2664 1705 καλῶς
2711 1640 2979 1711 ὡρίσαντο
3020 1643 3119 1714 ήδη
3162 1641 3324 1704 τινὲς,
3360 1641 3563 1711 ἀγαθὸν
3596 1636 3735 1694 εἶναι
3774 1636 3835 1693 οὗ
3887 1640 4054 1692 πάντα

2482 1735 2714 1806 ἐφίεται.
2747 1734 2822 1788 Οὐ
2858 1734 2952 1787 τοῦ
2986 1735 3235 1806 τυχόντος
3266 1732 3324 1785 δέ
3354 1736 3502 1788 ἐστιν
3533 1735 3610 1796 είς
3633 1733 3694 1785 τὸ
3723 1732 3929 1785 τέλειον
3954 1750 4053 1803 χω-

2487 1828 2646 1899 ρῆσαι
2688 1828 2787 1895 τῆς
2825 1824 2937 1897 (58)
2979 1827 3220 1896 ἀγάπης,
3263 1826 3357 1878 καὶ
3403 1825 3494 1880 τὸν
3560 1826 3731 1888 ὅντως
3779 1826 4055 1896 ἀγαπητὸν

814 1940 977 1981 terem
1029 1923 1323 1985 hominem,
1373 1924 1426 1981 in
1465 1921 1746 1977 desideriis
1777 1920 1979 1976 erroris
2025 1931 2372 1991 corruptum,
2408 1892 2496 1973 Βέ

2370 1967 2372 1977 .
2408 1892 2452 1952 Β
2480 1892 2812 1987 ἐπιγνῶναι·
2834 1892 2991 1973 ’ἀλλά
3027 1892 3121 1971 τοῦ
3149 1892 3521 1988 ἐκδυσαμὲνου
3556 1920 3655 1991 ἤδη
3691 1920 3781 1974 τὸν
3831 1892 4052 1975 παλαιὸν

809 2007 981 2074 induit
1031 2030 1161 2069 vero
1203 2029 1420 2078 novum,
1457 2014 1547 2082 qui
1594 2023 1884 2067 renovatur
1921 2013 1987 2067 ad
2042 2013 2373 2081 agnitionem

808 2107 1105 2163 secundum
1138 2106 1425 2179 imaginem
1472 2104 1768 2160 conditoris
1800 2106 1866 2159 ".
1903 2104 2114 2158 Etenim
2148 2106 2238 2175 qui
2282 2121 2376 2175 pe-

806 2200 995 2253 cunias
1051 2197 1249 2266 diligit,
1304 2211 1702 2266 corporumque
1753 2194 2205 2265 pulchritudinem
2249 2209 2375 2265 per-

814 2294 1012 2347 ituram
1074 2291 1398 2360 impotenter
1423 2300 1798 2353 consectatur,
1846 2296 1902 2342 et
1957 2304 2096 2344 nanc
2154 2288 2375 2359 praefert

805 2386 1105 2456 gloriolam,
1131 2384 1181 2437 vi
1213 2382 1463 2452 diligendi
1495 2382 1545 2435 in
1575 2382 1661 2445 iis,
1690 2380 1740 2436 in
1764 2382 1959 2450 quibus
1988 2397 2092 2435 non
2126 2381 2370 2447 decebat,

804 2481 1104 2549 insumpta,
1146 2478 1191 2531 is
1252 2487 1554 2532 excaecatus
1599 2484 1681 2530 est
1728 2476 1793 2529 ad
1839 2489 1963 2529 vere
2005 2475 2182 2530 dilecti
2238 2490 2369 2530 con-

806 2569 1233 2640 tcmplationem.
1287 2568 1412 2624 Ideo
1464 2570 1573 2624 ait:
1624 2568 1818 2640 Diliges
1874 2568 2151 2624 Dominum
2202 2567 2371 2624 Deum

802 2674 950 2714 tuum
985 2679 1050 2717 ex
1080 2672 1187 2717 toto
1220 2664 1377 2715 corde
1405 2672 1515 2725 tuo,
1550 2673 1599 2716 et
1637 2680 1700 2715 ea:
1728 2672 1838 2717 tota
1866 2664 2041 2716 anima
2073 2674 2162 2717 tua
2187 2703 2203 2727 ,
2231 2672 2280 2718 et
2307 2679 2372 2717 ea:

802 2764 910 2806 tota
945 2762 1113 2807 mente
1135 2764 1224 2805 tua
1253 2754 1295 2783 ’⁷
1358 2752 1554 2805 Verum
1585 2752 1715 2806 illud
1785 2750 1870 2806 Ex
1903 2764 2011 2806 tota
2035 2795 2049 2819 ,
2081 2756 2280 2808 nullam
2314 2756 2368 2809 in

803 2848 905 2898 alia
939 2847 1282 2914 partitionem
1311 2845 1564 2899 admittit.
1595 2845 1865 2911 Quantum
1895 2846 2036 2900 enim
2065 2846 2369 2900 dilectionis

805 2941 855 2990 in
882 2938 994 2990 haec
1019 2935 1275 2991 inferiora
1303 2934 1680 3003 iusumpseris,
1706 2944 1913 2990 tantum
1936 2935 2029 2994 tibi
2057 2937 2369 2990 necessario

801 3028 973 3083 deerit
998 3043 1029 3082 a
1061 3036 1192 3083 toto.
1230 3026 1565 3098 Quapropter
1592 3026 1743 3096 pauci
1788 3041 1852 3081 ex
1887 3026 2171 3091 omnibus,
2205 3026 2367 3081 amici

806 3121 897 3175 Dei
918 3119 1166 3190 appellati
1200 3130 1357 3184 sunt;
1385 3118 1835 3189 quemadmodum
1870 3118 2066 3175 litteris
2094 3120 2365 3188 proditum

2478 2009 2784 2081 ἄνθρωπον,
2813 2011 2903 2064 τὸν
2947 2009 3302 2081 φθειρόμενον
3332 2009 3472 2062 κατὰ
3500 2010 3597 2073 τάς
3627 2010 3924 2081 ἐπιθυμίας
3963 2012 4053 2080 τῆς

2477 2101 2712 2173 ἀπάτης,
2744 2102 2836 2155 καὶ
2860 2100 3219 2171 ὲνδυσαμένου
3250 2101 3339 2154 τὸν
3374 2100 3511 2166 νέον,
3537 2102 3629 2153 τὸν
3664 2102 4051 2171 ἀνακαινούμε-

2474 2211 2563 2247 νον
2594 2195 2672 2257 είς
2699 2195 2995 2264 ἐπίγνωσιν
3038 2192 3160 2249 κατ’
3194 2193 3390 2253 εἰκόνα,
3412 2192 3507 2247 τοῦ
3551 2193 3858 2259 κτίσαντος.
3906 2193 4050 2247 Ἐπεὶ

2474 2288 2503 2341 ὃ
2524 2304 2585 2355 γε
2610 2290 2867 2359 χρήματα
2896 2290 3145 2357 ἀγαπῶν,
3173 2288 3267 2341 καὶ
3292 2287 3420 2357 περὶ
3444 2286 3507 2339 τὸ
3549 2286 3789 2359 φθαρτὸν
3818 2288 3927 2339 τῶν
3959 2302 4050 2336 σω-

2477 2380 2661 2451 μάτων
2699 2381 2894 2445 κάλλος
2932 2381 3301 2451 ἐπτοημένος,
3343 2379 3437 2433 καὶ
3483 2380 3544 2433 τὸ
3592 2381 3839 2453 δοξάριον
3892 2376 4049 2429 τοῦτο

2474 2472 2811 2545 ὑπερτιμῶν,
2835 2473 2933 2545 τὴν
2971 2473 3063 2527 τοῦ
3109 2474 3329 2544 ἀγαπᾷν
3362 2471 3589 2544 δύναμιν
3626 2474 3738 2540 (59)
3782 2471 3867 2539 ἐφ’
3910 2470 3945 2523 ἀ
3976 2471 4045 2541 μὴ

2472 2566 2749 2641 προσῆκεν
2792 2566 3094 2633 ἀναλώσας,
3144 2568 3280 2639 πρὸς
3322 2565 3418 2638 τὴν
3467 2566 3559 2619 τοῦ
3608 2561 3875 2634 ἀληθινῶς
3920 2563 4049 2631 ἀγα·

2472 2658 2643 2729 πητοῦ
2674 2659 2804 2715 θέαν
2834 2659 3221 2730 άπετυφλὼθη.
3246 2658 3345 2712 Διά
3376 2659 3532 2712 τοῦτό
3567 2670 3759 2726 φηςιν·
3798 2653 4047 2723 Ἀγαπή-

2468 2769 2601 2819 σεις
2630 2755 2850 2822 Κύριον
2876 2754 2984 2808 τὸν
3030 2753 3177 2807 Θεόν
3216 2768 3333 2806 σου
3363 2751 3432 2816 ἐξ
3483 2751 3633 2815 ὅλης
3665 2745 3773 2815 τῆς
3805 2746 4047 2814 καρδίας

2468 2859 2607 2907 σου,
2640 2845 2735 2897 καὶ
2756 2845 2824 2909 ἐξ
2849 2846 2998 2913 ὅλης
3020 2844 3129 2914 τῆς
3152 2844 3361 2914 ψυχῆς
3384 2860 3519 2901 σου.
3545 2839 3642 2892 καὶ
3664 2840 3732 2904 ἐξ
3764 2839 3913 2906 ὅλης
3946 2836 4049 2900 τῆς

2468 2934 2735 3001 διανοίας
2764 2952 2903 2990 σου.
2930 2935 3004 2988 Τὸ
3036 2935 3113 2997 δὲ,
3150 2934 3252 2998 Ἐξ
3289 2934 3457 2999 ὅλης,
3497 2931 3759 3001 μερισμὸν
3786 2932 3865 2991 εἰς
3889 2928 4046 2994 ἕτερα

2468 3027 2568 3082 οὐκ
2593 3026 2921 3099 ἐπιδέχεται.
2960 3028 3124 3081 Ὅσον
3154 3024 3389 3098 γάρ(60)
3427 3024 3491 3078 ἂν
3525 3024 3624 3095 τῆς
3659 3024 3881 3091 ἀγάπης
3908 3034 4045 3087 παρ’

2470 3122 2753 3196 αναλώσῃς
2809 3122 2904 3176 ἐπὶ
2961 3119 3031 3175 τά
3078 3120 3263 3181 κάτω,
3323 3118 3576 3172 τοσοῦτόν
3634 3136 3715 3170 σοι
3766 3114 3940 3181 λείψει
3992 3112 4047 3175 ἐξ

801 3224 884 3268 est
932 3214 1151 3281 Moysen
1200 3212 1366 3267 fuisse
1422 3212 1653 3269 amicum
1712 3212 1806 3279 ";
1860 3215 1986 3269 item
2043 3212 2305 3269 Joannem
2350 3230 2483 3298 τοι

2364 3233 2367 3265 ⁵
2396 3239 2436 3298 c
2471 3216 2716 3285 ἀνάγκης
2746 3212 2854 3268 ἀπὸ
2884 3211 2977 3266 τοῦ
3011 3211 3153 3267 ὅλου.
3190 3211 3288 3265 Διά
3316 3209 3477 3265 τοῦτο
3520 3210 3690 3276 ὀλίγοι
3730 3208 3792 3258 ὲκ
3833 3205 4046 3257 πάντων

802 3306 1011 3357 Amicus
1036 3305 1195 3367 enim,
1221 3304 1414 3370 inquit,
1444 3306 1640 3373 sponsi,
1667 3314 1834 3369 stans,
1856 3306 2050 3374 gaudio
2073 3306 2264 3375 gaudet
2286 3307 2328 3337 "
2350 3319 2367 3358 :

802 3398 904 3452 hoc
931 3405 1039 3462 est,
1097 3396 1187 3466 qui
1243 3395 1490 3450 stabilem
1545 3404 1598 3450 et
1643 3396 1967 3451 immobilem
1998 3397 2047 3449 iu
2089 3397 2365 3451 Christum

800 3503 1039 3543 amorem
1068 3489 1251 3551 habet,
1277 3487 1322 3541 is
1347 3488 1537 3555 dignus
1562 3497 1644 3541 est
1675 3487 1842 3557 ipsius
1872 3488 2133 3544 amicitia.
2164 3487 2366 3543 Idcirco

794 3580 957 3631 etiam
1002 3576 1283 3646 discipulis
1324 3577 1438 3647 jam
1489 3576 1741 3647 perlectis
1791 3577 2048 3632 Dominus
2081 3577 2202 3634 ait:
2244 3577 2363 3632 Non

796 3668 1020 3739 amplius
1069 3684 1155 3723 vos
1190 3670 1309 3721 dico
1339 3685 1512 3723 servos
1598 3672 1688 3723 sed
1726 3672 1965 3725 amicos:
2015 3673 2142 3740 quia
2188 3688 2364 3727 seruus

796 3762 957 3815 nescit
991 3761 1115 3834 quid
1156 3761 1315 3831 faciat
1357 3760 1602 3815 dominus
1650 3778 1763 3831 ejus
1805 3764 1870 3818 '°.
1928 3763 2158 3818 Perfecti
2202 3767 2364 3837 igitur

796 3863 903 3916 est,
937 3868 1061 3908 vere
1090 3853 1340 3908 dilectum
1366 3867 1707 3924 cognoscere.
1744 3852 1807 3906 Et
1837 3868 2045 3921 revera,
2076 3857 2173 3909 soli
2200 3857 2359 3911 amici

800 3945 914 4009 Dei,
945 3955 996 3999 et
1026 3946 1164 4000 inter
1196 3960 1331 4015 quos
1364 3946 1651 4001 intercedit
1682 3957 1863 4001 mutua
1895 3948 2152 4013 amicitia,
2182 3951 2358 4004 sancti

797 4047 923 4091 sunt
951 4050 967 4091 :
1000 4051 1156 4092 nemo
1185 4049 1363 4093 autem
1400 4040 1763 4109 improborum
1796 4050 1886 4095 aut
1914 4041 2196 4097 stultorum
2223 4044 2359 4098 ami-

794 4143 893 4184 cus
926 4138 1026 4183 est.
1074 4127 1260 4198 Neque
1308 4131 1450 4183 enim
1486 4131 1737 4185 amicitia:
1763 4133 1981 4190 tbonum
2031 4134 2083 4188 in
2135 4150 2356 4205 pravum

793 4219 1044 4275 affectum
1073 4221 1253 4286 cadit,
1303 4223 1556 4291 quoniam
1593 4223 1725 4277 nihil
1763 4234 1916 4292 turpe
1946 4236 2037 4279 aut
2084 4227 2361 4283 inconcin-

794 4328 920 4367 num
945 4313 997 4367 in
1024 4312 1273 4367 amicitiae
1305 4312 1650 4369 concordiam
1687 4313 1891 4382 ingredi
1935 4324 2126 4382 potest.
2163 4316 2356 4371 Malum

792 4406 937 4459 enim
987 4421 1092 4460 non
1128 4407 1267 4460 bono
1308 4403 1501 4469 solum,
1531 4404 1625 4459 sed
1674 4404 1845 4474 ipsum
1906 4407 2069 4460 etiam
2100 4408 2203 4462 sibi
2256 4409 2357 4477 ipsi

793 4494 1123 4548 contrarium
1159 4506 1264 4549 est.
1293 4491 1410 4549 Iam
1455 4508 1582 4548 vero
1617 4494 1682 4548 ad
1727 4494 1886 4548 verba
1928 4496 2117 4564 psalmi
2151 4513 2355 4566 expen-

793 4586 963 4639 denda
991 4587 1424 4657 progrediamur.

855 4746 908 4799 3.
952 4745 1113 4800 Vsus.
1143 4744 1197 4799 2.
1239 4745 1514 4799 Eructavit
1553 4762 1644 4799 cor
1680 4762 1848 4798 meum
1896 4746 2105 4799 uerbum
2139 4748 2349 4803 bonum.

785 4836 901 4892 .Iam
932 4841 1146 4909 quidem
1191 4838 1431 4893 nonnulli
1480 4840 1857 4891 existimavere
1899 4839 2083 4893 istbmc
2130 4857 2193 4894 ex
2232 4858 2353 4912 per-

858 4978 903 5008 ”
929 4978 1112 5031 Matth.
1152 4993 1281 5042 xvn,
1312 4976 1365 5030 5.
1440 4976 1486 5007 ¹⁶
1528 4975 1722 5046 Epltes.
1761 4991 1833 5041 tv,
1888 4978 1976 5039 22.
2013 4978 2105 5035 24.

785 5046 833 5081 ³ο
861 5046 1014 5103 Joau.
1041 5064 1130 5111 xv,
1173 5050 1259 5101 1‘3.

856 5163 965 5232 (57)
1000 5163 1291 5218 Colbertini
1338 5165 1576 5232 quintus,
1612 5174 1795 5218 sextus
1839 5175 1892 5216 et
1919 5166 2181 5232 sentimus
2223 5186 2345 5224 cum

783 5231 1016 5309 editione
1040 5236 1210 5309 Paris.
1244 5246 1298 5289 et
1346 5231 1465 5309 cum
1494 5232 1642 5309 ΔΡιιξεζ.
1674 5237 1959 5309 quartoév
1980 5231 2022 5304 ᾧ
2057 5238 2344 5309 εὐδόκησα,

783 5318 830 5378 ιιι
851 5308 931 5378 ita
966 5304 1161 5373 legitur
1190 5308 1328 5373 apud
1358 5303 1665 5378 Mattlueum
1693 5321 1824 5367 χιιι,
1860 5307 1912 5360 5.
1946 5312 2012 5361 At
2038 5309 2183 5366 illud.
2214 5303 2269 5361 ιύ
2302 5306 2347 5378 ᾧ

783 5374 1067 5443 εὐδόκησα,
1116 5392 1217 5427 non
1270 5376 1536 5440 reperitur
1583 5391 1755 5443 neque
1815 5378 1865 5429 in
1915 5379 2148 5431 editione
2184 5374 2345 5434 Basil'.

786 5460 958 5512 neque
988 5445 1249 5517 IILBPSIIS
1278 5450 1517 5499 Secundo
1544 5458 1598 5499 ct
1632 5448 1808 5507 tertio,
1854 5462 2026 5514 neque
2075 5454 2212 5517 apud
2245 5451 2351 5504 Ln-

781 5531 895 5565 cattt
928 5532 1000 5575 Ix,
1028 5515 1116 5568 55.

850 5585 958 5655 (58)
994 5584 1065 5637 Ita
1099 5585 1245 5637 multi
1291 5600 1422 5637 mss.
1457 5587 1615 5641 Deest
1650 5587 1747 5655 τῆς
1772 5586 1821 5639 in
1855 5587 2013 5639 editis
2047 5596 2102 5639 et
2145 5588 2194 5640 in
2227 5589 2349 5644 aliis

780 5669 907 5709 tnSs.
949 5672 1048 5707 non
1088 5657 1289 5724 paucis.
1327 5655 1452 5707 Illud
1485 5658 1623 5723 quod
1673 5672 1793 5709 mox
1827 5656 2087 5723 sequitur,
2114 5660 2193 5721 εἰς
2225 5660 2349 5711 ἐπί.

778 5740 995 5789 γνωσιν,
1039 5729 1187 5777 abest
1220 5742 1245 5775 a
1281 5726 1448 5778 tribus
1475 5742 1599 5779 mss.

848 5797 954 5867 (.39)
990 5796 1163 5847 Etltlio
1260 5797 1371 5847 tris.
1406 5811 1527 5847 cum
1563 5796 1715 5867 Cn”).
1750 5806 1900 5849 sexto
1929 5796 2028 5865 τὴν
2060 5796 2153 5849 τοῦ
2194 5800 2335 5867 ἀγα-

782 5866 885 5934 πᾷν
917 5865 1161 5935 δύναμιν.
1202 5864 1240 5918 Ε
1265 5868 1377 5923 Sitio
1410 5882 1533 5920 vero
1562 5866 1718 5920 Basil.
1750 5878 1801 5919 et
1846 5864 2039 5921 novem
2078 5884 2205 5923 mss.
2236 5864 2333 5939 τὴν

2210 4984 2253 5013 ’⁷
2291 4985 2457 5045 Marc.
2492 5012 2601 5061 xu,
2628 4997 2718 5053 50.

2470 3309 2611 3376 φίλοι
2663 3307 2797 3360 Θεοῦ
2851 3304 3403 3377 προσηγορεύθησαν·
3444 3304 3518 3365 ὡς
3562 3299 3802 3368 Μωῡσῆς
3847 3297 4045 3364 ἀναγέ-

2467 3416 2708 3469 γραπται
2746 3393 2887 3453 εἶναι
2921 3398 3101 3467 φίλοςο
3134 3397 3210 3462 ὡς
3268 3396 3518 3464 Ἰωάννης
3540 3410 3554 3421 ·
3604 3393 3666 3443 '0
3700 3390 3811 3460 γὰρ
3846 3392 4042 3459 φίλος.

2466 3485 2618 3556 φησὶ,
2644 3485 2750 3539 τοῦ
2771 3486 3055 3555 νυμφίου,
3084 3486 3292 3551 ἑστὼς,
3323 3482 3475 3551 χαρᾷ
3502 3481 3690 3549 χαίρει
3708 3497 3721 3510 ο
3743 3481 4041 3543 τουτέστιν,

2463 3578 2491 3627 ὁ
2522 3577 2582 3629 τὸ
2617 3578 2879 3649 στάσιμον
2911 3578 3050 3649 ἔχων
3082 3579 3175 3631 καὶ
3206 3573 3603 3646 ἀμετακίνητον
3635 3575 3734 3646 τῆς
3776 3578 3855 3639 είς
3909 3578 4041 3646 Χρι-

2466 3668 2589 3722 στὸν
2634 3671 2835 3738 φιλίας,
2888 3666 3040 3732 οὗτος
3081 3668 3229 3734 ἄξιος
3267 3668 3366 3737 τῆς
3392 3666 3557 3720 αὑτοῦ
3594 3666 3795 3735 φιλίας.
3827 3668 3919 3720 Διὸ
3952 3667 4044 3719 καὶ

2461 3765 2575 3824 τοῖς
2613 3762 2879 3834 μαθηταῖς
2910 3762 3008 3831 ἤδη
3042 3758 3436 3831 τελειουμένοις
3478 3760 3507 3812 ὁ
3546 3759 3771 3831 Κύριος,
3808 3758 4039 3821 Οὐκέτι,

2464 3855 2646 3924 φησιν,
2675 3853 2829 3923 ὑμᾶς
2870 3853 3023 3922 λέγω
3055 3852 3335 3919 δούλους.
3387 3852 3551 3908 ἀλλὰ
3599 3856 3851 3923 φίλους·
3889 3853 3978 3907 ὅτι
4011 3858 4042 3907 d

2460 3946 2681 4010 δοῦλος
2710 3947 2822 3998 οὐκ
2850 3940 2974 3998 οἵδε
3005 3945 3062 3998 τί
3100 3945 3259 3999 ποιεῖ
3288 3949 3321 3999 ό
3350 3945 3551 4012 κύριος
3582 3945 3789 3999 αὑτοῦ.
3823 3945 4040 3999 Τελείου

2457 4038 2636 4089 τοίνυν
2668 4036 2786 4089 ἐστὶ
2826 4037 2888 4089 τὸ
2929 4037 3019 4089 τὸν
3076 4036 3243 4100 ὅντως
3272 4036 3552 4106 ἀγαπητὸν
3582 4036 3904 4105 ἐπιγνῶναι.
3932 4039 4041 4092 Καὶ

2457 4128 2535 4199 τῷ
2566 4128 2678 4182 ὅντι
2712 4129 2858 4199 μόνοι
2891 4128 3030 4198 φίλοι
3069 4127 3205 4183 Θεοῦ
3243 4128 3336 4183 καὶ
3378 4128 3626 4200 ἀλλήλοις
3652 4131 3699 4183 oi
3730 4130 3876 4197 ἅγιοι
3898 4148 3912 4162 ·
3948 4131 4038 4183 οὑ-

2458 4217 2568 4280 δεὶς
2600 4215 2655 4268 δὲ
2694 4217 2800 4271 τῶν
2848 4218 3098 4289 πονηρῶν
3137 4218 3231 4272 καὶ
3280 4218 3508 4289 ἀμαθῶν
3559 4220 3730 4288 φίλος.
3762 4221 3897 4274 Οὐδὲ
3932 4220 4039 4289 γάρ

2459 4309 2646 4361 πίπτει
2680 4309 2741 4362 τὸ
2777 4310 2875 4380 τῆς
2922 4311 3100 4379 φιλίας
3148 4309 3311 4363 καλόν
3343 4314 3422 4373 είς
3456 4311 3733 4383 μοχθηρὰν
3764 4314 4036 4366 διάθεσιν·

2457 4401 2590 4453 διότι
2624 4402 2775 4454 οὐδὲν
2820 4404 3043 4473 αίσχρδν
3075 4404 3169 4455 καὶ
3218 4402 3558 4473 ἀνάρμοστον
3602 4409 3681 4468 είς
3715 4406 4047 4476 συμφωνίαν

2456 4489 2678 4543 δύναται
2706 4494 2950 4563 χωρῆσαι
2982 4492 3181 4561 φιλίας.
3211 4493 3284 4546 Τὸ
3317 4495 3425 4565 γὰρ
3458 4494 3625 4549 κακὸν
3653 4498 3712 4548 οὐ
3741 4496 3818 4565 τῷ
3844 4495 4037 4565 ἀγαθῷ

2386 4580 2429 4636 D
2460 4581 2699 4635 ἐναντίον
2738 4583 2857 4636 ἐστὶ
2894 4585 3075 4655 μόνον,
3108 4584 3242 4639 ἀλλά
3272 4586 3367 4641 καὶ
3398 4588 3531 4641 αὐτὸ
3578 4586 3774 4656 ἑαυτῷ.
3812 4588 3951 4657 Ἤδη
3980 4588 4034 4641 δὲ

2462 4673 2556 4725 καὶ
2588 4675 2679 4727 ἐπὶ
2726 4675 2823 4747 τὴν
2856 4677 2963 4747 (6|)
2997 4677 3238 4742 ἐξέτασιν
3277 4681 3384 4732 τῶν
3431 4681 3689 4751 ῥημάτων
3734 4681 4028 4749 προΐωμεν.

2530 4766 2583 4819 5.
2626 4768 3020 4837 Ἐξηρεύξατο
3064 4770 3101 4838 ἠ
3144 4771 3355 4840 καρδία
3394 4790 3513 4842 μου
3553 4772 3738 4838 λόγον
3784 4772 4028 4839 ἀγαθόν.

2464 4856 2599 4927 Ἤδη
2652 4859 2754 4930 μέν
2804 4879 2947 4927 τινες
2980 4862 3237 4935 ᾠήθησαν
3267 4867 3329 4918 ὲκ
3363 4863 3650 4936 προσώπου
3683 4863 3779 4917 τοῦ
3818 4865 4032 4937 Πατρός

2827 5004 2871 5033 ’³
2902 5000 3067 5057 Exod.
3102 5018 3312 5067 χχχιιι,
3369 5003 3452 5057 II.
3554 5003 3598 5035 "
3628 5001 3784 5058 Joan.
3823 5021 3907 5067 ut,
3936 5005 4023 5059 29.

2446 5176 2538 5229 τοῦ
2552 5178 2841 5251 ﬁxas-3,105
2858 5180 3109 5251 δύναμιν.

2521 5247 2631 5318 (δυ)
2666 5247 2743 5303 tm
2779 5267 2914 5324 mss.
2951 5247 3108 5305 Deest
3141 5252 3249 5324 γάρ
3292 5253 3343 5307 in
3406 5253 3643 5324 editione
3686 5255 3858 5308 Paris.
3903 5253 4022 5324 ιιοι

2450 5333 2577 5370 mss.
2638 5335 2728 5372 sex
2760 5321 2916 5373 τοῦτό
2968 5339 3069 5375 σοι.
3113 5321 3251 5379 Editi
3300 5338 3427 5378 vero
3457 5323 3707 5378 τοσοῦτόν
3740 5341 3843 5376 σοι.
3893 5323 4026 5376 ,Ιιιιι-

2449 5398 2590 5439 ctum
2619 5400 2698 5443 est
2734 5403 3020 5461 utrumque
3052 5396 3103 5446 in
3142 5396 3272 5464 Heg.
3303 5396 3561 5460 secundo,
3588 5395 3842 5447 τοσοῦτον
3864 5394 4026 5447 τοῦτό

2451 5473 2551 5511 σοι.

2522 5530 2631 5598 (61)
2669 5530 2805 5583 Editi
2831 5602 2839 5605 _
2866 5548 2988 5585 cum
3021 5547 3127 5605 uno
3158 5544 3252 5587 aut
3286 5533 3457 5589 altero
3512 5550 3613 5587 ms.
3668 5534 3761 5587 ἐπὶ
3797 5535 3920 5605 τήν.
3960 5537 4026 5587 At

2449 5612 2578 5675 mss".
2604 5616 2693 5675 sex
2725 5602 2850 5670 περὶ
2873 5604 2992 5675 τῄν.
3020 5602 3147 5666 Quae
3175 5620 3294 5675 mox
3325 5617 3640 5672 sequuntur,
3660 5602 4027 5675 Ὲξηρεύξατο

2443 5668 2475 5749 η
2511 5670 2701 5749 καρδία
2724 5668 2837 5749 ,μου
2873 5668 3026 5749 λόγον
3053 5674 3281 5749 ἀγαθόν,
3314 5668 3559 5749 leguntur
3585 5668 3805 5749 quitletii
3828 5677 3880 5727 in
3910 5668 4024 5729 edi-

2442 5739 2581 5791 litim:
2618 5739 2950 5805 Parisiensi,
2978 5746 3070 5797 ευιι
3100 5739 3297 5799 desunt
3331 5739 3388 5799 ei
3415 5747 3464 5799 in
3495 5739 3699 5800 nostris
3731 5762 3864 5800 mss.
3888 5759 3941 5802 et
3967 5748 4019 5801 in

2434 5810 2662 5864 editione
2697 5809 2857 5865 Bzisil.
