4260 6498
264 473 376 526 593

1383 476 1666 533 ιιΟΜιιιιΛ
1709 480 1772 535 IN
1814 479 2145 540 PSALMUM
2194 477 2381 540 XLIV.

3410 484 3512 538 σοι

265 587 516 656 λέγεσθαι
545 590 717 644 ταῦτα
753 593 880 664 περὶ
913 590 1004 646 τοῦ
1039 592 1096 645 ὲν
1131 592 1272 664 ἀρχῇ
1304 592 1455 656 ὄντος
1501 591 1635 664 πρὸς
1680 595 1842 648 αὐτὸν
1870 600 1916 656 Α
1945 618 1947 647 :

1829 600 1916 656 Ἀ
1945 611 2075 650 sona
2105 597 2280 657 Patris
2315 603 2381 658 de
2425 597 2606 655 Verbo
2650 600 2787 670 apud
2819 600 2990 672 ipsum
3032 598 3083 652 in
3121 596 3385 668 principio
3416 611 3511 649 ex-

265 682 463 750 Λόγου,
506 683 566 735 εν
605 685 670 735 ἐκ
714 683 815 755 τῆς
866 686 1027 740 οἱονεὶ
1085 686 1311 757 καρδίας
1365 685 1460 738 καὶ
1504 686 1683 740 αὐτῶν
1732 687 1841 740 τῶν

262 772 608 843 σπλάγχνων,
653 776 806 844 φασὶ,
851 776 1134 846 προήγαγε
1165 777 1274 848 (62)
1298 795 1311 809 ο
1353 777 1447 830 καὶ
1483 778 1593 830 ἀπὸ
1629 778 1840 848 ἀγαθῆς

259 867 490 938 καρδίας
511 867 712 934 ἀγαθὸς
739 870 896 938 λόγος
926 871 1220 942 προῆλθεν·
1257 871 1380 942 ἐμοὶ
1413 870 1470 922 δὲ
1495 871 1643 925 δοκεῖ
1667 871 1841 925 ταῦτα

261 961 357 1012 ἐπὶ
396 958 459 1011 τὸ
494 962 827 1032 προφητικὸν
864 963 1227 1035 ἀναφέρεσθαι
1273 963 1580 1033 πρόσωπον.
1613 966 1695 1019 Τὰ
1731 964 1840 1034 γάρ

259 1049 458 1122 ἑφεξῆς
489 1051 584 1106 τοῦ
616 1054 780 1126 ῥητοῦ
809 1053 991 1108 οὐκέτι
1016 1057 1216 1127 ὁμοίως
1249 1053 1553 1124 ἐξομαλίζει
1581 1060 1715 1129 ήμῖν
1741 1057 1840 1125 τὴν

261 1145 390 1215 περ)⁸
427 1145 518 1200 τοῦ
565 1146 778 1218 Πατρδς
810 1145 1087 1219 ἐξήγησιν.
1140 1145 1277 1199 Οὔτε
1311 1147 1420 1218 γάρ
1463 1148 1528 1203 ἂν
1568 1150 1697 1222 περὶ
1737 1148 1838 1218 τῆς

1941 691 2168 747 sisteute
2202 695 2304 748 dici
2335 711 2348 749 :
2380 697 2546 766 quod,
2571 693 2840 763 inquiunt,
2867 692 3016 748 velut
3049 706 3115 745 ex
3159 695 3321 746 corde
3360 700 3414 744 et
3446 705 3512 743 ex

1945 782 2076 850 ipsis
2129 784 2427 840 visceribus
2485 784 2764 856 produxit;
2820 796 2982 854 atque
3037 798 3101 838 ex
3152 783 3293 837 bono
3350 784 3511 836 corde

1944 874 2141 926 bonum
2170 875 2388 930 verbum
2415 877 2629 945 prodiit.
2658 875 2785 932 Milli
2811 890 2935 930 vero
2953 878 3199 932 videmur
3221 874 3334 927 lttec
3353 874 3505 945 161

1941 965 2007 1017 ad
2056 963 2340 1033 Prophetas
2388 980 2671 1035 personam
2716 966 2995 1022 referenda
3045 981 3186 1022 esse.
3223 963 3355 1019 Nam
3390 980 3510 1033 quae

1943 1058 2082 1111 hanc
2111 1058 2366 1126 deinceps
2413 1060 2733 1113 sententiam
2779 1067 3101 1131 sequuntur,
3139 1075 3243 1114 non
3280 1057 3510 1126 amplius

1938 1167 2091 1219 mque
2126 1153 2339 1221 planam
2372 1152 2630 1206 exhibent
2652 1153 2807 1206 nobis
2839 1156 2904 1207 de
2931 1151 3094 1208 Patre
3119 1155 3506 1209 narrationem.

257 1236 454 1292 ἑαυτοῦ
483 1238 732 1310 γλώσσης
756 1239 786 1291 ὁ
814 1240 1002 1314 Πατὴρ
1027 1239 1200 1304 εἶπεν,
1227 1241 1310 1292 ὅτι
1337 1242 1446 1312 (65)
1487 1245 1558 1299 Ἦ
1588 1243 1838 1313 γλῶσσὰ

1821 1243 1838 1296 i
1940 1242 2124 1313 Neque
2157 1245 2299 1298 enim
2337 1247 2403 1302 de
2451 1259 2547 1299 sua
2600 1245 2768 1313 ipsius
2819 1243 2997 1314 lingua
3044 1243 3205 1298 Pater
3255 1245 3451 1300 dixerit
3490 1261 3503 1298 :

249 1344 373 1395 μου
427 1326 696 1396 κάλαμος
748 1331 1129 1400 γραμματέως
1193 1330 1556 1402 όξυτράςρου.
1609 1333 1839 1400 Ὠριιῖος

1819 1355 1839 1399 ς
1942 1337 2142 1402 Lingua
2203 1353 2319 1391 mea
2381 1337 2616 1390 calamus
2675 1336 2862 1389 scribae
2906 1336 3146 1390 velociter
3209 1336 3501 1391 scribentis.

255 1419 469 1472 κάμιλοι
507 1419 665 1488 παρὰ
701 1423 840 1489 τοὺς
881 1422 1051 1488 υἱοὺς
1088 1423 1205 1476 τῶν
1235 1425 1579 1493 ἀνθρώπιον.
1626 1429 1700 1479 υύ
1731 1428 1836 1498 γὰρ

1821 1446 1836 1480 2
1939 1425 2105 1480 Vens.
2135 1426 2187 1479 3.
2216 1426 2492 1493 Speciosus
2541 1427 2714 1498 forma
2749 1445 2856 1494 pra:
2901 1428 3028 1496 [iliis
3058 1429 3347 1481 hominum.
3389 1425 3503 1481 Non

256 1513 321 1562 ὲκ
343 1510 440 1580 τῆς
460 1513 597 1583 πρὸς
614 1516 740 1579 τοὺς
761 1515 1076 1586 ἀνθρώπους
1095 1527 1428 1589 συγκρίσεως
1451 1520 1548 1589 τὴν
1564 1519 1836 1594 ὑπεροχὴν
1936 1546 1938 1566 ι

1824 1541 1836 1572 ι
1936 1522 2077 1574 enim
2122 1517 2535 1588 pulchritudinis
2571 1520 2931 1591 praestantiam
2977 1536 3042 1576 ex
3080 1519 3317 1574 humana
3366 1533 3506 1573 com-

254 1600 350 1654 τοῦ
375 1603 600 1672 κάλλους
623 1607 752 1676 ἔχει.
774 1607 882 1658 Καὶ
901 1608 1104 1678 προϊών
1127 1627 1257 1680 φησι
1279 1627 1292 1640 ο
1315 1609 1416 1662 Διὰ
1435 1610 1609 1666 τοῦτο
1629 1612 1836 1681 ἔχρισέ

1821 1612 1836 1667 ἓ
1937 1610 2216 1682 paratione
2240 1619 2533 1665 mutuatur.
2564 1611 2627 1665 Et
2658 1624 2974 1682 progressus
3005 1611 3081 1664 ait
3114 1609 3156 1641 ³¹
3183 1628 3196 1663 :
3225 1605 3503 1677 Propterea

253 1707 330 1747 σε
357 1698 391 1748 ό
415 1697 578 1762 Θεὸς,
609 1713 641 1750 ο
676 1699 821 1763 Bede
859 1715 996 1764 σου,
1045 1702 1254 1757 ἔλαιον
1285 1702 1718 1772 ἀγαλλιάσεως.
1758 1705 1832 1759 Ού

1820 1706 1832 1759 i
1937 1702 2088 1755 unxit
2122 1710 2168 1753 te
2203 1698 2340 1752 Deus
2368 1739 2383 1766 ,
2419 1698 2560 1752 Deus
2600 1710 2721 1753 tuus
2746 1741 2761 1766 ,
2793 1699 2908 1753 oleo
2945 1699 3164 1754 lwtitiw.
3196 1696 3313 1753 Non
3359 1697 3502 1753 enim

252 1787 364 1859 γὰρ
399 1785 548 1842 εἶπεν
568 1806 582 1820 °
619 1791 851 1862 Ἔχρισά
877 1811 933 1847 σε
963 1797 1072 1865 ἐγὼ
1102 1801 1130 1851 ὁ
1153 1797 1452 1863 Θεὸς,ἀλλ’,
1477 1800 1717 1870 Ἕχρισέ
1736 1817 1828 1856 σε·

1822 1819 1828 1832 -
1934 1793 2092 1856 dixit,
2123 1791 2264 1849 Unxi
2302 1801 2353 1845 te
2377 1806 2476 1861 ego
2513 1791 2682 1857 Deus,
2713 1792 2842 1858 sed,
2876 1787 3038 1845 Unxit
3070 1803 3116 1846 te
3158 1790 3333 1856 Deus;
3371 1789 3504 1845 adeo

253 1879 394 1932 ὥστε
435 1883 499 1933 ὲκ
534 1881 720 1937 τούτου
759 1888 1124 1958 παρίστασθαι
1167 1890 1357 1960 ἓτερον
1393 1891 1532 1945 εἶναι
1567 1893 1628 1945 τὸ
1659 1893 1834 1946 διαλεο
1933 1903 1935 1912 ‘

1817 1921 1834 1934 ο
1933 1896 1993 1941 ut
2020 1902 2087 1941 ex
2117 1887 2221 1942 hoc
2250 1895 2461 1942 constet
2489 1884 2650 1939 aliam
2681 1901 2800 1940 esse
2840 1886 3149 1957 loquentem
3191 1899 3499 1955 personam.

252 1977 483 2044 γόμενον
528 1978 836 2048 πρόσωπον.
885 1981 1042 2033 Ποῖον
1083 1977 1176 2034 οὖν
1212 1983 1326 2036 ἐστι
1358 1983 1515 2035 τοῦτο
1551 1985 1583 2053 ἢ
1623 1985 1652 2034 δ
1688 1985 1829 2055 Προ-
1864 1960 1904 2016 Β
1933 2006 1934 2013 η

1819 2014 1829 2026 .
1864 1960 1904 2016 Β
1933 1979 2061 2047 Quze
2089 1979 2253 2049 igitur
2283 1981 2395 2034 lucc
2423 1990 2526 2044 cst,
2558 1978 2656 2033 nisi
2689 1978 2953 2048 Propheta
2982 1980 3115 2046 ipse,
3142 1979 3231 2046 qui
3266 1977 3501 2031 amatum

253 2070 432 2139 φήτης
459 2071 487 2124 δ
515 2073 768 2142 χωρήσας
795 2073 893 2146 τήν
919 2072 1011 2126 τοῦ
1038 2073 1195 2142 ἀγίου
1220 2074 1536 2146 Πνεύματος
1566 2076 1645 2139 είς
1671 2077 1831 2129 αὐτὸν
1933 2082 1935 2123 ἰ

1819 2097 1831 2128 ι
1933 2072 2168 2141 Spiritus
2227 2072 2398 2126 sancti
2452 2073 2505 2127 in
2547 2086 2608 2126 se
2635 2069 2884 2126 dill'usum
2936 2069 3178 2138 recepit?
3229 2067 3501 2122 Eructavit

250 2163 552 2236 γενομένην
570 2164 879 2237 ὲνέργειανς
911 2166 1326 2235 Ἔξηρεύξατο,
1347 2169 1532 2240 φησὶν,
1556 2169 1594 2237 ἡ
1621 2169 1832 2238 καρδία
1931 2200 1932 2205 η

1819 2187 1832 2223 ι
1931 2180 2023 2216 cor
2046 2181 2236 2227 meum,
2280 2163 2475 2232 inquit,
2508 2165 2715 2217 uerbum
2743 2164 2951 2217 bonum.
2978 2161 3110 2217 Cum
3142 2161 3285 2216 enim
3318 2169 3501 2215 ructus

243 2273 366 2325 μου
389 2260 578 2328 λόγον
601 2261 842 2332 ἀγαθόν.
877 2263 1092 2335 Ἐπειδὴ
1114 2265 1222 2336 γὰρ
1249 2268 1282 2336 ή
1317 2266 1485 2336 ὲρυγή
1517 2266 1633 2320 ἐστι
1668 2266 1832 2321 πνεῦ-

1817 2295 1832 2308 .
1931 2255 2090 2309 liatus
2130 2255 2202 2309 sit
2229 2255 2512 2320 occultus,
2539 2254 2632 2326 qtti
2659 2295 2674 2320 ,
2701 2255 2862 2309 bullis
2904 2255 2973 2309 ob
3009 2253 3210 2323 sumpti
3259 2251 3499 2307 alimenti

252 2367 330 2419 μα
362 2351 592 2423 κρύφιον
620 2355 760 2408 κατά
791 2357 890 2426 τὴν
924 2356 1074 2421 ζέσιν
1106 2357 1205 2426 τῆς
1244 2357 1453 2429 τροφῆς
1484 2359 1830 2433 ἀποῤῥηγνυ-
1930 2361 1934 2402 1

1815 2391 1830 2402 .
1930 2349 2198 2403 fervorem
2246 2350 2653 2421 erumpentibus
2681 2389 2697 2414 ,
2741 2363 2957 2404 sursum
2999 2361 3188 2402 versus
3229 2343 3497 2410 diluatur;

249 2443 428 2510 μένων
458 2446 566 2498 τῶν
599 2446 962 2516 πομφολύγων
995 2449 1087 2502 ἐπὶ
1118 2449 1178 2502 τὸ
1223 2449 1335 2504 ἄνω
1365 2451 1770 2523 διαπνεόμενον,
1799 2455 1828 2509 ὀ

245 2535 476 2602 τραφεὶς
503 2536 580 2608 τῷ
610 2538 771 2601 ζῶντι
804 2539 953 2611 ἄρτῳ
975 2541 1051 2612 τῷ
1071 2542 1136 2594 ὲκ
1161 2542 1254 2596 τοῦ
1276 2543 1507 2614 ούρανοῦ
1533 2545 1826 2599 καταόἀντι

244 2625 344 2679 καὶ
371 2625 565 2682 διδόντι
599 2629 743 2704 ζωὴν
769 2631 848 2704 τῷ
877 2633 1085 2704 κόσμῳ,
1123 2634 1214 2689 καὶ
1240 2636 1267 2688 ὁ
1297 2635 1632 2708 ἐμπλησθεὶς
1668 2639 1828 2691 παντὶ

245 2720 454 2790 ῥήματι
485 2723 898 2797 ἐκπορευομένῳ
929 2726 1017 2780 διὰ
1067 2727 1333 2797 στόματος
1367 2729 1524 2793 Θεοῦ,
1559 2729 1700 2783 κατά
1727 2731 1825 2803 τὴν

239 2810 344 2877 τῆς
384 2809 602 2882 Γραφῆς
659 2814 859 2884 συνήθη
907 2815 1284 2885 τροπολογίαν,
1335 2818 1368 2888 ή
1416 2821 1682 2890 τραφεῖσα
1711 2823 1823 2886 τοίς

241 2899 410 2970 ἱεροῖς
459 2901 743 2973 μαθήμασι
805 2905 988 2977 ψυχὴ,
1043 2906 1348 2980 πρόσφορον
1401 2914 1512 2974 τοῖς
1569 2911 1821 2983 βρώμασι

242 2992 488 3062 προΐεται
523 2994 620 3066 τὴν
669 2997 889 3069 ὲρυγήν.
929 2998 1028 3052 Διά
1066 3000 1245 3063 τοῦτο,
1287 3001 1474 3071 ἐπειδὴ
1516 3003 1706 3074 λογικὴ
1752 2999 1820 3074 ἦν

240 3084 335 3136 καὶ
367 3085 544 3157 ἀγαθή
568 3088 599 3158 ή
629 3090 823 3161 τροφὴ,
846 3089 1002 3159 λόγον
1031 3092 1231 3160 ἀγαθὸν
1257 3093 1601 3164 ἐξερεύγεται
1629 3098 1656 3149 ὁ
1683 3097 1821 3170 Προ-

239 3178 439 3248 ςήτης.
490 3178 551 3233 '0
591 3180 699 3254 γὰρ
731 3182 952 3253 ἀγαθὸς
994 3183 1303 3254 ἅνθρωπος
1331 3187 1398 3241 ἐκ
1439 3188 1544 3243 τοῦ
1592 3189 1818 3259 ἀγαθοῦ

1927 2443 2020 2512 qui
2067 2441 2301 2499 nutritus
2346 2452 2432 2498 est
2487 2456 2624 2512 pane
2677 2440 2768 2497 illo
2818 2442 3065 2505 vivente,
3097 2439 3190 2509 qui
3249 2438 3314 2493 de
3359 2434 3500 2493 caalo

1928 2538 2228 2602 descendit,
2259 2539 2456 2606 datque
2479 2535 2644 2589 vitam
2672 2535 2870 2589 mundo
2901 2535 2967 2600 ",
2999 2543 3051 2589 et
3072 2532 3217 2588 omni
3241 2530 3403 2586 verbo
3429 2545 3497 2586 ex

1926 2646 2021 2685 ore
2056 2629 2147 2684 Dei
2177 2629 2472 2698 prodeunte
2501 2628 2545 2660 "
2573 2637 2847 2684 saturatus
2870 2636 2970 2691 est,
2996 2625 3148 2694 juxta
3182 2624 3495 2680 co‘hsuetam

1927 2720 2220 2791 Scriptura;
2249 2721 2621 2791 tropologiam,
2658 2723 2837 2775 anima
2858 2763 2872 2789 ,
2907 2721 3144 2792 inquam,
3178 2718 3347 2773 sacris
3371 2732 3495 2771 enu-

1925 2817 2050 2868 trita
2082 2812 2402 2883 disciplinis,
2432 2812 2838 2868 convenientem
2867 2811 3061 2868 eduliis
3095 2819 3308 2865 ructum
3339 2807 3495 2863 emit-

1924 2908 2006 2962 tit.
2057 2907 2402 2977 Quapropter
2451 2923 2573 2961 cum
2630 2905 2889 2976 spiritalis
2932 2915 3106 2971 esset,
3150 2914 3493 2974 optimusque

1920 3001 2097 3064 cibus,
2124 3000 2387 3070 Propheta
2416 3000 2634 3054 verbum
2663 3002 2858 3053 bonum
2881 3005 3116 3054 eructat.
3149 2995 3322 3050 Bona;
3349 2997 3490 3049 enim

1919 3091 2074 3144 homo
2103 3106 2168 3144 ea:
2195 3089 2326 3145 bona
2356 3090 2534 3144 cordis
2566 3090 2647 3146 sui
2684 3091 2931 3144 thesauro
2971 3088 3162 3141 bonum
3195 3084 3394 3155 profert
3422 3083 3487 3138 ".

1921 3183 2240 3250 Quaeramus
2270 3183 2450 3254 itaque
2478 3193 2531 3236 et
2558 3197 2656 3236 nos
2694 3199 2721 3233 a
2756 3179 2922 3233 verbo
2952 3178 3154 3241 cibum,
3190 3179 3255 3230 ad
3293 3177 3492 3230 anima-

238 3272 547 3340 θησαυροῦ
577 3274 677 3344 τῆς
708 3275 934 3346 καρδίας
965 3278 1130 3332 αὐτοῦ
1160 3282 1438 3350 προφέρει
1463 3283 1530 3337 τὸ
1563 3285 1810 3355 ἀγαθόν.
1839 3299 1885 3361 C
1919 3298 1920 3333 1

1801 3324 1810 3340 .
1839 3299 1885 3361 ο
1919 3296 2036 3335 rum
2081 3289 2387 3336 nostrarum
2432 3277 2768 3333 saturitatem
2804 3274 3012 3345 (Justus
3045 3273 3184 3327 enim
3206 3312 3222 3336 ,
3265 3269 3483 3339 inquit,

235 3363 571 3433 Ζητήσωμεν
598 3362 690 3420 οὖν
739 3369 831 3421 καὶ
856 3370 1020 3438 ἡμεῖς
1047 3372 1145 3438 τὴν
1174 3374 1280 3426 ἀπὸ
1309 3375 1400 3427 τοῦ
1430 3375 1586 3442 λόγου
1608 3377 1816 3447 τροφὴν

234 3454 315 3515 εἰς
355 3453 630 3526 πλήρωσιν
656 3458 761 3510 τῶν
790 3459 976 3528 ψυχῶν
1012 3462 1165 3532 ήμῶν
1196 3467 1449 3532 (Δίκαιος
1484 3468 1811 3540 ⁴χθὰρμρησὶν,

230 3543 473 3607 ἐσθίων,
519 3547 854 3618 ἐμπίπλησι
887 3553 1001 3622 τὴν
1041 3556 1256 3625 ψυχὴν
1297 3559 1527 3626 αὑτοῦ),
1558 3561 1641 3614 ἵνα
1673 3559 1815 3615 κατά

231 3634 333 3704 τὴν
359 3634 645 3703 ἀναλογίαν
679 3632 752 3692 ὧν
784 3644 1116 3714 τρεφόμεθα,
1151 3646 1210 3698 ού
1252 3647 1342 3700 τὸν
1373 3650 1602 3718 τυχόντα
1633 3650 1810 3720 λόγον,

228 3724 370 3780 ἀλλά
402 3727 600 3796 ἀγαθὸν
629 3730 1056 3804 ἀναπέμπωμεν.
1100 3737 1156 3791 '0
1187 3738 1295 3810 γὰρ
1328 3742 1565 3812 πονηρὸς
1595 3743 1810 3815 ἄνθρω-

231 3832 356 3882 πος,
409 3820 512 3874 ὑπὸ
572 3823 857 3895 μοχθηρῶν
888 3827 1172 3895 δογμάτων
1210 3832 1560 3904 ἀνατραφεὶς,
1596 3835 1812 3900 ὲξεοεύ-

229 3923 386 3976 γεται
420 3915 484 3984 τῇ
521 3915 716 3987 καρδίᾳ
762 3915 916 3986 λόγον
961 3921 1215 3991 πονηρόν.
1249 3923 1358 3994 Ούχ
1389 3928 1521 3999 ὁρᾷς
1553 3931 1713 3982 ὁποῖα
1742 3929 1811 3984 τά

231 3999 474 4090 στόματα
505 4004 611 4059 τῶν
642 4009 931 4080 αἱρετικῶν
955 4013 1353 4086 ἀπερεύγεται;
1379 4018 1454 4082 ὡς
1481 4019 1692 4090 χαλεπά
1716 4024 1809 4077 καὶ

226 4088 462 4163 δυσώδη.
521 4098 717 4170 πολλήν
769 4118 891 4156 τινα
935 4105 1033 4174 τὴν
1076 4108 1133 4159 ὲν
1183 4108 1261 4179 τῷ
1309 4088 1668 4179 βάθει-νόσον
1701 4115 1809 4168 τῶν

223 4181 430 4238 ἀθλίων
459 4192 900 4261 κατηγοροῦντα;
946 4197 1006 4248 '0
1053 4197 1162 4267 γὰρ
1206 4203 1470 4269 πονηρὸς
1497 4203 1809 4272 ἅνθρωπος

223 4272 297 4328 ἐκ
330 4275 434 4328 τοῦ
465 4281 730 4347 πονηροῦ
757 4285 1060 4353 θησαυροῦ
1091 4292 1188 4359 τῆς
1219 4291 1442 4363 καρδίας
1470 4294 1634 4347 αὑτοῦ
1664 4312 1807 4364 προ-

223 4367 392 4462 μέρει
415 4369 786 4462 τιὸ-πονηρόν.
805 4375 894 4446 Μὴ
918 4376 980 4448 δή
1008 4375 1120 4443 οὖν,
1141 4382 1469 4454 κνηθόμενος
1493 4387 1590 4458 τὴν
1616 4390 1805 4462 ἀκοὴν,

225 4458 603 4532 ὲπισωρεύσης
623 4464 831 4535 σεαυτῷ
845 4465 1214 4535 διδασκάλους,
1238 4472 1391 4526 νόσον
1413 4458 1806 4545 ἐνεργάσασθαι

221 4553 710 4648 τοῖςῆσπλάγχνοις
759 4575 851 4612 σου
882 4559 1228 4632 δυναμένους,
1283 4568 1376 4619 καὶ
1420 4571 1673 4644 πονηρῶν
1723 4591 1805 4627 σοι

225 4647 487 4716 ῥημάτων
520 4648 719 4720 ὲρυγὴν
755 4652 1083 4724 προξενήσαι
1115 4656 1246 4723 (64),
1280 4658 1347 4712 δι’
1383 4654 1457 4714 ὦν
1490 4663 1704 4733 μέλλεις
1743 4669 1802 4721 ἐν

221 4740 288 4808 τῇ
324 4737 504 4810 ήμέρα
528 4743 626 4810 τῆς
653 4743 884 4813 κρίσεως
907 4749 1383 4814 καταδικάζεσθαι.
1425 4753 1518 4807 Ἐκ
1541 4755 1651 4825 γὰρ
1682 4756 1802 4812 τῶν

219 4830 421 4898 ,λόγων
452 4848 590 4897 σου,
627 4835 780 4906 φησὶ,
825 4835 1212 4908 δικαιωθήσῃ,
1243 4845 1339 4896 καὶ
1367 4845 1436 4898 ἐκ
1468 4847 1584 4901 τῶν
1606 4851 1802 4920 λόγων

218 4937 342 4975 σου
385 4924 897 4996 καταδικασθήσῃ.
944 4930 1107 4999 Λέγω
1139 4933 1252 5002 ἐγὼ
1283 4934 1352 4987 τὰ
1383 4937 1524 5005 ἔργα
1557 4957 1677 5008 μου
1718 4940 1798 5006 τῷ

212 5013 483 5077 βασιλεῖ.
521 5017 666 5070 Πάνυ
698 5020 962 5090 προσάγει
993 5023 1140 5094 ἡμᾶς
1189 5028 1252 5096 τῇ
1301 5026 1511 5099 διανοίᾳ
1539 5028 1631 5081 τοῦ
1665 5047 1797 5101 προ-

220 5105 454 5176 φητικοῦ
484 5109 775 5179 προσώπου
804 5113 897 5166 καὶ
924 5112 1079 5168 τοῦτο
1105 5117 1165 5170 τὸ
1193 5118 1340 5188 ῥῆμα
1361 5135 1374 5148 ’
1400 5117 1562 5190 Λέγω
1580 5121 1695 5190 ἐγὼ
1727 5124 1799 5177 τὰ

217 5199 364 5266 ἔργα
391 5217 511 5267 μου
558 5201 636 5267 τῷ
668 5204 947 5268 ,Βασιλεῖ-
982 5209 1104 5261 avri.
1150 5210 1265 5272 τοῦ,
1305 5212 1800 5285 Ἐξομολογήσομαι

217 5291 299 5362 τῷ
333 5295 515 5364 κριτῇ,
561 5297 656 5350 καὶ
689 5299 1055 5371 προλαμϐάνω
1087 5303 1180 5354 τὸν
1226 5305 1547 5376 κατήγορον,
1580 5306 1666 5360 διὰ
1699 5308 1800 5378 τῆς

219 5385 483 5457 περὶτῶν
518 5387 660 5443 ίδίων
685 5390 859 5462 ἔργων
894 5394 1252 5464 ἀπαγγελίας.
1292 5396 1540 5470 Ἐντολὴν
1579 5400 1688 5472 γὰρ
1720 5404 1798 5454 εί-

1917 3374 2190 3427 comedens
2235 3371 2409 3439 implet
2455 3370 2685 3423 animant
2729 3383 2877 3422 suam
2905 3366 2996 3431 ³⁸),
3042 3373 3099 3418 ιιι
3128 3376 3227 3433 pro
3281 3361 3490 3415 ratione

1915 3479 2100 3520 eorum
2155 3463 2353 3534 quibus
2407 3459 2621 3527 alimur,
2653 3475 2757 3517 non
2815 3458 3077 3529 vulgare,
3131 3455 3225 3512 sed
3289 3455 3487 3508 bonum

1915 3559 2138 3612 verbum
2190 3557 2525 3613 emittamus.
2578 3551 2714 3607 Nam
2755 3551 2930 3607 malus
2974 3549 3172 3614 homo,
3222 3544 3488 3615 dogmatis

1914 3654 2095 3722 pravis
2124 3652 2417 3715 enutritus,
2450 3666 2517 3706 ex
2549 3650 2712 3704 corde
2745 3661 2968 3718 pravum
2998 3642 3219 3700 verbum
3251 3648 3484 3696 eructat.

1913 3744 2030 3801 Non
2069 3745 2217 3799 vides
2244 3744 2423 3813 qualia
2459 3749 2708 3796 eructent
2736 3755 2828 3792 ora
2869 3734 3284 3793 hmreticorum?
3322 3746 3484 3801 quam

1913 3837 2130 3908 gravia,
2168 3850 2330 3904 quant
2365 3833 2526 3888 fetida
2551 3873 2565 3898 ,
2610 3845 2859 3900 magnum
2902 3827 3189 3898 quemdam
3238 3823 3485 3878 morbum

1913 3930 1965 3985 in
2012 3930 2200 3984 intimo
2254 3927 2572 3982 miserorum
2628 3924 2842 3980 illorum
2878 3930 3098 3991 pectore
3151 3912 3486 3972 indicantia?

1913 4021 2056 4076 Nam
2087 4019 2258 4074 malus
2296 4021 2449 4072 homo
2478 4033 2542 4071 ea:
2577 4017 2718 4070 ntan
2751 4013 2934 4070 cordis
2966 4011 3049 4066 sui
3093 4011 3339 4065 thesauro
3371 4024 3485 4076 pro-

1910 4112 2010 4182 fert
2035 4112 2230 4165 malum
2258 4109 2325 4162 ³⁸.
2353 4106 2430 4161 Ne
2462 4108 2620 4177 igitur
2647 4104 2897 4175 pruriens
2919 4103 3162 4167 auribus,
3191 4114 3484 4157 coacerves

1911 4203 2007 4256 tibi
2061 4201 2350 4269 magistros
2380 4198 2456 4263 ",
2482 4198 2572 4267 qui
2620 4196 2919 4254 visceribus
2959 4195 3066 4249 tuis
3105 4193 3354 4248 morbum
3397 4191 3480 4244 iu-

1912 4293 2054 4347 ferre
2086 4292 2332 4359 valeant,
2363 4291 2567 4360 tibique
2612 4304 2902 4359 pravorum
2948 4286 3232 4342 verborum
3271 4295 3481 4339 ructum

1910 4399 2117 4447 creare,
2160 4385 2229 4437 ob
2258 4398 2377 4451 qua:
2404 4383 2455 4435 in
2481 4382 2569 4436 die
2594 4381 2781 4448 judicii
2813 4378 3314 4434 condemnationem
3363 4378 3481 4430 su'u-

1913 4477 2086 4532 iturus
2104 4476 2199 4531 sis.
2229 4474 2311 4528 Ex
2333 4475 2504 4528 verbis
2528 4475 2666 4527 enint
2685 4475 2811 4538 tuis,
2843 4473 3036 4540 inquit,
3058 4469 3438 4540 justiﬁeaberis
3463 4507 3479 4531 ,

1910 4582 1955 4624 et
1989 4586 2054 4624 ex
2071 4569 2232 4623 verbis
2259 4569 2362 4622 tuis
2384 4569 2810 4622 condemnaberis
2838 4567 2901 4620 ³⁸.
2923 4567 3052 4620 Dico
3073 4582 3165 4634 ego
3188 4581 3341 4632 opera
3364 4578 3477 4613 mea

1908 4663 2034 4732 regi.
2067 4661 2292 4717 Maxime
2333 4661 2552 4714 adducit
2580 4675 2714 4722 nos,
2755 4669 2812 4713 ut
2862 4658 3140 4726 Propheta:
3183 4669 3472 4726 personant

1909 4756 2289 4824 intelligamus,
2328 4763 2381 4809 et
2413 4753 2515 4807 hoc
2551 4754 2771 4806 verbum
2805 4769 2818 4805 :
2867 4751 2997 4805 Dico
3033 4767 3124 4820 ego
3161 4765 3324 4818 opera
3364 4763 3477 4799 mea

1909 4849 2059 4915 regi:
2108 4850 2209 4899 hoc
2253 4852 2376 4909 est,
2410 4842 2720 4898 Coul‘nebor
2765 4839 2969 4909 judici,
3024 4849 3080 4894 et
3108 4846 3476 4894 accusatorem

1905 4950 2280 4998 antevertam,
2318 4951 2415 5006 per
2465 4949 2686 5004 operum
2733 4932 3070 5003 propriorum
3125 4930 3474 4986 delationem.

1906 5030 2012 5100 ipsi
2055 5029 2196 5084 enim
2245 5029 2556 5083 mandatum
2592 5027 2930 5098 accepimus,
2970 5025 3110 5095 quod
3153 5024 3233 5078 sic
3263 5022 3424 5074 habet
3461 5035 3473 5071 :

1909 5124 2004 5177 Dic
2047 5133 2102 5176 tu
2151 5123 2353 5190 primus
2399 5122 2699 5192 iniquitates
2738 5130 2892 5182 tuas,
2947 5126 3004 5172 ut
3047 5113 3360 5186 justiﬁeeris
3407 5111 3474 5166 ".

1909 5218 2109 5287 Lingua
2166 5235 2277 5271 mea
2343 5219 2577 5270 calanms
2638 5216 2824 5269 scriba:
2882 5213 3127 5268 velociter
3180 5210 3472 5265 scribentis.

1907 5311 2369 5379 Quemadmodum
2404 5312 2642 5365 calamus
2675 5310 3092 5363 instrumentum
3135 5318 3217 5361 cst
3246 5307 3478 5374 scripto-

1906 5404 2075 5465 rium,
2112 5416 2271 5472 quem
2309 5403 2465 5466 periti
2502 5401 2780 5470 cujusdam
2828 5416 3018 5456 manus
3063 5409 3244 5456 movet
3272 5401 3340 5454 ad
3370 5401 3478 5455 tor-

291 5592 330 5623 ³¹
363 5589 516 5647 Joan.
553 5607 640 5656 xv,
671 5590 726 5650 8.
800 5593 846 5624 ³⁸
879 5593 1032 5650 Joan.
1063 5614 1135 5660 vt,
1165 5599 1255 5656 55.
1333 5601 1377 5632 ³³
1412 5602 1560 5656 Dent.
1593 5618 1708 5669 vttt,
1746 5605 1803 5665 3;
1847 5605 1892 5658 M

215 5665 261 5695 Η
302 5662 462 5695 ὶΙ-ηιιι
521 5680 591 5695 -.ι
642 5663 710 5695 αξ
809 5663 1055 5695 I1Il'1‘:...
1106 5684 1154 5695 ...
1215 5671 1244 5695 2
1346 5672 1388 5695 aa
1434 5673 1591 5695 aa,_..n_
1819 5677 1884 5695 --η

1795 5605 2030 5695 :ilattbﬁ.
2062 5623 2145 5695 .IV,
2192 5608 2244 5661 ι.
2322 5607 2592 5695 ’δήξειιὶμ
2631 5625 2742 5673 xu,
2789 5607 2880 5666 35.
2956 5609 3000 5642 ⁸³
3028 5610 3187 5666 Prov.
3231 5627 3348 5670 snt.
3383 5610 3474 5666 23.

294 5662 734 5727 .ilattb.xn,35.
809 5663 851 5697 ιτ
877 5666 917 5719 ιι
941 5665 1080 5722 Tim.
1106 5671 1266 5734 ms.
1346 5672 1388 5705 ³³
1430 5673 1618 5730 ΜυιιΙι.
1667 5662 1906 5740 xi.,'57.

809 5663 851 5697 ιτ
877 5666 917 5719 ιι
941 5665 1080 5722 Tim.
1106 5671 1266 5734 ms.
1346 5672 1388 5705 ³³
1430 5673 1618 5730 ΜυιιΙι.
1667 5662 1736 5730 xi.
1766 5662 1906 5740 ,‘57.
1984 5678 2026 5708 νο
2061 5662 2158 5733 Isa’.
2191 5695 2356 5745 ut“,
2386 5680 2474 5733 26.

436 5837 568 5924 lies.
597 5841 859 5921 secundus
889 5844 1230 5924 σπλάγχνων,
1251 5851 1402 5920 φησὶ,
1431 5855 1790 5924 προσήγαγεν.

291 5901 406 5978 ω’)
436 5901 784 5980 δίε-(ιυίιιιιυε
808 5930 935 5968 mss.
972 5901 1127 5970 De'e'St
1156 5901 1235 5970 ὅτι
1262 5901 1552 5976 incdit-iis:-
1576 5901 1699 5924 “vi

1978 5855 2215 5940 (6i)
2253 5856 2399 5940 Ecgii
2428 5858 2772 5940 su'cttnjiusft
2805 5862 2996 5918 tertius
3028 5879 3146 5919 cum
3182 5863 3329 5920 Colb.
3364 5870 3471 5938 pri-

1904 5945 2009 5982 ntu.
2049 5929 2224 5982 Exlitin
2262 5927 2431 5981 Paris.
2477 5929 2853 5999 προξενοῦσαι.
