4260 6498
299 471 403 528 357

1357 468 1642 524 HOMILIA
1683 466 1750 523 IN
1790 465 2117 522 PSALMUM
2154 460 2334 517 XLIV.

3455 465 3560 520 δίλὸ

303 587 380 654 τῷ
417 585 634 657 σταυρῷ
681 585 775 639 τοῦ
832 585 1088 654 Χριστοῦ,
1141 579 1222 647 οἷς
1278 585 1594 656 ἐφανερώθη
1655 583 1741 637 διὰ
1792 582 1884 635 τοῦ
1915 590 1963 646 Α

1871 582 1884 635 i
1915 590 1963 646 Α
1990 583 2261 638 cationem
2311 581 2600 638 stultitiam
2648 579 2930 636 nominant
2969 579 3014 611 ⁸⁸
3048 597 3060 632 :
3105 593 3202 634 nos
3236 593 3362 634 vero
3389 581 3477 648 qui
3505 582 3553 633 iu

304 678 618 748 Πνεύματος
652 677 718 730 τὰ
750 678 852 730 ὑπὸ
885 677 976 732 τοῦ
1004 676 1138 730 Θεοῦ
1171 677 1494 746 χαρισθέντα
1525 679 1675 746 ἡμῖν,
1701 676 1800 727 οὐκ
1823 677 1881 726 ὲν

300 766 568 829 διδακτοῖς
621 767 966 838 ἀνθρωπίνης
1020 768 1211 835 σοφίας
1259 767 1458 834 λόγοις,
1511 767 1752 837 οἴδαμεν,
1800 767 1880 818 ὅτι

301 857 531 909 πλουσία
559 858 716 928 χάρις
746 859 895 912 ἐστὶν
922 859 1262 928 ἐκκεχυμένη
1292 858 1443 929 παρὰ
1473 859 1610 911 Θεοῦ
1649 859 1742 910 ἐπὶ
1769 860 1881 920 τοῖς

303 948 431 1016 περὶ
464 948 698 1019 Χριστοῦ
747 948 942 1016 λόγοις.
985 950 1081 1001 Διὰ
1115 936 1269 1001 τοῦτο
1313 949 1370 1000 ὲν
1403 949 1568 1019 ὀλίγῳ
1595 949 1673 1018 τῷ
1704 948 1881 1018 χρόνῳ

300 1041 479 1091 πᾶσαν
525 1041 708 1110 σχεδὸν
757 1042 856 1110 τὴν
902 1041 1228 1110 οἰκουμένην
1265 1040 1445 1109 διῆλθε
1486 1041 1548 1093 τὸ
1599 1043 1876 1110 κήρυγμα,

297 1131 486 1202 ἐπειδὴ
524 1132 749 1186 πλουσία
792 1132 884 1184 καὶ
926 1132 1155 1201 ἄφθονος
1187 1135 1220 1203 ή
1256 1134 1412 1204 χάρις
1456 1132 1746 1202 ἐκκέχυται
1787 1133 1879 1184 ἐπὶ

297 1225 425 1289 τοὺς
447 1227 692 1296 κήρυκας
716 1224 807 1278 τοῦ
831 1226 1182 1294 Εὑαγγελίου,
1216 1225 1307 1290 οὓς
1342 1227 1435 1279 καὶ
1465 1226 1613 1297 χείλη
1643 1226 1876 1296 Χριστοῦ

296 1321 580 1393 ὠνόμασεν
621 1327 652 1394 ή
699 1324 912 1395 Γραφή.
952 1324 1048 1377 Διὰ
1089 1324 1246 1377 τοῦτο
1280 1325 1338 1376 ὲν
1385 1324 1878 1393 εὐκαταφρονήτως

297 1414 571 1480 λεξειδίοις
604 1416 737 1468 πολὺ
779 1416 840 1468 τὸ
882 1416 1094 1484 ἀγωγὸν
1126 1416 1236 1485 (70)
1281 1417 1376 1469 καὶ
1423 1415 1558 1487 πρὸς
1604 1415 1877 1484 σωτηρίαν

293 1505 451 1558 ὁλκὸν
481 1505 592 1574 ἔχει
642 1506 734 1558 τοῦ
780 1508 1112 1575 Εὐαγγελίου
1156 1508 1217 1560 τὸ
1259 1509 1536 1576 κήρυγμα.
1569 1507 1680 1560 Καὶ
1725 1509 1876 1560 πᾶσα

293 1596 439 1664 ψυχὴ
469 1597 800 1667 κεκράτηται
830 1597 1091 1667 δόγμασιν
1134 1597 1429 1667 ἀκινήτοις,
1466 1595 1556 1649 διὰ
1587 1597 1688 1666 τῆς
1722 1597 1876 1666 χάρι-

293 1703 386 1748 τος
418 1688 554 1758 πρὸς
599 1689 696 1758 τὴν
738 1689 1027 1742 ἀσάλευτον
1055 1691 1132 1750 εἰς
1168 1688 1605 1758 Χριστὸντπίστιν
1634 1688 1876 1758 βεϐαιου-

294 1778 455 1849 μένη.
491 1781 650 1834 Ὅθεν
680 1782 842 1850 φησιν
885 1783 913 1834 ὁ
959 1781 1304 1843 Ἀπόστολοςο
1338 1780 1417 1833 Δι’
1474 1776 1545 1836 οὗ
1581 1781 1876 1850 ἐλάϐομεν

292 1869 471 1936 χάριν
498 1871 593 1924 καὶ
629 1869 984 1938 ἀποστολὴν
1013 1872 1100 1937 εὶς
1146 1869 1427 1937 ὑπακοὴν
1455 1873 1715 1936 πίστεως
1733 1887 1746 1900 °
1781 1872 1875 1924 καὶ

1985 689 2145 729 cruce
2182 674 2383 728 Christi
2421 673 2720 744 gloriamur
2747 673 2814 735 ⁸⁸,
2842 673 3036 740 quibus
3067 671 3404 726 manifestata
3433 682 3558 723 sunt

1982 779 2079 832 per
2111 765 2371 834 Spiritum
2397 779 2482 826 ea,
2515 778 2633 832 qua:
2663 763 2861 816 donata
2896 772 3019 818 sunt
3045 763 3200 815 nobis
3228 776 3256 815 a
3295 761 3420 824 Deo,
3451 779 3553 814 non

1982 852 2240 908 indoctis
2306 855 2554 907 humanae.
2614 852 2894 921 sapientia:
2956 851 3239 916 verbis“,
3304 853 3552 905 novimus

1980 944 2209 1014 gratiam
2237 958 2380 1007 eam,
2418 959 2539 1012 qua":
2567 959 2595 996 a
2634 945 2738 998 Deo
2769 943 2822 996 in
2860 942 3074 996 traditis
3101 943 3167 997 de
3207 943 3423 996 Christo
3452 944 3552 995 do-

1981 1035 2168 1090 ctrinis
2200 1032 2390 1088 diﬂ‘nsa
2420 1033 2551 1098 fuit,
2585 1034 2800 1088 divitem
2833 1049 2973 1088 esse.
3017 1032 3372 1099 Quamobrem
3401 1033 3547 1086 brevi

1983 1136 2230 1195 tempore
2272 1125 2326 1179 in
2369 1126 2679 1180 universum
2732 1139 2896 1195 prope
2937 1133 3202 1177 terrarum
3239 1123 3423 1176 orbem
3464 1124 3550 1178 illa

1981 1218 2295 1289 praedicatio
2322 1217 2588 1287 pervenit,
2615 1227 2897 1286 propterea
2927 1215 3067 1283 quod
3098 1215 3249 1267 dives
3291 1225 3344 1268 et
3377 1215 3543 1268 abun-

1979 1311 2115 1366 dans
2145 1311 2322 1382 gratia
2358 1309 2524 1364 eﬂusa
2554 1318 2639 1363 est
2685 1309 2736 1362 in
2771 1307 3040 1378 Evangelii
3085 1320 3381 1375 praecones,
3416 1321 3550 1373 quos

1979 1403 2145 1460 etiam
2191 1402 2393 1457 Christi
2442 1400 2581 1455 labia
2632 1398 2915 1467 Scriptura
2971 1397 3265 1451 nominavit
3294 1396 3361 1449 ⁸⁷.
3399 1396 3548 1461 Qua-

1977 1505 2200 1566 propter
2251 1493 2530 1564 Evangelii
2591 1489 2896 1562 praedicatio
2949 1490 3005 1542 in
3053 1487 3545 1558 contemptibilibus

1978 1587 2323 1643 dictiunculis
2377 1586 2485 1639 vim
2535 1584 2756 1638 multam
2808 1580 2972 1636 habet
3015 1579 3372 1648 persuadendi
3400 1590 3454 1634 et
3479 1583 3545 1632 ad

1977 1679 2207 1735 salutem
2271 1678 2547 1734 illiciendi.
2598 1675 2666 1729 Et
2711 1675 2890 1729 anima
2952 1674 3129 1728 omnis
3182 1673 3546 1728 immobilibus

1979 1769 2250 1839 dogmatis
2277 1771 2501 1826 subacta
2527 1777 2629 1832 est,
2657 1782 2751 1839 per
2782 1767 3009 1839 gratiam
3046 1765 3098 1819 in
3141 1766 3456 1819 inconcussa
3495 1767 3545 1818 in

1978 1861 2258 1918 Christum
2317 1863 2421 1917 fide
2475 1864 2816 1919 conﬁrmata.
2884 1859 3034 1916 Unde
3086 1859 3161 1912 ait
3212 1857 3543 1926 Apostolus:

293 1961 488 2013 πάλινο
527 1962 960 2028 Περισσότερον
1005 1959 1206 2015 αὐτῶν
1243 1961 1485 2014 πάντων
1533 1962 1832 2016 ἐκοπίασα
1856 1977 1870 1992 ⁶
1906 1946 1948 2000 Β

1863 1977 1870 1992 ι
1906 1946 1948 2000 Β
1978 1949 2081 2004 Per
2099 1968 2248 2021 quem
2279 1953 2574 2019 accepimus
2600 1951 2827 2021 gratiam
2853 1959 2903 2004 et
2931 1950 3306 2019 apostolatum,
3338 1957 3395 1999 ut
3425 1947 3545 1999 obe-

290 2054 406 2107 οὐκ
437 2052 549 2123 ἐγὼ
585 2051 672 2119 δὲ,
700 2054 837 2107 ἀλλ’
861 2054 898 2121 ἡ
929 2053 1100 2122 χάρις
1133 2053 1236 2106 τοῦ
1277 2053 1439 2117 Θεοῦ,
1480 2055 1518 2122 ἠ
1558 2054 1678 2108 σὺν
1717 2055 1869 2120 ἐμοί.

362 2293 413 2347 5.
457 2295 742 2363 Ἕξεχύθη
790 2296 962 2365 χάρις
991 2298 1061 2351 ἐν
1094 2297 1328 2367 χείλεσι
1366 2314 1515 2352 a'ov'
1561 2299 1658 2352 διὰ
1695 2299 1870 2353 τοῦτο

283 2387 586 2455 εὐλόγησέ
621 2405 694 2441 σε
726 2392 756 2441 ό
799 2389 942 2455 Θεὸς
970 2393 1056 2454 εὶς
1102 2391 1206 2444 τὸν
1237 2390 1438 2444 αἰῶνα.
1472 2391 1783 2461 Γέγραπται
1812 2393 1870 2444 ὲν

286 2474 366 2545 τῷ
399 2476 728 2548 Εὐαγγελὶῳ,
756 2480 837 2530 ὅτι
873 2479 1226 2547 Ἐθαύμαζον
1248 2480 1343 2532 ἐπὶ
1383 2479 1504 2544 τοῖς
1530 2481 1734 2548 λόγοις
1760 2479 1871 2548 τῆς

285 2566 528 2635 χάριτος
552 2567 672 2632 τοῖς
699 2568 1191 2636 ἐκπορευομένοις
1216 2567 1311 2620 διὰ
1337 2571 1634 2638 στόματος
1657 2570 1865 2624 αὑτοῦ.

283 2660 485 2730 Διόπερ
512 2658 854 2729 ἐμφαντικῶς
880 2662 906 2712 ὁ
932 2659 1162 2731 ψαλμὸς,
1197 2661 1258 2713 τὸ
1289 2661 1493 2731 πλῆθος
1514 2662 1613 2732 τῆς
1645 2662 1868 2732 χάριτος

282 2751 393 2803 τῶν
442 2750 592 2820 παρὰ
619 2750 712 2804 τοῦ
757 2753 958 2824 Κυρίου
1008 2753 1164 2825 ήμῶν
1210 2753 1468 2825 ῥημάτων
1518 2752 1867 2824 παραστῆσαι

284 2839 625 2911 βουλόμενος,
676 2843 963 2913 Ἐξεχύοη
1004 2843 1176 2913 χάρις
1212 2845 1281 2898 ἐν
1308 2844 1429 2911 τοῖς
1459 2844 1694 2914 χείλεσί
1729 2861 1865 2908 σου,

280 2925 428 2996 εἷπε,
451 2930 536 2985 διὰ
563 2933 622 2984 τὸ
656 2933 886 3002 ἄφθονον
913 2933 1011 3004 τῆς
1036 2937 1092 2985 ὲν
1123 2934 1199 3004 τῷ
1229 2935 1371 3005 λόγῳ
1406 2935 1647 3005 χάριτος.
1677 2936 1868 2989 E0101-

280 3023 435 3092 γησέ
469 3041 562 3090 σε,
593 3027 775 3096 φησιν,
797 3029 829 3079 d
855 3026 997 3092 Θεὸς
1017 3029 1102 3092 εὶς
1128 3026 1234 3079 τὸν
1254 3026 1460 3080 αἰῶνα.
1489 3027 1655 3097 Δῆλον
1681 3027 1758 3091 δὲ,
1785 3028 1866 3080 ὅτι

279 3119 376 3169 ἐπὶ
421 3119 479 3170 τὸ
530 3118 866 3188 ἀνθρώπινον
911 3120 1014 3190 χρὴ
1066 3119 1433 3188 ἀναφέρεσθαι
1484 3119 1678 3184 ταῦτα,
1723 3119 1866 3173 καθὰ

278 3211 578 3280 προκόπτει
615 3211 798 3277 σοφίᾳ
836 3210 932 3261 καὶ
956 3211 1164 3276 ἡλικίᾳ
1205 3209 1301 3261 καὶ
1324 3208 1536 3278 χάριτι.
1564 3209 1715 3263 Κατὰ
1736 3210 1861 3263 τοῦ-

1974 2046 2153 2097 diatur
2184 2044 2311 2111 ﬁdei
2338 2044 2405 2096 ⁸⁸.
2431 2043 2497 2098 Ει
2529 2060 2717 2100 rursus
2744 2045 3150 2102 :Abundantius
3173 2040 3276 2094 illis
3306 2039 3545 2094 omnibus

1973 2134 2242 2199 laboravi;
2280 2151 2383 2189 non
2430 2151 2523 2205 ego
2563 2144 2769 2201 autent,
2818 2136 2909 2189 sed
2948 2135 3121 2206 gratia
3155 2132 3283 2197 Det,
3318 2147 3434 2204 qua:
3468 2140 3544 2185 est

1971 2240 2172 2278 mecum
2206 2225 2288 2279 ⁸⁹.”

2042 2317 2096 2370 5.
2139 2316 2348 2384 οἱῙῙιιεα
2398 2327 2472 2371 est
2523 2319 2696 2387 gratia
2746 2319 2803 2370 in
2845 2316 3001 2369 labiis
3054 2315 3158 2369 tuis
3201 2331 3218 2369 :
3272 2323 3543 2381 propterea

1969 2409 2230 2462 benedixit
2263 2419 2310 2462 te
2339 2408 2475 2462 Deus
2504 2411 2557 2462 in
2581 2419 2856 2463 a’ternum.
2879 2407 3151 2478 Scriptum
3175 2416 3261 2463 est
3289 2409 3342 2463 in
3361 2406 3544 2462 Evan-

1970 2497 2131 2565 gelio,
2160 2497 2302 2566 quod
2331 2497 2668 2550 Mirabautur
2700 2499 2753 2551 in
2783 2499 2949 2553 verbis
2985 2499 3190 2568 gratim,
3217 2516 3334 2568 qua:
3359 2513 3544 2561 proce-

1969 2589 2158 2642 debant
2206 2590 2270 2644 de
2314 2605 2404 2643 ore
2453 2591 2620 2657 ipsius
2645 2591 2713 2645 ⁸ο.
2754 2590 3115 2656 Quamobrem
3172 2591 3545 2661 signiﬁcanter

1970 2679 2367 2735 multitudinem
2401 2683 2588 2749 gratia:
2611 2682 2895 2738 verborum
2922 2682 3132 2738 Domini
3161 2684 3331 2737 nostri
3366 2693 3546 2737 osteuc

1969 2771 2097 2824 dere
2140 2770 2324 2826 volens
2351 2773 2592 2841 psalmus
2615 2815 2630 2839 ,
2671 2773 2881 2843 Di/fusa
2913 2785 2991 2829 est
3017 2815 3031 2840 ,
3058 2776 3252 2844 inquit,
3285 2775 3458 2843 gratia
3488 2775 3542 2828 in

1968 2861 2120 2916 labiis
2155 2864 2278 2928 tuis,
2307 2863 2376 2918 ob
2406 2867 2592 2933 gratia:
2630 2880 2750 2934 qua:
2779 2868 2830 2920 in
2863 2882 3114 2921 sermone
3135 2879 3217 2920 est
3246 2867 3542 2921 exuberan-

1970 2963 2075 3008 tetn
2111 2955 2342 3024 copiam.
2373 2953 2655 3009 Beuedixit
2689 2967 2737 3009 te
2761 2956 2920 3021 Deus,
2958 2957 3153 3027 inquit,
3180 2959 3235 3009 in
3263 2969 3540 3011 retentum.

1966 3043 2150 3097 Palam
2176 3055 2257 3099 est
2281 3054 2460 3100 autem
2495 3047 2608 3101 haec
2637 3046 2704 3101 ad
2736 3048 3123 3101 humanitatem
3159 3049 3376 3113 referri,
3403 3063 3540 3115 qua-

1968 3145 2121 3191 tenus
2151 3138 2365 3205 prolicit
2397 3141 2658 3205 sapientia
2681 3151 2728 3194 et
2772 3151 2924 3195 aetate
2949 3149 2996 3194 et
3027 3145 3204 3210 gratia
3233 3140 3301 3205 ⁸¹;
3346 3156 3539 3194 secun-

1966 3229 2094 3282 dum
2126 3244 2289 3298 quam
2311 3271 2327 3297 ,
2360 3229 2708 3300 intelligimus
2737 3237 2966 3303 gratiam
3005 3248 3220 3302 quoque
3267 3247 3365 3287 ceu
3399 3249 3536 3300 prae-

276 3319 340 3352 το
370 3300 478 3369 (71)
516 3301 690 3369 δῆλον,
735 3301 816 3352 ὅτι
845 3300 938 3352 καὶ
973 3297 1130 3353 ἆθλον
1164 3301 1669 3372 ἀνδραγαθημάτων
1713 3301 1860 3372 αὑτῷ
1888 3294 1930 3351 C

1854 3294 1930 3351 ’δ
1965 3315 2246 3371 clarorum
2298 3318 2598 3374 facinorum
2656 3321 2932 3388 praemium
2999 3324 3048 3374 ei
3105 3324 3284 3375 datam
3349 3321 3536 3375 fuisse.

276 3390 505 3459 νοοῦμεν
547 3390 787 3444 δεδόσθαι
832 3390 928 3462 τὴν
976 3391 1155 3463 χάριν.
1188 3393 1410 3464 Ὅμοιον
1450 3393 1506 3446 δὲ
1551 3392 1723 3464 τούτῳ
1763 3393 1856 3445 τό·

289 3482 637 3552 Ἡγάπησας
665 3483 1077 3554 δικαιοσύνην,
1115 3486 1211 3538 καὶ
1241 3487 1539 3555 ἐμίσησας
1573 3487 1854 3555 ἀνομίαν·

273 3575 374 3628 διὰ
410 3577 584 3630 τοῦτο
617 3577 821 3646 ἕχρισέ
850 3593 922 3632 σε
955 3581 986 3631 ό
1032 3578 1193 3643 Θεὸς,
1225 3580 1257 3631 ὸ
1298 3580 1440 3644 Θεός
1480 3593 1617 3644 σου,
1655 3581 1860 3632 ἔλαιον

273 3668 693 3737 ἀγαλλιάσεως
726 3669 883 3736 παρὰ
922 3668 1061 3734 τοὺς
1085 3671 1378 3737 μετόχους
1408 3684 1546 3723 σου.
1586 3665 1652 3740 τῼ
1684 3689 1859 3743 παρα-

274 3759 503 3828 πλήσιόν
536 3761 649 3813 ἐστι
682 3762 774 3814 καὶ
801 3761 862 3814 τὸ
884 3761 1264 3832 Φιλιππησίοις
1306 3760 1456 3834 παρὰ
1481 3761 1693 3814 Παύλου
1723 3779 1857 3832 γρα-

275 3849 398 3919 φὲν.
423 3849 503 3901 ὅτι
539 3851 966 3906 Ἐταπείνωσεν
993 3852 1208 3906 ἑαυτὸν
1235 3856 1557 3923 γενόμενος
1589 3853 1856 3922 ὑπήκοος

269 3939 446 4008 μέχρι
479 3943 757 4004 θανάτου,
803 3943 1061 3997 θανάτου
1102 3944 1169 3996 δὲ
1210 3946 1499 4014 σταυροῦ,
1545 3947 1638 4001 διὸ
1688 3947 1788 4000 καὶ
1825 3950 1856 4001 ό

275 4028 422 4094 Θεὸς
471 4028 657 4082 αὐτὸν
703 4033 1125 4099 ὑπερύψωσεν.
1173 4033 1334 4085 Ὥστε
1392 4034 1547 4104 δῆλον
1591 4035 1724 4104 ('72),
1775 4037 1855 4089 ὅτι

270 4119 447 4176 ταῦτα
471 4121 596 4192 περὶ
624 4121 717 4174 τοῦ
749 4121 889 4175 κατὰ
912 4123 1002 4176 τὸν
1031 4125 1257 4196 Σωτῆρα
1285 4125 1570 4196 ἀνθρώπου
1598 4127 1813 4194 λέγεται
1838 4145 1850 4158 ·

270 4215 305 4286 ἢ
349 4214 532 4287 ἐπειδὴ
580 4218 612 4286 ἡ
672 4216 967 4287 Ἐκκλησία
1000 4217 1158 4289 σῶμά
1202 4220 1318 4272 ἐστι
1359 4218 1454 4271 τοῦ
1505 4219 1732 4290 Κυρίου,
1760 4223 1854 4273 καὶ

270 4306 435 4371 αὐτὸς
461 4307 668 4379 κεφαλὴ
702 4307 801 4377 τῆς
836 4309 1159 4381 Ἐκκλησίας
1181 4330 1192 4342 ·
1224 4313 1410 4383 ὥσπερ
1437 4312 1854 4384 ἀποδεδώκαμεν

270 4399 425 4470 χείλη
453 4394 589 4452 εἶναι
614 4400 707 4452 τοῦ
737 4401 972 4470 Χριστοῦ
1003 4404 1128 4465 τοὺς
1156 4403 1626 4474 ὑπηρετουμένους
1658 4403 1734 4474 τῷ
1765 4406 1853 4457 οὑ-

275 4492 444 4560 ρανίῳ
473 4491 615 4562 λόγῳ
643 4492 850 4562 (ὥσπερ
898 4491 1109 4556 Παῦλος
1155 4496 1212 4546 ἐν
1247 4495 1422 4563 ἑαυτῷ
1461 4495 1597 4565 ἔχων
1624 4496 1736 4566 (73)
1761 4497 1853 4550 τὸν

269 4581 506 4651 Χριστὸν
557 4583 838 4645 λαλοῦντα,
895 4585 986 4635 καὶ
1032 4584 1085 4635 εἴ
1133 4602 1215 4648 τις
1264 4585 1455 4655 ἐκείνῳ
1504 4587 1602 4656 τὴν
1650 4589 1849 4658 ἀρετὴν

271 4675 708 4746 παραπλήσιος)·
746 4677 885 4730 οὕτω
925 4677 1116 4729 καὶτὰ
1157 4678 1316 4731 λοιπὰ
1363 4678 1497 4748 μέλη
1525 4679 1614 4733 τοῦ
1664 4680 1848 4752 σώμα-

264 4786 362 4831 τος
409 4766 502 4820 τοῦ
554 4769 828 4840 Χριστοῦ,
880 4771 928 4822 οί
981 4769 1169 4833 καθεῖς
1241 4771 1348 4824 τῶν
1409 4773 1846 4826 πεπιστευκότων

266 4861 456 4930 ἐσμέν.
508 4861 616 4930 Τὴν
662 4857 753 4913 οῦν
799 4866 865 4933 τῇ
927 4862 1223 4935 Ἐκκλησία
1266 4865 1549 4936 διδομένην
1597 4865 1844 4935 εὐλογίαν

263 4951 367 5002 ἐπὶ
391 4951 481 5002 τὸν
511 4950 714 5021 Κύριον
751 4952 778 5002 ὁ
812 4953 1101 5022 ἀναφέρων
1130 4954 1227 5023 οὐχ
1263 4957 1570 5027 ἁμαρτήσει
1597 4957 1730 5028 (7-4).
1767 4957 1842 5010 Τὸ

262 5036 383 5102 οὖν,
419 5041 730 5112 Εὺλόγησέ
761 5059 832 5095 σε
863 5047 894 5096 ό
927 5045 1087 5110 Θεὸς,
1111 5048 1377 5112 τουτέστι,
1412 5049 1492 5103 Τὰ
1524 5050 1660 5119 μέλη
1681 5051 1747 5104 τὰ
1770 5051 1838 5104 σά

263 5133 363 5188 καὶ
392 5132 451 5185 τὸ
479 5132 637 5202 σῶμα
665 5136 725 5188 τὸ
755 5135 844 5188 σὸν
870 5136 1155 5208 ἐπλήρωσε
1179 5138 1286 5191 τῶν
1321 5140 1451 5210 παρ’
1482 5140 1675 5194 ἑαυτοῦ
1701 5141 1838 5208 ἀγα-

336 5335 381 5362 ⁸⁸
409 5333 422 5384 Ι
455 5333 576 5389 Cor.
608 5350 644 5396 ι,
679 5333 767 5389 9.1.
866 5339 910 5369 ⁸⁵
938 5337 1113 5393 Calai.
1149 5353 1220 5403 vt,
1252 5340 1336 5396 ll.

1806 4633 1922 4690 "D

1415 5343 1458 5374 ⁸⁸
1488 5343 1502 5396 Ι
1537 5344 1660 5416 Cor.
1696 5361 1750 5406 ll,
1780 5347 1862 5404 1‘2,
1897 5346 1983 5400 l5.
2061 5347 2102 5376 ⁸⁷
2139 5344 2266 5398 Luc.
2297 5363 2350 5410 χ,
2385 5348 2471 5403 16.
2549 5349 2591 5379 ⁸⁸
2627 5350 2783 5403 Rom.
2815 5367 2853 5416 ι,
2881 5350 2936 5404 5.

1961 3404 2132 3476 Hujus
2176 3409 2331 3480 163
2376 3423 2552 3466 autem
2609 3413 2784 3466 simile
2820 3424 2906 3467 est
2944 3413 3071 3467 illud
3110 3415 3156 3445 "
3219 3431 3232 3466 :
3297 3413 3536 3467 Dilexisli

1951 3497 2245 3567 justitiam,
2299 3511 2349 3554 et
2402 3503 2561 3556 odisti
2614 3504 2982 3572 iniquitatem;
3056 3515 3328 3574 propterea
3386 3507 3536 3560 unxit

1961 3600 2009 3645 te
2059 3590 2225 3656 Deus,
2281 3591 2425 3648 Deus
2453 3605 2572 3648 tuus
2626 3596 2736 3649 oleo
2795 3598 2997 3650 ltetitite
3043 3615 3154 3666 pra:
3211 3600 3536 3652 consortibus

1960 3685 2086 3739 tuis.
2121 3685 2217 3739 Cui
2259 3684 2418 3742 aliine
2459 3698 2542 3742 est
2577 3698 2629 3743 et
2667 3688 2797 3744 illud
2844 3687 3276 3758 Pbilippeusibus
3311 3709 3340 3742 a
3369 3691 3536 3743 Paulo

1958 3778 2261 3846 scriptum;
2311 3777 2623 3834 llumiliavit
2682 3782 3015 3848 semetipsum
3062 3781 3234 3850 {actus
3291 3783 3533 3836 obediens

1958 3884 2119 3936 usque
2168 3871 2237 3921 ad
2277 3883 2517 3938 mortem,
2572 3884 2792 3928 mortem
2847 3885 3020 3927 autem
3072 3877 3264 3940 crucis,
3327 3887 3536 3945 propter

1955 3959 2093 4027 quod
2122 3969 2167 4012 et
2198 3958 2337 4013 Deus
2360 3963 2612 4014 exultavit
2643 3965 2794 4017 illuni
2816 3965 2882 4017 ⁸³.
2924 3965 3102 4032 Quare
3139 3966 3307 4035 liquet
3346 3970 3531 4022 istha-e

1957 4048 2024 4104 de
2059 4048 2338 4103 Salvatore
2366 4059 2424 4102 ut
2452 4050 2670 4106 homine
2691 4053 2798 4108 dici
2826 4073 2840 4108 :
2879 4064 2971 4108 aut
3009 4058 3263 4124 quoniam
3293 4057 3529 4112 Ecclesia

1957 4154 2153 4209 corpus
2200 4149 2284 4195 est
2306 4140 2517 4194 Domini
2541 4180 2556 4208 ,
2591 4152 2644 4195 et
2671 4144 2781 4212 ipse
2818 4155 2980 4212 caput
3004 4143 3257 4199 Ecclesiae
3285 4163 3299 4198 :
3329 4163 3488 4212 quem
3510 4177 3524 4185 -

1955 4233 2243 4288 admodum
2313 4235 2546 4289 caelestis
2611 4235 2756 4288 verbi
2829 4237 3104 4290 ministros
3187 4236 3328 4290 labia
3408 4254 3530 4292 esse

1956 4324 2156 4380 Christi
2193 4325 2430 4380 diximus
2467 4326 2566 4394 (uti
2605 4334 2721 4379 erat
2753 4324 2950 4384 Paulus
2994 4329 3046 4383 in
3082 4343 3140 4382 se
3176 4330 3290 4398 ipso
3323 4331 3529 4385 habens

1955 4416 2230 4471 Christum
2278 4416 2585 4484 loquentem
2618 4417 2663 4449 ⁸⁸
2689 4460 2704 4486 ,
2742 4432 2796 4475 et
2836 4423 2880 4475 si
2922 4424 3040 4490 quis
3081 4424 3150 4477 illi
3184 4439 3284 4492 par
3333 4426 3529 4479 virtute

1953 4511 2056 4579 est)
2109 4524 2124 4560 :
2176 4509 2255 4562 sic
2321 4509 2486 4564 etiam
2533 4512 2738 4582 reliqua
2801 4515 3043 4583 corporis
3097 4517 3299 4572 Christi
3363 4533 3530 4572 mem-

1954 4601 2047 4653 bra
2124 4615 2313 4656 sumus
2367 4614 2631 4672 quotquot
2696 4606 3040 4660 credidimus.
3115 4607 3170 4663 Si
3227 4609 3347 4678 quis
3401 4626 3528 4678 ergo

1959 4695 2138 4748 datam
2178 4694 2431 4750 Ecclesiae
2479 4697 2906 4753 benedictionem
2972 4701 3038 4754 ad
3113 4701 3395 4756 Dominum
3438 4718 3526 4757 re-

1958 4787 2175 4853 tulerit,
2238 4789 2283 4842 is
2335 4787 2648 4857 neutiquam
2709 4788 3062 4848 aberraverit.
3111 4794 3244 4849 Illud
3309 4797 3521 4866 itaque,

1952 4879 2230 4935 Benedixit
2269 4888 2316 4934 te
2344 4878 2503 4944 Deus,
2537 4882 2588 4935 id
2636 4892 2740 4948 est,
2783 4888 3023 4940 membra
3083 4897 3191 4946 tua.
3227 4899 3280 4945 et
3331 4907 3527 4961 corpus

1950 4983 2096 5024 tuum
2122 4971 2363 5042 implevit
2393 4974 2548 5028 bouis
2573 4977 2705 5040 suis,
2736 4979 2790 5030 in
2826 4987 3100 5043 a'tcrnunt,
3123 4983 3223 5036 hoc
3243 4993 3346 5047 est,
3375 4987 3424 5037 in
3453 4987 3526 5038 iu-

1950 5065 2184 5119 ﬁnitum.
2223 5066 2381 5121 Vsus.
2406 5066 2458 5130 4,
2479 5067 2531 5120 5.
2555 5070 2837 5138 Accingere
2859 5071 3036 5140 gladio
3061 5085 3147 5126 tuo
3172 5092 3326 5143 super
3352 5078 3526 5145 femur

1948 5170 2117 5223 tuum,
2145 5161 2523 5228 potentissime.
2553 5162 2736 5231 Specie
2772 5175 2860 5216 tua
2895 5177 2941 5217 et
2978 5167 3367 5232 pulchritudine
3407 5185 3519 5230 tua.

3027 5351 3069 5381 ⁸⁹
3110 5349 3273 5406 lCor.
3307 5368 3398 5410 xv.
3432 5357 3503 5412 ill

260 5403 308 5441 ⁸ο
343 5403 473 5457 Luc.
509 5420 579 5469 tv,
611 5406 699 5458 222.
777 5406 819 5437 ⁸¹
851 5407 979 5464 Luc.
1015 5427 1075 5476 tt,
1105 5408 1190 5462 52.
1268 5414 1312 5443 ⁵³
1351 5413 1500 5470 Vers.
1536 5415 1588 5468 8.
1665 5417 1709 5446 ⁸³
1734 5403 1941 5486 Philipp

1105 5408 1190 5462 52.
1268 5414 1312 5443 ⁵³
1351 5413 1500 5470 Vet's.
1536 5415 1588 5468 8.
1665 5417 1709 5446 ⁸³
1734 5403 1960 5486 Philipp.
1991 5434 2052 5482 ιι,
2080 5417 2134 5480 8,
2162 5415 2214 5469 9.
2294 5403 2349 5449 ⁵⁸⁷
2367 5419 2407 5472 ιι
2431 5421 2554 5473 Cor.
2592 5436 2708 5482 xm,
2731 5422 2784 5474 5.

335 5540 449 5612 (7οι
482 5541 655 5615 Editio
699 5539 861 5596 Basil.
906 5552 957 5594 et
990 5555 1221 5612 quatuor
1273 5563 1402 5600 mss.
1432 5549 1670 5615 ἀγωγόν.
1710 5551 1836 5604 Edi-

260 5615 338 5662 tiu
374 5627 500 5684 vero
532 5612 704 5664 l’aris.
743 5621 798 5666 et
845 5622 956 5684 tres
994 5632 1120 5667 mss.
1160 5612 1490 5684 ιῖεπαγωγιξον.⁷
1520 5612 1637 5671 Mox
1672 5621 1836 5673 editio

2161 5554 2299 5628 βεδε.
2331 5558 2521 5628 tertius
2547 5555 2670 5610 ὅθεν
2689 5558 2866 5628 δῆλον.

2008 5623 2234 5706 (75)_l_ta
2268 5626 2589 5706 ntul_ti_tuss.
2626 5623 2750 5681 cuni
2777 5630 3014 5685 editione
3055 5632 3217 5689 Basil.
3250 5635 3319 5689 Αι
3347 5638 3473 5693 editi
3495 5660 3508 5684 ι

259 5683 427 5733 Vasti.
462 5691 513 5733 et
536 5698 626 5735 sex
669 5699 795 5737 tuss.
820 5682 976 5735 ὁλκὸν
1007 5683 1138 5752 ἔχει.
1191 5682 1373 5741 Editio'
1407 5689 1579 5742 Paris.
1613 5691 1836 5758 ἐφολκὸν
1936 5721 1941 5743 λ

908 5682 976 5735 ιδν
1007 5683 1138 5752 ἔχει.
1191 5682 1373 5741 Ειίίιὶσ
1407 5689 1579 5742 Paris.
1613 5691 1836 5758 ἐφολκὸν
1936 5682 2232 5766 Ιὶιὶῄίόέν
2261 5695 2408 5766 αὐτῷ
2433 5697 2590 5765 ἒχων,

260 5773 276 5804 Ξ
324 5772 390 5804 ει.

313 5818 449 5897 ’(71)
496 5820 646 5897 Colit.
683 5825 887 5897 primus
931 5826 1048 5897 καθ’
1189 5827 1381 5882 Statim
1413 5840 1646 5897 quatuor
1705 5848 1828 5886 mss.

258 5892 435 5961 ’ωὑτιιι
472 5894 546 5944 τό.
577 5892 710 5946 Editi
739 5894 898 5946 τοῦτο
932 5896 1024 5962 τῷ.

2008 5763 2118 5840 (74.)
2147 5756 2640 5840 Ιὶιιςηιειῗιιιίῷηοὺχ
2674 5770 3033 5840 ἁμαρτήσεις.
3070 5775 3171 5825 Alii
3223 5777 3326 5828 duo
3381 5797 3505 5832 uisa,

1937 5835 2032 5900 οὐχ
2085 5835 2396 5916 ἁμαρτήσῃ.
2448 5835 2925 5916 ,Κιιίιιίιυιυιευιιι
2987 5846 3166 5913 ltegits
3214 5863 3408 5914 quam;
3457 5866 3509 5902 ct

1938 5913 2090 5957 setl‘)
2125 5908 2221 5973 οὔχ
2252 5908 2576 5977 ἁμαρτήσει.
