4260 6526
307 476 414 535 σοι
1363 484 1653 540 liOMlLIA
1692 485 1757 541 IN
1794 485 1989 542 PSALI

1867 485 2123 542 SALMUM
2167 480 2347 537 ων.
3447 495 3549 548 At}?

308 609 410 662 νην
456 590 604 646 ποιοῦ
638 593 739 664 τὴν
773 595 1111 665 ἐπιμέλειαν.
1149 598 1317 652 Τοῦτο
1344 599 1450 670 γὰρ
1478 600 1596 653 ὁδὸν
1638 599 1729 652 καλ
1760 599 1883 670 δρό-
1913 606 1959 663 Α

1867 629 1883 639 -
1913 606 1959 663 Α
1990 599 2107 657 lens
2154 616 2274 656 esse
2329 602 2616 669 videatur,
2653 604 2795 673 quod
2845 604 3158 673 imperative
3209 605 3408 659 dictum
3460 609 3549 672 sit,

315 703 413 756 μον
447 686 671 756 παρέξει
692 687 771 757 τῷ
792 688 1127 760 κηρύγματι,
1158 694 1251 746 καὶ
1283 693 1489 755 πάντας
1534 691 1791 757 ὑποτάξει
1813 694 1881 762 τῇ
1985 714 1997 746 λ

1868 694 1881 762 i
1985 692 2246 762 Prospere
2281 696 2517 763 procede,
2537 712 2660 750 cum
2689 711 2751 751 ea
2774 711 2892 765 qua:
2917 705 3187 766 optantur,
3211 712 3423 765 semper
3455 702 3550 753 hoc

316 777 566 849 βασιλεία
608 795 722 832 σου.
749 781 838 851 Μὴ
870 781 1120 845 ξενιζέτω
1158 782 1213 835 δὲ
1244 784 1389 854 ἡμᾶς
1417 783 1479 837 τὸ
1504 784 1883 856 προστατικῶς
1984 800 1998 838 t

1872 801 1883 847 ;
1984 786 2145 839 modo
2172 784 2402 855 ﬁgurare
2433 786 2711 856 Scriptura
2759 787 2953 842 soleat.
2986 786 3246 841 Nimirum
3268 828 3282 850 ,
3312 785 3439 840 Fiat
3468 807 3554 841 ro-

310 868 565 936 λέγεσθαι
609 870 690 934 τὸ,
741 872 1101 935 Κατευοδοῦ,
1160 872 1251 926 διὰ
1306 873 1405 945 τὴν
1454 875 1743 947 συνήθειαν
1783 876 1883 947 τῆς
1982 880 1992 929 l

1869 893 1883 940 ;
1982 877 2157 933 tanta:
2202 888 2294 931 tua
2323 879 2391 943 ”,
2421 892 2538 947 pro,
2580 880 2782 931 utinam
2814 879 2927 947 ﬁat.
2972 879 3101 934 ltem
3139 894 3153 932 :
3186 878 3434 933 Adveniet
3469 897 3551 934 re-

310 961 534 1032 Γραφῆς
559 961 733 1027 οὕτως
761 965 848 1017 ἀεὶ
875 964 1311 1037 σχηματιζούσης
1332 967 1401 1020 τὰ
1430 969 1679 1022 εύκτικά.
1697 970 1884 1036 Γενη-

308 1053 467 1119 θήτω
494 1054 600 1125 γὰρ
622 1054 689 1108 τὸ
714 1055 940 1124 θέλημὰ
967 1071 1104 1121 σου,
1133 1057 1253 1110 ἀντὶ
1280 1058 1394 1125 τοῦ,
1427 1061 1701 1130 γενηθείη
1722 1077 1735 1089 °
1766 1062 1881 1125 καὶ,

322 1145 569 1200 Ἐλθέτω
598 1147 637 1214 ἡ
663 1148 948 1212 ,βασιλειά
970 1164 1106 1214 σου,
1138 1152 1257 1203 ἀντὶ
1286 1152 1403 1217 τοῦ,
1422 1154 1583 1207 ἔλθοι
1606 1154 1738 1224 (81).

379 1237 433 1293 6.
468 1238 707 1294 Ἕνεκεν
732 1241 1016 1307 ἀληθείας
1047 1242 1144 1296 καί
1162 1246 1493 1312 πραότητος
1523 1247 1619 1299 καὶ
1656 1246 1879 1299 δικαιο-

306 1331 505 1399 σύνης
526 1347 541 1363 ’
572 1333 670 1386 καὶ
692 1331 977 1401 ὁδηγήσει
1000 1350 1074 1388 σε
1105 1337 1459 1405 θαυμαστῶς
1484 1340 1522 1407 ἠ
1553 1338 1720 1403 δεξιὰ
1740 1354 1877 1393 σου.

309 1424 482 1476 Πάλιν
509 1427 537 1478 ὁ
568 1425 722 1494 λόγος
743 1427 939 1498 ὁμοίως
965 1430 1383 1500 ἐσχημάτισται,
1416 1431 1658 1501 ὡσπερεὶ
1689 1430 1881 1501 μισθὸν

306 1514 479 1568 ταῦτα
521 1515 883 1587 λαμϐάνοντος
910 1519 1003 1572 τοῦ
1056 1520 1283 1592 Κυρίου,
1308 1521 1370 1573 τὸ
1409 1522 1879 1576 κατευοδοῦσθαι

306 1609 403 1660 καὶ
432 1608 807 1674 βασιλεύειν,
848 1612 1000 1678 ὑπὲρ
1040 1614 1344 1680 ἀληθείας,
1392 1613 1489 1666 καὶ
1522 1614 1877 1681 πραότητος.

304 1699 408 1751 καὶ
430 1700 839 1770 δικαιοσύνης.
869 1705 960 1757 Δεῖ
986 1705 1044 1759 δὲ
1082 1706 1222 1758 οὓτω
1249 1708 1389 1760 νοεῖν
1413 1724 1426 1737 ο
1465 1707 1545 1759 ὅτι
1580 1707 1765 1777 ἐπειδὴ
1801 1706 1879 1777 τῷ

302 1790 488 1859 ψεύδει
516 1793 967 1867 προδιέστραπται
986 1797 1052 1849 τά
1082 1796 1415 1869 ἀνθρώπινα,
1444 1800 1529 1851 ἵνα
1557 1797 1880 1870 ἐπισπείρῃς

303 1884 405 1954 τὴν
428 1884 701 1956 ἀλήθειαν,
727 1886 975 1956 βασίλευε
1005 1891 1063 1942 ἐν
1088 1891 1199 1952 τοῖς
1232 1889 1540 1961 ἀνθρώποις
1571 1893 1684 1952 τοῖς
1725 1890 1876 1960 βασι-

301 1971 613 2045 λευομένοις
644 1978 747 2030 ὑπὸ
770 1979 871 2049 τῆς
894 1980 1201 2051 ἁμαρτίαςο
1250 1982 1313 2031 σὺ
1345 1980 1452 2051 γὰρ
1484 1976 1535 2033 εἴ
1563 1983 1596 2050 ὴ
1625 1981 1869 2051 ἀλήθεια.

303 2069 438 2131 Καὶ,
467 2069 718 2124 ’Ἕνεκεν
761 2074 1112 2140 πραότητος,
1151 2073 1236 2124 ἵνα
1268 2071 1346 2143 τῷ
1384 2072 1527 2126 κατὰ
1585 2074 1645 2126 σὲ
1671 2073 1875 2127 ὑποδεί-

301 2176 337 2227 γ
347 2177 475 2228 ματι
496 2162 695 2225 πάντες
709 2164 786 2225 είς
803 2163 1101 2215 ἐπιείκειαν
1118 2163 1211 2214 καὶ
1227 2163 1570 2233 χρηστότητα
1588 2163 1871 2234 προαχθῶ-

302 2272 357 2307 σι
388 2255 518 2324 (82).
550 2257 639 2308 Διὸ
665 2258 759 2310 καὶ
814 2259 841 2309 ὁ
868 2256 1072 2327 Κύριος
1105 2257 1286 2325 ἐλεγε’
1324 2257 1551 2312 Μάθετε
1579 2260 1678 2313 ἀπ’
1706 2260 1871 2329 ἐμοῦ,

299 2344 389 2396 ὅτι
416 2344 603 2412 πρᾶός
645 2349 759 2416 εὶμι
798 2348 895 2401 καί
922 2347 1201 2416 ταπεινὸς
1225 2350 1300 2418 τῇ
1324 2351 1555 2419 καρδίᾳ.
1593 2352 1701 2404 Καὶ
1737 2352 1871 2404 ἀπό-

297 2435 466 2500 δειξιν
512 2437 799 2508 παρείχετο
849 2439 951 2509 τῆς
1025 2440 1333 2511 πραότητος
1392 2443 1478 2493 ἐπ’
1536 2441 1714 2495 αὐτῶν
1762 2439 1873 2493 τῶν

298 2529 479 2599 ἔργων
501 2546 516 2561 ο
548 2529 975 2603 λοιδορούμενος,
1003 2531 1244 2585 ἐσιώπαο
1277 2533 1688 2602 μαστιζόμενος,
1723 2533 1872 2601 ηνεί-

298 2638 448 2691 χετο.
478 2624 591 2677 Καὶ
634 2624 919 2693 ὁδηγήσει
957 2641 1030 2678 σε
1064 2624 1419 2692 θαυμαστῶς
1454 2625 1488 2691 ἠ
1534 2624 1704 2688 δεξιά
1731 2640 1871 2681 σου.

300 2716 437 2785 Οὐχὶ
469 2715 658 2780 στῦλος
714 2716 961 2787 νεφέλης,
1010 2716 1128 2769 οὐδὲ
1181 2717 1458 2788 φωτισμὸς
1509 2718 1700 2790 πυρὸς,
1755 2720 1873 2774 ἀλλ’

298 2807 437 2877 αὐτὴ
467 2810 498 2878 ή
531 2808 682 2874 δεξιά
714 2825 828 2862 σου.
887 2811 963 2863 Τὰ
999 2808 1159 2878 ,βέλη
1212 2827 1332 2865 σου
1361 2810 1726 2881 ἠκονημένα,
1767 2813 1870 2867 δυ-

298 2897 442 2952 νατέ
465 2898 596 2968 (85).
626 2898 763 2971 Βέλη
801 2897 895 2953 τοῦ
922 2900 1150 2955 δυνατοῦ
1184 2902 1500 2974 ἠκονημένα
1531 2904 1678 2956 ἐστὶν
1712 2905 1759 2957 oi
1787 2904 1874 2957 ab.

301 3007 481 3060 στοχοι
532 2990 714 3059 λόγοι,
765 2994 815 3045 οἱ
858 2992 1276 3065 καθικνούμενοι
1340 2994 1439 3065 τῆς
1495 2994 1719 3066 καρδίας
1767 2995 1875 3048 τῶν

297 3084 688 3154 ἀκροωμένων,
720 3085 1006 3156 βάλλοντες
1034 3087 1127 3139 καὶ
1150 3085 1544 3157 τιτρώσκοντες
1591 3088 1687 3149 τὰς
1722 3088 1873 3142 εὐαι-

300 3174 529 3246 σθήτους
546 3177 740 3247 ψυχάς.
767 3179 942 3246 Λόγοι
974 3178 1103 3245 γὰρ,
1135 3178 1287 3246 φησὶ,
1315 3175 1523 3245 σοφῶν
1542 3178 1621 3243 ὡς
1642 3177 1714 3229 τὰ
1727 3179 1876 3241 ,ϐού-

1984 984 2139 1039 gnum
2183 980 2330 1023 tuum
2361 970 2428 1035 ‘°,
2463 984 2581 1039 pro,
2617 971 2818 1023 utinam
2841 971 3105 1024 adveniat.

2052 1241 2105 1295 6.
2138 1237 2359 1312 Propter
2388 1244 2739 1308 ueritatem,et
2781 1243 3234 1296 mansuetudinem
3259 1282 3273 1306 ,
3314 1253 3361 1296 et
3388 1244 3550 1312 justi-

1979 1334 2107 1387 tiam
2134 1350 2155 1399 ;
2188 1344 2234 1388 et
2272 1334 2486 1388 deducet
2520 1343 2568 1388 te
2615 1335 2925 1389 mirabiliter
2961 1336 3176 1388 dextera
3204 1346 3315 1390 tua.
3347 1334 3551 1391 Rursus

1979 1424 2065 1477 hic
2113 1438 2292 1477 sermo
2340 1422 2601 1493 ﬁguratus
2652 1434 2767 1489 est,
2799 1424 3017 1495 perinde
3065 1440 3130 1479 ac
3183 1428 3228 1480 si
3288 1426 3549 1480 Dominus

1979 1516 2242 1569 mercedis
2279 1515 2399 1570 loco
2450 1516 2683 1584 accipiat
2730 1517 2816 1572 illa
2839 1556 2853 1580 ,
2883 1533 3124 1586 prospere
3153 1519 3451 1585 procedere,
3501 1530 3550 1572 et

1980 1623 2217 1676 regnare,
2270 1621 2479 1675 nempe,
2522 1619 2733 1677 prapter
2774 1609 3057 1672 ueritatem,
3087 1618 3135 1661 et
3181 1613 3549 1663 mansuetudi-

1980 1716 2118 1762 nem,
2150 1712 2198 1753 et
2219 1700 2508 1769 justitiam.
2537 1700 2759 1771 Oportet
2781 1712 2959 1757 autem
2988 1703 3283 1774 intelligere
3308 1703 3408 1757 hoc
3434 1720 3549 1756 mo-

1980 1793 2048 1846 do
2086 1808 2097 1843 :
2128 1794 2381 1860 quoniam
2405 1806 2492 1847 res
2525 1792 2769 1847 humana:
2812 1792 3036 1846 inversa:
3077 1805 3202 1846 sunt
3243 1793 3545 1859 mendacio,

1983 1892 2041 1937 ut
2069 1897 2217 1937 seras
2239 1882 2544 1946 veritatem,
2566 1897 2727 1951 regna
2760 1882 2811 1935 in
2838 1881 3147 1937 hominibus
3170 1893 3387 1951 peccato
3417 1886 3548 1938 sub-

1971 1976 2130 2046 jectis
2164 1992 2180 2032 :
2214 1986 2267 2029 tu
2310 1975 2452 2030 enim
2501 1990 2559 2030 es
2591 1975 2706 2046 ipsa
2755 1978 2974 2030 veritas.
3012 1976 3101 2038 Et,
3160 1974 3377 2043 Propter
3406 1993 3549 2029 man-

1974 2070 2327 2133 suetudinem,
2360 2080 2417 2123 ut
2460 2083 2648 2123 omnes
2700 2069 2950 2137 exemplo
2983 2077 3071 2122 tuo
3110 2068 3175 2120 ad
3201 2069 3547 2122 clementiam

1974 2173 2027 2217 et
2079 2162 2377 2218 bonitatem
2408 2162 2787 2232 perducantur.
2838 2161 3198 2227 Quamobrem
3249 2163 3410 2215 etiam
3449 2160 3551 2214 Do-

1976 2254 2150 2308 minus
2189 2254 2401 2308 dicebat
2427 2271 2440 2307 :
2471 2251 2663 2306 Discite
2690 2268 2719 2305 a
2744 2268 2822 2305 me
2848 2254 2985 2321 quod
3014 2254 3153 2306 milis
3175 2268 3286 2305 sum
3314 2265 3361 2305 et
3380 2252 3552 2303 lauini-

1972 2344 2038 2398 lis
2070 2344 2226 2397 eorde
2270 2344 2336 2394 ⁶¹.
2369 2342 2508 2410 Quin
2552 2351 2609 2397 et
2663 2343 2821 2397 istam
2876 2343 3340 2398 mansuetudinem
3390 2339 3552 2394 factis

1974 2437 2107 2503 ipsis
2136 2437 2372 2492 ostendit
2405 2454 2418 2491 :
2458 2436 2654 2507 quippe
2689 2435 2901 2490 tacebat
2927 2436 3191 2491 conviciis
3224 2435 3506 2490 lacessitus
3533 2429 3555 2484 ὅ

1972 2527 2155 2599 ﬂagris
2193 2543 2385 2594 cresus,
2425 2528 2748 2599 perferebat.
2779 2527 2846 2582 Et
2894 2530 3109 2583 deducet
3158 2539 3205 2582 te
3240 2530 3555 2581 mirabiliter

1974 2623 2187 2677 dextera
2210 2634 2323 2677 tua.
2344 2622 2460 2677 Non
2491 2622 2740 2677 columna
2772 2624 2950 2690 nubis,
2973 2638 3077 2677 non
3113 2624 3252 2693 ignis
3277 2621 3551 2691 splendor,

1973 2717 2065 2769 sed
2091 2715 2202 2784 ipsa
2234 2717 2457 2771 dextera
2510 2726 2623 2770 tua.
2660 2718 2820 2771 Vens.
2849 2715 2903 2770 6.
2953 2715 3175 2786 Sagitta:
3224 2727 3327 2769 tua:
3360 2725 3551 2780 muter,

1972 2807 2350 2874 potentissime.
2378 2809 2567 2863 Acutze
2609 2810 2842 2877 potentis
2872 2810 3086 2878 sagitta:
3116 2824 3395 2863 sermones
3426 2816 3555 2861 sunt

1973 2899 2202 2967 appositi
2243 2915 2307 2954 ac
2339 2901 2587 2964 solertes,
2618 2903 2709 2970 qui
2747 2902 3055 2955 auditorum
3090 2902 3400 2969 pertingant
3430 2916 3553 2953 cor-

1973 2993 2062 3057 da,
2098 2993 2400 3064 feriuntque
2430 3003 2487 3049 et
2532 2992 2780 3049 sauciant
2828 2993 3039 3047 animas
3093 3008 3254 3047 sensu
3309 2990 3453 3046 facili
3489 3005 3553 3044 ac

1977 3092 2223 3151 prompto
2266 3085 2537 3151 praeditas.
2588 3081 2756 3137 Verba
2803 3085 2961 3145 enim,
2991 3082 3187 3152 inquit,
3212 3083 3552 3151 sapientium,

1973 3176 2111 3228 sicut
2134 3175 2330 3228 stimuli
2365 3174 2556 3229 bonum
2588 3176 2651 3228 ⁶¹.
2681 3175 2858 3241 Quare
2892 3185 2946 3229 et
2984 3174 3266 3229 Psaltnista
3294 3190 3323 3226 a
3353 3174 3554 3228 dolosis

298 3284 533 3336 κεντρα.
575 3269 666 3321 Διὸ
696 3268 790 3322 καὶ
830 3268 860 3319 ὁ
905 3267 1206 3338 Ψαλμῳδὸς
1257 3267 1519 3339 ρυσθῆναί
1574 3284 1703 3321 ποτε
1762 3268 1873 3322 ἀπὸ
1898 3265 1980 3342 cl

1868 3282 1942 3342 lc
1974 3265 2281 3321 hominibus
2330 3267 2505 3320 anatis
2557 3280 2669 3320 suae
2705 3266 2997 3335 aliquando
3047 3266 3263 3322 liberari
3304 3267 3550 3335 cupiens,

296 3358 408 3412 τῶν
429 3358 660 3428 δολερῶν
690 3358 800 3411 τῶν
832 3358 969 3411 κατὰ
1001 3358 1099 3429 τὴν
1126 3357 1321 3427 γενεὰν
1349 3357 1514 3412 αὑτοῦ
1559 3359 1868 3429 εὐχόμενος,

297 3451 380 3515 είς
415 3450 708 3522 θεραπείαν
745 3449 1001 3522 γλώσσης
1028 3451 1210 3515 δολίας
1242 3450 1310 3505 τὰ
1353 3450 1482 3524 βέλη
1528 3451 1621 3506 τοῦ
1646 3452 1871 3506 δυνατοῦ

296 3543 611 3616 ἠκονημένα
650 3544 819 3615 ζητεῖ.
862 3543 1141 3613 Ἐπιζητεῖ
1175 3543 1230 3595 δὲ
1287 3544 1381 3595 καὶ¹
1417 3546 1544 3607 τοὺς
1595 3544 1870 3616 ἄνθρακας

297 3639 557 3709 παρεῖναι
602 3636 744 3703 τοὺς
791 3635 1144 3705 ἐρημικούς·
1180 3634 1319 3686 ὥστε
1358 3635 1497 3688 ὅσων
1534 3636 1599 3689 ἂν
1630 3637 1703 3706 μὴ
1740 3636 1872 3690 καθ-

294 3727 505 3797 ἅψηται
533 3725 621 3779 διὰ
642 3726 743 3795 τὴν
769 3723 1024 3793 πώρωσιν
1044 3721 1143 3792 τῆς
1172 3722 1397 3793 καρδίας
1422 3724 1488 3776 τὰ
1508 3722 1699 3792 λογικά
1718 3723 1867 3795 βέλη,

295 3815 506 3878 τούτοις
528 3812 749 3883 ἑτοίμην
772 3808 911 3866 εἶναι
936 3810 1035 3883 τὴν
1067 3811 1306 3877 κόλασιν,
1331 3813 1397 3885 ἢν
1432 3814 1525 3867 καὶ
1551 3814 1870 3884 ἐρημικοὺς

296 3910 573 3982 ἄνθρακας
620 3908 1080 3982 προσηγόρευσεν.
1118 3907 1275 3962 Ὀσοι
1330 3909 1439 3982 γὰρ
1490 3910 1729 3983 ἐρήμους
1776 3910 1870 3965 τοῦ

295 4000 433 4055 Θεοῦ
456 4000 793 4072 κατέστησαν
809 4001 1058 4064 ἐαυτοὺς,
1078 4000 1287 4062 τούτοις
1309 4001 1603 4068 ἀναγκαῖος
1629 4004 1656 4055 ὁ
1682 4002 1870 4073 εὐτρε-

299 4092 504 4163 πισμὸς
538 4091 645 4145 τῶν
668 4090 953 4162 ἐρημικῶν
982 4090 1290 4161 ἀνθράκων.
1332 4090 1447 4142 Νῦν
1486 4088 1578 4144 οὗν
1623 4092 1869 4161 Τὰβέλη

294 4197 415 4236 σου
444 4180 808 4248 ἠκονημένα.
846 4181 940 4233 Ἐκ
964 4179 1169 4232 τούτων
1203 4179 1311 4232 τῶν
1348 4180 1517 4249 βελῶν
1545 4181 1869 4252 τιτρώσκον-

294 4291 386 4326 ται
419 4274 476 4325 αί
512 4272 949 4344 παραδεξάμεναι
977 4273 1076 4343 τὴν
1116 4273 1298 4326 πίστιν
1330 4272 1519 4345 ψυχαὶ,
1556 4274 1648 4327 καὶ
1671 4279 1750 4340 είς
1773 4277 1871 4348 τὴν

295 4369 473 4439 ἄκραν
507 4367 600 4421 τοῦ
632 4366 766 4422 Θεοῦ
796 4368 1017 4440 ἀγάπην
1048 4368 1398 4423 ἐκκαυθεῖσαι
1438 4370 1653 4439 λέγουσι
1704 4384 1871 4444 παρα-

296 4460 539 4531 πλησίως
568 4462 632 4531 τῇ
664 4460 847 4532 νύμφῃ
869 4461 949 4524 τὸ,
976 4460 1307 4530 Τετρωμένη
1337 4462 1572 4531 ἀγάπης
1591 4462 1703 4532 ἐγώ
1730 4466 1866 4533 ειμι.

306 4552 721 4622 Ἀνεκδιήγητον
750 4553 806 4605 δὲ
840 4552 933 4605 καὶ
970 4552 1211 4623 ἄρρητον
1248 4554 1307 4605 τὸ
1339 4553 1433 4605 τοῦ
1461 4554 1617 4621 λόγου
1645 4555 1866 4619 κάλλος,

294 4644 391 4698 καὶ
441 4643 601 4715 ήτῆς
647 4645 837 4713 σοφίας
879 4646 1171 4715 ώραιότης,
1208 4648 1300 4699 καὶ
1338 4650 1370 4718 ἡ
1402 4646 1496 4699 τοῦ
1530 4647 1665 4700 Θεοῦ
1702 4652 1759 4702 ἐν
1800 4653 1868 4720 τῇ

292 4734 466 4789 εἰκόνι
500 4735 664 4789 αὑτοῦ
697 4739 896 4809 μορφή.
949 4738 1225 4810 Μακάριοι
1254 4736 1368 4806 οὖν,
1396 4741 1445 4793 οί
1473 4740 1567 4793 τοῦ
1615 4741 1870 4810 ἀληθινοῦ

290 4828 525 4893 κάλλους
548 4828 953 4899 φιλοθεάμονες.
975 4832 1150 4883 Οίονεὶ
1177 4830 1285 4901 γάρ
1319 4831 1703 4902 προσ-δεθέντες
1724 4832 1873 4904 αὐτῷ

290 4923 385 4976 διὰ
416 4921 517 4992 τῆς
548 4922 786 4993 ἀγάπης,
824 4924 919 4975 καὶ
949 4923 1038 4975 τὸν
1066 4925 1386 4995 ἐπουράνιον
1417 4926 1508 4979 καὶ
1535 4928 1872 4997 μακαριστὸν

290 5012 529 5085 ἐρῶντες
564 5014 761 5084 ἔρωτα,
798 5014 1242 5069 ἐπιλανθάνονται
1277 5016 1376 5085 μέν
1414 5016 1630 5071 οίκείων
1659 5020 1751 5072 καὶ
1785 5018 1869 5084 φί-

290 5111 431 5161 λωνο
467 5106 911 5162 ἐπιλανθάνονται
950 5109 1005 5162 δὲ
1040 5111 1188 5161 οἴκου
1237 5110 1327 5161 καὶ
1364 5111 1679 5180 περιουσίας
1727 5112 1868 5165 ἀπά-

292 5217 421 5269 σης·
454 5198 798 5269 ἐκλαθόμενοι
823 5200 877 5253 δὲ
909 5202 1001 5254 καὶ
1018 5200 1113 5270 τῆς
1145 5202 1460 5272 σωματικῆς
1487 5204 1563 5264 είς
1586 5204 1646 5255 τὸ
1670 5203 1869 5258 ἐσθίειν

1972 3367 2161 3413 acutas
2196 3358 2433 3427 potentis
2461 3356 2691 3428 sagittas
2720 3360 2980 3428 exquirit,
3006 3375 3105 3429 pro
3137 3359 3333 3429 linguae
3359 3357 3555 3413 dolosae

1972 3449 2232 3506 remedio.
2268 3448 2472 3515 Quaerit
2522 3450 2705 3505 itidem
2763 3451 3023 3506 carbones
3067 3451 3257 3504 adesse
3299 3450 3533 3502 desolato

1973 3543 2077 3596 rios
2095 3541 2165 3607 “,
2200 3549 2262 3597 ut
2316 3556 2454 3612 quos
2500 3540 2570 3595 ob
2623 3541 2882 3595 callosam
2918 3541 3099 3596 cordis
3150 3540 3401 3595 duritiem
3443 3554 3553 3593 non

1972 3644 2200 3704 tangunt
2246 3633 2556 3704 spirituales
2606 3632 2855 3702 sagittae,
2894 3633 2959 3688 iis
3015 3642 3300 3703 parentum
3332 3632 3402 3687 sit
3428 3646 3555 3701 sup-

1970 3724 2212 3794 plicium,
2251 3725 2393 3794 quod
2438 3726 2703 3780 carbones
2732 3725 2897 3780 etiam
2943 3726 3294 3781 desolatorios
3324 3725 3557 3795 appella-

1969 3820 2048 3874 vit
2089 3818 2412 3889 Quicunque
2440 3819 2585 3875 enim
2618 3818 2788 3875 Deum
2827 3819 3139 3882 deseruere,
3165 3820 3232 3873 iis
3257 3819 3554 3872 carbonum

1972 3914 2419 3969 desolatoriorum
2450 3924 2741 3984 apparatus
2773 3912 3113 3966 necessarius
3135 3920 3237 3967 est.
3272 3910 3423 3965 Nunc
3459 3912 3556 3980 igi-

1975 4015 2060 4060 tur
2086 4004 2307 4073 Sagitta:
2340 4014 2444 4058 tua?
2471 4014 2661 4057 acutae.
2683 4003 2813 4071 Quae
2846 4004 3007 4059 tidem
3062 4003 3382 4073 amplexata:
3429 4014 3557 4059 sunt

1972 4097 2185 4161 animae,
2206 4097 2287 4152 his
2303 4095 2617 4153 sanciantur
2634 4098 2845 4166 sagittis
2864 4113 2879 4162 ;
2899 4108 2953 4153 et
2971 4098 3059 4152 ubi
3082 4112 3292 4152 summa
3312 4098 3363 4150 in
3385 4096 3554 4151 Deum

1971 4188 2239 4245 charitate
2260 4188 2582 4256 exarserint,
2618 4190 2823 4258 pariter
2850 4203 2915 4244 ac
2939 4204 3135 4260 sponsa
3170 4192 3391 4244 dicunt:
3425 4188 3557 4242 Vul-

1972 4292 2156 4336 nerata
2188 4282 2444 4335 charitate
2470 4297 2563 4350 ego
2591 4296 2707 4335 sum
2730 4281 2797 4336 “.
2820 4282 2987 4338 Porro
3011 4283 3162 4337 verbi
3186 4282 3554 4353 pulchritudo,

1971 4374 2249 4444 sapientia:
2277 4373 2505 4442 species,
2524 4389 2588 4428 ac
2618 4374 2710 4428 Dei
2735 4375 2786 4430 in
2816 4376 2982 4445 ipsius
3009 4376 3239 4444 imagine
3268 4374 3439 4429 forma
3477 4376 3555 4428 in-

1972 4465 2304 4535 explicabilis
2328 4478 2412 4523 est
2450 4482 2516 4522 ac
2561 4467 2867 4523 ineﬂabilis.
2904 4468 3052 4521 Beati
3087 4469 3271 4537 igitur,
3312 4468 3403 4538 qui
3435 4484 3559 4524 con-

1974 4560 2295 4629 templandas
2349 4574 2492 4614 vera:
2528 4560 2672 4613 illius
2713 4559 3136 4627 pulchritudinis
3187 4570 3316 4615 sunt
3352 4562 3552 4630 cupidi.

1977 4653 2110 4709 Nam
2138 4654 2283 4707 velut
2316 4652 2440 4707 huic
2468 4651 2668 4720 alligati
2708 4666 2803 4721 per
2832 4653 3204 4717 dilectionem,
3249 4655 3556 4708 caelestem-

1976 4762 2081 4817 que
2109 4754 2161 4801 et
2182 4745 2343 4816 plane
2370 4748 2586 4800 beatum
2635 4756 2877 4801 amantes
2909 4760 3184 4809 amorem,
3228 4746 3557 4815 propinquo-

1980 4856 2097 4895 rum
2121 4837 2516 4893 obliviscuntur
2541 4846 2597 4893 et
2622 4839 2957 4892 amicorum:
3004 4838 3129 4891 item
3178 4837 3367 4891 domus
3415 4838 3554 4891 obli-

1975 4929 2255 4984 viscuntur
2289 4935 2343 4981 et
2367 4941 2530 4997 opum
2574 4927 2852 4992 omnium;
2892 4927 3000 4980 imo
3034 4922 3189 4994 165
3225 4926 3386 4977 etiam
3434 4939 3556 4977 cor-

1975 5021 2217 5091 poralem
2257 5019 2451 5075 edendi
2494 5028 2549 5072 et
2580 5017 2799 5072 bibendi
2847 5017 3222 5072 necessitatem
3251 5015 3424 5081 obliti,
3454 5017 3555 5072 soli

1976 5112 2157 5168 divino
2192 5126 2256 5167 ac
2291 5124 2428 5179 puro
2466 5109 2637 5163 amori
2694 5108 2833 5163 aﬂixi
2868 5119 3012 5163 sunt.
3050 5107 3349 5178 Intelligere
3376 5116 3553 5161 autem

1975 5204 2149 5274 possis
2175 5202 2395 5273 sagittas
2432 5211 2615 5255 acutas
2644 5214 2738 5256 eos
2768 5202 2952 5265 etiam,
2980 5201 3069 5271 qui
3097 5200 3162 5253 ad
3194 5200 3553 5253 disseminan-

364 5384 408 5414 "
441 5381 629 5438 Matth.
655 5398 728 5449 vr,
756 5381 841 5435 l0.
921 5383 964 5411 °°
997 5382 1125 5435 ibid.
1202 5382 1243 5413 “
1277 5380 1460 5436 Matth.
1482 5398 1559 5447 xi,
1594 5382 1681 5436 29.
1760 5386 1804 5415 “
1839 5384 2017 5442 Eccle.
2046 5398 2145 5451 xu,
2174 5384 2259 5439 Η.
2336 5384 2382 5414 ⁸³
2406 5381 2552 5438 Psal.
2579 5396 2725 5446 CXIX,
2754 5381 2806 5436 4.
2884 5382 2927 5413 “
2961 5381 3115 5436 Cant.
3153 5397 3209 5444 lt,
3242 5379 3294 5433 5.

366 5516 479 5584 (81)
516 5518 606 5571 Sic
644 5519 883 5587 quinque
935 5534 1064 5570 mss.
1114 5534 1234 5573 cum
1284 5520 1518 5572 editione
1584 5518 1749 5574 Basil.
1800 5520 1870 5575 At

290 5590 465 5642 editio
502 5587 673 5658 Paris.
717 5589 863 5658 ἔλθῃ.
897 5587 1003 5641 Nec
1032 5589 1104 5641 ita
1124 5589 1291 5640 multo
1317 5599 1438 5653 post
1461 5590 1701 5656 quinque
1737 5608 1868 5644 tnss.

302 5660 474 5731 ’Υπὲρ
496 5657 770 5728 ἀληθείας.
788 5648 926 5713 Είιίιὶ
948 5660 1172 5731 Ἕνεκεν
1206 5648 1491 5731 ἀληθείαςξ
1516 5648 1709 5712 Staiim
1741 5676 1874 5724 qna-

291 5743 418 5783 tuor
447 5730 579 5781 mss.
614 5745 734 5800 cum
761 5730 995 5782 editione
1020 5730 1179 5800 Basil.
1204 5730 1718 5800 προσδιέστραττται.
1750 5732 1872 5782 Edi-

289 5806 369 5851 tin
440 5815 568 5854 vero
635 5797 806 5851 Puris.
865 5818 985 5853 cum
1042 5798 1192 5853 Coll).
1248 5797 1405 5853 Sexto
1474 5800 1865 5870 προσδιέστρα-

288 5887 413 5926 πτο.

364 5940 472 6003 (δικ
494 5942 630 5995 Ειίὲιὶ
661 5940 969 6009 ἐνσχθῶσιν.
998 5941 1060 5993 At
1087 5956 1210 5995 mss.
1236 5939 1465 6009 quinque
1498 5940 1861 6017 πρῡςιχθῶσξυ.

2052 5521 2160 5590 (83)
2188 5521 2261 5574 Ita
2296 5533 2511 5586 quoque
2536 5516 2736 5590 legitur
2765 5518 2902 5587 apud
2932 5515 3093 5590 LXX,
3130 5520 3223 5571 sed
3257 5532 3439 5590 vocem
3460 5517 3548 5570 δυ·-

1982 5592 2109 5645 νατέ
2137 5587 2239 5645 non
2272 5590 2515 5652 agnoscit
2535 5587 2937 5651 Ensehius,nec
2960 5588 3178 5640 dubium
3198 5589 3325 5653 quin
3357 5587 3550 5643 abesse

1984 5672 2253 5729 oporteat.
2298 5659 2459 5713 Natat
2515 5658 2658 5712 enim
2714 5658 3076 5725 Hieronymus
3110 5659 3173 5729 ad
3207 5658 3455 5729 Simiam,
3493 5660 3544 5711 id

1979 5728 2301 5787 vocabulum
2336 5730 2662 5793 redundare,
2690 5738 2853 5797 atque
2882 5743 2913 5781 e
2946 5728 3226 5797 superiore
3253 5728 3369 5783 loco
3394 5729 3549 5784 addi-

1975 5813 2288 5934 mlt'i'iieisi'iix
2331 5870 2523 5939 λογικά
2561 5870 2611 5924 in
2644 5867 2911 5941 aliquibus
2953 5884 3080 5923 mss.
3117 5884 3222 5925 non
3254 5869 3538 5939 reperitur.
