4260 6488
769 420 872 472 405

2079 422 2133 478 S.
2175 421 2421 478 BASlLll
2460 423 2669 479 MAGNI

3905 413 4001 469 illi

768 536 893 586 dum
939 534 991 588 in
1021 535 1268 589 universo
1310 535 1440 590 orbe
1469 536 1808 604 Evangelinm
1853 539 2000 593 missi
2024 548 2186 604 sunt;
2226 540 2339 609 qui,
2370 550 2414 604 Α
2445 560 2450 593 :

2325 578 2339 604 ,
2370 550 2414 604 Α
2445 542 2534 594 καὶ
2592 540 2763 593 πίνειν
2818 540 3082 608 ἀνάγκης,
3138 539 3281 608 μόνῳ
3328 539 3402 608 τῷ
3457 536 3584 606 θείῳ
3635 533 3728 587 καὶ
3781 530 4004 601 καθαρῖι

770 626 911 692 quod
957 628 1298 681 exacuissent
1345 643 1482 693 sese,
1511 629 1999 697 operibusjustitiaa
2039 629 2333 700 fulgebant,

769 728 822 771 et
866 717 1128 772 subtiliter
1165 719 1216 774 in
1253 720 1572 774 discentium
1601 723 1812 775 animos
1853 723 2334 790 irrepebantznam

771 807 851 860 ha?
874 809 1080 878 sagitta:
1107 826 1537 879 quaquaversum
1569 814 1880 882 praemissae,
1923 815 2164 884 populos,
2199 825 2254 869 ut
2282 832 2338 871 se

769 898 1147 953 submitterent
1177 900 1422 967 Christo,
1457 903 1850 971 praeparabant.
1892 903 2114 958 Videtur
2163 915 2339 959 autent

772 989 900 1042 mihi
925 990 1112 1046 istlnec
1132 995 1396 1046 sententia
1427 994 1605 1063 aptius
1629 1009 1725 1062 per
1747 995 2078 1062 hyperbaton
2112 997 2338 1060 restitui,

771 1081 907 1135 adeo
933 1090 990 1135 ut
1033 1083 1077 1138 is
1101 1084 1171 1137 sit
1211 1099 1403 1140 sensus
1430 1102 1443 1139 :
1483 1085 1512 1138 Ι
1520 1087 1724 1149 ntende,
1753 1095 1800 1140 et
1836 1100 2078 1156 prospere
2102 1089 2337 1155 procede,

769 1184 815 1226 et
840 1191 1018 1243 regna,
1050 1185 1099 1229 et
1124 1178 1340 1233 deducet
1379 1187 1427 1233 te
1461 1179 1768 1233 mirabiliter
1794 1181 2006 1234 dextera
2046 1193 2158 1246 tua,
2181 1191 2226 1233 et
2245 1197 2342 1246 po-

771 1269 885 1334 puli
906 1271 999 1320 sub
1029 1278 1075 1322 te
1101 1271 1320 1334 cadent;
1343 1280 1622 1340 propterea
1646 1273 1786 1339 quod
1816 1274 2016 1341 sagittte
2043 1283 2148 1325 tua:
2171 1281 2342 1324 acuta:

771 1367 892 1412 sunt
928 1360 982 1412 in
1011 1362 1162 1414 corde
1208 1364 1539 1416 inimicorum
1577 1365 1730 1430 regis.
1757 1363 1938 1418 Nullus
1965 1366 2070 1418 Deo
2099 1364 2343 1418 adversa-

773 1448 914 1512 rius,
958 1460 1358 1522 autarrogans,
1389 1463 1482 1507 aut
1537 1455 1800 1523 superbus
1839 1455 2054 1523 subjicit
2094 1469 2153 1510 se
2202 1456 2341 1520 Deo,

774 1543 868 1596 sed
900 1545 990 1611 qui
1031 1543 1152 1600 ﬁdei
1184 1548 1644 1616 obtemperavere.
1681 1547 1899 1618 Sagittae
1926 1555 2124 1612 autem,
2157 1562 2343 1602 eorum

775 1634 865 1701 qui
891 1636 1030 1705 regis
1074 1637 1363 1705 aliquando
1395 1637 1594 1692 inimici
1621 1648 1774 1692 erant
1821 1637 2072 1692 cordibus
2121 1635 2342 1705 illapsaa.

777 1725 920 1793 ipsos
950 1729 1015 1781 ad
1050 1729 1293 1784 veritatis
1324 1730 1647 1785 desiderium
1679 1731 1923 1796 trahunt,
1951 1729 2096 1800 ipsos
2129 1729 2346 1783 trahunt

776 1817 844 1870 ad
881 1819 1185 1884 Dominum,
1216 1831 1271 1874 ut
1304 1822 1504 1877 inimici
1533 1822 1625 1876 Dei
1649 1823 1989 1887 exsistentes,
2023 1821 2069 1876 ei
2109 1835 2205 1890 per
2249 1819 2346 1873 do-

777 1909 1005 1963 ctrinam
1038 1914 1472 1969 reconcilientur.

2439 632 2869 701 προστετήκασιν
2896 631 3074 700 ἔρωτι.
3109 632 3336 700 Νοήσεις
3354 630 3408 681 δὲ
3425 625 3739 697 ἠκονημένα
3759 621 3889 692 βέλη
3911 621 4003 672 καὶ

2437 725 2564 785 τοὺς
2597 722 3090 792 ἀποστελλομένους
3137 723 3227 772 ἐπὶ
3254 721 3312 772 τὸ
3349 721 3457 787 (85)
3500 719 3814 785 ἐπισπεῖραι
3859 712 4003 780 πάσῃ

2439 817 2504 884 τῇ
2539 813 2830 884 οἰκουμένῃ
2864 813 2923 864 τὸ
2970 811 3327 879 Εὑαγγέλιον·
3360 809 3431 872 οἳ,
3461 808 3548 860 διὰ
3598 808 3656 859 τὸ
3681 799 4002 874 ἠκονῆσθαι,

2440 907 2679 976 ἔλαμπον
2701 910 2809 968 τοῖς
2832 906 2937 975 τῆς
2966 904 3305 974 δικαιοσύνης
3334 904 3530 974 ἔργοις,
3559 903 3653 954 καὶ
3681 898 3890 959 λεπτῶς
3915 895 4003 947 ἐπὶ

2441 997 2537 1060 τὰς
2570 997 2677 1049 τῶν
2697 997 3093 1067 διδασκομένων
3121 996 3294 1065 ψυχας
3316 993 3645 1064 παρεδύοντο
3662 1010 3674 1022 ·
3697 990 3870 1042 ταῦτα
3895 986 3999 1055 γὰρ

2441 1088 2508 1140 τὰ
2545 1089 2698 1158 βέλη,
2721 1087 2989 1157 πανταχοῦ
3015 1086 3465 1158 προπεμπόμενα,
3495 1081 3871 1154 παρεσκεύαζε
3891 1078 4000 1146 (86)

2443 1182 2566 1242 τοὺς
2593 1181 2753 1244 λαοὺς
2782 1182 3033 1233 ὑποκάτω
3086 1181 3303 1232 πίπτειν
3349 1178 3441 1230 τοῦ
3477 1174 3734 1248 Χριστοῦ.
3768 1174 3924 1223 Δοκεῖ
3949 1170 4004 1222 δέ

2448 1290 2535 1343 μοι
2565 1274 2978 1345 ἀκολουθότερον
3009 1277 3041 1345 ἡ
3076 1274 3220 1337 λέξις
3247 1268 3710 1326 ἀποκαθίστασθαι
3739 1263 3806 1316 δι’
3843 1265 4007 1330 ὑπερ-

2446 1364 2633 1428 ϐατοῦ,
2658 1365 2796 1420 ὣστε
2831 1367 3066 1419 τοιοῦτον
3096 1361 3235 1418 εἶναι
3269 1367 3359 1416 τὸν
3379 1363 3533 1416 νοῦν·
3558 1363 3865 1412 Ἔντεινον
3891 1354 4004 1422 (87)

2445 1456 2544 1510 καί
2568 1457 2893 1510 κατευοδοῦ
2909 1459 3002 1510 καὶ
3016 1456 3444 1525 βασίλευε,,καὶ
3471 1452 3756 1522 ὁδηγήσει
3780 1465 3852 1501 σε
3869 1450 4005 1500 θαυ-

2438 1545 2684 1613 μαστῶς
2710 1546 2747 1612 ή
2785 1544 2954 1608 δεξιά
2979 1561 3116 1607 σου,
3151 1545 3247 1598 καὶ
3287 1541 3424 1598 λαοὶ
3457 1543 3733 1595 ὑποκάτω
3764 1552 3880 1589 σου
3913 1548 4009 1584 πε-

2445 1634 2728 1690 σοῦνται·
2778 1634 2854 1704 τῴ
2901 1634 2973 1686 τὰ
3013 1634 3173 1700 ,Βέλη
3223 1651 3337 1688 σου
3376 1630 3717 1701 ἡκοιημένα
3751 1624 3902 1680 εἶναι
3943 1623 4008 1674 ἐν

2445 1727 2657 1795 καρδίᾳ
2684 1726 2801 1780 τῶν
2818 1725 3045 1795 ἐχθρῶν
3059 1726 3164 1779 τοῦ
3186 1725 3512 1790 βασιλέως.
3537 1723 3724 1784 Οὑδεὶς
3746 1716 4008 1788 θεομάχος

2447 1819 2539 1871 καὶ
2591 1819 2804 1883 ἀλαζὼν
2840 1820 2932 1873 καὶ
2988 1821 3329 1889 ὑπερήφανος
3378 1817 3632 1870 ὑποκάτω
3687 1814 3875 1866 πίπτει
3919 1808 4008 1860 τοῦ

2373 1906 2414 1960 Β
2442 1908 2597 1972 Θεοῦ,
2631 1911 2743 1964 ἀλλ’
2761 1914 2807 1966 oi
2825 1913 2921 1981 τὴν
2944 1913 3006 1964 ἐκ
3023 1913 3257 1974 πίστεως
3277 1908 3550 1978 ὑποταγὴν
3569 1904 4007 1972 καταδεξάμενοι.

777 1999 856 2051 Τὰ
903 2001 958 2053 δὲ
1005 2001 1168 2070 βέλη,
1231 2007 1349 2066 ταῖς
1405 2006 1652 2076 καρδίαις
1710 2004 2016 2076 ἐμπεσόντα
2051 1999 2156 2053 τῶν
2209 2015 2340 2051 ποτε
2379 1997 2587 2068 ἐχθρῶν
2619 1999 2710 2052 τοῦ
2744 2001 3027 2069 βασιλέως,
3094 2001 3239 2054 ’ἐλκει
3304 1999 3498 2060 αὑτοὺς
3530 1999 3606 2059 εἰς
3631 1995 3720 2047 τὸν
3748 1994 3877 2063 περὶ
3919 1993 4014 2059 τῆς

777 2093 1035 2162 ἀληθείας
1086 2096 1267 2160 πόθον,
1326 2097 1472 2150 ἕλκει
1517 2101 1714 2161 αὑτοὺς
1767 2099 1905 2168 πρὸς
1963 2097 2053 2148 τὸν
2091 2092 2295 2164 Κύριον
2323 2132 2337 2156 ,
2408 2091 2570 2156 ῶστε,
2623 2092 2849 2162 ἐχθροὺς
2917 2095 3075 2157 ὄντας
3112 2093 3189 2164 τῷ
3235 2090 3372 2162 Θεῷ,
3419 2086 3823 2156 καταλλαγῆναι
3869 2081 4014 2150 αὑτῴ

778 2186 864 2239 διὰ
889 2187 996 2238 τῶν
1026 2187 1178 2256 διδαγ
1186 2191 1390 2257 μάτων.

851 2280 900 2335 7.
947 2281 1106 2336 Vens.
1149 2283 1199 2347 7,
1223 2284 1273 2337 8.
1323 2285 1482 2340 Sedes
1523 2298 1648 2354 tua,
1679 2287 1843 2349 Deus,
1877 2288 1929 2341 in
1960 2284 2210 2341 steculum
2244 2298 2348 2337 ste-

778 2372 1082 2442 cnli;virga
1115 2376 1464 2441 rectitudinis,
1495 2380 1637 2449 virga
1682 2381 1828 2448 regni
1857 2379 1953 2431 tui.
1997 2377 2348 2444 Dilexistiju-

779 2467 976 2521 stitiam
1010 2480 1054 2522 et
1082 2471 1237 2523 odisti
1258 2471 1624 2538 iniquitatem;
1653 2479 1923 2540 propterea
1946 2470 2096 2524 unxit
2124 2481 2171 2522 te
2190 2469 2348 2534 Deus,

782 2557 923 2611 Deus
956 2569 1073 2613 tuus
1103 2561 1214 2615 oleo
1239 2563 1431 2616 latitia:
1470 2581 1578 2630 pra:
1607 2565 1932 2617 consortibus
1969 2565 2096 2615 tuis.
2136 2561 2354 2614 Postea-

780 2666 942 2718 quam
973 2652 1036 2703 ad
1064 2657 1324 2715 {naturam
1359 2656 1644 2708 humanam
1685 2655 1944 2715 intentus,
1971 2653 2150 2706 multis
2179 2650 2354 2705 verbis

783 2746 848 2796 de
877 2758 939 2797 ea
967 2744 1244 2812 disseruit,
1276 2761 1415 2800 nunc
1447 2748 1750 2802 orationem
1793 2756 1845 2802 et
1876 2747 2214 2800 altitudinem
2240 2743 2356 2813 glo-

785 2838 878 2888 riae
915 2832 1184 2906 Unigeniti
1236 2839 1460 2893 reducit.
1503 2837 1660 2894 Sedes
1713 2852 1824 2905 tua,
1872 2838 2048 2902 Deus,
2083 2837 2276 2907 inquit,
2300 2837 2354 2888 in

782 2930 1030 2982 sarculum
1056 2929 1276 2984 saeculi:
1308 2933 1407 2987 hoc
1435 2942 1516 2986 est
1548 2948 1767 3001 regnum
1797 2942 1945 2986 tuutn
1982 2931 2120 2984 ultra
2158 2928 2352 2983 saecula

783 3034 840 3070 se
873 3019 1116 3088 porrigit,
1152 3031 1342 3090 estque
1380 3024 1524 3076 omni
1559 3022 1918 3092 intelligentia
1958 3020 2248 3090 antiquius.
2291 3018 2353 3071 Et

785 3107 1006 3172 pulchre
1040 3120 1158 3176 post
1191 3112 1502 3179 populorum
1534 3113 1916 3174 obedientiam,
1939 3111 2084 3178 regni
2114 3110 2206 3163 Dei
2243 3126 2350 3161 tua-

2522 2276 2576 2330 7.
2612 2275 2665 2328 '0
2714 2276 2924 2343 θρόνος
2962 2289 3099 2338 σου,
3150 2278 3183 2329 ὁ
3225 2275 3388 2338 Θεὸς,
3418 2275 3503 2338 είς
3542 2271 3646 2324 τὸν
3690 2266 3877 2322 αἰῶνα
3911 2261 4015 2317 τοῦ

2448 2371 2695 2436 αἰῶνος·
2724 2367 2946 2436 ῥάϐδος
2971 2368 3312 2430 εὐθύτητος,
3344 2368 3379 2432 η
3430 2363 3643 2431 ῥάϐδος
3693 2360 3805 2428 τῆς
3842 2360 4017 2424 ,Βασι-

2446 2463 2615 2527 λείας
2654 2476 2792 2514 σου.
2841 2457 3180 2527 Ἠγάπησας
3225 2457 3607 2522 δικαιοσύνην
3663 2453 3762 2506 καὶ
3813 2452 4019 2520 ἐμίση-

2451 2571 2567 2620 σας
2590 2554 2869 2622 ἀνομίαν·
2907 2551 3005 2605 διὰ
3025 2550 3198 2604 τοῦτο
3223 2546 3430 2618 ἕχρισέ
3463 2563 3535 2601 σε
3573 2563 3604 2602 ο
3635 2544 3799 2609 Θεὸς,
3827 2547 3860 2596 o'
3879 2541 4018 2606 Θεός

2449 2663 2589 2708 σου,
2621 2647 2830 2698 ἔλαιον
2877 2643 3291 2712 ἀγαλλιάσεως
3338 2641 3494 2709 παρὰ
3547 2638 3689 2704 τοὺς
3725 2637 4017 2706 μετόχους

2451 2753 2586 2792 σου.
2637 2736 2853 2804 Ἐπειδὴ
2890 2735 3059 2786 πολλὰ
3100 2735 3234 2803 πρὸς
3274 2734 3335 2786 τὸ
3367 2730 3702 2803 ἀνθρώπινον
3746 2724 4010 2780 ἀνατεινό-

2453 2844 2611 2899 μενος
2655 2824 2922 2892 διελέχθη,
2973 2824 3234 2888 ἐπανάγει
3264 2823 3356 2874 νῦν
3391 2823 3482 2874 ἐπὶ
3509 2820 3578 2872 τὰ
3607 2819 3713 2888 ὕψη
3767 2817 3866 2886 τῆς
3894 2813 4020 2884 περὶ

2448 2920 2541 2974 τοῦ
2577 2916 2915 2985 Μονογενοῦς
2965 2915 3121 2984 δόξης
3173 2913 3263 2964 τὸν
3305 2911 3479 2978 λόγον.
3525 2911 3585 2961 '0
3629 2911 3838 2977 θρόνος
3883 2922 4016 2964 σου,

2450 3013 2632 3083 φησιν,
2666 3013 2697 3064 ὀ
2733 3008 2895 3074 Θεὸς,
2930 3009 3012 3073 εἰς
3051 3006 3154 3059 τὸν
3203 3003 3388 3058 αἰῶνα
3412 3000 3516 3054 τοῦ
3568 2999 3783 3062 αἰῶνος
3809 3016 3824 3030 ο
3876 3014 4021 3050 τουτ-

2451 3105 2688 3173 έστιν,ή
2753 3101 3001 3172 βασιλεία
3051 3115 3142 3151 σου
3200 3095 3455 3150 ἐπέκεινα
3497 3092 3606 3144 τῶν
3648 3089 3882 3150 αἰώνων,
3931 3089 4021 3140 καὶ

786 3201 1150 3266 gniticentiznn
1197 3202 1449 3254 celebrat.
1505 3200 1663 3271 Virga
1706 3203 2034 3254 rectitudinis
2056 3241 2069 3264 ,
2100 3202 2247 3268 virga
2278 3216 2353 3251 re-
2379 3173 2420 3230 ε
2455 3199 2468 3248 ἐ

2339 3228 2353 3238 -
2379 3173 2420 3230 ε
2455 3197 2660 3258 ἐννοίας
2680 3195 2858 3264 πάσης
2893 3194 3007 3245 ἐστὶ
3037 3189 3401 3262 πρεσϐυτέρα.
3427 3186 3533 3240 Καὶ
3558 3182 3735 3244 καλῶς
3770 3181 3908 3251 μετὰ
3926 3181 4021 3250 τὴν

786 3294 872 3358 gni
915 3293 1012 3344 tui.
1058 3292 1396 3361 Quapropter
1430 3301 1482 3344 et
1516 3294 1562 3346 ei
1606 3295 1876 3362 pmpriam
1917 3293 2145 3348 reddidit
2170 3293 2344 3361 appel-

787 3384 1060 3446 lationem,
1097 3384 1271 3453 lpalllll
1306 3385 1450 3438 clare
1485 3385 1760 3453 appellans
1788 3387 1949 3438 Deum
1995 3403 2008 3439 :
2043 3385 2204 3438 Sedes
2237 3394 2350 3444 tua,

787 3474 949 3530 Deus.
977 3473 1298 3544 Castigatrix
1334 3485 1416 3530 est
1439 3476 1586 3545 virga
1618 3475 1710 3531 Dei
1742 3494 1753 3528 :
1793 3491 1913 3545 qua:
1947 3478 2070 3528 dum
2102 3475 2352 3541 castigat,

791 3578 968 3631 lecta,
1024 3583 1128 3621 non
1182 3584 1430 3634 perversa
1471 3570 1668 3638 judicia
1721 3569 1944 3639 profert.
1991 3568 2352 3635 Quamobrem

791 3659 937 3727 \irga
973 3661 1312 3712 I'CClllUtlllllS
1345 3661 1492 3728 virga
1527 3661 1675 3728 regni
1705 3661 1870 3729 ipsius
1915 3671 2215 3730 nuncupata
2248 3669 2351 3714 est.

792 3750 852 3802 Si
885 3750 1023 3803 enim
1069 3752 1432 3822 dereliquerint
1478 3752 1579 3821 ﬁlii
1619 3752 1731 3820 ejus
1785 3756 1944 3821 legem
1993 3771 2192 3816 meam,
2225 3765 2269 3804 et
2302 3756 2354 3806 in

782 3841 1001 3909 judiciis
1053 3844 1177 3896 meis
1227 3861 1329 3897 nor
1377 3843 1804 3908 ambulaverint;
1841 3844 2058 3896 visitabo
2111 3843 2165 3895 in
2213 3845 2354 3910 virga

789 3934 1091 4002 iniquitates
1125 3935 1358 4002 ipsorum
1391 3938 1456 3990 ⁸⁸.
1483 3937 1646 3992 Vides
1680 3938 1881 4006 justum
1917 3935 2008 3989 Dei
2053 3933 2304 4000 judicium
2336 3934 2356 3984 ί

791 4019 906 4075 Non
939 4022 991 4076 in
1027 4024 1293 4091 quoslibet
1321 4027 1506 4089 utitur,
1541 4029 1630 4080 sed
1661 4029 1713 4080 in
1751 4038 2073 4096 peccatores.
2111 4023 2231 4078 lltcc
2263 4041 2357 4077 an-

795 4124 897 4167 tem
937 4124 989 4168 et
1014 4114 1395 4170 consolationis
1429 4117 1574 4186 virga
1614 4118 1849 4171 dicitur:
1893 4116 2051 4185 Virga
2083 4119 2242 4178 enim,
2272 4119 2355 4170 in-

791 4209 928 4275 quit,
965 4219 1010 4262 et
1036 4210 1250 4263 baculus
1288 4219 1429 4276 tuus,
1459 4213 1570 4278 ipsa
1610 4226 1688 4263 me
1712 4211 1982 4263 consolatu
2020 4221 2137 4260 sunt
2169 4211 2234 4266 ⁸⁵.
2267 4209 2358 4262 Est

790 4311 847 4355 et
875 4303 988 4356 haec
1018 4305 1166 4372 virga
1201 4304 1558 4359 contritionis.
1590 4304 1752 4371 Reges
1794 4321 1880 4357 eos
1908 4307 1960 4354 in
2002 4302 2142 4369 virga
2167 4301 2358 4368 ferrea,

793 4404 1043 4464 tanquam
1089 4411 1178 4447 uas
1207 4395 1356 4463 figuli
1388 4395 1683 4462 confringes
1719 4411 1803 4449 eos
1836 4395 1902 4446 ⁸⁷.
1936 4390 2361 4460 Conlringuntur

794 4497 972 4538 autem
1011 4497 1186 4541 terrea
1209 4502 1271 4542 ac
1303 4489 1467 4550 lutea,
1498 4487 1667 4556 gratia
1720 4502 1903 4540 eorum
1935 4487 2024 4552 qni
2054 4495 2310 4555 reguntur
2344 4505 2349 4550 ξ

795 4578 1245 4646 quemadmodum
1271 4583 1434 4634 etiam
1467 4581 1752 4634 traduntur
1777 4577 1840 4630 In
1862 4578 2126 4631 interitum
2159 4579 2359 4645 carnis,

795 4681 848 4722 ut
874 4673 1088 4735 spiritus
1133 4671 1303 4725 salvus
1331 4673 1398 4724 sit
1424 4673 1490 4725 ⁸⁸.

2344 4527 2357 4550 ’
2397 4529 2436 4583 D

2456 3288 2562 3340 τῶν
2623 3287 2764 3338 λαῶν
2814 3286 3094 3354 ὑποταγὴν
3150 3283 3208 3335 τὸ
3267 3277 3680 3352 μεγαλοπρεπὲς
3727 3276 3826 3344 τῆς
3878 3273 4022 3344 βασι-

2458 3379 2606 3441 λείας
2641 3378 2748 3446 (88)
2776 3377 2868 3430 τοῦ
2893 3376 3026 3429 Θεοῦ
3074 3377 3319 3445 ἁνυμνεῖ.
3358 3372 3601 3437 Ῥάεδος
3637 3370 3963 3436 εὐθύτητος
3986 3364 4022 3431 ἡ

2457 3471 2672 3538 ῥάϐδος
2705 3469 2813 3538 τῆς
2833 3470 3154 3536 βασιλείας
3168 3484 3303 3522 σου.
3331 3468 3426 3520 Δια
3451 3466 3606 3519 τοῦτο
3625 3466 3720 3518 καὶ
3749 3464 4024 3516 ἀπέδωκεν

2459 3564 2606 3635 αὑτῴ
2655 3563 2752 3636 τὴν
2789 3563 2921 3616 ἰδίαν
2971 3563 3370 3634 προσηγορίαν,
3419 3559 3605 3628 σαφῶς
3635 3557 3795 3611 αὑτὸν
3830 3557 4024 3620 ἀναγο-

2463 3658 2657 3731 ρεύσας
2690 3657 2820 3710 Θεόν
2845 3675 2856 3687 ·
2906 3657 2969 3710 '0
3017 3657 3228 3722 θρόνος
3251 3669 3388 3716 σου,
3421 3655 3452 3705 ό
3501 3653 3664 3717 Θεός.
3699 3647 4023 3716 Παιδευτική

2460 3752 2542 3813 τίς
2581 3753 2726 3802 ἐστιν
2748 3752 2780 3818 ἡ
2819 3747 3012 3819 ῥάϐδος
3034 3745 3127 3797 τοῦ
3152 3743 3286 3796 Θεοῦ
3305 3761 3317 3773 ·
3347 3743 3674 3795 παιδεύουσα
3699 3742 3778 3804 δὲ,
3815 3739 4026 3800 εὐθείας

2462 3843 2556 3893 καὶ
2600 3841 2659 3892 οὑ
2706 3835 3238 3908 παρατετραμμένας
3281 3835 3476 3901 ἐπάγει
3528 3834 3625 3895 τὰς
3661 3832 3891 3903 κρίσεις.
3934 3833 4027 3883 Διά

2462 3933 2617 3986 τοῦτο
2648 3931 2838 4002 ῥάϐδος
2867 3929 3156 3995 εὐθύτητος
3191 3929 3224 3998 ή
3275 3927 3464 3998 ῥάϐδος
3492 3926 3592 3996 τῆς
3621 3925 3896 3994 βασιλείας
3942 3925 4027 3975 αὑ-

2461 4025 2555 4079 τοῦ
2603 4025 3058 4097 προσηγόρευται.
3112 4022 3249 4075 Ἐὰν
3291 4019 3399 4090 τὰρ
3439 4017 3924 4087 ἐγκαταλίπωσιν
3976 4018 4026 4066 οἱ

2463 4120 2577 4174 υἱοὶ
2613 4118 2799 4172 αὑτοῦ
2834 4120 2937 4170 τὸν
2967 4119 3155 4186 νόμον
3177 4134 3316 4186 μου,
3350 4114 3446 4166 καὶ
3472 4112 3583 4183 (89)
3631 4109 3755 4176 τοῖς
3784 4108 4028 4178 κρίμασι

2457 4229 2576 4280 μου
2596 4210 2680 4278 μὴ
2706 4207 3100 4275 πορευθῶσιν,
3141 4207 3540 4272 ἐπισκέψομαι
3586 4203 3655 4255 ἐν
3683 4201 3885 4269 ῥάϐδῳ
3929 4201 4028 4263 τὰς

2464 4305 2713 4370 ἀνομίας
2740 4299 2955 4352 αὐτῶν.
2987 4301 3147 4368 Ὁρᾷς
3179 4300 3276 4367 τὴν
3304 4297 3516 4348 δικαίαν
3542 4296 3720 4364 κρίσιν
3750 4293 3842 4345 τοῦ
3861 4293 4026 4351 Θεοῦ;

2466 4395 2578 4446 Οὑκ
2609 4393 2700 4445 ἐπὶ
2733 4391 2840 4442 τῶν
2868 4390 3136 4459 τυχόντων
3167 4389 3382 4458 χρῆται,
3427 4384 3540 4438 ἀλλ’
3570 4385 3663 4435 ἐπί
3714 4382 3822 4435 τῶν
3861 4384 4026 4451 ἁμαρ-

2466 4489 2750 4540 τανόντων.
2771 4485 2916 4555 Αὕτη
2941 4484 2994 4536 δὲ
3022 4485 3114 4537 καὶ
3148 4482 3540 4554 παρακλήσεως
3569 4479 3783 4546 λέγεται
3816 4474 4023 4546 ράδδος·

2479 4579 2538 4633 Ἡ
2579 4576 2799 4644 ῥάϐδος
2842 4574 2951 4644 γάρ
2995 4590 3131 4636 σου,
3173 4573 3325 4644 φησὶ,
3372 4571 3467 4624 καὶ.
3499 4571 3536 4636 ἡ
3561 4567 3865 4636 ,βακτηριά
3894 4581 4025 4618 σοις.

2465 4666 2642 4724 αὗταί
2661 4685 2736 4736 με
2764 4665 3202 4734 παρεκάλεσαν.
3245 4663 3389 4732 Αὕτη
3422 4661 3512 4713 καὶ
3549 4657 3889 4729 συντριμμοὺ
3920 4658 4028 4708 ἐστι

798 4764 1008 4833 ῥάϐδος.
1055 4765 1368 4834 Ποιμανεῖς
1413 4765 1521 4845 γάρ
1557 4765 1777 4830 αὐτοὺς
1837 4762 2128 4832 ἐνδράϐδῳ
2192 4761 2430 4829 σιδηρᾷ,
2469 4763 2548 4827 ὡς
2591 4763 2812 4825 σκεῦος
2859 4759 3154 4828 κεραμέως
3214 4755 3323 4826 (90)
3387 4753 3742 4820 (τινι-τρίψεις
3791 4750 4026 4808 αὐτούς.

795 4855 1140 4926 Συντρίὸεται
1166 4858 1222 4908 δὲ
1251 4857 1316 4910 τὰ
1362 4857 1516 4925 χοῖκὰ
1569 4858 1660 4910 καὶ
1713 4856 1911 4925 πήλινα
1959 4856 2045 4906 ἐπ’
2077 4854 2364 4924 εὐεργεσίᾳ
2400 4854 2507 4906 τῶν
2535 4852 2998 4923 ποιμαινομένων·
3026 4849 3160 4904 καθὸ
3202 4849 3295 4901 καὶ
3357 4845 3711 4915 παραδίδοται
3766 4845 3872 4906 Εἷς
3902 4841 4028 4892 ἕλε-

795 4963 937 5018 (Ιρον
969 4949 1075 5017 τῆς
1105 4951 1354 5018 σαρκὸς,
1380 4951 1479 5003 ἵνα
1513 4949 1577 5002 τὸ
1606 4949 1840 5015 πνεῦμα
1878 4944 2060 5014 σωθῇ.

865 5133 920 5187 8.
964 5131 1250 5198 Propterea
1277 5131 1426 5184 until
1461 5139 1509 5182 te
1548 5129 1708 5192 Dens,
1731 5127 1868 5180 Dens
1895 5137 2012 5179 tuus
2032 5126 2141 5178 oleo
2165 5124 2363 5178 lwtitia:

795 5246 904 5297 pra'
932 5225 1257 5281 consortibus
1309 5226 1432 5277 tuis.
1463 5223 1725 5288 Quoniam
1758 5239 1854 5291 par
1885 5229 2001 5274 erat
2029 5230 2083 5273 ut
2127 5221 2360 5290 typicutn

1717 5359 1762 5389 “
1794 5357 1936 5412 PSaI.
1981 5371 2113 5421 XXII,
2150 5356 2203 5410 4.

869 5502 979 5566 (85)
1012 5500 1114 5553 Alii
1159 5515 1285 5551 mss.
1320 5497 1414 5550 ἐπὶ
1446 5497 1542 5566 τῷ.
1568 5496 1668 5548 Alii
1707 5497 1797 5547 ἐπί
1821 5496 1898 5546 τό.

870 5573 976 5641 (86)
1008 5571 1160 5624 Coll).
1197 5571 1400 5641 primus
1429 5566 1868 5641 παρασκευάζει.

868 5638 979 5708 (87)
1009 5641 1140 5708 Reg.
1179 5640 1450 5693 secundus
1477 5638 1702 5692 ἕντεινε,

872 5705 982 5777 (88)
1013 5705 1247 5763 Ita—mss.
1276 5725 1390 5762 sex.
1424 5709 1580 5773 Illud,
1609 5709 1708 5776 τῆς
1759 5705 2052 5777 βασιλείας,
2092 5705 2368 5758 desidera-

805 5790 958 5840 lmtnr
988 5790 1035 5835 in
1061 5783 1238 5832 editis.

875 5855 982 5922 (59)
1013 5853 1101 5908 Sic
1121 5851 1284 5907 editio
1315 5849 1352 5900 Β
1423 5851 1475 5905 il.
1506 5859 1555 5906 et
1591 5849 1741 5921 Regii
1780 5848 2070 5913 secundus,
2105 5848 2296 5899 lClllUJ
2321 5854 2370 5898 et

890 5365 936 5397 “
967 5364 1106 5420 Psal.
1143 5377 1401 5424 Lxxxvnt,
1445 5358 1640 5423 51,55.

2281 5355 2324 5385 ⁸⁷
2363 5353 2501 5409 Psal.
2530 5368 2584 5411 ll,
2615 5351 2670 5404 9.

2539 5127 2592 5180 8.
2645 5123 2747 5178 Διά
2791 5121 2962 5176 τοῦτο
2994 5119 3200 5187 ἐχρισέ
3253 5133 3324 5170 σε
3358 5118 3388 5168 o'
3439 5113 3608 5180 Θεὸς,
3640 5117 3671 5166 o’
3713 5112 3856 5176 Θεός
3896 5125 4028 5173 σου,

2468 5221 2673 5272 ἔλαιον
2713 5212 3123 5284 ἀγαλλιάσεως
3169 5210 3325 5280 παρὰ
3365 5208 3509 5273 τοὺς
3562 5209 3855 5278 μετόχους
3898 5220 4029 5258 σοι’.

2746 5349 2788 5378 ⁸³
2819 5346 2833 5398 l
2867 5347 2986 5401 Cor.
3027 5359 3080 5406 ν,
3110 5345 3164 5399 5.

2467 5498 2699 5556 quartus
2731 5501 2849 5539 cum
2880 5483 3034 5556 Coll).
3075 5480 3270 5556 primo,
3290 5477 3474 5556 ληίης.
3504 5475 3682 5556 Editio
3708 5473 3884 5530 Paris.
3914 5492 4031 5530 cum

2467 5545 2619 5617 (ξοην.
2646 5567 2796 5611 sexto
2820 5553 2922 5605 υἱοί
2965 5569 3058 5604 σου
3077 5545 3180 5602 τὴν
3209 5549 3322 5610 καί,
3358 5545 3457 5615 ﬁlii
3503 5548 3603 5598 tui.

2540 5631 2650 5698 (90)
2672 5629 2822 5685 Illud,
2857 5623 3162 5698 κεραμέως,
3187 5623 3330 5673 deest
3365 5634 3414 5670 tn
3435 5615 4030 5698 etlitintteljarisi'ensi:

2470 5687 2564 5756 sed
2603 5687 2867 5766 reperitur
2908 5687 2956 5766 iit
2999 5687 3232 5766 qttatnor
3271 5704 3398 5766 mss.
3426 5689 3573 5766 etAin
3601 5689 3840 5766 editione
3873 5687 4028 5740 Basil.

2475 5777 2523 5827 in
2565 5757 2675 5839 qua
2699 5785 2793 5835 pro
2827 5757 3027 5825 σκεῦος.
3062 5764 3253 5839 Iegitnr
3277 5758 3468 5839 σκεύη.
3499 5757 3694 5839 Recita
3724 5759 3892 5812 multo
3923 5767 4034 5826 post

2475 5827 2746 5900 dtto'tttss.
2788 5854 2909 5892 Cttttt
2937 5827 3170 5889 ctltliuttc
3209 5831 3367 5884 Basil.
3399 5827 3805 5898 παραδίδονται.
