4260 6488
761 454 859 508 807

2089 448 2145 504 S.
2188 448 2435 505 BASlLll
2474 447 2689 503 MACNI

3907 444 4011 502 408

748 566 955 623 Christi
1014 565 1185 620 bonus
1235 565 1369 620 odor
1424 565 1697 637 myrrham
1752 566 1969 635 quidem
2024 568 2214 638 spirat,
2258 571 2430 633 obA‘

2355 575 2402 633 Α
2428 566 2729 638 γορεύεται.
2747 564 2954 620 Οὐκοῦν
2971 567 3065 619 καὶ
3089 565 3349 620 ἀποπνέει
3366 565 3398 637 ὴ
3415 563 3508 617 τοῦ
3530 564 3768 635 Χριστοῦ
3791 566 4011 639 ευωδία,

752 658 1060 728 passionem
1099 672 1113 707 :
1151 664 1361 715 mittam
1398 672 1545 720 vero,
1576 656 1716 725 quod
1760 672 1863 712 non
1912 658 2199 713 immobilis
2229 673 2325 715 nec

750 753 960 805 osiosus
996 759 1087 801 aut
1122 746 1366 804 inefﬁcax
1406 750 1765 819 permanserit
1803 753 1972 807 tribus
2003 751 2106 805 illis
2140 752 2328 810 diebus

752 856 817 895 ac
850 842 1122 903 noctibus,
1146 842 1237 895 sed
1273 842 1325 896 in
1358 843 1629 896 infernum
1662 842 2026 906 descenderit,
2052 843 2120 897 ob
2148 857 2329 900 resur-

754 934 1018 990 rectionis
1076 934 1573 1004 dispensationem,
1630 947 1689 991 ut
1752 939 1932 993 omnia
1981 952 2104 1006 qua:
2158 936 2223 991 ad
2271 954 2329 992 se

752 1030 1073 1098 spectabant
1124 1029 1391 1097 expleret.
1440 1028 1656 1085 Castam
1696 1032 1911 1085 tandem
1952 1029 2141 1097 spirat,
2184 1032 2327 1099 quod

752 1124 896 1180 casia
930 1140 1114 1181 cortex
1155 1134 1241 1179 est
1289 1125 1664 1188 tenuissimus,
1698 1135 1748 1180 et
1776 1126 1911 1177 bene
1948 1124 2122 1187 olens,
2156 1124 2330 1194 ligno-

751 1233 871 1272 sum
922 1216 1222 1273 obtendens
1270 1218 1566 1274 calamum.
1616 1216 1890 1271 Fortassis
1935 1216 2099 1285 igitur
2149 1218 2329 1271 crucis

749 1310 1061 1379 passionem
1122 1306 1295 1377 gratia
1366 1310 1633 1363 universas
1696 1316 1958 1361 creaturae
2021 1320 2325 1377 susceptain

754 1401 863 1457 alte
912 1401 1066 1455 nobis
1118 1417 1181 1456 ac
1230 1403 1509 1474 sapienter
1555 1415 1652 1469 per
1700 1400 1860 1453 casiae
1913 1415 2105 1454 nomen
2156 1400 2329 1456 innuit

754 1492 1059 1564 Scriptura.
1111 1494 1289 1550 Habes
1332 1507 1461 1559 ergo
1514 1493 1792 1562 myrrham
1843 1492 1913 1544 ob
1958 1490 2326 1560 sepulturam,

753 1596 963 1657 guttam
1008 1587 1077 1641 ob
1130 1585 1445 1640 descensum
1493 1582 1556 1637 ad
1607 1582 1808 1638 inferos
1856 1583 2324 1653 (quandoquidem

753 1678 931 1728 omnis
960 1675 1210 1727 deorsum
1252 1670 1471 1738 fertur),
1504 1672 1707 1726 casiam
1744 1688 1895 1737 vero,
1941 1674 2011 1726 ob
2059 1674 2243 1727 carnis
2276 1674 2328 1727 in

756 1766 900 1833 ligno
934 1762 1418 1831 dispensationem.
1449 1763 1527 1817 Ex
1555 1763 1656 1819 hac
1684 1773 1862 1817 autem
1894 1778 2057 1817 causa
2088 1762 2329 1818 Delecta-

751 1866 956 1921 serunl,
993 1855 1190 1925 inquit,
1223 1868 1270 1911 te
1319 1856 1444 1925 ﬁlia:
1487 1873 1662 1928 regum
1710 1858 1763 1909 in
1813 1856 2008 1909 honore
2050 1868 2160 1912 ιιιο.
2201 1858 2329 1923 Quae

2431 660 2677 732 σμύρνης
2731 663 2830 731 μὲν
2872 659 2959 712 διά
2998 657 3061 711 τὸ
3095 660 3286 724 πάθος,
3333 656 3566 727 στακτῆς
3618 656 3675 710 δὲ
3723 659 3811 713 διὰ
3851 660 3912 713 τὸ
3935 660 4007 729 μὴ

2428 751 2683 822 ἀκίνητον
2737 756 2912 823 μεῖναι
2973 751 3107 823 μηδὲ
3157 752 3516 823 ἀνενέργητον
3563 749 3621 801 ὲν
3665 751 3787 812 ταῖς
3832 751 4007 820 τρισὶν

2429 846 2663 916 ἡμέραις
2690 849 2783 899 καὶ
2802 850 2920 910 ταῖς
2940 845 3087 918 τρισὶ
3112 844 3281 909 νυξὶν,
3311 847 3444 900 ἀλλά
3478 841 3758 899 κατελθεῖν
3776 844 3857 906 είς
3883 845 4005 914 ᾅδου

2429 938 2527 1009 τῆς
2559 939 2687 1009 περὶ
2720 939 2819 1010 τὴν
2852 940 3146 994 ἀνάστασιν
3173 941 3483 1009 οἰκονομίας
3510 939 3715 999 ἕνεκεν,
3749 935 3839 987 ἴνα
3870 938 4003 1006 πλη-

2431 1028 2583 1103 ρώσῃ
2634 1031 2829 1083 ἑαυτοῦ
2873 1033 2940 1086 τὰ
2986 1032 3293 1103 σύμπαντα.
3332 1032 3580 1097 Κασσίας
3624 1032 3680 1086 δὲ
3724 1030 4001 1093 ἀποπνέει,

2429 1122 2562 1175 διότι
2592 1125 2623 1193 ἡ
2656 1123 2854 1176 κασσία
2890 1126 3072 1194 φλοιός
3115 1124 3199 1187 τίς
3242 1124 3356 1175 ἐστι
3402 1122 3725 1187 λεπτότατος
3755 1122 3847 1177 καὶ
3876 1116 4004 1172 εὑῶ-

2430 1214 2547 1283 δης,
2584 1211 2804 1277 ξυλώδει
2840 1216 3039 1287 κάρφει
3075 1212 3523 1286 περιτεινόμενος.
3558 1217 3781 1283 Μήποτε
3826 1206 3916 1264 οὖν
3947 1208 4004 1260 τὸ

2429 1304 2525 1359 τοῦ
2555 1306 2790 1378 σταυροῦ
2826 1306 3016 1371 πάθος,
3037 1309 3123 1360 ἐπ’
3146 1303 3434 1377 εὐεργεσίᾳ
3454 1303 3552 1371 τῆς
3581 1306 3808 1369 κτίσεως
3830 1304 4004 1371 πάσης

2432 1401 2807 1471 παραληφθὲν,
2849 1399 3057 1469 βαθέως
3088 1402 3217 1470 ἡμῖν
3249 1400 3341 1453 καὶ
3368 1396 3548 1467 σοφῶς
3574 1398 3601 1448 ὁ
3622 1396 3778 1464 λόγος
3808 1395 3893 1447 διὰ
3914 1390 4002 1445 τοῦ

2430 1494 2530 1562 τῆς
2561 1496 2793 1557 κασσίας
2818 1492 3078 1563 ὀνόματος
3110 1492 3461 1564 παρῃνίξατο.
3502 1488 3685 1557 Ἔχεις
3714 1486 3807 1541 οὖν
3837 1486 4004 1557 σμύρ-

2430 1603 2527 1640 ναν
2561 1588 2659 1657 μὲν
2689 1589 2776 1641 διὰ
2808 1587 2903 1657 τὴν
2932 1586 3130 1657 ταφὴν,
3163 1586 3399 1656 στακτὴν
3429 1584 3483 1638 δὲ
3515 1581 3602 1635 διὰ
3627 1580 3725 1650 τὴν
3777 1583 3853 1643 εἰς
3882 1581 4003 1650 ᾆδον

2430 1682 2654 1736 κάθοδον
2692 1682 2898 1751 (ἐπειδὴ
2928 1682 3078 1732 πᾶσα
3114 1675 3324 1747 σταγὼν
3354 1678 3447 1729 ἐπὶ
3468 1675 3535 1729 τά
3564 1673 3713 1727 κάτω
3738 1670 4003 1742 φέρεται),

2430 1776 2662 1829 κασσίαν
2690 1775 2745 1827 δὲ
2776 1774 2863 1827 διὰ
2889 1772 2984 1843 τὴν
3016 1772 3117 1842 τῆς
3147 1771 3348 1842 σαρκὸς
3374 1771 3503 1841 περί
3528 1768 3588 1822 τὸ
3617 1765 3772 1833 ξύλον
3806 1766 4004 1815 οξκονο⁴

2434 1868 2582 1937 μίαν.
2625 1868 2717 1920 Ἐκ
2742 1866 2798 1919 δὲ
2825 1865 3028 1934 ταύτης
3050 1864 3149 1936 τῆς
3174 1863 3351 1926 αἰτίας
3387 1858 3708 1932 Εὐφρανάν
3761 1874 3855 1916 σε,
3907 1872 4005 1924 φη·

752 1966 884 2005 vero
920 1950 1122 2006 fuerint
1166 1950 1290 2005 lilia:
1341 1967 1524 2021 regum
1572 1951 1670 2005 nisi
1712 1964 1986 2021 generosa:
2019 1963 2328 2021 magnaeque
2360 1963 2400 2018 Β

2320 1964 2328 2001 ⁵
2360 1963 2400 2018 Β
2433 1960 2505 2022 σί,
2537 1956 2855 2026 θυγατέρες
2871 1955 3180 2021 ,βασιλέων
3206 1956 3273 2009 ὲν
3308 1952 3381 2023 τῇ
3407 1953 3547 2025 τιμῇ
3580 1968 3718 2007 σου.
3763 1945 4002 2014 Θυγατέ-

750 2050 804 2094 et
844 2041 1005 2105 regiae
1058 2042 1297 2096 animm?
1342 2057 1461 2110 qua
1511 2050 1729 2110 propter
1782 2041 1921 2094 hanc
1975 2041 2041 2095 ad
2092 2042 2322 2096 humana

752 2130 1133 2186 demissionem
1158 2131 1431 2184 Christum
1456 2141 1870 2203 cognoscentes,
1900 2132 2073 2201 ipsum
2099 2132 2326 2186 delecta-

754 2232 947 2276 verunt
978 2222 1031 2277 in
1069 2224 1294 2289 honore,
1324 2224 1375 2277 in
1406 2238 1531 2278 vera
1561 2224 1666 2279 llde
1692 2232 1746 2277 et
1770 2225 2034 2278 charitate
2061 2221 2323 2293 perfecta,

750 2313 983 2382 gloriam
1018 2312 1285 2367 divinitati
1326 2312 1445 2383 ejus
1480 2314 1694 2367 dantes.
1725 2313 1819 2368 Ait
1845 2322 2023 2368 autem
2057 2315 2169 2368 haec
2198 2327 2324 2367 aro-

752 2414 898 2459 mata
930 2420 1035 2459 non
1067 2419 1226 2473 parce
1259 2404 1443 2459 adesse
1477 2402 1675 2458 Christi
1709 2404 2047 2459 vestimentis
2075 2406 2213 2474 (haec
2242 2413 2326 2461 est

752 2510 1060 2549 sermonum
1094 2494 1345 2563 parabola
1382 2504 1435 2549 et
1466 2496 1772 2564 dogmatum
1804 2494 1960 2565 167
1991 2497 2326 2567 apparatus),

750 2588 843 2643 sed
866 2604 896 2642 a
922 2587 1047 2642 totis
1069 2586 1313 2642 aediﬁciis
1339 2584 1538 2641 all‘erri.
1566 2585 1762 2641 Domos
1783 2586 1925 2641 enim
1944 2586 2073 2644 dicit
2098 2589 2326 2644 aedilicia

752 2681 1010 2745 maxima,
1040 2694 1212 2752 eaque
1238 2695 1305 2734 ex
1334 2679 1496 2735 ebore
1526 2688 1840 2735 constructa
1876 2694 1892 2735 ε
1924 2679 2144 2735 divitem
2178 2677 2325 2735 illam

750 2775 956 2829 Christi
985 2789 1110 2841 erga
1145 2772 1400 2828 mundmn
1429 2771 1770 2827 dilectionem
1802 2772 2082 2835 edocente,
2111 2772 2325 2842 opinor,

752 2869 1041 2937 Propheta.
1091 2866 1267 2919 Aslitit
1321 2866 1497 2933 regina
1556 2882 1585 2916 a
1625 2865 1825 2917 dextris
1876 2866 1979 2915 tuis
2029 2865 2083 2915 in
2138 2865 2325 2917 vestitu

750 2967 1041 3027 deaurato,
1096 2961 1424 3015 circumdata
1481 2960 1752 3015 varietate.
1807 2956 1881 3010 De
1926 2956 2165 3011 Ecclesia
2210 2956 2323 3026 jam

752 3055 915 3108 verba
963 3054 1113 3117 facit,
1144 3052 1211 3107 de
1242 3067 1348 3120 qua
1399 3051 1451 3105 in
1500 3050 1725 3106 Cantico
1774 3047 2056 3104 didicimus
2088 3047 2155 3110 ⁷⁸,
2181 3047 2322 3117 quod

753 3161 857 3198 una
881 3145 952 3198 sit
978 3142 1216 3214 perfecta
1241 3142 1444 3199 Christi
1476 3141 1747 3205 columba,
1781 3154 1902 3210 qua:
1924 3154 2021 3195 eos
2051 3138 2141 3209 qui
2168 3138 2325 3194 bouis

751 3237 1009 3304 opetilttts
1042 3235 1322 3306 conspicui
1355 3245 1503 3296 sunt,
1532 3233 1597 3289 ad
1631 3233 1876 3287 dextram
1910 3230 2111 3287 Christi
2145 3229 2324 3287 sedem

2433 2069 2523 2120 ρες
2551 2051 2605 2103 δὲ
2639 2049 2900 2119 βασιλέων
2927 2050 3070 2113 τίνες
3102 2049 3167 2103 ἂν
3194 2045 3299 2101 εἶεν
3326 2048 3358 2118 ἣ
3386 2046 3625 2116 εὐγενεῖς
3652 2044 3744 2097 καὶ
3777 2039 4003 2113 μεγάλαι

2431 2143 2524 2195 καὶ
2560 2140 2833 2211 βασιλικαὶ
2864 2141 3030 2212 ψυχαί
3053 2159 3066 2205 ;
3094 2142 3170 2203 αἳ,
3200 2139 3289 2191 διὰ
3315 2140 3413 2207 τὴν
3441 2139 3575 2207 πρὸς
3598 2136 3665 2188 τὰ
3694 2132 4006 2203 ἀνθρώπινα

2433 2232 2836 2300 συγκατάὸασιν
2867 2230 3181 2300 ὲπιγνοῦσαι
3205 2228 3294 2281 τὸν
3324 2226 3579 2297 Χριστὸν,
3609 2223 3883 2295 εῦφρσναν
3907 2221 4002 2273 af:-

2430 2327 2520 2381 τὸν
2547 2328 2603 2379 ἐν
2635 2330 2700 2397 τῇ
2728 2328 2881 2396 τιμῇ,
2914 2326 2970 2376 ὲν
2999 2323 3223 2394 ἀληθινῇ
3258 2323 3441 2378 πίσςιι
3464 2320 3557 2375 καὶ
3582 2318 3773 2390 ἀγάπῃ
3798 2314 4005 2386 τελείᾳ,

2429 2418 2746 2484 δοξάζουσαι
2782 2416 2946 2471 αὑτοῦ
2972 2415 3071 2487 τὴν
3103 2415 3352 2487 θεότητι.
3383 2414 3462 2467 T1
3494 2413 3551 2467 δὲ
3581 2410 3849 2483 ἀρώματα
3879 2406 4006 2461 ταῦ-

2430 2529 2497 2565 τα
2537 2511 2597 2564 οὑ
2640 2508 2977 2582 μικρολόγως
3010 2511 3143 2579 φησι
3186 2508 3464 2579 προσεῖναι
3497 2508 3609 2569 τοῖς
3643 2502 3878 2575 ἱματίοις
3912 2498 4002 2552 τοῦ

2432 2604 2670 2678 Χριστοῦ
2707 2603 3030 2676 (τουτέστιν,
3062 2606 3094 2675 ἡ
3128 2601 3413 2673 παραϐολὴ
3442 2602 3550 2669 (95)
3583 2599 3690 2651 τῶν
3722 2597 3894 2663 λόγων
3915 2594 4004 2645 καὶ

2433 2702 2466 2771 ἡ
2492 2698 2600 2753 τῶν
2622 2698 2911 2768 δογμάτων
2936 2693 3289 2762 κατασκευὴ),
3327 2691 3440 2744 ἀλλ’
3476 2689 3583 2744 ἀπὸ
3626 2688 3762 2741 ὅλων
3791 2685 3899 2738 τῶν
3932 2685 4006 2737 oi-

2434 2791 2831 2861 κοδομημάτων
2868 2787 3149 2859 φέρεσθαι.
3184 2783 3382 2853 Βάρεις
3412 2781 3520 2853 γὰρ
3560 2782 3688 2844 τοὺς
3722 2778 4005 2850 μεγίστους

2429 2881 2538 2933 τῶν
2565 2881 2726 2932 οἴκων
2760 2879 2907 2947 λέγει
2934 2878 3067 2948 (96),
3099 2876 3194 2931 καὶ
3222 2875 3441 2939 τούτους
3476 2874 3534 2938 ἐξ
3560 2873 3847 2941 ἐλέφαντος
3878 2866 4009 2924 εἶναι

2431 2972 2993 3042 κατεσκευασμένους,
3023 2970 3084 3024 τὸ
3116 2969 3388 3031 πλούσιον,
3421 2964 3595 3039 οἶμαι,
3617 2966 3717 3035 τῆς
3748 2964 3841 3017 τοῦ
3878 2965 4004 3032 Χρι-

2432 3062 2557 3116 στοῦ
2584 3062 2713 3133 περὶ
2734 3063 2824 3116 τὸν
2849 3062 3051 3134 κόσμον
3078 3062 3298 3132 ἀγάπης
3324 3060 3417 3113 τοῦ
3445 3058 3724 3128 προφήτου
3748 3056 4009 3107 διδάσκον·

2431 3169 2541 3216 τος.
2596 3155 2871 3222 Παρέστη
2927 3153 2965 3220 ἡ
3011 3152 3356 3217 βασίλισσα
3389 3149 3454 3201 ἐκ
3494 3144 3707 3209 δεξιῶν
3764 3157 3903 3206 σου,
3944 3140 4011 3195 ἐν

2434 3245 2724 3315 ιματισιιῷ
2761 3245 3066 3313 διαχρύσῳ
3107 3236 3595 3308 περιϐεϐλημένη,
3633 3232 4004 3303 πεποικιλμέο

754 3331 1011 3394 admittit,
1045 3345 1338 3401 segregans
1373 3330 1521 3399 ipsos
1564 3343 1593 3383 a
1632 3328 1833 3399 pravis,
1861 3328 2002 3383 sicut
2031 3336 2214 3398 pastor
2242 3341 2329 3383 se-
2355 3333 2398 3392 C
2430 3359 2436 3393 ς

2326 3355 2329 3365 ’
2355 3333 2398 3392 C
2430 3358 2527 3407 νη.
2559 3340 2692 3409 Περὶ
2716 3340 2811 3407 τῆς
2853 3334 3174 3403 Ἐκκλησίας
3208 3332 3308 3403 ἢδη
3336 3330 3663 3399 διαλέγεται,
3699 3330 3828 3400 περὶ
3859 3324 3926 3398 ἦς
3954 3329 4008 3380 ἐν

750 3431 941 3488 grcgat
967 3435 1097 3475 oves
1127 3422 1194 3475 ab
1224 3421 1389 3475 haedis
1427 3420 1497 3475 ⁷⁸.
1527 3422 1682 3475 Astat
1712 3421 1877 3490 igitur
1906 3419 2113 3489 regina,
2148 3418 2327 3473 anima

753 3512 999 3567 videlicet
1040 3512 1279 3580 sponsali
1328 3511 1505 3565 Verbo
1544 3512 1814 3581 copulata,
1852 3512 2058 3580 peccati
2103 3510 2329 3578 imperio

754 3608 895 3660 haud
933 3604 1200 3675 subjecta,
1229 3604 1323 3659 sed
1351 3603 1497 3674 regni
1522 3602 1727 3657 Christi
1751 3604 2043 3673 particeps,
2073 3615 2101 3653 ι
2124 3601 2328 3655 dextris

755 3698 1060 3754 Salvatoris
1089 3697 1143 3752 in
1170 3696 1369 3752 vestitu
1404 3697 1683 3759 deaurato,
1722 3697 1822 3749 hoc
1850 3705 1953 3760 est,
1988 3695 2040 3748 in
2072 3693 2328 3763 spiritua-

754 3793 896 3846 lihus
927 3792 1291 3859 dogmatibus,
1325 3790 1502 3858 iisque
1545 3788 1855 3843 intertextis
1898 3803 1960 3842 ac
1992 3786 2280 3856 variegatis
2310 3805 2325 3843 :

752 3882 951 3950 quippe
1004 3895 1124 3950 qua:
1172 3891 1395 3935 venuste
1444 3889 1499 3934 et
1546 3878 1795 3948 religiose
1834 3891 1892 3932 se
1932 3878 2044 3946 ipsa
2080 3887 2325 3932 exornet.

750 3973 1019 4040 Quoniam
1065 3982 1245 4026 autem
1292 3988 1395 4027 non
1446 3972 1603 4026 unius
1651 3972 1849 4040 speciei
1890 3980 2016 4025 sunt
2053 3968 2326 4041 dogmata,

752 4068 847 4120 sed
878 4066 1094 4121 diversa
1114 4066 1393 4137 variaque,
1418 4064 1653 4120 morales
1679 4080 1742 4120 ac
1772 4064 2040 4119 naturales
2061 4070 2115 4117 et
2141 4063 2327 4134 mysti-

751 4173 846 4213 cos
874 4173 1153 4215 sermones
1184 4159 1624 4229 complectentis,
1654 4157 1858 4213 idcirco
1889 4157 2163 4226 Scriptura
2189 4156 2321 4210 dicit

752 4267 966 4318 sponsze
1000 4252 1250 4306 vestitum
1286 4253 1618 4321 variegatum
1653 4266 1794 4305 esse.

2431 3430 2508 3501 τῷ
2537 3430 2773 3499 ’ᾼσματι
2825 3427 3245 3498 μεμαθήκαμεν,
3286 3426 3369 3477 ὅτι
3423 3423 3519 3495 μία
3557 3422 3673 3475 ἐστὶ
3705 3420 3887 3475 τελεία
3917 3419 4007 3471 τοῦ

2433 3519 2670 3592 Χριστοῦ
2698 3519 3013 3590 περιστερὰ,
3054 3518 3174 3588 ¹ἥτις
3217 3518 3297 3581 είς
3329 3516 3426 3587 τὴν
3468 3514 3647 3580 δεξιὰν
3687 3510 3869 3583 χώραν
3904 3509 4008 3579 (97)

2430 3614 2523 3667 τοῦ
2559 3612 2798 3686 Χριστοῦ
2829 3612 3095 3685 λαμὸάνει
3127 3614 3253 3675 τοὺς
3284 3613 3371 3665 ἐπ’
3402 3612 3580 3683 ἔργοις
3618 3607 3843 3674 ἀγαθοῖς
3871 3622 4008 3673 γνω-

2434 3704 2775 3777 ριζομένους,
2817 3705 3168 3777 διακρίνουσα
3218 3704 3325 3757 ἀπὸ
3352 3702 3459 3756 τῶν
3489 3701 3725 3772 φαύλων,
3769 3698 3957 3768 ὥσπερ
3985 3698 4011 3748 ό

2429 3796 2633 3867 ποιμὴν
2667 3796 2930 3867 διακρίνει
2961 3797 3087 3859 τοὺς
3128 3796 3295 3866 ἄρνας
3337 3793 3443 3845 ἀπὸ
3474 3790 3581 3844 τῶν
3610 3791 3834 3861 ἐρίφων.
3868 3789 4011 3857 ῐιαρ⁴

2431 3888 2643 3940 ίσταται
2682 3882 2774 3940 οὖν
2806 3889 2839 3954 ὴ
2874 3885 3181 3956 βασίλισσα,
3228 3884 3261 3953 ἡ
3309 3881 3385 3952 τῷ
3417 3879 3675 3952 νυμφικῷ
3719 3879 3875 3949 Λόγῳ
3903 3877 4006 3948 (98)

2426 3978 2852 4049 καθηρμοσμένη
2905 3976 3071 4048 ψυχὴ,
3133 3978 3167 4047 ἡ
3218 3975 3291 4045 μὴ
3327 3972 3716 4045 βασιλευομένη
3762 3972 3867 4026 ὑπὸ
3911 3970 4009 4038 τῆς

2423 4064 2717 4135 ἁμαρτίας,
2756 4065 2890 4119 ἀλλά
2920 4065 3019 4133 τῆς
3044 4064 3138 4117 τοῦ
3168 4064 3401 4136 Χριστοῦ
3440 4062 3719 4134 βασιλείας
3755 4061 4008 4132 μετέχου-

2428 4173 2514 4220 σα,
2555 4158 2619 4209 ὲκ
2660 4155 2849 4220 δεξιῶν
2889 4155 2984 4209 τοῦ
3023 4156 3275 4227 Σωτῆρος
3301 4156 3357 4207 ὲν
3398 4154 3673 4226 ἱματισμῴ
3698 4153 4006 4223 διαχρύσῳ·

2426 4250 2729 4312 τουτέστιν,
2764 4250 2821 4303 ὲν
2850 4250 3079 4319 δόγμασι
3102 4252 3306 4321 νοεροῖς
3329 4248 3771 4319 καθυφασμένοις
3798 4246 3890 4299 καὶ
3922 4260 4008 4295 πε-

752 4340 1141 4408 ποικιλμένοις,
1175 4340 1419 4409 σοόαρῶς
1449 4341 1646 4410 ἑαυτὴν
1679 4340 1771 4391 καὶ
1798 4339 2138 4410 ἱεροπρεπῶς
2162 4340 2607 4411 κατακοσμοῦσα.
2650 4341 2863 4411 Ἐπειδὴ
2929 4341 2987 4394 δὲ
3046 4343 3107 4394 ού
3172 4342 3413 4412 μονοειδῆ
3472 4341 3538 4395 τά
3577 4341 3841 4411 δόγματα,
3876 4336 4005 4391 ἀλλά

752 4432 971 4486 ποικίλα
1002 4431 1450 4502 καὶῆτολύτροπα,
1486 4430 1710 4500 ὴθικούς
1738 4448 1797 4482 τε
1827 4431 1920 4482 καὶ
1954 4430 2215 4497 φυσικοὺς
2240 4432 2334 4482 καὶ
2370 4431 2497 4493 τοὺς
2539 4431 2871 4493 ὲποπτικοὺς
2907 4430 3229 4500 λεγομένους
3292 4430 3615 4501 περιέχοντα
3674 4428 3885 4497 λόγους,
3924 4429 4007 4482 διὰ

748 4522 907 4577 τοῦτο
938 4522 1355 4593 πεποικιλμένον
1381 4517 1519 4574 εἶναι
1548 4521 1638 4573 τὸν
1669 4518 1959 4589 ἱματισμὸν
1988 4518 2086 4588 τῆς
2110 4517 2328 4587 νύμφης
2365 4521 2392 4570 ὁ
2418 4518 2574 4585 λόγος
2599 4520 2782 4587 φησίν.

822 4620 908 4675 10.
953 4617 1114 4673 Vsus.
1149 4620 1237 4686 Η,
1285 4618 1371 4671 ιε.
1413 4617 1575 4683 Audi,
1613 4616 1749 4683 lilia,
1788 4624 1835 4667 et
1872 4615 2011 4675 vide,
2045 4624 2091 4665 et
2123 4614 2324 4666 inclina
2359 4618 2400 4672 D

751 4730 932 4769 aurem
960 4724 1127 4776 tuam,
1157 4721 1206 4769 et
1232 4712 1529 4767 obliviscere
1560 4709 1808 4779 papulum
1837 4721 2007 4770 tuum,
2034 4716 2084 4761 et
2107 4708 2322 4760 domum

750 4808 916 4877 patris
951 4809 1065 4860 tui:
1107 4816 1155 4860 et
1202 4807 1529 4870 concupiscet
1571 4819 1662 4857 rex
1707 4805 1941 4856 decorem
1979 4811 2123 4854 tuum
2152 4816 2168 4853 :
2194 4814 2325 4867 quo-

750 4903 894 4956 niam
942 4902 1049 4968 ipse
1103 4910 1178 4953 est
1236 4899 1491 4953 Dominus
1541 4906 1695 4964 tuus,
1740 4905 1789 4949 et
1838 4894 2129 4948 adorabunt
2179 4907 2320 4947 eum.

820 5104 867 5135 ⁷³
896 5104 1056 5159 Cant.
1091 5118 1166 5167 vt,
1194 5102 1248 5158 8.
1322 5100 1370 5135 "
1396 5100 1584 5157 Matth.
1614 5117 1741 5167 xxv,
1778 5102 1866 5157 52.

826 5286 1327 5355 (95iCombetisius
1378 5285 1563 5341 multis
1621 5282 1859 5355 probare
1918 5288 2168 5355 conatur,
2229 5292 2327 5355 pro

756 5347 1035 5431 παραϐολή
1070 5358 1351 5425 legendum
1395 5373 1514 5431 esse
1568 5347 1829 5431 περίϐολῂ
1868 5372 1879 5405 :
1920 5352 2012 5404 sed
2046 5366 2167 5403 cum
2197 5347 2327 5401 editi

753 5446 797 5479 ιιι
831 5424 998 5483 nostri
1026 5424 1153 5483 orto
1185 5443 1315 5481 mss.
1364 5438 1410 5479 et
1446 5428 1645 5481 Catena
1680 5424 1902 5476 Corder.
1933 5436 2118 5473 vocem
2153 5435 2329 5489 παρα-

755 5502 885 5571 ϐολή
905 5508 1217 5553 constanter
1240 5499 1555 5565 prmt‘erant,
1585 5496 1731 5549 illius
1765 5492 2132 5560 conjecturam
2159 5507 2328 5559 quan-

756 5572 957 5626 tumvis
986 5573 1176 5622 bonam
1199 5572 1367 5622 secuti
1402 5586 1507 5621 non
1539 5581 1744 5619 smnus.

828 5642 940 5709 (illi)
972 5641 1145 5694 Eulitio
1184 5639 1349 5692 Basil.
1389 5649 1436 5692 et
1481 5650 1685 5706 septem
1737 5650 1865 5709 mss.
1903 5634 2099 5709 Βάρεις
2140 5632 2246 5709 γάρ
2281 5632 2328 5683 οἱ

760 5704 1005 5779 μέγιστοι
1050 5711 1158 5763 τῶν
1215 5710 1377 5763 οἴκων
1430 5704 1696 5776 λέγονται.
1736 5708 1803 5760 At
1850 5706 2015 5758 editio
2070 5704 2244 5758 Paris.
2276 5714 2329 5755 et

755 5787 795 5837 tl
842 5798 960 5835 lena
1003 5782 1222 5835 Corder.
1261 5794 1316 5832 nt
1346 5783 1395 5832 in
1435 5790 1714 5833 contextu.

832 5855 942 5909 :97)
981 5855 1181 5905 llursns
1207 5854 1417 5917 coniicit
1465 5847 1824 5901 tinmheﬁsius
1859 5862 1955 5911 prn
2009 5844 2189 5909 δεξιὰν
2222 5841 2325 5911 χώ-

753 5945 854 5995 μιν
891 5925 1167 5995 legendum
1210 5939 1328 5979 esse
1358 5922 1538 5985 δεξιὰν
1572 5921 1728 5989 χεῖρα
1753 5933 1762 5944 ’
1792 5918 1883 5971 sed
1914 5929 2033 5971 cum
2071 5918 2155 5969 hic
2186 5931 2320 5983 quu-

2502 4614 2587 4667 lO.
2635 4616 2960 4677 Ἄκουσον,
2999 4614 3271 4683 θύγατερ,
3335 4612 3433 4667 καί
3484 4613 3602 4676 ἴδε,
3649 4614 3749 4667 καὶ
3799 4615 4006 4667 κλῖνον

2429 4706 2495 4760 τὸ
2526 4702 2637 4771 οὖς
2667 4723 2805 4769 σου,
2851 4709 2949 4762 καί
2974 4708 3261 4763 ἐπιλάθου
3292 4708 3396 4762 τοῦ
3417 4707 3569 4762 λαοῦ
3606 4724 3742 4767 σου,
3778 4707 3877 4759 καὶ
3904 4707 4004 4760 τοῦ

2429 4795 2598 4849 οἴκου
2621 4796 2725 4849 τοῦ
2743 4797 2964 4863 πατρός
2990 4810 3106 4849 σου
3122 4812 3134 4825 ·
3162 4796 3259 4849 καὶ
3281 4794 3635 4864 ἐπιθυμήσει
3658 4797 3689 4847 ό
3707 4793 4004 4858 βασιλεὺς

2430 4889 2534 4943 τοῦ
2558 4888 2824 4957 κάλλους
2849 4904 2964 4944 σου
2982 4906 2996 4919 ο
3032 4889 3121 4944 ὅτι
3146 4890 3325 4957 αὐτός
3350 4889 3477 4943 ἐστι
3508 4889 3723 4957 Κύριός
3747 4904 3888 4956 σου,
3912 4886 4004 4940 καί

2438 5293 2543 5346 que
2566 5290 2618 5332 et
2644 5282 2769 5337 editi
2794 5292 2848 5337 et
2877 5275 3047 5332 nostri
3090 5281 3211 5328 octo
3235 5287 3368 5327 mss.
3416 5280 3485 5346 et_
3519 5272 3729 5326 Catena
3774 5271 3994 5346 Corder.

2440 5342 2709 5418 vulgatam
2776 5350 3063 5408 lectionem
3122 5354 3395 5408 tueantur,
3441 5344 3508 5398 ab
3548 5358 3608 5396 ea
3642 5342 3997 5397 recedendum

2438 5436 2546 5473 non
2578 5424 2907 5487 putavimus.

2510 5482 2621 5560 (98)
2664 5492 2812 5547 Fecit
2843 5488 3059 5560 quidem
3096 5501 3194 5560 suo
3224 5499 3372 5540 more
3401 5483 3863 5560 Cdmlteﬂsitts,_ut
3896 5482 3995 5560 ali-

2436 5564 2564 5629 quid
2604 5554 2929 5615 'Inntandn'm
2990 5557 3293 5625 suspicetur
3332 5576 3344 5610 :
3389 5556 3482 5629 sed
3509 5554 3635 5629 ‘lllc.
3681 5554 3993 5629 modestius.

2428 5622 2590 5693 quam
2622 5635 2777 5685 solet.
2811 5630 3032 5685 Dubitat
3060 5622 3222 5695 igitur
3262 5642 3386 5678 num
3422 5625 3521 5695 legi
3555 5624 3748 5695 debeat
3780 5622 3997 5695 νυμφίῳ

2428 5675 3211 5773 33:5;‘st;;.;"v.;i;,,'°.'qs
3264 5675 3521 5773 usus;
3556 5675 3995 5773 Αεςγςρηερδ,.;ηι

2440 5764 2624 5826 γει-60.
2670 5776 2773 5825 Sed
2802 5786 2857 5825 ut
2895 5773 3029 5824 alias
3064 5764 3280 5838 sa'pins,
3322 5764 3391 5821 ita
3427 5764 3511 5821 hic
3542 5774 3596 5818 et
3622 5764 3752 5819 editi
3783 5773 3838 5817 et
3866 5780 3991 5817 mss.

2425 5847 2471 5897 ei
2512 5847 2889 5900 adversantur.
