4260 6498
297 429 407 483 409

1422 438 1709 495 IIOMIIJA
1752 440 1817 495 ΙΝ
1860 441 2187 498 ΡΞΜΛΙΕΜ
2224 444 2405 501 XLIV.

3445 463 3547 515 itu

296 544 844 612 προσκυνήσουσιν
859 547 1019 613 αὐτῷ
1047 549 1155 618 (99)
1202 551 1603 623 Προσκαλεῖται
1627 556 1727 625 τὴν
1759 558 1877 611 Ἐκ·
1907 570 1951 623 Α

1907 570 1951 623 Α
1985 561 2317 616 Exhortatur
2362 565 2660 622 Ecclesiam
2727 566 2795 619 ad
2857 568 3123 623 audienda
3179 575 3554 627 servandame

298 638 527 708 γλησίαν
557 636 648 691 ἐπὶ
676 639 771 710 τὴν
798 641 1061 710 ἀκρόασιν
1082 641 1176 693 καὶ
1190 644 1286 715 τὴν
1303 648 1530 716 τήρησιν
1560 646 1667 699 τῶν
1700 664 1870 718 προσ-

294 728 665 799 τασσομένων,
695 733 788 783 καὶ
814 732 1241 800 προσο.κειοῦται
1277 738 1445 805 αὐτὴν
1466 737 1554 789 διὰ
1578 738 1676 807 τῆς
1706 757 1873 810 προσ-

295 820 543 892 ηγορίας,
586 823 857 893 θυγατέρα
899 824 1067 895 αὐτὴν
1100 826 1523 898 προσαγορεύων
1554 831 1668 899 (1)·
1707 833 1871 887 οἱονεὶ

292 914 773 983 τεκνοποιούμενος
806 915 974 986 αὐτὴν
1014 918 1100 973 διὰ
1140 921 1236 992 τῆς
1278 919 1520 990 ἀγάπης.
1559 926 1873 989 Ἄκουσον,

292 1005 564 1074 θύγατερ,
616 1006 712 1057 καὶ
768 1006 877 1061 ἴδε.
932 1009 1180 1064 Διδάσκει
1219 1010 1386 1082 αὐτὴν
1428 1015 1876 1086 γεγυμνασμένον

293 1096 439 1165 ἔχειν
460 1096 552 1148 τὸν
578 1096 701 1149 νοῦν
724 1098 857 1168 πρὸς
891 1097 1119 1172 θεωρίαν
1158 1101 1244 1153 διὰ
1273 1100 1389 1167 τοῦ,
1428 1104 1558 1159 Ἴδε.
1591 1105 1875 1175 Κατανόη-

293 1203 409 1251 σον,
439 1189 593 1258 φησι,
625 1189 720 1260 τὴν
754 1190 948 1257 κτίσιν,
994 1194 1086 1246 καί
1112 1193 1453 1265 ὠφεληθεῖσα
1490 1198 1601 1251 ἀπὸ
1624 1197 1721 1267 τῆς
1755 1199 1874 1251 κατ’

290 1280 464 1351 αὐτὴν
500 1280 722 1345 τάξεως,
761 1282 931 1347 οὕτως
960 1284 1213 1339 ἀνάϐαινε
1268 1290 1403 1361 πρὸς
1446 1290 1544 1362 τὴν
1600 1288 1695 1342 τοῦ
1752 1291 1870 1344 κτί-

292 1390 483 1437 σαντος
530 1374 776 1446 Θεωρίαν.
823 1372 956 1429 Εἶτα
1000 1376 1263 1449 κάμπτων
1308 1383 1477 1452 αὐτῆς
1532 1380 1624 1433 τὸν
1672 1381 1876 1453 ὑψηλὸν

288 1466 391 1535 τῆς
433 1466 748 1532 ἀλαζονείας
794 1468 1079 1539 τράχηλον,
1129 1472 1373 1536 [silis-or,
1430 1472 1582 1542 φησὶ,
1633 1474 1697 1527 τὸ
1741 1471 1853 1542 οὖς

286 1576 428 1613 σου.
490 1563 578 1631 Μὴ
639 1561 960 1633 ἀποδράμῃς
1013 1566 1147 1635 πρὸς
1182 1566 1307 1628 τοὺς
1344 1567 1448 1631 ἔξω
1483 1565 1705 1635 μύθους,
1736 1568 1874 1622 ἀλλά

287 1654 580 1717 κατάδεξαι
633 1654 693 1705 τὸ
733 1656 985 1710 ταπεινὸν
1018 1656 1115 1725 τῆς
1159 1658 1215 1708 ὲν
1250 1656 1326 1727 τῷ
1366 1658 1704 1731 εὐαγγελικῷ
1727 1662 1871 1733 λόγῳ

286 1746 505 1815 φωνῆς’
540 1745 760 1800 Κλῖνον
786 1748 851 1800 τὸ
888 1744 998 1814 οὖς
1032 1763 1148 1801 σου
1183 1747 1319 1819 πρὸς
1351 1750 1446 1821 τήν
1478 1744 1582 1804 ῶδε
1612 1752 1869 1811 διδασκα-

284 1836 430 1904 λίαν,
469 1839 555 1893 ἴνα
591 1839 822 1911 ὲπιλάθῃ
850 1840 958 1892 τῶν
994 1840 1283 1913 μοχθηρῶν
1331 1842 1469 1898 ἐθῶν
1511 1846 1735 1900 ἐκείνων
1772 1848 1869 1902 καὶ

1980 664 2269 724 praecepta,
2298 669 2525 725 eumque
2562 661 2663 715 sibi
2709 658 2822 729 ipsa
2858 658 3219 729 appellatione
3247 659 3465 715 asciscit
3500 662 3554 715 in

1981 746 2426 813 familiaritatem,
2465 748 2607 804 illam
2662 750 2940 823 appellans
2992 752 3185 819 tiliam;
3232 753 3384 821 quasi
3433 769 3552 805 eam

1978 837 2078 892 sibi
2110 852 2207 905 pro
2237 839 2341 891 ﬁlia
2376 854 2472 907 per
2500 840 2819 899 charitatem
2849 841 3183 912 adoptasset.
3218 846 3381 906 Audi,
3412 845 3552 912 ﬁlia,

1976 941 2025 984 et
2062 930 2196 984 vide.
2235 930 2401 985 Docet
2448 931 2551 987 hoc
2594 936 2779 999 verbo,
2818 935 2973 998 Vide,
3007 935 3304 992 Ecclesiam
3355 936 3556 989 habere

1980 1030 2213 1075 tuentem
2257 1022 2323 1074 ad
2374 1025 2883 1092 contemplationem
2942 1029 3321 1085 exercitatam.
3364 1028 3555 1083 Consi-

1978 1113 2129 1179 dera,
2162 1113 2357 1183 inquit,
2394 1130 2480 1167 res
2518 1123 2735 1170 creatas
2768 1128 2931 1185 atque
2966 1118 3160 1172 intuitu
3197 1120 3401 1174 ordinis
3431 1118 3552 1174 illa-

1980 1218 2098 1257 rum
2129 1206 2337 1275 adjuta,
2371 1206 2442 1259 ita
2475 1206 2693 1261 demum
2720 1210 2785 1260 ad
2815 1208 3094 1277 ipsiusmet
3116 1209 3390 1264 Creatoris
3416 1227 3549 1265 con—

1979 1295 2383 1364 templationem
2419 1298 2673 1351 ascende.
2708 1298 2909 1352 Deinde
2942 1299 3106 1353 altum
3142 1298 3408 1371 superbiae
3438 1300 3550 1354 col-

1977 1383 2084 1438 lum
2115 1387 2413 1456 inﬂectens,
2444 1389 2682 1453 lnclina,
2707 1389 2901 1460 inquit,
2924 1408 3102 1445 aurem
3131 1403 3295 1453 tuum.
3323 1394 3400 1451 Ne
3425 1411 3553 1450 cur-

1974 1491 2067 1532 ras
2119 1479 2187 1532 ad
2238 1489 2492 1537 externas
2548 1480 2780 1547 fabulas,
2820 1481 2915 1536 sed
2968 1481 3222 1537 humilem
3279 1487 3548 1541 sermonis

1973 1576 2269 1649 evangelici
2302 1592 2486 1632 vocem
2535 1580 2748 1648 suscipe
2786 1596 2800 1633 :
2838 1578 3047 1633 lnclina
3083 1596 3264 1634 aurem
3301 1591 3441 1634 utam
3479 1585 3545 1637 ad

1973 1664 2114 1719 hanc
2154 1665 2480 1731 doctrinam,
2514 1675 2571 1720 ut
2619 1666 2950 1721 obliviscare
2996 1681 3286 1735 pravarum
3336 1668 3544 1721 illaru-n

1972 1756 2429 1812 consuetudinum
2476 1766 2638 1827 atque
2682 1768 3031 1829 paternorum
3075 1759 3542 1813 documentorum.

1972 1848 2312 1919 Quapropter
2364 1846 2680 1903 Obliviscere
2730 1849 2977 1919 populum
3028 1860 3200 1913 luunt,
3234 1864 3279 1903 et
3329 1851 3542 1904 domum

281 1932 393 1982 τῶν
428 1932 709 2002 πατρικῶν
739 1932 1088 2003 διδαγμάτων
1121 1937 1223 2005 (2).
1267 1939 1358 1992 Διὸ
1393 1938 1717 1995 Ἐπιλάοου
1758 1942 1865 1996 τοῦ
1899 1933 1939 1989 Β

1899 1933 1939 1989 Β
1966 1942 2133 2010 patris
2164 1943 2261 1995 tui.
2286 1941 2471 1997 Omnis
2497 1943 2640 1997 enim
2667 1944 2758 2013 qui
2780 1946 2907 2013 [acit
2932 1955 3222 2014 peccatum,
3246 1962 3309 1998 ea:
3332 1945 3542 1999 diabolo

281 2022 440 2075 ,λαοῦ
468 2037 603 2090 σου,
640 2023 738 2077 καὶ
782 2024 886 2080 τοῦ
932 2026 1101 2082 οἴκου
1149 2030 1256 2085 τοῦ
1297 2034 1518 2099 πατρός
1558 2049 1694 2087 σου.
1737 2032 1864 2101 Πᾶς

282 2114 394 2185 γὰρ
424 2117 455 2168 ὀ
480 2115 665 2169 ποιῶν
683 2115 796 2186 τὴν
815 2117 1107 2187 ἁμαρτίαν
1125 2120 1195 2173 ἐκ
1229 2120 1333 2173 τοῦ
1356 2120 1639 2175 διαϐόλου
1662 2122 1864 2190 τετένο

281 2223 480 2273 νηται.
530 2208 765 2261 Ἐκϐαλέ
813 2227 923 2279 μοι,
959 2211 1113 2281 φησὶ,
1159 2210 1254 2273 τάς
1282 2210 1387 2263 τῶν
1415 2210 1685 2283 δαιμόνων
1716 2212 1862 2264 διδα-

283 2296 535 2359 σκαλίας,
577 2297 830 2350 ἐπιλάθου
865 2298 1085 2364 θυσιῶν,
1134 2299 1353 2372 χορείας
1383 2301 1728 2374 νυκτερινῆς,
1770 2300 1864 2373 μύ-

282 2388 395 2441 θων
438 2390 517 2450 είς
552 2389 805 2461 πορνείαν
837 2391 930 2445 καὶ
967 2392 1145 2445 πᾶσαν
1179 2393 1465 2464 ἀσέλγειαν
1508 2395 1859 2449 ὲκκαιόντων.

278 2480 384 2534 Διά
414 2480 569 2534 τοῦτο
595 2481 867 2556 θυγατέρα
909 2502 967 2538 σε
1012 2487 1247 2557 ἐμαυτοῦ
1284 2490 1727 2561 προσηγόρευσα,
1772 2491 1860 2544 ἵνα

284 2574 527 2647 μισήσῃς
550 2576 640 2629 τὸν
670 2579 880 2649 πατέρα
910 2578 1000 2631 τὸν
1030 2580 1296 2650 πρότερόν
1332 2598 1390 2632 σε
1419 2584 1755 2651 γεννήσαντα
1783 2586 1862 2649 είς

278 2666 578 2723 ἀπώλειαν.
634 2669 761 2722 Ἐάν
797 2670 906 2741 γάρ
944 2670 1032 2723 διὰ
1064 2671 1163 2741 τῆς
1193 2671 1363 2743 λήθης
1387 2672 1693 2746 ἀπαλείψῃς
1736 2676 1864 2739 τοὺς

280 2761 508 2826 σπίλους
552 2764 659 2817 τῶι
712 2763 963 2835 πονηρῶν
1012 2764 1369 2836 μαθημάτων,
1410 2764 1757 2820 ἀπολαϐοῦσα
1801 2767 1862 2820 τὸ

279 2855 416 2909 ἴδιον
452 2857 651 2925 ἑαυτῆς
682 2856 897 2921 κάλλος,
934 2857 1244 2929 ἐπιθυμητή
1280 2859 1497 2929 φανήσῃ
1531 2857 1608 2927 τῷ
1643 2857 1861 2929 νυμφίῳ

278 2946 377 2997 καὶ
444 2944 671 3013 βασιλεῖ.
722 2946 840 2997 Ὅτι
892 2948 1073 3009 αὐτός
1119 2947 1250 2999 ἐστι
1310 2948 1523 3014 Κύριός
1564 2962 1701 3010 σου,
1762 2946 1861 3000 καὶ

278 3036 821 3105 προσκυνήσουσιν
846 3035 1003 3102 αὐτῷ
1027 3037 1125 3108 (3).
1165 3037 1237 3090 Τὸ
1269 3038 1563 3105 ἀναγκαῖον
1600 3038 1692 3107 τῆς
1725 3040 1859 3092 ὑπο-

276 3128 449 3197 ταγῆς
477 3127 778 3200 παραδηλοῖ
813 3128 901 3181 διά
938 3128 1052 3189 τοῦ,
1088 3130 1279 3196 Αὐτός
1304 3128 1433 3183 ἐστι
1464 3131 1683 3198 Κύριός
1718 3147 1855 3185 σου.

277 3220 788 3287 Προσκυνήσουσι
813 3220 882 3274 δὲ
907 3219 1067 3285 αὐτῷ
1101 3220 1197 3289 (4),
1231 3222 1379 3273 πᾶσα
1414 3221 1446 3291 ή
1477 3220 1670 3284 κτίσις.
1713 3220 1859 3273 Διότι

288 3314 394 3366 Ἓν
419 3311 496 3378 τῷ
525 3314 767 3382 ὀνόματι
806 3311 1000 3379 Ἰησοῦ
1022 3310 1279 3381 Χριστοῦ
1308 3312 1433 3368 πᾶν
1456 3314 1602 3384 γόνυ
1630 3311 1856 3381 κάμψει

271 3406 671 3473 ἐπουρανίων,
703 3404 800 3457 καὶ
836 3403 1130 3473 ἐπιγείων,
1157 3404 1254 3458 καί
1288 3407 1715 3474 καταχθονίισιν.
1742 3403 1854 3460 Καὶ

272 3502 309 3551 0
319 3496 537 3565 υγάτηρ
556 3499 739 3565 Τύρου
752 3497 822 3550 ἐν
838 3494 1066 3564 δώροις.
1092 3496 1162 3549 Τὸ
1185 3497 1509 3564 πρόσωπόν
1522 3513 1641 3552 σου
1653 3502 1858 3553 λιταν-

269 3589 570 3641 εύσουσιν
595 3588 669 3659 (5)
697 3591 750 3642 οὶ
770 3588 1049 3641 πλούσιοι
1070 3586 1175 3640 τοῦ
1190 3587 1365 3641 λαοῦ.
1399 3590 1604 3658 Δοκεῑή
1623 3589 1723 3641 ὑπε
1734 3590 1857 3659 {>60-

272 3680 340 3751 λὴ
370 3680 467 3750 τῆς
500 3679 934 3750 εἰδολωλατρείας
960 3681 1015 3732 ὲν
1044 3681 1110 3749 τῇ
1145 3678 1458 3732 Χανανίτιδι
1496 3678 1647 3751 χώρα
1677 3681 1858 3734 ἐπιτε-

269 3771 581 3843 τηδεῦσθαι.
615 3771 960 3843 Μητρόπολις
984 3772 1037 3825 δὲ
1058 3772 1155 3842 τῆς
1178 3770 1398 3826 Χαναὰν
1428 3773 1461 3843 ή
1486 3771 1680 3842 Τύρος.
1713 3772 1855 3844 Προ-

269 3865 606 3937 τρεπόμενος
632 3860 724 3918 οὖν
760 3866 838 3927 είς
863 3863 1104 3934 ὑπακοήν
1131 3863 1229 3935 τήν
1266 3863 1593 3935 Ἐκκλησίαν
1616 3865 1644 3916 ὁ
1673 3864 1853 3934 λόγος,

269 3959 384 4012 Καὶ
427 3960 693 4031 θυγάτηρ,
742 3960 895 4029 φησι,
930 3957 1106 4027 Τύρου
1135 3957 1253 4028 ἦξει
1300 3957 1429 4010 ποτὲ
1473 3956 1609 4028 μετά
1639 3957 1850 4031 δώρων.

267 4053 381 4105 Καὶ
406 4052 466 4105 τὺ
496 4053 587 4105 σὸν
618 4052 673 4105 δὲ
707 4053 997 4124 πρόσωπον
1025 4051 1074 4103 ol
1107 4048 1349 4104 πλούσιοι
1388 4050 1480 4104 τοῦ
1520 4049 1648 4104 λαοῦ
1676 4068 1845 4121 προσ·

266 4145 591 4213 κυνήσουσιν
629 4146 686 4196 ὲν
712 4144 903 4215 δώροις
955 4144 1049 4213 (6).
1086 4144 1198 4196 Οὐκ
1241 4140 1382 4207 εἷπε,
1436 4144 1501 4196 Σὲ
1540 4144 1845 4215 προσκυνή-

1967 2035 2125 2081 natus
2162 2038 2235 2081 est
2264 2028 2331 2083 ⁷⁵.
2365 2028 2569 2095 Abjice,
2616 2029 2821 2100 inquit,
2866 2032 3172 2085 daemonum
3229 2033 3541 2098 doctrinas,

1964 2118 2286 2175 obliviscere
2311 2121 2725 2189 sacriﬁciorum,
2758 2130 3040 2177 nocturna:
3071 2124 3305 2191 choreas,
3338 2126 3545 2179 fabula-

1966 2228 2083 2266 rum
2114 2212 2180 2267 ad
2214 2220 2458 2283 stuprum
2509 2222 2560 2267 et
2610 2229 2825 2269 omnem
2873 2212 3149 2270 libidinem
3202 2216 3542 2271 inﬂannnan-

1966 2306 2120 2360 tium.
2160 2306 2365 2361 Idcirco
2404 2314 2455 2361 te
2503 2306 2605 2360 tnei
2658 2307 2829 2376 ipsius
2875 2307 3039 2362 ﬁliam
3083 2311 3292 2373 vocavi,
3327 2321 3387 2365 ut
3415 2322 3538 2364 eum

1962 2407 2239 2467 parentem
2290 2397 2501 2461 oderis,
2525 2397 2618 2467 qui
2668 2406 2717 2451 te
2764 2398 2912 2467 prius
2950 2400 3016 2453 ad
3052 2401 3407 2469 perditionem
3448 2416 3540 2471 ge-

1963 2498 2173 2544 nuerat.
2215 2489 2421 2544 Etenim
2464 2490 2510 2545 si
2552 2505 2649 2559 per
2686 2490 3012 2546 oblivionem
3055 2492 3292 2548 maculas
3342 2509 3536 2561 pravo-

1964 2596 2083 2636 rum
2124 2580 2574 2636 documentorum
2627 2581 2913 2647 deleveris,
2956 2592 3048 2637 tuo
3087 2583 3303 2651 proprio
3341 2583 3539 2637 decore

1963 2680 2262 2743 assumpto,
2298 2670 2674 2728 desiderabilis
2721 2674 3010 2742 apparebis
3056 2688 3257 2743 sponso
3298 2684 3353 2730 et
3398 2674 3532 2746 regi.

1964 2763 2227 2829 Quoniam
2252 2766 2361 2834 ipse
2383 2774 2457 2819 est
2486 2764 2742 2820 Dominus
2772 2776 2914 2832 tuus,
2940 2776 2987 2820 et
3016 2766 3310 2821 adorabunt
3341 2769 3532 2835 ipsum.

1961 2854 2349 2909 Necessitatem
2420 2858 2736 2913 obedientite
2804 2860 3074 2924 declarat,
3136 2861 3222 2915 his
3279 2860 3461 2915 verbis
3516 2879 3530 2917 :

1962 2947 2083 3019 Ipse
2128 2958 2202 3001 est
2245 2948 2503 3003 Dominus
2555 2959 2697 3003 tuus.
2751 2948 3058 3005 Adorabunt
3114 2961 3286 3005 autem
3337 2956 3530 3023 ipsum,

1962 3057 2152 3109 nempe
2173 3054 2361 3094 omnes
2386 3056 2471 3095 res
2493 3050 2707 3095 creatae.
2727 3040 2860 3097 Nam
2882 3041 2947 3095 In
2970 3044 3176 3098 nomine
3190 3045 3315 3099 .lesu
3334 3043 3533 3100 Christi

1961 3147 2112 3185 omne
2141 3148 2275 3201 genu
2312 3133 2573 3201 flectetur,
2602 3130 2905 3195 caelestium,
2933 3136 3259 3188 terrestrium
3288 3147 3334 3189 et
3365 3136 3531 3204 infer-

1961 3223 2227 3276 narum".
2261 3223 2424 3293 168
2450 3221 2609 3279 Vens.
2638 3223 2726 3277 15.
2750 3221 2819 3276 Et
2845 3222 2958 3290 [ilia
2980 3223 3106 3293 Tyri
3129 3224 3183 3277 in
3207 3226 3527 3282 muneribus.

1886 3282 1928 3340 ο
1970 3311 2181 3366 Vultum
2224 3282 2856 3383 tiiitiisvdeprecabuntur'
2881 3282 3062 3369 divites
3094 3317 3274 3386 plebis.
3313 3320 3533 3375 Videtur

1964 3404 2265 3460 idololatria
2298 3406 2351 3459 in
2386 3404 2690 3460 Chananaza
2732 3409 2953 3476 regione
2999 3409 3303 3463 immodicis
3335 3412 3527 3467 studiis

1961 3497 2172 3553 exculta
2224 3497 2413 3553 fuisse.
2454 3497 2764 3568 MetrOpolis
2810 3512 2992 3555 autem
3034 3500 3292 3557 Chanaan
3328 3503 3526 3576 Tyrus.

1960 3587 2257 3644 Ecclesiam
2295 3589 2458 3659 igitur
2489 3590 2555 3644 ad
2590 3590 2954 3645 obedientiam
2990 3592 3283 3647 exhortans
3318 3607 3523 3650 sermo.

1954 3681 2129 3737 Etiam
2168 3682 2300 3745 lilia,
2341 3681 2537 3751 inquit,
2567 3681 2693 3753 Tyri
2724 3682 2903 3737 veniet
2928 3682 3220 3753 aliquando
3248 3699 3369 3740 cum
3405 3701 3525 3740 mu-

1952 3772 2190 3827 neribus.
2235 3769 2302 3824 Et
2346 3771 2552 3825 vultum
2588 3779 2738 3825 tuum
2770 3770 3076 3826 adorabunt
3109 3772 3305 3829 divites
3350 3772 3525 3843 plebis

1952 3864 2005 3919 in
2039 3864 2374 3919 muneribus.
2406 3861 2520 3917 Non
2560 3862 2717 3929 dixit,
2748 3862 2824 3919 'l‘e
2855 3862 3154 3918 adorabunt
3188 3864 3241 3919 in
3277 3866 3519 3920 muneri-

1950 3954 2073 4022 bus,
2104 3956 2218 4021 sed,
2253 3954 2473 4009 Vultum
2506 3963 2678 4008 tuum.
2712 3952 2951 4008 Ecclesia
2992 3953 3136 4007 enim
3176 3970 3281 4009 non
3326 3955 3522 4014 adora-

1955 4058 2062 4115 tur,
2093 4048 2187 4103 sed
2220 4053 2380 4116 caput
2403 4043 2662 4099 Ecclesia:
2687 4043 2933 4100 Christus
2958 4044 3027 4112 τ’,
3052 4058 3215 4116 quem
3242 4044 3520 4117 Scriptura

1952 4143 2153 4196 vultum
2190 4136 2499 4207 appellavit.

269 4249 456 4285 σουσιν
503 4235 559 4285 ἐν
609 4234 817 4304 δώροις,
866 4233 1018 4297 ἀλλὰ,
1074 4233 1146 4285 Τὸ
1187 4233 1476 4304 πρόσωπον
1512 4232 1575 4285 τὸ
1620 4233 1732 4288 σόν.
1798 4234 1871 4287 Οὐ
1910 4232 2020 4305 γάρ
2094 4228 2391 4301 Ἐκκλησία
2459 4231 2868 4301 προσκυνεῖται,
2922 4229 3058 4284 ἀλλά
3122 4227 3222 4299 τῆς
3295 4227 3521 4300 Ἐκκλη-

267 4329 392 4392 σίας
425 4330 456 4399 ἡ
497 4330 703 4401 κεφαλὴ
729 4332 757 4383 ό
784 4330 1038 4401 Χριστὸς,
1063 4328 1123 4382 δν
1152 4331 1478 4398 πρόσωπον
1504 4330 1785 4401 ὠνόμασεν
1812 4332 1845 4402 ή
1880 4331 2093 4402 Γραφή.

343 4424 427 4477 Η.
467 4424 639 4479 Πᾶσα
678 4426 716 4490 ἡ
746 4425 895 4489 δόξα
930 4425 1037 4493 τῆς
1072 4426 1360 4495 θυγατρὸς
1401 4426 1505 4479 τοῦ
1538 4426 1848 4490 ,βασιλέως
1880 4435 1923 4489 D

1886 4435 1923 4489 D
2024 4429 2109 4482 11.
2147 4425 2315 4482 Vens.
2356 4426 2439 4486 14,
2473 4424 2559 4480 15.
2600 4423 2786 4479 Omnis
2812 4423 2983 4495 gloria
3008 4423 3135 4491 filia:
3169 4422 3304 4491 regis
3337 4422 3401 4474 ab
3431 4422 3517 4475 in-

261 4518 510 4581 ἒσωθεν,
544 4518 613 4571 ἐν
644 4518 1013 4587 κροσσωτοῖς
1059 4518 1311 4587 χρυσοῖς
1354 4517 1843 4587 περιϐεϐλημένη,

261 4610 716 4679 πεποικιλμένη.
761 4610 1289 4681 Ἀπενεχθήσονται
1317 4612 1393 4676 τῷ
1417 4612 1672 4675 βασιλεῖ
1695 4628 1841 4680 παρ-

261 4702 421 4755 θένοι
447 4704 639 4756 ὀπίσω
676 4703 883 4772 αὐτῆς.
924 4705 1138 4775 Ἐπειδὴ
1167 4704 1446 4777 ἐκαθάρθη
1479 4706 1555 4777 (7)
1594 4705 1701 4759 ἀπὸ
1733 4705 1839 4758 τῶν

1953 4530 2057 4584 tus,
2086 4519 2139 4573 in
2168 4519 2389 4587 ﬁmbriis
2418 4518 2593 4571 aureis
2621 4516 3037 4577 cirrumamicta,
3062 4515 3349 4583 variegatu.
3381 4513 3517 4580 Alfe-

1947 4623 2127 4666 rentur
2154 4614 2260 4681 regi
2283 4611 2509 4681 virgines
2541 4618 2659 4679 post
2688 4625 2824 4662 eam.
2863 4607 3151 4674 Postquam
3180 4613 3399 4675 purgata
3431 4615 3514 4659 est

1944 4707 2011 4758 ab
2055 4704 2294 4773 antiquis
2338 4702 2592 4772 nequitia:
2641 4698 2927 4762 doctrinis,
2963 4707 3150 4767 utpote
3191 4700 3513 4752 documento

334 4863 380 4894 ⁷⁸
405 4863 424 4917 l
450 4864 605 4922 Joan.
634 4884 714 4933 ιιι,
742 4868 795 4924 8.
874 4868 919 4899 ⁷⁸
948 4866 1179 4938 Philipp.
1210 4883 1272 4932 ιι,
1301 4869 1388 4922 10.
1465 4870 1509 4900 ⁷⁷
1540 4868 1737 4937 Ephes.
1783 4884 1833 4934 v,
1869 4867 1960 4922 23.

334 4981 581 5052 (99)_llic
617 4983 881 5037 dissident
906 4982 1047 5037 inter
1071 4998 1128 5037 se
1154 4981 1301 5043 libri,
1340 4993 1395 5035 ut
1430 4984 1614 5037 videre
1647 4994 1727 5037 est
1779 4984 1831 5038 in

259 5050 405 5107 notis
429 5050 620 5107 Nohilii
675 5066 729 5106 et
778 5056 828 5107 in
866 5053 1139 5120 Hexuplis.
1183 5053 1356 5106 Editio
1404 5054 1574 5107 Paris.
1622 5066 1677 5109 et
1721 5057 1831 5108 duo

259 5138 394 5178 mss.
423 5126 887 5195 προσκυνήσουσιν
930 5124 1098 5193 αὐτῷ,
1144 5124 1448 5176 Adorabunl
1473 5142 1614 5179 eum.
1655 5122 1829 5178 Editio

258 5195 425 5248 Basil.
466 5204 521 5248 et
577 5210 668 5248 sex
724 5211 850 5249 mss.
908 5196 1305 5264 προσκυνήσεις
1352 5195 1519 5264 αὐτῷ,
1566 5196 1826 5249 Adorabis

254 5273 484 5327 eum,et
535 5266 607 5318 ita
642 5266 739 5331 legi
792 5268 841 5318 in
897 5249 1081 5336 Bibliis
1136 5249 1421 5320 uissftum
1471 5249 1652 5336 llegiis
1712 5275 1822 5319 tum

253 5336 587 5389 Colhcrtinis
614 5345 805 5388 auctor
834 5346 913 5388 est
942 5334 1271 5388 Ferrandus.

327 5407 405 5475 (l)
435 5405 582 5475 Regii
642 5406 908 5459 secundus
949 5416 1003 5458 et
1050 5405 1240 5458 tertius
1280 5420 1403 5458 cum
1462 5404 1615 5459 Colh.
1650 5404 1825 5473 primo

250 5476 673 5546 προσαγορεύει.
717 5475 816 5530 Alii
848 5490 974 5530 vero
1016 5491 1144 5529 mss.
1183 5491 1303 5528 cum
1339 5476 1501 5529 editis
1554 5492 1824 5545 προσάγοι

291 5564 450 5599 ευων.

291 5564 450 5599 ευων.

250 5564 283 5615 ρ
324 5620 402 5685 (2')
433 5618 564 5686 Reg.
604 5618 791 5670 tertius
821 5614 927 5669 τῶν
945 5616 1223 5686 πατρικῶν
1246 5615 1612 5685 παρα-δόσεων,
1644 5625 1823 5684 paler-

250 5704 441 5739 nurum
474 5689 838 5740 traditionum.

322 5758 399 5818 (.5)
434 5757 531 5810 llic
556 5772 741 5809 rursus
766 5757 856 5810 alii
889 5771 1016 5809 mss.
1058 5756 1458 5827 προσκυνήσεις
1493 5754 1641 5824 αὐτῷ
1676 5770 1688 5782 ·
1728 5753 1819 5809 alii

248 5828 715 5898 προσκυνήσουσιν
732 5827 896 5897 αὐτῷ.

322 5899 399 5970 μ)
442 5894 593 5968 Regii
630 5898 817 5953 tertius
846 5894 899 5953 et
920 5907 1103 5952 sextus
1135 5897 1497 5968 προσκυνήσει
1537 5896 1591 5948 δὲ
1640 5894 1809 5965 αὐτῷ,

1936 4981 2189 5037 Adorabit
2213 4990 2390 5034 autem
2431 4998 2547 5035 eum
2574 4982 2739 5035 omnis
2771 4990 3035 5035 creatura.

2007 5055 2082 5124 (5)
2115 5054 2204 5108 Sic
2231 5069 2364 5106 mss.
2400 5055 2468 5124 At
2494 5053 2659 5106 editio
2693 5051 2866 5106 Paris.
2905 5050 3296 5124 λιτανεῦουσιν.
3334 5047 3504 5124 Ἠσιιιι

1933 5119 2089 5193 longe
2128 5123 2422 5178 Colhertini
2480 5124 2686 5192 primus
2734 5136 2789 5176 et
2847 5134 3033 5193 sextus
3084 5119 3414 5192 μητρόπολις
3447 5119 3503 5193 δὶ

1927 5190 2321 5264 τῆξΧανανίας
2351 5195 2407 5264 ή.
2448 5190 2582 5247 Editi
2617 5208 2744 5247 vero
2772 5209 2891 5246 cum
2921 5190 3103 5247 multis
3138 5190 3269 5245 mss.
3297 5190 3503 5261 μητρό-

1928 5266 2081 5329 πολις
2107 5266 2161 5317 δὲ
2185 5265 2281 5333 τῆς
2321 5264 2540 5317 Χαναὰν
2572 5265 2627 5335 ή.

2001 5340 2076 5406 (6)
2104 5335 2176 5388 Ita
2208 5332 2376 5406 Regii»
2410 5332 2701 5406 secundus.
2735 5332 2947 5395 tertius,
2995 5341 3238 5406 quart_us.
3274 5332 3502 5406 quintus

1930 5417 1983 5460 et
2011 5401 2199 5459 sextus
2229 5423 2241 5457 :
2269 5401 2466 5473 quibus
2499 5404 2655 5472 plane
2679 5406 3023 5457 consentiunt
3053 5414 3101 5456 et
3132 5401 3334 5455 Catena
3365 5402 3498 5455 Cor-

1932 5477 2047 5529 der.
2078 5487 2127 5529 et
2161 5474 2452 5528 Colbertini
2486 5477 2713 5534 primus,
2756 5476 2995 5539 quintus,
3034 5484 3218 5527 sextus
3247 5482 3303 5525 et
3330 5474 3499 5541 septi-

1935 5562 2073 5598 unus.
2120 5545 2253 5598 Ecliti
2282 5560 2407 5597 vero
2438 5545 2509 5596 Τὸ
2546 5543 2637 5596 σὸν
2669 5542 2723 5613 δὲ
2766 5542 3052 5613 πρόσωπον
3086 5542 3502 5613 προσκυνήσουο

1932 5632 2015 5667 σιν
2049 5618 2096 5667 οί
2130 5614 2370 5666 πλούσιοι
2394 5613 2485 5666 τοῦ
2522 5613 2675 5678 λαοῦ,
2706 5611 3107 5667 λιτανεύσουσιν
3132 5611 3193 5667 ⁷ὲν
3214 5611 3425 5678 δώροις.

2004 5686 2079 5754 (7)
2118 5685 2292 5739 Editio
2330 5683 2502 5737 Paris.
2532 5699 2655 5737 cum
2721 5684 2854 5754 licg.
2893 5696 3086 5752 quarto
3130 5694 3182 5739 et
3218 5683 3371 5737 Colb.
3408 5696 3502 5737 se-

1931 5758 2097 5821 ptimo
2132 5754 2432 5824 ὲκαθάρθη.
2467 5754 2644 5825 Editio
2668 5768 2794 5807 vero
2831 5753 2992 5825 Basil.
3027 5765 3083 5825 et
3115 5754 3262 5825 Ilegii
3296 5768 3498 5811 secun-

1928 5828 2026 5881 dus
2051 5836 2103 5882 et
2138 5822 2331 5881 tertius
2360 5822 2481 5879 cum
2509 5822 2667 5881 Colb.
2698 5834 2851 5879 sexto
2882 5823 3158 5900 καθήρθη.
