4260 6500
763 424 857 476 411

2067 416 2123 468 S.
2168 411 2407 464 BASILII
2450 409 2662 461 MAGNI

3888 408 3992 458 M2

759 538 1037 594 obsecuta,
1066 544 1118 585 ct
1149 533 1312 585 oblita
1352 531 1525 600 populi
1570 531 1648 581 sui
1694 540 1745 581 ct
1791 530 1981 580 domus
2018 531 2184 598 patris
2212 528 2315 587 sui,
2345 532 2398 588 Α
2424 543 2441 576 ι

2309 566 2315 586 ,
2345 532 2398 588 Α
2424 525 2666 579 παλαιῶν
2699 524 3039 594 διδαγμάτων
3078 524 3175 595 τῆς
3216 523 3496 597 πονηρίας,
3527 523 3884 580 ῦπακοῦσασα
3918 522 3991 591 τῷ

762 634 944 677 narrat
993 639 1111 693 qua:
1162 626 1329 692 ipsam
1382 632 1626 691 spectant
1679 622 1915 689 Spiritus
1968 633 2207 675 sanctus.
2259 620 2321 672 Et

758 717 1015 785 quoniam
1047 718 1376 771 reconditam
1404 715 1721 768 munditiam
1748 714 1889 766 illius
1911 713 2047 767 vidit
2074 730 2088 767 :
2116 714 2319 775 Omnis,

762 809 957 876 inquit,
984 808 1152 877 gloria
1172 806 1298 873 ﬁlia’
1329 809 1483 874 regis,
1512 808 1561 860 id
1586 817 1689 868 est,
1720 821 1927 874 sponsm
1950 807 2174 869 Christi,
2206 818 2322 873 qua:

763 900 984 952 tandem
1017 912 1111 967 per
1136 897 1477 964 adoptionem
1509 898 1613 950 lilia
1651 898 1790 966 regis
1828 894 2016 951 eﬂ'ecta
2064 899 2152 958 sit,
2182 896 2321 947 intus

762 1001 858 1043 est.
892 988 1189 1043 Hortamur
1219 989 1332 1043 haec
1365 991 1545 1050 verba,
1581 998 1638 1040 ut
1678 988 1743 1042 ad
1778 988 1963 1041 intima
1999 986 2325 1042 ecclesiasti-

763 1096 840 1134 (διε
864 1079 1048 1150 gloria:
1072 1096 1269 1134 arcana
1298 1090 1663 1149 penetremus,
1691 1080 1832 1147 quod
1858 1095 2065 1148 sponsze
2092 1075 2325 1144 pulchri-

766 1178 893 1226 tudo
926 1173 1070 1226 intus
1102 1174 1351 1226 exsistat.
1384 1170 1483 1236 Qui
1518 1171 1661 1223 enim
1710 1184 1769 1224 se
1814 1173 2040 1226 adornat
2078 1168 2221 1220 Patri
2272 1169 2323 1221 in

766 1264 1084 1317 abscondito
1136 1262 1334 1315 videnti
1370 1261 1436 1325 ⁷⁸,
1468 1269 1847 1331 precaturque,
1882 1271 1937 1315 et
1985 1259 2160 1313 omnia
2208 1273 2327 1327 pero

762 1355 899 1425 agit,
934 1370 1039 1408 non
1085 1364 1140 1408 ut
1181 1354 1427 1406 videatur
1462 1354 1529 1407 ab
1560 1353 1867 1407 hominibus
1892 1352 1959 1417 ",
1997 1350 2088 1405 sed
2134 1361 2191 1404 ut
2226 1351 2325 1405 soli

766 1444 873 1499 beo
910 1443 1255 1507 innotescat;
1310 1443 1356 1496 is
1402 1443 1626 1512 perinde
1672 1458 1735 1496 ac
1776 1443 1915 1510 regis
1957 1441 2059 1493 lilia
2104 1440 2324 1509 gloriam

764 1552 979 1590 omnem
1023 1536 1352 1591 intrinsecus
1397 1538 1580 1591 habet.
1608 1536 1743 1600 Quin
1774 1534 1935 1587 etiam
1976 1534 2197 1587 [imbrize
2231 1549 2327 1587 au-

770 1643 875 1683 rea:
923 1629 1121 1699 quibus
1176 1638 1283 1681 tota
1334 1626 1736 1680 circumamicta
1791 1635 1872 1679 est
1919 1640 1982 1680 ac
2031 1626 2327 1695 variegata,

764 1722 911 1774 intus
942 1730 1086 1773 sunt.
1122 1720 1264 1772 Nihil
1303 1732 1518 1787 quzeras
1552 1716 1603 1769 in
1643 1726 1869 1771 externo
1900 1732 2032 1771 auro
2057 1726 2109 1770 et
2137 1731 2328 1784 corpo-

767 1814 865 1865 rali
910 1813 1167 1865 varietate
1218 1852 1229 1864 .
1285 1810 1378 1865 sed
1432 1812 1685 1864 amictum
1733 1812 2016 1879 quemdam
2068 1808 2324 1875 intellige,

2424 617 2729 688 διδάγματι,
2759 619 2851 669 καὶ
2881 615 3244 687 ἐπιλαϐομένη
3272 617 3364 670 τοῦ
3394 614 3520 670 λαοῦ
3552 615 3745 683 αὐτῆς,
3778 618 3872 669 καὶ
3900 614 3989 669 τοῦ

2422 708 2571 763 οἴκου
2609 707 2701 762 τοῦ
2732 707 2933 779 πατρὸς
2961 708 3147 778 αὐτῆς,
3178 707 3442 777 διηγεῖται
3489 708 3556 763 τὰ
3581 707 3707 778 περὶ
3735 711 3903 780 αὐτῆς
3933 712 3991 762 το

2425 802 2647 872 Πνεῦμα
2680 803 2740 855 τὸ
2768 801 2937 871 ἆγιον.
2965 804 3074 855 Καὶ
3103 800 3287 871 ἐπειδὴ
3314 797 3421 854 εἶδε
3450 805 3547 876 τὴν
3582 805 3639 856 ὲν
3662 800 3741 871 τῷ
3768 806 3990 871 κρυπτῷ

2425 895 2789 965 καθαρότητα,
2839 892 3030 957 Πᾶσα,
3086 897 3268 966 φησὶν,
3316 895 3352 961 ἡ
3378 894 3527 958 δόξα
3557 896 3666 965 τῆς
3705 895 3989 962 θυγατρὸς

2424 984 2530 1037 τοῦ
2556 986 2875 1050 βασιλέως,
2917 988 3158 1038 τουτέστι
3193 987 3291 1055 (8),
3344 985 3439 1055 τῆς
3485 987 3718 1057 Χριστοῦ
3752 986 3983 1055 νύμφης.

2423 1079 2521 1144 τῆς
2549 1078 2842 1147 γενομένης
2867 1079 3047 1132 λοιπὸν
3079 1078 3165 1129 διὰ
3192 1080 3291 1149 τῆς
3314 1078 3578 1139 υἱοθεσίας
3607 1078 3875 1149 θυγατρὸς
3897 1077 3984 1128 τοῦ

2427 1165 2706 1236 βασιλέως,
2735 1167 2934 1221 εσωθέν
2960 1172 3093 1221 ἐστι.
3128 1170 3430 1239 Προτρέπει
3461 1172 3488 1221 ὁ
3517 1168 3671 1236 λόγος
3700 1174 3793 1223 ἐπὶ
3812 1172 3879 1223 τὰ
3905 1172 3984 1223 ὲν-

2425 1263 2627 1316 δοτάτω
2666 1263 2859 1331 χωρεῖν
2894 1262 2991 1330 τῆς
3021 1262 3476 1330 ὲκκλησιαστικῆς
3509 1259 3663 1328 δόξης
3697 1263 3982 1332 μυστήρια.

2426 1356 2498 1418 ὡς
2531 1355 2674 1408 ἔνδον
2703 1354 2851 1415 ὄντος
2884 1352 2975 1403 τοῦ
3015 1354 3240 1416 κάλλους
3266 1352 3365 1420 τῆς
3399 1352 3635 1421 νύμφης.
3676 1352 3737 1405 Ὀ
3765 1354 3874 1424 γάρ
3902 1354 3985 1404 εὐ-

2425 1447 2695 1517 τρεπίζων
2744 1446 2933 1498 ἑαυτὸν
2967 1445 3044 1525 τῷ
3072 1448 3244 1517 Πατρὶ
3273 1445 3350 1515 τῷ
3386 1444 3629 1514 βλέποντι
3670 1444 3727 1494 ὲν
3759 1445 3836 1513 τῷ
3861 1463 3985 1515 κρυ-

2428 1538 2564 1607 πτῷ,
2588 1538 2681 1590 καὶ
2705 1536 3149 1607 προσευχόμενος,
3183 1538 3274 1591 καὶ
3297 1535 3471 1588 πάντα
3495 1535 3749 1604 πράσσων
3771 1536 3832 1585 οῦ
3857 1536 3987 1605 προς

2426 1632 2486 1684 τὸ
2526 1630 2782 1699 θεαθῆναι
2836 1633 2945 1693 τοῖς
2988 1628 3310 1700 ἀνθρώποις,
3362 1626 3496 1680 ἀλλὰ
3548 1626 3679 1697 πρὸς
3738 1625 3801 1677 τὸ
3849 1627 3988 1695 μόνῳ

2430 1724 2805 1795 φανερωθῆναι
2838 1722 2986 1792 Θεῷ·
3024 1714 3178 1785 οὗτος
3211 1723 3321 1793 ἔχει
3354 1720 3531 1772 πᾶσαν
3556 1718 3652 1787 τὴν
3684 1717 3841 1782 δόξαν
3868 1718 3989 1769 ἐσω-

2430 1814 2541 1878 θεν,
2572 1816 2646 1877 ὡς
2663 1813 2754 1865 καὶ
2781 1816 2812 1882 ἡ
2839 1810 3083 1881 θυγάτηρ
3104 1810 3196 1862 τοῦ
3228 1809 3503 1881 βασιλέως.
3535 1808 3643 1860 Καὶ
3662 1805 3731 1859 τά
3753 1822 3989 1875 κροσσω-

764 1904 855 1971 qui
895 1904 1092 1974 dignus
1148 1904 1216 1956 sit
1262 1904 1351 1972 qui
1401 1919 1521 1957 cum
1563 1903 1649 1969 qui
1705 1902 1992 1954 secundum
2032 1899 2323 1953 conditoris
2356 1895 2397 1948 Β
2423 1926 2446 1960 τ

2307 1914 2323 1952 5
2356 1895 2397 1948 Β
2423 1909 2492 1962 τὰ
2516 1909 2693 1960 τοίνυν
2724 1905 2789 1958 τὰ
2818 1905 2892 1972 (9)
2916 1905 3108 1972 χρυσᾶ,
3137 1898 3216 1964 οἷς
3260 1901 3642 1973 περιϐέϐληται
3681 1900 3775 1951 καὶ
3808 1898 3989 1951 πεττοῖ-

766 1995 1054 2064 imaginem
1089 2004 1163 2046 est
1200 2003 1447 2054 exornet.
1475 2001 1533 2045 ut
1557 1994 1632 2045 ait
1654 1991 1940 2060 Apostolus
1972 2008 1983 2043 :
2014 1989 2328 2057 Exspolian-

765 2095 841 2137 te:
874 2093 1090 2137 veterem
1118 2083 1408 2147 hominem,
1432 2092 1479 2135 et
1514 2084 1782 2136 induentes
1817 2098 2023 2145 novum,
2052 2082 2141 2151 qui
2175 2098 2328 2135 reno-

764 2186 918 2230 uatur
941 2177 1007 2229 ad
1034 2176 1353 2245 agnitionem
1375 2176 1662 2229 secundum
1694 2177 1941 2228 creatoris
1966 2177 2238 2244 imaginem
2258 2175 2323 2227 ⁸⁸.

775 2265 859 2327 Et,
894 2266 984 2331 qui
1032 2263 1201 2317 induit
1245 2263 1456 2317 Viscera
1502 2266 1899 2327 misericordia,
1938 2266 2323 2331 benignitatem,

767 2356 1136 2420 humilitatem,
1181 2356 1508 2421 patientiam,
1555 2357 2003 2408 mansuetudinem
2038 2355 2105 2419 ⁸¹,
2151 2355 2194 2409 is
2248 2356 2328 2409 in-

768 2447 1034 2499 trinsecus
1068 2446 1297 2499 amictus
1330 2456 1431 2512 est,
1466 2457 1521 2499 et
1556 2448 1847 2500 secundum
1888 2446 2199 2501 interiorem
2232 2448 2329 2501 lto-

766 2538 966 2592 minem
1007 2548 1253 2592 ornatus.
1284 2537 1391 2592 Sed
1425 2547 1478 2592 et
1513 2536 1710 2592 Paulus
1744 2540 2020 2604 admonet,
2053 2550 2111 2592 ut
2141 2539 2329 2592 indua-

768 2644 887 2683 mus
921 2628 1205 2684 Dominum
1232 2628 1421 2683 Jesum
1452 2630 1523 2695 ⁸¹,
1559 2646 1663 2685 non
1704 2630 1996 2684 secundum
2046 2642 2327 2683 externum

770 2721 1065 2784 hominem,
1102 2723 1193 2775 sed
1246 2732 1302 2773 ut
1355 2734 1585 2775 mentem
1638 2731 1877 2774 nostram
1922 2722 2014 2775 Dei
2069 2722 2328 2775 memoria

767 2816 1142 2882 circnmtegat.
1192 2812 1441 2867 Arbitror
1496 2822 1675 2867 autem
1742 2813 2041 2883 spiritalem
2107 2815 2327 2882 praetexi

770 2912 996 2967 vestem,
1031 2917 1150 2955 cum
1198 2903 1341 2957 actio
1382 2904 1640 2958 doctrinae
1675 2907 1835 2959 verbo
1868 2919 2047 2959 comes
2088 2906 2330 2977 adiungi-

770 3004 879 3047 tur.
905 2993 1366 3059 Quemadmodum
1413 2996 1554 3047 enim
1587 2996 1887 3065 corporalis
1916 2998 2077 3051 vestis
2109 2998 2327 3063 texitur,

770 3102 892 3139 cum
929 3088 1243 3156 subtegmen
1281 3086 1569 3140 innectitur
1598 3087 1838 3152 stamiui,
1875 3088 1946 3140 ita
1983 3090 2069 3141 ubi
2105 3091 2326 3141 verbum

772 3177 1070 3245 prmcessit,
1109 3178 1154 3231 si
1200 3179 1357 3231 modo
1408 3178 1646 3233 actiones
1691 3187 2059 3234 consentanea:
2109 3180 2328 3246 subiun-

771 3278 988 3338 gantur,
1014 3269 1424 3323 venustissimus
1447 3271 1670 3325 amictus
1696 3271 1885 3325 anima:
1911 3269 2098 3324 conﬁci
2129 3280 2323 3339 potest,

771 3359 925 3427 cuius
956 3359 1164 3413 scilicet
1191 3360 1295 3412 vita
1342 3375 1407 3413 ex
1439 3364 1751 3431 pricscripto
1782 3364 1995 3417 virtutis
2035 3373 2175 3427 acta,
2211 3380 2329 3418 ser-

775 3465 932 3504 mone
960 3459 1015 3504 et
1040 3465 1203 3520 opere
1228 3454 1579 3519 compleatur.
1614 3454 1862 3507 Fimbria:
1893 3467 2067 3509 autem
2104 3459 2333 3525 pendent

772 3557 802 3595 a
848 3543 1070 3607 vestitu,
1103 3545 1411 3613 spirituales
1460 3556 1513 3598 et
1551 3547 1629 3598 liae
1669 3546 1815 3611 ipsae,
1852 3549 1919 3599 ob
1956 3549 2113 3617 idque
2156 3566 2333 3604 aurea:

773 3650 893 3690 esse
941 3636 1214 3690 dicuntur.
1269 3635 1533 3701 Quoniam
1586 3651 1717 3689 sane
1768 3637 1989 3690 verbum
2038 3640 2208 3708 majus
2251 3652 2334 3695 est

773 3742 962 3796 opere,
1004 3728 1205 3783 idcirco
1232 3738 1313 3783 est
1346 3729 1489 3783 velut
1525 3727 1730 3781 limbria
1758 3731 2000 3798 quamdam
2030 3744 2058 3782 a
2120 3740 2331 3786 textura

779 3820 846 3872 ad
873 3820 1137 3875 actionem
1171 3821 1495 3875 redundans.
1551 3821 1862 3889 Sequuntur
1909 3832 2084 3875 autem
2124 3822 2332 3876 Domini

777 3925 1031 3977 sponsam
1068 3910 1263 3964 anima:
1286 3912 1546 3979 quaedam,
1577 3926 1693 3978 qua:
1714 3911 2008 3965 ‘seminibus
2034 3912 2332 3964 alienarum

781 4003 1150 4055 doctrinarum
1187 4003 1328 4056 haud
1376 4006 1664 4073 susceptis,
1711 4004 2037 4057 adducentur
2095 4005 2226 4073 regi,
2255 4018 2335 4057 se-

782 4102 1009 4159 quentes
1034 4106 1309 4159 sponsam.
1352 4095 1455 4147 Sed
1484 4106 1537 4149 et
1564 4097 1785 4150 audiant
1825 4111 1944 4164 qua:
1976 4097 2333 4166 virginitatem

787 4182 1011 4235 Domino
1044 4189 1324 4245 voverunt,
1360 4185 1501 4250 quod
1535 4185 1770 4253 virgines
1812 4188 1920 4254 regi
1953 4188 2289 4241 adducentur
2320 4204 2335 4253 ;

783 4275 1036 4341 virgines,
1063 4274 1301 4343 inquam,
1334 4290 1449 4343 quae
1482 4276 1737 4343 proximae
1765 4287 1888 4329 sunt
1921 4278 2197 4344 Ecclesiae,
2222 4295 2340 4348 qua?

784 4378 904 4437 post
934 4368 1101 4437 ipsam
1128 4377 1445 4437 sequuntur,
1478 4383 1575 4423 nec
1598 4368 1849 4423 aberrant
1879 4369 1946 4422 ab
1970 4370 2337 4425 ecclesiastica

786 4458 1090 4526 disciplina.
1115 4457 1277 4512 Vens.
1300 4457 1384 4511 16.
1421 4459 1758 4511 Adducentur
1786 4458 1943 4528 169
1979 4468 2151 4511 autem
2176 4460 2340 4528 virgi-

2427 1999 2604 2052 κιλται
2637 1997 2753 2069 ὅλη,
2792 1994 3009 2049 ἔσωθεν.
3046 1993 3226 2063 Μηδὲν
3269 1993 3419 2060 ζήτει
3465 1995 3521 2047 ὲν
3560 1991 3636 2060 τῷ
3669 1991 3771 2057 ἔξω
3811 1989 3991 2060 χρυσῴ

2426 2092 2519 2144 καὶ
2542 2094 2606 2159 τῇ
2638 2091 2915 2159 σωματικῇ
2954 2086 3191 2155 ποικιλίᾳ
3211 2101 3223 2115 ο
3255 2084 3387 2137 ἀλλὰ
3421 2083 3707 2153 περιϐολὴν
3734 2084 3840 2133 νόει
3876 2082 3993 2131 τινα

2426 2182 2578 2247 ἀξίαν
2624 2181 2903 2250 κοσμῆσαι
2944 2181 3031 2232 τὸν
3068 2180 3186 2230 κατ’
3218 2176 3409 2229 εἰκόνα.
3436 2175 3526 2227 τοῦ
3568 2174 3867 2235 κτίσαντος,
3919 2172 3992 2233 ὣς

2427 2291 2591 2345 φησιν
2636 2275 2663 2324 ό
2702 2272 3052 2334 Ἀτόστολος·
3116 2268 3538 2338 Ἐκόυσόμενοι
3581 2268 3687 2319 τὸν
3735 2265 3995 2318 παλαιέγ

2422 2366 2755 2433 ἄνθρωπον,
2806 2363 2903 2415 καὶ
2947 2360 3343 2432 ἐνδυσάμενοι
3383 2361 3490 2414 τόν
3525 2359 3685 2424 νέον,
3712 2362 3821 2413 τὸν
3855 2359 3994 2411 dra-

2426 2458 2820 2525 καινούμενον
2865 2458 2954 2519 εἰς
2982 2457 3308 2523 ἐπίγνωσιν
3347 2456 3472 2507 κατ’
3499 2454 3700 2506 εἰκόνα
3743 2451 3848 2503 τοῦ
3874 2451 3992 2501 κτί-

2425 2566 2671 2613 σαντος.
2720 2548 2828 2600 Καὶ
2864 2551 2891 2601 ό
2927 2549 3279 2616 ἐνδυσάμενος
3308 2547 3363 2598 δὲ
3396 2546 3506 2615 (10)
3558 2542 3885 2611 Σπλάγχνα
3921 2544 3995 2594 cl-

2426 2640 2691 2707 κτιρμοῦ,
2725 2642 3122 2707 χρηστότητα,
3157 2636 3733 2704 ταπεινοφροσύνην,
3775 2649 3994 2701 paxpe-

2427 2732 2665 2798 θυμίαν,
2696 2730 3018 2796 πραότητα,
3072 2726 3278 2780 ἔνδοθεν
3335 2724 3737 2798 περιϐέϐληται,
3768 2724 3863 2777 καὶ
3909 2724 3993 2774 τὸν

2428 2823 2535 2876 ἔσω
2562 2823 2842 2894 ἄνθρωπον
2864 2822 3214 2895 κεκόσμηται.
3244 2820 3401 2874 Καὶὸ
3429 2819 3637 2881 Παῦλος
3664 2818 3721 2870 δὲ
3746 2817 3995 2886 παραινεῖ

2430 2913 2745 2966 ἐνδύσασθαι
2775 2912 2883 2983 (li)
2915 2913 3002 2965 τὸν
3028 2913 3228 2983 Κύριον
3268 2911 3492 2982 Ἰησοῦν,
3521 2911 3580 2963 οὐ
3614 2909 3751 2961 κατὰ
3783 2909 3871 2958 τὸν
3896 2906 3994 2967 ἔξω

2430 3006 2732 3075 ἄνθρωπον,
2762 3006 2877 3057 ἀλλ’
2903 3006 2985 3055 ἵνα
3012 3005 3102 3055 τὸν
3136 3005 3259 3055 νοῦν
3284 3003 3436 3072 ἡμῶν
3462 3006 3493 3071 ἡ
3523 3001 3613 3053 τοῦ
3641 2998 3772 3051 Θεοῦ
3811 2999 3992 3067 μνήμη

2430 3093 2829 3165 περισκεπάξῃ.
2906 3091 3070 3161 Οἶμαι
3136 3093 3191 3143 δὲ
3247 3094 3307 3143 τὸ
3360 3089 3726 3158 πνευματικὸν
3786 3088 3997 3156 ἱμάτιον

2430 3187 2824 3256 ὲξυφαίνεσθαι,
2867 3189 2992 3239 ὅταν
3038 3187 3115 3257 τῷ
3162 3184 3448 3253 διδακτικῷ
3479 3183 3619 3253 λόγῳ
3651 3184 3682 3253 ἡ
3716 3182 3996 3242 ἀκόλουθος

2431 3278 2790 3349 ἐπιπλέκηται
2836 3268 3051 3347 πρᾶξιςζ
3102 3276 3309 3345 Ὥσπερ
3354 3274 3463 3344 γὰρ
3504 3273 3581 3343 τῷ
3625 3274 3849 3343 στήμονι
3904 3271 3997 3337 τῆς

2433 3371 2636 3442 κρόκης
2657 3369 3087 3439 ὲπιπλεκομένης
3102 3368 3162 3421 τὸ
3196 3366 3502 3437 σωματικὸν
3535 3364 3745 3435 ἱμάτιον
3779 3363 3996 3430 ἐξυφαί-

2434 3479 2611 3516 νεται·
2642 3462 2785 3515 οὕτω
2814 3462 2904 3513 τοῦ
2939 3460 3097 3528 λόγου
3132 3457 3565 3531 προῦφεστῶτος,
3606 3460 3655 3509 εἰ
3696 3453 3997 3514 ἀκολούθως

2436 3555 2491 3607 αἱ
2520 3552 2743 3622 πράξεις
2776 3553 3082 3621 ἐπάγοιντο,
3118 3550 3416 3620 σεμνοτάτη
3451 3566 3532 3611 τις
3572 3548 3635 3599 ἂν
3669 3547 3879 3613 γένοιτο
3910 3562 3998 3596 πε-

2438 3643 2623 3715 ριϐολὴ
2673 3644 2772 3712 τῆς
2813 3644 3009 3713 ψυχῆς,
3046 3643 3185 3711 λόγῳ
3221 3642 3313 3694 καὶ
3355 3640 3499 3710 ἔργῳ
3530 3638 3619 3688 τὸν
3657 3637 3776 3689 κατ’
3802 3637 3997 3706 ἀρετὴν

2440 3735 2550 3804 βίον
2592 3734 3129 3805 συμπεπληρωμένον
3167 3732 3411 3800 ἐχούσης.
3446 3730 3682 3799 Κροσσοί
3714 3728 3770 3780 δὲ
3799 3729 4001 3779 ἀπαιω-

2441 3825 2656 3895 ροῦνται
2713 3822 2802 3877 τοῦ
2862 3825 3095 3893 ἱματίου,
3144 3824 3324 3892 νοητοὶ
3379 3822 3472 3873 καὶ
3517 3812 3694 3871 οὗτοι·
3762 3818 3844 3870 διὸ
3911 3820 4000 3870 καὶ

2438 3918 2627 3985 χρυσοῖ
2672 3912 2807 3966 εἶναι
2856 3914 3119 3981 λέγονται.
3178 3912 3501 3981 Ἐπειδήττερ
3544 3913 3572 3962 ό
3601 3910 3757 3977 λόγος
3804 3908 3999 3961 πλείων

2438 4007 2555 4059 ἐστὶ
2596 4006 2689 4059 τοῦ
2746 4006 2928 4077 ἔργου,
2961 4006 3122 4058 οἱονεὶ
3164 4004 3391 4074 κροσσός
3424 4004 3507 4066 τίς
3562 4004 3710 4054 ἐστιν
3758 4002 3864 4054 ἀπὸ
3909 4001 3999 4052 τοῦ

2440 4100 2575 4170 πρὸς
2602 4100 2700 4169 τὴν
2743 4095 2937 4167 πρᾶξιν
2979 4098 3292 4167 ὑφάσματος
3338 4093 3697 4167 περισσεὺων.
3739 4093 3999 4145 ’Ἐπονται

2442 4192 2497 4245 δὲ
2535 4194 2598 4262 τῇ
2632 4191 2819 4263 νύμφῃ
2860 4190 2952 4243 τοῦ
2986 4189 3187 4261 Κυρίου
3221 4188 3388 4257 ψυχαί
3422 4204 3584 4249 τινες,
3616 4188 3670 4239 αί
3715 4186 3788 4256 μὴ
3824 4202 3999 4254 παρα-

2442 4282 2730 4352 δεξάμεναι
2770 4281 3053 4351 σπέρματα
3088 4280 3195 4349 (i2)
3242 4279 3412 4347 λόγων
3458 4277 3773 4347 ἀλλοτρίων,
3807 4276 4000 4334 αἵτινες

2444 4373 2900 4442 ἁπενεχθήσονται
2944 4371 3019 4440 τῷ
3067 4372 3303 4440 βασιλεῖ,
3346 4369 3730 4423 ἀκολουθοῦσαι
3878 4367 4001 4433 νύμο

2444 4480 2538 4535 φη.
2578 4464 2947 4514 Ἀκουέτωσαν
2980 4463 3035 4513 δὲ
3070 4462 3161 4514 καὶ
3192 4464 3246 4512 αἱ
3285 4460 3381 4531 τὴν
3414 4461 3706 4529 παρθενίαν
3740 4456 4001 4523 ἐπαγγελ-

788 4564 883 4603 nes
926 4549 978 4601 in
1018 4549 1200 4603 latitia
1226 4561 1271 4603 et
1304 4550 1674 4614 exsultatione,
1716 4550 1971 4603 ducentur
2004 4551 2058 4603 in
2092 4552 2337 4620 templum
2372 4577 2413 4632 υ
2443 4554 2470 4605 λ

2314 4567 2337 4601 ιι
2372 4577 2413 4632 D
2443 4554 2661 4623 λόμεναι
2693 4553 2768 4623 τῷ
2798 4554 3004 4623 Κυρίῳ,
3031 4554 3111 4605 ὃτι
3140 4553 3393 4623 παρθένοι
3422 4549 3881 4619 ἁπενεχθὴσονται
3923 4546 3996 4613 τῷ

789 4643 943 4709 regis.
977 4640 1090 4696 Non
1115 4655 1233 4705 quae
1265 4652 1465 4697 coactae
1494 4641 1854 4712 virginitatem
1886 4642 2188 4706 subierunt,
2230 4658 2334 4695 non

787 4746 907 4799 qua:
941 4747 1005 4785 ex
1035 4733 1250 4786 tristitia
1280 4742 1373 4786 aut
1404 4734 1727 4789 necessitate
1766 4742 1969 4788 castam
2000 4733 2163 4786 vitam
2214 4740 2341 4785 sunt

791 4822 1045 4891 atnplcxa:
1070 4842 1083 4876 ε
1118 4827 1211 4877 sed
1229 4839 1349 4892 qua:
1378 4826 1429 4878 in
1458 4825 1637 4879 ltetitia
1657 4834 1709 4879 et
1736 4825 2092 4879 exsultatione
2116 4826 2183 4879 ob
2213 4839 2342 4893 prte-

786 4915 994 4968 elarum
1023 4914 1123 4969 hoc
1163 4916 1371 4968 facinus
1413 4918 1668 4984 gaudent,
1720 4917 1799 4970 ha:
1834 4917 2170 4970 adducentur
2204 4916 2340 4982 regi,

789 5009 1159 5077 ducentnrque
1202 5022 1308 5061 non
1360 5007 1412 5059 in
1466 5007 1737 5074 vulgarem
1769 5008 1966 5074 locum,
2002 5008 2092 5062 sed
2128 5008 2178 5061 in
2208 5016 2345 5061 tem-

789 5099 932 5168 plum
991 5100 1157 5167 regis.
1192 5099 1321 5153 Nam
1354 5114 1479 5154 vasa
1510 5114 1689 5164 sacra,
1723 5116 1845 5170 quae
1892 5115 1996 5154 non
2044 5099 2347 5169 inquinavit

868 5300 913 5330 τ·
949 5297 1139 5352 Matth.
1173 5313 1245 5365 vr,
1276 5297 1335 5363 4,
1370 5297 1422 5351 6.
1497 5297 1541 5330 τ’
1576 5296 1704 5351 ibid.
1737 5298 1789 5353 1.

863 5452 929 5526 (8)
956 5453 1149 5526 Totum
1170 5454 1322 5518 illud,
1344 5454 1442 5525 τῆς
1469 5454 1735 5525 θυγατρὸς
1758 5453 1852 5506 τοῦ
1875 5453 2162 5523 βασιλέως,
2193 5470 2346 5506 τουτ-

790 5525 925 5586 έστι,
968 5525 1019 5576 ἰιι
1050 5527 1250 5579 nostris
1284 5537 1485 5592 septem
1519 5541 1645 5576 mss.
1680 5526 2041 5578 desideratur.

862 5596 934 5663 (9)
968 5596 1059 5647 Sic
1089 5610 1218 5648 mss.
1247 5597 1506 5662 quinque.
1537 5593 1676 5645 Editi
1718 5594 2001 5663 κροσσωτὰ
2028 5594 2083 5647 δὲ
2117 5594 2201 5646 τά.

864 5666 972 5733 (10)
1003 5667 1074 5717 Ita
1134 5664 1284 5733 Regii
1335 5666 1623 5724 secundus,
1656 5675 1881 5733 qitartus
1924 5676 1977 5715 et
2022 5675 2205 5716 sextus
2230 5678 2350 5714 cum

790 5731 1112 5789 Colbe’rtinis
1151 5731 1305 5787 seito
1355 5748 1410 5786 et
1470 5735 1717 5802 septimo.
1755 5731 1949 5785 Vocula
2003 5733 2061 5784 δέ
2114 5738 2265 5785 deest
2302 5735 2351 5783 in

786 5806 971 5860 editis.
1038 5804 1235 5859 Ibidem
1283 5804 1412 5858 editi
1471 5814 1524 5859 ct
1572 5804 1807 5872 quinque
1861 5820 1990 5859 mss.
2039 5802 2350 5873 οἰκτιρμοῦ.

1865 5297 1909 5329 ⁸⁸
1936 5296 2094 5351 Colns
2125 5312 2205 5361 ιιι,
2235 5297 2289 5362 9,
2326 5296 2412 5351 10.

2446 4643 2681 4714 βασιλεῖ’
2717 4644 2973 4714 παρθένοι
2999 4643 3075 4705 δὲ,
3109 4644 3162 4695 αἱ
3198 4642 3418 4712 πλησίον
3449 4637 3603 4693 οὖσαι
3632 4639 3732 4707 τῆς
3778 4637 4001 4706 Ἐκκλη-

2446 4736 2587 4798 σίας,
2627 4737 2681 4787 αἱ
2708 4735 2880 4788 ὀπίσω
2910 4734 3077 4804 αὐτῆς
3123 4734 3401 4803 ἑπόμεναι,
3432 4733 3524 4785 καὶ
3560 4731 3634 4801 μὴ
3681 4729 3998 4782 ἀποπλανώ-

2450 4845 2606 4899 μεναι
2640 4826 2739 4896 τῆς
2770 4826 3223 4895 ὲκκλησιαστικῆς
3246 4824 3512 4888 εὐταξίας.
3548 4822 4001 4890 Ἀπενεχθήσον-

2447 4935 2541 4970 ται
2584 4914 2651 4968 δὲ
2688 4916 2743 4968 αἱ
2784 4915 3038 4986 παρθένοι
3080 4915 3148 4967 ἐν
3202 4915 3546 4983 εὐφροσύνῃ
3579 4930 3676 4965 και
3720 4910 3999 4982 ἀγαλλιά-

2447 5026 2562 5071 σει,
2587 5008 2957 5075 ἁχθήσοντίιι
2994 5010 3079 5072 εἰς
3109 5006 3257 5060 ναὸν
3282 5005 3604 5071 βασιλέως.
3632 5006 3746 5075 Οὐχ
3774 5008 3830 5058 αἱ
3875 5022 4000 5057 κατ-

2448 5100 2878 5171 ηναγκασμένως
2930 5098 3250 5151 ὑπελθοῦσαι
3289 5099 3385 5169 τὴν
3430 5097 3746 5169 παρθενίαν,
3791 5097 3909 5150 οὐδὲ
3949 5096 4000 5147 αὶ

2486 5297 2530 5327 ⁸¹
2567 5297 2694 5351 ibid.
2729 5298 2811 5349 12.
2886 5296 2931 5328 θ’
2964 5294 3119 5351 Rom.
3153 5313 3270 5361 χιιι,
3303 5297 3389 5351 14.

2457 5453 2846 5527 Βεε.μ2μ(ιιιιη
2903 5454 3117 5527 vulgato
3166 5465 3320 5527 textu
3373 5455 3562 5511 Graeco
3622 5456 3936 5527 οἰκτιρμῶν.

2528 5524 2638 5591 (11)
2673 5524 2762 5575 Sic
2798 5523 2947 5592 Regii
2979 5524 3268 5589 secundus,
3297 5537 3523 5594 quartus
3553 5537 3605 5578 ct
3643 5523 3829 5579 sextus
3860 5540 4003 5592 a-qne

2458 5609 2521 5647 ac
2570 5594 2859 5664 Colliertini
2919 5594 3147 5660 primus,
3191 5605 3375 5648 sextus
3420 5608 3474 5649 et
3536 5598 3818 5664 septimus.
3870 5597 4001 5650 Editi

2454 5680 2580 5716 vero
2615 5680 2735 5713 cum
2769 5662 2897 5728 Reg.
2936 5666 3125 5732 quinto
3152 5664 3463 5719 ἐνδύσασθε.

2522 5732 2633 5799 (12)
2666 5733 2804 5815 E'oliti
2828 5750 2947 5785 cum
2980 5749 3084 5787 uno
3112 5746 3204 5788 ant
3231 5736 3397 5790 altero
3423 5752 3519 5790 ms.
3554 5735 3791 5807 σπέρμα.
3826 5736 3886 5788 At
3910 5750 4001 5789 sex

2457 5819 2586 5857 n‘ss.
2617 5819 2926 5873 σπερματα.
