4260 6520
282 477 391 529 H3

1378 472 1654 528 llOMlLM
1700 473 1766 526 IN
1801 473 2124 529 PSALMUM
2150 470 2330 527 XLIV.

3417 484 3520 536 ιιι

281 597 350 646 ἐκ
392 592 565 662 λύπης
610 593 642 664 ἢ
679 591 738 656 ἐξ
784 593 1027 664 ἀνάγκης
1071 594 1494 664 καταδεξάμεναι
1537 594 1629 647 τὸν
1662 595 1852 664 σεμνὸν
1882 596 1963 659 ΑΙ

1833 614 1852 647 ν
1882 606 1926 659 Α
1957 596 2220 649 humanus
2250 609 2396 662 usus,
2429 594 2482 648 in
2510 607 2699 650 sancta
2733 607 3042 652 sanctorum
3079 598 3515 660 introducentm-,

282 687 421 757 βίον,
461 686 574 739 ἀλλ’
612 687 671 737 αἱ
705 687 762 737 ἐν
793 686 1094 758 εὐφροσύνῃ
1143 687 1235 738 καὶ
1281 687 1597 754 ἀγαλλιάσει
1641 688 1732 740 ἐπὶ
1775 687 1850 757 τῷ

281 778 510 849 τοιούτῳ
573 776 949 848 κατορθώματι
1014 777 1298 847 χαίρουσαι
1349 779 1494 849 (15),
1538 771 1697 831 αὗται
1747 778 1850 829 ἀπ-

281 870 660 942 ενεχθήσονται
692 869 769 938 τῷ
805 869 1027 939 βασιλεῖ,
1059 869 1150 921 καὶ
1171 868 1496 939 ἀχθήσονται
1530 870 1630 922 οὐκ
1658 869 1738 931 εἰς
1761 867 1850 921 τὸν

281 961 513 1031 τυχόντα
534 960 717 1027 τόπον,
745 959 857 1012 ἀλλ’
901 960 979 1022 είς
1007 959 1097 1012 τὸν
1142 958 1270 1013 ναὸν
1314 960 1408 1012 τοῦ
1449 960 1728 1030 βασιλέως.
1769 958 1849 1012 Τά

281 1055 392 1124 γὰρ
451 1051 698 1124 ἱερατικά
751 1051 953 1120 σκεύη,
1003 1051 1038 1106 ἃ
1075 1052 1174 1105 οὐκ
1224 1052 1481 1122 ἐμόλυνεν
1537 1051 1847 1122 ἀνθρωπίνη

281 1146 497 1215 χρῆσις,
529 1147 607 1205 εἰς
651 1144 716 1197 τά
750 1143 881 1212 ἅγια
922 1143 1030 1196 τῶν
1059 1144 1225 1212 ἁγίων
1264 1144 1719 1215 εἰσενεχθήσεται,
1754 1144 1850 1197 καὶ

281 1238 530 1301 ἐξουσίαν
570 1236 678 1303 ἕξει
709 1237 806 1308 τῆς
846 1238 926 1298 είς
970 1237 1038 1290 τά
1085 1237 1253 1290 ἄδυτα
1286 1237 1540 1308 παρόδου,
1580 1237 1715 1288 ὅπου
1764 1235 1852 1306 βέ-

1956 687 2142 756 eisque
2166 688 2348 742 licebit
2387 688 2452 741 ad
2475 689 2631 758 adyta
2659 693 2940 757 accedere,
2972 691 3061 746 ubi
3105 692 3311 761 profani
3351 699 3516 762 ρειιοις

1957 794 2063 833 non
2097 779 2467 834 ambulabunt.
2501 781 2709 847 Quanta
2737 793 2914 837 autem
2959 798 3044 839 res
3082 785 3153 838 sit
3183 785 3234 837 in
3264 788 3515 852 templum

1958 870 2102 940 regis
2141 872 2353 940 adduci,
2382 872 2647 942 Propheta
2699 874 2811 944 ipse
2857 876 3117 939 ostendit,
3165 891 3262 944 pro
3312 891 3370 930 se
3405 877 3518 945 ipso

1954 977 2117 1017 orans
2145 978 2210 1019 ac
2233 965 2416 1020 dicens
2430 965 2508 1019 “z
2535 964 2705 1019 Unam
2727 967 2850 1033 petii
2867 966 3163 1033 a.Domino,
3185 968 3317 1020 hanc
3349 969 3517 1034 requi-

1955 1071 2068 1108 ram
2093 1071 2112 1109 :
2139 1066 2193 1110 ut
2215 1057 2498 1111 inhabilem
2526 1058 2582 1111 in
2609 1060 2766 1112 domo
2789 1058 2998 1112 Domini
3046 1060 3285 1113 omnibus
3332 1061 3512 1112 diebus

1954 1149 2074 1203 vitae
2101 1166 2264 1215 mea;
2289 1161 2344 1203 ut
2376 1152 2580 1206 videam
2606 1152 2918 1221 voluptatem
2965 1151 3197 1218 Domini,
3235 1163 3282 1204 et
3315 1153 3514 1206 visitem

1955 1240 2201 1308 templum
2227 1242 2362 1313 ejus.

280 1328 436 1398 6η).οι
475 1328 631 1389 πόδες
657 1327 716 1379 οὺ
746 1328 1222 1398 περιπατήσουσιν.
1261 1328 1471 1382 Ἦλίκον
1502 1327 1558 1380 δέ
1589 1328 1706 1380 ἐστι
1746 1328 1808 1380 τὸ
1844 1326 2072 1398 ἀχθῆναι
2103 1333 2184 1395 είς
2215 1334 2337 1386 ναὸν
2372 1334 2654 1405 βασιλέως,
2684 1336 2712 1387 ὁ
2744 1335 3032 1406 Προφήτης
3060 1334 3346 1397 δείκνυσιν,
3373 1334 3514 1402 ὑπὲρ

278 1418 473 1473 ἑαυτοῦ
508 1418 947 1490 προσευχόμενος
989 1421 1083 1472 καὶ
1146 1419 1350 1487 λέγων’
1389 1420 1548 1472 Μίαν
1584 1418 1910 1488 ᾐτησάμην
1947 1422 2107 1490 παρὰ
2147 1426 2390 1493 Κυρίου,
2432 1428 2657 1493 ταύτην
2694 1424 2955 1492 ζητήσω·
2998 1426 3063 1477 τὸ
3111 1424 3404 1479 κατοικεῖν
3436 1444 3512 1494 με

275 1523 347 1570 ἐν
371 1517 514 1581 οἴκῳ
541 1515 760 1583 Κυρίου
785 1514 987 1581 πάσας
1016 1515 1122 1581 τὰς
1153 1513 1376 1583 ἡμέρας
1396 1513 1506 1584 τῆς
1532 1513 1680 1583 ζωῆς
1701 1533 1841 1585 μου,
1880 1516 1986 1570 τοῦ
2051 1519 2289 1587 θεωρεῖν
2341 1538 2419 1590 με
2451 1521 2562 1592 (14)
2595 1520 2706 1589 τὴν
2740 1520 3102 1589 τερπνότητα
3130 1520 3374 1587 Κυρίου,
3413 1519 3511 1571 καὶ

275 1611 742 1665 ἐπισκέπτεσθαι
765 1610 871 1664 τὸν
897 1610 1047 1664 ναὸν
1071 1608 1280 1663 αὐτοῦ.

352 1704 438 1757 12.
483 1705 628 1758 Ἀντί
664 1703 782 1758 τῶν
825 1704 1092 1771 πατέρων
1133 1717 1251 1758 σου
1296 1703 1712 1776 ἐγεννήθησαν
1738 1707 1847 1777 (15)

275 1801 329 1850 οι
373 1797 489 1849 υἱοί
528 1811 678 1851 σουο
719 1795 1118 1863 καταστήσεις
1158 1798 1380 1864 αὐτοὺς
1417 1798 1709 1868 ἄρχοντας
1749 1800 1846 1853 ἐπὶ

2022 1707 2109 1762 12.
2136 1706 2298 1760 Vsus.
2327 1704 2412 1758 17.
2446 1703 2556 1757 Pro
2585 1702 2820 1771 patribus
2851 1702 2955 1755 tuis
2988 1701 3097 1755 nati
3129 1710 3246 1754 sunt
3268 1700 3369 1767 ﬁlii
3393 1701 3470 1752 tui
3495 1716 3512 1751 :

1953 1799 2230 1853 conuitues
2243 1814 2326 1850 eos
2340 1797 2594 1866 principes
2621 1811 2775 1862 super
2796 1812 2993 1848 omnem
3019 1803 3232 1847 terram.
3264 1793 3514 1859 Quando-

275 1885 486 1942 πᾶσαν
503 1888 615 1956 τὴν
626 1886 754 1958 γῆν.
773 1889 986 1960 Ἐπειδὴ
1006 1891 1116 1944 ἀνω
1138 1892 1479 1963 προσετάχθη
1504 1891 1846 1944 ἐπιλαθέσθαι
1881 1941 1918 1963 η
1951 1914 1957 1941 ι

1831 1908 1846 1942 ι
1881 1941 1918 1963 η
1951 1892 2166 1961 quidem
2210 1905 2371 1959 supra
2408 1898 2733 1958 praeceptum
2787 1898 2873 1941 est
2902 1888 2949 1941 ei
2998 1897 3055 1941 ut
3100 1887 3512 1940 oblivisceretur

274 1977 371 2030 τοῦ
411 1979 558 2043 λαοῦ,
600 1979 692 2030 καὶ
729 1978 822 2032 τοῦ
852 1979 1001 2034 οἴκου
1049 1981 1142 2035 τοῦ
1194 1986 1433 2055 πατρὸς,
1475 1985 1555 2047 είς
1581 1983 1845 2036 ἀντίδοσιν

275 2071 376 2140 τῆς
406 2072 649 2142 ὑπακοῆς
681 2070 776 2124 νῦν
813 2073 933 2126 ἀντὶ
960 2071 1066 2127 τῶν
1096 2075 1346 2146 πατέρων
1379 2075 1641 2145 λαμϐάνει
1675 2075 1844 2139 υἱοὺς,

275 2163 335 2213 ἐν
389 2161 724 2231 τηλικούτοις
775 2162 1046 2234 ἀξιώμασι
1090 2165 1516 2236 διαπρέποντας,
1563 2164 1702 2218 ὥστε
1745 2183 1847 2220 κα-

272 2252 536 2322 ταστῆναι
575 2253 684 2324 (16)
732 2256 927 2319 αὐτοὺς
979 2257 1274 2326 ἄρχοντας
1318 2258 1414 2311 ἐπὶ
1471 2257 1676 2313 πᾶσαν
1734 2258 1848 2326 τὴν

273 2343 411 2412 γῆν.
463 2345 614 2409 Τίνες
667 2343 760 2400 οὖν
807 2348 857 2400 οἱ
900 2348 1006 2402 υἱοὶ
1051 2350 1148 2418 τῆς
1204 2350 1561 2421 Ἐκκλησίας;
1597 2352 1751 2402 Ἤτοι
1795 2353 1844 2403 οἱ

273 2437 382 2489 υἱοί
431 2438 522 2490 τοῦ
571 2440 924 2509 Εὐαγγελίου,
973 2442 1020 2493 ol
1055 2441 1234 2510 πάσης
1279 2442 1378 2510 τῆς
1422 2443 1525 2511 γῆς
1559 2441 1838 2513 ἄρξαντες.

274 2530 384 2594 Εἰς
419 2528 625 2584 πᾶσαν
651 2531 779 2604 γάρ,
815 2532 969 2600 φησὶ,
997 2531 1109 2599 τὴν
1138 2531 1500 2601 οἰκουμένην
1530 2531 1784 2601 ἐξῆλθεν
1813 2536 1845 2587 ό

271 2623 535 2692 φθόγγος
563 2624 789 2677 αὐτῶν
822 2625 942 2689 καὶ,
975 2624 1462 2692 Καθεσθήσονται
1490 2627 1587 2679 ἐπὶ
1618 2625 1845 2679 δώδεκα

274 2715 558 2782 θρόνους,
597 2717 695 2769 καὶ
748 2716 1022 2784 κρινοῦσι
1067 2718 1172 2784 τὰς
1213 2716 1440 2772 δώδεκα
1486 2717 1683 2786 φυλὰς
1737 2718 1843 2771 τοῦ

287 2807 557 2872 Ἰσραήλ.
611 2806 732 2860 Ἐάν
777 2808 833 2861 δέ
886 2825 970 2872 τις
1022 2812 1261 2881 πατέρας
1299 2810 1396 2880 τῆς
1440 2807 1656 2880 νύμφης
1707 2809 1845 2882 λάϐῃ

271 2896 404 2957 τοὺς
431 2897 791 2968 πατριάρχας,
835 2898 929 2952 καὶ
953 2899 1124 2962 οὕτως
1155 2902 1183 2952 ὁ
1208 2899 1362 2968 λόγος
1391 2900 1497 2953 τῶν
1533 2901 1844 2954 ἀποστόλων

271 2987 338 3038 οὐ
369 2986 663 3041 διαπίπτει.
702 2989 846 3042 Ἀντὶ
891 2988 1000 3060 γὰρ
1042 2989 1264 3043 ἐκείνων
1309 2991 1672 3058 ἐγεννήθησαν
1706 2990 1841 3059 αὐτῇ

273 3078 383 3130 υἱοὶ
423 3078 509 3131 διὰ
552 3080 645 3132 τοῦ
695 3080 963 3152 Χριστοῦ,
1003 3084 1052 3134 οἱ
1110 3081 1387 3142 ποιοῦντες
1444 3080 1510 3132 τὰ
1557 3081 1694 3148 ἔργα
1750 3079 1841 3132 τοῦ

286 3168 568 3240 Ἀϐραάμ·
617 3173 709 3224 καὶ
754 3171 839 3223 διὰ
883 3171 1036 3223 τοῦτο
1084 3172 1311 3240 ἰσότιμοι
1347 3170 1528 3233 αὐτοῖς
1572 3173 1842 3243 χρηματί-

1948 1984 2126 2054 populi
2163 1992 2216 2036 et
2246 1985 2436 2037 domus
2468 1983 2658 2051 patris,
2690 1981 2741 2033 in
2770 1980 3092 2034 obedientize
3115 1978 3510 2032 remuneratio-

1948 2093 2068 2131 nem
2099 2092 2240 2130 nunc
2278 2091 2376 2142 pro
2403 2075 2649 2144 patrihus
2677 2073 2876 2142 accipit
2906 2073 3045 2126 ﬁlios
3084 2073 3244 2125 tantis
3276 2073 3510 2140 dignita-

1947 2168 2093 2222 tibus
2145 2167 2456 2234 insignitas,
2518 2176 2576 2219 ut
2631 2166 3025 2219 constituantur
3070 2162 3329 2230 principes
3358 2179 3514 2227 super

1946 2273 2147 2311 omnem
2177 2265 2389 2308 terram.
2421 2256 2520 2321 Qui
2545 2266 2668 2308 sunt
2711 2255 2875 2323 igitur
2902 2253 3158 2307 Ecclesia:
3192 2254 3318 2306 lilii?
3343 2252 3507 2306 Nimi-

1947 2363 2061 2399 rtttn
2096 2346 2367 2414 Evangelii
2409 2345 2527 2408 lilii,
2575 2345 2667 2413 qui
2706 2343 2824 2396 orbi
2861 2344 3113 2396 universo
3150 2345 3506 2410 imperarunt.

1947 2437 2012 2492 In
2035 2453 2234 2490 onmem
2254 2437 2416 2498 enim,
2438 2437 2629 2504 inquit,
2656 2445 2849 2489 terram
2871 2436 3030 2488 exivit
3056 2451 3210 2488 tonus
3237 2451 3417 2486 eorum
3434 2435 3504 2500 “;

1944 2542 2018 2594 et,
2055 2530 2318 2585 Sedebant
2357 2546 2511 2595 super
2543 2530 2815 2581 duodecim
2848 2530 3082 2592 thronos,
3120 2540 3168 2581 et
3194 2528 3506 2597 judicabant

1943 2621 2216 2673 duodecim
2253 2621 2414 2672 tribus
2439 2618 2609 2673 Israel
2639 2620 2706 2674 ⁸⁸.
2741 2620 2797 2673 Si
2826 2620 2950 2689 quis
2981 2631 3159 2673 autem
3184 2636 3393 2688 sponsa:
3417 2637 3512 2689 pa-

1947 2721 2053 2767 tres
2084 2714 2343 2781 intelligat
2374 2714 2728 2781 patriarchas,
2758 2714 2826 2766 ita
2845 2728 3058 2782 quoque
3095 2713 3360 2765 intellecta
3389 2727 3510 2766 sen-

1944 2807 2112 2858 tentia
2147 2807 2213 2858 ah
2248 2807 2505 2873 apostolis
2535 2806 2708 2859 aliena
2735 2820 2837 2859 non
2865 2817 2966 2859 est.
2995 2805 3125 2858 Nam
3152 2821 3250 2873 pro
3274 2805 3376 2858 illis
3394 2807 3504 2859 nati

1943 2905 2065 2950 sunt
2090 2907 2142 2950 et
2176 2897 2265 2950 lilii
2285 2914 2378 2966 per
2399 2896 2689 2962 Christum,
2722 2896 2977 2952 facientes
3006 2912 3164 2966 opera
3189 2898 3421 2950 Abrahae
3438 2897 3505 2958 ⁸⁸³,

1943 2995 1996 3039 el
2020 2986 2139 3039 ideo
2166 3001 2316 3053 teque
2346 2987 2593 3040 honorati
2627 3001 2689 3039 ac
2722 2986 2845 3053 ipsi,
2874 2985 3015 3053 quod
3056 2989 3240 3038 eadem
3273 2994 3502 3053 egerunt

1945 3093 2067 3147 qua:
2099 3077 2196 3140 illi,
2249 3077 2316 3130 ob
2354 3093 2473 3146 quae
2524 3078 2817 3131 honoribus
2861 3077 3070 3147 magnis
3115 3077 3313 3145 dignati
3378 3088 3505 3128 sunt

1946 3180 2150 3240 patres.
2175 3169 2454 3238 Principes
2478 3185 2604 3224 vero
2635 3170 2900 3224 universae
2944 3179 3100 3222 terra:
3135 3178 3258 3220 sunt
3309 3169 3506 3227 sancti,

273 3262 462 3325 ζοντες
502 3262 635 3332 (17),
673 3265 735 3314 ἐκ
765 3261 854 3313 τοῦ
903 3262 1259 3330 πεποιηκέναι
1287 3261 1354 3314 τὰ
1400 3261 1538 3315 αὐτὰ
1585 3264 1841 3328 ἐκείνοις,
1872 3270 1955 3331 Cl

1828 3303 1841 3328 ,
1872 3270 1916 3331 ο
1946 3264 2014 3318 ob
2046 3277 2195 3316 suam
2220 3278 2339 3316 cum
2373 3263 2514 3316 bono
2545 3262 3017 3321 necessitudinem,
3077 3276 3199 3312 cum
3240 3261 3350 3326 ipsa
3379 3260 3503 3312 boui

273 3352 370 3421 ἀφ’
397 3346 470 3404 ὧν
509 3352 616 3405 τῶν
654 3353 901 3422 μεγάλων
934 3353 1107 3424 τιμῶν
1148 3353 1458 3427 ἠξιώθησαν
1497 3357 1546 3409 οἱ
1588 3357 1838 3426 πατέρες.

278 3446 570 3514 ’Ἄρχοντες
611 3443 790 3514 μέντοι
819 3446 954 3499 εἰσὶν
988 3446 1204 3518 ἁπάσης
1232 3450 1327 3518 τῆς
1368 3447 1472 3516 γῆς
1502 3449 1551 3500 οἱ
1580 3449 1723 3514 ἆγιοι
1752 3447 1840 3499 διὰ

271 3537 375 3606 τὴν
418 3535 550 3606 πρὸς
587 3537 649 3589 τὸ
688 3538 848 3591 καλὸν
880 3540 1174 3602 οἱκείωσιν,
1215 3540 1382 3608 αὐτῆς
1419 3538 1519 3608 τῆς
1547 3537 1640 3591 τοῦ
1677 3538 1840 3592 καλοῦ

274 3629 493 3700 φύσεως
529 3629 896 3702 περιτιθείσης
929 3631 1112 3694 αὐτοῖς
1161 3631 1222 3683 τὸ
1268 3635 1553 3701 πρωτεῖον,
1594 3631 1669 3695 ώς
1699 3648 1846 3702 περι-

272 3719 439 3789 έθηκε
465 3717 542 3789 τῷ
577 3717 768 3772 Ἰακὼὸ
799 3721 898 3789 τὴν
937 3718 1078 3772 κατά
1107 3719 1198 3772 τοῦ
1235 3718 1400 3772 Ἠσαῦ
1447 3720 1714 3787 ἐξουσίαν.
1743 3721 1844 3773 Γί-

272 3828 387 3863 ι--ου
423 3808 552 3880 γὰρ,
585 3810 737 3882 φησὶ,
778 3812 981 3878 κύριος
1020 3811 1126 3864 τοῦ
1164 3810 1429 3882 ἀδελφοῦ
1470 3830 1605 3867 σου.
1633 3814 1694 3867 Oi
1731 3813 1843 3865 τοί--

273 3918 368 3951 νυν
401 3901 628 3971 ἰσότιμοι
671 3902 780 3962 τοῖς
821 3901 1057 3970 πατράσι
1107 3903 1384 3972 γενόμενοι
1429 3902 1558 3979 (18),
1607 3904 1699 3956 καὶ
1745 3903 1843 3974 τὴν

275 3991 418 4045 κατά
448 3993 662 4044 πάντων
691 3991 962 4063 ὑπεροχὴν
996 3993 1084 4047 διὰ
1111 3996 1210 4066 τὴν
1244 3996 1340 4065 τῆς
1370 3994 1567 4064 ἀρετῆς
1611 3994 1842 4066 ἄσκησιν

273 4078 701 4149 προσλαϐόντες,
743 4081 836 4133 καὶ
876 4081 980 4132 υἱοὶ
1009 4083 1110 4146 τῆς
1161 4082 1395 4154 Χριστοῦ
1439 4082 1656 4154 νύμφης
1703 4084 1837 4149 εἰσὶ,

272 4168 370 4221 καὶ
418 4167 568 4238 παρά
600 4171 698 4239 τῆς
750 4169 885 4232 ἰδίας
935 4171 1135 4240 μητρὸς
1187 4172 1536 4226 καθίστανται
1583 4173 1840 4243 ἄρχοντες

273 4261 369 4312 ἐπὶ
406 4261 580 4314 πᾶσαν
619 4261 717 4331 τὴν
750 4261 873 4330 γῆν.
903 4262 1100 4314 Σκόπει
1129 4261 1184 4314 δέ
1219 4279 1308 4332 μοι
1336 4262 1430 4333 τὴν
1469 4263 1713 4328 ἐξουσίαν
1741 4264 1840 4334 τῆς

275 4352 566 4420 βασιλίδος,
606 4354 704 4422 ὅση
742 4371 824 4415 τις
864 4353 950 4405 ἐπ’
993 4355 1160 4424 αὐτῆς
1194 4355 1343 4407 ἐστι·
1381 4358 1702 4425 χειροτονεῖν
1743 4356 1841 4430 ἄρ-

274 4460 469 4513 χοντας
496 4446 586 4497 ἐπ)⁸
621 4447 798 4498 πᾶσαν
831 4444 925 4516 τὴν
954 4447 1073 4516 γῆν.
1106 4446 1540 4515 Μνησθήσομαι
1564 4449 1669 4502 τοῦ
1709 4450 1840 4502 ὀνό-

266 4537 458 4603 ματός
494 4555 609 4591 σου
643 4539 711 4591 ὲν
746 4536 910 4605 πάσῃ
950 4534 1123 4607 γενεᾷ
1151 4539 1248 4589 καὶ
1294 4538 1488 4606 γενεᾷ.
1520 4538 1623 4593 Διὰ
1665 4541 1838 4595 τοῦτο

1949 3363 2141 3410 natura
2170 3355 2250 3410 eis
2285 3355 2647 3423 principatum
2701 3355 2925 3419 tribuat,
2966 3355 3106 3408 sicut
3129 3352 3331 3408 Jacoho
3359 3363 3510 3422 pote-

1947 3455 2142 3501 statem
2179 3447 2230 3500 in
2266 3447 2440 3515 ipsum
2473 3446 2610 3500 Esau
2645 3447 2889 3516 prurbnit.
2948 3445 3076 3500 ("ias
3105 3448 3270 3509 enini,
3315 3447 3506 3514 inquit.

1948 3537 2190 3589 dominus
2217 3535 2399 3604 fratris
2426 3536 2503 3589 tui
2527 3536 2594 3589 ⁸⁷.
2625 3536 2940 3601 Quicunque
2977 3537 3139 3603 igitur
3169 3536 3378 3590 honore
3411 3554 3506 3605 pa-

1949 3629 2120 3683 tribus
2157 3642 2314 3698 pares
2337 3627 2464 3682 facti
2497 3638 2640 3693 sunt,
2679 3638 2842 3696 atque
2869 3644 2963 3698 per
2991 3629 3204 3683 virtutis
3239 3631 3504 3683 exercita-

1951 3720 2150 3774 tionem
2178 3719 2428 3774 omnibus
2458 3718 2850 3788 prtestiterunt,
2885 3731 2938 3774 et
2968 3720 3060 3773 ﬁlii
3105 3735 3315 3788 sponsze
3343 3721 3504 3774 Chri-

1949 3813 2016 3866 sti
2047 3819 2194 3877 sunt,
2219 3821 2273 3866 et
2294 3827 2321 3864 a
2356 3811 2569 3881 propria
2595 3821 2767 3865 matre
2790 3813 3064 3881 principes
3103 3827 3264 3879 super
3290 3826 3505 3866 onmem

1950 3908 2150 3954 terram
2214 3901 2636 3954 constituuntur.
2707 3900 2880 3955 Velim
2939 3911 3118 3954 autem
3195 3902 3516 3956 consideres

1947 4002 2148 4064 quanta
2173 3994 2242 4048 sit
2277 3995 2476 4062 regina:
2499 4003 2760 4064 potestas,
2789 3995 2869 4049 sic
2901 4003 2959 4048 ut
2979 4003 3125 4049 creet
3159 4009 3221 4048 ac
3246 3993 3509 4063 praeﬁciat

1947 4086 2219 4156 principes
2249 4099 2411 4157 super
2439 4101 2651 4141 omnem
2705 4097 2924 4142 terram.
2975 4086 3134 4140 Vsus.
3179 4087 3259 4142 l8.
3300 4085 3508 4138 Mentor

1945 4194 2035 4231 ero
2070 4178 2292 4231 nominis
2322 4180 2398 4231 tui
2437 4180 2490 4231 in
2540 4180 2681 4232 omni
2711 4180 3038 4248 generatione
3077 4188 3125 4230 et
3151 4181 3507 4247 generatione.

1950 4266 2232 4336 Propterea
2261 4269 2441 4336 populi
2471 4268 2856 4335 conﬁtebuntur
2882 4270 2979 4322 tibi
3017 4270 3073 4322 in
3104 4269 3352 4323 tusculum
3380 4279 3426 4322 et
3453 4270 3509 4324 in

1945 4357 2192 4411 socculum
2239 4358 2442 4412 sceculi.
2470 4356 2600 4413 Post
2645 4360 2829 4413 omnia
2881 4371 3133 4430 tanquam
3160 4376 3226 4416 ex
3255 4361 3509 4414 Ecclesia:

1947 4465 2171 4519 persona
2200 4451 2397 4504 dictum
2427 4460 2510 4505 est
2544 4451 2692 4519 illud,
2727 4451 2931 4504 Memor
2963 4468 3052 4504 ero
3091 4452 3315 4504 nominis
3353 4451 3429 4504 tui
3453 4452 3506 4503 in

1945 4543 2085 4594 omni
2118 4545 2446 4611 generatione
2469 4555 2515 4596 et
2549 4545 2900 4610 generatione.
2926 4544 3054 4611 Qua:
3085 4555 3262 4599 autem
3289 4554 3374 4600 est
3395 4545 3509 4600 haec

270 4628 407 4681 λαοὶ
447 4629 992 4700 ὲξομολογήσονταί
1021 4644 1118 4684 σοι
1142 4631 1228 4695 εὶς
1253 4628 1358 4682 τὸν
1388 4631 1572 4684 αἰῶνα
1611 4633 1706 4685 καί
1745 4637 1838 4699 εεὶς
1870 4629 1913 4684 ῐ)
1943 4634 1952 4686 l

1509 4649 1572 4684 ra
1611 4633 1706 4685 καί
1745 4637 1838 4699 εεὶς
1870 4629 1913 4684 ῐ)
1943 4633 2196 4688 Ecclesia:
2226 4635 2522 4688 memoria?
2547 4635 2828 4692 Confessio
2855 4639 3191 4708 populorum.

273 4721 383 4775 τὸν
420 4717 602 4772 αἰῶνα
631 4721 735 4773 τοῦ
771 4720 1002 4786 αἰῶνος.
1037 4721 1158 4774 Ἐπὶ
1192 4723 1354 4774 πᾶσιν
1387 4721 1462 4785 ώς
1493 4723 1558 4774 ἐκ
1596 4723 1886 4791 προσώπου
1933 4728 2032 4794 τῆς
2065 4727 2385 4797 Ἐκκλησίας
2409 4730 2437 4778 ὁ
2474 4727 2630 4796 λόγος
2668 4730 2900 4801 εἴρηται,
2945 4732 3027 4783 ὅτι
3070 4729 3508 4798 Μνησθήσομαι

270 4813 381 4867 τοῦ
417 4812 703 4881 ὀνόματός
737 4826 853 4867 σου
882 4812 951 4864 ὲν
982 4811 1146 4879 πάσῃ
1178 4812 1355 4881 γενεᾷ
1385 4813 1481 4867 καὶ
1521 4812 1714 4883 γενεᾷ.
1744 4815 1838 4879 Τίς
1879 4817 1934 4870 δέ
1977 4819 2121 4871 ἐστιν
2160 4820 2191 4887 ἠ
2237 4817 2339 4886 τῆς
2376 4818 2698 4892 Ἑκκλησίας
2757 4824 2978 4895 μνήμης
3016 4824 3078 4874 Ἡ
3125 4823 3508 4895 ἐξομολόγησις

271 4909 383 4962 τῶν
413 4907 578 4962 λαῶν.

344 5066 560 5120 "Ps-al.
615 5081 760 5130 xxvi,
813 5064 868 5117 4.
945 5067 992 5096 ⁸⁵
1047 5065 1194 5120 Psal.
1245 5079 1402 5129 xvni,
1439 5065 1493 5119 5.
1568 5067 1613 5098 ⁸⁸
1645 5065 1833 5120 Matth.
1864 5066 2090 5130 nx,28.

350 5213 463 5283 (l5)
489 5212 585 5267 Vir
615 5213 828 5282 quidem
866 5209 1233 5283 doctissimus,
1263 5219 1402 5283 teste
1451 5210 1667 5283 Ducam,
1701 5225 1833 5283 con-

269 5280 476 5350 ject-rat
507 5284 576 5335 ita
605 5280 994 5336 emendandum
1029 5295 1172 5344 esse,
1201 5281 1292 5332 ἐπὶ
1323 5280 1382 5332 τὸ
1410 5280 1619 5351 τοιοῦτο
1645 5282 1836 5351 κατόρ-

273 5349 438 5424 θωμα
467 5352 736 5424 χωροξσαι
768 5353 905 5424 '_sed
940 5351 1169 5424 Duereus
1192 5353 1305 5418 ipse
1343 5349 1612 5424 vulgatam
1647 5349 1834 5404 lectio-

274 5418 420 5484 nem,
449 5418 647 5491 ἐπὶτῷ
672 5421 896 5490 τοιούτῳ
939 5418 1318 5490 κατορθώματι
1354 5419 1658 5491 χαίρουσαι,
1706 5425 1835 5474 reli-

275 5496 506 5547 i'endam
537 5493 768 5553 censuit,
805 5495 870 5544 ad
923 5491 1084 5558 idque
1125 5491 1457 5558 probandum
1521 5491 1834 5545 testimonio

271 5565 480 5619 codicis
511 5563 647 5616 Oliv.
675 5577 804 5615 usus
839 5569 922 5613 est
957 5560 1073 5614 :cui
1098 5560 1266 5613 codici
1301 5561 1422 5613 addi
1446 5571 1669 5628 possunt
1695 5560 1828 5628 Reg.

271 5644 523 5701 q'mrtns,
563 5631 712 5687 Coll).
739 5640 923 5685 sextus
949 5640 1002 5683 et
1035 5631 1123 5683 alii
1155 5629 1416 5682 nonnulli.

348 5702 459 5773 (14)
486 5702 576 5758 Sic
609 5703 772 5755 editio
809 5701 968 5755 Basil.
1015 5712 1069 5755 et
1111 5716 1237 5754 mss.
1272 5702 1530 5770 quinque.
1567 5699 1722 5756 Deest
1763 5715 1830 5771 με

2195 5067 2238 5097 ⁸⁸
2265 5065 2419 5120 Juan.
2468 5084 2583 5134 ιἰιι,
2615 5069 2680 5123 '59
2778 5068 2820 5098 ⁸⁷
2873 5067 3009 5122 Gen.
3033 5085 3201 5132 xxv",
3233 5071 3321 5125 ‘29.

1942 5211 1998 5296 in
2026 5211 2477 5296 editione'Paris.
2511 5211 2710 5266 Ibidem
2765 5211 2897 5281 Reg.
2939 5214 3208 5268 secundus
3240 5211 3331 5265 τὸν
3381 5210 3507 5264 ναὸν

1939 5299 2029 5334 τον
2062 5299 2215 5349 αγιον
2236 5299 2421 5335 αυτου.

2014 5352 2124 5432 (
2157 5353 2384 5432 ςρόιεεε
2407 5350 2893 5432 ιτεεέγενήθησαν,
2909 5352 3060 5432 facti
3083 5361 3242 5432 sunt._

2037 5422 2125 5492 16)
2157 5422 2248 5478 Sic
2279 5439 2410 5478 tnss.
2437 5424 2698 5493 quinque.
2723 5425 2861 5478 Editi
2893 5423 2967 5485 ώς
3005 5423 3363 5490 καταστῆναι.

2043 5493 2124 5564 l7)
2158 5493 2248 5548 Sic
2282 5493 2431 5564 Regii
2464 5495 2756 5555 secundus,
2785 5497 2977 5564 tertius
3022 5505 3075 5544 et
3111 5503 3336 5564 quartus
3381 5509 3504 5549 cum

1937 5561 2262 5645 Colherti‘nis
2286 5561 2460 5631 primo
2489 5575 2542 5616 et
2573 5573 2746 5645 sexto.
2779 5563 2923 5645 Editi.
2944 5561 3396 5645 χρηματίζουσιν.

2011 5634 2121 5703 (18)
2163 5633 2254 5690 Sic
2279 5643 2507 5703 quatuor
2542 5647 2672 5687 mss.
2699 5637 2770 5688 At
2798 5634 2924 5688 editi
2956 5633 3256 5703 γινόμενοι.
