4230 6490
765 416 873 473 ιιδ

2075 408 2131 464 S.
2176 407 2420 461 B.\SiLl|
2464 402 2676 459 MAGNI

3931 407 4028 462 Hb

780 547 4004 575 NW

1156 655 1317 723 170
1342 652 1406 706 IN
1437 650 1761 707 PSALMUM
1795 649 1951 704 XLV.

869 770 935 823 In
955 771 1115 840 ﬁnem
1144 788 1239 839 pro
1267 771 1395 840 ﬁliis
1422 768 1552 823 Core
1577 784 1595 820 :
1628 785 1721 836 pro
1744 768 1951 821 arcanis
1978 766 2229 834 psalmus.

839 904 893 960 1.
951 903 1297 974 Prophetiam
1352 902 1421 957 de
1471 902 1633 957 rebus
1674 917 1793 972 qua:
1827 902 1877 955 in
1929 900 2033 954 fine
2065 908 2341 956 eventura:

766 1006 916 1059 sunt,
958 997 1239 1050 continuere
1265 996 1395 1050 mihi
1430 995 1647 1050 videtur
1680 995 1768 1049 hic
1795 992 2054 1063 psalmus.
2076 990 2248 1058 Quem
2277 992 2340 1045 ii—

765 1104 889 1143 uem
925 1090 1149 1143 intuitus
1179 1090 1347 1142 etiam
1384 1088 1602 1153 Paulus,
1634 1088 1764 1141 dicit
1790 1104 1804 1139 :
1830 1085 2028 1139 Deinde
2047 1086 2195 1154 ﬁnis,
2221 1101 2339 1139 cum

763 1179 1047 1234 tradiderit
1107 1198 1330 1251 regnum
1386 1181 1495 1235 Deo
1550 1192 1597 1234 et
1648 1177 1802 1231 Patri
1848 1178 1913 1232 ⁸⁸.
1948 1178 2056 1233 Aut
2083 1178 2338 1248 quoniam

767 1269 1011 1321 actiones
1062 1280 1261 1325 nostra:
1292 1269 1565 1325 deducunt
1605 1281 1704 1322 nos
1746 1268 1814 1322 ad
1864 1268 2050 1336 tinem,
2084 1282 2341 1338 unaquae-

764 1375 872 1427 que
900 1360 965 1413 ad
999 1362 1275 1430 propriqu
1303 1360 1406 1414 sibi
1445 1359 1581 1428 ipsi;
1613 1359 1819 1414 idcirco
1849 1358 1990 1414 bona
2018 1361 2236 1430 quidem
2272 1359 2339 1414 ad

768 1450 1183 1513 beatitudinem,
1213 1450 1349 1504 mala
1374 1464 1502 1505 vero
1527 1451 1592 1504 ad
1610 1460 1870 1506 aeternam
1896 1451 2336 1506 damnationem:

766 1556 821 1597 et
850 1543 1104 1611 quoniam
1140 1544 1369 1599 consilia
1407 1559 1437 1597 a
1488 1544 1693 1613 Spiritu
1736 1546 1789 1599 in
1846 1544 1947 1599 hoc
1976 1544 2187 1612 psalmo
2220 1554 2337 1598 tra-

765 1635 899 1696 dita,
927 1637 1367 1704 obtemperantes
1396 1638 1463 1691 ad
1489 1638 1687 1692 bonum
1717 1638 1875 1692 tinem
1906 1637 2206 1701 deducunt;
2238 1637 2338 1691 hac

766 1728 831 1781 de
864 1741 1024 1781 causa
1058 1729 1355 1801 inscriptus
1394 1742 1497 1797 est,
1545 1730 1611 1783 In
1641 1730 1823 1799 ﬁnem,
1854 1730 1999 1799 quod
2029 1728 2145 1797 ejus
2179 1730 2341 1786 docu-

766 1829 946 1872 menta
998 1821 1065 1874 ad
1120 1821 1334 1875 beatum
1361 1823 1607 1877 humanae
1650 1822 1776 1876 vita:
1811 1822 1972 1876 finem
2008 1820 2333 1876 referantur.

767 1907 875 1963 Pro
904 1912 1031 1977 ﬁliis
1066 1911 1219 1969 Core.
1245 1912 1411 1967 Filius
1433 1924 1609 1967 autem
1636 1912 1778 1969 Core
1828 1914 2007 1969 dictus
2034 1923 2121 1968 est
2166 1922 2222 1968 et
2250 1914 2339 1969 hic

2832 644 2938 697 ΕΙΣ
2976 643 3116 698 TON
3155 646 3269 700 ME’
3309 648 3626 701 ΨΑΛΜΟΝ.

2440 738 2545 804 Εἰς
2585 738 2654 791 τὸ
2704 738 2877 804 τέλος
2919 737 3070 805 ὑπὲρ
3117 736 3235 811 τῶν
3284 739 3432 794 υἱῶν
3480 740 3659 810 Κορέ·
3696 742 3852 811 ὑπὲρ
3905 740 4024 796 τᾶν

2950 810 3219 877 κρυφίων
3264 814 3527 881 ψαλμός.

2510 901 2560 954 1.
2593 900 2938 971 Προφητείαν
2979 919 3067 972 μοι
3098 902 3243 955 δοκεῖ
3269 905 3544 974 περιέχειν
3576 907 3605 959 6
3640 903 3856 976 ψαλμδς
3891 908 4020 976 περὶ

2439 994 2547 1047 τῶν
2575 994 2717 1048 κατὰ
2744 995 2803 1048 τὸ
2829 994 3001 1060 τέλος.
3030 997 3208 1067 Ὅπερ
3236 996 3388 1061 τέλος
3419 999 3575 1062 εἰδὼς
3602 1002 3693 1054 καὶ
3721 1001 3749 1053 6
3786 999 4018 1065 Παῦλος,

2441 1086 2635 1157 φησίν·
2690 1084 2836 1141 Εἶτα
2889 1088 2955 1141 τὸ
3007 1088 3215 1156 τέλος.
3257 1089 3403 1144 ὅταν
3442 1094 3687 1162 παραδῷ
3736 1095 3847 1165 (19)
3907 1094 4020 1161 τὴν

2434 1179 2763 1243 ,ϐασιλείαν
2789 1179 2869 1245 τῷ
2896 1180 3017 1247 Θεῷ
3043 1182 3139 1235 καὶ
3169 1184 3371 1253 Πατρί.
3403 1184 3473 1236 Ἥ
3502 1186 3686 1257 ἐπειδὴ
3713 1190 3767 1240 αἱ
3794 1186 4020 1259 πράξεις

2440 1270 2596 1341 ἡμῶν
2639 1271 2948 1341 ἀπάγουσιν
2995 1275 3143 1345 ἡμᾶς
3189 1274 3324 1346 πρὸς
3375 1275 3437 1332 τὸ
3485 1276 3657 1341 τέλος,
3704 1281 3910 1350 ἑκάστη
3961 1281 4021 1331 :6

2439 1359 2636 1410 οἰκεῖον
2673 1359 2861 1430 ἑαυτῇ,
2891 1362 2923 1430 ἠ
2957 1362 3055 1431 μὲν
3095 1361 3273 1433 ἀγαθὴ
3309 1362 3445 1433 πρὸς
3472 1362 3571 1434 τὴν
3618 1366 4017 1438 μακαριότητα,

2440 1449 2474 1519 ἡ
2519 1450 2577 1503 δὲ
2616 1451 2792 1524 φαύλη
2849 1452 2986 1526 πρὸς
3035 1454 3134 1525 τὴν
3179 1455 3403 1507 αἰωνίαν
3462 1455 3817 1528 κατάκρισιν·
3855 1460 3910 1511 αῖ
3964 1460 4018 1510 δὲ

2441 1542 2591 1613 παρὰ
2617 1542 2710 1596 τοῦ
2750 1544 3068 1615 Πνεύματος
3100 1546 3160 1597 ὲν
3192 1544 3271 1615 τῷ
3320 1545 3521 1617 ψαλμῷ
3564 1548 3741 1619 τούτῳ
3790 1549 4019 1619 παραδι-

2438 1632 2662 1705 δόμεναι
2698 1634 2810 1705 (20)
2857 1634 3159 1706 συμὸουλαὶ
3201 1635 3339 1708 πρὸς
3383 1638 3444 1691 τὸ
3483 1638 3685 1707 ἀγαθὸν
3716 1639 3872 1702 τέλος
3917 1640 4019 1691 ἀπ-

2442 1723 2635 1792 άγουσι
2680 1727 2805 1789 τοὺς
2839 1726 3221 1797 πειθομένους’
3258 1726 3449 1782 τούτου
3491 1728 3675 1782 ἕνεκεν
3726 1730 4019 1800 ἐπιγέγρα-

2441 1832 2572 1868 πται
2601 1819 2703 1883 Εἰς
2728 1816 2793 1870 τὸ
2827 1817 2998 1883 τέλος
3016 1835 3029 1847 ·
3058 1819 3135 1881 ὡς
3166 1818 3269 1888 τῆς
3305 1819 3584 1891 ἀναφορᾶς
3624 1820 3732 1873 τῶν
3756 1820 4019 1891 διδαγμα-

2441 1926 2549 1962 των
2590 1910 2682 1963 ἐπὶ
2716 1911 2776 1963 τὸ
2820 1910 3089 1982 μακάριον
3136 1912 3288 1975 τέλος
3332 1913 3431 1984 τῆς
3475 1912 3823 1985 ἀνθρωπίνης
3874 1914 4018 1983 ζωῆς

766 2004 1039 2073 psalmus,
1074 2022 1210 2074 quos
1246 2006 1479 2075 Spiritus
1530 2016 1752 2061 sanctus
1806 2006 1926 2061 ideo
1960 2022 2064 2061 non
2103 2006 2332 2072 dividit,
2368 2011 2411 2066 Β

2368 2011 2411 2066 Β
2438 2001 2809 2073 ὑπαρχούσης.
2853 2003 3033 2070 ’Υπὲρ
3062 2001 3182 2057 τῶν
3216 2003 3362 2059 υἱῶν
3404 2006 3575 2075 qué.
3612 2008 3737 2073 Τοῖς
3775 2009 3834 2063 δὲ
3886 2012 4017 2073 υἱοῖς

765 2096 910 2164 quod
937 2096 1078 2151 velut
1108 2112 1213 2150 una
1250 2098 1426 2150 anima
1468 2107 1523 2151 et
1556 2113 1659 2151 una
1692 2113 1823 2152 voce
1859 2114 1981 2152 cum
2015 2099 2159 2153 omni
2197 2100 2337 2153 inter

767 2203 828 2243 se
856 2178 1143 2243 concordia
1174 2203 1455 2244 sermones
1503 2190 1851 2258 pmpheticos
1897 2190 2222 2253 emiserunt,
2255 2189 2337 2243 ni-

768 2280 845 2334 hil
870 2281 1161 2350 quidquam
1191 2280 1298 2333 alio
1318 2290 1514 2350 prmter
1532 2279 1665 2335 alios
1690 2281 2050 2344 vaticinante,
2082 2283 2178 2335 sed
2211 2296 2338 2350 pro.

766 2372 984 2440 phetieo
1018 2372 1158 2427 dono
1186 2373 1469 2441 :equaliter
1524 2373 1603 2426 eis
1639 2387 1928 2437 concesso,
1971 2374 2039 2427 ob
2073 2373 2334 2442 aequalem

766 2464 1006 2533 ipsorum
1057 2465 1198 2516 inter
1227 2479 1285 2518 se
1342 2465 1394 2517 in
1441 2463 1579 2516 bona
1613 2463 1891 2517 aifectum.
1926 2463 2195 2518 Caeterum
2233 2462 2338 2518 Pro

769 2556 982 2609 arcanis
1016 2556 1193 2611 dictus
1228 2565 1314 2610 est
1349 2557 1626 2624 psalmus;
1686 2555 1738 2609 id
1785 2565 1892 2621 est,
1939 2572 2039 2626 pro
2068 2556 2299 2611 occultis
2321 2601 2336 2623 ,

766 2658 823 2703 et
851 2650 1148 2703 reconditis
1184 2649 1235 2702 in
1268 2648 1553 2719 mysterio.
1594 2646 1891 2718 Postquam
1929 2659 2111 2703 autem
2155 2649 2341 2718 singu-

766 2741 850 2793 las
899 2738 1059 2807 hujus
1106 2740 1297 2808 psalmi
1352 2739 1655 2793 sententias
1716 2739 2005 2809 attigeris,
2044 2742 2336 2794 verborum

764 2847 965 2885 arcana
1015 2834 1311 2896 docebere;
1339 2847 1402 2887 ac
1436 2832 1616 2887 disces
1644 2846 1747 2887 non
1787 2831 2025 2901 cujusvis
2060 2847 2181 2887 esse
2211 2847 2339 2902 my-

764 2925 928 2979 steria
958 2924 1141 2978 divina
1171 2924 1554 2997 contemplari,
1589 2925 1683 2979 sed
1713 2924 1831 2991 ejus
1872 2925 2063 2992 solius,
2113 2925 2204 2995 qui
2235 2927 2339 2980 im-

766 3017 949 3085 plendi
991 3017 1245 3085 promissi
1292 3032 1560 3086 organum
1612 3018 1941 3071 concinnum
1988 3018 2102 3071 fieri
2144 3019 2335 3086 possit,

766 3111 848 3165 sic
887 3118 947 3163 ut
977 3110 1219 3180 psalterii
1244 3109 1362 3163 loco
1392 3108 1571 3162 anima
1602 3107 1745 3161 illius
1783 3118 2068 3164 moveatur
2098 3108 2165 3162 ab
2206 3124 2336 3176 ope-

767 3209 928 3254 rante
962 3201 1015 3254 in
1046 3201 1160 3268 ipsa
1202 3198 1406 3268 Spiritu
1440 3208 1655 3253 sancto.
1684 3195 1849 3253 Vens.
1896 3198 1955 3252 ‘2.
1999 3199 2138 3255 Deus
2166 3210 2341 3253 noster

766 3294 1029 3363 refugium
1061 3304 1108 3346 et
1142 3294 1328 3354 virtus,
1368 3292 1586 3361 adjutor
1628 3294 1683 3347 in
1732 3292 2192 3357 tribulationibus,
2222 3309 2341 3364 qua

2438 2093 2581 2163 Κορὲ
2614 2097 2708 2148 καὶ
2750 2088 2905 2159 οὗτος
2953 2097 3168 2167 εἴρηται
3198 2099 3225 2150 6
3248 2098 3480 2170 ψαλμὺς,
3508 2100 3602 2164 οὓς
3635 2102 3696 2153 ού
3734 2100 3934 2173 διαιρεῖ
3962 2106 4020 2157 τὸ

2437 2181 2666 2253 Πνεῦμα
2700 2185 2760 2237 τὸ
2790 2185 2964 2253 ἆγιον,
3011 2185 3144 2239 διότι
3196 2184 3385 2259 ὥσπερ
3443 2192 3543 2261 μιᾷ
3590 2190 3736 2262 ψυχῇ
3790 2194 3885 2247 καὶ
3921 2196 4019 2264 μιᾷ

2436 2278 2586 2346 φωνῇ
2642 2276 2780 2347 μετὰ
2838 2278 3019 2350 πάσης
3062 2279 3163 2349 τῆς
3208 2280 3344 2352 πρὸς
3391 2283 3656 2354 ἀλλήλους
3700 2287 4018 2355 συμφωνίας

2435 2366 2562 2429 τοὺς
2594 2370 2963 2439 προφητικοὺς
3000 2370 3189 2438 λόγους
3227 2373 3476 2444 προΐεντο
3520 2374 3666 2444 (21)·
3719 2378 3888 2447 μηδὲν
3927 2377 4016 2430 τοῦ

2438 2455 2624 2527 ἑτέρου
2658 2457 2834 2510 αὐτῶν
2880 2459 3033 2530 παρὰ
3078 2462 3203 2524 τοὺς
3248 2459 3467 2525 λοιποὺς
3506 2466 4015 2534 προφητεύσαντος,

2436 2547 2550 2600 ἀλλ’
2581 2548 2693 2601 τσου
2737 2550 2920 2611 αὐτοῖς
2956 2550 3050 2603 τοῦ
3082 2553 3421 2623 προφητικοῦ
3464 2556 3804 2626 χαρίσματος
3847 2558 4020 2630 δωρη-

2439 2638 2622 2703 θέντος
2660 2640 2749 2693 διὰ
2794 2642 2854 2693 τὸ
2901 2641 3013 2694 ἴσον
3056 2644 3236 2697 αὐτῶν
3278 2645 3378 2714 τῆς
3431 2647 3569 2717 πρὸς
3626 2649 3888 2721 ἀλλήλους
3942 2655 4019 2715 εἰς

2435 2731 2505 2788 τὰ
2538 2732 2678 2786 καλὰ
2720 2733 3032 2797 διαθέσεως.
3066 2735 3247 2804 ’Υπὲρ
3290 2738 3347 2790 δὲ
3388 2737 3508 2791 τῶν
3554 2742 3823 2809 κρυφίων
3872 2745 4021 2813 εἴρῃ-

2434 2843 2525 2879 ται
2573 2827 2601 2879 6
2647 2826 2892 2898 ψαλμόςο
2941 2828 3253 2892 τουτέστιν,
3308 2830 3448 2902 ὑπὲρ
3502 2833 3868 2905 ἀπορρήτων,
3929 2838 4018 2889 καὶ

2435 2917 2544 2971 τῶν
2574 2920 2631 2971 ὲν
2664 2921 2948 2991 μυστηρίῳ
2973 2922 3393 2992 κεκρυμμένων.
3423 2924 3721 2996 Γενόμενος
3747 2928 3803 2980 δὲ
3828 2930 3885 2979 ὲν
3914 2934 4021 2989 τοῖς

2436 3011 2579 3066 κατὰ
2611 3011 2777 3083 μέρος
2810 3014 2997 3083 ῥητοῖς
3029 3013 3124 3066 τοῦ
3151 3013 3390 3087 ψαλμοῦ,
3438 3017 3659 3090 μαθήσῃ
3687 3018 3749 3072 τὸ
3788 3037 4021 3092 κεκρυμ-

2440 3100 2600 3170 μένον
2647 3101 2757 3155 τῶν
2789 3102 2960 3170 λόγων
2982 3120 2994 3132 ·
3031 3104 3125 3156 καὶ
3159 3105 3240 3157 ὅτι
3266 3105 3328 3157 ού
3359 3105 3453 3158 τοῦ
3480 3108 3735 3176 τυχόντος
3766 3110 3911 3161 ἐστὶν
3939 3113 4015 3162 ἐν·

2441 3192 2569 3245 ιδεῖν
2596 3194 2707 3255 τοῖς
2736 3192 2899 3256 θείοις
2945 3192 3282 3263 μυστηρίοις,
3311 3194 3343 3265 ἢ
3377 3194 3537 3265 μόνου
3574 3196 3686 3266 (22)
3728 3198 3824 3250 τοῦ
3867 3198 4021 3250 δυναο

2442 3282 2603 3352 μένου
2645 3283 2897 3351 γενέσθαι
2925 3286 3025 3354 τῆς
3052 3286 3382 3354 ἐπαγγελίας
3410 3289 3728 3359 ἐναρμόνιον
3771 3290 4019 3363 ὄργανον,

766 3387 1072 3441 invenerunt
1103 3401 1196 3438 nos
1216 3384 1391 3437 nimis.
1421 3383 1642 3439 Auxilio
1668 3384 1837 3439 multo
1860 3400 1996 3453 opus
2022 3392 2104 3438 est
2134 3385 2339 3440 homini
2368 3366 2415 3428 (ἶ

2368 3366 2415 3428 C
2446 3374 2586 3428 ὥστε
2634 3376 2753 3429 ἀντὶ
2796 3375 3097 3447 ψαλτηρίου
3147 3379 3407 3432 κινεῖσθαι
3471 3380 3635 3433 αὑτοῦ
3681 3382 3783 3454 τὴν
3846 3384 4021 3454 ψυχὴν

763 3479 935 3543 omni,
972 3478 1042 3535 ob
1083 3478 1300 3533 insitam
1361 3477 1409 3532 ei
1474 3489 1669 3533 natura
1707 3477 2124 3532 infirmitatem:
2161 3478 2336 3548 siqui-

764 3574 886 3629 dem
931 3572 1110 3627 multae
1131 3572 1179 3626 ei
1221 3569 1481 3626 molestia:
1510 3585 1869 3641 aarumna‘que
1899 3571 2173 3625 accidunt.
2202 3569 2336 3624 Dum

765 3668 931 3736 igitur
957 3666 1023 3721 de
1054 3666 1309 3721 omnibus
1357 3663 1761 3719 calamitatibus
1810 3665 2081 3735 refugium
2117 3665 2335 3734 qumrit,

764 3758 923 3827 quasi
973 3756 1040 3810 ad
1096 3765 1268 3809 tutum
1327 3753 1503 3808 locum
1552 3754 1855 3824 aufugiens,
1910 3754 1992 3807 vel
2019 3752 2084 3807 ad
2119 3764 2334 3807 acutum

763 3849 1059 3921 quemdam
1088 3848 1350 3902 verticem
1386 3847 1512 3901 forti
1549 3862 1705 3901 muro
1750 3846 2176 3913 circumseptum
2219 3858 2338 3899 sese

764 3942 1057 4012 recipiens,
1094 3951 1318 4011 propter
1366 3942 1603 3995 hostium
1654 3940 1963 4001 incursum,
2000 3938 2074 3990 ita
2118 3938 2336 3991 demum

762 4035 829 4089 ad
861 4035 1028 4089 Deum
1072 4033 1335 4102 confugit,
1368 4044 1519 4087 ratus
1561 4034 1700 4086 hanc
1743 4030 1916 4085 solum
1947 4028 2050 4083 sibi
2094 4029 2335 4098 requiem

760 4142 905 4193 esse,
958 4128 1002 4181 si
1044 4127 1096 4180 iu
1146 4126 1263 4195 ipso
1300 4134 1635 4195 permaneat.
1700 4122 1987 4191 Refugium
2031 4122 2213 4190 itaque
2269 4120 2337 4175 ad

762 4220 930 4274 Deum
985 4231 1193 4289 patere,
1251 4220 1303 4272 in
1352 4217 1604 4273 confesso
1627 4224 1710 4270 est
1741 4214 1881 4283 apud
1917 4228 2154 4269 omnes:
2201 4214 2295 4267 sed
2319 4252 2336 4280 ,

764 4314 910 4384 quod
968 4316 1034 4366 ad
1082 4311 1347 4365 salvantis
1390 4308 1713 4364 electionem
1748 4306 1966 4369 attinet,
2004 4320 2108 4359 non
2143 4318 2336 4373 parum

762 4404 972 4458 erroris
1026 4403 1471 4470 confusionisque
1537 4397 1744 4454 invexit
1791 4397 2071 4452 inimicus.
2119 4396 2333 4450 Etenim

761 4496 891 4552 dum
926 4497 1210 4550 insidiatur
1239 4495 1385 4549 velut
1416 4493 1612 4557 hostis,
1641 4506 1832 4545 rursus
1872 4490 2072 4559 quibus
2112 4488 2337 4542 insidia-

764 4599 851 4644 tus
876 4597 979 4650 est,
1005 4603 1098 4641 eos
1130 4590 1392 4656 deceptos
1435 4584 1663 4647 inducit,
1708 4590 1766 4636 ut
1801 4583 1866 4635 ad
1906 4596 1965 4635 se
2016 4595 2113 4635 ceu
2146 4590 2333 4635 custo-

759 4686 884 4735 dem
917 4678 1252 4749 confugiant.
1287 4677 1464 4742 Quare
1491 4673 1687 4742 duplex
1723 4673 1803 4727 eis
1822 4671 2020 4726 malum
2050 4670 2329 4724 imminet:

760 4773 961 4842 quippe
992 4782 1083 4825 aut
1114 4786 1210 4841 per
1239 4770 1346 4822 vim
1379 4768 1692 4837 capiuntur,
1724 4776 1817 4817 aut
1845 4780 1911 4819 ex
1948 4763 2139 4817 fraude
2202 4778 2331 4832 per-

759 4877 911 4921 eunt.
942 4866 1071 4919 Eam
1092 4865 1161 4919 ob
1190 4879 1299 4919 rem
1328 4862 1393 4916 ad
1426 4862 1695 4913 daamones
1716 4854 2328 4927 perfugiuntincreduli,

762 4967 818 5011 et
851 4960 918 5011 ad
948 4958 1105 5023 idola,
1141 4958 1250 5012 veri
1285 4957 1374 5011 Dei
1408 4954 1719 5019 cognitione
1750 4965 1815 5005 ex
1853 4950 1995 5003 illata
2024 4948 2129 5003 sibi
2160 4964 2188 5001 a
2217 4950 2333 5002 dia-

758 5051 882 5107 bolo
923 5050 1240 5105 confusione
1292 5049 1528 5118 Spoliati.
1577 5046 1682 5100 Sed
1713 5053 1764 5099 et
1819 5043 1909 5112 qui
1954 5044 2117 5097 Deum
2153 5057 2327 5112 agno-

758 5153 937 5208 Scunt,
971 5144 1021 5197 iu
1054 5143 1277 5199 ferendo
1304 5144 1371 5197 de
1402 5143 1561 5197 rebus
1598 5137 1809 5209 judicio
1843 5145 2053 5198 errant,
2090 5135 2213 5189 dum
2244 5135 2329 5188 in-

827 5261 871 5291 ¹¹⁸
900 5260 915 5313 l
940 5260 1065 5318 Cor.
1105 5277 1196 5325 xv,
1228 5259 1317 5313 25.

833 5378 940 5451 (19)
978 5381 1051 5433 Ita
1087 5377 1378 5434 Colhertiui
1410 5376 1639 5451 primus,
1664 5373 1882 5451 quintus
1905 5378 1957 5423 et
1986 5380 2320 5451 sex'tuscum

758 5439 962 5504 duobus
999 5452 1199 5519 Regiis,
1258 5464 1356 5502 nec
1413 5439 1569 5498 aliter
1628 5439 1823 5519 legitur
1873 5440 2012 5506 apud
2064 5439 2317 5519 Paulum,

761 5522 773 5572 Ι
814 5523 934 5571 (Zur.
967 5537 1053 5584 xv,
1078 5510 1195 5574 ἕλιξ
1222 5520 1357 5574 Editi
1398 5532 1523 5570 vero
1545 5532 1665 5569 cum
1686 5510 1841 5581 'Reg.
1872 5510 2109 5590 secundo
2143 5525 2324 5590 παρα-

758 5582 1072 5661 διδῴηιζυέ.
1104 5605 1290 5645 sextus
1325 5590 1494 5659 prima
1533 5601 1689 5639 manu
1725 5582 2027 5653 παραδιδῷ,
2086 5582 2321 5633 secunda

760 5680 837 5715 πα
844 5660 985 5715 οαδῶ
995 5704 1005 5715 .

832 5678 1063 5802 ξέῗῧῳέὶο
1089 5748 1218 5786 m-s.
1261 5742 1483 5800 septem.
1522 5726 1657 5802 Editi
1696 5740 1822 5802 vero
1854 5722 2145 5802 διδόμεναι.

829 5792 939 5873 (21)
969 5806 1117 5858 Colb.
1151 5792 1355 5872 primus
1385 5797 1689 5873 προσίεντο.
1754 5793 1861 5846 Nec
1893 5796 1963 5846 ita
2000 5792 2165 5873 multo
2203 5798 2323 5858 post

764 5862 855 5929 sei
890 5862 1014 5931 mss.
1047 5878 1124 5938 εἰς
1152 5862 1244 5927 τά.
1283 5862 1498 5927 Εόὶιιὐι
1533 5869 1685 5922 (join.
1720 5876 1905 5920 sextus
1937 5864 2062 5931 περὶ
2097 5862 2183 5918 τά,

2445 3468 2550 3521 ὑπὸ
2595 3467 2688 3521 τοῦ
2756 3469 3105 3540 ἐνεργοῦντος
3162 3472 3299 3542 αύτῇ
3362 3472 3517 3539 ἁγίου
3586 3472 3926 3544 Πνεύματος.
3962 3477 4020 3528 Ὀ

2442 3559 2588 3623 Θεὸς
2633 3559 2802 3628 ἡμῶν
2846 3561 3158 3632 καταφυγὴ
3208 3564 3308 3616 καὶ
3359 3562 3634 3633 δύναμις,
3676 3566 3911 3634 ,Βοηθὸς
3956 3568 4020 3622 ἐγ

2439 3656 2688 3723 allii-em
2736 3654 2866 3720 ταῖς
2912 3657 3235 3725 εὑρούσαις
3296 3656 3453 3726 ἡμᾶς
3509 3659 3767 3728 σφόδρα.
3815 3662 4020 3730 Πολλῆς

2440 3746 2693 3820 βοηθείας
2733 3748 2912 3802 δέεται
2959 3751 3068 3814 πᾶς
3107 3750 3410 3821 ἄνθρωπος,
3453 3752 3541 3804 διὰ
3569 3752 3667 3824 τὴν
3704 3756 3769 3806 ὲκ
3813 3756 4019 3821 φύσεως

2443 3840 2755 3911 προσοῦσαν
2800 3842 2951 3912 αὐτῷ
2991 3842 3297 3908 ἀσθένειαν,
3342 3844 3553 3897 πολλῶν
3594 3846 3744 3916 αὖτῷ
3788 3865 4019 3918 προσπι-

2439 3934 2681 3986 πτόντων
2726 3936 2965 4007 ἀνιαρῶν
3013 3938 3108 3990 καὶ
3153 3939 3448 3991 ἐπιπόνων.
3496 3940 3608 4010 Τὴν
3647 3936 3741 3993 οῦν
3794 3941 3907 4009 (25)
3960 3945 4018 3993 ἐκ

2438 4026 2655 4081 πάντων
2720 4028 2829 4081 τῶν
2891 4032 3291 4099 περιστατικῶν
3346 4034 3668 4102 καταφυγὴν
3723 4035 4017 4106 ἐπιζητῶν,

2438 4116 2627 4189 ὥσπερ
2663 4121 2755 4172 ἐπὶ
2798 4121 2993 4175 ἄσυλον
3034 4124 3252 4191 φεύγων
3285 4123 3396 4192 (24)
3433 4127 3652 4196 χωρίον,
3688 4127 3719 4197 ἦ
3760 4129 3852 4181 ἐπί
3898 4147 4014 4181 τινα

2439 4210 2684 4280 κορυφὴν
2726 4212 2904 4278 ὀξεῖαν
2934 4214 3184 4285 καρτερῷ
3226 4215 3392 4285 τείχει
3430 4218 3899 4291 περιειλημμένην
3932 4240 4018 4274 και

2436 4303 2749 4371 ταφεύγων,
2780 4305 2867 4358 διὰ
2900 4306 2998 4377 τὴν
3028 4307 3135 4359 τῶν
3169 4308 3442 4379 πολεμίων
3483 4311 3811 4383 ἐπιδρομήν·
3849 4315 4016 4376 οὕτως

2438 4394 2529 4445 ἐπὶ
2579 4394 2669 4447 τὸν
2716 4396 2848 4449 Θεὸν
2899 4398 3262 4468 καταφεύγει,
3316 4400 3483 4472 μόνην
3529 4399 3666 4455 εἶναι
3718 4404 4017 4476 ἡγούμενος

2436 4486 2740 4540 ἀνάπαυσιν
2768 4488 2863 4560 τὴν
2891 4491 2947 4542 ὲν
2977 4491 3123 4562 αὐτῷ
3155 4492 3434 4564 διαμονήν.
3468 4496 3590 4548 Ὀτι
3637 4497 3737 4567 μὲν
3781 4497 3876 4553 οὖν
3925 4502 4014 4552 ἐπὶ

2435 4579 2526 4631 τὸν
2585 4580 2717 4632 Θεὸν
2774 4584 2806 4651 ἡ
2867 4584 3155 4656 καταφυγὴ
3210 4586 3359 4656 παρὰ
3421 4588 3587 4641 πᾶσιν
3634 4591 4011 4663 ὡμολόγηται,

2438 4671 2635 4742 πολλὴν
2675 4673 2731 4725 δὲ
2775 4674 2981 4746 πλάνην
3010 4678 3104 4730 καὶ
3149 4676 3406 4746 σύγχυσιν
3438 4681 3465 4732 ὁ
3496 4681 3688 4751 ἐχθρὸς
3728 4684 4011 4752 ἐνεποίησε

2439 4764 2566 4836 περὶ
2604 4764 2699 4835 τὴν
2742 4767 2834 4819 τοῦ
2884 4767 3146 4833 σώζοντος
3191 4772 3439 4842 ἐκλογήν.
3482 4773 3879 4828 Ἐπιϐουλεύων
3912 4778 4012 4845 γὰρ

2437 4856 2512 4919 ὡς
2554 4857 2829 4928 πολέμιος,
2862 4862 3021 4915 πάλιν
3052 4864 3178 4927 τοὺς
3218 4865 3700 4930 ὲπιϐουλευθέντας
3746 4870 4007 4938 ἐξαπατᾷ,

2438 4949 2586 5019 αύτῷ
2626 4954 2989 5023 προσερεύγειν
3028 4956 3103 5019 ὡς
3134 4956 3353 5026 φύλακι,
3386 4959 3528 5013 ὥστε
3567 4961 3789 5014 διπλοῦν
3835 4965 4013 5025 αὐτοῖς

2440 5040 2819 5110 περιίστασθαι
2868 5046 2929 5097 τὸ
2980 5047 3185 5100 κακόν·
3228 5049 3259 5120 ἢ
3315 5049 3503 5119 βιαίως
3530 5051 3839 5122 ληφθεῖσιν,
3891 5055 3920 5123 ἦ

2438 5133 2655 5203 ἀπάτης
2697 5136 3072 5208 ἀπολομένοις.
3100 5140 3197 5193 Διὰ
3240 5142 3398 5196 τοῦτο
3443 5144 3579 5216 πρὸς
3620 5144 3880 5216 δαίμονας
3928 5151 4012 5201 7.2".

2504 5364 2614 5444 (ξῖ)
2648 5364 2825 5444 Editio
2854 5362 3014 5418 Basil.
3040 5373 3093 5420 et
3120 5365 3365 5436 quinque
3393 5379 3529 5421 mss.
3561 5367 3803 5439 ἢμόνον.
3844 5371 4012 5426 Editiu

2432 5436 2608 5490 Puris.
2647 5435 2825 5504 μόνον,
3276 5435 3288 5436 ί
3581 5435 3591 5439 -
3619 5435 3627 5437 _

2508 5506 2620 5577 ('33)
2653 5505 2919 5577 Voculam
2953 5501 3047 5557 οῦν
3106 5503 3410 5577 addidimus
3460 5521 3525 5560 ex
3574 5508 3778 5563 Catena
3814 5511 4013 5567 Cordu-

2435 5575 2608 5647 riaua.
2645 5575 2847 5647 Ibidem
2884 5575 3034 5628 Coll).
3061 5575 3323 5647 septimus
3350 5581 3776 5647 περιστατικῶν.

2503 5644 2815 5724 (2i)‘_E:|iti
2868 5645 3251 5724 καταφεύγων.
3306 5647 3374 5698 At
3406 5644 3559 5724 juss.
3609 5660 3832 5724 septem
3890 5655 4007 5724 φεά.

2429 5718 2903 5791 γωνηΑΙιίιιιθιιιυ
2948 5728 3068 5786 pust
3113 5717 3243 5785 lieg.
3297 5718 3486 5771 lcrlitls
3537 5718 3815 5791 πολεμίων
3856 5717 3996 5781 κατι

2429 5788 2659 5859 δρομὴν.
