4230 6490
810 422 911 475 M9

2105 416 2161 467 S.
2203 416 2442 467 BASILII
2480 416 2691 465 MAle

3922 421 4026 467 420

811 540 918 595 boli
954 538 1177 591 insidias
1227 533 1512 603 pugnanti,
1568 532 1822 585 cmittens
1876 529 2366 584 administratorios
2394 534 2481 589 At

2354 534 2438 589 ιΑ
2470 527 2752 597 σύμμαχος
2786 542 2948 579 παντι
2995 526 3071 596 τῷ
3116 526 3523 596 στρατευομένῳ
3564 527 3702 580 κατά
3744 527 3844 597 τῆς
3897 528 4024 597 μεθ-

810 632 1031 704 spiritus
1080 629 1145 682 ad
1201 626 1560 696 indigentium
1614 624 1863 678 salutem.
1930 623 2135 676 Invenit
2183 632 2361 674 autem

808 724 1024 777 aii-ictio
1062 733 1271 773 omnem
1311 716 1542 783 justum,
1578 715 1645 769 ob
1678 715 1801 767 vitae
1856 713 2155 767 institutam
2199 714 2361 765 ratio-

810 826 953 864 nem.
990 808 1089 874 Qui
1125 807 1267 861 enim
1314 805 1549 859 declinat
1591 804 1751 855 latam
1788 818 1850 855 ac
1884 802 2171 869 spatiosam
2201 802 2358 864 viam,

810 902 1050 956 ambulat
1083 909 1263 953 autem
1311 909 1592 968 angustam
1643 906 1696 949 et
1742 905 1944 949 arctam
1989 895 2128 947 viam
2150 894 2216 957 ⁸⁸,
2255 895 2299 947 is
2332 911 2359 947 a

810 990 1243 1047 tribulationibus
1274 989 1564 1043 invenitur.
1610 987 1744 1041 Rem
1774 989 1837 1042 ad
1883 989 2062 1041 vivum
2095 988 2364 1055 expressit

807 1085 1075 1153 Propheta
1104 1122 1119 1145 ,
1155 1097 1275 1134 cum
1312 1080 1483 1132 dixit:
1516 1079 1579 1131 In
1611 1080 2053 1143 tribulationibus,
2085 1095 2199 1148 qua:
2225 1080 2362 1131 iuve-

808 1187 992 1232 nerunt
1028 1192 1117 1228 nos
1160 1173 1332 1226 nimis.
1390 1171 1496 1225 Nos
1528 1173 1671 1224 enim
1707 1185 1805 1224 ceu
1837 1171 2070 1223 animata
2108 1171 2356 1224 animalia

807 1268 1213 1338 deprehendunt
1243 1262 1641 1323 tribulationes,
1678 1276 1795 1329 quas
1826 1262 2135 1330 patientiam
2165 1261 2358 1330 produ-

806 1370 953 1423 cunt,
977 1368 1032 1413 et
1056 1373 1147 1428 per
1177 1356 1492 1424 patientiam
1531 1353 1900 1422 probationem
1926 1392 1940 1415 ,
1971 1362 2023 1404 et
2054 1367 2147 1418 per
2171 1353 2357 1421 proba-

809 1456 1006 1507 tionem
1052 1466 1198 1520 spem
1223 1450 1289 1500 ’³.
1320 1446 1466 1501 Unde
1495 1458 1550 1501 et
1575 1445 1864 1513 Apostolus
1886 1444 1998 1497 ait:
2032 1443 2137 1497 Per
2164 1448 2356 1498 multa:

806 1544 1172 1598 tribulatione:
1201 1550 1398 1608 Oportet
1423 1555 1515 1591 nos
1539 1539 1731 1589 intrare
1757 1536 1808 1587 in
1831 1550 2039 1603 regnum
2054 1533 2241 1588 'Dei'i.
2269 1533 2353 1600 Et,

808 1637 989 1690 Multa,
1018 1634 1377 1686 tribulatione:
1394 1631 1656 1698 justorum
1672 1629 1736 1681 ’⁷.
1760 1628 1912 1696 172
1946 1626 2049 1681 Sed
2074 1630 2163 1695 qui
2192 1642 2356 1696 gene-

808 1743 928 1783 rose
946 1736 1001 1782 et
1026 1725 1291 1793 intrepide
1318 1721 1678 1775 tribulationis
1704 1721 2053 1773 tentationem
2083 1721 2354 1772 sustinue-

808 1832 899 1883 rit,
918 1819 1092 1872 dicet:
1116 1815 1180 1869 In
1208 1815 1286 1867 his
1311 1815 1542 1866 omnibus
1568 1827 1867 1878 superamus
1896 1822 2103 1877 propter
2131 1826 2249 1862 eum
2267 1809 2354 1877 qui

2465 620 2641 680 οδείας
2687 617 2778 669 τοῦ
2834 617 3100 680 διαϐόλου,
3151 617 3489 671 ἀποστέλλων
3562 618 3632 671 τὰ
3677 619 4022 689 λειτουργικὰ

2464 710 2748 778 πνεύματα
2799 710 2934 779 πρὸς
2979 709 3075 779 τὴν
3125 709 3396 780 σωτηρίαν
3435 710 3542 761 τῶν
3587 710 3876 779 δεομένων.
3920 713 4020 764 Ei)-

2466 801 2638 871 ρίσκει
2675 800 2731 853 δὲ
2773 802 2805 869 ἡ
2858 800 3033 862 θλίψις
3074 800 3248 854 πάντα
3286 801 3377 853 τὸν
3416 801 3616 853 δίκαιον
3655 802 3740 855 διὰ
3784 802 3881 874 τὴν
3926 803 4019 855 τοῦ

2464 892 2576 960 βίου
2644 892 3002 960 ἐπιτήδευσιν.
3041 892 3098 944 '0
3146 892 3252 961 γὰρ
3303 892 3562 945 ἐκκλίνων
3607 894 3700 963 μὲν
3726 894 3825 964 τὴν
3882 895 4017 946 πλα-

2461 986 2606 1036 τεῖαν
2651 984 2745 1035 καὶ
2803 982 3110 1055 εὐρύχωρον
3156 983 3293 1047 ὁδὸν,
3344 982 3541 1035 ὁδεύων
3588 984 3643 1036 δὲ
3680 985 3779 1053 τὴν
3828 985 4017 1055 στενὴν

2460 1078 2552 1128 καὶ
2605 1076 3006 1147 τεθλιμμένην,
3069 1076 3379 1147 εὑρίσκεται
3433 1076 3535 1128 ὑπὸ
3576 1076 3681 1128 τῶν
3743 1076 3991 1143 θλίψεων.

2473 1166 2755 1237 Ἐμψύχως
2817 1169 2907 1220 τὸν
2985 1167 3139 1234 λόγον
3198 1168 3558 1237 ἐσχημάτισεν
3626 1168 3653 1220 ὁ
3725 1167 4014 1237 Προφήτης

2458 1260 2622 1313 είπὼν
2644 1277 2657 1290 °
2704 1261 2804 1313 Ἐν
2826 1259 3067 1325 θλίψεσι
3096 1258 3223 1324 ταῖς
3247 1260 3563 1326 εὑρούσαις
3591 1256 3746 1325 ἡμᾶς
3764 1256 4013 1324 σφόδρα.

2460 1350 2665 1422 Ὥσπερ
2715 1350 2824 1420 γὰρ
2874 1347 2986 1412 ζῶα
3035 1347 3248 1418 ἔμψυχα
3302 1348 3802 1419 καταλαμϐάνουσιν
3849 1350 4013 1418 ἡμᾶς,

2456 1440 2813 1509 ἐργαζόμεναι
2844 1440 3138 1512 ὑπομονὴν,
3182 1442 3273 1494 καὶ
3311 1441 3397 1494 διά
3436 1441 3536 1509 τῆς
3562 1440 3837 1511 ὑπομονῆς
3872 1440 4016 1492 δοκιο

2458 1529 2584 1600 μὴν,
2618 1533 2710 1585 καὶ
2734 1533 2820 1586 διὰ
2849 1533 2949 1602 τῆς
2972 1532 3198 1603 δοκιμῆς
3226 1534 3431 1585 ἐλπίδα.
3472 1531 3631 1585 Ὅθεν
3669 1532 3761 1585 καὶ
3796 1533 3824 1583 ὁ
3869 1532 4016 1583 Ἀπόο

2457 1622 2637 1685 στολός
2664 1640 2792 1691 φησι
2814 1640 2825 1652 ⁸
2860 1624 2961 1677 Διὰ
2978 1622 3223 1676 πολλῶν
3251 1624 3512 1691 θλίψεων⁴
3543 1622 3638 1676 δεῖ
3658 1621 3813 1692 ἡμᾶς
3831 1625 4017 1676 εἰσελ-

2455 1712 2577 1764 θεῖν
2615 1717 2700 1778 είς
2726 1714 2838 1780 τὴν
2861 1714 3186 1777 ,ϐασιλείαν
3216 1712 3320 1765 τοῦ
3347 1715 3490 1769 Θεοῦ
3531 1716 3677 1785 (50)·
3720 1716 3832 1779 καὶ,
3864 1719 4016 1769 Πολ-

2456 1802 2556 1854 λαὶ
2590 1805 2649 1855 al
2684 1804 2920 1870 θλίψεις
2949 1802 3067 1855 τῶν
3106 1802 3368 1855 δικαίων.
3418 1804 3553 1855 Ἀλλ’
3581 1806 3608 1856 ὁ
3633 1805 3891 1872 γενναίως
3924 1806 4016 1857 καὶ

805 1912 987 1964 dilexit
1023 1925 1114 1962 nos
1136 1907 1201 1959 ’⁸.
1237 1906 1313 1958 Ac
1350 1916 1552 1958 tantum
1584 1906 1737 1955 abest
1772 1910 1830 1954 ut
1859 1900 2095 1953 animum
2127 1901 2355 1968 despon-
2386 1870 2427 1923 Β
2457 1893 2475 1944 ἐ

2343 1929 2355 1939 .
2386 1870 2427 1923 Β
2457 1892 2742 1963 ἀταράχως
2771 1894 2860 1946 τὸν
2899 1896 2963 1947 ἐκ
3002 1893 3100 1963 τῆς
3136 1892 3364 1960 θλίψεως
3390 1870 3689 1965 πειρασμδν
3720 1895 4013 1965 ὑπομείνας

807 2008 951 2066 deat,
985 2018 1049 2054 ac
1096 2007 1305 2068 torpeat
1348 1996 1399 2049 in
1432 1991 1895 2057 tribulationibus,
1932 1999 1990 2043 ut
2038 1990 2198 2045 etiam
2245 1988 2357 2058 glo-

806 2095 983 2150 riandi
1018 2093 1357 2147 occasionem
1394 2102 1460 2140 ex
1506 2084 1764 2138 malorum
1798 2082 2164 2151 magnitudine
2193 2081 2355 2136 desu-

808 2200 936 2251 mat,
971 2187 1155 2239 dicens
1190 2201 1205 2235 :
1246 2180 1363 2234 Non
1411 2179 1578 2233 solum
1616 2188 1810 2243 autem,
1840 2178 1929 2232 sed
1974 2186 2021 2229 et
2066 2175 2357 2245 gloriamur

806 2280 856 2331 in
895 2272 1313 2329 tribulationibus
1339 2272 1406 2322 ".

874 2544 926 2595 5.
966 2542 1129 2595 Vrsas.
1161 2540 1212 2592 3.
1251 2535 1529 2605 Propterea
1556 2551 1656 2586 non
1690 2532 1979 2584 timebimus
2028 2529 2149 2580 dum
2181 2526 2356 2578 turba-

807 2648 890 2688 tur
919 2644 1076 2695 terra,
1111 2641 1155 2684 et
1199 2628 1588 2696 transferuntur
1612 2634 1808 2677 montes
1838 2624 1891 2673 in
1918 2620 2079 2674 corda
2108 2618 2352 2671 marium.

808 2728 1054 2797 llagnam
1096 2721 1400 2776 ﬁrmitatem
1449 2716 1655 2771 ﬁduciae
1701 2715 1751 2768 in
1790 2712 2073 2768 Christum
2121 2709 2357 2765 ostendit

807 2821 1068 2890 PrOpheta
1099 2834 1113 2869 :
1146 2815 1420 2875 nimirum,
1461 2809 1675 2866 etiamsi
1715 2806 1898 2863 omnia
1950 2819 2163 2859 sursum
2197 2804 2355 2856 deor-

805 2929 919 2967 sum
956 2909 1357 2979 provolvantur,
1386 2904 1597 2959 etiamsi
1626 2912 1767 2955 terra
1791 2900 1999 2953 turbata
2035 2897 2353 2963 invertatur,

807 3001 1017 3058 etiamsi
1056 3007 1286 3062 montes,
1308 2994 1529 3064 propria
1559 2993 1687 3045 sede
1728 2988 1935 3053 relicta,
1961 2985 2357 3041 transferantur

807 3115 856 3150 in
886 3094 1116 3150 medium
1149 3105 1316 3154 mare,
1360 3087 1482 3140 Non
1512 3085 1804 3139 timebimus
1836 3099 1853 3135 :
1889 3080 2028 3150 quod
2062 3080 2227 3133 Deum
2260 3078 2355 3132 ha-

2457 1985 2588 2055 ἐρεῖ,
2616 1986 2695 2037 ὄτι
2736 1986 2837 2040 Ἐν
2859 1986 3090 2051 τούτοις
3118 1985 3306 2039 πᾶσιν
3342 1985 3746 2053 ὑπερνικῶμεν
3781 1987 3877 2039 διὰ
3907 1986 4014 2039 τοῦ

2453 2076 2873 2145 ἀγλαπήσαντος
2898 2077 3072 2148 ἡμᾶς.
3119 2080 3230 2133 Καὶ
3270 2077 3519 2131 τοσοῦτον
3559 2078 3746 2147 ἀπέχει
3772 2079 4016 2147 ἀπαυδᾷν

2454 2169 2547 2221 καὶ
2584 2170 2840 2222 ἀποκνεῖν
2871 2172 2927 2224 ἐν
2972 2174 3091 2234 ταῖς
3124 2171 3384 2240 θλίψεσιν,
3419 2172 3500 2223 ὅτι
3548 2170 3637 2223 καὶ
3670 2171 4016 2239 καυχήματος

2454 2259 2704 2332 ἀφορμὴν
2744 2260 2804 2313 τὸ
2832 2260 3159 2333 ὑπερϐάλλον
3190 2262 3297 2314 τῶν
3340 2260 3525 2314 κακῶν
3556 2263 3783 2312 ποιεῖται
3824 2260 4013 2328 λέγων,

2452 2353 2533 2404 ὅτι
2563 2354 2644 2405 Οὐ
2670 2352 2863 2420 μόνον
2903 2351 2989 2414 δὲ,
3036 2352 3195 2407 ἀλλὰ
3233 2354 3329 2407 καὶ
3381 2351 3741 2421 καυχώμενοι
3776 2352 3846 2405 ἐν
3889 2351 4017 2417 ταῖς

2453 2440 2718 2507 θλίψεσι.

2523 2530 2575 2582 '5.
2620 2531 2721 2584 Διά
2761 2531 2934 2585 τοῦτο
2973 2532 3044 2585 οὐ
3079 2532 3533 2601 φοϐηθησόμεθα
3576 2532 3644 2585 ἐν
3683 2531 3762 2596 τῷ
3794 2531 3988 2598 ταράσ

2455 2625 2665 2675 σεσθαι
2680 2623 2795 2689 τὴν
2816 2622 2951 2690 γῆν,
2982 2624 3076 2677 καὶ
3097 2624 3507 2693 μετατίθεσθαι
3534 2624 3639 2692 ὄρη
3664 2624 3733 2677 ἐν
3752 2623 4017 2693 καρδίαις

2456 2711 2798 2767 θαλασσῶν.
2841 2714 2997 2780 Μέγα
3020 2714 3379 2767 ἐπιδείκνυται
3412 2715 3471 2767 τὸ
3505 2715 3784 2785 στερέωμα
3809 2715 3909 2783 τῆς
3938 2717 4016 2776 είς

2453 2804 2685 2876 Χριστὸν
2738 2804 3110 2873 πεποιθήσεως
3156 2808 3267 2877 (51)
3318 2810 3345 2859 ὁ
3399 2808 3723 2878 Προφήτης,
3771 2807 3856 2859 ὅτι
3912 2806 4019 2858 κᾶν

2454 2899 2631 2951 πάντα
2683 2896 2793 2949 ἄνω
2822 2893 2914 2947 καὶ
2946 2894 3094 2947 κάτω
3134 2898 3369 2967 γίνηται,
3415 2898 3515 2950 κᾶν
3542 2901 3575 2967 ἠ
3617 2900 3685 2967 γῆ
3721 2897 4015 2967 στρέφηται

2452 2988 2827 3061 ταρασσομένη
2847 3027 2861 3050 ,
2902 2986 3002 3040 κᾶν
3029 2987 3097 3039 τὰ
3128 2987 3229 3057 ὅρη
3255 2986 3351 3057 τὴν
3380 2988 3583 3039 οἰκείαν
3610 2989 3768 3055 ἕδραν
3794 2988 4014 3039 καταλι-

2455 3084 2621 3135 πόντα
2642 3122 2655 3144 ,
2687 3080 2819 3151 πρὸς
2855 3079 2923 3132 τὰ
2962 3078 3099 3149 μέσα
3136 3077 3450 3149 μεθίσταται
3480 3077 3578 3146 τῆς
3608 3076 3904 3147 θαλάσσης·
3936 3079 4016 3131 Οὐ

808 3200 1025 3241 ueamus
1053 3183 1317 3249 refugium
1345 3180 1706 3244 virtutemque
1744 3183 1798 3227 et
1841 3173 2138 3241 adiutorem
2170 3170 2221 3222 in
2255 3170 2350 3221 tri-
2379 3203 2426 3264 ϐ
2455 3194 2478 3243 9

2345 3196 2350 3207 ι
2379 3203 2426 3264 c
2455 3174 2925 3243 φοϐηθησόμεθα,
2958 3170 3045 3225 διὰ
3070 3171 3129 3224 τὸ
3153 3169 3294 3240 ἔχειν
3319 3170 3410 3224 τὸν
3430 3169 3560 3223 Θεὸν
3589 3168 3904 3238 καταφυγὴν
3928 3170 4015 3221 καὶ

808 3275 1189 3336 palationibus,
1219 3285 1337 3339 quae
1370 3270 1688 3320 invenerunt
1720 3280 1817 3318 nos
1853 3264 2033 3315 nimis.
2063 3258 2352 3326 Cuiusnam
2390 3258 2423 3264 “
2455 3265 2478 3317 δ

2346 3277 2352 3311 I
2390 3258 2423 3264 “
2455 3264 2679 3334 δύναμιν
2707 3264 2799 3317 καὶ
2843 3262 3032 3334 βοηθὸν
3064 3264 3119 3315 ἐν
3146 3262 3356 3331 θλίψεσι
3394 3265 3512 3325 ταῖς
3546 3260 3832 3332 εὑρούσαις
3874 3260 4016 3329 ἡμᾶς

807 3387 897 3425 cor
932 3366 1258 3437 impavidum
1300 3361 1465 3425 adeo,
1515 3356 1792 3423 cujnsnam
1828 3355 2184 3424 cogitationes
2222 3353 2355 3406 adeo

808 3472 931 3517 sunt
956 3456 1375 3528 imperturbata,
1408 3465 1467 3507 ut
1491 3451 1632 3506 illius
1661 3449 1873 3502 animus
1904 3447 1956 3501 in
1996 3454 2141 3498 tanta
2168 3442 2356 3498 confu-

808 3556 957 3609 sione
994 3551 1066 3605 sit
1110 3550 1175 3601 ad
1212 3549 1378 3601 Deum
1415 3547 1673 3608 intentus,
1717 3557 1779 3595 ac
1814 3549 2032 3609 propter
2062 3538 2352 3606 repositam

808 3662 858 3698 in
885 3646 1003 3711 ipso
1048 3654 1194 3709 spem
1236 3654 1302 3693 ex
1341 3636 1488 3691 nullo
1534 3649 1713 3686 rerum
1749 3641 1942 3685 eventu
1975 3627 2356 3699 perturbetur?

808 3736 913 3789 Nos
942 3748 1069 3787 vero
1090 3730 1334 3784 hominis
1367 3728 1499 3781 iram
1535 3739 1637 3777 non
1669 3723 2030 3784 sustinemus;
2066 3731 2158 3772 aut
2190 3721 2357 3787 impe-

809 3838 951 3882 tente
986 3840 1081 3879 nos
1111 3836 1266 3884 cane,
1319 3830 1412 3873 aut
1458 3817 1564 3872 alio
1621 3814 1812 3886 quovis
1862 3811 2100 3876 animali,
2133 3825 2239 3864 non
2291 3810 2357 3863 ad

811 3920 973 3970 Deum
1008 3914 1320 3983 respicimus
1360 3912 1657 3979 adjutorem
1695 3918 1941 3964 nostrum
1976 3906 2029 3958 in
2062 3905 2357 3959 tribulatio.

809 4011 985 4074 nibus,
1024 4007 1116 4060 sed
1172 4004 1455 4074 stupefacti
1494 4004 1561 4055 ad
1615 4016 1711 4055 nos
1760 4001 1908 4069 ipsos
1969 3998 2355 4053 convertimur.

813 4100 975 4155 Vens.
1010 4099 1062 4153 4.
1100 4098 1395 4151 Sonuerunt
1441 4105 1488 4147 et
1537 4094 1758 4146 turbate
1806 4102 1923 4144 sunt
1965 4104 2113 4157 aqua:
2160 4101 2356 4139 eorum.

811 4194 956 4247 Dixit
1001 4191 1203 4242 telluris
1254 4185 1716 4241 conturbationem
1776 4196 1841 4239 ac
1872 4181 2130 4236 montium
2181 4190 2360 4235 trans-

810 4286 1059 4337 lationem
1109 4299 1124 4335 :
1174 4280 1342 4334 maris
1387 4292 1600 4347 quoque
1654 4276 2069 4332 commotionem
2124 4273 2256 4327 dicit
2308 4278 2362 4322 et

810 4378 1162 4436 eversionem,
1209 4371 1479 4426 montibus
1516 4371 1565 4423 in
1615 4370 1848 4423 medium
1898 4368 2119 4437 pelagus
2152 4364 2360 4420 ruenti-

812 4470 926 4522 bus.
955 4466 1247 4521 Sonuerunt
1268 4473 1314 4516 et
1339 4463 1558 4515 turbata:
1583 4468 1705 4514 sunt
1726 4474 1875 4528 aquae
1895 4474 2072 4512 eorum
2085 4474 2104 4522 ;
2132 4457 2360 4510 marium

2459 3357 2682 3427 σφόδρα.
2722 3354 2874 3417 Τίνος
2908 3355 3076 3417 οὕτως
3115 3355 3382 3425 ἀπτόητος
3416 3356 3448 3423 ἡ
3492 3353 3718 3422 καρδία,
3750 3354 3894 3415 τίνος
3931 3351 4019 3404 οὑ-

2454 3463 2562 3510 τως
2608 3444 2868 3515 ἀτάραχοι
2917 3443 2966 3495 οἱ
3017 3441 3283 3513 λογισμοὶ,
3332 3440 3472 3494 ὥστε
3518 3443 3575 3492 ἐν
3606 3444 3671 3511 τῇ
3720 3440 4014 3510 τηλικαύτῃ

2458 3539 2713 3609 συγχύσει
2762 3537 3014 3591 τετάσθαι
3058 3540 3125 3607 τῇ
3170 3537 3376 3608 διανοίᾳ
3427 3536 3562 3607 πρὸς
3601 3537 3690 3588 τὸν
3727 3534 3882 3598 Θεὸν,
3927 3537 4018 3588 καὶ

2456 3635 2541 3689 διὰ
2572 3633 2669 3705 τὴν
2714 3632 2847 3703 πρὸς
2880 3632 3038 3684 αὑτὸν
3067 3631 3271 3691 ἐλπίδα,
3306 3630 3396 3681 ἐπὶ
3441 3626 3629 3697 μηδενὶ
3669 3627 3777 3678 τῶν
3804 3628 4018 3697 γινομέ-

2456 3741 2561 3777 νων
2604 3721 3028 3793 ἐκπλήττεσθαι;
3080 3720 3265 3788 Ἡμεῖς
3309 3718 3363 3769 δὲ
3405 3716 3687 3787 ἀνθρώπου
3716 3718 3885 3790 ὀργὴν
3922 3721 4017 3788 οὑχ

2458 3814 2829 3883 ὑπομένομεν·
2872 3811 2903 3880 ἢ
2952 3809 3109 3871 κυνὸς
3154 3807 3570 3878 ἐπιδραμόντος,
3621 3808 3845 3878 ἣᾶλλου
3877 3809 4017 3871 τινῆς

2458 3905 2666 3977 θηρίου,
2694 3904 2754 3956 οὑ
2786 3903 2918 3974 πρὸς
2949 3901 3080 3953 Θεὸν
3106 3900 3481 3970 ἀποϐλέπομεν
3510 3900 3601 3953 τὸν
3632 3899 3824 3970 βοηθὸν
3863 3903 3895 3969 ἡ
3907 3900 4016 3970 μῶν

2458 4002 2514 4052 ὲν
2546 4001 2664 4060 ταῖς
2697 3996 2956 4066 θλίψεσιν,
2991 3992 3125 4047 άλλά
3165 3993 3578 4063 διαπτοηθέντες
3610 3993 3746 4063 πρὸς
3793 3994 4016 4054 ἑαυτοὺς

2460 4087 2911 4160 ἐπιστρεφόμεθα.
2961 4088 3238 4155 Ἦχησαν
3305 4084 3400 4137 καὶ
3477 4084 3895 4152 ἐταράχθησαν
3950 4084 4019 4137 τὰ

2460 4180 2645 4233 ὕδατα
2675 4178 2887 4232 αὐτῶν.
2926 4174 3056 4230 Εἶπε
3084 4177 3185 4247 γῆς
3218 4176 3479 4247 ταραχὴν,
3505 4178 3597 4229 καί
3626 4175 3768 4245 ὀρῶν
3796 4176 4018 4245 μετάθε-

2464 4283 2546 4319 σιν
2567 4284 2578 4296 ·
2610 4268 2754 4333 λέγει
2780 4269 2871 4319 καὶ
2893 4267 3159 4336 Θαλάσσης
3188 4266 3344 4318 σάλον
3380 4267 3472 4318 καὶ
3497 4266 3828 4337 ἀνατροπὴν,
3858 4268 4016 4335 μέσον

2462 4355 2569 4408 τῶν
2610 4356 2776 4426 ὀρέων
2819 4359 2927 4416 τοῖς
2974 4355 3263 4423 πελάγεσιν
3302 4355 3695 4424 ἐμπιπτόντων.
3750 4359 4018 4423 Ἠχησαν

2464 4450 2559 4502 καὶ
2581 4447 2995 4516 ἐταράχθησαν
3018 4446 3088 4499 τὰ
3113 4446 3299 4500 ὕδατα
3331 4444 3525 4499 αὐτῶν
3548 4463 3562 4476 ·
3603 4448 3708 4498 τῶν
3740 4445 4017 4499 θαλασσῶν

811 4555 1075 4610 videlicet.
1124 4553 1446 4621 Ampliorem
1496 4558 1670 4603 autem
1721 4547 2179 4616 perturbationem
2213 4544 2360 4599 exci-
2390 4534 2481 4591 DE

2346 4570 2360 4584 .
2390 4534 2435 4590 D
2462 4538 2719 4607 δηλονότι.
2782 4538 2902 4590 Ἐπὶ
2934 4537 3092 4590 πλέον
3132 4536 3187 4590 δὲ
3228 4538 3457 4589 ποιεῖται
3503 4534 3599 4605 τὴν
3644 4535 3754 4605 (52)
3807 4538 3865 4589 ἐν
3910 4538 4016 4599 τοῖς

811 4654 929 4700 tant
954 4646 1005 4700 in
1033 4643 1185 4712 aquis
1213 4653 1421 4698 montes
1452 4642 1576 4710 ipsi,
1611 4640 1653 4694 si
1680 4640 1730 4692 in
1757 4636 1888 4691 mari
1919 4636 2056 4689 ﬁrmi
2084 4651 2188 4690 non
2211 4646 2358 4700 sunt,

810 4737 903 4791 sed
938 4735 1149 4804 propria
1177 4732 1468 4803 agitatione
1503 4729 1723 4784 multum
1761 4726 1917 4796 aquis
1957 4723 2185 4779 afferunt
2215 4739 2359 4778 com-

815 4826 1081 4879 motionis.
1119 4822 1248 4877 Cum
1289 4821 1451 4891 igitur
1488 4829 1629 4871 terra
1658 4818 1922 4877 turbatur,
1964 4821 2018 4867 et
2052 4828 2201 4880 aqua:
2245 4826 2361 4865 ma-

815 4919 949 4970 rium
987 4915 1148 4969 edent
1179 4928 1389 4971 sonum.
1419 4919 1473 4964 et
1507 4924 1571 4962 ex
1617 4908 1879 4977 profundo
1910 4902 2189 4964 ebullient,
2237 4916 2358 4956 cum

817 5016 1024 5059 montes
1081 5005 1477 5057 transferuntur
1528 5009 1580 5052 et
1627 4996 2084 5067 perturbationem
2142 4992 2360 5046 multam

814 5099 1116 5162 Sustinent,
1173 5112 1268 5164 per
1309 5102 1719 5163 exsuperantem
1768 5088 1979 5145 Domini
2026 5086 2357 5153 potentiam:

818 5201 962 5254 tunc,
1001 5189 1196 5257 inquit,
1243 5203 1339 5242 cor
1380 5185 1825 5256 imperturbatum
1874 5185 2178 5249 permanet,
2225 5173 2366 5246 quod

884 5289 930 5317 ”
959 5285 1143 5337 Matth.
1182 5301 1277 5347 vn,
1317 5283 1404 5349 13,
1432 5283 1516 5337 Ni.
1630 5280 1674 5311 "
1715 5278 1870 5331 Rom.
1913 5292 1965 5340 v,
2007 5274 2059 5336 5,
2093 5270 2147 5323 4.

853 5357 895 5387 θ’
937 5356 1091 5408 Rom.
1133 5370 1183 5417 v,
1227 5355 1280 5406 ὅ.

890 5468 998 5535 (50)
1031 5466 1101 5518 Ita
1136 5481 1263 5535 mss.
1291 5478 1479 5535 novem
1499 5478 1618 5535 cum
1646 5460 1857 5535 vulgato
1884 5456 2175 5535 Scriptura:
2194 5464 2359 5535 tortu.

820 5523 954 5589 Editi
982 5523 1083 5607 τὴν
1113 5534 1383 5605 βασιλείαν
1404 5532 1510 5607 τῷν
1528 5523 1785 5600 οὐρανῶν.
1816 5528 1928 5607 biox
1949 5524 2076 5607 editi
2091 5538 2206 5575 cum
2232 5523 2363 5607 iieg.

820 5607 1003 5670 quinto
1031 5592 1059 5659 ὁ
1091 5592 1349 5673 γενναῖος,
1388 5604 1492 5655 Alii
1528 5592 1620 5673 sei
1661 5615 1791 5673 mss.
1833 5601 1861 5649 ὁ
1889 5592 2172 5671 γενναίως.
2205 5604 2259 5645 et
2287 5592 2363 5673 ita

819 5662 1267 5741 legendum'esse,
1300 5662 1342 5726 si
1376 5688 1495 5741 non
1536 5671 1765 5724 aliunde.
1794 5680 1844 5719 at
1893 5662 1957 5719 ex
2008 5662 2247 5731 proxima
2284 5670 2365 5713 ta-

820 5740 936 5797 men
961 5762 1090 5799 voce
1116 5744 1421 5814 ἀταράχως,
1449 5740 1604 5809 plane
1639 5745 1927 5814 t-onslaret.

891 5817 999 5869 (Ii-ll
1028 5816 1116 5869 Sic
1157 5800 1463 5869 οιιὶοἰίιεέέ.⁵
1486 5823 1605 5863 cum
1638 5809 1867 5861 editione
1916 5801 2073 5857 Basil.
2116 5801 2182 5855 At
2212 5800 2360 5855 Colb.

2470 4629 2622 4682 ὕδασι
2653 4630 2892 4700 ταραχὴν
2934 4630 3071 4683 αὑτά
3112 4629 3182 4682 τὰ
3225 4629 3323 4700 ὄρη
3373 4627 3443 4696 μὴ
3481 4627 3792 4698 ἐνιδρυμένα
3826 4633 3889 4698 τῇ
3924 4628 4015 4681 θα-

2472 4720 2662 4791 λάσσῃ,
2688 4721 2822 4775 ἀλλὰ
2863 4720 2940 4790 τῷ
2967 4721 3148 4789 οἰκείῳ
3183 4718 3324 4787 σάλῳ
3361 4717 3525 4770 πολὺν
3558 4717 3883 4787 ἐμποιοῦντα
3924 4717 4015 4769 τὸν

2468 4814 2650 4865 κλόνον
2684 4816 2790 4877 τοῖς
2822 4813 3024 4866 ὓδασιν.
3058 4813 3186 4862 Ὅτε
3214 4810 3388 4863 τοίνυν
3439 4812 3471 4880 ἡ
3527 4811 3623 4880 μὲν
3660 4809 3730 4877 γῆ
3758 4812 4017 4881 ταράσσεο

2466 4921 2576 4967 ται,
2614 4902 2778 4956 ὕδατα
2818 4906 2872 4957 δὲ
2900 4901 3178 4957 θαλασσῶν
3211 4903 3397 4971 ὴχήσει
3432 4902 3523 4954 καὶ
3554 4898 4015 4972 ἀναδρασθήσεται

2469 4999 2532 5049 ἐκ
2563 4997 2754 5065 βυθῶν,
2784 4998 2883 5069 ὅρη
2907 4998 2963 5050 δὲ
2994 4994 3331 5066 μετατίθεται
3356 4994 3446 5047 καὶ
3473 4992 3635 5055 πολὺν
3656 4992 3911 5063 ὑπομένει
3933 4992 4014 5043 τὸν

2470 5089 2721 5157 τάραχον,
2752 5088 2837 5140 διὰ
2871 5087 2929 5140 τὸ
2968 5083 3298 5155 ὑπερϐάλλον
3341 5083 3436 5151 τῆς
3472 5079 3750 5150 δυνάμεως
3783 5078 3877 5131 τοῦ
3912 5081 4013 5131 Ku-

2478 5177 2621 5247 ρίου·
2654 5179 2791 5243 τότε,
2825 5180 3008 5249 φησιν,
3038 5178 3303 5246 ἁπτόητος
3326 5174 3479 5245 ἡμῶν
3512 5179 3543 5244 ἠ
3572 5174 3768 5243 καρδία
3797 5172 3889 5224 τοῦ
3919 5175 4015 5225 ἀσ-

2261 5271 2309 5303 ⁹⁶
2344 5270 2465 5324 Act.
2510 5288 2618 5334 xw,
2660 5274 2747 5328 21.
2823 5276 2868 5305 ⁸⁷
2910 5273 3050 5328 Psal.
3092 5288 3284 5336 XXXIII,
3323 5271 3410 5325 9.0.
3488 5269 3533 5300 ”
3573 5269 3729 5321 Rom.
3773 5285 3888 5331 vni,
3928 5269 4011 5322 37.

2470 5459 2653 5504 sextus
2684 5459 2738 5502 et
2770 5448 2933 5502 editio
2965 5447 3136 5500 Paris.
3181 5447 3279 5516 τῆς
3324 5447 3403 5506 εἰς
3434 5441 3581 5516 ’Θεὸν
3628 5441 4014 5516 πεποιθήσεως.

2543 5519 2653 5589 (52)
2679 5518 2828 5572 Colb.
2857 5519 3060 5586 primus
3100 5510 3381 5591 ποιεῖ’τήχ.
3433 5512 3540 5591 ﬁec
3570 5510 4013 5591 ita.multo_‘inlra

2473 5580 2869 5659 quinque-mss:
2905 5586 3289 5659 cumAeditione
3318 5580 3493 5659 ’Basil.
3526 5580 3820 5659 ποιοῦνται.
3845 5580 4016 5659 ξοιιιυ

2474 5650 2810 5711 νει-οῬιιγὶε.
2858 5673 2977 5709 cum
3008 5656 3158 5709 Colb.
3202 5663 3353 5709 sexto
3382 5650 3730 5720 ἐμποιοῦντα.
3788 5650 4018 5703 Subinde

2474 5743 2601 5851 bmals.
2641 5737 2750 5781 tres
2790 5731 2821 5797 ἡ
2854 5728 2948 5795 μὲν
2980 5726 3071 5794 γῆ.
3118 5723 3313 5779 Vocula
3345 5722 3443 5793 μέν
3475 5722 3526 5775 in
3559 5722 3719 5776 editis
3749 5720 4017 5774 desidera-

2512 5815 2537 5850 a
2569 5813 2648 5850 ur.

2512 5813 2597 5850 Illu
2609 5814 2648 5850 Γ.
