4230 6502
220 458 296 523 se
307 473 324 524 ι

1347 466 1633 516 HUMI‘LIA
1669 465 1735 512 ΙΝ
1778 463 2108 513 ΡδΑιΜυΜ
2150 464 2304 512 ΜΝ.

3351 462 3456 517 ηε

224 586 415 654 φαλεῖς
461 584 557 637 καὶ
605 582 822 653 βεϐαίας
870 581 1012 652 ἔχειν
1066 583 1159 634 ἐπὶ
1206 580 1335 634 Θεὸν
1393 580 1491 643 τὰς
1547 578 1789 642 ἐλπίδας.
1825 583 1868 638 Α

1787 621 1789 628 ,
1825 583 1868 638 Α
1899 587 2042 633 tutas
2075 578 2368 647 tlrmasque
2409 577 2461 631 in
2494 576 2604 634 Deo
2637 592 2764 648 spes
2807 577 3023 633 habeat.
3085 577 3303 634 Turbati
3338 590 3457 634 sunt

237 676 688 745 Ἐταράχθησαν
713 677 787 731 τὰ
817 676 920 744 ὄρη
953 675 1023 728 ἐν
1052 672 1126 742 τῇ
1163 673 1535 741 κραταιότητι
1582 673 1788 727 αὐτοῦ.

223 766 460 819 Δύνασαι
487 767 580 819 καὶ
613 765 888 838 τροπικῶς
914 764 1157 819 ἐκλαϐεῖν
1184 764 1283 836 τὴν
1311 763 1548 818 διάνοιαν
1573 763 1666 816 τοῦ
1697 767 1793 834 ρη-

223 856 344 921 τοῦ,
381 857 486 926 ὄρη
528 857 806 927 ὀνομάζων
846 857 972 920 τοὺς
1020 855 1550 926 μεγαλοφρονοῦντας
1580 855 1673 908 ἐπὶ
1716 856 1794 925 τῷ

225 949 435 1001 ὲαυτῶν
485 949 720 1018 μεγέθει,
769 947 1090 1017 ἀγνοοῦντας
1137 946 1194 999 δὲ
1241 947 1338 1018 τὴν
1369 947 1460 1000 τοῦ
1494 947 1627 1001 Θεοῦ
1659 965 1792 1019 κρα-

225 1041 506 1111 ταιότητα,
537 1041 630 1094 καὶ
651 1041 1118 1111 ὐπερυψουμένους
1145 1040 1287 1093 κατά
1313 1040 1411 1112 τῆς
1430 1040 1683 1108 γνώσεως
1699 1041 1791 1093 τοῦ

227 1132 388 1199 Θεοῦ,
426 1128 543 1185 εἶτα
588 1133 914 1202 νικωμένους
949 1131 1051 1184 ὐπὸ
1078 1131 1184 1186 τῶν
1225 1131 1362 1202 μετά
1393 1132 1670 1201 δυνάμεως
1701 1133 1794 1185 καὶ

230 1223 423 1293 σοφίας
448 1223 849 1293 πρεσϐευόντων
877 1223 967 1275 τὸν
993 1223 1089 1293 τῆς
1117 1223 1306 1292 σοφίας
1333 1223 1508 1292 λόγον,
1537 1224 1629 1277 καὶ
1657 1224 1792 1293 μετὰ

224 1310 328 1382 τὴν
359 1311 700 1382 συναίσθησιν
732 1311 826 1381 τῆς
867 1310 1073 1363 ἑαυτῶν
1117 1312 1386 1381 πτωχείας
1430 1312 1794 1381 φοϐουμένους

224 1403 318 1453 τὸν
352 1401 574 1472 Κύριον,
612 1401 704 1453 καὶ
735 1402 1292 1472 ὐποταπεινουμὲνους
1343 1405 1407 1472 τῇ
1445 1403 1795 1473 κραταιότητι

226 1492 416 1545 αὐτοῦ.
459 1493 527 1544 Ἢ
556 1491 694 1560 τάχα
729 1491 822 1544 καὶ
852 1494 900 1544 οί
935 1493 1190 1563 ἄρχοντες
1219 1492 1313 1545 τοῦ
1353 1493 1546 1557 αἰῶνος
1583 1493 1791 1556 τούτου,

226 1585 323 1636 καὶ
345 1583 576 1653 πατέρες
601 1582 700 1653 τῆς
732 1584 1106 1653 ἀπολλυμένης
1141 1583 1352 1651 σοφίας,
1386 1583 1489 1653 ὄρη
1519 1584 1612 1638 καὶ
1644 1586 1795 1638 αὐτοὶ

225 1675 491 1743 λέγονται,
519 1677 908 1747 ταρασσόμενοι
951 1679 1008 1728 ἐν
1037 1679 1101 1747 τῇ
1132 1676 1224 1729 τοῦ
1258 1675 1492 1748 Χριστοῦ
1533 1675 1792 1745 κραταιός

225 1783 351 1834 τητι
371 1805 384 1828 ,
415 1767 481 1834 ἣν
505 1766 562 1818 ὲν
587 1767 664 1836 τῷ
699 1767 864 1835 ἀγῶνι
892 1767 980 1820 διὰ
1015 1768 1106 1820 τοῦ
1141 1765 1368 1837 σταυροῦ
1398 1767 1508 1835 (53)
1540 1766 1673 1835 πρὸς
1705 1766 1794 1818 τὸν

223 1856 288 1908 τὸ
314 1855 512 1925 κράτος
544 1857 731 1927 ἔχοντα
759 1859 849 1912 τοῦ
899 1859 1127 1912 θανάτου
1158 1857 1486 1921 ἐπεδείξατο.
1537 1858 1792 1910 Ἀπεκδυ-

1897 680 2094 724 montes
2137 671 2193 722 in
2234 668 2543 738 fortitudine
2567 669 2704 740 ejus.
2739 668 2897 725 Potes
2927 671 3090 725 etiam
3123 672 3252 727 dicti
3301 672 3460 739 hujus

1894 775 2108 816 sensum
2136 777 2234 831 per
2258 761 2629 830 metaphoram
2656 775 2948 832 exponere,
2967 772 3165 817 montes
3184 763 3460 833 appellans

1893 864 2008 916 eos,
2044 850 2136 919 qui
2177 851 2245 904 ob
2297 865 2450 903 suam
2494 850 2917 918 magnitudinem
2967 851 3315 918 insolescunt,
3359 853 3459 908 Dei

1893 949 2022 989 vero
2053 936 2420 990 fortitudinem
2461 938 2732 1007 ignorant,
2784 948 2840 993 et
2871 940 3138 995 extollunt
3175 957 3294 998 sese
3327 957 3460 998 con-

1894 1035 1975 1080 tra
2019 1025 2110 1080 Dei
2150 1027 2430 1081 scientiam
2469 1045 2482 1081 :
2524 1029 2617 1097 qui
2671 1037 2848 1083 tamen
2894 1035 3230 1100 postmodum
3274 1035 3341 1088 ab
3389 1034 3457 1089 iis

1894 1120 1982 1188 qui
2036 1135 2160 1173 eum
2214 1121 2414 1174 virtute
2467 1129 2521 1174 et
2575 1121 2836 1189 sapientia
2902 1123 3124 1179 verbum
3182 1126 3460 1196 sapientia

1893 1211 2214 1279 praedicant,
2259 1222 2586 1281 superantur
2617 1215 3023 1284 vincunturque
3047 1255 3061 1281 ,
3097 1227 3151 1272 et
3176 1233 3288 1272 suae
3315 1217 3460 1288 ipso-

1897 1320 2014 1358 rum
2056 1306 2249 1375 inopim
2296 1306 2424 1360 facti
2453 1308 2680 1373 conscii,
2711 1309 2903 1363 timent
2944 1311 3250 1374 Dominum,
3297 1327 3362 1366 ac
3398 1327 3459 1366 se

1898 1397 2018 1466 ejus
2054 1399 2308 1467 potentia:
2341 1399 2682 1454 submittunt.
2738 1407 2840 1454 Aut
2885 1401 3135 1456 fortassis
3165 1415 3219 1457 et
3252 1404 3459 1472 princi-

1896 1504 1992 1558 pes
2027 1491 2208 1545 saeculi
2264 1491 2442 1557 hujus,
2501 1503 2557 1546 et
2607 1504 2790 1562 patres
2845 1495 3122 1562 sapientiae
3179 1497 3456 1564 periturae,

1896 1587 2092 1632 montes
2122 1579 2374 1633 dicuntur
2412 1591 2466 1634 et
2496 1581 2618 1650 ipsi,
2652 1585 2740 1650 qui
2789 1584 2984 1638 turbati
3007 1594 3139 1638 sunt
3168 1587 3221 1639 in
3254 1584 3456 1641 Christi

1903 1665 2250 1733 fortitudine,
2283 1686 2443 1739 quam
2475 1673 2525 1726 in
2563 1674 2742 1728 crucis
2771 1676 3064 1730 certamine
3105 1684 3295 1736 contra
3331 1691 3455 1732 eum

1897 1760 1989 1828 qui
2034 1760 2316 1830 imperium
2383 1765 2572 1818 mortis
2627 1765 2901 1831 habebat,
2948 1768 3201 1823 ostendit.
3250 1769 3458 1824 Exutus

1898 1848 2042 1904 enim
2071 1851 2236 1905 veluti
2267 1866 2562 1921 generosus
2592 1854 2859 1925 quispiam
2909 1857 3134 1922 athleta,
3181 1859 3455 1928 principa-

229 1948 462 2016 σάμενος
488 1949 616 2020 γὰρ,
649 1949 833 2022 ὥσπερ
874 1969 956 2014 τις
994 1953 1233 2018 γενναῖος
1288 1950 1614 2021 ἀγωνιστὴς,
1658 1969 1790 2004 κατ·
1823 1937 1866 1993 Β
1898 1953 1899 1962 “

1781 1981 1790 1990 .
1823 1937 1866 1993 Β
1898 1947 1981 1993 tus
2015 1953 2079 1993 ac
2113 1949 2406 2009 potestates
2456 1946 2764 2012 superavit,
2807 1961 2872 2000 ac
2910 1946 3200 2002 Ostentavit
3251 1948 3451 2018 palam,

225 2039 490 2092 επάλαισε
523 2041 618 2104 τάς
651 2043 822 2112 ἀρχὰς
867 2043 959 2095 καὶ
991 2041 1090 2105 τὰς
1127 2040 1411 2127 ιέίξουσίαςι
1451 2043 1545 2096 καὶ
1585 2043 1795 2112 Ἐδειγ-

217 2129 477 2199 μάτισεν
501 2132 568 2184 ἐν
599 2133 917 2199 παρῤησίᾳ,
945 2134 1340 2202 θριαμϐεύσας
1370 2134 1590 2200 αὐτοὺς
1614 2135 1684 2187 ἐν
1716 2133 1795 2199 τῷ

229 2223 419 2290 ξύλῳ.

300 2314 355 2370 4.
398 2315 504 2368 Τοῦ
538 2314 800 2382 ποταμοῦ
833 2314 905 2368 τὰ
935 2316 1240 2385 όρμήματα
1263 2319 1655 2387 εὐφραίνουσι
1681 2319 1793 2389 (54)

226 2403 346 2470 τὴν
379 2402 555 2455 πόλιν
590 2402 694 2456 τοῦ
736 2403 901 2458 Θεοῦ.
943 2405 1022 2458 Τά
1057 2406 1154 2475 μὲν
1192 2406 1411 2478 ἁλμυρά
1452 2407 1620 2461 ὕδατα
1666 2425 1795 2478 σφο-

225 2495 371 2566 δρῶς
395 2495 497 2547 ὑπὸ
527 2495 633 2547 τῶν
659 2497 978 2567 πνευμάτων
1003 2497 1444 2567 ἐκταρασσόμενα
1471 2500 1678 2571 ἧχησαν
1700 2503 1796 2556 καὶ

226 2586 603 2657 ἐταράχθησαν
623 2605 638 2620 ο
670 2589 736 2641 τὰ
762 2589 816 2641 δὲ
845 2589 938 2642 τοῦ
964 2587 1207 2658 ποταμοῦ
1238 2590 1380 2660 ὁρμή
1392 2608 1533 2660 ματα
1561 2592 1796 2664 ἀψοφητὶ

227 2677 504 2747 προϊόντα,
535 2679 627 2730 καὶ
655 2680 825 2749 ησυχῆ
859 2682 970 2741 τοῖς
996 2679 1166 2744 ἀξίοις
1195 2679 1292 2749 τῆς
1335 2681 1598 2754 ὑποδοχῆς
1643 2687 1798 2758 ἐπιρ-

230 2768 442 2838 ρέοντα,
475 2770 812 2839 εὐφραίνουσι
841 2770 937 2840 τὴν
970 2771 1120 2823 πόλιν
1150 2772 1243 2826 τοῦ
1287 2774 1444 2829 Θεοῦ.
1490 2778 1598 2830 Καὶ
1643 2778 1736 2831 νῦν
1768 2783 1797 2834 ό

224 2860 435 2921 δίκαιος
477 2860 620 2910 πίνει
663 2859 725 2911 τὸ
771 2861 876 2923 ζῶν
910 2861 1072 2934 ὕδωρ,
1121 2865 1213 2917 καὶ
1253 2864 1476 2938 ὕστερον
1518 2869 1574 2921 δὲ
1614 2871 1794 2924 πίεται

224 2948 619 3018 ἀφθονώτερον,
665 2949 823 3020 ἡνίκα
857 2951 921 3005 ἂν
969 2951 1406 3028 πολιτογραφηθῇ
1451 2958 1508 3010 ὲν
1548 2962 1613 3029 τῇ
1647 2961 1795 3014 πόλει

221 3040 321 3092 τοῦ
349 3039 499 3092 Θεοῦ.
545 3042 700 3096 Ἀλλά
745 3043 838 3096 νῦν
875 3047 971 3115 μὲν
1009 3047 1074 3099 δι’
1108 3048 1370 3118 ἐσόπτρου
1401 3052 1493 3102 καὶ
1521 3052 1578 3103 ὲν
1619 3053 1794 3122 αἰνίγ-

235 3149 369 3200 ματι
423 3133 603 3197 πίνει,
656 3136 742 3188 διά
788 3138 884 3206 τὴν
935 3140 1074 3192 κατὰ
1109 3140 1280 3210 βραχύ
1331 3141 1634 3213 κατάληψιν
1687 3145 1795 3199 τῶν

224 3222 386 3275 θείων
417 3222 590 3294 θεωρῇ
603 3225 782 3293 μάτων
806 3243 819 3256 ·
856 3226 974 3278 τότε
1000 3228 1054 3278 δὲ
1085 3229 1217 3296 ὁμοῦ
1247 3229 1678 3303 πλημμυροῦντα
1702 3237 1792 3290 τὸν

223 3312 467 3380 ποταμὸν
499 3312 828 3377 ὑποδέξεται,
866 3315 1045 3366 πᾶσαν
1092 3315 1158 3367 δι’
1192 3318 1528 3393 εὐφροσύνης
1569 3325 1791 3378 ἐπικλύ-

222 3404 340 3467 ζειν
369 3404 658 3472 δυνάμενον
690 3403 786 3472 τὴν
825 3404 976 3458 πόλιν
1047 3407 1140 3461 τοῦ
1176 3409 1331 3465 Θεοῦ.
1386 3414 1481 3477 Τίς
1516 3415 1560 3468 δ’
1593 3417 1659 3470 ἂν
1705 3418 1788 3490 εἴη

219 3497 248 3546 ὁ
284 3493 523 3561 ποταμὸς
555 3492 647 3545 τοῦ
677 3493 809 3547 Θεοῦ
853 3497 884 3566 ἢ
925 3497 986 3549 τὸ
1013 3499 1235 3570 Πνεῦμα
1280 3503 1340 3555 τὸ
1374 3504 1548 3572 ἆγιον,
1591 3508 1654 3560 ἔκ
1692 3511 1790 3579 τῆς

221 3586 459 3647 πίστεως
484 3584 588 3637 τῶν
621 3588 698 3650 είς
721 3589 952 3658 Χριστὸν
981 3595 1416 3646 πεπιστευκότων
1445 3597 1789 3668 ἐγγινόμενον

217 3679 334 3737 τοῖς
374 3674 578 3740 ἀξίοις;
615 3678 667 3729 Ὀ
709 3679 819 3746 γὰρ
846 3682 1168 3745 πιστεύων,
1203 3685 1387 3753 φησὶν,
1414 3689 1499 3752 εἰς
1527 3688 1650 3756 ἐμὲ,
1681 3709 1787 3743 πο-

215 3765 393 3834 ταμοὶ
422 3767 489 3820 ἐκ
516 3767 625 3835 τῆς
650 3770 877 3834 κοιλίας
899 3771 1082 3825 αὐτοῦ
1104 3774 1400 3839 ῥεύσουσι
1421 3793 1434 3805 ⁸
1478 3779 1570 3830 καὶ
1595 3779 1751 3833 πάλιν
1772 3797 1784 3810 ο

232 3859 372 3911 Ἐάν
399 3877 485 3924 τις
514 3861 620 3927 πίῃ
650 3860 716 3911 ἐκ
751 3861 852 3912 τοῦ
881 3863 1097 3928 ὕδατος
1120 3863 1190 3920 οὗ
1230 3867 1343 3936 ἐγὼ
1367 3867 1590 3938 δίδωμι,
1618 3872 1776 3940 γενή.

218 3967 389 4004 σεται
416 3953 484 4004 ἐν
509 3951 666 4016 αὐτῷ
695 3951 854 4021 πηγὴ
895 3953 1113 4020 ὕδατος
1145 3957 1481 4026 ἁλλομένου
1517 3967 1602 4029 εἰς
1639 3964 1790 4034 ζωὴν

216 4041 478 4096 αἰώνιον.
527 4037 691 4104 Οὗτος
729 4044 906 4097 τοίνυν
952 4047 980 4098 ὁ
1013 4047 1252 4117 ποταμὸς
1297 4049 1572 4119 εὐφραίνει
1611 4057 1790 4110 πᾶσαν

215 4135 354 4204 ὁμοῦ
385 4134 480 4204 τὴν
514 4133 664 4186 πόλιν
715 4134 806 4186 τοῦ
836 4134 968 4190 Θεοῦ
991 4178 1005 4202 ,
1039 4140 1156 4209 ἦτοι
1181 4139 1277 4210 τὴν
1311 4140 1634 4213 Ἐκκλησίαν
1680 4148 1787 4202 τῶν

215 4227 280 4278 τὸ
307 4225 599 4296 πολίτευμα
625 4227 854 4296 ἐχόντων
878 4232 937 4282 ἐν
969 4232 1214 4302 οὐρανοῖς
1235 4249 1247 4263 ·
1278 4233 1310 4305 ἢ
1339 4237 1518 4290 πᾶσαν
1544 4237 1641 4309 τὴν
1667 4256 1788 4311 νοη-

215 4320 316 4380 τὴν
355 4319 529 4372 κτίσιν
581 4320 688 4372 ἀπὸ
733 4321 838 4374 τῶν
896 4323 1277 4394 ὐπερκοσμίων
1321 4327 1599 4398 δυνάμεων
1627 4332 1786 4404 μέχρι

213 4413 326 4465 τῶν
360 4414 709 4484 ἀνθρωπίνων
733 4414 917 4484 ψυχῶν
948 4417 1101 4470 πόλιν
1141 4419 1244 4490 χρὴ
1275 4423 1413 4474 νοεῖν
1442 4423 1788 4497 εὐφραινομέ-

213 4523 316 4575 νην
350 4507 575 4577 ὑπὸτῆς
619 4510 875 4579 ἐπιρροῆς
921 4511 1014 4564 τοῦ
1066 4512 1220 4579 ἁγίου
1260 4515 1591 4585 Πνεύματος.
1638 4522 1785 4592 Ὀρί-

1895 2031 2221 2100 triumphans
2259 2035 2321 2087 de
2344 2034 2449 2090 illis
2473 2036 2528 2090 in
2554 2037 2694 2106 ligno
2726 2038 2765 2092 ¹.

1964 2297 2020 2350 4.
2061 2296 2220 2352 Vens.
2247 2299 2300 2353 5.
2353 2298 2616 2356 Fluminis
2648 2305 2864 2372 impetus
2899 2307 3168 2376 testiﬁcata
3197 2311 3455 2366 ciuitatem

1894 2387 2012 2441 Dei.
2048 2388 2128 2443 Ma
2140 2391 2266 2444 rinae
2291 2391 2505 2460 quidem
2528 2410 2681 2464 aqua:
2702 2397 3048 2455 vehementer
3072 2415 3101 2454 a
3127 2404 3306 2458 ventis
3335 2419 3458 2473 per-

1896 2483 2126 2538 turbatae
2164 2497 2463 2542 sonuerunt
2501 2498 2558 2543 et
2593 2490 2823 2545 turbatas
2865 2501 3035 2548 sunt:
3067 2494 3163 2552 sed
3213 2493 3456 2552 ﬂuminis

1898 2573 2129 2643 impetus
2180 2576 2298 2630 sine
2355 2580 2585 2648 strepitu
2639 2583 3034 2650 procedentes,
3084 2595 3140 2641 et
3191 2596 3458 2657 quotquot

1897 2666 2042 2734 digni
2082 2677 2208 2719 snt
2239 2667 2331 2736 qui
2362 2683 2457 2723 eos
2485 2670 2769 2739 recipiant,
2806 2673 2870 2728 iis
2910 2673 3102 2731 leniter
3128 2678 3455 2744 a.ltbentes,

1899 2755 2177 2812 tmilicant
2241 2759 2518 2815 civitatem
2574 2762 2692 2820 Dei.
2760 2765 2826 2820 Et
2885 2782 3031 2823 nunc
3082 2768 3264 2837 justus
3323 2770 3459 2828 bibit

1902 2859 2098 2913 aquam
2128 2848 2303 2902 vivam
2337 2852 2379 2916 ²,
2414 2861 2573 2920 atque
2603 2863 2790 2923 postea
2827 2857 3099 2926 copiosius
3126 2858 3295 2924 bibet,
3331 2879 3455 2918 cum

1897 2937 2098 2992 civitati
2118 2939 2210 2993 Dei
2232 2943 2497 3013 ascriptus
2515 2943 2694 3000 fuerit.
2722 2947 2876 3019 173
2895 2950 3054 3019 Atqui
3071 2966 3214 3007 nunc
3234 2955 3451 3022 quidem

1896 3041 1990 3094 per
2021 3030 2292 3100 speculum
2335 3043 2390 3087 et
2439 3035 2491 3089 in
2528 3037 2854 3108 atuigmate‘|
2894 3041 3064 3109 bibit,
3109 3045 3179 3098 ob
3207 3045 3456 3115 exiguam

1897 3121 2202 3178 divinarum
2255 3128 2775 3197 contemplationum
2835 3135 3234 3205 perceptionem
3276 3154 3290 3191 :
3326 3147 3456 3195 tunc

1895 3230 2022 3271 vero
2047 3217 2206 3272 simul
2258 3230 2658 3290 restagnantem
2710 3223 2929 3281 ﬂuvium
2975 3240 3296 3298 excepturus
3348 3241 3452 3296 est,

1895 3309 1986 3376 qui
2022 3316 2185 3364 totam
2226 3311 2320 3367 Dei
2373 3315 2644 3369 civitatem
2701 3316 2885 3372 laetitia
2938 3319 3200 3377 inundare
3259 3324 3450 3393 possit.

1893 3399 2025 3466 Quis
2078 3411 2254 3456 autem
2299 3405 2464 3459 fuerit
2508 3407 2703 3463 lluvius
2762 3409 2863 3464 istc
2899 3410 3016 3476 Dei,
3061 3413 3165 3468 nisi
3219 3412 3454 3486 Spiritus

1890 3504 2131 3559 sanctus,
2170 3495 2260 3564 qui
2296 3496 2471 3565 dignis
2505 3497 2768 3564 illabitur,
2818 3505 3113 3560 Secundum
3169 3507 3326 3563 [idem
3355 3526 3453 3564 eo-

1893 3601 2012 3638 rum
2044 3587 2134 3653 qui
2179 3587 2230 3639 in
2264 3586 2537 3642 Christum
2585 3592 2974 3649 crediderunt?
3019 3596 3124 3661 Qui
3158 3601 3314 3664 enim,
3364 3602 3452 3655 in-

1890 3679 2029 3746 quit,
2050 3681 2211 3732 credit
2234 3681 2286 3734 in
2309 3697 2405 3747 me,
2427 3684 2575 3751 ﬂuvii
2595 3689 2658 3740 de
2680 3695 2851 3741 ventre
2873 3688 2984 3758 ejus
3006 3691 3167 3759 [luent
3185 3692 3226 3746 ⁸.
3250 3693 3315 3748 Et
3333 3709 3452 3748 rur-

1891 3787 2023 3827 sus:
2055 3772 2113 3828 Si
2155 3776 2270 3845 quis
2302 3775 2483 3830 biberit
2523 3793 2586 3831 ea:
2624 3796 2761 3849 aqua
2796 3799 2952 3852 quam
3001 3800 3092 3853 ego
3127 3786 3228 3851 do,
3262 3788 3352 3856 ﬁet
3397 3791 3452 3843 in

1890 3881 1948 3918 eo
1988 3866 2106 3934 fons
2137 3883 2285 3935 aquae
2318 3867 2553 3921 salientis
2592 3869 2643 3921 in
2680 3871 2843 3924 vitam
2869 3877 3183 3929 aeternam“.
3222 3876 3320 3932 llic
3351 3880 3451 3932 ita-

1891 3973 1993 4026 que
2040 3957 2233 4011 lluvius
2265 3972 2477 4010 omnem
2524 3959 2683 4012 simul
2735 3961 2826 4015 Dei
2885 3963 3157 4020 civitatem
3191 3969 3446 4037 laetiﬁcat,

1890 4064 2086 4118 nempe
2118 4058 2317 4103 coetum
2344 4065 2553 4116 eorum,
2586 4053 2677 4122 qui
2713 4067 2863 4108 suam
2899 4056 2952 4111 in
2979 4059 3134 4115 ctelis
3160 4076 3450 4118 conversa-

1893 4141 2088 4193 tionem
2151 4140 2352 4195 habent
2389 4160 2403 4196 :
2436 4153 2530 4197 aut
2575 4159 2790 4200 omnem
2831 4159 3135 4205 creaturam
3175 4155 3446 4213 intellectu

1889 4233 2189 4301 praeditam,
2221 4249 2251 4288 a
2282 4235 2574 4292 virtutibus
2604 4240 2910 4295 coelestibus
2940 4257 3109 4312 usque
3145 4245 3211 4299 ad
3242 4248 3448 4305 animas

1892 4320 2196 4390 humanas,
2269 4325 2540 4382 civitatem
2601 4329 2823 4401 intelligi
2893 4343 3144 4404 oportet,
3212 4338 3446 4408 Spiritus

1889 4417 2062 4469 sancti
2111 4415 2460 4472 inundatione
2513 4418 2856 4477 ltetilicatam.
2929 4425 3141 4480 Etenim
3203 4434 3444 4487 nonnulli

1891 4509 1960 4560 ita
1990 4508 2264 4562 civitatem
2291 4509 2574 4576 deﬁniunt,
2606 4521 2664 4566 ut
2690 4515 2873 4568 dicant
2896 4516 3144 4571 stabilem
3171 4533 3293 4575 esse
3315 4537 3444 4578 con-

214 4593 401 4663 ζονται
448 4600 552 4671 γάρ
599 4617 739 4663 τινες
787 4601 939 4654 πόλιν
998 4601 1134 4657 εἶναι
1181 4606 1432 4678 σύστημα
1482 4611 1782 4682 ἱδρυμένον,
1817 4610 1860 4664 Ι)

1775 4655 1782 4677 ,
1817 4610 1860 4664 Ῑ)
1890 4601 2276 4668 gregationem,
2309 4602 2604 4654 secundum
2637 4603 2804 4671 legem
2832 4605 3282 4666 administratam.
3311 4613 3445 4667 Tra-

213 4690 359 4743 κατά
388 4691 546 4759 νόμον
571 4692 951 4764 διοικούμενον.
997 4696 1324 4767 Ἐφαρμόζει
1355 4701 1410 4754 δὲ
1439 4703 1532 4755 καὶ
1575 4708 1638 4775 τῇ
1670 4707 1782 4760 ἄνω

226 4781 580 4852 Ἰερουσαλὴμ
623 4789 686 4854 τῇ
733 4787 1032 4858 ἐπουρανίῳ
1084 4789 1231 4842 πόλει
1278 4793 1305 4843 ὁ
1347 4793 1624 4857 ἀποδοθεὶς
1657 4797 1780 4866 ὅρος

213 4875 314 4943 τῆς
343 4871 568 4934 πόλεως.
617 4873 872 4945 Σύστημα
915 4877 1022 4948 γὰρ
1054 4879 1214 4931 κάκεῖ
1248 4881 1356 4933 τῶν
1397 4886 1774 4954 πρωτοτόκων,

209 4967 322 5019 τῶν
375 4968 877 5037 ἀπογεγραμμένων
923 4973 980 5024 ὲν
1023 4973 1295 5043 οὐρανοῖς·
1349 4977 1440 5028 καὶ
1491 4978 1775 5048 ίδρυμένον

206 5059 369 5112 τοῦτο
397 5061 480 5113 διά
511 5061 571 5113 τὸ
596 5061 987 5132 ἀμετακίνητον
1015 5066 1114 5135 τῆς
1149 5067 1421 5138 διαγωγῆς
1451 5071 1556 5122 τῶν
1583 5072 1772 5139 ἁγίων,

206 5157 305 5207 καὶ
331 5156 472 5208 κατά
500 5158 660 5226 νόμον
688 5155 777 5208 τὸν
815 5155 1060 5226 οὐράνιον
1095 5159 1204 5229 (55)
1240 5158 1626 5229 διοικούμενον.
1663 5163 1771 5233 Τὴν

205 5247 388 5300 τοίνυν
410 5247 648 5314 διάταξιν
680 5250 890 5319 ἐκείνης
920 5251 1016 5318 τῆς
1040 5253 1330 5315 πολιτείας,
1360 5253 1450 5304 καὶ
1474 5257 1651 5309 πᾶσαν
1676 5256 1772 5327 τὴν

205 5340 567 5412 διακόσμησιν
599 5343 946 5414 καταμαθεῖν,
974 5344 1224 5414 οὐδεμιᾶς
1258 5349 1401 5398 ἐστιν
1431 5346 1774 5417 ἀνθρωπίνης

289 5523 534 5584 'Coloss.
573 5546 630 5594 ll,
674 5532 759 5586 15.

279 5665 393 5734 (55)
421 5662 500 5742 ita
531 5679 624 5719 sex
673 5679 799 5719 mss.
843 5667 910 5718 At
946 5666 1108 5722 editio
1167 5666 1339 5724 Paris.
1375 5672 1431 5723 ἐν
1468 5669 1543 5740 τῷ
1588 5669 1758 5738 ἀγῶνι

204 5755 238 5792 σ
253 5751 501 5873 δῗέῧοῖὰ
519 5804 1202 5874 όρμήματαεύφρίνουσι,
1223 5809 1449 5878 impetus
1469 5799 1763 5878 laeti/iram,

205 5889 262 5935 ct
294 5879 365 5931 ita
393 5877 586 5946 legitur
633 5878 683 5930 in
719 5893 853 5933 nova
880 5881 1160 5946 Augustini
1206 5877 1436 5948 Operunt
1471 5877 1706 5936 editione
1742 5897 1754 5932 :

851 5537 870 5564 ¹
909 5532 1060 5588 Joan.
1105 5549 1176 5599 IV,
1211 5536 1295 5590 l0.
1372 5536 1391 5566 ³
1430 5535 1450 5589 Ι
1487 5535 1612 5590 Cor.
1658 5555 1780 5600 xm,
1824 5537 1908 5590 l2.
1989 5533 2009 5562 “
2046 5531 2200 5588 Joan.
2243 5545 2342 5594 vit,
2381 5528 2469 5584 58.

1889 4695 1994 4746 dita
2037 4701 2212 4746 autem
2271 4691 2512 4746 deﬁnitio
2546 4694 2802 4760 civitatis,
2848 4697 3010 4752 etiam
3064 4701 3139 4755 illi
3175 4719 3293 4773 quae
3325 4721 3444 4760 sur-

1885 4801 2000 4839 sum
2030 4793 2112 4838 est
2147 4784 2446 4839 Jerusalem
2481 4785 2684 4842 caelesti
2728 4789 2932 4844 civitati
2982 4798 3249 4862 congruit.
3306 4795 3439 4851 Nam

1882 4889 1935 4932 et
1965 4878 2073 4932 illic
2103 4886 2184 4933 est
2230 4879 2715 4949 primogenitorum
2752 4883 3146 4953 descriptorum
3185 4886 3238 4942 in
3289 4892 3441 4947 caelis

1883 4969 2250 5039 congregatio,
2293 4978 2454 5039 atque
2505 4986 2565 5024 ea
2611 4971 2681 5025 ob
2731 4973 3119 5030 immutabilem
3160 4979 3282 5033 vitae
3316 4997 3442 5037 san-

1881 5073 2088 5117 ctorum
2121 5064 2387 5118 rationem
2436 5064 2648 5118 stabilis
2681 5079 2746 5118 ac
2790 5065 2943 5121 firma
2972 5077 3075 5134 est,
3113 5081 3168 5124 et
3209 5087 3273 5126 ex
3324 5074 3440 5146 lege

1878 5157 2085 5210 caelesti
2118 5158 2466 5226 gubernatur.
2518 5156 2665 5208 Illius
2709 5156 2890 5227 itaque
2928 5159 3162 5216 civitatis
3191 5166 3434 5222 ordinem

1878 5265 1941 5303 ac
1975 5260 2223 5303 ornatum
2257 5265 2469 5304 omnem
2495 5249 2804 5316 perdiscere
2829 5253 3075 5310 humana:
3102 5266 3305 5309 natura:
3331 5275 3435 5312 non

1879 5354 1978 5398 est.
2014 5340 2105 5394 llla
2141 5348 2305 5402 sunt,
2345 5338 2474 5403 Qua:
2517 5338 2697 5392 oculus
2749 5356 2854 5393 non
2900 5342 3046 5409 uidit,
3102 5360 3261 5414 neque
3288 5349 3435 5401 auris

2583 5531 2604 5561 '
2643 5527 2798 5584 Joan.
2842 5545 2914 5594 tv,
2959 5530 3044 5584 l3.

1867 5673 1918 5794 iln
1951 5675 2114 5810 vgteri
2151 5686 2280 5726 vero
2331 5673 2554 5740 perinde
2610 5683 2775 5742 atque
2824 5672 2876 5725 in
2923 5671 3171 5743 Vulgata,
3208 5673 3431 5741 impetus

1889 5747 1972 5797 a’tt'
2019 5753 2120 5796 cat.

1889 5747 2120 5797 a’tiﬁcat.

1941 5814 2051 5899 (55)
2106 5812 2296 5899 βοείῳ
2337 5814 2508 5899 editio
2566 5813 2742 5899 Paris.
2797 5829 3081 5882 operarum
3144 5813 3432 5872 oscitantis

1869 5899 1963 5951 pro
1994 5884 2239 5956 οὐράνιον
2268 5884 2426 5940 habet
2452 5885 2700 5955 οὐρανόν.
