4230 6482
842 407 947 464 6‘23

2175 406 2234 462 S.
2270 406 2515 464 BASILII
2556 408 2769 465 MAGNI

3977 421 4075 474 ιει

842 521 1060 587 audivit,
1086 537 1245 588 neque
1276 538 1327 575 tn
1356 538 1445 575 cor
1464 523 1691 577 hominis
1718 530 2059 576 ascenderunt
2085 537 2101 575 :
2134 538 2248 590 quae
2270 539 2397 589 prte-
2428 530 2469 584 Α
2501 541 2512 574 ι

2428 530 2469 584 Α
2501 524 2734 592 φύσεως.
2783 526 2993 580 Ἐκεῖνα
3031 528 3136 599 γάρ
3173 530 3339 592 ἐστιν,
3384 532 3441 585 Ἀ
3486 531 3795 600 ὀφθαλμὸς
3840 532 3954 585 οὐκ
4000 530 4074 585 εἷ-

841 615 1042 679 paravit
1073 612 1212 668 Deus
1244 614 1307 666 iis
1345 615 1434 679 qui
1481 615 1706 683 diligunt
1757 614 1905 667 illum
1930 615 1985 678 °;
2044 627 2399 683 preterquam

843 706 984 773 quod
1015 705 1085 760 ibi
1130 706 1396 774 reperitur
1426 706 1704 761 innumera
1749 706 2062 776 angelorum
2092 705 2399 770 multitudo,

840 809 1255 868 sanctorumque
1293 808 1612 861 conventus,
1647 808 1701 852 ct
1731 798 1969 853 Ecclesia
2018 798 2403 870 primogenita-

841 907 957 945 ruut
989 892 1374 960 descriptorum
1421 894 1472 946 in
1510 891 1661 946 ctelis
1694 893 1733 945 ⁷.
1793 892 1865 944 De
1910 891 1999 944 illa
2032 890 2163 944 dicit
2193 890 2399 943 David:

842 982 1082 1039 Gloriosa
1111 985 1247 1038 dicta
1278 993 1398 1039 sunt
1434 986 1496 1038 de
1523 994 1589 1050 te,
1628 984 1812 1037 ciuitas
1843 983 1938 1037 Dei
1966 982 2011 1037 ⁸.
2066 981 2287 1036 Civitati
2329 979 2400 1035 illi

842 1091 937 1145 per
979 1075 1168 1130 Isaiam
1205 1075 1488 1144 pollicetur
1546 1077 1680 1131 Deus
1714 1094 1727 1128 :
1770 1075 1974 1128 Ponam
2020 1085 2068 1127 te
2097 1074 2404 1127 exsultatio-

841 1185 955 1222 nem
1002 1176 1283 1230 wternam,
1321 1168 1555 1223 latitiam
1593 1170 1989 1239 generationum
2045 1167 2397 1233 generationi-

840 1259 971 1320 bus;
1002 1268 1047 1310 et
1082 1273 1183 1311 non
1206 1258 1303 1311 erit
1335 1261 1601 1323 contritio,
1639 1275 1800 1327 neque
1827 1258 2042 1311 miseria
2080 1257 2133 1309 in
2166 1258 2402 1311 terminis

840 1350 976 1413 tuis;
1002 1350 1090 1403 sed
1123 1348 1352 1404 salutare
1380 1354 1697 1407 vocabuntur
1720 1353 1854 1405 muri
1888 1354 2029 1405 tui’.
2066 1348 2273 1403 Erectis
2302 1350 2401 1418 igi-

842 1454 927 1497 tur
952 1444 1141 1497 anima
1170 1442 1359 1506 oculis,
1394 1451 1450 1496 ut
1484 1458 1572 1496 res
1601 1456 1862 1513 supernas
1878 1445 2051 1513 decet,
2078 1463 2260 1516 quzere
2280 1460 2398 1516 qua:

838 1546 961 1589 sunt
984 1535 1217 1589 civitatis
1234 1534 1345 1589 Dei.
1367 1534 1505 1600 Quid
1525 1549 1685 1605 porro
1708 1536 2040 1593 beatitudine
2064 1540 2150 1593 illa
2179 1540 2395 1608 dignum

839 1641 866 1680 a
901 1641 1169 1694 quoquam
1214 1627 1504 1695 excogitari
1559 1628 1748 1697 possit.
1806 1643 1965 1697 quam
2016 1630 2250 1685 laetiﬁcat
2279 1632 2400 1700 qui-

836 1721 956 1773 dem
1010 1719 1099 1773 Dei
1156 1718 1370 1780 ﬂuvius,
1424 1717 1574 1784 cujus
1611 1734 1737 1775 vero
1786 1721 1981 1774 artifex
2024 1731 2107 1776 est
2139 1732 2191 1776 et
2218 1724 2396 1791 opifex

838 1812 976 1866 Deus
1040 1813 1152 1880 ipsc
1196 1811 1283 1863 '°?
1352 1808 1712 1878 Sanctiﬁcavit
1782 1814 2176 1867 tabernaculum
2244 1831 2395 1867 suum

2502 614 2629 680 δεν,
2662 618 2799 670 οὔτε
2835 613 2942 683 οὖς
2973 618 3261 686 ἤκουσεν,
3290 622 3425 675 οὔτε
3447 622 3544 675 ἐπὶ
3576 622 3832 690 καρδίαν
3857 622 4073 691 ἀνθρώ-

2503 723 2619 760 που
2660 706 2840 775 ἀνέϐη
2866 747 2882 773 ,
2915 708 2953 762 d
2995 711 3322 779 ἡτοίμασεν
3359 715 3392 766 ό
3425 711 3566 778 Θεὸς
3595 713 3719 780 τοῖς
3758 714 4071 783 ἀγαπῶσιν

2501 796 2716 848 αὐτόν·
2749 796 2887 866 πλὴν
2918 798 2997 851 ὅτι
3028 800 3285 870 μυριάδες
3312 800 3557 869 ἀγγέλων
3598 802 3744 865 ἐκεῖ,
3805 805 3902 856 καὶ
3948 820 4070 855 παν-

2502 888 2697 957 ήγυρις
2717 888 2906 955 ἀγίων,
2928 891 3020 943 καὶ
3035 891 3323 963 Ἐκκλησία
3339 892 3695 963 πρωτοτόκων
3716 895 4070 963 ἀπογεγραμ-

2506 978 2679 1048 μένων
2702 981 2758 1031 ὲν
2780 981 3050 1051 οὐρανοῖς.
3092 982 3224 1051 Περὶ
3270 983 3482 1051 ὲκείνης
3512 982 3673 1053 φησὶν
3710 983 3737 1034 6
3762 983 3928 1035 Δαϐίδ
3946 1000 3958 1012 ·
3984 989 4069 1035 Δε-

2502 1064 2841 1136 δοξασμένα
2858 1068 3124 1136 ἐλαλήθη
3160 1071 3289 1138 περὶ
3322 1073 3459 1134 σοῦ,
3499 1073 3537 1139 ἡ
3561 1072 3738 1137 πόλις
3766 1072 3872 1124 τοῦ
3900 1074 4064 1128 Θεοῦ.

2515 1161 2721 1233 Ἐκείνῃ
2758 1165 2822 1233 τῇ
2864 1163 3014 1216 πόλει
3060 1162 3145 1215 διὰ
3190 1164 3283 1216 τοῦ
3331 1164 3545 1216 Ἠσαίου
3599 1162 3992 1230 ἐπαγγέλλεται
4043 1167 4068 1215 ὁ

2501 1251 2652 1317 Θεὸς,
2686 1254 2765 1306 ὅτι
2792 1253 2966 1321 Θήσω
2998 1269 3071 1308 σε
3102 1256 3442 1324 ἀγαλλίαμα
3481 1256 3737 1317 αἰώνιον,
3774 1256 4069 1324 εὐφροσὺ-

2500 1358 2617 1408 νην
2654 1341 2871 1411 γενεῶν
2910 1344 3139 1411 γενεαῖς
3159 1363 3171 1374 ·
3221 1346 3319 1398 καὶ
3371 1348 3481 1399 οὐκ
3528 1349 3695 1400 ἔσται
3734 1347 4068 1414 σύντριμμα

2499 1434 2641 1488 οὐδὲ
2668 1439 3026 1505 ταλαιπωρία
3056 1439 3125 1491 ἐν
3162 1438 3285 1504 τοῖς
3334 1439 3515 1505 ὁρίοις
3547 1456 3659 1492 σου
3681 1456 3695 1470 ο
3731 1440 3893 1494 ἀλλὰ
3936 1445 4067 1504 κλη-

2500 1526 2744 1594 θήσεται
2769 1526 3061 1594 σωτήριον
3087 1529 3155 1582 τὰ
3180 1531 3342 1598 τείχη
3375 1546 3508 1583 σου.
3555 1531 3791 1601 Ἐπάρας
3819 1527 3913 1585 οὖν
3946 1532 4066 1589 τοὺς

2498 1618 2806 1688 ὀφθαλμοὺς
2848 1618 2945 1689 τῆς
2973 1618 3166 1689 ψυχῆς,
3200 1620 3363 1685 ἀξίως
3388 1623 3495 1675 τῶν
3526 1623 3634 1675 ἄνω
3668 1624 3820 1693 ζήτει
3849 1624 3921 1675 τὰ
3944 1623 4065 1693 περὶ

2498 1714 2592 1784 τῆς
2624 1714 2828 1777 πόλεως
2851 1712 2943 1766 τοῦ
2978 1713 3134 1766 Θεοῦ.
3176 1715 3240 1766 Τί
3276 1715 3319 1768 δ’
3351 1716 3416 1769 ἂν
3443 1717 3541 1787 τῆς
3582 1719 3699 1769 ἐκεῖ
3728 1717 4063 1787 μακαριότη·

2497 1823 2586 1869 τος
2619 1805 2837 1870 ὲπάξιόν
2862 1823 2945 1869 τις
2978 1805 3275 1877 ἐννοηθείη,
3312 1807 3377 1877 ἢν
3408 1808 3685 1879 εὐφραίνει
3723 1808 3823 1878 μὲν
3856 1810 3885 1859 6
3914 1824 4066 1861 ποτα-

837 1907 1154 1961 Altissimus.
1212 1906 1484 1961 Fortassis
1536 1920 1753 1959 carnem
1807 1904 1942 1958 dicit
1990 1904 2272 1967 deiferam,
2327 1919 2390 1958 ex
2428 1876 2507 1965 BI

2428 1876 2471 1933 Β
2503 1898 2597 1966 μὸς
2628 1898 2719 1950 τοῦ
2748 1897 2881 1951 Θεοῦ
2903 1941 2916 1962 ,
2948 1898 3195 1968 τεχνίτης
3238 1876 3295 1950 δὲ
3338 1876 3440 1949 καὶ
3482 1876 3811 1970 δημιουρέίός
3849 1882 3997 1951 ἐστιν
4038 1898 4064 1949 6

835 1996 1210 2065 conjunctione
1258 2013 1379 2051 cum
1432 1996 1537 2050 Deo
1582 1994 1989 2050 sanctiﬁcatam.
2049 1994 2121 2048 Ex
2169 2009 2277 2063 quo
2312 1996 2395 2047 iu-

835 2089 1038 2159 telliges
1070 2087 1472 2143 tabernaculum
1518 2088 1801 2152 Altissimi,
1852 2086 2029 2155 ipsum
2066 2087 2155 2142 Dei
2194 2089 2392 2141 adven-

836 2190 965 2244 tmn,
999 2179 1089 2248 qui
1122 2189 1204 2233 est
1234 2195 1329 2246 per
1361 2193 1601 2231 carnem.

900 2449 949 2504 5.
969 2448 1131 2503 Vens.
1150 2450 1202 2502 6.
1226 2447 1359 2501 Deus
1380 2445 1431 2497 in
1451 2446 1617 2497 medio
1632 2444 1766 2515 ejus,
1780 2455 1824 2497 et
1846 2461 1946 2498 non
1964 2446 2387 2499 commovebitur.

834 2540 1108 2608 Adjuvabit
1157 2554 1270 2590 eam
1323 2537 1459 2589 Deus
1499 2551 1648 2588 mane
1706 2534 1969 2588 diluculo.
2027 2533 2090 2586 Et
2137 2534 2386 2602 quoniam

833 2634 973 2685 Dens
1009 2632 1060 2684 in
1113 2630 1289 2683 medio
1320 2628 1557 2684 civitatis
1599 2638 1703 2694 est,
1742 2642 1857 2681 eam
1892 2626 2190 2680 stabilitate
2222 2627 2389 2681 dona-

832 2724 929 2788 nit,
963 2722 1135 2790 primo
1168 2721 1305 2775 lucis
1337 2730 1455 2774 ortu
1487 2736 1643 2788 opem
1677 2720 1725 2771 ei
1759 2717 2014 2773 alierens.
2053 2717 2179 2772 Sive
2225 2719 2389 2789 igitur

831 2810 901 2862 illi
954 2826 1071 2877 qure
1124 2824 1337 2863 sursum
1392 2819 1474 2862 est
1510 2808 1809 2863 Jerusalem
1856 2809 1921 2873 “,
1967 2809 2082 2863 sive
2134 2809 2388 2863 Ecclesia“:

830 2917 947 2968 qum
1003 2900 1139 2954 infra
1195 2909 1311 2963 est,
1357 2901 1596 2955 civitatis
1651 2918 1841 2954 nomen
1900 2912 2142 2970 aptatum
2207 2902 2384 2966 fuerit,

831 2992 1184 3063 Sanctificavit
1242 2995 1391 3049 inea
1443 2993 1835 3048 tabernaculum
1885 3010 2035 3046 suum
2068 2993 2383 3052 Altissimus.

831 3089 1000 3158 Atque
1053 3102 1146 3155 per
1194 3087 1293 3140 bne
1342 3086 1745 3141 tabernaculum
1802 3087 1855 3141 in
1911 3101 2015 3157 quo
2070 3086 2387 3141 inltabitavit

830 3184 988 3243 Deus.
1028 3182 1081 3235 in
1128 3181 1304 3235 medio
1339 3180 1508 3248 ipsius
1552 3179 1684 3242 fuit,
1729 3180 1781 3233 id
1829 3180 1877 3234 ei
1922 3179 2154 3247 largiens
2186 3188 2242 3233 ut
2280 3195 2383 3236 non

829 3283 1248 3328 commoveatur.
1302 3273 1354 3325 In
1389 3272 1563 3326 medio
1603 3281 1779 3326 autem
1813 3271 2050 3325 civitatis
2094 3278 2176 3325 est
2221 3271 2381 3334 Deus,

830 3367 1058 3436 :cquales
1092 3364 1371 3419 undelibet
1404 3364 1656 3417 emittens
1684 3363 1865 3415 radios
1893 3376 2002 3415 sua:
2038 3362 2389 3430 providentia:

830 3461 890 3510 ad
924 3471 1091 3525 usque
1117 3456 1249 3509 lines
1275 3455 1442 3509 orbis.
1496 3453 1587 3510 Sic
1621 3453 1763 3508 enim
1811 3453 1903 3508 Dei
1928 3453 2136 3524 justitia
2161 3469 2386 3509 conser-

830 3562 1015 3615 vatur,
1055 3547 1488 3618 quandoquidem
1541 3546 1789 3601 omnibus
1832 3546 2075 3601 eamdem
2129 3546 2386 3601 bonitatis

828 3655 1133 3694 mensuram
1173 3640 1441 3707 dispertit.
1490 3639 1768 3707 Adjuuabit
1807 3654 1919 3692 eam
1960 3638 2096 3692 Deus
2125 3654 2276 3691 mane
2304 3638 2387 3689 di-

828 3728 1017 3781 luculo.
1071 3728 1351 3782 Sensibilis
1398 3726 1475 3781 sol
1541 3728 1859 3781 matutinum
1904 3730 2121 3797 quidem
2177 3739 2386 3797 tempus

827 3822 963 3889 apud
997 3835 1093 3873 nos
1118 3820 1310 3884 cﬂicit,
1352 3830 1635 3888 postquam
1667 3833 1825 3889 supra
1857 3830 2100 3873 nostrum
2136 3819 2389 3872 horizon-

830 3924 931 3967 tem
962 3912 1276 3976 entinuerit;
1304 3910 1461 3983 174
1485 3912 1801 3965 matutinum
1834 3925 1957 3965 vero
1985 3910 2075 3965 Sol
2098 3910 2318 3980 iustitia:
2344 3913 2385 3943 "

830 4005 883 4056 in
935 4003 1111 4055 anima
1163 4004 1393 4069 perlicit,
1420 4011 1540 4055 ortu
1580 4002 1715 4054 lucis
1761 4001 2056 4068 spiritualis
2081 4003 2387 4072 produceus

828 4094 964 4145 diem
992 4094 1042 4145 in
1069 4106 1134 4144 eu
1156 4092 1245 4159 qui
1278 4090 1450 4159 ipsum
1475 4091 1728 4159 suscepit.
1757 4087 1813 4142 In
1846 4099 2003 4142 nocte
2029 4091 2170 4143 enim
2201 4106 2385 4147 sumus

829 4200 925 4238 nos
968 4183 1214 4238 homines
1271 4199 1363 4252 per
1419 4184 1519 4238 ltoc
1573 4182 1889 4252 ignorantia:
1941 4190 2170 4249 tempus.
2228 4184 2386 4237 Post-

829 4289 988 4342 quam
1018 4274 1198 4342 igitur,
1250 4284 1429 4328 nostra
1481 4282 1659 4327 mente
1694 4285 1947 4341 expassa,
1988 4272 2387 4338 susceperimus

829 4366 1009 4437 gloriae
1026 4364 1367 4435 splendorem
1388 4366 1450 4429 ",
1471 4366 1859 4433 etscntpiterna
1883 4364 1970 4418 illa
1992 4364 2110 4419 luce
2132 4362 2385 4418 illustrati

828 4458 1106 4523 fuerimus,
1145 4468 1271 4514 tunc
1301 4458 1580 4528 Adjuvabit
1619 4474 1731 4512 eam
1763 4456 1897 4511 Deus
1932 4475 2085 4512 mane
2130 4459 2382 4514 diluculo.

2498 1988 2662 2054 836;;
2717 1991 2947 2060 Ἠγιασε
2994 1989 3061 2043 τὸ
3099 1990 3386 2059 σκήνωμα
3433 1990 3616 2043 αὑτοῦ
3669 1994 3700 2044 ό
3746 1992 4063 2059 “remotae.

2499 2082 2650 2150 Τάχα
2714 2083 2812 2153 τὴν
2847 2083 3025 2153 σάρκα
3068 2082 3214 2150 λέγει
3248 2083 3347 2154 τὴν
3394 2081 3680 2151 θεοφόρον,
3714 2081 4067 2149 ἀγιασθεῖσαν

2496 2173 2583 2225 διὰ
2625 2175 2722 2244 τῆς
2770 2175 2903 2244 πρὸς
2958 2175 3047 2227 τὸν
3093 2175 3223 2228 Θεὸν
3273 2174 3586 2243 συναφείας.
3649 2174 3811 2225 Ὥστε
3853 2175 4067 2242 νοήσεις

2498 2266 2761 2335 σκήνωμα
2807 2264 2901 2318 τοῦ
2936 2265 3186 2333 Ὑψίστου
3232 2267 3330 2331 τὴν
3375 2265 3464 2320 διὰ
3510 2263 3711 2337 σαρκὸς
3744 2262 4067 2333 ἐπιφάνειαν

2495 2357 2586 2411 τοῦ
2617 2355 2774 2413 Θεοῦ.

2564 2447 2615 2500 5.
2660 2448 2718 2500 Ὀ
2743 2447 2885 2513 Θεὸς
2914 2447 2984 2500 ἐν
3013 2446 3178 2515 μέσῳ
3224 2445 3429 2514 αὐτῆς,
3460 2447 3557 2499 καὶ
3585 2449 3658 2501 οὐ
3698 2444 4069 2511 σαλευθήσε-

2494 2552 2607 2589 ται.
2651 2538 2941 2603 Βοηθήσει
2978 2537 3130 2608 αὐτῇ
3159 2541 3190 2593 ό
3221 2538 3383 2602 Θεὸς,
3424 2538 3490 2590 r6
3516 2542 3666 2606 πρὸς
3702 2540 3850 2606 πρωὶ
3896 2537 4063 2606 πρωί.

2495 2628 2603 2680 Καὶ
2632 2629 2815 2698 ἐπειδὴ
2846 2632 2872 2681 6
2898 2630 3027 2693 Θεὸς
3063 2633 3120 2683 ἐν
3148 2630 3296 2701 μέσῳ
3322 2629 3422 2698 τῆς
3452 2629 3656 2694 πόλεώς
3683 2632 3818 2695 ἐστι,
3847 2630 3909 2682 τὸ
3943 2630 4067 2683 ἀσα-

2495 2716 2678 2769 λευτον
2711 2722 2979 2790 χαριεῖται
3025 2720 3181 2789 αὐτῇ,
3214 2721 3312 2790 τὴν
3363 2720 3612 2791 βοήθειαν
3657 2722 3792 2791 αὐτῇ
3832 2723 4066 2791 παρεχόο

2496 2825 2654 2878 μενος
2678 2810 2734 2861 ὲν
2762 2811 2878 2871 ταῖς
2907 2809 3147 2880 πρώταις
3168 2811 3450 2875 ἀνατολαῖς
3470 2813 3561 2866 τσῦ
3598 2815 3795 2882 φωτός.
3824 2814 3953 2867 Εἴτε
3974 2810 4065 2867 οὖν

2492 2905 2557 2973 τῇ
2592 2901 2704 2955 ἀνω
2738 2901 3109 2973 Ἰερουσαλὴμ,
3142 2903 3250 2955 εἴτε
3281 2906 3344 2973 τῇ
3379 2905 3525 2957 κάτω
3559 2907 3858 2977 Ἐκκλησία
3886 2909 4064 2977 τὸτῆς

2495 2994 2699 3058 πόλεως
2755 2994 3054 3066 ἐφαρμόσει
3109 2993 3316 3065 ὄνομα,
3377 2994 3649 3062 Ἡγίασεν
3711 2999 3769 3047 ὲν
3811 2998 3952 3067 αὐτῇ
4000 2999 4061 3051 τὸ

2491 3086 2778 3157 σκήνωμα
2813 3088 2997 3142 αὐτοῦ
3032 3091 3064 3143 ό
3104 3088 3408 3156 Ὕψιστος.
3450 3087 3559 3140 Καὶ
3598 3086 3685 3139 διὰ
3723 3087 3817 3139 τοῦ
3858 3088 4063 3159 σκηνώ-

2496 3196 2661 3248 ματος
2686 3179 2897 3247 τούτου,
2940 3172 2983 3248 ᾧ
3012 3180 3425 3251 κατεσκήνωσεν
3456 3180 3485 3231 6
3510 3178 3662 3241 Θεὸς,
3695 3179 3754 3231 ἐν
3794 3179 3949 3250 μέσῳ
3979 3183 4063 3234 αὑ-

2491 3269 2589 3337 τῆς
2635 3268 2866 3335 ἐγένετο,
2916 3270 3269 3341 χαριζόμενος
3309 3270 3446 3341 αὐτῇ
3489 3267 3551 3324 τὸ
3598 3271 3671 3341 μὴ
3717 3270 4058 3325 σαλεύεσθαι.

2507 3358 2592 3411 Ἐν
2627 3359 2773 3427 μέσῳ
2800 3360 2857 3414 δέ
2895 3363 3010 3413 ὲστι
3048 3362 3145 3430 τῆς
3181 3362 3384 3426 πόλεως
3408 3365 3436 3416 6
3465 3362 3615 3425 Θεὸς,
3651 3362 3771 3426 ἴσας
3794 3365 4060 3433 πανταχό-

2495 3449 2584 3505 θεν
2610 3450 2701 3504 ἐπὶ
2742 3451 2810 3504 τά
2849 3452 3057 3523 πέρατα
3085 3451 3175 3505 τοῦ
3210 3452 3409 3506 κύκλου
3440 3453 3540 3523 τῆς
3578 3454 3772 3507 ἑαυτοῦ
3804 3458 4058 3527 προνοίας

2491 3542 2589 3607 τὰς
2624 3544 2847 3607 ἀκτῖνας
2900 3542 3217 3613 ἐκπέμπων.
3269 3543 3423 3596 Οὖτω
3464 3545 3571 3615 γὰρ
3618 3543 3677 3595 τὸ
3714 3544 3925 3600 δίκαιον
3968 3547 4057 3599 τοῦ

2490 3632 2624 3685 Θεοῦ
2668 3631 3005 3696 διασώζεται,
3056 3631 3116 3684 τὸ
3161 3631 3292 3684 αὐτὸ
3333 3630 3527 3701 μέτρον
3579 3630 3676 3699 τῆς
3724 3633 4057 3705 ἀγαθότητος

2490 3723 2828 3793 διανέμοντος
2858 3722 3045 3774 ἅπασι.
3082 3720 3379 3785 Βοηοήσει
3408 3718 3561 3786 αὐτῇ
3591 3724 3623 3774 ὁ
3653 3722 3797 3787 Θεὸς
3818 3724 3884 3776 τὸ
3913 3727 4059 3794 πρὸς

2492 3813 2637 3881 πρωὶ
2681 3814 2847 3880 πρωί.
2887 3812 2997 3881 Τὴν
3047 3810 3142 3881 μὲν
3174 3808 3282 3880 (36)
3320 3804 3411 3862 οῦν
3441 3812 3569 3882 παρ’
3598 3813 3728 3881 ἡμῖν
3775 3816 3989 3885 πρωίαν
4030 3820 4057 3870 6

2490 3904 2740 3975 αἰσθητὸς
2768 3903 2918 3973 ἥλιος
2944 3906 3104 3967 ποιεῖ,
3132 3902 3349 3956 ἐπειδὰν
3371 3900 3462 3957 τὸν
3494 3904 3615 3958 καθ’
3635 3908 3783 3977 ἡμᾶς
3809 3909 4055 3979 ὁρίζοντα

2493 3997 2778 4071 ὑπερκύψῃ
2796 4014 2808 4026 ’
2839 3997 2933 4069 τὴν
2954 3998 3008 4051 δὲ
3033 3999 3089 4051 ὲν
3107 3998 3172 4069 τῇ
3201 3996 3344 4069 ψυχῇ
3380 3998 3590 4069 πρωίαν
3616 4002 3644 4053 6
3673 4001 3771 4071 τῆς
3793 4002 4055 4057 δικαιοσύ-

2490 4110 2586 4163 νης
2604 4091 2789 4154 Ἥλιος
2814 4090 3064 4144 ἀποτελεῖ
3087 4092 3151 4161 τῇ
3183 4090 3413 4161 ἀνατολῇ
3434 4090 3527 4144 τοῦ
3545 4092 3720 4160 φωτὸς
3747 4092 3842 4145 τοῦ
3869 4094 4053 4166 νοητοῦ

2492 4185 2659 4239 ποιῶν
2690 4184 2898 4255 ἡμέραν
2927 4185 2982 4235 ἐν
3008 4181 3082 4251 τῷ
3112 4181 3537 4251 παραδεξαμένῳ
3573 4182 3751 4237 αὐτόν.
3788 4186 3877 4237 Ἐν
3902 4188 4053 4239 νυκτὶ

2491 4279 2597 4348 γάρ
2626 4279 2788 4346 ἐσμεν
2832 4274 2978 4345 παρὰ
3003 4276 3093 4328 τὸν
3126 4274 3314 4343 καιρὸν
3346 4272 3444 4339 τῆς
3476 4272 3748 4338 ἀγνωσίας
3775 4275 3823 4326 οἱ
3856 4276 4054 4346 ἄνθρω-

2493 4383 2603 4419 ποι.
2648 4363 2894 4417 Ἐπειδὰν
2927 4358 3039 4424 οὖν,
3066 4359 3499 4422 ἀναπετάσαντες
3529 4361 3735 4413 ἑαυτῶν
3763 4362 3822 4413 τὸ
3858 4364 4053 4435 ἡγεμο-

2493 4459 2669 4519 νικὸν,
2708 4451 3089 4522 ὑποδεξιῦμεθα
3131 4451 3192 4504 τὸ
3233 4450 3564 4523 ἀπαύγασμα
3605 4453 3703 4523 τῆς
3741 4452 3921 4524 δόξης,
3964 4456 4052 4509 καὶ

831 4550 930 4606 Ubi
962 4552 1087 4605 iacti
1125 4551 1385 4607 fuerimus
1417 4550 1509 4604 ﬁlii
1546 4550 1700 4614 lucis,
1733 4562 1946 4617 noxque
1976 4550 2112 4616 apud
2144 4567 2241 4605 nus
2263 4565 2384 4619 pro—
2417 4585 2458 4639 υ
2495 4569 2501 4582 ε

2382 4582 2384 4589 -
2417 4585 2458 4639 Β
2495 4546 2953 4619 περιλαμφθῶμεν
2978 4544 3055 4616 τῷ
3080 4545 3217 4614 φωτὶ
3246 4543 3322 4615 τῷ
3349 4544 3519 4614 ἀϊδίῳ,
3566 4544 3862 4613 Βεηθήσει
3903 4545 4052 4615 αὐτῇ

829 4657 1009 4713 gressa
1048 4640 1242 4705 fuerit,
1292 4644 1404 4697 dies
1444 4656 1571 4696 vero
1596 4640 2108 4711 apprOpinquaverit
2143 4641 2206 4706 “,
2260 4652 2384 4696 tunc
2417 4636 2445 4639 ⁷
2487 4663 2499 4695 ι

2380 4662 2384 4693 :
2417 4636 2445 4639 ⁷
2487 4646 2519 4696 ό
2556 4640 2696 4707 Θεὸς
2718 4640 2782 4693 τὸ
2816 4638 2964 4708 πρὸς
2985 4638 3130 4707 πρωὶ
3157 4637 3304 4705 πρωί
3324 4638 3455 4707 (57).
3500 4636 3747 4690 Ἐπειδὰν
3771 4639 4050 4711 γενώμεθα

833 4733 922 4787 Dei
951 4733 1154 4787 auxilio
1182 4732 1327 4801 digni
1366 4731 1643 4787 eﬂicimur.
1682 4731 1914 4800 Adiuvat
1944 4729 2107 4799 igitur
2140 4728 2280 4785 Deus
2309 4734 2385 4786 ci—

829 4826 1067 4887 vitalem,
1111 4839 1205 4893 per
1252 4823 1523 4893 propriqu
1565 4832 1807 4875 exortum
1841 4830 1895 4874 et
1933 4821 2242 4886 adventum,
2274 4839 2387 4877 ma-

832 4915 1063 4968 tutinam
1105 4916 1153 4967 ei
1199 4916 1366 4969 lucem
1399 4915 1678 4969 inducens.
1719 4912 1851 4965 Ecce
1892 4912 2036 4965 enim
2082 4911 2259 4981 homo,
2303 4916 2386 4969 in-

829 5008 967 5073 quit,
999 5006 1183 5061 Oriens
1215 5023 1397 5059 nomen
1418 5007 1463 5058 ei
1494 5006 1556 5061 ¹⁶.
1589 5004 1791 5074 Quibus
1820 5004 1980 5071 igitur
2012 5012 2195 5057 exorta
2226 5004 2384 5061 fuerit

831 5094 921 5151 lux
950 5096 1265 5165 spiritualis,
1291 5096 1548 5149 discussis
1582 5094 1898 5163 ignorantiae
1920 5093 2387 5164 improbitatisque

833 5188 1087 5256 tenebris,
1126 5189 1192 5246 iis
1221 5198 1427 5258 tempus
1462 5189 1786 5243 matutinum
1835 5188 2069 5241 accedit.
2116 5186 2382 5251 Quoniam

2485 4735 2651 4789 τέκνα
2685 4734 2890 4803 φωτὸς,
2927 4732 3020 4784 καὶ
3052 4732 3084 4802 ἡ
3121 4731 3215 4794 νὺξ
3262 4730 3358 4800 μὲν
3402 4730 3532 4798 ἡμῖν
3579 4731 3858 4803 προκύψῃ,
3915 4736 3947 4803 ἡ
3998 4734 4049 4787 δὲ

2488 4829 2668 4899 ἡμέρα
2697 4825 2910 4895 ἐγγίσῃ,
2936 4824 3058 4877 τότε
3084 4823 3221 4889 ἄξιοι
3259 4822 3357 4890 τῆς
3386 4820 3477 4873 τοῦ
3505 4820 3639 4875 Θεοῦ
3680 4822 3934 4894 βοηθείας
3977 4843 4049 4893 για

2488 4919 2709 4990 νόμεθα.
2747 4914 2936 4986 Βοηθεῖ
2970 4910 3061 4968 οῦν
3102 4916 3167 4983 τῇ
3200 4911 3353 4964 πόλει
3385 4913 3413 4964 6
3454 4911 3605 4976 Θεὸς,
3644 4913 3730 4965 διὰ
3778 4916 3878 4986 τῆς
3922 4916 4047 4977 ἰδίας

2491 5008 2749 5079 ἀνατολῆς
2805 5008 2895 5059 καὶ
2958 5004 3272 5073 ἐπιφανείας
3326 5006 3535 5075 πρωίαν
3590 5006 3724 5076 αὐτῇ
3790 5007 4044 5078 ἐμποιῶν.

2505 5099 2647 5154 Ἰδοὺ
2673 5098 2779 5169 γὰρ
2807 5088 3132 5164 ἄνθρωπος,
3162 5095 3342 5165 φησὶν,
3362 5094 3638 5162 Ἀνατολὴ
3666 5095 3851 5165 ὄνομα
3875 5094 4044 5160 αὐτῷ.

2494 5185 2589 5254 Οἷς
2642 5190 2705 5243 ἂν
2762 5184 2852 5242 οῦν
2896 5185 3219 5258 ὲπανατείλῃ
3252 5186 3360 5257 ('68)
3422 5186 3480 5239 τὸ
3524 5187 3713 5257 νοητὸν
3751 5186 3888 5257 φῶς,
3928 5188 4044 5241 λυο-

903 5322 923 5352 ⁶
962 5322 977 5373 ι
1010 5323 1132 5375 Cor.
1162 5337 1217 5381 ll,
1259 5321 1312 5375 9.
1390 5320 1408 5351 τ
1455 5319 1728 5377 llebr.xu.
1756 5316 1845 5371 23.
1922 5317 1942 5347 ⁸
1983 5314 2137 5385 Psal.
2164 5330 2379 5383 Lxxxw,
2419 5322 2472 5374 5.
2548 5323 2567 5353 ⁹

2374 5362 2379 5380 ,
2419 5322 2472 5374 5.
2548 5323 2567 5353 ⁹
2608 5319 2710 5374 lsa.
2738 5337 2825 5382 ιχ,
2866 5317 3053 5375 1548.
3135 5321 3181 5351 ὀ
3211 5318 3371 5373 Hebr.
3410 5334 3481 5384 XI,
3526 5320 3613 5373 10.
3692 5320 3730 5350 ¹¹
3765 5319 3939 5374 Galat.
3979 5337 4044 5385 tv,

830 5385 918 5444 Ξῖ).
997 5393 1038 5421 ¹¹
1078 5392 1308 5446 Malach.
1344 5405 1413 5455 Iv,
1444 5390 1491 5443 ‘2.
1576 5389 1617 5419 ”
1659 5388 1816 5441 Hebr.
1846 5388 1939 5450 1,5
2039 5384 2078 5413 ³⁵
2115 5384 2271 5439 Rom.
2314 5405 2433 5451 χιιι,
2480 5393 2500 5444 1

1468 5394 1491 5443 l.
1576 5389 1617 5419 ”
1659 5388 1816 5441 Hebr.
1846 5388 1939 5450 t,5
2039 5384 2078 5413 “
2115 5384 2271 5439 Rotn.
2314 5405 2433 5451 χιιι,
2480 5391 2564 5444 12.
2643 5392 2683 5421 ¹⁵
2727 5391 2890 5444 Zach.
2937 5404 3011 5450 vt,
3052 5390 3138 5442 12.

904 5528 1016 5599 (36)
1056 5528 1145 5583 Sic
1174 5529 1304 5597 Reg.
1336 5539 1523 5599 tertius
1556 5536 1608 5599 et
1629 5526 1850 5599 Catena
1878 5522 2100 5599 Gorder.
2132 5524 2197 5599 ᾼι
2230 5522 2385 5599 βυιιι.

833 5592 1381 5673 σξιῃὶιιιιιιιξιμδτὴν’μὲνΔ
1408 5598 1532 5673 γαρ.
1566 5597 1703 5673 βιηιὶ
1738 5595 1833 5665 τὴν
1882 5592 1988 5673 μὲν
2038 5593 2162 5673 ¹παρ’
2229 5593 2381 5661 ἡμῖν.

836 5664 1026 5723 διέιιιιη
1050 5664 1305 5739 θιιιῑί,”τὴν
1340 5670 1395 5722 δὲ
1420 5664 1521 5736 ἧς
1550 5665 1726 5735 ψυχῆς
1762 5666 1990 5736 πρωῒαν.
2032 5664 2101 5715 At
2132 5676 2261 5715 mss.
2294 5676 2380 5715 se-

835 5752 973 5809 ptem
1009 5741 1141 5809 utin
1174 5752 1449 5792 contextu.

905 5811 1010 5881 (57‘,
1050 5808 1136 5863 lla:
1171 5824 1346 5871 vuccs,
1378 5811 1438 5861 τὸ
1494 5806 1624 5877 πρὸς
1681 5804 1816 5875 πρωῒ
1864 5802 2027 5874 πρωῒ,
2090 5802 2287 5857 desunt
2330 5802 2380 5856 in

2492 5536 2724 5607 quatuor
2762 5540 2887 5579 mss.
2919 5523 2989 5577 At
3022 5524 3071 5577 in
3100 5524 3306 5580 duobus
3335 5524 3452 5579 aliis
3485 5539 3638 5597 aeque
3694 5540 3753 5577 ac
3803 5526 3856 5580 in
3894 5527 4044 5580 editis

2494 5605 2857 5663 reperiuntur.

2560 5666 2671 5786 ςῗὸ)
2712 5666 2850 5719 Editi
2882 5664 3241 5736 ὲπανατέλλῃ.
3272 5664 3343 5718 At
3391 5679 3519 5720 mss.
3573 5664 3811 5733 quinque
3855 5667 4042 5717 ἐπανα-

2489 5753 2569 5787 τει
2606 5754 2656 5806 ῃ.
