4230 6536
183 524 291 581 £25

1309 526 1590 583 llOMlLlA
1631 527 1695 582 ΙΝ
1740 528 2066 586 PSALMUM
2104 528 2259 584 XLV.

3318 528 3421 584 49.6

185 648 347 712 μένου
399 640 491 693 τοῦ
548 642 610 695 ὲκ
649 642 749 712 τῆς
805 641 1027 709 ἀγνοίας
1071 643 1165 696 καὶ
1206 642 1467 714 πονηρίας
1509 644 1752 709 σκότους,
1784 651 1829 705 Α

1750 689 1752 702 ι
1784 651 1829 705 Α
1857 660 1983 716 ergo
2011 647 2099 699 lux
2134 646 2185 699 in
2226 644 2482 699 mundum
2531 645 2698 710 venit,
2737 654 2792 697 ut
2840 643 2930 714 qui
2972 645 3208 700 ambulat
3248 646 3300 699 iu
3338 661 3420 713 ea,

182 732 364 803 πρωία
401 732 607 797 τούτοις
660 734 952 801 ἐγγίνεται.
1022 734 1172 787 Ἐπεὶ
1223 730 1315 786 οὖν
1368 734 1481 802 φῶς
1538 736 1617 799 είς
1662 735 1755 787 τὸν

179 824 384 894 κόσμον
412 824 685 896 ἐλήλυθεν,
720 826 806 877 ἵνα
831 828 859 879 6
883 825 1201 899 περιπατῶν
1229 827 1285 878 ἐν
1313 826 1462 898 αὑτῷ
1490 829 1564 899 μὴ
1594 846 1758 900 προσ-

183 915 436 989 utin-smn
480 915 698 987 βοήθεια
732 917 895 970 αὐτοῦ
927 920 1140 992 πρωίας
1169 918 1286 970 ἐστὶ
1313 923 1639 992 παρεκτική.
1687 921 1755 972 Ἢ

181 1009 324 1079 τάχα
351 1007 539 1080 ἐπειδὴ
562 1008 756 1083 ὄρθρου
785 1011 974 1083 βαθέος
994 1015 1027 1082 ή
1056 1008 1465 1083 ἀνάστασις-ἦν,
1502 1010 1756 1087 βοηθήσει

184 1103 213 1151 6
240 1098 372 1162 Θεὸς
399 1103 462 1172 τῇ
494 1102 644 1156 πόλει
668 1104 728 1157 τὸ
758 1105 894 1175 πρὸς
922 1102 1066 1174 πρωὶ
1096 1103 1239 1173 πρωὶ
1274 1102 1405 1173 (59),
1443 1105 1471 1154 6
1494 1106 1591 1174 τὴν
1615 1106 1755 1159 κατά

184 1188 279 1239 τοῦ
314 1188 540 1245 θανάτου
575 1194 730 1263 νίκην
762 1195 945 1265 πρωία
980 1194 1045 1263 τῇ
1076 1192 1232 1265 τρίτῃ
1270 1194 1453 1266 ήμέρᾳ
1491 1197 1590 1265 τῆς
1629 1197 1755 1249 ἀνα-

186 1282 427 1345 στάσεως
456 1284 846 1353 ἐργασάμενος.

257 1374 310 1427 6.
378 1374 823 1443 Ἐτιιράχθησαν
886 1378 1069 1447 ἔθνη,
1125 1381 1374 1435 έκλιναν
1426 1380 1753 1446 βασιλεῖαι,

180 1466 370 1520 ἔδωκε
403 1466 612 1535 φωνὴν
645 1468 829 1521 αὑτοῦ
859 1471 893 1522 d
917 1470 1217 1538 Ὗψιστος,
1248 1474 1548 1541 ἐσαλεύθη
1585 1475 1623 1543 ἡ
1656 1474 1752 1544 γῆ.

182 1555 394 1627 Νόησόν
438 1575 527 1627 μοι
572 1558 693 1611 τινὰ
737 1559 890 1612 πόλιν
929 1562 1416 1635 ἐπιϐουλευομένην
1461 1566 1611 1638 παρά
1649 1565 1755 1619 τῶν

183 1649 681 1720 ἐπιστρατευόντων
720 1650 853 1724 αὐτῇ
887 1652 1179 1726 πολεμίων,
1208 1654 1345 1717 τέως
1373 1656 1467 1725 μὲν
1498 1657 1757 1729 περικαθ-

183 1740 456 1810 εζομένων
510 1740 618 1813 (40)
670 1742 837 1816 αὐτὴν
880 1745 1048 1799 ἐθνῶν
1102 1744 1312 1799 πολλῶν
1359 1747 1451 1800 καὶ
1492 1747 1755 1818 βασιλέων

182 1831 293 1884 τῶν
342 1832 461 1886 καθ’
490 1833 715 1888 ’ἑκαστον
759 1836 909 1899 ἔθνος
944 1836 1013 1888 τὰ
1059 1836 1312 1909 σκῆπτρα
1362 1839 1748 1910 διαλαχόντων·

183 1918 308 1976 εἷτά
354 1942 472 1977 τινα
513 1926 848 1997 στρατηγὸν,
887 1927 1095 1996 ἄμαχον
1139 1926 1235 1999 τὴν
1277 1926 1498 2002 ῥώμην,
1542 1928 1753 2001 ἀθρόως

1861 753 1965 793 non
2020 734 2255 793 otl'endat
2283 737 2349 802 “,
2390 736 2507 805 ejus
2540 737 2799 791 auxilium
2853 748 3059 806 tempus
3101 739 3422 792 matutinum

1858 828 2034 884 all‘ert.
2071 828 2165 884 Vel
2207 828 2344 883 forte
2382 830 2634 897 quoniam
2681 826 2850 882 multo
2886 843 3042 882 mane
3087 836 3207 883 erat
3253 844 3424 883 resur-

1859 923 2058 986 rectio,
2109 918 2382 990 adiuvabit
2432 921 2572 974 Deus
2624 918 2896 974 civitatem
2953 933 3113 973 mane
3168 919 3421 979 diluculo.

1859 1012 2056 1081 quippe
2095 1016 2185 1083 qui
2222 1015 2380 1069 tertia
2412 1016 2821 1071 resurrectionis
2850 1014 2938 1070 die
2963 1012 3225 1067 matutina
3256 1013 3424 1068 victo-

1859 1104 1994 1157 riam
2026 1120 2055 1157 a
2089 1116 2263 1162 morte
2296 1106 2607 1177 reportarit.

1931 1367 1983 1421 6.
2042 1365 2202 1423 Vens.
2247 1368 2297 1422 7.
2360 1372 2695 1426 Conturbatm
2745 1381 2866 1423 sunt
2921 1381 3136 1439 gentes;
3173 1371 3427 1423 inclinata

1856 1469 1979 1516 sunt
2010 1476 2168 1529 regna
2204 1475 2223 1513 .'
2260 1461 2403 1515 dedit
2432 1479 2601 1517 uocem
2635 1482 2786 1519 suam
2812 1462 3135 1524 Altissimus,
3172 1472 3429 1515 commota

1855 1566 1929 1608 est
1974 1562 2136 1607 terra.
2188 1552 2376 1622 Cogita
2416 1554 2683 1609 civitatem
2716 1558 2953 1625 aliquam
3003 1569 3144 1616 esse,
3175 1554 3261 1608 cui
3299 1555 3431 1607 insi-

1856 1646 1956 1701 dize
1978 1653 2261 1699 struantur
2284 1646 2350 1699 ab
2374 1647 2804 1715 oppugnantibus
2830 1664 2945 1701 eam
2973 1646 3239 1710 hostibus,
3268 1660 3428 1713 quam

1858 1737 2076 1792 interim
2105 1737 2393 1791 obsideant
2423 1748 2609 1807 gentes
2634 1737 2812 1791 multae
2839 1750 2892 1791 et
2924 1756 3096 1809 reges,
3125 1738 3216 1809 qui
3253 1738 3433 1807 singu-

1856 1829 2029 1884 larum
2063 1830 2343 1884 nationum
2380 1840 2598 1897 sceptra
2620 1830 2799 1884 sortiti
2834 1830 2981 1891 sint;
3011 1832 3202 1887 deinde
3239 1832 3429 1886 ducem

1858 1922 2110 1990 aliquem,
2134 1924 2328 1979 robore
2359 1923 2641 1985 invictum,
2680 1922 2971 1991 derepente
2992 1924 3230 1990 conspici
3254 1924 3320 1977 ad
3362 1924 3434 1977 fc-

183 2012 519 2080 ἐπιφανέντα
556 2014 637 2077 είς
699 2014 951 2086 βοήθειαν
992 2019 1057 2089 τῇ
1114 2019 1263 2073 πόλει
1309 2020 1516 2094 ταύτῃ,
1570 2020 1762 2074 λύοντα
1796 2020 1837 2073 Β

1759 2063 1762 2072 ,
1796 2020 1837 2073 Β
1868 2012 2093 2067 rendqu
2123 2015 2244 2068 huic
2260 2016 2469 2070 civitati
2496 2014 2775 2080 auxilium,
2802 2014 2918 2084 qui,
2938 2015 3111 2069 soluta
3131 2014 3429 2078 obsidione,

188 2102 293 2172 μὲν
337 2102 434 2176 τὴν
479 2104 833 2179 πολιορκίαν,
892 2108 1254 2163 σκεδαννύντα
1295 2109 1351 2162 δὲ
1398 2113 1497 2180 τὴν
1548 2128 1766 2182 συστρο-

185 2195 297 2267 φὴν
339 2196 446 2250 τῶν
497 2198 684 2263 ἐθνῶν,
734 2202 815 2263 είς
866 2200 1043 2270 φυγὴν
1088 2201 1145 2253 δὲ
1193 2201 1319 2261 τοὺς
1361 2199 1597 2270 βασιλεῖς
1642 2218 1766 2253 συν-

186 2288 483 2343 ελαύνοντα
528 2293 591 2344 ἐκ
640 2292 802 2360 μόνου
840 2291 932 2343 τοῦ
973 2289 1236 2359 ἐμϐοῆσαι
1267 2290 1378 2359 (Η)
1419 2291 1600 2356 αὐτοῖς
1629 2293 1765 2363 μετά

184 2380 487 2450 δυνάμεως,
541 2380 881 2450 καταπλῆξαι
932 2397 992 2433 τε
1046 2382 1224 2437 αὐτῶν
1274 2384 1373 2448 τὰς
1421 2385 1646 2456 καρδίας
1697 2388 1762 2458 τῇ

190 2468 509 2543 στερρὄητι
561 2473 660 2543 τῆς
701 2473 901 2544 φωνῆς.
953 2473 1131 2547 Πόσην
1172 2470 1264 2529 οὖν
1316 2477 1463 2541 είκὸς
1520 2478 1764 2550 ταραχήν

190 2563 478 2634 συστῆναι,
530 2564 638 2618 τῶν
686 2565 853 2619 ἐθνῶν
902 2567 1267 2638 διωκομένων,
1316 2570 1413 2622 καὶ
1454 2571 1562 2623 τῶν
1622 2570 1768 2638 βασι-

186 2651 329 2707 λέων
363 2656 440 2717 εἰς
469 2657 645 2728 φυγὴν
681 2659 1039 2712 ἐκκλινάντων
1058 2676 1072 2689 ο
1120 2659 1279 2730 θροῦν
1308 2659 1364 2711 δέ
1392 2676 1513 2711 τινα
1553 2658 1766 2730 ἄσημον

189 2748 288 2799 καί
320 2743 450 2817 ἦχον
483 2750 897 2802 ἀκατάπαυστον
940 2752 1005 2803 ἐκ
1048 2751 1145 2821 τῆς
1184 2750 1624 2822 τεθορυϐημένης
1666 2753 1765 2805 αὐ-

188 2837 301 2889 τῶν
347 2840 523 2908 φυγῆς
575 2839 1007 2910 ἀναπέμπεσθαι,
1060 2842 1237 2895 πάντα
1279 2842 1335 2897 δὲ
1378 2844 1543 2897 τόπον
1584 2844 1762 2918 πλήρη

190 2922 333 2979 εἶναι
382 2926 491 2981 τῶν
537 2928 641 2982 ὑπὸ
679 2929 880 2994 δειλίας
922 2932 1395 3000 φυγαδευθέντων,
1429 2933 1567 2987 ὥστε
1607 2935 1766 2989 σάλον

190 3014 502 3086 ἐγγίνεσθαι
531 3021 801 3090 πανταχοῦ
834 3026 952 3084 ταῖς
984 3024 1403 3094 ὑποδεχομέναις
1447 3029 1644 3091 αὐτοὺς
1672 3030 1769 3081 πό⁴

191 3106 392 3179 λεσινῆ
430 3106 677 3178 κώμαιςς
708 3113 815 3181 Τήν
848 3113 1101 3184 τοιαύτην
1130 3110 1222 3168 οὖν
1264 3116 1562 3187 παρίστησι
1583 3121 1649 3190 τῇ
1680 3120 1767 3173 πό-

193 3197 277 3250 λει
311 3198 402 3251 τοῦ
432 3199 564 3253 Θεοῦ
596 3200 744 3269 παρὰ
771 3200 863 3253 τοῦ
887 3203 1139 3274 Σωτῆρος
1172 3204 1456 3277 ἀντίληψιν
1490 3209 1549 3260 ἐν
1576 3207 1653 3278 τῷ
1683 3208 1769 3262 λέ-

194 3306 346 3356 γειν·
412 3290 853 3361 Ἐταράχθησαν
900 3295 1080 3362 ἔθνη,
1138 3294 1391 3350 ἔκλιναν
1436 3299 1763 3367 βασιλεῖαι,

194 3355 379 3433 ἔδωκε
405 3355 830 3451 φωνήν-ἀυτοῦ
862 3390 895 3441 ό
925 3355 1241 3458 ’ἶφι-στος,
1274 3355 1573 3462 ἐσαλεύθη
1604 3393 1641 3461 ἡ
1797 3355 1839 3411 C

194 3470 412 3537 Κύριος
465 3471 583 3525 τῶν
626 3474 937 3544 δυνάμεων
977 3481 1105 3548 μεθ’
1162 3481 1359 3551 ἡμῶν,
1395 3482 1769 3554 ἀντιλήπτωρ

195 3559 369 3629 ἡμῶν
400 3565 432 3615 ό
460 3562 602 3629 Θεὸς
635 3565 830 3619 Ἰακώό
854 3567 986 3637 (42).
1012 3568 1133 3622 Εἷδε
1161 3573 1251 3624 τὸν
1277 3575 1769 3647 ἐνανθρωπήσαντα

195 3652 355 3717 Θεὸν,
387 3650 495 3709 εἶδε
532 3655 624 3710 τὸν
669 3659 731 3710 ἐκ
765 3658 1040 3729 Παρθένου
1083 3661 1244 3730 ἁγίας
1273 3665 1602 3735 γεννηθέντα
1642 3669 1770 3739 Ἐμ-

200 3747 476 3819 μανουήλο
521 3748 550 3802 ὅ
591 3751 707 3803 ἐστι
756 3751 1290 3826 μεθερμηνευόμενον
1336 3758 1476 3811 Μεθ’
1516 3757 1684 3827 ἡμῶν
1738 3762 1770 3813 ό

200 3838 377 3903 Bede,"
425 3840 518 3892 καὶ
570 3840 658 3894 διὰ
686 3842 845 3895 τοῦτο
895 3844 1244 3915 προφητικῶς
1300 3846 1500 3917 ἐκόοᾷ·
1560 3850 1772 3917 Κύριος

198 3926 322 3979 τῶν
347 3928 656 3999 δυνάμεων
672 3934 798 4002 μεθ’
828 3933 1025 4004 ἡμῶν·
1058 3936 1299 4003 δεικνὺς,
1327 3938 1409 3991 ὅτι
1451 3933 1605 4003 οὗτός
1627 3943 1771 3993 ἐστιν

197 4020 229 4071 6
250 4020 364 4081 τοῖς
381 4020 551 4087 ἁγίοις
574 4027 876 4095 προφήταις
898 4027 990 4079 καὶ
1012 4030 1372 4099 πατριάρχαις
1398 4030 1766 4100 ἐμφανισθείς.

214 4109 617 4180 Ἀντιλήπτωρ
642 4113 845 4181 ἡμῶν,
879 4118 1070 4187 φησιν,
1122 4120 1240 4188 οὐχὶ
1272 4118 1429 4183 ἄλλος
1462 4120 1593 4185 Θεὸς
1623 4121 1774 4193 παρὰ

199 4200 296 4253 τὸν
329 4201 431 4254 ὑπὸ
463 4202 570 4255 τῶν
612 4206 903 4275 προφητῶν
938 4209 1359 4280 παραδιδόμενον
1380 4230 1394 4243 ο
1425 4213 1541 4266 ἀλλ’
1582 4215 1609 4267 6
1641 4214 1772 4280 Θεὸς

214 4291 410 4345 Ἰακὼὸ
444 4292 574 4363 (45),
606 4296 635 4347 6
667 4296 723 4347 ἐν
761 4296 838 4366 τῷ
871 4298 1238 4370 χρηματισμῷ
1286 4302 1421 4372 πρὸς
1445 4303 1533 4355 τὸν
1580 4304 1771 4358 ἐαυτοῦ

201 4381 511 4452 θεράποντα
532 4385 860 4457 διαλεχθείς·
907 4388 1051 4457 Ἐγώ
1085 4391 1201 4458 ειμι
1244 4394 1277 4445 d
1310 4390 1454 4457 Θεὸς
1507 4394 1770 4463 Ἀϐραὰμ,

200 4474 302 4526 καὶ
331 4477 361 4527 ό
391 4476 533 4542 Θεὸς
561 4478 765 4533 Ἰσαὰκ
783 4518 797 4543 ,
827 4480 923 4533 καὶ
956 4484 987 4533 ό
1020 4481 1162 4548 Θεὸς
1193 4484 1408 4538 Ἰακώϐ.

276 4565 330 4619 7.
348 4566 526 4621 Δεῦτε
550 4570 647 4622 καὶ
670 4570 821 4626 ἴδετε
854 4572 924 4626 τὰ
948 4574 1090 4644 ἔργα
1121 4577 1222 4630 τοῦ
1250 4578 1416 4641 Θεοῦ,
1441 4578 1478 4632 d
1498 4578 1664 4633 ἔθετο
1687 4580 1776 4633 τέ-

1865 2105 2101 2175 gentium
2122 2106 2349 2174 dissipet
2362 2106 2743 2176 dispergatque
2760 2106 3176 2169 multitudinem,
3196 2120 3259 2160 ac
3276 2120 3434 2171 reges

1868 2198 2012 2266 ipsos
2044 2200 2099 2253 in
2140 2198 2317 2269 iugam
2351 2206 2557 2263 vertat,
2611 2200 2654 2253 si
2701 2198 2873 2252 solum
2909 2213 3001 2252 eos
3036 2213 3156 2252 cum
3196 2197 3435 2267 potentia

1867 2292 2138 2357 inclamet,
2160 2308 2456 2363 eorumque
2479 2294 2642 2348 corda
2669 2292 2815 2348 vocis
2838 2292 3094 2348 ﬁrmitate
3116 2302 3435 2362 perterrent.

1864 2384 2134 2453 Quantam
2176 2384 2337 2455 igitur
2364 2383 2656 2438 verisimile
2689 2395 2771 2439 est
2802 2385 3160 2439 turbationein
3186 2384 3434 2443 excitari,

1866 2476 1992 2529 dum
2043 2484 2234 2545 gentes
2287 2471 2562 2544 fugantur,
2599 2483 2651 2527 et
2698 2490 2853 2539 reges
2901 2476 2952 2528 in
3006 2475 3185 2543 fugam
3218 2484 3439 2528 vertun-

1869 2569 1999 2620 tur?
2030 2568 2242 2636 qualem
2273 2581 2487 2636 quoque
2510 2566 2806 2620 clamorem
2847 2567 3134 2621 confusum
3156 2607 3170 2627 ,
3206 2576 3260 2622 et
3290 2567 3437 2619 soui-

1869 2665 1979 2707 tutn
2015 2667 2328 2725 perpetuum
2373 2671 2437 2710 ex
2491 2657 2813 2710 tumultuosa
2867 2657 3080 2711 illorum
3132 2656 3256 2725 fuga
3306 2655 3439 2709 edi?

1868 2745 2055 2801 Nonne
2106 2746 2331 2800 credere
2378 2762 2476 2815 par
2522 2756 2606 2801 est
2642 2747 2817 2802 locum
2853 2764 3066 2802 onmem
3096 2748 3159 2802 iis
3189 2749 3277 2818 qui
3331 2764 3437 2815 pne

1869 2838 2061 2893 timore
2087 2837 2253 2909 fugati
2284 2849 2430 2906 sunt,
2464 2840 2659 2910 repleri
2688 2840 2710 2894 ?
2735 2841 2870 2895 adeo
2896 2851 2953 2893 ut
2987 2841 3183 2910 ubique
3221 2844 3271 2894 in
3299 2840 3441 2893 urbi-

1869 2929 1965 2982 bus
1994 2939 2087 2981 aut
2123 2930 2256 2983 vicis
2291 2943 2386 2984 eos
2437 2929 2834 2999 excipientibus
2880 2930 3148 2984 excitetur
3198 2942 3438 2984 commo-

1870 3020 1965 3072 tio.
1989 3020 2175 3073 Talem
2207 3020 2373 3090 igitur
2396 3037 2545 3089 spem
2582 3022 2786 3076 civitati
2808 3023 2900 3076 Dei
2926 3038 2955 3075 a
2987 3021 3269 3074 Salvatore
3300 3020 3437 3074 dan-

1868 3113 1989 3166 dam
2044 3125 2168 3167 esse
2212 3112 2472 3179 ostendit,
2528 3115 2652 3167 dum
2698 3114 2870 3168 dicit:
2933 3113 3276 3169 Conturbator
3321 3124 3438 3167 sunt

1868 3214 2063 3274 gentes,
2096 3205 2353 3259 inclinata
2378 3215 2502 3260 sunt
2526 3223 2706 3276 regna,
2732 3208 2871 3260 dedit
2891 3224 3064 3262 vocem
3092 3226 3241 3262 suam
3271 3208 3440 3261 Altis-

1870 3297 2055 3357 simus,
2090 3306 2351 3351 commota
2390 3308 2466 3351 est
2503 3312 2664 3352 terra.
2700 3298 2862 3353 Vens.
2894 3300 2948 3354 8.
2978 3299 3239 3355 Dominus
3277 3300 3441 3353 virtu—

1872 3398 1978 3439 tum
2003 3389 2288 3452 nobiscum,
2323 3400 2590 3457 susceptor
2638 3401 2813 3444 noster
2860 3389 3004 3445 Deus
3051 3390 3238 3446 Iacob.
3296 3390 3442 3445 Vidit

1873 3478 2207 3533 incarnatum
2240 3479 2431 3543 Deum,
2465 3482 2597 3534 vidit
2626 3497 2689 3535 ex
2717 3491 2907 3538 sancta
2958 3480 3177 3553 Virgine
3203 3483 3440 3553 genitum

1873 3571 2187 3625 Emmanuel
2215 3594 2227 3628 :
2262 3574 2404 3638 quod
2436 3574 2479 3627 si
2513 3575 2639 3642 quis
2689 3574 3101 3644 interpretetur,
3143 3587 3300 3629 sonat
3332 3574 3443 3627 Νο-

1872 3663 2069 3714 biscum
2105 3661 2241 3716 Deus
2280 3663 2356 3728 ”;
2400 3673 2455 3716 et
2490 3665 2591 3718 hac
2622 3665 2687 3718 de
2708 3681 2870 3718 causa
2914 3666 3228 3734 propliclice
3257 3666 3441 3719 exclu-

1874 3766 1985 3807 mat
2013 3771 2026 3806 :
2065 3754 2327 3809 Dominus
2356 3755 2610 3809 virtutum
2639 3757 2946 3821 nobiscum;
2979 3758 3271 3812 ostendens
3300 3758 3443 3811 hunc

1872 3857 1995 3896 esse
2045 3843 2134 3911 qui
2166 3846 2373 3899 Sanctis
2409 3845 2689 3914 prapbetis
2727 3847 2978 3916 apparuit
3013 3856 3175 3915 atque
3205 3846 3443 3917 patriar-

1874 3936 2014 3991 cbis.
2044 3933 2324 4005 Susceptor
2354 3946 2546 4001 noster,
2583 3936 2783 4006 inquit,
2828 3954 2932 3991 non
2971 3936 3109 3991 alius
3137 3937 3276 3991 Deus
3302 3951 3443 4007 prae-

1878 4040 1958 4084 ter
1984 4044 2105 4082 eum
2136 4028 2230 4097 qui
2266 4029 2498 4083 traditus
2525 4040 2609 4084 est
2639 4046 2666 4083 a
2695 4029 3013 4099 pmpbetis;
3052 4029 3145 4084 sed
3189 4028 3329 4083 Deus
3351 4026 3443 4081 Ja-

1873 4124 1975 4177 cob
2009 4123 2099 4191 qui
2145 4121 2198 4174 in
2230 4122 2451 4175 oraculo
2502 4121 2567 4176 ad
2598 4137 2812 4176 servum
2851 4139 3008 4177 suum
3058 4123 3203 4177 edito
3231 4122 3441 4177 locutus

1875 4222 1959 4268 est
1996 4235 2007 4268 :
2042 4214 2154 4281 Ego
2184 4230 2300 4267 sum
2330 4213 2470 4267 Deus
2516 4213 2802 4278 Abraham,
2836 4213 2975 4267 Deus
3008 4212 3182 4276 Isaac,
3220 4225 3266 4266 et
3304 4213 3444 4266 Deus

1872 4305 2039 4359 Jacob
2065 4306 2105 4337 “

1952 4579 2109 4649 175
2128 4578 2361 4633 7.VEtts.
2382 4578 2530 4644 9,10.
2557 4576 2735 4631 Venite
2757 4586 2804 4629 et
2827 4578 2989 4629 videte
3018 4592 3171 4641 opera
3195 4575 3312 4638 Dei,
3329 4582 3444 4643 qua:

191 4675 353 4750 ρατα
394 4660 491 4714 ἐπὶ
527 4660 635 4729 τῆς
660 4663 793 4731 γῆς,
846 4667 1217 4735 ἀνταναιρῶν
1259 4669 1561 4740 πολέμους
1599 4670 1773 4740 μέχρι
1804 4693 1850 4750 ο

1804 4693 1850 4750 ο
1876 4674 2050 4739 posuit
2072 4673 2316 4741 prodigia
2347 4688 2505 4740 super
2525 4681 2737 4730 terram,
2775 4669 3015 4737 auferens
3037 4671 3168 4722 bella
3197 4686 3354 4737 usque
3377 4670 3445 4723 ad

202 4749 325 4803 τῶν
355 4750 622 4820 περάτων
649 4753 756 4822 τῆς
792 4755 923 4824 τῆς.
972 4758 1108 4822 Τοὺς
1136 4761 1351 4831 μακρὰν
1388 4762 1547 4826 ὄντας
1568 4764 1662 4816 τοῦ
1689 4763 1773 4815 λό-
1815 4749 1832 4750 7

1815 4749 1832 4750 ί
1880 4764 2010 4833 ﬁnes
2041 4775 2213 4816 terrae.
2254 4763 2378 4825 Eos,
2412 4764 2503 4832 qui
2536 4762 2720 4830 procul
2750 4771 2871 4815 sunt
2897 4777 2926 4814 a
2970 4762 3135 4814 verbo
3163 4760 3405 4813 veritatis
3430 4800 3444 4824 ,

201 4856 303 4907 γου
338 4845 436 4913 τῆς
469 4843 723 4914 ἀληθείας
744 4848 820 4909 είς
844 4848 941 4918 τὴν
976 4849 1061 4901 διὰ
1087 4852 1184 4921 τῆς
1225 4854 1572 4921 ἐπιγνώσεως
1610 4854 1773 4925 ἐγγύ-

1884 4853 2163 4922 Scriptura
2204 4853 2396 4906 invitat
2439 4861 2495 4906 ut
2534 4852 2601 4906 ad
2643 4866 2760 4906 eam
2797 4865 2893 4921 per
2928 4849 3289 4920 cognitionem
3322 4863 3446 4918 pro-

280 5019 324 5050 “
352 5017 507 5073 Joan.
536 5037 609 5086 ιι,
630 5021 683 5087 9,
725 5022 813 5078 10.
893 5025 934 5055 "
968 5024 1158 5083 Matth.
1194 5044 1234 5092 ι,
1256 5028 1348 5083 25.
1430 5028 1472 5060 “
1502 5029 1669 5088 Exod.
1710 5046 1792 5097 tu,
1817 5032 1849 5086 6

277 5157 391 5237 (:59)
424 5156 539 5213 Vox
574 5163 719 5233 πρωΐ
745 5165 917 5242 semel
965 5166 1223 5242 duntaxat
1247 5169 1477 5242 “legitur
1516 5172 1569 5224 in
1612 5172 1769 5226 editis
1878 5169 1958 5242 τῷ
1984 5167 2282 5242 προσώπῳ,
2314 5168 2581 5242 adjuvabit
2612 5184 2727 5222 eam
2757 5167 2895 5242 Deus
2918 5166 3089 5221 vultu.

204 5234 354 5311 etuin
386 5234 829 5311 .ltlSa'..l|Ull.l||tl_ll$
861 5252 872 5288 :
914 5238 1006 5311 sed
1034 5236 1136 5311 bis‘
1153 5234 1417 5311 scribitur
1457 5241 1507 5292 iu
1537 5252 1771 5308 quatuor
1930 5234 2063 5311 ’(40)
2090 5241 2181 5294 Sic
2205 5234 2337 5306 lteg.
2369 5234 2905 5311 Securulus._tertius,
2932 5247 3156 5305 quartus
3181 5246 3235 5311 et
3262 5246 3448 5291 sextus

205 5299 350 5379 aliis.
382 5297 641 5379 Hoc‘ipso
664 5302 892 5379 iuAlocoi
918 5306 1081 5379 editio
1106 5306 1282 5361 Paris.
1316 5310 1344 5360 6
1371 5313 1436 5379 τῇ
1485 5297 1625 5364 κατά
1675 5310 1768 5363 τοῦ

206 5368 438 5421 θανάτου
469 5367 593 5441 νίκῃ
611 5370 819 5442 πρωίαν
833 5378 897 5445 τῇ
931 5376 1109 5448 τρίτῃ,
1139 5385 1241 5432 etc.
1271 5379 1373 5442 Qui
1394 5367 1485 5447 per
1504 5381 1772 5434 victoriam

206 5453 274 5492 ex
318 5452 481 5492 morte
520 5450 842 5508 reportatum
878 5448 1029 5497 tertia
1060 5450 1456 5502 resurrectionis
1484 5452 1569 5504 die
1600 5461 1770 5503 matu-

207 5510 379 5588 tinum
412 5517 609 5578 tempus
638 5511 830 5580 effecit.
872 5514 942 5588 A_t
965 5515 1149 5588 “Regii
1171 5587 1175 5588 ν
1198 5520 1410 5581 tertius,
1445 5532 1673 5588 quartus
1714 5530 1767 5573 et

208 5579 433 5659 quintus
462 5594 566 5634 non
590 5579 760 5659 secus
788 5599 851 5636 ac
882 5579 1185 5659 Colberiini
1206 5579 1432 5655 primus,
1461 5579 1679 5659 quintus
1715 5599 1768 5643 et

210 5656 405 5724 sextus
429 5662 550 5724 eum
584 5650 837 5724 Coisl.et
891 5668 1012 5708 cum
1050 5650 1279 5722 quadam
1321 5650 1495 5724 quarn'
1540 5660 1770 5713 Duczzns

210 5716 399 5797 laudat
426 5717 649 5797 catena,
672 5729 730 5775 ut
766 5723 818 5797 in
850 5716 1124 5797 contextu.
1157 5725 1264 5779 Nec
1295 5716 1453 5782 aliter
1492 5729 1689 5797 legitur
1718 5730 1768 5781 in

211 5786 451 5863 editione
476 5786 641 5863 ῃυυιι.
671 5801 723 5844 et
772 5793 823 5845 in
857 5794 1037 5863 Regiis
1083 5798 1319 5849 secundo
1366 5810 1419 5849 et
1461 5786 1632 5860 senio,
1670 5800 1768 5851 nisi

212 5856 355 5937 quod
383 5856 723 5937 bi.libri__pro
752 5856 1207 5937 upwta'habeant
1234 5866 1410 5937 ft:pr
1436 5868 1587 5937 Apud
1623 5856 1770 5920 LXX

213 5935 397 5982 autem
420 5929 499 5986 sic
534 5929 736 5991 editqu
760 5929 1087 6000 invenimus,
1125 5929 1381 6001 ϐοηθήσει
1414 5929 1552 6000 αὐτῆ
1583 5940 1610 5991 ὁ
1640 5938 1772 6001 Θεὸς

1881 5305 2001 5371 enin
2032 5305 2186 5365 Colb.
2228 5305 2423 5377 primo.
2461 5308 2599 5361 Editi
2632 5308 2738 5360 τῶν
2780 5305 3338 5379 ἐπιστρατευρμένων.

1955 5381 2064 5449 (41)
2094 5380 2272 5433 Edilio
2306 5380 2469 5431 Basil.
2501 5388 2556 5431 et
2587 5396 2717 5433 mss.
2754 5377 2989 5432 nonnulli
3022 5377 3303 5447 ἐκϐοῆσαι,

1955 5444 2064 5518 (42)
2098 5450 2287 5503 Nostra
2319 5451 2483 5503 editio
2520 5449 2689 5504 Paris.
2749 5465 2867 5502 cum
2914 5451 3123 5502 duobus
3171 5444 3447 5518 iussuiu-

1874 5514 1975 5590 giié
2009 5514 2505 5591 ἐνανθρωπίσαντα.
2542 5524 2612 5573 At
2640 5519 2874 5590 quinque
2898 5520 2986 5572 alii
3018 5532 3149 5571 mss.
3183 5514 3446 5587 ἐνανθρω-

1876 5593 2141 5643 πῆσαντα.

1940 5630 2216 5736 iiii-lies-
2240 5661 2508 5736 εεομηιιυε
2545 5660 2891 5736 ἀψῖιλήτῑτωρ
2918 5657 3136 5736 ἡμεδἳρ
3168 5655 3298 5717 Θεδς
3336 5654 3446 5736 Ἰρξτ

1877 5724 2217 5805 κῲ6·ὀὺχί.
2268 5732 2466 5805 Ibidem
2522 5731 2645 5784 editi
2683 5724 3289 5805 ἡμῖν-παραδιδόμενον.
3343 5724 3446 5778 Ubi

1878 5800 2274 5855 observandum
2328 5802 2557 5876 primum
2591 5815 2776 5852 vocem
2812 5801 2944 5876 ῂμζν
2980 5800 3032 5853 in
3086 5800 3289 5876 nostris
3321 5805 3445 5876 octo

1882 5887 2013 5924 mss.
2050 5873 2235 5925 deesse
2271 5889 2283 5924 :
2317 5870 2507 5941 deinde
2532 5867 3146 5941 prompaoioéusvovin
3171 5867 3444 5923 codicibus

1880 5941 2153 5998 nonnullis
2185 5942 2285 6003 legi
2314 5939 2760 6007 napaBeSouévov.
