4230 6490
866 468 965 516 4'22?

2187 464 2243 509 δ.
2276 462 2518 508 βΑδιιιιι
2556 461 2768 507 MAle

3972 464 4074 516 ιΞκ

863 577 982 641 pius
1012 572 1292 636 accedant,
1326 573 1512 628 dicens
1543 591 1556 626 :
1615 573 1793 629 Venite
1832 584 1879 629 et
1908 575 2091 629 videte.
2142 574 2412 641 Quemad-
2441 571 2487 626 A
2510 587 2533 622 τ

2399 604 2412 612 -
2441 571 2487 626 Α
2510 587 2647 640 τητα
2681 574 3064 644 προσκαλεῖται
3096 576 3123 627 ὀ
3154 574 3307 642 λόγος
3337 576 3506 645 λέγων
3527 593 3538 605 ·
3571 575 3746 629 Δεῦτε
3765 577 3862 631 καί
3897 576 4069 629 ἴδετε.

865 667 1078 721 modum
1112 666 1253 720 enim
1282 667 1333 720 iu
1363 667 1640 736 corporeis
1671 669 1860 732 oculis,
1900 669 2178 724 intervalla
2221 682 2413 737 magna

865 759 1151 811 obscuram
1183 758 1414 811 reddunt
1445 772 1631 812 eorum
1665 775 1782 828 qua:
1823 761 1922 814 sub
1955 769 2298 828 conspectum
2331 774 2415 813 ca-

863 852 994 902 dunt
1016 849 1546 918 comprehensionem
1570 870 1582 917 ;
1612 863 1795 906 contra
1819 854 2054 908 accessio
2075 852 2412 916 intuentium,

861 939 1206 1006 conspicuam
1264 939 1434 994 reddit
1465 955 1643 994 rerum
1682 942 2020 996 visendarum
2040 942 2366 1010 agnitionem
2399 958 2410 993 :

862 1031 939 1080 sic
963 1031 1123 1082 etiam
1151 1031 1202 1083 in
1233 1031 1424 1086 mentis
1452 1032 1921 1101 contemplatiOne,
1949 1031 2037 1099 qui
2057 1047 2113 1086 se
2137 1043 2228 1100 per
2252 1045 2413 1097 Opera

858 1116 977 1173 Deo
1009 1134 1109 1174 non
1137 1119 1428 1191 coniungit,
1467 1137 1563 1176 nec
1597 1125 2005 1193 appropinquat,
2058 1137 2218 1194 opera
2274 1121 2416 1176 illius

863 1207 1012 1274 puris
1045 1212 1237 1266 mentis
1267 1212 1439 1266 oculis
1494 1215 1674 1270 videre
1708 1232 1808 1268 non
1855 1226 2048 1283 potest.
2099 1217 2299 1271 Idcirco
2326 1230 2414 1268 ve-

865 1311 998 1368 n-te,
1035 1303 1461 1373 appropinquate
1487 1309 1634 1377 prius
1659 1324 1672 1368 ;
1707 1305 1900 1362 deinde
1929 1310 2105 1363 videte
2124 1322 2285 1377 opera
2309 1305 2410 1361 Do-

865 1393 1020 1458 mini,
1053 1395 1359 1468 prodigiosa
1391 1413 1519 1453 sane
1551 1408 1606 1452 et
1633 1399 1936 1468 mirabilia;
1983 1401 2176 1470 quibus
2202 1400 2413 1469 percul-

864 1499 954 1538 sas
993 1495 1200 1555 gentes,
1235 1503 1431 1554 easque
1453 1497 1609 1542 antea
1643 1490 1867 1546 hostiles
1899 1501 1955 1548 et
1984 1493 2286 1553 seditiosas,
2346 1494 2411 1544 ad

861 1576 1094 1638 quietem
1136 1579 1424 1632 transtulit.
1464 1576 1661 1646 Venite,
1689 1583 1813 1650 ﬁlii,
1836 1583 2013 1636 audite
2049 1598 2128 1635 me
2148 1584 2225 1647 ης
2263 1585 2411 1644 item,

871 1663 1048 1720 Venite
1078 1684 1250 1723 onmes
1290 1671 1379 1738 qui
1430 1671 1704 1738 laboratis,
1747 1685 1792 1729 et
1820 1673 2022 1726 onerati
2056 1675 2178 1728 estis
2210 1675 2275 1728 '°.
2309 1675 2412 1728 Pa-

862 1767 1015 1810 terna
1053 1773 1157 1813 vox
1184 1770 1286 1825 est,
1330 1766 1585 1833 expansis
1629 1765 1766 1820 ulnis
1807 1767 1875 1819 ad
1920 1781 1980 1822 se
2013 1767 2289 1823 invitantis
2321 1784 2413 1823 eos

860 1845 952 1912 qni
993 1846 1254 1906 hactenus
1308 1855 1539 1909 rebelles
1597 1855 1768 1911 fuere.
1809 1856 1911 1922 Qui
1970 1858 2136 1928 igitur
2180 1859 2415 1914 audierit

861 1941 1222 2005 vocationem,
1257 1946 1888 2017 appropinquaveritque
1929 1922 2294 2019 et'imperanti
2330 1955 2418 2006 ad-
2447 1922 2487 1977 Β

865 2028 1102 2092 Ιιιεεειίι,
1129 2031 1172 2083 is
1204 2045 1324 2084 eum
1361 2034 1572 2088 visurus
1600 2044 1682 2090 est
1708 2038 1797 2107 qui
1837 2049 2027 2094 cuncta
2067 2055 2165 2111 per
2198 2058 2413 2098 crucem

862 2118 1182 2184 pacificavit,
1222 2119 1340 2176 Sive
1385 2140 1500 2192 qua:
1537 2127 1592 2178 in
1624 2136 1762 2181 terra
1797 2139 1938 2195 sunt,
1964 2132 2065 2185 sive
2099 2150 2214 2202 qua:
2236 2135 2288 2188 in
2317 2152 2416 2188 cae-

862 2209 926 2259 lis
955 2209 1022 2262 ¹⁸.
1053 2211 1244 2266 Arcum
1288 2223 1536 2279 conteret,
1573 2229 1620 2269 et
1653 2220 1941 2288 confringet
1979 2239 2146 2288 arma,
2189 2235 2234 2278 et
2269 2235 2412 2278 scuta

860 2301 1124 2355 cambnret
1155 2303 1282 2371 igni.
1311 2302 1473 2360 Vides
1492 2309 1772 2375 pacificum
1811 2312 2044 2366 animum
2070 2314 2279 2369 Domini
2308 2319 2414 2370 vir-

865 2400 1058 2456 tutum,
1091 2395 1233 2460 quod
1263 2395 1559 2453 invisibiles
1602 2399 1871 2469 legionum
1923 2405 2287 2472 angelicarum
2317 2424 2412 2476 po-

865 2491 1085 2538 .estates
1116 2500 1298 2540 secum
1330 2487 1554 2542 habeat?
1584 2487 1746 2546 Vides
1771 2491 2137 2550 fortitudinem
2173 2498 2332 2552 simul
2361 2509 2414 2553 et

864 2577 1249 2634 humanitatem
1279 2584 1473 2638 summi
1503 2585 1657 2640 ducis
1687 2587 1992 2643 virtutum?
2021 2593 2111 2660 qui
2142 2606 2271 2646 sane
2306 2593 2412 2646 Do-

865 2668 1038 2722 minus
1064 2686 1184 2724 cum
1215 2673 1284 2726 sit
1317 2675 1595 2739 virtutum,
1638 2693 1699 2732 ac
1731 2695 1920 2735 omnes
1959 2681 2224 2751 legionum
2259 2699 2414 2753 ange-

859 2761 1087 2816 licarum
1130 2773 1333 2819 turmas
1367 2767 1576 2833 habeat,
1614 2785 1876 2838 nusquam
1901 2785 2076 2829 tamen
2107 2776 2268 2830 ullum
2296 2780 2411 2832 vul-

862 2861 1016 2906 nerat
1043 2855 1496 2923 adversariorum,
1533 2863 1799 2915 neminem
1833 2867 2159 2933 prosternit,
2198 2871 2413 2936 attingit

861 2945 1170 3003 neminem:
1227 2953 1320 3004 sed
1369 2967 1528 3007 arcus
1581 2956 1810 3011 conterit
1865 2967 1918 3011 et
1962 2973 2133 3024 arma,
2162 2976 2224 3016 ac
2261 2973 2409 3016 scuta

861 3037 1130 3092 comburit
1160 3040 1211 3093 in
1266 3042 1406 3110 igne.
1440 3047 1638 3101 Arcum
1678 3050 1892 3115 quidem
1923 3051 2171 3118 conterit,
2213 3064 2267 3106 ut
2309 3069 2409 3108 nOn

862 3127 1088 3194 amplius
1123 3131 1282 3198 ignita
1317 3134 1417 3187 tela
1456 3151 1549 3203 per
1589 3152 1682 3191 eos
1706 3139 2022 3192 emittantur
2052 3159 2066 3193 :
2104 3143 2411 3213 confringet

2520 665 2725 735 Ὠσπερ
2752 666 2856 736 γὰρ
2891 666 3119 720 ἐπὶτῶν
3165 670 3487 737 σωματικῶν
3534 668 3822 738 ὀφθαλμῶν
3872 673 3928 723 αἱ
3977 671 4073 740 μὲν

2517 755 2608 806 ἐπὶ
2642 754 2772 809 πολὺ
2803 757 3124 819 ἀποστάσεις
3157 757 3399 826 ἀμυδρὰν
3433 759 3637 813 ποιοῦσι
3670 760 3766 830 τὴν
3798 760 3908 811 τῶν
3939 764 4073 831 ὀρω-

2519 846 2692 916 μένων
2717 847 3035 916 κατάληψιν,
3075 850 3123 902 οἱ
3150 848 3205 900 δὲ
3239 854 3628 921 προσεγγισμοὶ
3663 852 3769 906 τῶν
3809 851 4072 918 θεωρούν-

2514 956 2620 992 των
2667 939 2867 1010 ἐναργῆ
2913 941 3232 1011 παρέχονται
3276 941 3382 993 τῶν
3423 939 3760 1013 βλεπομένων
3815 942 3929 1011 (44)
3973 942 4072 1010 τὴν

2515 1031 2834 1098 ἐπίγνωσιν·
2865 1030 3006 1084 οὕτω
3032 1035 3121 1086 καὶ
3173 1034 3264 1086 ἐπὶ
3303 1033 3409 1085 τῶν
3453 1033 3592 1085 κατὰ
3623 1035 3744 1088 νοῦν
3793 1034 4072 1105 θεωρημα-

2515 1140 2640 1183 των,
2669 1124 2696 1174 ὁ
2733 1124 2804 1194 μὴ
2836 1122 2922 1175 διὰ
2951 1121 3059 1174 τῶν
3093 1123 3266 1192 ἔργων
3297 1123 3592 1185 οἰκειωθεὶς
3629 1125 3722 1176 καὶ
3770 1126 4069 1195 πλησιάσας

2515 1214 2632 1284 Θεῷ
2651 1216 2776 1267 ἰδεῖν
2796 1215 2861 1268 τὰ
2877 1214 3012 1285 ἔργα
3039 1213 3200 1266 αὐτοῦ
3215 1216 3466 1288 καθαροῖς
3490 1216 3599 1277 τοῖς
3614 1214 3844 1278 διανοὶας
3869 1217 4068 1285 ὀφθαλ-

2520 1307 2636 1374 μοῖς
2679 1305 2738 1357 of:
2784 1306 3021 1358 δύναται.
3071 1303 3170 1356 Διά
3212 1305 3385 1371 τοῦτο,
3433 1305 3627 1368 Δεῦτε,
3677 1308 4069 1374 προσεγγίσατε

2519 1397 2775 1467 πρότερον
2811 1396 2942 1467 (45),
2984 1390 3102 1448 εἶτα
3144 1396 3276 1447 ἴδετε
3312 1395 3380 1448 τά
3406 1398 3540 1469 ἔργα
3574 1394 3773 1466 Κυρίου
3814 1399 4070 1464 τεράστια

2516 1485 2642 1538 ὄντα
2668 1488 2759 1538 κα)¹
2791 1485 3064 1558 παράδοξα
3088 1501 3100 1514 '
3151 1485 3238 1552 ὑφ’
3271 1477 3345 1538 ὧν
3386 1486 3799 1554 καταπλαγέντα
3835 1484 3905 1535 τα

2516 1593 2667 1644 τερον
2693 1577 2923 1646 πολέμια
2957 1576 3049 1629 καὶ
3079 1574 3342 1645 στασιώδη
3373 1575 3496 1646 ἔθνη
3532 1579 3666 1649 πρὸς
3695 1575 3922 1647 ἡσυχίαν
3943 1592 4067 1644 μετ-

2516 1667 2693 1721 έϐαλε.
2749 1670 2944 1732 Δεῦτε,
2992 1666 3190 1730 τέκνα,
3237 1667 3533 1722 ἀκούσατέ
3560 1687 3710 1737 μ-ουο
3746 1668 3860 1730 καὶ,
3897 1666 4069 1719 Δεῦτε

2517 1761 2735 1827 πάντες
2756 1766 2807 1815 οἱ
2833 1757 3174 1828 κοπιῶντες,
3200 1761 3295 1815 καὶ
3324 1763 3799 1831 πεφορτισμένοι.
3824 1761 4068 1829 Πατρικὴ

2517 1854 2549 1922 ἡ
2585 1854 2754 1920 φωνὴ,
2791 1851 3134 1922 ήπλωμέναις
3164 1852 3427 1921 ἀγκάλαις
3456 1851 3587 1923 πρὸς
3617 1853 3804 1905 ἑαυτὸν
3843 1848 4069 1903 καλοῦν-

2515 1961 2603 2006 τος
2630 1943 2752 2004 τοὺς
2775 1941 2906 2005 τέως
2927 1943 3333 2012 ἀνρηνιάζοντας.
3369 1943 3425 1997 '0
3445 1939 3535 1996 οὖν
3561 1945 3795 2007 ἀκούσας
3821 1944 3918 2012 τῆς
3940 1940 4070 2009 κλή-

2516 2052 2670 2097 σεως,
2703 2035 2794 2087 καὶ
2838 2035 3094 2102 ἐγγίσας,
3131 2034 3222 2087 καὶ
3255 2035 3531 2105 κολληθεὶς
3574 2035 3650 2105 τῷ
3685 2036 4067 2105 προστάξαντι,

2514 2129 2700 2198 ὄψεται
2743 2126 2831 2181 τὸν
2869 2128 3345 2200 είρηνοποιήσαντα
3377 2128 3443 2179 τὰ
3469 2128 3640 2180 πάντα
3665 2128 3752 2180 διὰ
3779 2127 3872 2178 τοῦ
3906 2145 4067 2178 σταυ-

2516 2220 2631 2292 ροῦ,
2655 2221 2788 2272 Εἴτε
2807 2221 2877 2274 τὰ
2900 2219 2995 2272 ἐπὶ
3019 2217 3123 2286 τῆς
3141 2218 3273 2288 τῆς,
3297 2219 3414 2272 εἴτε
3439 2219 3509 2272 τὰ
3531 2218 3600 2271 ὲν
3622 2218 3742 2283 τοῖς
3766 2216 4064 2284 οὐρανοῖς.

2520 2311 2702 2370 Τόξον
2723 2311 3059 2376 συντρίψει,
3099 2310 3196 2362 καὶ
3217 2309 3549 2364 συνθλάσει
3575 2307 3683 2377 (46)
3717 2308 3930 2370 ὅπλον,
3970 2305 4067 2360 καὶ

2514 2401 2760 2468 θυρεοὺς
2785 2402 3143 2454 κατακαύσει
3188 2399 3258 2451 ἐν
3297 2401 3459 2467 πιιρί.
3512 2403 3669 2472 Ὁρᾷς
3703 2401 3763 2454 τὸ
3800 2400 4072 2471 εἰρηνικὴν

2514 2491 2718 2563 Κυρίου
2755 2490 2862 2543 τῶν
2901 2489 3199 2558 δυνάμεων,
3245 2489 3324 2546 ὅτι
3358 2489 3493 2558 ἔχων
3533 2491 3648 2557 μεθ’
3677 2489 3867 2542 ἑαυτοῦ
3904 2489 4060 2557 ἀορά-

2513 2604 2637 2649 τους
2670 2585 2923 2654 δυνάμεις
2967 2581 3266 2650 ἀγγελικῶν
3304 2580 3648 2646 καταλόγων;
3692 2582 3850 2650 Ὁρᾷς
3881 2581 3943 2631 τὸ
3974 2581 4068 2631 ἀν-

2513 2678 2685 2747 δρεῖον
2743 2675 2877 2746 ὁμοῦ
2928 2675 3020 2728 καὶ
3063 2673 3432 2744 φιλάνθρωπον
3481 2671 3570 2724 τοῦ
3635 2672 4068 2742 ἀρχιστρατήγου

2511 2769 2619 2822 τῶν
2651 2769 2928 2839 δυνάμεων
2951 2784 2964 2832 ;
2992 2769 3049 2830 ὃς
3076 2783 3160 2835 γε,
3188 2762 3386 2836 Κύριος
3411 2763 3484 2817 ῶν
3513 2761 3618 2816 τῶν
3643 2762 3943 2833 δυνάμεων,
3978 2761 4070 2812 καὶ

2512 2863 2691 2916 πάντα
2737 2863 2873 2931 ἔχων
2910 2862 2975 2915 τὰ
3010 2861 3326 2929 συστήματα
3363 2858 3469 2911 τῶν
3509 2857 3810 2927 ἀγγελικῶν
3840 2852 4067 2908 καταλὸ-

2512 2972 2640 3022 γων,
2664 2953 2896 3024 οὐδαμοῦ
2926 2971 3044 3006 τινα
3071 2951 3359 3022 τιτρώσκει
3395 2951 3500 3003 τῶν
3547 2944 3837 3019 πολεμίων,
3880 2944 4066 2996 οὐδένα

2513 3046 2834 3100 καταϐάλλει
2869 3045 2998 3114 (47),
3025 3043 3233 3106 οὐδενὸς
3257 3044 3514 3097 ἅπτεταιο
3548 3042 3679 3094 ἀλλὰ
3704 3040 3829 3102 τόξα
3855 3053 4066 3104 συντρι-

2512 3135 2615 3199 ϐει,
2644 3135 2736 3188 καὶ
2766 3135 2923 3195 ὅπλα,
2953 3135 3044 3187 καὶ
3074 3134 3297 3204 θυρεοὺς
3325 3133 3608 3186 κατακαίει
3638 3131 3694 3180 ὲν
3724 3128 3874 3196 πυρί.
3906 3127 4064 3190 nam

861 3229 1038 3275 autem
1060 3224 1442 3295 arma.quibus
1461 3228 1703 3282 cominus
1730 3240 2014 3300 pugnatur,
2049 3242 2104 3287 ut
2133 3236 2222 3303 qui
2247 3252 2412 3307 prope
2437 3255 2479 3314 ο
2515 3248 2531 3299 l

2392 3253 2412 3293 θ
2437 3255 2479 3314 C
2515 3230 2610 3299 μὲν
2655 3228 2958 3300 συντρίϐει,
3012 3227 3148 3280 ὥστε
3192 3225 3384 3297 μηκέτι
3420 3224 3486 3276 τὰ
3533 3223 3897 3293 πεπυρωμένα
3938 3219 4062 3314 βέλη

860 3322 1008 3379 sunt,
1046 3314 1251 3371 insidiis
1301 3318 1488 3387 petiti,
1531 3319 1748 3376 vulnera
1796 3324 2034 3395 recipere
2069 3341 2408 3400 nequaquam

859 3402 1088 3468 possint.
1141 3403 1208 3455 Et
1259 3417 1406 3458 scuta
1451 3408 1715 3463 comburet
1749 3411 1876 3480 igni,
1911 3415 2250 3474 adversarios
2288 3437 2410 3490 spo-

861 3489 1001 3543 lians
1053 3493 1167 3545 suis
1223 3496 1592 3565 munimentis,
1648 3508 1808 3568 atque
1858 3503 2199 3562 inimicorum
2233 3489 2407 3580 gratia

857 3581 1038 3634 omnia
1069 3581 1290 3639 faciens.

927 3861 980 3904 δ.
1060 3866 1173 3905 arts.
1217 3853 1300 3906 ii.
1339 3852 1533 3910 Vacate
1567 3865 1616 3911 et
1646 3859 1831 3924 videte,
1875 3863 2119 3930 quoniam
2161 3880 2252 3934 ego
2289 3882 2402 3918 sum

861 3941 1020 3996 Deus.
1056 3944 1300 4009 Quaudiu
1336 3948 1549 4016 quidem
1603 3949 1792 4006 alienis
1841 3967 1869 4006 a
1912 3953 2017 4008 Deo
2054 3958 2212 4008 rebus
2248 3973 2407 4010 vaca-

858 4050 998 4099 mus,
1037 4036 1129 4088 Dei
1163 4038 1406 4091 notitiam
1455 4043 1727 4110 suscipere
1783 4059 1884 4098 non
1936 4060 2236 4113 possumus.
2273 4049 2402 4114 Quis

858 4125 1001 4176 enim
1038 4126 1104 4178 de
1127 4129 1306 4182 mundi
1337 4132 1494 4184 rebus
1527 4133 1814 4197 sollicitus,
1845 4152 1907 4190 ac
1934 4137 2257 4208 immergens
2282 4156 2402 4194 sese

855 4215 1031 4270 carnis
1061 4220 1522 4288 occupationibus,
1551 4236 1715 4292 queat
1765 4229 1945 4283 verbis
1987 4228 2080 4284 Dei
2107 4234 2404 4295 attendere,

855 4321 1016 4375 atque
1041 4317 1118 4361 tot
1140 4322 1203 4362 ac
1233 4311 1392 4364 tantis
1417 4313 1574 4368 rebus
1599 4328 1850 4371 accurate
1872 4319 2263 4391 diligenterque
2285 4341 2408 4394 spe-

853 4398 1097 4453 culandis
1127 4414 1224 4468 par
1245 4402 1400 4455 esse?
1448 4403 1561 4456 Non
1593 4405 1761 4469 vides,
1815 4408 2092 4476 delapsum
2139 4415 2189 4465 in
2221 4416 2403 4483 spinas

854 4491 1074 4546 verbum
1104 4497 1275 4564 spinis
1302 4496 1593 4550 suﬂ’ocari?
1623 4497 1799 4566 Spiuae
1846 4512 2023 4554 autem
2059 4515 2181 4556 sunt
2222 4508 2400 4560 carnis

2513 3322 2887 3393 ἐκπέμπεσθαι
2914 3322 2979 3373 δι’
3012 3319 3187 3372 αὐτῶν
3209 3335 3221 3346 '
3257 3317 3393 3370 ὅπλα
3441 3317 3495 3368 δὲ
3533 3315 3813 3368 συνθλάσει
3857 3314 3964 3381 (48)
3997 3312 4064 3363 τὰ

2511 3416 2814 3484 ἀγχέμαχα,
2841 3415 2913 3474 ὡς
2944 3411 3015 3482 μὴ
3046 3409 3299 3464 δύνασθαι
3327 3410 3450 3473 τοὺς
3489 3409 3749 3478 σύνεγγυς
3777 3406 4066 3478 τραύματα

2508 3506 2754 3576 δέχεσθαι
2779 3506 3309 3578 ἐπιϐουλευομένους.
3345 3510 3452 3562 Καὶ
3481 3508 3700 3578 θυρεοὺς
3730 3501 4063 3557 κατακαύσει

2509 3601 2563 3651 ὲν
2595 3600 2742 3669 πυρὶ,
2786 3600 3005 3670 γυμνῶν
3052 3602 3175 3664 τοὺς
3220 3599 3615 3669 ἀντικειμένους
3649 3596 3753 3648 ἀπὺ
3787 3595 3894 3648 τῶν
3935 3612 4064 3666 προ-

2509 3691 2817 3760 ὗλημάτων,
2866 3694 2956 3745 καὶ
3010 3694 3183 3746 πάντα
3237 3693 3321 3743 ἐπ’
3369 3688 3652 3758 εὐεργεσία
3700 3686 3806 3739 τῶν
3857 3686 4062 3756 ἐχθρῶν

2507 3784 2760 3853 ἐνεργῶν.

2575 3877 2626 3927 8.
2649 3874 2992 3941 Σχολάσατε
3013 3872 3106 3925 καὶ
3126 3871 3322 3942 γνῶτε,
3350 3871 3436 3925 ὅτι
3460 3871 3696 3941 εἰμι
3716 3875 3747 3924 ὀ
3769 3872 3932 3932 Θεός.
3951 3870 4059 3935 Ἐφ’

2506 3963 2624 4013 ὅσον
2661 3963 2756 4030 μὲν
2798 3965 2905 4023 τοῖς
2948 3960 3050 4026 ἔξω
3082 3959 3213 4012 Θεοῦ
3260 3957 3585 4028 σχολάζομεν
3631 3958 3974 4025 πράγμασιν,
4002 3955 4060 4005 οὐ

2503 4053 2772 4122 δυνάμεθα
2813 4052 3056 4122 χωρῆσαι
3083 4050 3278 4118 γνῶσιν
3310 4049 3462 4102 Θεοῦ.
3497 4051 3590 4111 Τίς
3631 4050 3738 4117 γάρ
3789 4047 4060 4118 μεριμνῶν

2504 4145 2572 4197 τὰ
2612 4144 2703 4197 τοῦ
2735 4144 2971 4214 κόσμου,
3009 4144 3101 4196 καὶ
3141 4141 3457 4212 ὲμϐαθύνων
3508 4144 3617 4204 τοῖς
3660 4141 4060 4211 περισπασμοῖς

2505 4239 2601 4307 τῆς
2632 4236 2848 4307 σαρκὸς,
2872 4235 3088 4288 δύναται
3109 4237 3218 4297 τοῖς
3242 4235 3366 4305 περὶ
3387 4233 3520 4286 Θεοῦ
3549 4233 3723 4300 λόγοις
3754 4234 4059 4304 προσέχειν,

2507 4332 2597 4382 καὶ
2621 4332 2683 4399 τῇ
2709 4328 2961 4398 ἀκριϐείᾳ
2983 4328 3084 4380 τῶν
3106 4325 3431 4396 τηλικούτων
3453 4327 3820 4396 θεωρημάτων
3839 4326 4027 4395 ἀρκεῖν
4048 4341 4058 4385 ;

2506 4423 2614 4488 Οὐχ
2640 4422 2788 4490 ὁρᾷς,
2820 4422 2900 4471 ὅτι
2930 4421 2956 4470 δ
2982 4421 3059 4479 είς
3096 4417 3192 4478 τὰς
3220 4417 3455 4479 ἀκάνθας
3485 4416 3738 4485 ἐμπεσὼν
3776 4417 3933 4483 λόγος
3964 4415 4060 4466 ὑπὸ

2504 4511 2607 4561 τῶν
2635 4510 2882 4562 ἀκανθῶν
2913 4510 3298 4577 συμπνίγεταις
3339 4507 3600 4559 Ἀκανθαι
3632 4507 3687 4559 δέ
3714 4509 3848 4558 εἰσιν
3883 4506 4059 4575 ἡδοναὶ

854 4583 1173 4652 \oluptates,
1225 4595 1279 4638 et
1324 4587 1542 4648 divitias.
1579 4599 1632 4642 et
1662 4591 1851 4654 gloria,
1888 4602 1940 4645 et
1971 4609 2046 4646 ea:
2074 4611 2192 4662 quae
2226 4597 2291 4649 ad
2324 4599 2402 4650 vi-
2432 4581 2480 4636 ί)
2510 4617 2524 4650 c

2384 4627 2402 4637 -
2432 4581 2480 4636 ί)
2510 4601 2725 4670 σαρκὸς,
2754 4601 2844 4650 καὶ
2871 4597 3094 4660 πλοῦτος
3118 4597 3208 4650 καὶ
3229 4596 3372 4660 δόξα,
3396 4599 3486 4650 καὶ
3507 4597 3754 4666 βιωτικαὶ
3780 4596 4054 4666 μέριμναι.

854 4683 959 4726 tam
1004 4676 1273 4741 pertinent
1313 4694 1455 4732 cura}
1504 4681 1568 4732 ".
1600 4681 1861 4736 Caeterum
1906 4686 1971 4736 ab
2029 4687 2113 4741 bis
2155 4689 2403 4744 omnibus

853 4765 1143 4820 alienatum
1168 4784 1287 4823 esse
1311 4773 1583 4838 oportebit
1612 4789 1757 4840 eum,
1787 4777 1874 4842 qui
1918 4777 2008 4830 Dei
2043 4781 2400 4848 cognitionem

853 4854 1152 4920 desiderat;
1175 4867 1227 4909 et
1250 4859 1335 4910 ubi
1366 4862 1637 4914 vacaverit
1664 4863 1729 4915 ab
1759 4864 2057 4931 affectibus,
2092 4869 2163 4922 ita
2187 4871 2399 4924 demunt

851 4943 939 4996 Dei
977 4947 1214 5014 recipere
1251 4950 1632 5016 cognitionem.
1664 4953 1937 5018 Quomodo
1980 4959 2121 5011 enim
2163 4962 2394 5015 animam

847 5049 876 5086 a
909 5037 1100 5092 mentis
1139 5041 1541 5110 evagatiouibus
1564 5058 1620 5096 se
1647 5049 2142 5116 praeoccupantibus
2172 5067 2393 5121 oppres-

941 5283 961 5314 ⁹
989 5283 1126 5343 Psal.
1157 5302 1347 5352 χχχιιι,
1385 5288 1468 5342 12.
1546 5291 1589 5320 ⁸ο
1625 5290 1810 5346 Matth.
1847 5309 1923 5360 ιι,
1955 5295 2046 5352 28.

912 5487 1023 5558 (44)
1064 5489 1137 5544 Ita
1196 5507 1324 5550 mss.
1379 5499 1603 5559 septem.
1651 5491 1789 5546 Editi
1849 5510 1974 5550 vero
2027 5495 2136 5548 τῶν
2187 5497 2392 5569 θεωμέο

841 5571 965 5611 νων.

1220 5630 1448 5706 πρῶτον.
1477 5630 1710 5706 Αιᾌτηεε,
1744 5642 1945 5706 septem
1975 5635 2254 5706 πρότερον,

934 5629 1020 5688 45)
1053 5630 1190 5682 Editi
1220 5630 1448 5697 πρῶτον.
1477 5630 1543 5682 At
1579 5647 1710 5686 mss.
1744 5642 1945 5701 septem
1975 5635 2254 5706 πρότερον,

912 5629 1020 5769 ita)
1059 5698 1234 5753 Editio
1275 5702 1438 5774 Basil.
1471 5710 1527 5754 et
1560 5699 1709 5774 Regii
1746 5705 2036 5774 set-nudus,
2083 5709 2299 5774 quintus
2335 5716 2384 5760 et

843 5776 1023 5820 sextus
1044 5784 1144 5820 una
1186 5785 1305 5822 cum
1357 5772 1475 5824 aliis
1517 5773 1684 5823 tribus
1733 5773 2055 5828 Colbcrtinis
2086 5772 2380 5830 συνθλάσει.

842 5837 1012 5907 tditio
1041 5853 1164 5891 vero
1194 5839 1362 5894 Paris.
1396 5840 1704 5907 συγκλάσει.

911 5905 1020 5975 (47)
1051 5907 1178 5980 Reg.
1223 5914 1409 5966 tertius
1458 5905 1656 5982 βάλλει.
1711 5911 1825 5967 Mox
1863 5914 2156 5971 Colhcrliui
2190 5918 2386 5986 primus

2128 5299 2170 5329 “
2207 5298 2409 5354 Coloss.
2446 5317 2482 5364 ι,
2509 5302 2599 5354 20.

2509 4694 2689 4744 Πάντα
2721 4690 2775 4742 δὲ
2801 4689 2911 4757 (49)
2941 4689 3140 4741 τούτων
3172 4688 3276 4753 ἔξω
3302 4690 3480 4758 δεήσει
3507 4687 3758 4746 γενέσθαι
3798 4686 3889 4738 τὸν
3940 4689 4056 4738 ὲπι-

2506 4781 2749 4849 δεόμενον
2781 4782 2874 4848 τῆς
2907 4777 3156 4845 γνώσεως
3185 4777 3274 4829 τοῦ
3300 4776 3456 4837 Θεοῦ,
3475 4779 3567 4827 καὶ
3602 4775 3938 4843 σχολάσαντα
3957 4775 4057 4827 ἀπὸ

2507 4871 2608 4923 τῶν
2640 4871 2843 4932 παθῶν,
2862 4870 3030 4930 οὕτως
3057 4868 3341 4922 ἀναλαϐεῖν
3367 4868 3460 4937 τὴν
3484 4867 3772 4933 ἐπίγνωσιν
3791 4865 3884 4918 τοῦ
3906 4865 4055 4917 Θεοῦ.

2504 4963 2626 5024 Πῶς
2665 4962 2771 5033 γάρ
2807 4961 3018 5032 εἰσέλθῃ
3062 4961 3140 5022 εἰς
3185 4959 3357 5028 ψυχὴν
3414 4957 3918 5027 στενοχωρουμένην
3961 4957 4057 5008 ὑπὸ

2502 5054 2606 5107 τῶν
2668 5052 3181 5125 προκαταλαϐόντων
3221 5049 3385 5120 αὐτὴν
3434 5049 3799 5118 διαλογισμῶν
3859 5053 3890 5119 ἡ
3940 5050 4056 5116 περὶ

2677 5302 2719 5331 ²¹
2753 5300 2934 5352 Matth.
2973 5315 3092 5359 xui,
3146 5299 3174 5349 7
3201 5338 3214 5361 ,
3267 5296 3356 5348 9'2.

2492 5505 2546 5550 et
2575 5505 2759 5550 sextus
2790 5509 2907 5550 cum
2939 5495 3068 5563 Reg.
3109 5490 3310 5563 quinto-
3333 5485 3684 5563 maleﬁca.

2563 5566 2672 5630 (i8)
2702 5565 2797 5620 llic
2838 5581 2961 5618 mss.
2989 5557 3081 5618 δέχ
3113 5557 3593 5630 συγκλάσειηιῖρε.
3626 5568 3756 5606 vero
3787 5561 3970 5607 sextus
4002 5564 4050 5604 et

2489 5627 2633 5689 Coll).
2667 5639 2884 5703 quintus
2904 5650 3023 5686 cum
3060 5633 3218 5686 editis
3254 5627 3559 5680 συνθλάσει.
3655 5691 3665 5706 ν
3845 5691 3867 5705 ⁸.
3959 5691 3972 5700 ἢ
4015 5689 4022 5694 _

2562 5706 2670 5735 ιιοι
2703 5705 2873 5735 enim“
2904 5703 3041 5735 uno”
3099 5713 3147 5735 οι
3183 5707 3410 5735 ηιιοιιιηι-
3431 5711 3560 5735 mu-
3597 5707 3818 5735 παντων
3840 5690 3916 5735 οὲ-
3939 5690 4022 5735 hit

2561 5690 2881 5778 (49)'Ed_itio_
2903 5703 3064 5756 Basil.
3099 5713 3151 5754 et
3183 5707 3410 5766 quatuor
3431 5711 3562 5778 mss.
3597 5690 3916 5778 πάτντωνδέ.

2491 5757 2718 5828 lio‘ve'ro
2762 5757 2934 5826 Paris.
2963 5783 3016 5826 et
3063 5783 3170 5825 tres
3199 5757 3333 5821 inss.
3379 5766 3594 5846 πάντων
3629 5757 3904 5846 auxilii?
3938 5757 4050 5846 (Iul!-

2492 5845 2682 5896 ilel‘lilli
2715 5845 2918 5902 primus
2942 5855 2995 5894 et
3030 5853 3216 5896 SC.\lUS
3245 5854 3361 5893 cum
3391 5836 3520 5906 Reg.
3570 5836 3731 5888 tertio
3762 5836 4049 5889 ἐπιδικαέή-

2491 5931 2646 5979 μενον
2684 5914 2777 5980 τῆς
2805 5911 3077 5980 γνώσεως.
