4230 6510
292 498 400 547 4‘29

1414 493 1696 547 llOMlLlA
1735 492 1799 545 IN
1844 490 2165 543 PSALMUM
2203 490 2358 542 XLV.

3427 487 3525 537 [’50

288 609 430 664 Θεοῦ
457 611 629 663 ἔννοια
653 628 666 672 ;
691 605 810 661 Uias
856 608 964 678 (50)
1000 611 1054 663 δὲ
1097 610 1189 660 καὶ
1226 606 1445 675 Φαραὼ,
1489 606 1570 657 ὃτι
1602 605 1727 656 ῐδιόν
1752 605 1865 654 ἐστι
1896 602 1944 658 Α

1849 620 1865 652 ι
1896 602 1944 658 Δ
1971 617 2084 656 sam
2114 599 2449 668 ingredietur
2480 601 2568 652 Dci
2591 597 2867 665 cognitio?
2903 596 3065 662 Atqui
3110 605 3162 644 et
3193 593 3404 644 Pharao
3436 609 3519 641 Im-

288 702 389 755 τοῦ
437 701 781 771 σχολάζοντος
825 698 1069 770 ἐκζητεῖν
1114 696 1204 748 τὸν
1255 694 1406 757 Θεὸν,
1446 693 1538 744 καὶ
1576 690 1663 743 διὰ
1708 689 1864 742 τοῦτο

289 794 539 856 ὀνειδίζει
572 791 658 843 τὸν
675 791 888 862 Ἰσραήλ
911 810 924 822 ·
946 789 1256 860 Σχολάζετε,
1277 785 1563 856 σχολασταὶ
1587 787 1726 845 ἐστε,
1772 782 1863 834 καὶ

293 889 478 955 ὶέγετε
496 905 509 916 ο
533 885 718 956 Κυρίῳ
731 885 806 956 τῷ
826 885 943 953 Θεῴ
959 881 1114 953 ἡμῶν
1140 877 1546 953 προσευξόμεθα
1563 877 1698 947 (51).
1717 875 1861 943 Αὕτη

297 980 398 1047 μὲν
423 971 513 1034 οὖν
546 977 578 1044 ἡ
613 975 773 1047 σχολὴ
797 975 973 1043 ἀγαθὴ
998 972 1076 1042 τῷ
1104 971 1411 1041 σχολάζοντι
1442 971 1535 1023 καὶ
1570 965 1862 1036 ὠφέλιμος,

291 1067 525 1138 ⁴ἡσυχίαν
551 1067 852 1138 ἐμποιοῦσα
883 1067 1018 1136 πρὸς
1046 1065 1144 1136 τὴν
1162 1067 1268 1118 τῶν
1295 1065 1575 1135 σωτηρίων
1606 1061 1866 1132 διδαγμὰ-

291 1174 403 1208 των
436 1157 730 1228 ἀνάληψιν
769 1154 980 1227 πονηρὰ
1006 1155 1060 1207 δὲ
1110 1154 1270 1225 σχολὴ
1311 1157 1342 1223 ἡ
1377 1153 1483 1204 τῶν
1545 1150 1860 1222 Ἀθηναίων,

289 1244 377 1313 οἷς
416 1254 518 1317 Εἰς
551 1249 728 1304 οὐδὲν
773 1248 922 1302 ἄλλο
985 1251 1304 1317 εὐκαίρουν
1341 1247 1378 1313 ἢ
1421 1246 1620 1313 λέγειν
1664 1265 1718 1300 τι
1765 1247 1862 1299 καὶ

290 1345 539 1398 ἀκούειν
581 1342 960 1410 καινότερον*
1001 1343 1064 1413 ἢν
1096 1343 1189 1395 καὶ
1224 1340 1317 1392 νῦν
1363 1356 1505 1402 ave;
1553 1340 1861 1411 μιμοῦνται,

291 1440 360 1505 τῇ
384 1434 473 1486 τοῦ
494 1433 604 1502 βίου
627 1433 786 1504 σχολῇ
806 1435 942 1506 πρὸς
957 1435 1054 1504 τὴν
1071 1435 1156 1486 ἀεί
1181 1450 1322 1495 τινος
1339 1434 1646 1506 καινοτέρου
1663 1433 1864 1501 δόγμα·

289 1543 383 1587 τος
406 1524 615 1594 εῦρεσιν
635 1524 1035 1595 ἀποχρώμενοι.
1063 1522 1120 1575 'll
1145 1523 1362 1594 τοιαύτη
1389 1523 1548 1594 σχολὴ
1567 1524 1692 1593 φίλη
1719 1523 1864 1574 ἐστὶν

289 1617 620 1689 ἀκαθάρτοις
652 1618 743 1670 καὶ
769 1617 1023 1685 πονηροῖς
1056 1615 1376 1686 πνεύμασιν.
1412 1616 1589 1671 Ὅταν
1624 1613 1861 1682 ἐξέλθῃ,

291 1711 448 1780 ςησὶ,
480 1711 544 1763 τὸ
576 1709 910 1777 ἀκάθαρτον
941 1709 1175 1777 πνεῦμα
1216 1710 1331 1762 ἀπὸ
1385 1708 1490 1762 τοῦ
1528 1705 1861 1776 ἀνθρώπου,

287 1802 472 1870 λέγει,
519 1801 886 1871 Πορεύσομαι
922 1805 1008 1868 εἰς
1043 1801 1147 1852 τὸν
1178 1800 1361 1851 τόπον
1407 1801 1544 1853 ὅθεν
1581 1800 1860 1868 ἐξῆλθον.

288 1892 401 1944 Καὶ
426 1891 604 1944 ἐλθὸν
624 1893 885 1960 εὑρίσκει
911 1893 1017 1943 τὸν
1040 1885 1208 1942 οἷκον
1238 1887 1471 1940 ἐκεῖνον
1493 1889 1865 1954 σχολάζοντα

1968 695 2041 746 vit
2067 691 2342 762 proprium
2369 701 2489 743 esse
2514 687 2784 748 vacantis,
2824 687 2987 739 Deum
3035 684 3328 751 inquirere.
3353 691 3406 734 ct
3433 681 3532 733 hac

1965 784 2031 838 de
2063 796 2223 838 causa
2259 780 2546 850 exprobrat
2575 778 2760 834 lsraeli
2792 797 2804 830 :
2853 775 3088 832 Vacalis.
3146 774 3307 827 otiosi
3360 773 3494 826 estis
3517 811 3530 834 ,

1965 887 2018 928 et
2039 873 2220 930 dicitis
2254 893 2268 929 :
2299 873 2524 928 Domino
2553 872 2662 927 Deo
2692 881 2884 926 nostro
2919 878 3039 922 rota
3081 866 3345 936 jaciemus
3373 866 3439 918 ”.
3470 864 3536 918 Et

1966 966 2186 1033 quidem
2229 979 2290 1019 ea
2321 964 2532 1018 vacatio
2576 963 2713 1016 bona
2745 961 3002 1029 utilisque
3028 968 3109 1012 est
3145 955 3380 1019 vacanti,
3417 971 3534 1024 qua:

1967 1059 2032 1111 ad
2063 1057 2330 1112 salutares
2360 1057 2637 1112 doctrinas
2691 1052 3030 1125 recipiendas
3083 1053 3318 1120 quietem
3355 1047 3531 1100 all‘ert.

1972 1150 2130 1222 176
2153 1149 2331 1204 Otium
2351 1165 2479 1203 vero
2497 1148 2906 1203 Atheniensium
2927 1144 3128 1200 malum
3162 1152 3302 1205 erat,
3331 1141 3420 1209 qui
3454 1139 3530 1191 Ad

1969 1240 2097 1292 nihit
2129 1239 2276 1290 aliud
2323 1239 2575 1291 vacabant
2617 1239 2719 1290 nisi
2761 1238 2828 1288 ad
2859 1237 3138 1291 dicendum
3179 1247 3268 1286 aut
3315 1233 3537 1285 audien-

1966 1332 2090 1384 dum
2119 1330 2319 1399 aliquid
2343 1330 2692 1396 novi“.Quod
2716 1329 2884 1384 otium
2907 1331 3064 1382 etiam
3089 1344 3229 1384 nunc
3254 1327 3535 1381 imitantur

1967 1422 2238 1486 nonnulli,
2271 1421 2397 1476 dum
2440 1421 2741 1475 abutuntur
2772 1421 2905 1483 otio.
2969 1429 3025 1472 ut
3069 1435 3283 1488 semper
3336 1433 3530 1472 novum

1965 1520 2184 1588 aliquod
2243 1519 2435 1588 dogma
2484 1516 2986 1572 comminiscautur.
3025 1513 3156 1568 Tale
3196 1515 3364 1566 otium
3395 1515 3532 1564 ami-

1966 1627 2085 1666 com
2115 1622 2196 1665 est
2237 1612 2526 1665 immundis
2566 1625 2627 1663 ac
2658 1609 2838 1678 pravis
2887 1608 3186 1674 spiritibus.
3237 1604 3368 1660 Cum
3393 1606 3506 1657 exie

1969 1705 2057 1767 rit,
2109 1703 2298 1770 inquit,
2335 1703 2636 1755 immundus
2680 1700 2895 1767 spiritus
2940 1701 3003 1750 ab
3060 1700 3266 1752 homine
3297 1742 3312 1764 ,
3363 1698 3527 1752 dicit.

1969 1795 2214 1847 Reuertar
2246 1793 2300 1846 in
2335 1794 2504 1847 locum
2539 1792 2674 1846 unde
2705 1792 2862 1844 exivi.
2887 1789 2950 1844 Et
2979 1791 3184 1844 veniens
3224 1791 3414 1842 invenit
3449 1793 3534 1842 do-

1968 1903 2112 1939 mum
2141 1885 2291 1938 illam
2341 1896 2611 1938 vacantem
2644 1894 2691 1938 et
2725 1885 2894 1951 scopis
2924 1882 3232 1935 mandatam
3281 1881 3348 1934 ".
3381 1881 3536 1932 Absit

288 1985 392 2038 καὶ
424 1986 860 2054 σεσαρωμένον.
917 1982 1007 2054 Μὴ
1047 1982 1255 2051 γένοιτο
1325 1977 1417 2034 οὖν
1463 1982 1609 2051 ἡμᾶς
1673 1981 1866 2052 σχολὴν
1896 1969 1938 2022 Β

1896 1969 1938 2022 Β
1972 1979 2137 2050 igitur
2163 1988 2224 2033 ut
2258 1995 2354 2031 nos
2379 1993 2473 2045 per
2497 1979 2668 2031 otium
2700 1976 2904 2029 aditum
2949 1973 3260 2027 adversario
3304 1973 3536 2039 praebea-

290 2077 512 2146 ποιῆσαι
573 2075 650 2143 τῷ
694 2073 1053 2145 ἀντικειμένῳ
1105 2075 1239 2146 πρὸς
1287 2074 1382 2144 τὴν
1433 2074 1667 2136 εἴσοδον,
1730 2073 1865 2126 ἀλλὰ

287 2167 678 2236 ἀσχολήσωμεν
728 2166 882 2236 ἡμῶν
923 2167 1014 2218 τὸν
1082 2166 1188 2218 ἐσω
1233 2162 1408 2231 οἷκον,
1462 2166 1865 2238 προενοικίσαν-

285 2273 381 2319 τες
411 2256 520 2324 (5-2)
553 2258 607 2310 ἐν
639 2259 850 2319 ἑαυτοῖς
884 2257 970 2309 διὰ
990 2257 1084 2308 τοῦ
1121 2255 1436 2326 Πνεύματος
1480 2260 1570 2309 τὸν
1609 2260 1859 2329 Χριστόν.

285 2347 444 2401 Μετὰ
498 2347 626 2415 γοῦν
659 2348 717 2399 τὺ
767 2347 1094 2418 χαρίσασθαι
1139 2347 1236 2418 τὴν
1290 2347 1511 2418 εἰρήνην
1568 2352 1677 2411 τοῖς
1727 2350 1863 2412 τέως

285 2437 720 2510 ταρασσομένοις
771 2438 876 2491 ὑπὸ
919 2439 1027 2494 τῶν
1077 2438 1389 2509 πολεμίων,
1439 2437 1559 2489 τότε
1593 2437 1737 2505 λέγει
1781 2439 1860 2501 τὸ,

287 2528 593 2596 Σχολάσατε
635 2529 742 2582 ἀπὸ
769 2528 875 2581 τῶν
910 2527 1301 2601 περισπώντων
1345 2529 1489 2600 ὑμᾶς
1518 2526 1747 2600 ἐχθρῶν,
1779 2529 1866 2581 ἵνα

288 2621 350 2669 ὲν
391 2618 586 2690 ἡσυχία
609 2620 732 2680 τοὺς
759 2620 885 2688 περὶ
911 2620 1007 2688 τῆς
1028 2619 1285 2688 ἀληθείας
1312 2617 1628 2690 θεωρήσητε
1653 2617 1864 2686 λόγους.

285 2709 389 2760 Διὰ
421 2709 575 2760 τοῦτο
604 2709 696 2760 καὶ
725 2713 751 2760 ό
778 2709 998 2778 Κύριος,
1036 2709 1159 2774 Πᾶς
1186 2707 1356 2774 ὅστις
1386 2713 1496 2761 οὐκ
1525 2708 1865 2763 ἀποτάσσε-

287 2817 405 2863 ται,
430 2801 579 2870 φησὶ,
605 2799 753 2855 πᾶσι
783 2801 903 2866 τοῖς
941 2801 1338 2869 ὑπάρχουσιν,
1371 2801 1441 2853 οὐ
1475 2799 1722 2853 δύναταί
1748 2821 1864 2869 μου

283 2890 439 2947 εἶναι
463 2893 750 2963 μαθητής.
800 2893 1060 2964 Σχολάσαι
1095 2891 1187 2946 οῦν
1221 2893 1300 2945 δεῖ
1333 2893 1441 2945 ἀπὸ
1483 2893 1588 2945 τῶν
1614 2895 1866 2964 γαμικῶν

287 2986 485 3055 ἔργων,
525 2989 608 3038 ἵνα
643 2987 989 3057 σχολὰσωμεν
1029 2989 1093 3057 τῇ
1127 2989 1434 3058 προσευχῇ·
1468 2985 1723 3056 σχολάσαι
1759 2987 1867 3038 ἀπὸ

284 3076 398 3128 τῶν
422 3093 484 3127 πε
494 3080 548 3146 ρὶ
579 3079 667 3128 τὸν
689 3077 914 3129 πλοῦτον
938 3078 1202 3142 σπονδῶν,
1219 3079 1326 3131 ἀπὸ
1349 3080 1446 3150 τῆς
1475 3079 1604 3150 περὶ
1632 3078 1692 3130 τὸ
1721 3077 1866 3141 δοξά-

292 3183 408 3239 ριον
440 3166 594 3219 τοῦτο
625 3166 938 3236 ἐπιθυμίας,
967 3168 1074 3220 ἀπὸ
1106 3168 1213 3220 τῶν
1253 3170 1388 3238 πρὸς
1419 3170 1714 3224 ἀπόλαυσιν
1746 3169 1866 3241 ἠδο-

287 3257 420 3323 νῶν,
445 3258 551 3311 ἀπὸ
577 3258 770 3328 φθόνου
803 3259 895 3311 καὶ
926 3259 1104 3329 πάσης
1128 3259 1225 3331 τῆς
1253 3261 1330 3322 είς
1350 3259 1439 3312 τὸν
1464 3261 1686 3330 πλησίον
1711 3265 1742 3332 ἡ
1752 3262 1864 3332 μῶν

287 3351 571 3421 πονηρίας,
608 3350 714 3412 ἵνα,
763 3349 1105 3420 γαληνιὼσης
1133 3350 1288 3420 ἡμῶν
1325 3351 1424 3420 τῆς
1450 3351 1628 3422 ψυχῆς
1652 3355 1742 3405 καὶ
1771 3353 1859 3404 ὑπ’

286 3443 502 3506 οὐδενὸς
561 3444 760 3507 πάθους
809 3443 1240 3514 ταρασσομένης,
1295 3437 1406 3496 οἷον
1465 3445 1522 3496 ἐν
1572 3446 1862 3516 κατόπτρῳ

286 3533 400 3586 τινὶ
431 3534 645 3604 καθαρὰ
688 3535 912 3603 γένηται
958 3535 1068 3603 (53)
1115 3534 1210 3587 καὶ
1251 3534 1674 3606 ἀνεπισκότητος
1707 3537 1738 3606 ἡ
1775 3535 1860 3589 ἐλ-

283 3624 495 3697 ὶαμψις
532 3625 624 3677 τοῦ
667 3625 817 3678 Θεοῦ.
878 3626 1298 3695 ’Υψωθήσομαι
1335 3628 1402 3680 ἐν
1445 3627 1567 3692 τοῖς
1599 3627 1856 3687 ἔθνεσιν,

286 3706 682 3786 ὖψωθήσομαι
727 3719 793 3770 ἐν
836 3717 909 3785 τῇ
951 3716 1047 3786 γῆ.
1101 3719 1292 3786 Σαφῶς
1337 3719 1508 3772 ταῦτα
1545 3720 1691 3788 λέγει
1722 3723 1861 3791 ’περὶ

285 3810 383 3862 τοῦ
407 3811 525 3864 καθ’
555 3810 741 3862 ἑαυτὸν
768 3810 968 3874 πάθους
993 3813 1020 3863 ὁ
1045 3810 1267 3880 Κύριος,
1291 3811 1472 3874 καθὼς
1499 3813 1557 3864 ἐν
1581 3813 1658 3883 τῷ
1684 3815 1860 3882 Εὐαγ-

288 3900 453 3976 γελίῳ
508 3903 850 3972 γέγραπταιο
907 3900 1110 3969 Κάγὼ,
1152 3901 1298 3954 ὅταν
1329 3901 1578 3969 ὑψωθῶ,
1631 3903 1860 3970 πάντας

287 3991 528 4044 ἑλκύσω
555 3995 700 4061 πρὸς
724 3993 1000 4062 ἐμαυτόν.
1030 3993 1139 4046 Καὶ
1183 3991 1272 4044 ὅτι
1301 3992 1412 4060 (54)
1452 3991 1652 4059 ὥσπερ
1698 3997 1860 4046 Μωυ-

287 4080 414 4147 σῆς
431 4082 634 4150 ὖψωσε
657 4083 761 4136 τὸν
785 4084 920 4153 ὄφιν
938 4085 1006 4136 ἐν
1044 4082 1115 4151 τῇ
1140 4082 1356 4151 ἐρήμῳ.
1390 4083 1544 4136 οὕτω
1577 4083 1674 4136 δεῖ
1700 4087 1861 4152 by.”

287 4173 467 4242 θῆναι
497 4176 600 4228 τὸν
639 4177 772 4228 rw;-
792 4177 895 4228 τοῦ
925 4175 1235 4243 ἀνθρώπου
1268 4177 1365 4228 ἐπὶ
1399 4175 1505 4243 τῆς
1536 4175 1665 4246 γῆς.
1709 4177 1859 4230 Ἐπεὶ

287 4259 384 4317 οὖν
407 4266 542 4335 ὑπὲρ
563 4265 669 4317 τῶν
693 4265 858 4318 ἐθνῶν
891 4266 1110 4337 ἔμελλεν
1127 4265 1391 4336 ὑψοῦσθαι
1423 4267 1556 4337 πρὸς
1584 4268 1672 4322 τὸν
1700 4285 1860 4323 σταυ-

290 4356 408 4428 ρὸν,
432 4357 522 4408 καὶ
562 4357 698 4426 ὑπὲρ
725 4358 901 4426 πάσης
931 4335 1030 4427 τῆς
1062 4335 1181 4426 γῆς
1203 4357 1302 4426 τὴν
1336 4335 1542 4424 ὕψωσιν
1569 4359 1859 4428 καταδέχε-

290 4448 436 4512 σθαι,
461 4448 545 4500 διὰ
573 4449 728 4500 τοῦτό
751 4467 911 4518 φησιν
931 4466 945 4479 ο
995 4449 1413 4518 Ὑψωθήσομαι
1436 4450 1503 4502 ἐν
1541 4449 1663 4515 τοῖς
1694 4450 1857 4503 ἔθνε-

287 4556 415 4603 σιν,
447 4539 835 4608 ὐψωθήσομαι
859 4541 926 4592 ἐν
956 4539 1026 4608 τῇ
1049 4539 1144 4609 γῇ.
1173 4542 1386 4608 Κύριος
1413 4538 1533 4594 τῶν
1551 4539 1860 4609 δυνάμεων

1969 2086 2130 2133 mus;
2162 2070 2269 2122 imo
2324 2065 2635 2120 interiorem
2673 2075 2912 2120 nostram
2951 2065 3170 2116 domum
3216 2069 3535 2130 occupatam

1969 2173 2271 2226 teneamus,
2312 2161 2446 2214 adeo
2497 2165 2556 2212 ut
2612 2159 2760 2226 prius
2796 2159 2848 2212 in
2903 2155 3059 2210 nobis
3093 2155 3223 2223 ipsis
3258 2154 3534 2208 Christum

1965 2271 2062 2326 per
2113 2253 2377 2322 Spiritum
2420 2251 2755 2320 excipiamus
2797 2250 3053 2317 hospitio.
3092 2248 3386 2313 Postquam
3435 2244 3536 2314 igi—

1966 2358 2056 2402 tur
2086 2347 2154 2400 iis
2192 2347 2283 2415 qui
2323 2346 2587 2399 hactenus
2635 2341 2992 2394 tuibabantur
3037 2341 3103 2395 ab
3143 2339 3406 2403 hostibus,
3443 2352 3536 2406 pa-

1966 2456 2080 2492 cem
2111 2439 2336 2508 largitus
2378 2447 2483 2501 est,
2521 2447 2646 2490 tunc
2685 2433 2816 2488 dicit
2847 2451 2860 2486 :
2910 2433 3112 2487 Vacate
3148 2448 3176 2485 a
3225 2431 3535 2486 distrahen-

1970 2531 2109 2586 tibus
2138 2544 2238 2583 vos
2276 2528 2532 2590 inimicis,
2567 2539 2628 2581 ut
2650 2529 2702 2580 in
2729 2527 2910 2596 quiete
2944 2526 3108 2578 verba
3135 2524 3381 2577 veritatis
3407 2539 3536 2578 con-

1968 2624 2210 2692 templari
2249 2621 2487 2692 possitis.
2522 2618 2859 2687 QuaprOpter
2899 2617 3060 2671 etiam
3121 2614 3377 2670 Dominus
3423 2614 3530 2668 ait:

1969 2713 2154 2768 Omnis
2181 2714 2269 2782 qui
2295 2728 2396 2765 non
2428 2712 2695 2765 renuntiat
2724 2709 2962 2763 omnibus
2988 2724 3106 2778 quae
3139 2707 3392 2775 possidet,
3431 2723 3536 2759 non

1965 2815 2131 2876 potest
2159 2821 2304 2859 meus
2329 2821 2439 2859 esse
2473 2805 2765 2870 discipulus
2802 2804 2866 2854 ".
2901 2802 3106 2855 Vacare
3135 2800 3298 2868 igitur
3323 2807 3533 2866 oportet

1970 2901 2035 2952 ab
2070 2897 2323 2964 operibus
2360 2895 2712 2965 nuptialibus,
2776 2905 2833 2947 ut
2881 2907 3136 2948 vacemus
3188 2890 3482 2960 precationi
3517 2905 3530 2939 :

1969 3003 2167 3042 vacare
2200 3005 2229 3042 a
2267 2989 2577 3044 divitiarum
2608 2987 2812 3052 studio,
2857 2987 2923 3041 ab
2957 2985 3116 3054 hujus
3159 2983 3400 3052 gloriola:
3435 2997 3532 3034 cu-

1968 3079 2212 3147 piditate,
2243 3082 2309 3134 ab
2340 3096 2440 3133 usu
2471 3079 2826 3146 voluptatum,
2875 3078 2942 3130 ab
2974 3077 3173 3129 invidia
3215 3085 3269 3128 et
3307 3073 3450 3126 omni
3482 3073 3532 3124 in

1969 3180 2214 3226 nostrum
2245 3168 2551 3239 proximum
2578 3167 2934 3238 malignitate,
2961 3175 3041 3230 ut,
3084 3165 3358 3220 obtinente
3395 3176 3537 3220 trau-

1968 3263 2286 3333 quillitatem
2313 3262 2492 3316 anima
2523 3272 2729 3324 nostra,
2774 3269 2827 3314 et
2851 3258 2999 3314 nullo
3034 3257 3224 3313 eﬂ‘ectu
3257 3272 3374 3310 eam
3402 3273 3534 3311 con—

1971 3355 2246 3417 turbante,
2282 3351 2574 3407 illustratio
2609 3351 2703 3405 Dei
2741 3360 2996 3419 tanquam
3030 3351 3082 3404 in
3108 3351 3288 3420 aliquo
3317 3350 3536 3418 speculo

1968 3462 2099 3518 pura
2124 3459 2460 3517 exspersque
2488 3444 2832 3500 tenebrarum
2861 3441 3141 3497 eﬂiciatur.
3173 3442 3536 3497 Exultaborin

1967 3540 2228 3608 gentibus,
2269 3538 2544 3593 exaltabor
2570 3537 2622 3592 in
2654 3548 2816 3592 terra.
2844 3535 3029 3589 Palam
3065 3537 3180 3589 hate
3202 3537 3267 3589 de
3295 3551 3389 3589 sua
3410 3551 3534 3605 pas-

1967 3631 2120 3685 sione
2147 3631 2278 3684 dicit
2332 3630 2610 3692 Dominus,
2657 3628 3110 3697 quemadmodum
3149 3627 3200 3681 in
3245 3627 3537 3696 Evangelio

1967 3722 2226 3790 scriptum
2273 3730 2397 3775 est:
2434 3719 2500 3772 Et
2550 3737 2642 3791 ego
2672 3737 2790 3773 cum
2835 3719 3096 3773 exaltatus
3134 3718 3305 3785 fuero,
3358 3736 3536 3772 omnes

1965 3811 2174 3864 traham
2196 3811 2264 3862 ad
2286 3825 2364 3863 me
2386 3811 2554 3879 ipsum
2584 3811 2649 3862 ".
2683 3808 2746 3861 Et
2765 3812 2900 3863 sicut
2926 3809 3132 3880 Moyses
3148 3811 3395 3863 exultavit
3423 3827 3536 3862 ser-

1963 3913 2163 3972 pentem
2194 3901 2247 3955 in
2291 3902 2534 3962 deserto‘,
2585 3901 2658 3952 ita
2707 3901 2933 3953 exaltari
2971 3910 3170 3968 oportet
3211 3898 3413 3952 Filium
3445 3901 3538 3953 ho-

1966 3997 2122 4049 minis
2145 3996 2198 4047 in
2237 4004 2379 4048 terra
2403 3995 2467 4046 ’⁸.
2506 3993 2771 4059 Quoniam
2819 3994 2980 4063 igitur
3007 4008 3104 4061 pro
3138 3993 3389 4063 gentibus
3417 4003 3538 4048 erat

1969 4089 2020 4140 in
2051 4101 2268 4140 crucem
2299 4085 2638 4150 exaltandus,
2664 4093 2718 4140 et
2748 4099 2844 4154 pro
2889 4085 3142 4139 universa
3175 4097 3320 4138 terra
3349 4099 3535 4138 susce-

1967 4189 2157 4248 pturus
2209 4176 2352 4232 illam
2405 4176 2814 4242 exaltationem,
2854 4185 3138 4245 propterea
3172 4176 3340 4230 dicit:
3373 4175 3538 4230 Exut-

1967 4270 2117 4323 tabor
2144 4271 2198 4322 in
2231 4269 2488 4338 gentibus,
2510 4269 2785 4321 exaltabor
2823 4270 2876 4321 in
2908 4277 3072 4321 terra.
3111 4266 3270 4322 Vens.
3307 4267 3392 4322 t2.
3426 4267 3536 4320 Do-

1964 4361 2139 4413 minus
2170 4360 2421 4412 virtutum
2450 4359 2736 4418 nobiscum,
2773 4369 3044 4428 susceptor
3073 4368 3251 4412 noster
3285 4359 3421 4411 Deus
3445 4357 3539 4411 Ja-

1964 4452 2078 4506 cob.
2115 4451 2405 4506 Exsultans
2429 4451 2497 4505 ob
2529 4450 2620 4506 Dei
2656 4450 2940 4516 auxilium,
2962 4452 3042 4505 bis
3073 4467 3258 4506 vocem
3291 4454 3536 4507 eamdem

1966 4545 2193 4615 protulit
2227 4566 2237 4598 :
2272 4545 2526 4597 Dominus
2553 4546 2804 4598 virtutum
2848 4545 3140 4608 nobiscum,
3175 4545 3328 4614 quasi
3372 4545 3536 4600 insul-

280 4631 415 4701 μεθ’
459 4631 640 4700 ἡμῶν,
691 4632 1068 4698 άντιλήπτωρ
1124 4631 1292 4700 ἡμῶν
1340 4635 1372 4685 ὀ
1439 4631 1582 4698 Θεὸς
1645 4633 1856 4687 Ἰακώϐ.
1894 4671 1936 4725 D

1894 4671 1936 4725 υ
1969 4647 2110 4690 taret
2135 4652 2199 4690 ac
2231 4637 2476 4690 insileret
2508 4638 2673 4700 hosti,
2699 4639 2767 4691 ob
2792 4638 3092 4706 perfectam
3138 4654 3302 4706 quam
3335 4640 3388 4692 in
3415 4639 3536 4692 ani-

301 4725 765 4796 Ἐπαγαλλόμενος
789 4729 855 4796 τῇ
886 4725 977 4777 τοῦ
1007 4723 1142 4776 Θεοῦ
1175 4723 1396 4795 βοηθείᾳ
1415 4765 1429 4787 ,
1467 4724 1546 4788 δὶς
1569 4725 1667 4794 τὴν
1694 4725 1861 4796 αὐτὴν

289 4817 475 4886 φωνὴν
502 4815 750 4888 ἐξεϐόησε
776 4836 787 4847 ·
818 4819 1027 4886 Κύριος
1051 4817 1166 4870 τῶν
1184 4817 1495 4885 δυνάμεων
1508 4818 1636 4886 μεθ’
1659 4817 1825 4886 ἡμῶν
1843 4835 1858 4850 ο

285 4908 452 4984 οἱονεὶ
496 4909 837 4977 ἐπεμϐαίνων
883 4909 975 4962 καὶ
1016 4908 1365 4979 ἐναλλόμενος
1409 4909 1486 4980 τῷ
1538 4909 1748 4981 ἐχθρῷ,
1774 4909 1859 4963 διὰ

284 5001 387 5068 τὴν
415 4998 619 5052 τελείαν
644 5000 734 5052 ἐπὶ
765 5001 855 5052 τὸν
880 5001 1104 5071 Σωτῆρα
1136 5001 1243 5054 τῶν
1276 5001 1462 5072 ψυχῶν
1489 5003 1520 5072 ἡ
1531 5001 1645 5072 μῶν
1671 5001 1859 5055 πεποί-

287 5091 467 5160 Θησιν,
507 5091 580 5154 ὡς
608 5091 756 5144 οὐδὲν
785 5094 1108 5163 πεισόμενος
1136 5094 1266 5163 παρ’
1296 5094 1458 5146 αὐτοῦ
1488 5093 1617 5164 (55).
1653 5095 1722 5146 El
1751 5093 1858 5161 γὰρ

286 5186 322 5236 ό
355 5183 490 5249 Θεὸς
517 5185 667 5253 ὑπὲρ
693 5186 882 5254 ἡμῶν,
910 5188 1000 5253 τίς
1031 5188 1156 5240 καθ’
1198 5185 1402 5255 mulir;
1459 5188 1515 5241 '0
1544 5187 1619 5258 τῷ
1665 5186 1857 5240 Ἰακὼό

362 5365 407 5395 ’³
449 5364 614 5419 Exod.
653 5381 701 5425 ν,
735 5367 821 5418 17.
937 5369 981 5397 ³⁵
1022 5369 1141 5421 Act.
1193 5382 1326 5426 xvn.
1380 5365 1468 5418 21.

1588 5366 1632 5395 ’³
1668 5363 1855 5417 Matth.
1905 5382 2012 5424 xu.
2065 5366 2154 5423 45.
2209 5366 2297 5420 44.

1968 4744 2175 4782 marum
2218 4738 2522 4782 nostrarum
2575 4727 2912 4784 Salvatorem
2951 4731 3184 4784 habebat
3242 4732 3488 4786 liduciam
3521 4773 3534 4791 .

1966 4821 2129 4889 quod,
2155 4832 2220 4872 eo
2243 4817 2486 4885 juvante,
2517 4818 2646 4870 nihil
2674 4833 2933 4887 passurus
2949 4829 3114 4872 esset.
3151 4819 3212 4874 Si
3241 4821 3377 4872 enim
3398 4820 3537 4872 Deus

1965 4925 2059 4978 pro
2099 4909 2266 4975 nobis,
2323 4911 2438 4976 quis
2474 4919 2658 4961 eontra
2696 4925 2790 4960 nos
2829 4908 2918 4959 "‘t
2953 4908 3053 4974 Qui
3083 4907 3248 4961 Jacob
3272 4909 3420 4961 dedit
3460 4909 3539 4959 vi-

1967 5001 2214 5063 ctoriam,
2247 5015 2310 5054 ac
2333 5010 2453 5069 post
2481 5001 2678 5054 luctam
2721 5002 2895 5070 ipsum
2925 4999 3087 5054 Israel
3127 5001 3429 5067 designavit
3468 5001 3536 5062 ³ο,

1965 5094 2052 5148 hic
2083 5105 2169 5148 est
2200 5103 2480 5160 susceptor
2505 5102 2723 5159 noster;
2751 5096 2866 5161 ipse
2891 5109 2988 5161 pro
3009 5095 3164 5148 nobis
3186 5106 3408 5164 pugnat.
3433 5094 3539 5146 Nos

1966 5197 2144 5241 autem
2200 5187 2563 5254 quiescamus,
2599 5187 2741 5255 quod
2777 5185 2899 5254 Ipse
2942 5195 3016 5240 est
3070 5205 3173 5255 pax
3210 5201 3412 5246 nostra,
3448 5189 3536 5255 qui

2403 5365 2447 5394 “
2480 5364 2604 5418 Luc.
2653 5379 2760 5428 XIV,
2794 5365 2881 5416 55.
2989 5364 3031 5391 ’⁷
3085 5368 3239 5414 Joan.
3299 5377 3410 5422 Ml,
3443 5363 3530 5414 52’.

290 5437 338 5469 ’⁸
370 5437 523 5490 Joau.
553 5451 633 5500 Ill,
666 5436 751 5492 M.
830 5437 873 5466 "
917 5435 1069 5491 Rom.
1105 5452 1220 5503 vni,
1258 5436 1348 5491 51.
1423 5435 1468 5466 ³⁸
1507 5433 1642 5488 Gen.
1678 5449 1848 5499 χχχιι,
1905 5436 1994 5489 28.

362 5610 476 5678 (50)
515 5609 590 5663 Ita
620 5624 753 5664 mss.
781 5610 1039 5679 quinque.
1076 5610 1233 5664 Deest
1270 5611 1325 5664 δέ
1354 5611 1407 5663 in
1440 5619 1622 5665 editis.

362 5681 472 5749 (51)
506 5679 700 5752 Nostra
736 5682 898 5734 editio
939 5681 1109 5752 Paris.
1136 5680 1580 5752 προσευξώμεθα.
1616 5684 1685 5734 At
1725 5695 1857 5752 mss.

287 5737 723 5820 προσευξόμεθα.
788 5753 941 5820 Apud
973 5737 1111 5820 LXX
1147 5737 1217 5804 it'a
1257 5737 1450 5820 legitur
1489 5769 1501 5804 :
1564 5752 1660 5804 Διὰ
1705 5750 1860 5804 τοῦτο

285 5819 478 5888 λέγετε
498 5819 931 5902 ἠῐίορευθῷμεῃ
958 5819 1210 5902 θύσωμεν
1242 5819 1329 5891 τῷί
1348 5822 1465 5902 Θεῷ
1503 5821 1680 5892 ἡμῶν.
1730 5821 1856 5876 Pro-

291 5903 467 5960 pterea
496 5891 667 5960 dicitis
691 5905 709 5942 :
739 5892 953 5944 Eamus.
983 5892 1340 5958 sacri/iremus
1382 5891 1486 5946 Deo
1519 5891 1714 5948 nostra.

367 5961 479 6024 (52’)
505 5959 632 6026 Reg.
677 5962 862 6018 tertius
889 5962 1266 6024 ἐνοικίσαντες.

2064 5608 2153 5675 5'5)
2187 5606 2278 5661 Sic
2301 5617 2505 5676 septem
2542 5621 2672 5660 mss.
2698 5621 2821 5659 cum
2871 5605 3109 5659 editione
3137 5603 3299 5676 Basil.
3331 5601 3392 5652 At
3419 5600 3534 5652 edi-

1961 5679 2031 5730 tio
2058 5678 2235 5748 Paris.
2273 5675 2584 5748 ἐγγένηται.
2617 5676 2770 5748 Colb.
2803 5687 2989 5748 sextus
3019 5675 3322 5748 ἐγγένεται.

2029 5747 2141 5816 (54)
2173 5746 2247 5806 Ita
2267 5745 2469 5816 septeni
2487 5763 2616 5816 mss.
2638 5746 2794 5801 Deest
2812 5745 2894 5816 ὅτι
2913 5747 2964 5799 in
2993 5747 3171 5800 editis.
3193 5745 3386 5797 Statim
3404 5758 3532 5796 mss.

1962 5833 2154 5871 novem
2185 5817 2290 5869 τῶν
2327 5815 2647 5886 ἀνθρώπων,
2680 5833 2772 5882 pro
2801 5815 3114 5869 hominibus.

2030 5888 2144 5954 (55)
2188 5888 2284 5952 Ὠς
2317 5881 2496 5940 οὐδὲν
2529 5881 2883 5954 πεισόμενος
2922 5886 3059 5954 παρ’
3103 5881 3307 5940 αὐτοῦ.
3357 5881 3536 5946 Verte,

1963 5969 2016 6011 ut
2045 5956 2176 6012 nihil
2205 5960 2266 6010 alr
2297 5959 2734 6026 hostepassurus.
2770 5955 2980 6011 Manta.
