4230 6514
344 495 453 548 453

1453 486 1732 542 HOMlLlA
1775 487 1838 541 IN
1874 486 2202 543 PSALMUM
2239 485 2466 543 XLVIII.

3453 485 3556 542 436

344 621 446 672 σης
481 602 934 674 ὑπερανέστηκεν,
967 600 1105 655 ὥστε
1128 602 1186 668 ἐξ
1212 601 1452 655 ἀπόπτου
1490 603 1663 655 πάντα
1692 602 1817 654 ἰδεῖν
1839 601 1906 654 τὰ
1933 607 1978 662 Α
2010 624 2014 653 λ

1887 601 1906 654 ί
1933 607 1978 662 Α
2010 603 2143 656 adeo
2171 601 2370 656 vocalis
2393 615 2588 669 praeco,
2622 609 2678 653 ut
2722 599 2966 654 inclamet
3014 598 3152 669 quod
3179 613 3207 651 a
3238 604 3314 653 tot
3339 599 3557 654 auribus

343 696 493 764 ἔθνη,
541 695 633 747 καὶ
670 695 845 747 πᾶσαν
880 693 978 763 τὴν
1010 691 1325 764 οἰκουμένην
1365 690 1626 762 ὀφθαλμῷ
1679 691 1899 761 περιλα-

343 787 492 849 Gaia;
524 787 616 847 Τίς
635 783 775 838 οῦτω
808 785 1309 856 μεγαλοφωνότατος
1331 783 1521 855 κῆρυξ,
1552 784 1689 836 ὥστε
1718 784 1903 837 τοσαύ-

343 894 465 938 ταις
500 875 633 945 ὁμοῦ
670 876 852 938 ἀκοαῖς
881 876 1196 941 ἐξάκουστον
1225 874 1488 945 ἐμϐοῆσαι
1515 893 1527 940 ;
1573 877 1666 937 Τίς
1705 877 1732 927 6
1757 876 1902 944 δέχε-

346 968 474 1021 σθαι
501 967 790 1037 δυνάμενος
818 968 990 1039 χῶρος
1009 967 1131 1030 τοὺς
1159 967 1643 1037 ἐκκλησιάζοντας;
1668 967 1900 1036 [Ιηλίκος

341 1058 400 1110 δὲ
432 1061 459 1111 6
496 1057 806 1122 διδάσκαλος
845 1061 937 1112 καὶ
976 1060 1212 1121 ποταπὸς
1238 1060 1337 1130 τὴν
1363 1060 1569 1129 σοφίαν,
1599 1059 1734 1112 ὥστε
1777 1057 1900 1123 ἄξια

343 1149 447 1217 τῆς
472 1149 797 1221 τηλικαύτης
829 1150 1142 1221 Ἐκκλησίας
1171 1153 1280 1221 (65)
1312 1152 1545 1222 ἐξευρεῖν
1562 1152 1628 1205 τά
1652 1151 1904 1221 διδάγμα-

345 1257 414 1294 τα
438 1257 452 1305 ;
482 1241 687 1314 Μικρὸν
715 1243 1017 1310 ἀνάμεινον,
1052 1243 1143 1295 καὶ
1167 1245 1401 1316 μαθήσῃ,
1432 1244 1512 1295 ὅτι
1541 1243 1663 1307 ἀξια
1685 1242 1776 1295 τοῦ
1805 1245 1900 1295 ἐπ-

342 1329 684 1399 αγγέλματός
713 1333 823 1381 ἐστι
849 1329 914 1382 τὰ
938 1331 1150 1402 ἐφεξῆς.
1186 1333 1244 1384 Ὀ
1271 1332 1366 1401 μὲν
1396 1332 1500 1404 γὰρ
1531 1332 1899 1402 ἐκκλησιάζων

343 1421 439 1473 καὶ
480 1423 653 1475 πάντα
685 1421 964 1488 συγκαλῶν
1007 1422 1084 1492 τῷ
1131 1424 1440 1493 κηρύγματι
1484 1427 1511 1476 6
1554 1423 1900 1493 Παράκλητός

339 1527 476 1573 -στι,
493 1513 552 1564 16
571 1510 788 1580 Πνεῦμα
815 1512 911 1580 τῆς
936 1511 1208 1581 ἀληθείας,
1232 1515 1316 1565 διὰ
1334 1514 1624 1585 προφητῶν
1653 1515 1745 1567 καὶ
1768 1515 1898 1567 ἁπο-

340 1602 540 1653 στόλων
588 1603 830 1669 συνάγων
865 1603 972 1671 (64)
1011 1605 1135 1666 τοὺς
1174 1604 1508 1674 σωζομένους
1533 1621 1544 1634 ·
1596 1598 1670 1658 ὧν
1715 1605 1896 1675 ἐπειδὴ

334 1694 442 1754 Εἰς
470 1691 710 1746 ἅπασαν
746 1692 857 1759 τὴν
880 1693 995 1762 γῆν
1022 1692 1278 1760 ἐξῆλθεν
1311 1697 1342 1748 d
1385 1696 1637 1762 φθόγγος
1680 1692 1894 1755 αὐτῶν,

335 1784 435 1836 καὶ
463 1785 549 1848 εἰς
584 1785 654 1838 τὰ
681 1784 902 1852 πέρατα
931 1784 1037 1851 τῆς
1064 1785 1413 1854 οἰκουμένης
1443 1785 1512 1837 τὰ
1532 1783 1766 1852 ῥήματα
1793 1787 1898 1838 αὺ-

333 1873 479 1928 τὼν·
520 1875 606 1928 διὰ
633 1877 788 1930 τοῦτὸ
808 1895 968 1949 φησιν
987 1894 1002 1908 ·
1045 1879 1381 1941 Ἀκούσατε,
1417 1876 1609 1929 πάντα
1641 1877 1711 1930 τὰ
1730 1877 1893 1944 ἔθνη,

2013 693 2172 748 simul
2202 693 2500 746 audiatur?
2539 691 2668 757 Quis
2703 691 2851 745 locus
2879 691 2942 744 ad
2977 691 3287 746 concionem
3330 690 3555 744 venien-

2009 797 2088 840 tes
2120 795 2284 854 queat
2307 784 2598 853 excipere?
2627 784 2871 850 Quantus
2890 792 3066 836 autem
3101 785 3308 846 doctor,
3331 791 3382 836 et
3409 782 3556 851 quali

2005 875 2264 943 sapientia
2298 874 2580 943 praeditus,
2608 883 2666 928 ut
2689 873 3008 927 documenta
3041 871 3553 926 inveniateonsessu

2006 973 2156 1018 tanto
2180 964 2378 1032 digna?
2401 962 2666 1033 Exspecta
2696 970 3072 1032 parumper,et
3090 977 3152 1016 ea
3181 977 3298 1032 quae
3320 977 3554 1032 sequun-

2006 1064 2112 1116 tur.
2136 1054 2418 1123 promissis
2473 1054 2687 1124 indigna
2729 1068 2831 1107 non
2866 1069 2986 1108 esse
3019 1054 3250 1108 edisces.
3282 1053 3554 1122 Siquidem

2006 1146 2380 1208 concionator,
2413 1153 2467 1199 et
2500 1144 2588 1212 qui
2635 1159 2822 1198 omnes
2873 1145 3142 1214 przecunio
3184 1145 3349 1210 cogit,
3386 1145 3553 1198 Para-

2002 1238 2173 1294 cletus
2204 1246 2307 1302 est,
2344 1236 2431 1290 ille
2474 1236 2710 1305 Spiritus
2751 1237 3018 1302 veritatis,
3061 1252 3153 1306 per
3193 1237 3477 1306 prophetas
3502 1249 3559 1293 et

2004 1329 2280 1399 apostolos
2319 1343 2411 1382 eos
2453 1342 2791 1396 congregans
2835 1328 2924 1395 qui
2958 1326 3186 1380 salutem
3216 1328 3555 1382 consecuturi

2003 1431 2157 1476 erant
2184 1439 2196 1474 :
2223 1434 2448 1488 quorum
2485 1420 2607 1487 quia
2648 1416 2713 1471 In
2748 1434 2946 1471 onmem
2990 1429 3181 1470 terram
3208 1419 3362 1471 exivit
3396 1434 3556 1472 tonus

2000 1529 2199 1577 eorum,
2223 1522 2266 1565 et
2295 1513 2346 1564 in
2372 1512 2500 1580 ﬁnes
2532 1512 2670 1564 orbis
2695 1522 2848 1564 terrae
2873 1512 3025 1563 verba
3049 1526 3225 1563 eorum
3248 1510 3321 1576 ³⁷;
3359 1512 3557 1566 idcirco

2001 1603 2130 1657 dicit
2159 1619 2171 1654 :
2197 1602 2412 1665 Audite,
2450 1618 2625 1656 omnes
2661 1613 2852 1671 gentes,
2886 1611 2932 1654 et
2975 1618 3147 1655 omnes
3185 1604 3273 1670 qui
3310 1603 3556 1656 habitatis

2003 1696 2200 1748 orbem.
2234 1693 2574 1764 Quapropter
2601 1702 2654 1748 et
2683 1693 2921 1748 Ecclesia
2956 1708 3021 1748 ex
3057 1693 3304 1747 omnibus
3331 1692 3552 1746 collecta

2003 1795 2085 1840 est
2124 1786 2543 1849 conditionibus,
2578 1793 2638 1838 ut
2670 1799 2824 1839 neruo
2853 1784 2943 1852 qui
2980 1800 3170 1839 exsors
3211 1785 3282 1839 sit
3307 1784 3554 1841 utilitatis

2004 1878 2362 1947 relinquatur.
2397 1877 2606 1931 Etenim
2640 1876 3083 1945 congregationes
3107 1885 3216 1930 tres
3243 1886 3367 1930 sunt
3392 1891 3556 1930 voca-

332 1965 431 2019 καί
465 1966 684 2034 πάντες
711 1974 763 2022 οἱ
794 1969 1204 2034 κατοικοῦντες
1240 1969 1353 2034 τὴν
1387 1968 1760 2037 οἰκουμένην.
1807 1970 1896 2022 Διὸ
1930 1943 1969 2000 Β
2000 1982 2002 2017 l

1881 1973 1896 2022 5
1930 1943 1969 2000 Β
2000 1943 2196 2030 torum,
2229 1967 2426 2037 quibus
2449 1981 2608 2021 omne
2644 1943 2920 2020 hominum
2945 1980 3112 2035 genus
3139 1968 3551 2036 comprehendi-

334 2060 429 2112 καὶ
461 2063 493 2130 ἡ
537 2061 828 2133 Ἐκκλησία
850 2064 912 2114 ἐκ
939 2059 1286 2113 παντοδαπῶν
1314 2059 1753 2131 ἐπιτηδευμάτων
1777 2077 1896 2113 συν-

330 2152 590 2215 είλεκται,
647 2152 730 2204 ἵνα
785 2153 968 2221 μηδεὶς
1004 2149 1106 2214 ἔξω
1139 2152 1236 2220 τῆς
1263 2151 1524 2219 ὡφελείας
1577 2151 1893 2221 ἀπολειφθῇ.

328 2245 491 2313 Τρεῖς
529 2243 634 2312 γάρ
679 2244 781 2293 εἰσι
831 2242 1075 2309 συζυγίαι
1125 2242 1230 2294 τῶν
1280 2243 1647 2312 κεκλημένων,
1701 2245 1758 2295 ἐν
1809 2240 1897 2306 αἷς

328 2335 474 2382 ἁπαν
510 2329 568 2381 16
597 2328 702 2382 τῶν
728 2328 1026 2400 ἀνθρώπων
1059 2331 1366 2400 περιέχεται
1396 2332 1549 2398 γένος
1570 2348 1581 2360 ·
1620 2331 1743 2398 ἔθνη
1788 2330 1895 2398 γάρ

327 2424 377 2474 οἰ
409 2420 781 2483 κατοικοῦντες
814 2421 909 2491 τὴν
941 2423 1291 2491 οἰκουμένην·
1322 2425 1566 2490 γηγενεῖς
1592 2422 1683 2472 καὶ
1711 2423 1756 2472 οί
1791 2421 1894 2472 υἱοὶ

327 2512 439 2565 τῶν
479 2511 804 2584 ἀνθρώπων·
846 2513 1084 2566 πλούσιοι
1139 2514 1228 2564 καὶ
1273 2513 1516 2582 πένητες.
1553 2512 1681 2564 Τίνα
1719 2512 1893 2565 τοίνυν

333 2604 440 2668 ἔξω
472 2604 816 2657 καταλέλοιπε
851 2606 948 2675 τῆς
987 2603 1333 2673 ἀκροάσεωςς
1375 2604 1438 2656 Οἱ
1483 2602 1748 2675 ἀλλότριοι
1797 2606 1895 2674 τῆς

331 2698 566 2760 πίστεως
614 2696 700 2749 διὰ
747 2697 857 2765 (65)
901 2694 1008 2747 τῶν
1055 2694 1222 2747 ἐθνῶν
1261 2693 1588 2766 ἐκλήθησαν.
1635 2697 1697 2748 Οἱ
1738 2698 1794 2749 ἐν
1827 2699 1892 2767 τῇ

340 2787 635 2858 Ἐκκλησία
694 2787 848 2850 εἰσὶν,
894 2787 944 2838 οἰ
985 2786 1359 2850 κατοικοῦντες
1405 2787 1501 2857 τὴν
1550 2787 1890 2857 οἰκουμένην.

324 2881 579 2949 Γηγενεῖς
603 2880 651 2931 οἰ
683 2879 749 2932 τά
776 2879 941 2950 γήινα
967 2877 1305 2951 φρονοῦντες,
1331 2879 1422 2931 καὶ
1445 2878 1551 2931 τῶν
1581 2878 1703 2949 θελη
1713 2878 1894 2948 μάτων

327 2968 432 3038 τῆς
465 2967 659 3039 σαρκὸς
691 2969 1053 3038 ἀντεχόμενοι.
1091 2968 1210 3021 Υίοὶ
1242 2967 1350 3021 τῶν
1382 2966 1680 3038 ἀνθρώπων
1709 2970 1756 3019 οἰ
1784 2970 1898 3020 ἐπι-

330 3059 548 3129 μέλειάν
603 3078 724 3113 τινα
776 3060 868 3113 καὶ
919 3059 1147 3128 ἄσκησιν
1200 3059 1292 3111 τοῦ
1340 3058 1494 3126 λόγου
1552 3057 1890 3125 ποιούμενον

329 3151 460 3204 ῐδιον
482 3149 590 3221 γὰρ
620 3151 712 3202 τοῦ
745 3149 1028 3220 ἀνθρώπου
1062 3151 1122 3202 τὸ
1143 3148 1376 3216 λογικόν.
1401 3146 1648 3199 Πλούσιοι
1680 3147 1773 3200 καὶ
1806 3146 1891 3199 πέ-

2000 2067 2121 2119 tur;
2165 2065 2355 2124 gentes
2380 2063 2434 2109 et
2483 2055 2790 2110 habitantes
2817 2058 3036 2119 orbem;
3073 2057 3356 2126 terrigenae
3386 2069 3435 2114 et
3462 2060 3554 2114 ﬁlii

1999 2147 2298 2209 hominum,
2332 2146 2530 2200 divites
2591 2157 2644 2198 et
2681 2159 2967 2214 pauperes.
3003 2145 3171 2212 Quem
3211 2147 3370 2215 igitur
3403 2159 3554 2203 extra

1996 2238 2322 2292 auditorium
2344 2237 2600 2306 reliquit?
2623 2238 2797 2292 Alieni
2829 2254 2855 2290 a
2885 2237 3006 2300 ﬁde,
3041 2254 3135 2306 per
3159 2248 3342 2308 gentes
3380 2241 3552 2294 vocati

2002 2329 2163 2397 178
2185 2336 2332 2381 sunt.
2363 2326 2463 2393 Qui
2488 2337 2707 2381 manent
2737 2327 2788 2380 in
2817 2327 3080 2394 Ecclesia,
3100 2329 3133 2381 ii
3157 2339 3306 2393 sunt,
3336 2331 3425 2400 qui
3458 2331 3556 2384 ha-

1995 2419 2169 2472 bitant
2199 2419 2410 2473 orbem.
2442 2414 2750 2488 Terrigena:
2780 2428 2906 2472 sunt
2946 2418 3036 2486 qui
3073 2429 3286 2473 terrena
3311 2422 3547 2488 sapiunt,

1995 2521 2049 2564 et
2083 2511 2259 2564 carnis
2289 2510 2484 2579 placita
2519 2522 2900 2579 assequuntur.
2934 2511 3050 2564 Filii
3099 2511 3373 2565 hominum
3403 2522 3550 2577 sunt,

1995 2605 2084 2673 qui
2116 2605 2347 2673 quodam
2404 2603 2561 2656 modo
2603 2604 2868 2657 rationem
2915 2615 3108 2658 curant
3158 2616 3550 2674 exercentque;

1997 2710 2118 2748 nam
2162 2695 2300 2749 ratio
2333 2695 2550 2764 prepria
2589 2693 2824 2748 hominis
2850 2705 2953 2748 est.
2988 2693 3218 2748 Divilum
3251 2711 3313 2750 ae
3351 2710 3552 2764 paupe-

1994 2803 2112 2840 rum
2173 2788 2477 2856 proprietas
2521 2801 2616 2854 per
2672 2800 2754 2839 se~
2783 2786 3168 2853 cognoscitur:
3220 2786 3292 2839 illi
3337 2789 3550 2854 quidem

1994 2879 2433 2945 superabundant
2482 2891 2660 2931 rerum
2715 2878 3144 2931 necessariarum
3190 2877 3549 2946 possessione,

1995 2971 2049 3024 hi
2088 2985 2213 3023 vero
2260 2969 2313 3023 in
2351 2969 2666 3023 earumdem
2700 2967 2876 3036 inopia
2919 2970 3138 3037 degunt.
3183 2966 3316 3021 Cum
3371 2980 3550 3022 autem

1996 3062 2240 3115 medicus
2293 3061 2594 3113 animarum
2649 3074 2754 3112 non
2803 3059 3030 3120 venerit,
3078 3069 3135 3111 ut
3175 3056 3349 3125 justos
3379 3070 3549 3123 vocet,

2000 3151 2096 3206 sed
2125 3159 2438 3220 peccatores
2467 3149 2531 3202 ad
2559 3148 2928 3218 paenitentiam
2948 3148 2993 3180 ³⁸
3018 3162 3032 3201 :
3057 3149 3196 3217 quod
3221 3150 3272 3202 in
3305 3151 3547 3217 qualibet

326 3258 486 3304 νττες
515 3241 731 3293 αὐτόθεν
763 3240 943 3309 ἔχουσι
974 3240 1376 3309 γνωριζομένην
1415 3239 1510 3311 τὴν
1547 3238 1809 3310 ἰδιότητα·
1840 3241 1889 3292 οἱ
1920 3272 1961 3328 C

1881 3241 1961 3328 EC
2002 3242 2377 3313 coniugatione
2431 3241 2833 3312 reprehensioni
2880 3240 3168 3294 obnoxium
3222 3252 3340 3294 crat
3392 3249 3551 3309 atque

330 3333 432 3400 μὲν
459 3329 869 3400 ὑπερϐαίνοντες
903 3331 1000 3402 τὴν
1029 3331 1217 3401 κτῆσιν
1264 3330 1369 3382 τῶν
1401 3331 1727 3398 ἀναγκαίων,
1760 3333 1808 3384 οἱ
1837 3331 1893 3384 δέ

327 3425 386 3473 ἐν
423 3420 597 3488 ἐνδείᾳ
622 3420 824 3474 τούτων
854 3421 1270 3493 καθεστηκότες.
1319 3423 1533 3492 Ἐπειδὴ
1570 3422 1628 3475 δὲ
1660 3426 1687 3476 ὁ
1715 3422 1895 3492 ἰατρὸς

323 3510 434 3564 τῶν
457 3511 640 3582 ψυχῶν
667 3513 766 3566 οὐκ
789 3509 918 3583 ἦλθε
943 3514 1164 3566 καλέσαι
1195 3514 1450 3575 δικαίους,
1479 3513 1614 3565 ἀλλά
1638 3515 1893 3583 ἀμαρτω-

323 3603 450 3667 λοὺς
482 3605 560 3668 είς
596 3606 900 3673 μετάνοιαν,
940 3605 1153 3674 πρῶτον
1195 3604 1380 3669 ἔταξεν
1427 3606 1483 3655 ἐν
1515 3607 1580 3675 τῇ
1615 3603 1800 3676 κλήσει
1837 3605 1893 3658 ἐν

325 3697 531 3770 ἑκάστῃ
561 3696 786 3765 συζυγία
828 3696 888 3747 16
919 3696 1383 3766 κατεγνωσμένον.
1419 3696 1664 3766 Χείρονα
1685 3698 1793 3769 γὰρ
1824 3697 1891 3751 τὰ

324 3788 456 3859 ἔθνη
493 3789 600 3842 τῶν
627 3787 1020 3840 κατοικούντων
1067 3790 1163 3860 τὴν
1195 3789 1547 3861 οἰκουμένην·
1594 3790 1706 3843 ἀλλ’
1745 3791 1892 3860 ὅμως

327 3879 714 3952 προτετίμηται
743 3879 854 3950 (66)
883 3881 962 3944 εἰς
987 3880 1082 3951 τὴν
1114 3880 1324 3950 κλῆσιν,
1355 3881 1441 3934 ἵνα
1468 3883 1517 3934 οἰ
1540 3882 1724 3944 κακῶς
1747 3883 1894 3951 ἕχον-

326 3989 418 4036 τες
449 3975 706 4045 πρότερον
758 3972 1098 4044 μεταλάϐωσι
1150 3973 1247 4041 τῆς
1286 3974 1349 4025 ἐκ
1392 3971 1482 4025 τοῦ
1529 3971 1713 4042 ίατροῦ
1759 3972 1894 4040 ὠφε-

325 4060 492 4123 λείας.
538 4062 703 4114 Πάλιν
743 4064 790 4113 οί
821 4062 1068 4130 γηγενεῖς
1101 4061 1206 4131 πρὸ
1239 4061 1347 4114 τῶν
1380 4061 1510 4114 υἰῶν
1553 4062 1660 4114 τῶν
1686 4061 1892 4132 ἀνθρώ-

325 4168 444 4202 πων
476 4151 805 4221 ἐτάχθησαν·
860 4151 951 4204 καὶ
978 4151 1216 4204 πλούσιοι
1261 4152 1365 4224 πρὸ
1387 4152 1493 4205 τῶν
1521 4153 1782 4222 πενήτων.
1820 4154 1891 4205 Τὸ

321 4242 742 4312 ἀπεγνωσμένον
783 4244 988 4314 τάγμα,
1041 4245 1134 4298 καὶ
1166 4243 1416 4297 δύσκολον
1445 4245 1565 4314 ἔχον
1594 4243 1689 4314 τήν
1723 4261 1891 4314 σωτη-

323 4335 466 4407 ρίαν,
494 4336 752 4407 πρότερον
792 4336 1049 4406 κέκληται
1086 4335 1192 4388 τῶν
1216 4336 1463 4406 πτωχῶν.
1513 4335 1744 4407 Τοιαύτη
1782 4337 1890 4409 γὰρ

323 4429 357 4498 η
389 4425 481 4479 τοῦ
509 4426 687 4496 ἰατροῦ
714 4426 1092 4496 φιλανθρωπία
1114 4429 1223 4489 τοῖς
1249 4425 1677 4496 ἀσθενεστέροις·
1699 4428 1890 4496 προτέ-

326 4534 439 4587 ροις
473 4514 582 4586 (67)
625 4517 942 4585 μεταδίδωσι
973 4518 1070 4588 τῆς
1097 4518 1382 4586 ὡφελείας.
1420 4517 1580 4587 Ὁμοῦ
1605 4518 1660 4570 δέ
1687 4520 1780 4571 καὶ
1812 4521 1888 4571 εἰ-

1995 3334 2346 3400 damnationi,
2379 3333 2431 3387 id
2469 3331 2700 3400 primum
2757 3335 2811 3384 in
2867 3331 3150 3385 vocatione
3202 3335 3403 3400 posuit.
3451 3335 3552 3387 De-

1997 3424 2222 3480 teriores
2261 3423 2404 3478 enim
2440 3431 2564 3478 sunt
2603 3431 2792 3492 gentes
2839 3436 3002 3491 quam
3042 3422 3131 3490 qui
3188 3421 3432 3476 habitant
3465 3439 3552 3476 or-

1993 3516 2113 3569 bem
2144 3532 2156 3566 :
2187 3516 2280 3569 sed
2318 3525 2493 3567 tamen
2528 3513 2824 3582 praeposita:
2879 3521 3001 3566 sunt
3048 3512 3100 3564 in
3142 3513 3444 3578 vocatione,
3493 3523 3552 3566 ut

1998 3606 2088 3676 qui
2122 3605 2260 3661 male
2289 3605 2485 3660 habent
2519 3605 2732 3673 priores
2761 3618 2788 3655 a
2825 3603 3036 3657 medico
3066 3601 3369 3672 percipiant
3406 3604 3549 3658 utili-

1995 3707 2179 3752 tatem.
2215 3696 2425 3751 Rursus
2485 3693 2768 3763 terrigena:
2816 3703 2941 3749 ante
2980 3693 3119 3748 ﬁlios
3153 3695 3427 3750 hominum
3465 3713 3551 3753 re-

1992 3788 2182 3844 censiti
2224 3797 2383 3852 sunt;
2418 3795 2472 3840 et
2502 3785 2692 3840 divites
2729 3793 2855 3838 ante
2890 3798 3170 3853 pauperes.
3222 3784 3550 3854 Desperatus

1998 3878 2148 3942 ordo,
2187 3887 2242 3931 et
2276 3877 2366 3946 qui
2423 3875 2708 3929 diﬁieulter
2746 3874 2974 3928 salutem
3019 3877 3384 3945 consequitur,
3424 3888 3550 3932 ante

1994 3975 2216 4022 vocatus
2245 3973 2327 4022 est
2372 3980 2534 4036 quam
2589 3978 2876 4035 pauperes.
2925 3964 3241 4034 llujusmodi
3284 3967 3425 4021 enim
3467 3980 3551 4025 est

1994 4060 2301 4128 benignitas
2327 4057 2519 4112 medici
2549 4071 2564 4109 :
2594 4056 2743 4127 prius
2774 4071 2924 4125 opem
2948 4055 3052 4110 fert
3085 4057 3545 4117 imbecillioribus.

1996 4150 2167 4204 Simul
2199 4157 2378 4202 autem
2423 4147 2573 4217 pacis
2619 4147 2780 4200 etiam
2809 4148 3146 4202 conciliatrix
3183 4158 3268 4202 est
3303 4164 3546 4204 commu-

1993 4243 2134 4295 nitas
2161 4241 2484 4302 vocationis,
2523 4239 2658 4292 adeo
2693 4248 2749 4290 ut
2778 4237 2866 4306 qui
2910 4237 3172 4293 hactenus
3221 4240 3363 4292 inter
3402 4256 3460 4295 se
3492 4242 3546 4296 in

1993 4334 2230 4388 moribus
2264 4332 2654 4394 dissenserant,
2687 4330 2758 4383 ob
2789 4331 2931 4384 hunc
2975 4341 3302 4386 conventum
3352 4345 3549 4388 mutuae

1991 4437 2303 4481 assuescant
2331 4421 2606 4477 eltaritati.
2644 4422 2914 4490 Agnoscat
2955 4421 3095 4474 enim
3131 4424 3280 4476 dives
3320 4439 3379 4478 se
3424 4440 3546 4478 cum

1992 4532 2225 4588 paupere
2256 4517 2525 4584 prmeonio
2551 4514 2665 4583 pari
2690 4522 2934 4567 vocatum
2959 4526 3099 4570 esse.
3123 4513 3291 4567 Simul
3315 4517 3370 4568 in
3388 4533 3548 4570 unum

324 4607 492 4674 ρήνης
521 4605 636 4658 ἐστὶ
665 4606 973 4672 συναγωγὸν
995 4607 1027 4676 ή
1053 4605 1306 4657 κοινωνία
1332 4608 1432 4675 τῆς
1454 4606 1716 4677 κλήσεως,
1749 4607 1889 4660 ὥστε
1923 4608 1965 4661 D

1874 4608 1965 4661 ει)
1996 4608 2160 4672 enim,
2220 4605 2416 4675 inquit,
2467 4604 2607 4654 dives
2652 4612 2697 4654 et
2740 4616 2954 4669 pauper.
3012 4601 3366 4672 Posteaquam
3415 4604 3544 4658 foris

321 4696 448 4757 τοὺς
468 4695 686 4764 ἔχοντας
718 4695 853 4757 τέως
880 4697 942 4748 ἐκ
974 4697 1080 4750 τῶν
1110 4697 1549 4767 ἐπιτηδευμάτων
1580 4699 1714 4769 πρὸς
1735 4699 1887 4771 ἀλλή-

322 4785 446 4847 λους
474 4787 818 4850 ὑπεναντίως,
852 4787 1070 4851 τούτους
1105 4789 1192 4841 διὰ
1221 4789 1318 4858 τῆς
1363 4790 1682 4860 Ἐκκλησίας
1721 4807 1886 4859 προσ-

322 4874 597 4945 εθισθῆναι
623 4878 866 4950 ἀλλήλοις
891 4879 968 4939 εἰς
991 4879 1087 4948 τὴν
1113 4880 1350 4948 ἀγάπην.
1383 4880 1697 4934 Γινωσκέτω
1726 4880 1830 4951 γὰρ
1859 4883 1886 4932 6

323 4966 594 5029 πλούσιος,
620 4967 700 5019 ὅτι
732 4970 976 5040 ὁμοτίμῳ
1005 4971 1314 5041 κηρύγματι
1349 4971 1604 5040 κέκληται
1634 4971 1766 5042 πρὸς
1797 4970 1885 5023 τὸν

321 5061 549 5129 πένητα.
615 5059 733 5111 Ἑπί
779 5063 841 5113 τὸ
892 5059 1036 5114 αὐτὸ
1082 5061 1209 5132 γὰρ,
1266 5063 1416 5131 φησὶ,
1467 5065 1757 5128 πλούσιος
1788 5063 1885 5115 καὶ

320 5153 533 5218 πένης.
573 5148 713 5213 Ἔξω
755 5152 1068 5205 καταλιπὼν
1103 5154 1198 5223 τὴν
1231 5155 1362 5224 πρὸς
1389 5155 1510 5214 τοὺς
1535 5155 1883 5207 καταδεεστέ-

322 5260 450 5314 ρους
486 5242 774 5316 ύπεροχὴν.
814 5244 907 5296 καὶ
929 5245 988 5296 16
1021 5247 1085 5299 ἐκ
1119 5245 1212 5298 τοῦ
1249 5247 1474 5300 πλούτου
1501 5244 1778 5314 φρύαγμα,
1803 5247 1885 5301 οῦ-

395 5415 441 5450 ³⁷
469 5417 613 5472 Psal,
647 5434 796 5481 χιι-ιιι,
839 5419 892 5473 5.
969 5416 1013 5446 ³³
1040 5415 1225 5470 Matth.
1259 5433 1334 5479 tv,
1368 5418 1448 5470 15.

395 5558 506 5630 ((55)
541 5558 712 5611 Editio
758 5557 919 5613 Basil.
953 5557 1278 5630 τηλικαύτης
1328 5559 1540 5630 σοφίας.
1577 5559 1751 5630 Editio
1778 5561 1879 5613 Pa-

325 5627 417 5683 ris;
455 5645 583 5699 i'ttlll‘
607 5643 734 5679 mss.
765 5627 1093 5699 τηλικαύτης
1123 5627 1468 5698 Ἐκκλησίας,
1504 5634 1654 5684 bene.
1681 5628 1880 5699 ibidem

321 5703 452 5751 ιιιείιέ
493 5696 758 5770 ἀνάμενον
790 5696 883 5752 καὶ
918 5698 1167 5770 μαθήσει.
1195 5701 1261 5752 At
1298 5696 1423 5750 mss.
1458 5715 1550 5754 sex
1598 5697 1882 5767 ἀνάμεινον

323 5770 417 5824 καὶ
449 5769 696 5837 μαθήσει.

661 5851 908 5920 sitxniuss.
948 5842 1006 5891 At
1041 5838 1164 5920 c-di'ti
1210 5839 1456 5906 συνάγον.

394 5907 507 5966 (65)
544 5906 716 5962 Editio
743 5906 911 5964 Paris.
947 5911 1034 5962 καὶ
1059 5909 1159 5963 δια,
1205 5912 1365 5964 Abest
1397 5907 1488 5960 καί
1521 5918 1574 5962 et
1613 5924 1641 5962 a
1672 5921 1798 5964 mss.
1829 5915 1876 5964 et

2002 4697 2283 4766 reliqueris
2313 4710 2431 4748 cam
2467 4709 2567 4761 qua
2598 4692 2877 4743 inferiores
2903 4706 3128 4760 superas
3159 4696 3546 4760 praestantiam,

1993 4801 2046 4845 et
2079 4805 2194 4842 eam
2229 4801 2348 4855 quae
2381 4800 2443 4837 ex
2470 4782 2668 4835 divitiis
2701 4782 2873 4836 oritur
2901 4784 3212 4849 elatiOuem,
3245 4786 3315 4838 ita
3333 4787 3543 4838 demum

1999 4881 2275 4948 ingredere
2325 4879 2375 4931 in
2425 4873 2715 4928 Ecclesium
2781 4875 2896 4928 Dei.
2952 4874 3135 4944 Neque
3186 4879 3350 4945 igitur
3397 4878 3549 4932 dives

1999 4987 2286 5040 pauperem
2331 4973 2612 5038 despiciat,
2648 4991 2822 5044 neque
2861 4991 3063 5044 pauper
3100 4976 3349 5032 formidet
3393 4977 3543 5033 locu-

1994 5063 2191 5131 pletum
2241 5063 2530 5129 potentiam
2558 5081 2570 5115 :
2604 5073 2775 5134 neque
2810 5067 2902 5119 lilii
2944 5067 3217 5122 hominum
3251 5071 3544 5140 terrigenas

2000 5155 2408 5223 parvipendant,
2454 5171 2551 5209 nec
2599 5174 2785 5212 rursus
2834 5157 2899 5210 ab
2943 5158 3046 5213 illis
3081 5175 3199 5214 sese
3242 5162 3545 5218 abalieueut

1996 5246 2301 5315 terrigena}.
2337 5245 2447 5302 lmo
2478 5257 2661 5318 gentes
2692 5263 2809 5302 cum
2847 5251 2910 5304 iis
2946 5251 3035 5320 qui
3068 5250 3312 5308 habitant
3337 5255 3545 5315 orbem.

1991 5561 2056 5614 ab
2086 5561 2318 5616 editione
2341 5559 2501 5612 Basil.

2059 5629 2171 5699 (66)
2198 5630 2285 5684 Sic
2310 5629 2545 5699 quinque
2562 5644 2690 5685 mss.
2711 5631 2776 5684 At
2798 5629 2923 5684 editi
2945 5645 3061 5682 cum
3083 5628 3213 5699 Reg.
3240 5639 3388 5682 sexto
3414 5643 3544 5696 προ-

1986 5702 2301 5740 θςτῖητυίπην

1997 5718 2434 5842 ἶῠῖίῑεξῖῗνιῖῦόςιο
2484 5786 2615 5825 mss.
2665 5779 2716 5842 et
2760 5768 2922 5842 editio
2967 5767 3128 5823 Basil.
3187 5768 3361 5823 Editio
3411 5779 3533 5822 vch

1986 5837 2164 5897 Paris.
2190 5858 2309 5898 cum
2337 5840 2535 5897 Catena
2568 5839 2788 5895 Corder.
2814 5837 3093 5910 πρότερον.
