4230 6504
313 485 412 531 ιῦῖ

1406 489 1684 545 HOMlLlA
1722 494 1788 547 IN
1823 494 2148 548 PSALML'M
2190 494 2415 547 XLVIII.

3452 506 3548 556 ιδε

312 615 455 658 σεως
486 598 652 666 λέγει,
688 600 815 669 napi.
857 593 924 670 ἦς
969 597 1198 670 εἴρηται·
1234 603 1451 671 Ἡμέρα
1485 608 1703 674 Κυρίου
1729 611 1895 662 ἀνία-
1925 622 1965 673 Α

1881 640 1895 647 -
1925 622 1965 673 Α
1998 623 2265 677 quemque
2325 609 2735 663 circumdabant
2768 612 2995 665 consilia
3051 614 3238 670 sua".
3271 614 3420 670 Tunc
3450 619 3551 671 ita-

314 707 419 756 τος
443 692 738 744 ἐπισπάντα
759 690 822 743 τά
853 691 998 761 ἔθνη,
1039 695 1094 748 ὲν
1121 690 1175 768 ᾖ,
1211 696 1372 765 φησὶν
1407 699 1434 749 ὁ
1462 701 1763 770 προφήτης,
1798 703 1879 754 ὅτι

315 784 584 838 κυκλώσει
616 786 838 838 ἕκαστον
867 785 935 837 τὰ
966 785 1238 842 διαϐούλια
1269 789 1453 841 αὑτοῦ.
1488 793 1617 844 Τότε
1655 791 1767 857 οὖν,
1795 796 1881 848 διὰ

314 873 376 926 τὸ
410 875 572 945 μηδέν
609 890 694 944 μοι
736 873 1043 944 πεπρᾶχθαι
1075 878 1272 945 ἄνομον
1313 880 1370 932 ἐν
1401 884 1465 951 τῇ
1499 881 1604 950 ὁδῷ
1649 885 1713 952 τῇ
1740 884 1880 937 κατὰ

315 965 406 1018 τὸν
439 965 570 1034 βίον,
603 963 663 1016 οὑ
703 965 972 1037 φοϐοῦμαι
1000 968 1097 1036 τὴν
1132 968 1343 1038 ἡμέραν
1379 972 1476 1040 τὴν
1507 973 1762 1043 πονηράν.
1804 977 1878 1028 Οὐ

315 1058 424 1127 γὰρ
448 1057 828 1126 περιστήσεταί
853 1077 940 1130 μοι
965 1061 1032 1112 τά
1065 1059 1186 1129 ἴχνη
1217 1063 1320 1114 τῶν
1346 1065 1767 1133 ἡμαρτημένων,
1791 1069 1882 1120 οὐ·

315 1151 374 1203 δὲ
432 1148 698 1202 κυκλώσει
762 1171 847 1222 με,
896 1156 952 1205 ἐν
1009 1155 1074 1222 τῇ
1127 1155 1385 1227 σιωπὼσῃ
1441 1157 1740 1228 κατηγορίᾳ
1793 1159 1880 1212 τὸν

317 1239 537 1310 ἔλεγχόν
579 1257 668 1310 μοι
711 1243 998 1309 ἐπάγοντα.
1031 1242 1215 1306 Οὐδεὶς
1250 1244 1356 1312 γάρ
1403 1260 1493 1295 σου
1529 1244 1712 1314 ἕτερος
1758 1264 1889 1299 κατ-

317 1330 514 1400 ήγορος
546 1331 795 1400 στήσεται
827 1332 857 1401 ἢ
897 1331 1056 1381 αὑταὶ
1085 1335 1137 1384 αἱ
1179 1332 1404 1402 πράξεις
1449 1331 1586 1401 μετὰ
1615 1334 1712 1403 τῆς
1749 1335 1883 1396 ἰδίας

320 1422 533 1492 μορφῆς
563 1423 761 1495 ἑκάστη
795 1427 1166 1495 παρισταμένη
1191 1443 1205 1455 ο
1232 1428 1264 1495 ἡ
1297 1425 1525 1494 μοιχεία,
1563 1428 1593 1496 ή
1629 1426 1822 1496 κλοπὴ,
1855 1428 1886 1496 ή

318 1513 563 1584 πορνεία,
613 1516 747 1586 μετὰ
783 1515 881 1582 τῆς
914 1517 1122 1581 νυκτὸς,
1169 1516 1304 1586 μετὰ
1349 1516 1442 1568 τοῦ
1483 1517 1703 1586 τρόπου,
1750 1517 1887 1585 μετὰ

317 1601 426 1654 τῶν
460 1604 963 1675 χαρακτηριζόντων
990 1606 1155 1674 αὐτὴν
1201 1606 1523 1676 ιδιωμάτων,
1569 1605 1663 1658 καὶ
1715 1605 1888 1672 ἁπαξ-

317 1693 522 1758 απλῶς,
559 1695 756 1765 ἑκάστη
796 1697 1033 1767 ἁμαρτία
1078 1697 1213 1767 μετὰ
1253 1697 1344 1751 τοῦ
1374 1699 1503 1751 ἰδίου
1544 1698 1888 1771 χαρακτῆρος

319 1786 525 1856 ἐναργῆ
555 1785 786 1855 φέρουσα
817 1788 910 1858 τὴν
944 1791 1241 1858 ὑπόμνησιν
1269 1792 1691 1860 παραστήσεται.
1754 1790 1884 1859 Ἐμὲ

1985 714 2111 766 que,
2138 699 2262 768 quia
2315 700 2449 754 nihil
2487 714 2515 752 a
2551 715 2636 752 me
2675 700 2845 770 iniqui
2899 701 2950 754 in
3004 703 3124 756 vitm
3151 705 3234 756 via
3281 715 3548 772 patratum

1984 799 2088 851 est,
2121 787 2316 842 malam
2355 807 2458 844 non
2487 789 2684 842 timebo
2729 789 2891 843 diem.
2927 787 3058 842 Nam
3093 801 3434 856 peccatorum
3459 809 3551 848 ve-

1985 881 2143 948 stigia
2176 895 2280 933 non
2314 897 2396 936 me
2433 879 2858 943 circumsistent,
2893 896 3064 949 neque
3113 881 3548 951 circumdabunt,

1987 973 2146 1026 tacita
2198 975 2542 1028 accusatione
2602 986 2687 1026 me
2744 971 3101 1042 objurgantia.
3167 972 3352 1028 Nullus
3404 976 3549 1029 enim

1989 1063 2129 1117 alius
2159 1073 2445 1118 accusator
2477 1067 2549 1118 tui
2603 1063 2849 1126 sistetur,
2884 1078 3046 1132 quam
3080 1064 3190 1132 ipsa
3225 1064 3389 1127 facta,
3422 1080 3547 1118 cum

1989 1169 2084 1208 sua
2119 1167 2345 1222 qumque
2398 1153 2567 1208 forma
2625 1153 2858 1210 astantia
2893 1155 3281 1218 :adulterium,
3312 1154 3546 1221 ,furtum,

1989 1256 2256 1316 stuprum,
2294 1259 2414 1298 cum
2449 1255 2626 1310 nocte,
2663 1263 2783 1302 cum
2830 1247 3014 1310 modo,
3051 1262 3171 1302 eum
3213 1246 3550 1316 proprietati-

1991 1336 2090 1390 bus
2117 1335 2169 1390 id
2210 1334 2640 1404 designantibus,
2674 1347 2727 1390 et
2761 1341 2812 1392 in
2849 1352 3080 1401 summa,
3120 1339 3545 1407 unumquodque

1993 1435 2270 1494 peccatum
2297 1442 2418 1481 cum
2452 1426 2669 1494 pr0prio
2710 1428 3022 1484 charactere
3065 1429 3409 1498 producetur,
3437 1428 3549 1484 cla-

1991 1530 2104 1567 ram
2133 1515 2363 1570 aﬁ‘erens
2394 1515 2839 1571 recordationem.
2871 1517 2950 1568 Me
2976 1521 3139 1585 igitur
3174 1517 3393 1587 vestigia
3419 1532 3544 1585 pec‘

1991 1615 2232 1659 calorum
2271 1621 2373 1659 non
2419 1608 2824 1662 circumdabant
2853 1625 2864 1660 :
2895 1608 3087 1676 quippe
3118 1611 3242 1677 quia
3288 1608 3542 1663 inclinavi

1989 1698 2040 1750 in
2076 1698 2386 1767 parabolam
2429 1714 2612 1753 aurem
2655 1714 2850 1764 meam,
2897 1709 2951 1754 et
2985 1701 3170 1767 aperui
3199 1702 3250 1753 in
3280 1701 3536 1770 psalterio

1987 1791 2409 1857 propositionem
2441 1806 2636 1847 meam.

317 1874 411 1930 οὖν
461 1877 520 1929 οὺ
565 1872 827 1933 κυκλώσει
859 1884 925 1956 τὰ
958 1884 1074 1950 ἴχνη
1119 1883 1222 1933 τῶν
1263 1885 1684 1953 ἡμαρτημένων·
1740 1885 1873 1935 διότι
1912 1883 2119 1936 ἕκλινον
2142 1886 2219 1947 εἰς
2245 1885 2551 1955 παραϐολὴν
2589 1886 2650 1938 τὸ
2688 1880 2779 1948 οὖς
2819 1904 2940 1956 μου,
2982 1886 3168 1957 ἧνοιξα
3190 1888 3246 1941 ὲν
3270 1886 3546 1960 ψαλτηρίῳ

317 1969 379 2020 τὸ
408 1969 694 2039 πρόϐλημά
726 1989 844 2040 μου.

387 2061 438 2113 5.
458 2063 518 2112 Ol
545 2063 888 2127 πεποιθότες
918 2062 1014 2116 ἐπὶ
1044 2063 1119 2132 τῇ
1145 2063 1391 2135 δυνάμει
1419 2068 1633 2130 αὑτων,
1663 2067 1756 2119 καὶ
1784 2065 1881 2119 ἐπὶ
1915 2074 1954 2128 Β
2053 2065 2057 2113 ἶ

1875 2068 1881 2116 ἱ
1915 2074 1954 2128 Β
2053 2065 2106 2118 5.
2145 2062 2306 2116 Vens.
2340 2062 2391 2114 '7.
2413 2061 2513 2124 Qui
2545 2062 2808 2128 confidunt
2837 2062 2886 2114 in
2916 2063 3100 2116 virtute
3117 2073 3297 2128 sua,el
3327 2065 3383 2117 in
3408 2066 3545 2118 mul-

317 2152 400 2216 τῷ
433 2151 643 2220 πλήθει
670 2151 774 2206 τοῦ
800 2157 1064 2209 πλούτου
1088 2157 1284 2211 αὐτῶν
1322 2158 1709 2227 καυχώμενοι.
1738 2159 1882 2230 Πρὸς

316 2243 411 2295 δύο
435 2243 694 2314 πρόσωπα
724 2245 799 2314 τῷ
825 2246 1080 2315 Προφητη
1107 2249 1133 2297 ὁ
1167 2247 1318 2314 λόγος
1350 2250 1493 2300 ἐστί·
1523 2250 1653 2319 πρός
1686 2267 1743 2300 τε
1784 2266 1882 2318 γη-

317 2341 494 2404 γενεῖς
523 2340 614 2390 καὶ
649 2340 781 2408 πρὸς
809 2341 932 2400 τοὺς
968 2339 1269 2402 πλουσίους.
1298 2343 1419 2404 Τοῖς
1452 2345 1546 2412 μὲν
1579 2345 1683 2414 γὰρ
1716 2343 1884 2395 διαλέ-

317 2444 494 2495 γεται,
550 2430 821 2499 καθαιρῶν
868 2432 966 2499 τὴν
997 2433 1086 2482 ἐπὶ
1111 2435 1175 2501 τῇ
1201 2432 1424 2501 δυνάμει
1471 2434 1646 2486 αὐτῶν
1687 2436 1880 2503 οἴησιν,

317 2523 430 2580 τοῖς
450 2521 504 2573 δὲ
537 2522 631 2590 τὴν
663 2524 751 2577 ἐπὶ
777 2525 840 2592 τῇ
877 2523 984 2591 (75)
1021 2524 1301 2594 περιουσία
1338 2524 1446 2576 τῶν
1479 2525 1767 2594 κτημάτων
1795 2527 1888 2576 ἕπε

319 2630 498 2682 αρσιν.
553 2614 754 2683 Ὑμεῖς,
789 2615 969 2684 φησὶν,
1018 2616 1066 2666 οἱ
1103 2615 1417 2676 πεποιθότες
1445 2617 1533 2666 ἐπὶ
1566 2619 1629 2685 τῇ
1661 2616 1886 2684 δυνάμει

319 2703 513 2756 αὐτῶν.
558 2698 713 2756 Οὗτοι
745 2706 850 2775 γάρ
878 2705 926 2757 οἱ
955 2708 1222 2774 γηγενεῖς,
1249 2706 1296 2756 οἱ
1335 2704 1475 2773 ἰσχύϊ
1516 2702 1761 2774 σώματος
1795 2706 1889 2756 έπ-

319 2794 646 2859 ελπίξοντες,
689 2797 779 2847 καὶ
801 2797 1029 2866 οἰόμενοι
1055 2797 1298 2865 αὐτάρκη
1323 2793 1456 2848 εἶναι
1489 2796 1585 2866 τὴν
1618 2795 1890 2866 ἀνθρωπί-

320 2901 418 2951 νην
445 2884 601 2952 φύσιν
629 2887 762 2955 πρὸς
789 2888 844 2938 τὸ
870 2888 1105 2950 δυνατῶς
1133 2888 1394 2940 ἐπιτελεῖν
1422 2889 1455 2941 ἃ
1486 2889 1750 2958 βούλεται.
1782 2891 1889 2941 Καὶ

323 2976 503 3044 ὑμεῖς,
541 2977 720 3044 φησιν,
753 2979 800 3027 οἱ
841 2977 1156 3040 πεποιθότες
1185 2981 1274 3030 ἐπὶ
1305 2979 1530 3033 πλούτου
1581 2982 1887 3051 ἀδηλότητι,

321 3067 611 3120 ἀκούσατε.
641 3067 860 3137 Λύτρων
897 3069 1021 3138 ὑμῖν
1049 3070 1204 3139 χρεία
1249 3071 1382 3141 πρὸς
1417 3073 1474 3122 τὸ
1505 3073 1581 3134 εἰς
1610 3072 1705 3142 τὴν
1740 3073 1890 3124 ἐλευο

324 3160 510 3230 θερίαν
547 3159 908 3230 ἐξαιρεθῆναι,
933 3163 996 3231 ἣν
1023 3161 1331 3234 ἁᾳῃρέθητε
1369 3165 1676 3234 νικηθέντες
1709 3168 1770 3236 τῇ
1803 3166 1904 3236 βίᾳ,

322 3248 417 3300 τοῦ
453 3250 714 3313 διαϐόλου,
742 3251 818 3311 ὃς,
853 3254 1189 3322 ὑποχειρίους
1211 3255 1351 3323 ὑμᾶς
1377 3254 1574 3319 λαϐὼν,
1606 3258 1665 3309 οὐ
1701 3258 1892 3328 πρότε-

325 3357 419 3410 ρον
447 3340 546 3407 τῆς
586 3342 774 3393 ἑαυτοῦ
806 3344 1114 3412 τυραννίδος
1148 3345 1356 3409 ἀφίησι,
1403 3347 1529 3414 πρὶν
1565 3347 1626 3397 ἄν
1665 3365 1769 3398 τινι
1796 3348 1888 3399 λυ-

322 3447 435 3500 τριρ
472 3430 728 3500 ἀξιολόγῳ
767 3432 1006 3495 πεισθεὶς
1045 3433 1470 3499 ἀνταλλάξασθαι
1507 3437 1650 3504 ὑμᾶς
1681 3437 1886 3507 ἕληται.

323 3525 416 3574 Δεῖ
439 3519 528 3575 οὖν
562 3523 622 3574 τὸ
653 3522 843 3593 λύτρον
889 3525 958 3594 μὴ
997 3524 1250 3594 ὁμογενὲς
1275 3522 1409 3578 εἶναι
1454 3530 1562 3589 τοῖς
1597 3531 1891 3598 κατεὶέθμέ·

323 3630 455 3676 νοις,
479 3614 612 3667 ἀλλὰ
639 3614 811 3683 πολλῲ
835 3615 1107 3684 διαφέρειν
1135 3615 1210 3684 τῷ
1239 3616 1437 3687 μέτρῳ,
1468 3619 1514 3668 εἰ
1544 3617 1726 3685 μέλλοι
1751 3620 1890 3670 ἑκὼν

322 3703 552 3773 ἀφήσειν
608 3705 702 3774 τῆς
754 3704 992 3765 δουλείας
1051 3705 1173 3764 τοὺς
1235 3707 1631 3774 αἰχμαλώτους.
1694 3707 1890 3778 Διόπερ

324 3793 550 3861 ἀδελφὸς
580 3795 718 3863 ὑμᾶς
745 3795 852 3864 (7i)
890 3792 1264 3864 λυτρώσασθαι
1297 3795 1354 3846 οὐ
1381 3795 1614 3850 δύναται.
1653 3798 1892 3866 Ἀνθρω-

325 3902 426 3946 πος
476 3887 584 3956 γὰρ
631 3886 802 3947 οὐδεὶς
855 3885 1074 3949 δυνατός
1125 3888 1238 3938 ἐστι
1297 3889 1477 3938 πεῖσαι
1523 3888 1609 3938 τὸν
1649 3888 1890 3940 διάϐολον

324 3977 462 4048 πρὸς
508 3978 567 4030 τὸ
599 3977 687 4029 τὸν
733 3976 874 4040 ἅπαξ
910 3977 1055 4044 αὐτῷ
1091 3979 1426 4030 ὑποπεσόντα
1471 3978 1742 4042 ἐξελέσθαι
1785 3979 1891 4032 άπὸ

323 4069 423 4138 τῆς
456 4066 696 4130 ἐξουσίας
717 4084 729 4095 ο
760 4067 816 4128 ὃς
855 4083 915 4133 γε
955 4066 1072 4117 οὐδὲ
1107 4069 1230 4135 περὶ
1267 4068 1369 4118 τῶν
1401 4069 1540 4121 ῐδὶων
1567 4072 1892 4140 ἁμαρτημά-

324 4177 433 4212 των
478 4153 586 4220 οἷός
618 4159 673 4209 τέ
712 4162 823 4210 ἐστι
857 4157 1116 4226 ἐξίλασμα
1147 4157 1322 4208 δοῦναι
1354 4161 1428 4227 τις)
1462 4163 1596 4230 Θῆ).
1649 4163 1768 4224 Ile-Lg
1800 4159 1888 4215 οὖν

326 4249 536 4319 ἰσχύσει
565 4249 718 4299 τοῦτο
749 4250 885 4320 ὑπὲρ
920 4249 1102 4318 ἐτέρου
1139 4251 1372 4320 regigni;
1411 4251 1472 4299 ΤΞ
1505 4252 1546 4302 δ’
1578 4253 1640 4303 ἂν
1676 4254 1768 4304 καὶ
1803 4271 1887 4306 το-

326 4340 516 4392 σοῦτον
566 4342 820 4408 κτήσαιτο
859 4341 914 4390 ὲν
948 4339 1022 4406 τῷ
1067 4340 1220 4391 αἰῶνι
1267 4341 1454 4409 τούτῳ,
1507 4341 1579 4402 ὡς
1623 4340 1889 4410 αὔταρκες

323 4436 468 4504 ἔχειν
507 4435 602 4503 τῆς
635 4433 811 4502 ψυχῆς
840 4433 1187 4502 ἀντάλλαγμα
1212 4436 1308 4502 τῆς
1337 4433 1491 4500 ᾳύσει
1526 4435 1729 4502 τιμίας,
1758 4435 1888 4487 διότι

323 4527 444 4579 κατ’
483 4526 661 4576 εἰκόνα
696 4526 784 4576 τοῦ
827 4527 1106 4587 κτίσαντος
1143 4524 1308 4594 αὐτὴν
1346 4526 1592 4592 ἐγένετο;
1632 4528 1785 4589 Ποῖος
1834 4527 1888 4578 δὲ

323 4619 569 4687 κάματος
609 4616 696 4668 τοῦ
725 4617 1012 4678 ἐνεστῶτος
1042 4618 1228 4679 αἰῶνος
1263 4617 1528 4687 αὔταρκες
1564 4620 1769 4686 ἐφόδιον
1798 4619 1884 4670 τοῦ

325 4709 606 4780 μέλλοντος
637 4708 828 4770 αξωνος
859 4712 921 4777 τῇ
953 4707 1256 4778 ἀνθρωπίνη
1284 4709 1458 4778 ’ᾲυχῇς
1491 4710 1749 4762 Τοσοῦτον
1789 4712 1884 4780 μὲν

320 4796 415 4854 οὖν
447 4800 802 4870 ἁπλούστερον
844 4798 1013 4851 ταῦτα
1059 4801 1407 4868 νενοὴκαμεν·
1445 4801 1557 4852 κᾶν
1596 4802 1702 4853 τῶν
1749 4803 1886 4871 μέγα

959 4890 1054 4959 βίῳ
1081 4889 1248 4959 τούτῳ
1273 4888 1407 4944 εἶναι
1436 4892 1583 4960 δοκῇ,
1620 4893 1719 4944 κάν
1750 4893 1884 4962 πλῆ-

321 4911 409 4954 τις
434 4892 741 4962 δυναμένων
776 4894 831 4942 ἐν
861 4891 936 4959 τῷ

322 4985 416 5046 οος
438 4985 677 5054 κτήσεως
704 4983 1157 5054 περιϐεϐλημένος
1185 4979 1239 5052 ᾗ,
1265 4982 1496 5035 διδάσκει
1527 4983 1765 5036 καθεῖναι
1789 4984 1886 5052 τῆς

319 5078 548 5145 οἰήσεως
585 5077 612 5126 ὁ
632 5075 803 5140 λόγος,
835 5075 926 5126 καὶ
954 5073 1346 5141 ταπεινωθῆναι
1370 5073 1471 5124 ὑπὸ
1501 5074 1594 5142 τὴν
1625 5073 1889 5142 κραταιάν

321 5171 482 5238 χεῖρα
526 5165 619 5218 τοῦ
661 5166 814 5228 Θεοῦ,
864 5166 956 5218 καὶ
1003 5167 1136 5235 μήτε
1187 5166 1276 5216 ἐπί
1304 5166 1630 5238 νομιζομένῃ
1663 5166 1888 5234 δυνάμει

322 5256 664 5317 πεποιθέναι,
713 5257 845 5326 μήτε
881 5257 971 5308 ἐπὶ
1009 5256 1086 5326 τῷ
1120 5255 1310 5325 πλήθει
1345 5255 1435 5307 τοῦ
1473 5257 1700 5308 πλούτου
1754 5274 1886 5308 καυο

321 5345 542 5418 χᾶσθαι.
576 5343 804 5396 Δυνατὸν
833 5345 1012 5412 μέντοι
1042 5347 1132 5397 καὶ
1171 5346 1360 5415 μικρόν
1397 5363 1444 5397 τι
1486 5348 1892 5418 προσαναϐῆναι

319 5442 388 5508 τῇ
418 5437 639 5508 διανοίᾳ,
675 5437 765 5489 καὶ
795 5439 916 5498 τοὺς
957 5436 1280 5498 πεποιθότας
1322 5435 1412 5487 ἐπὶ
1446 5439 1509 5506 τῇ
1541 5437 1762 5507 δυνάμει
1797 5440 1894 5491 αὺ-

402 5574 448 5604 ⁴¹
477 5572 599 5628 Ose.
623 5589 716 5638 vn,
757 5574 810 5626 2.
886 5573 930 5603 "
961 5572 977 5625 Ι
1009 5572 1147 5627 Tim.
1176 5573 1356 5636 νι,17.
1431 5575 1513 5626 “l
1549 5573 1689 5627 l’ctr.
1716 5591 1765 5638 ν,
1796 5575 1845 5628 6.

323 5714 595 5767 mendosis
628 5715 697 5766 ita
731 5711 950 5781 legerit:
989 5711 1240 5780 quoniam
1269 5720 1443 5763 tamen
1491 5711 1663 5764 oratio
1687 5710 1801 5763 sine
1825 5711 1882 5761 οὐ

323 5786 599 5836 cnhzrrere
655 5801 755 5836 non
803 5797 958 5848 posse
1018 5783 1247 5845 videtur,
1301 5781 1502 5836 idcirco
1535 5796 1654 5834 eam
1700 5794 1884 5834 vocem

325 5854 658 5907 retinendam
690 5851 1198 5915 cs~ejudicavimns.

398 5923 507 5982 (73)
542 5922 674 5977 lrlzliti
729 5923 822 5978 τὴν
859 5925 912 5972 ἐν
1066 5924 1129 5974 At
1171 5938 1298 5975 mss.
1331 5921 1478 5975 multi
1528 5922 1621 5986 τὴν
1665 5919 1755 5973 ἐπὶ
1788 5922 1870 5987 τῇ.

1985 2157 2200 2210 titudine
2229 2155 2526 2206 divitiarum
2560 2170 2774 2205 suarum
2801 2153 3115 2221 gloriantur.
3151 2157 3226 2207 Ad
3274 2156 3404 2210 duas
3435 2172 3548 2226 per-

1984 2263 2149 2302 sonas
2178 2245 2459 2314 Prophetze
2493 2259 2669 2299 sermo
2693 2257 2804 2298 est:
2850 2253 2902 2298 et
2939 2245 3002 2298 ad
3042 2245 3360 2313 terrigenas,
3399 2259 3451 2302 et
3478 2249 3546 2302 ad

1987 2341 2198 2394 divites.
2229 2338 2348 2392 lllos
2373 2336 2513 2390 enim
2553 2337 2860 2404 alloquitur,
2895 2337 2970 2391 sic
3003 2347 3060 2391 ut
3088 2339 3546 2394 existimationem

1986 2448 2146 2500 quam
2181 2431 2246 2484 de
2273 2444 2331 2483 se
2366 2428 2495 2498 ipsis
2531 2428 2599 2480 ob
2643 2429 2936 2494 potentiam
2989 2439 3367 2497 conceperant,
3393 2445 3549 2485 ever-

1989 2532 2098 2575 tat:
2131 2522 2230 2576 hos
2268 2536 2416 2581 vero.
2478 2520 2557 2574 sic
2591 2527 2648 2571 ut
2688 2519 2932 2574 destruat
2986 2519 3224 2587 ipsorum
3272 2520 3340 2574 ob
3386 2535 3547 2589 opum

1988 2613 2192 2680 capiam
2217 2612 2523 2664 elationem.
2554 2610 2679 2671 Vos,
2708 2611 2900 2678 inquit,
2937 2612 3024 2677 qui
3069 2612 3118 2664 in
3150 2620 3322 2665 vestra
3347 2613 3550 2666 virtute

1990 2702 2273 2756 conﬁditis.
2309 2701 2370 2754 lli
2410 2701 2551 2754 enim
2583 2710 2704 2753 sunt
2749 2701 3047 2766 terrigenae,
3080 2703 3169 2770 qui
3214 2703 3265 2755 in
3308 2702 3548 2772 corporis

1991 2794 2194 2847 viribus
2226 2807 2371 2861 spem
2432 2800 2656 2860 ponunt,
2693 2801 2746 2846 et
2783 2792 3066 2847 humanam
3107 2804 3350 2848 naturam
3397 2793 3548 2846 suﬁi-

1991 2886 2217 2938 cientem
2275 2897 2393 2936 esse
2435 2894 2648 2952 putant,
2705 2885 2771 2937 ad
2824 2894 3042 2938 strenue
3072 2885 3394 2952 perﬁcienda
3428 2899 3548 2953 quae

1991 2975 2124 3029 vult.
2167 2973 2232 3028 Et
2261 2990 2374 3039 vos,
2410 2975 2603 3044 inquit,
2641 2977 2730 3042 qui
2794 2975 2845 3027 in
2915 2975 3120 3029 incerto
3170 2977 3473 3030 divitiarum
3501 2977 3546 3007 “

1993 3067 2240 3121 ﬁduciam
2274 3067 2559 3128 habuistis,
2590 3065 2792 3119 audite.
2827 3065 3006 3120 Pretio
3041 3069 3419 3135 redemptionis
3447 3082 3547 3120 voc

1991 3157 2071 3210 bis
2097 3171 2228 3223 Opus
2267 3165 2369 3218 est,
2406 3164 2462 3208 ut
2510 3155 2827 3208 asseramini
2863 3158 2911 3207 in
2939 3156 3262 3220 libertatem,
3285 3171 3390 3225 qua
3419 3171 3544 3223 spo-

1994 3243 2104 3297 liati
2135 3244 2330 3308 fuistis,
2366 3246 2414 3298 vi
2445 3245 2640 3299 diaboli
2678 3245 2828 3307 victi,
2869 3245 2957 3312 qui
3017 3246 3256 3314 captivos
3289 3262 3382 3302 vos
3415 3249 3545 3302 reli-

1995 3350 2148 3401 nens,
2176 3349 2279 3388 non
2304 3336 2452 3404 prius
2475 3350 2502 3387 a
2535 3351 2630 3388 sua
2653 3335 2936 3403 tyrannide
2965 3336 3114 3391 abire
3148 3338 3344 3392 Liberos
3379 3340 3546 3403 sinet,

1919 3405 1960 3462 (ἶ
1994 3441 2154 3496 quam
2198 3426 2466 3492 condigno
2501 3425 2681 3494 aliquo
2746 3426 3130 3495 redemptionis
3163 3429 3334 3497 pretio
3378 3428 3549 3482 addu-

1993 3528 2129 3581 ctus.
2170 3528 2474 3587 permutare
2512 3532 2606 3572 vos
2661 3517 2807 3574 velit.
2870 3517 3100 3573 Proinde
3169 3518 3548 3588 redemptionis

1993 3611 2220 3679 pretium
2257 3625 2361 3663 non
2410 3608 2646 3676 ejusdem
2673 3609 2886 3678 generis
2936 3624 3055 3663 esse
3092 3621 3303 3677 oportet
3329 3627 3450 3664 cum
3482 3611 3548 3664 iis

1993 3700 2082 3768 qui
2139 3699 2474 3763 detinentur,
2510 3700 2601 3752 sed
2651 3699 2811 3752 modo
2844 3713 3203 3767 mensuraque
3234 3700 3385 3768 longe
3409 3716 3546 3768 pra:-

1994 3792 2243 3854 stautius,
2272 3792 2315 3845 si
2342 3791 2576 3844 futurum
2609 3801 2693 3845 est
2723 3799 2780 3845 ut
2807 3791 2993 3846 lubens
3020 3793 3259 3862 captivos
3288 3794 3547 3847 servitute

1993 3881 2204 3936 liberet.
2237 3879 2592 3947 Quamobrem
2617 3879 2784 3935 frater
2799 3895 2891 3934 vos
2923 3896 3255 3951 nequaquam
3283 3883 3547 3936 redimere

1993 3973 2153 4028 valet.
2190 3971 2376 4026 Nullus
2407 3972 2545 4025 enim
2570 3973 2728 4026 homo
2762 3975 3083 4041 persuadere
3110 3974 3320 4028 diabolo
3353 3975 3542 4043 possit,

1993 4077 2050 4121 ut
2080 4082 2200 4121 eum
2248 4067 2337 4136 qui
2386 4065 2488 4118 sibi
2541 4066 2811 4132 subjectus
2859 4068 3020 4121 semel
3053 4076 3155 4131 est,
3185 4082 3247 4120 ex
3281 4077 3546 4136 potestate

1992 4174 2088 4211 sua
2123 4159 2330 4212 eximat
2363 4173 2374 4208 :
2409 4157 2497 4224 qui
2535 4157 2740 4210 scilicet
2773 4173 2838 4210 ne
2865 4173 2962 4226 pro
2992 4159 3102 4210 suis
3133 4161 3347 4226 quidem
3387 4159 3546 4228 180

1990 4249 2226 4317 peccatis
2285 4247 2392 4300 Deo
2425 4254 2583 4313 queat
2629 4245 2894 4314 piaculare
2947 4246 3269 4299 sacrilicimn
3327 4244 3540 4298 nﬁ‘erre.

1991 4339 2270 4406 Quomodo
2301 4338 2462 4406 igitur
2494 4338 2685 4406 poterit
2737 4337 2788 4389 id
2833 4351 2932 4405 pro
2983 4335 3088 4388 alio
3133 4335 3376 4390 ellicere?
3407 4334 3542 4402 Quid

1991 4444 2178 4484 rursus
2211 4429 2340 4480 tanti
2385 4428 2538 4495 pretii
2585 4428 2634 4478 in
2671 4427 2771 4479 hoc
2817 4426 3016 4480 sazculn
3047 4427 3364 4495 possederit,
3397 4437 3454 4478 ut
3492 4425 3543 4479 id

1991 4539 2109 4577 cum
2149 4521 2328 4574 anima
2372 4533 2490 4587 quae
2521 4518 2754 4586 pretiosa
2783 4527 2866 4572 est
2893 4527 3111 4581 natura,
3146 4517 3337 4570 idonee
3374 4517 3546 4585 possit

1997 4612 2342 4676 commutari,
2392 4610 2655 4677 siquidem
2684 4612 2747 4664 ad
2775 4609 3048 4664 Creatoris
3089 4608 3375 4674 imaginem
3402 4608 3542 4661 facta

1993 4715 2098 4759 est.
2137 4704 2320 4770 Qualis
2352 4714 2528 4758 autem
2556 4703 2702 4756 labor
2727 4701 3006 4771 prazseutis
3029 4700 3342 4754 saeculiesse
3375 4700 3546 4769 possit

1995 4813 2090 4866 pro
2124 4798 2302 4851 l'ttttiro
2346 4797 2538 4850 szeculo
2571 4797 2819 4847 viaticum
2864 4792 3135 4847 sulliciens
3179 4793 3423 4847 humana:
3451 4809 3546 4846 na-

1998 4892 2169 4944 turae?
2202 4891 2471 4944 Hactenus
2511 4889 2727 4957 quidem
2780 4891 2892 4943 haec
2939 4891 3233 4958 simplicius
3281 4891 3548 4945 intellexi-

1998 5000 2136 5037 mus.
2175 4983 2400 5036 Etiamsi
2448 4982 2569 5051 quis
2619 4982 2670 5034 iu
2721 4981 2821 5035 hac
2846 4983 2953 5035 vita
3003 4998 3324 5051 magnopere
3355 4998 3546 5052 p0teus

1995 5077 2094 5129 sibi
2131 5089 2250 5128 esse
2281 5075 2545 5134 videatur,
2592 5073 2801 5126 etiamsi
2851 5073 3156 5126 divitiarum
3200 5074 3350 5142 copia
3383 5075 3548 5142 stipa-

1993 5176 2076 5219 tus
2112 5166 2202 5228 sit,
2231 5180 2354 5220 eum
2389 5178 2566 5218 sermo
2599 5166 2753 5220 docet
2778 5165 2912 5218 hanc
2933 5163 3070 5215 illam
3097 5163 3547 5218 existimationem

1994 5257 2282 5324 deponere,
2317 5266 2478 5324 atque
2517 5256 2856 5310 humiliatum
2909 5268 3027 5308 esse
3070 5255 3165 5307 sub
3207 5254 3410 5321 potenti
3452 5253 3548 5308 Dei

1997 5345 2239 5409 manu“,
2286 5357 2334 5400 et
2373 5362 2546 5416 neque
2576 5347 2628 5399 in
2660 5361 2721 5399 ea
2753 5359 2913 5413 quam
2965 5344 3140 5397 animo
3171 5345 3406 5414 concipit
3455 5359 3550 5413 po-

1999 5437 2162 5491 tentia
2207 5437 2389 5502 ﬁdere,
2420 5451 2590 5506 neque
2630 5435 2680 5488 in
2737 5449 2893 5502 opum
2930 5433 3271 5488 multitudine
3305 5433 3546 5504 gloriari.

1995 5704 2187 5761 Statim
2223 5701 2357 5770 Reg.
2399 5700 2659 5753 secundus
2692 5699 2784 5770 ἐπὶ
2807 5701 2869 5768 τῇ
2903 5695 3110 5770 ἑαυτῶν
3133 5696 3372 5770 δυνάμει.

2066 5773 2178 5843 (74)
2211 5773 2280 5823 Ita
2307 5765 2472 5823 'mss.
2499 5770 2566 5843 ᾼι
2612 5769 2743 5843 editi
2786 5765 2952 5843 ἡμᾶς.
2993 5767 3113 5843 Mox
3163 5767 3324 5843 editio
3351 5765 3543 5843 _Paris.

1996 5835 2115 5901 cuin
2146 5835 2294 5894 (Iolb.
2322 5849 2472 5892 sexto
2505 5835 2982 5909 Ἀνθρωπος-γάρ.
3021 5840 3174 5892 Deest
3201 5837 3308 5906 γάρ
3349 5835 3401 5890 in
3453 5852 3547 5893 sex

1989 5931 2117 5971 mss.
2155 5911 2376 5982 perinde
2413 5918 2571 5977 atquc
2601 5909 2651 5962 in
2687 5910 2919 5962 editione
2953 5909 3110 5964 BllSll.
