4230 6494
746 480 812 533 '59
2038 466 2093 521 S.
2136 466 2377 521 BASILI:
2415 464 2627 519 MAGNI

3826 466 3925 521 UO

710 593 821 649 lmn
856 603 1137 659 possumus
1182 589 1343 639 etiam
1396 593 1626 639 mentem
1658 585 1812 653 paulo
1844 585 2001 639 altius
2038 584 2264 651 erigere,
2296 589 2338 643 Α
2368 599 2380 629 ε

2259 625 2264 645 ,
2296 589 2338 643 Α
2368 581 2496 644 τῶν,
2532 580 2623 631 καὶ
2657 580 2747 633 ἐπὶ
2780 581 2854 651 τῷ
2894 577 3084 648 πλήθει
3115 576 3206 630 τοῦ
3240 579 3463 635 πλούτου
3504 582 3680 634 αυτῶν
3716 600 3929 652 καυχω·

708 696 762 736 et
784 697 878 736 eos
913 682 1001 747 qui
1036 681 1088 732 in
1121 692 1215 730 sua
1253 677 1489 745 putentia
1536 677 1830 739 conlidunt,
1858 691 1921 729 ac
1956 678 2020 730 de
2044 688 2263 729 suarum

710 772 1016 825 divitiarum
1047 770 1198 837 copia
1227 768 1544 837 gloriantur,
1576 768 1641 821 de
1682 782 1873 821 animae
1927 765 2269 821 facultatibus

712 863 1032 932 intelligere,
1076 872 1260 929 utpote
1297 874 1416 928 quae
1444 875 1509 914 ne
1556 860 1668 928 ipsa
1705 859 1919 929 quidem
1959 874 2054 927 per
2081 873 2139 911 se
2165 856 2266 910 sibi

708 953 983 1008 sulﬁcicus
1011 952 1080 1005 sit
1118 953 1184 1006 ad
1221 951 1471 1005 salutem.
1510 948 1640 1003 Nam
1694 950 1904 1003 etiamsi
1937 950 2057 1018 quis
2092 946 2270 1017 perfe-

710 1055 827 1095 ctus
857 1043 928 1096 sit
963 1042 1014 1096 in
1053 1042 1175 1096 [iliis
1221 1042 1517 1104 hominum,
1564 1040 1607 1094 si
1658 1040 1749 1092 Dei
1804 1041 2061 1109 sapientia
2106 1038 2267 1103 absit,

713 1150 809 1202 pro
838 1134 1006 1189 nihilo
1049 1133 1405 1202 reputabitur.
1458 1132 1608 1199 Quod
1663 1131 1706 1185 si
1738 1133 2004 1201 quispiam
2053 1128 2153 1183 sibi
2188 1144 2272 1182 co-

710 1226 851 1293 piam
886 1223 1403 1294 contemplationum
1435 1240 1499 1278 ex
1530 1224 1798 1278 mundana
1828 1221 2089 1291 sapientia
2121 1236 2269 1274 com-

710 1318 1004 1386 paraverit,
1046 1326 1102 1370 et
1142 1318 1403 1386 quasdam
1450 1316 1775 1386 cognitionis
1805 1314 2021 1370 divitias
2047 1314 2272 1367 sortitus

711 1408 803 1470 sit,
832 1422 1045 1461 omnem
1094 1409 1278 1462 audiat
1309 1406 1384 1460 rei
1436 1409 1715 1462 veritatem
1753 1419 2004 1473 :nempe,
2038 1405 2269 1459 animam

711 1515 924 1553 onmem
955 1501 1244 1553 humanam
1286 1503 1634 1555 succubuisse
1668 1497 1808 1552 malo
1838 1498 2119 1553 servitutis
2144 1498 2272 1569 jugo

712 1588 1014 1641 communis
1044 1590 1283 1643 onmium
1316 1590 1549 1653 inimici;
1586 1595 1637 1642 et
1664 1602 1725 1641 ea
1758 1604 1917 1658 quam
1950 1606 1978 1643 a
2015 1590 2273 1646 Creatore

713 1689 998 1748 acceperat
1024 1680 1275 1735 libertate
1297 1682 1578 1750 privatam,
1612 1680 1879 1749 captivam
1916 1682 2129 1735 ductam
2155 1697 2273 1735 esse

2371 673 2562 743 μένους
2600 671 2787 739 νοῆσαι
2819 673 2911 725 ἐπὶ
2944 670 3051 724 τῶν
3082 671 3359 740 δυνάμεων
3381 674 3477 743 τῆς
3501 672 3694 742 ψυχῆς,
3724 674 3796 736 ὡς
3826 679 3927 731 οὐκ

2365 762 2682 825 αὐτοτελοῦς
2724 762 2888 833 οὔσης
2928 762 3034 816 οὐδ’
3087 763 3251 832 αὐτῆς
3297 764 3431 833 πρὸς
3478 764 3764 835 σωτηρίαν.
3816 767 3923 821 Καὶ

2367 858 2474 927 γὰρ
2498 856 2591 909 ἐὰν
2614 855 2813 917 τέλειός
2833 853 2967 927 τιςῇ
2996 858 3052 909 ἐν
3079 855 3209 917 υίοῖς
3232 854 3546 925 ἀνθρώπων,
3577 858 3673 929 τῆς
3705 858 3810 910 ἀπὺ
3830 858 3921 912 τοῦ

2367 946 2497 999 Θεοῦ
2538 945 2729 1015 σοφίας
2766 945 3030 1015 ἀπούσης,
3074 949 3153 1011 είς
3188 946 3338 999 οὐδὲν
3373 948 3766 1023 λογισθήσεται.
3805 951 3922 1004 Κᾶν

2369 1040 2569 1109 πλῆθος
2709 1042 3196 1110 περιπεποιημένος
3248 1040 3421 1111 ἐαυτῷ
3454 1044 3815 1117 θεωρημάτων
3860 1048 3923 1098 ἐκ

2368 1134 2467 1203 τῆς
2516 1134 2614 1186 τοῦ
2648 1134 2849 1203 κόσμου
2881 1133 3089 1201 σοφίας,
3130 1135 3222 1188 καὶ
3252 1133 3475 1187 πλοῦτόν
3520 1154 3637 1191 τινα
3677 1139 3925 1207 γνώσεως

2372 1224 2699 1295 συνειληχὼς
2722 1225 2852 1296 (75),
2879 1224 3118 1278 ἀκουέτω
3159 1229 3336 1280 πᾶσαν
3366 1225 3458 1279 τοῦ
3485 1229 3801 1300 πράγματος
3828 1233 3925 1303 τήν

2372 1314 2627 1385 ἀλήθειαν
2644 1334 2655 1346 ·
2686 1318 2765 1370 ὅτι
2797 1318 2943 1370 πᾶσα
2972 1315 3279 1389 ἀνθρωπίνη
3300 1319 3443 1391 ψυχὴ
3470 1319 3707 1390 ύπέκυψε
3730 1324 3804 1394 τῷ
3828 1341 3923 1377 πο-

2371 1407 2519 1478 νηρῷ
2554 1409 2650 1477 τῆς
2681 1409 2922 1473 δουλείας
2949 1407 3095 1478 ζυγῷ
3124 1408 3215 1461 τοῦ
3242 1412 3416 1464 κοινοῦ
3450 1411 3662 1464 πάντων
3697 1415 3888 1487 ἐχθροῦ
3908 1434 3921 1445 °

2374 1501 2463 1553 καὶ
2504 1500 2601 1571 τὴν
2633 1502 2783 1571 παρὰ
2812 1501 2906 1554 τοῦ
2931 1500 3209 1562 κτίσαντος
3237 1504 3403 1575 αὐτὴν
3437 1502 3742 1574 ἐλευθερίαν
3769 1508 3927 1575 ἀφαι-

2376 1592 2608 1665 ρεθεῖσα,
2641 1594 2980 1663 αἰχμάλωτος
3005 1593 3140 1665 ήχθη
3178 1593 3264 1647 διὰ
3299 1596 3397 1665 τῆς
3433 1597 3719 1670 ἁμαρτίας.
3758 1598 3927 1654 Παντὶ

2371 1683 2425 1736 δὲ
2466 1686 2792 1756 αἰχμαλώτῳ
2836 1686 3043 1758 λύτρων
3094 1687 3251 1756 χρεία
3301 1687 3435 1757 πρὸς
3474 1692 3572 1761 τὴν
3600 1689 3921 1761 ἐλευθερίαν.

712 1786 808 1841 per
848 1782 1149 1837 peccatum.
1194 1771 1311 1827 lam
1366 1787 1492 1825 vero
1533 1775 1750 1842 captivo
1807 1771 1954 1826 omni
2004 1786 2140 1839 opus
2190 1780 2273 1825 est
2373 1780 2382 1825 t

2256 1780 2273 1824 ι
2373 1775 2509 1829 Οὕτε
2538 1773 2628 1830 οὖν
2658 1778 2885 1849 ἁδελφὸς
2908 1781 2997 1833 τὸν
3026 1777 3217 1833 ἐαυτοῦ
3242 1779 3464 1849 ἀδελφὸν
3487 1783 3706 1836 δύναται
3729 1781 3926 1853 λυτρώ-

713 1861 1100 1932 redemptionis
1144 1862 1318 1931 pretio
1358 1863 1423 1916 ad
1475 1863 1775 1918 libertatem
1822 1862 2265 1930 recuperandam.
2300 1933 2338 1945 _
2375 1886 2383 1917 ι

2257 1900 2265 1912 -
2300 1933 2338 1945 _
2375 1868 2587 1934 σασθαι,
2615 1869 2737 1923 οὔτε
2771 1872 2931 1935 αὐτὸς
2952 1871 3177 1935 ἕκαστος
3207 1871 3393 1924 ἐαυτόν
3413 1888 3426 1901 ο
3461 1872 3592 1927 διότι
3614 1874 3789 1945 πολλῷ
3814 1872 3927 1943 βελ-

715 1952 896 2023 Neque
940 1956 1101 2023 igitur
1128 1954 1293 2008 frater
1333 1952 1562 2009 fratrem
1600 1970 1752 2009 suum
1779 1964 1951 2022 potest
1981 1953 2266 2016 redimere,
2300 1933 2340 1987 Β
2369 1978 2385 2012 -.

2256 1992 2266 2016 ,
2300 1933 2340 1987 Β
2369 1960 2516 2013 τίονα
2549 1962 2628 2013 δεῖ
2670 1957 2807 2013 εἶναι
2850 1962 2939 2014 τὸν
2984 1962 3341 2033 λυτρούμενον
3387 1962 3479 2017 τοῦ
3525 1966 3926 2037 κεκρατημένου

714 2062 889 2113 neque
938 2046 1075 2099 ullus
1112 2060 1174 2101 se
1217 2046 1425 2116 ipsum;
1457 2046 1597 2114 quod
1643 2046 2033 2113 redemptorem
2067 2061 2153 2110 eo,
2178 2046 2265 2114 qui
2368 2068 2384 2104 ι

2258 2046 2265 2100 i
2368 2052 2461 2105 καὶ
2490 2050 2828 2115 δουλεύοντος
2858 2053 2981 2121 ἤδη.
3023 2051 3181 2103 Ἀλλὰ
3219 2054 3311 2105 καὶ
3342 2054 3459 2107 οὐδὲ
3482 2055 3616 2118 ὅλως
3650 2057 3928 2127 ἄνθρωπος

713 2138 958 2203 captivus
988 2146 1090 2202 est,
1125 2147 1180 2191 et
1212 2137 1321 2207 jam
1347 2138 1532 2199 servit,
1557 2146 1771 2205 oportet
1806 2152 1924 2191 esse
1949 2139 2106 2208 longe
2132 2153 2270 2207 prie-
2370 2144 2383 2196 ἔ

2260 2168 2270 2180 -
2370 2141 2614 2210 ἐξουσίαν
2648 2142 2755 2213 ἔχει
2788 2142 2921 2214 πρὸς
2946 2142 3096 2210 Θεὸν,
3131 2143 3206 2205 ὡς
3229 2145 3324 2197 καὶ
3359 2144 3633 2208 emacem
3665 2147 3775 2216 (76)
3806 2146 3930 2217 περὶ

714 2228 1053 2283 stantiorem.
1082 2228 1186 2282 Sed
1211 2239 1263 2282 et
1302 2243 1368 2282 nc
1404 2228 1508 2282 ullo
1526 2229 1741 2297 quidem
1762 2232 1926 2284 modo
1949 2245 2067 2284 eam
2104 2229 2271 2283 facul-
2368 2238 2384 2288 τι

2256 2261 2271 2272 -
2368 2235 2770 2307 ἡμαρτηκότος,
2821 2236 2943 2289 ἐπεὶ
2982 2234 3076 2289 καὶ
3127 2234 3287 2299 αὐτὸς
3332 2234 3605 2305 ἁμαρτίας
3660 2236 3926 2300 ὑπόδικος.

716 2332 876 2376 tatem
895 2321 1054 2373 habet
1078 2320 1237 2373 homo
1262 2332 1390 2390 erga
1415 2318 1607 2387 Deum,
1642 2330 1700 2375 ut
1729 2338 1825 2391 pro
1849 2331 2132 2392 peccatore
2149 2336 2269 2376 eum
2370 2332 2386 2381 Α

2260 2340 2269 2376 ι
2370 2327 2597 2393 Πάντες
2626 2328 2735 2395 γὰρ
2769 2328 3051 2395 ἥμαρτον,
3078 2328 3174 2382 καί
3204 2326 3588 2395 ὑστεροῦνται
3622 2326 3731 2396 τῆς
3751 2326 3930 2396 δόξης

713 2414 908 2481 placet,
940 2416 1062 2467 c‘um
1102 2422 1157 2467 et
1187 2414 1299 2481 ipse
1340 2415 1545 2482 peccati
1598 2415 1669 2468 sit
1718 2429 1861 2468 reus.
1895 2412 2087 2468 Omnes
2134 2416 2271 2469 enim
2370 2435 2383 2471 ι

2260 2431 2271 2467 ι
2370 2418 2475 2472 τοῦ
2508 2418 2678 2481 Θεοῦ,
2721 2418 3115 2487 δικαιούμενοι
3161 2418 3386 2487 δωρεὰν
3412 2417 3486 2487 τῇ
3524 2417 3709 2473 αὐτοῦ
3746 2418 3930 2487 χάριτι

713 2515 1071 2573 peccaverunt,
1106 2516 1152 2557 et
1181 2513 1327 2572 egent
1350 2505 1514 2571 gloria
1545 2504 1659 2569 Dei,
1687 2504 1970 2573 justi/irati
1990 2506 2157 2573 gratis
2184 2522 2274 2572 per
2370 2514 2383 2564 ι

2260 2522 2274 2545 ν
2370 2509 2468 2565 διὰ
2496 2510 2603 2579 τῆς
2623 2509 3081 2577 ἀπολυτρώσεως
3116 2509 3225 2577 τῆς
3252 2510 3323 2564 ἐν
3360 2511 3587 2578 Χριστῷ
3624 2509 3822 2578 Ἰησοῦ
3855 2510 3930 2573 τῷ

712 2594 936 2664 gratiam
966 2595 1154 2662 ipsius,
1191 2610 1281 2663 per
1325 2596 1723 2665 redemptionem
1746 2612 1860 2667 qua:
1888 2604 1962 2650 est
1987 2597 2043 2651 in
2064 2594 2276 2650 Christo
2372 2604 2566 2672 Κυρίῳ
2588 2602 2773 2671 ἡμῶν,

712 2685 840 2741 Iesu
863 2686 1085 2740 Domino
1112 2697 1287 2740 nostro
1312 2689 1379 2739 ⁵⁸.

780 2780 834 2833 4.
874 2780 1101 2833 \‘ens.8.
1135 2778 1255 2831 Non
1285 2780 1428 2830 dabit
1448 2793 1574 2847 ergo
1606 2778 1711 2832 Deo
1743 2779 2090 2847 placationem
2108 2797 2276 2846 suam,
2445 2812 2450 2824 ι

2260 2819 2276 2846 ,
2445 2780 2497 2833 4.
2523 2782 2604 2833 Οὐ
2631 2778 2804 2831 δώσει
2833 2774 2924 2831 οὖν
2956 2778 3035 2845 τῷ
3070 2777 3191 2844 Θεῷ
3219 2778 3519 2848 ἐξίλασμα
3566 2779 3803 2841 ἑαυτοῦ,
3838 2779 3930 2832 καί

709 2880 759 2922 et
802 2869 1023 2937 pretium
1066 2869 1434 2935 redemptionis
1473 2869 1665 2922 anima:
1703 2884 1832 2921 sure.
1882 2868 2067 2939 Neque
2119 2870 2280 2940 igitur
2376 2894 2379 2903 ε

2259 2885 2280 2924 ι·
2376 2870 2489 2940 τὴν
2504 2870 2681 2941 τιμὴν
2697 2869 2805 2939 τῆς
2828 2871 3174 2940 λυτρώσεως
3190 2868 3299 2939 τῆς
3326 2870 3524 2942 ψυχῆς
3546 2872 3751 2927 αὑτοῦ.
3783 2873 3929 2942 Μήτε

712 2959 935 3014 fratrem
989 2960 1041 3014 in
1104 2961 1522 3030 redemptionem
1598 2976 1840 3030 (ψει-ε..
1876 2962 1969 3016 sed
2047 2964 2277 3032 aliquem
2378 2986 2382 3008 ‹

2261 2978 2277 3017 t
2378 2959 2471 3016 οὖν
2516 2964 2608 3016 τὸν
2661 2963 2886 3032 ἀδελφὸν
2918 2962 3069 3033 ζήτει
3113 2965 3193 3027 είς
3228 2964 3621 3037 ἀπολύτρωσιν,
3666 2964 3800 3017 ἀλλὰ
3844 2965 3931 3015 τὸν

712 3052 807 3121 qui
842 3062 986 3105 tuam
1011 3054 1237 3106 excedat
1267 3063 1509 3105 naturam
1539 3068 1553 3107 :
1581 3068 1750 3120 neque
1774 3053 2041 3108 hominem
2058 3056 2275 3117 nudum,
2381 3074 2382 3082 η

2262 3094 2275 3117 ,
2381 3053 2775 3125 ὑπερϐαίνοντα
2810 3070 2901 3106 σου
2933 3054 3031 3123 τὴν
3054 3053 3212 3121 φύσιν
3232 3072 3245 3086 ν
3287 3057 3422 3125 μήτε
3450 3054 3730 3124 ἄνθρωπον
3763 3054 3929 3122 ψιλὸν,

715 3146 809 3200 sed
843 3147 1111 3199 hominem
1142 3144 1308 3199 Deum
1334 3144 1516 3198 Jesum
1556 3144 1853 3209 Christum,
1878 3146 1969 3215 qui
2004 3146 2150 3200 solus
2184 3161 2279 3213 pro
2378 3167 2385 3197 ι

2263 3161 2279 3201 ι
2378 3145 2491 3198 ἀλλ’
2531 3144 2815 3214 ἄνθρωπον
2852 3142 2982 3195 Θεὸν
3032 3143 3237 3211 Ἰησοῦν
3288 3145 3538 3213 Χριστὸν,
3571 3146 3629 3207 ὃς
3658 3144 3750 3197 καὶ
3781 3146 3933 3214 μόνος

715 3235 869 3290 nobis
900 3234 1147 3289 omnibus
1183 3236 1290 3290 Deo
1340 3237 1469 3290 dare
1505 3244 1679 3304 potest
1719 3236 2099 3304 placationem,
2134 3238 2275 3307 quod
2305 3271 2346 3329 ϐ
2378 3241 2385 3287 ἐ

2261 3238 2275 3290 Ι
2305 3271 2346 3329 C
2378 3236 2601 3291 δύναται
2628 3234 2806 3289 δοῦναι
2834 3232 3095 3304 ἐξίλασμα
3123 3234 3200 3304 τῷ
3228 3234 3344 3303 Θεῷ
3362 3234 3500 3305 ὑπὲρ
3520 3236 3737 3288 πάντων
3760 3234 3931 3306 ἡμῶν,

714 3340 837 3380 eum
871 3325 1148 3393 Proposuit
1181 3328 1318 3380 Deus
1350 3329 1768 3396 propitiationem
1792 3345 1881 3396 per
1898 3329 2051 3396 ﬁdem
2074 3330 2128 3382 iu
2158 3346 2279 3383 san-
2313 3322 2346 3329 ⁷
2380 3333 2384 3373 ἐ

2264 3360 2279 3370 -
2313 3322 2346 3329 '
2380 3328 2460 3381 ὅτι
2498 3325 2657 3380 αὑτὸν
2713 3323 2993 3392 Προέθετο
3038 3326 3069 3376 ό
3116 3324 3257 3388 Θεὸς
3302 3322 3651 3391 ἱλαστήριον
3686 3324 3785 3379 διὰ
3828 3323 3934 3393 τῆς

715 3419 868 3488 guine
895 3420 1057 3485 ipsius
1074 3418 1138 3472 “.
1165 3418 1358 3472 Frater
1391 3429 1508 3472 erat
1541 3420 1701 3472 Israel
1739 3420 1981 3489 Moyses;
2020 3429 2075 3472 et
2105 3429 2277 3486 tamen
2381 3458 2385 3469 .

2263 3438 2277 3474 t
2381 3420 2637 3481 πίστεως
2676 3417 2745 3468 ἐν
2794 3414 2872 3479 τῷ
2918 3415 3100 3468 αὐτοῦ
3147 3415 3365 3483 αἵματι.
3428 3416 3676 3485 Ἀδελφὸς
3724 3412 3791 3487 ἦν
3842 3415 3930 3469 τοῦ

718 3510 890 3580 ipsum
944 3510 1208 3564 redimere
1238 3525 1342 3563 non
1374 3512 1565 3578 potuit.
1604 3510 1883 3575 Quomodo
1915 3512 2079 3577 igitur
2120 3511 2278 3563 homo

718 3603 916 3671 aliquis
953 3616 983 3655 e
1028 3600 1184 3671 vulgo
1229 3601 1529 3655 liberabit?
1576 3602 1935 3667 Quamobrem
1977 3602 2103 3656 illud
2158 3604 2275 3672 qui-

717 3696 837 3747 dem
871 3695 1179 3760 pronuntiat
1207 3708 1221 3744 :
1246 3689 1437 3744 Frater
1479 3707 1579 3745 non
1624 3692 1825 3743 redimit
1850 3705 1867 3743 :
1894 3695 1994 3746 hoc
2016 3706 2143 3746 vero
2159 3706 2278 3745 cum

716 3785 978 3852 gravitate
1014 3799 1109 3852 per
1139 3784 1611 3855 interrogationem
1650 3784 1827 3837 subdit
1860 3801 1872 3837 :
1918 3782 2147 3837 Redimet
2184 3783 2277 3836 Ιιοο

718 3876 841 3929 mo?
872 3871 983 3926 Non
1016 3874 1157 3927 enim
1188 3889 1216 3926 a
1249 3886 1471 3941 peccato
1489 3874 1738 3943 papulum
1768 3874 2017 3926 liberavit
2039 3872 2273 3943 Moyses,

716 3964 810 4017 sed
855 3962 945 4016 Dei
1001 3963 1070 4017 ob
1122 3974 1399 4031 peccatum
1453 3962 1867 4017 commotionem
1917 3963 2134 4016 avertit.
2173 3964 2280 4018 'llic

717 4056 877 4107 etiam
926 4069 993 4108 ne
1039 4055 1165 4107 dare
1211 4054 1425 4123 quidem
1465 4057 1637 4125 potuit
1683 4054 2041 4124 placationem
2084 4070 2178 4123 pro
2223 4070 2281 4109 se

718 4146 855 4214 ipso,
878 4160 998 4199 cum
1038 4155 1182 4199 esset
1218 4145 1270 4198 iu
1324 4158 1565 4216 peccato.
1601 4146 1733 4201 Nam
1764 4155 1882 4216 post
1916 4155 1996 4200 tot
2032 4161 2093 4200 ac
2134 4156 2279 4199 tanta

718 4237 960 4306 prodigia
1007 4252 1071 4291 ac
1121 4238 1270 4305 signa
1306 4254 1425 4307 qua:
1457 4240 1680 4303 viderat,
1712 4254 1895 4294 vocem
1942 4239 2084 4293 illam
2131 4241 2284 4294 dubi-

2392 3506 2605 3575 Ἰσραὴλ
2636 3508 2664 3558 ό
2694 3506 2929 3571 Μωῦσῆς
2946 3522 2957 3534 ·
2983 3505 3076 3558 καὶ
3096 3506 3243 3576 ὅμως
3268 3506 3642 3579 λυτρώσασθαι
3660 3510 3818 3562 αὐτὸν
3838 3510 3935 3562 οὐκ

2377 3596 2617 3665 ἠδυνήθη
2649 3595 2781 3663 (77).
2817 3595 2941 3658 Πῶς
2968 3591 3059 3648 οὖν
3088 3596 3116 3647 ὁ
3153 3595 3329 3666 τυχὼν
3371 3595 3701 3667 λυτρώσεται
3727 3596 3934 3666 ἄνθρω-

2378 3704 2475 3751 πος
2497 3703 2511 3751 ;
2533 3689 2623 3740 Διὸ
2640 3687 2700 3740 τὸ
2731 3689 2827 3758 μὲν
2854 3688 3211 3757 ἀποφαίνεται
3230 3706 3243 3718 ’
3288 3687 3570 3756 Ἀδελφὸς
3592 3690 3662 3741 οὐ
3690 3689 3937 3756 λυτροῦ-

2382 3797 2504 3833 ται’
2544 3781 2605 3833 τὸ
2637 3780 2693 3832 δὲ
2724 3778 3145 3851 ἐρωτηματικῶς
3172 3776 3307 3846 μετά
3333 3776 3631 3847 βαρύτητος
3660 3781 3931 3852 ἐπιφέρειο

2381 3871 2754 3940 Λυτρὼσεται
2783 3872 3118 3938 ἅνθρωπος;
3134 3869 3208 3921 Οὐ
3230 3868 3338 3941 γὰρ
3368 3868 3467 3938 τῆς
3492 3870 3763 3941 ἁμαρτίας
3779 3873 3934 3941 ἡλευ-

2381 3961 2584 4030 θέρωσε
2618 3961 2707 4011 τὸν
2730 3959 2874 4021 λαὸν,
2906 3956 3039 4010 ἀλλὰ
3070 3955 3162 4009 τοῦ
3193 3957 3325 4010 Θεοῦ
3352 3956 3449 4027 τὴν
3480 3960 3571 4011 ἐπὶ
3599 3963 3663 4030 τῇ
3698 3961 3936 4031 ἁμαρτίᾳ

2384 4053 2736 4122 παρῃτήσατο
2772 4050 3002 4118 κίνησιν.
3037 4045 3203 4113 Οὗτος
3248 4050 3302 4103 δὲ
3331 4054 3447 4106 οὐδὲ
3488 4054 3668 4106 δοῦναι
3698 4054 3932 4125 ἠδυνήθη

2381 4145 2647 4213 ὲξίλασμα
2697 4141 2910 4206 ἑαυτοῦ,
2955 4142 3242 4211 γενόμενος
3287 4144 3342 4195 ἐν
3385 4145 3817 4217 παραπτώματιο
3856 4147 3936 4200 ὅτι

2389 4238 2525 4309 μετὰ
2567 4234 2804 4289 τοσαῦτα
2847 4236 2940 4287 καὶ
2976 4234 3277 4304 τηλικαῦτα
3314 4238 3515 4308 τέρατα
3558 4241 3649 4291 καὶ
3679 4243 3875 4311 σημεῖα
3902 4240 3936 4292 ἃ

722 4326 975 4377 tationem
1010 4340 1121 4391 pra!
1177 4341 1237 4377 sc
1286 4329 1543 4380 ferentem
1576 4329 1754 4381 emisit
1790 4345 1803 4380 :
1840 4329 2029 4382 Audite
2073 4347 2171 4393 me,
2198 4332 2281 4383 in-
2382 4348 2392 4382 ι

2268 4361 2281 4371 -
2382 4325 2512 4393 εἶδε,
2548 4329 2646 4399 τὴν
2670 4327 3017 4396 διστακτικὴν
3046 4326 3256 4396 ἐκείνην
3284 4328 3459 4397 at;qu
3496 4330 3696 4399 φωνήν·
3742 4331 3938 4384 Ἀκού-

718 4415 936 4467 creduli.
972 4413 1219 4483 Nunquid
1253 4432 1317 4468 ex
1346 4426 1491 4485 petra
1518 4420 1613 4471 hac
1655 4422 1931 4472 educemus
1975 4438 2161 4489 aquam
2198 4440 2283 4475 vo-
2382 4446 2388 4471 ι

2269 4452 2283 4463 .
2382 4420 2530 4475 σατέ
2563 4436 2698 4488 μου,
2726 4421 2778 4470 οί
2804 4416 3082 4481 ἀπειθεῖς.
3121 4417 3215 4484 Μὴ
3244 4418 3311 4470 ἐκ
3342 4418 3449 4485 τῆς
3480 4420 3694 4486 πέτρας
3724 4422 3939 4486 ταύτης

718 4504 794 4556 bis
814 4504 856 4535 ⁸⁷
884 4505 907 4557 ?
932 4504 1272 4574 Quapropter
1300 4519 1353 4560 et
1387 4507 1641 4563 Dominus
1670 4510 1739 4562 ob
1771 4512 1869 4563 hoc
1898 4510 2114 4563 verbum
2146 4511 2281 4564 dixit
2383 4542 2388 4560 .

2268 4523 2281 4563 ι
2383 4509 2674 4577 ἐξάξομεν
2700 4506 2809 4573 (78)
2834 4506 2975 4573 ὑμῖν
3001 4505 3185 4572 ὕδωρ;
3211 4507 3406 4577 Διόπερ
3433 4508 3522 4560 καὶ
3554 4511 3580 4561 ό
3619 4510 3821 4581 Κύριος
3849 4513 3938 4564 ἐπὶ

720 4599 785 4649 ad
812 4600 961 4668 18]
986 4598 1200 4671 Moysen
1220 4612 1269 4655 et
1294 4604 1471 4655 Aaron
1496 4620 1511 4655 :
1533 4603 1667 4667 Quia
1697 4621 1795 4655 non
1820 4604 2112 4657 credidistis
2130 4605 2277 4669 mihi,
2314 4619 2356 4673 ι)
2385 4620 2390 4635 ι

2265 4645 2277 4669 ,
2314 4619 2356 4673 ι)
2385 4599 2462 4669 τῷ
2493 4600 2694 4669 ῥήματι
2728 4597 2898 4667 τούτῳ
2936 4592 3054 4648 εἷπε
3102 4598 3235 4667 πρὸς
3279 4599 3513 4667 Μωῦσῆν
3558 4602 3650 4651 καὶ
3698 4601 3935 4672 Ἀαρών·

720 4698 774 4739 ut
817 4690 1218 4758 sartcltﬁcarelis
1248 4709 1325 4745 me
1375 4709 1549 4746 coram
1578 4693 1705 4761 ﬁliis
1741 4694 1927 4759 Israel,
1955 4695 2015 4747 ob
2057 4695 2151 4748 hoc
2182 4712 2282 4749 non

720 4778 1060 4833 introducetis
1120 4798 1205 4835 vos
1258 4784 1391 4835 lianc
1461 4785 1909 4853 congregationem
1969 4786 2025 4837 in
2092 4794 2283 4837 terram

719 4885 872 4933 quant
906 4870 1025 4923 dedi
1066 4871 1138 4925 eis
1161 4871 1225 4925 ⁸⁸.
1268 4871 1382 4927 Non
1431 4874 1591 4943 igitur
1624 4888 1719 4941 pro
1749 4888 1807 4926 se
1837 4874 1952 4942 ipso
1990 4874 2136 4927 dabit
2178 4873 2286 4928 Deo

723 4958 1100 5027 placationem.
1120 4961 1255 5028 Quid
1285 4967 1427 5017 enim
1458 4965 1593 5019 tanti
1625 4975 1802 5035 potest
1830 4966 1987 5019 homo
2018 4965 2287 5031 invenire,

725 5064 782 5104 ut
810 5051 900 5107 (iet
929 5068 1025 5121 pro
1055 5057 1421 5123 redemptione
1468 5058 1661 5110 anima:
1688 5071 1797 5109 sua:
1824 5056 1847 5107 ?
1871 5056 1974 5109 Sed
2002 5070 2163 5106 unum
2202 5057 2283 5108 in-

722 5154 938 5197 ventum
970 5155 1072 5210 est,
1100 5162 1197 5216 pro
1217 5149 1463 5203 omnibus
1495 5149 1652 5202 simul
1682 5148 1985 5201 hominibus
2016 5146 2282 5200 sullicieu-

723 5236 1021 5303 tissimum,
1080 5242 1221 5309 quod
1280 5244 1329 5295 in
1384 5241 1608 5310 pretium
1649 5236 2031 5306 redemptionis
2093 5240 2284 5291 animus

793 5368 836 5399 “
868 5369 1021 5425 liom.
1074 5388 1155 5438 ιιι,
1200 5374 1290 5441 25,
1331 5375 1419 5428 24.
1493 5374 1537 5405 ’⁵⁸
1569 5374 1699 5428 ibid.
1732 5372 1819 5426 25.
1898 5373 1941 5403 "
1974 5371 2133 5425 Num.
2169 5387 2261 5435 xx,
2296 5371 2381 5423 10.

795 5532 905 5603 (75)
942 5534 1030 5587 Sic
1064 5534 1214 5602 Regii
1241 5537 1530 5597 secundus,
1556 5536 1763 5599 tertius,
1787 5543 2009 5601 quartus
2064 5542 2117 5585 et
2156 5548 2281 5586 sex-

2384 4692 2507 4744 Ὂτι
2538 4692 2647 4742 οὐκ
2673 4689 3066 4741 ἐπιστεύσατε
3090 4688 3317 4755 ὲνὲμοὶ,
3350 4690 3453 4743 τοῦ
3489 4689 3725 4758 ἁγιάσαι
3737 4710 3813 4760 με
3829 4694 3938 4761 (79)

2383 4782 2659 4835 ἐναντίον
2690 4779 2832 4833 υἱῶν
2878 4778 3134 4846 Ἰσραὴλ,
3185 4778 3280 4832 διὰ
3324 4780 3495 4834 τοῦτο
3534 4783 3643 4834 οὐκ
3673 4782 3939 4847 είσάξετε

2386 4872 2555 4942 ὑμεῖς
2609 4871 2723 4938 τὴν
2773 4870 3132 4939 συναγωγὴν
3177 4874 3401 4938 ταύτην
3431 4874 3517 4936 εις
3570 4872 3683 4939 τὴν
3724 4873 3839 4943 γῆν
3866 4875 3942 4941 ἢν

2392 4964 2585 5016 ἔδωκα
2608 4961 2827 5027 αὐτοῖς.
2858 4962 2931 5014 Οὑ
2964 4960 3121 5013 δώσει
3156 4957 3249 5015 οὖν
3278 4961 3355 5032 τῷ
3384 4962 3785 5040 Θεῷέξίλασμα
3815 4969 3940 5019 ἐαυ-

2387 5054 2502 5107 τοῦ.
2540 5055 2603 5105 Τί
2630 5053 2735 5123 γὰρ
2751 5053 2968 5106 δύναται
2999 5051 3278 5121 ἄνθρωπος
3299 5054 3474 5125 εὑρεῖν
3501 5055 3832 5123 τηλικοῦτον,
3859 5059 3940 5111 ἵνα

2390 5145 2467 5214 δῷ
2499 5144 2636 5214 ὑπὲρ
2668 5142 2985 5215 λυτρώσεως
3014 5144 3111 5212 τῆς
3141 5144 3315 5215 ψυχῆς
3348 5146 3543 5211 αύτοῦ;
3591 5148 3728 5201 Ἀλλ’
3749 5152 3939 5224 εὑρέθη

2389 5236 2447 5288 ἓν
2468 5234 2599 5306 ὁμοῦ
2632 5234 2846 5286 πάντων
2882 5232 3179 5303 ἀνθρώπων
3202 5235 3311 5306 (80)
3347 5238 3609 5306 ἀντάξιον,
3635 5242 3663 5293 ὃ
3687 5241 3841 5313 ἐδόθη
3866 5246 3941 5309 είς

2476 5372 2519 5402 ’⁵⁸
2548 5372 2674 5425 ibid.
2709 5371 2789 5424 12.

2597 5530 2762 5607 ροιίό.
2795 5532 2828 5584 3
2865 5530 3159 5607 ἐξᾴξωμεν.
3202 5531 3304 5585 Alii
3328 5547 3446 5607 cum
3481 5532 3637 5607 editis
3662 5531 3941 5607 ἐξαξομεν.

729 5610 846 5663 tus;
898 5620 1001 5656 non
1031 5620 1184 5658 secus
1243 5621 1303 5658 ac
1368 5606 1657 5660 Colbertini
1713 5606 1966 5671 quintus,
2008 5617 2191 5658 sextus
2235 5614 2287 5656 et

728 5673 988 5743 Septimus
1019 5690 1137 5726 cum
1174 5674 1337 5728 Coisl.
1372 5678 1438 5727 At
1472 5676 1600 5728 editi
1640 5674 1991 5743 συνειληφώς.

803 5740 913 5810 (76)
944 5742 1083 5797 Editi
1132 5744 1528 5809 ἐξιλάσκεσθαι.
1580 5745 1729 5799 Coll).
1792 5740 1993 5811 primus
2043 5741 2287 5807 ἐξιλάσαο

731 5809 875 5863 σθαι.
897 5809 1013 5865 Αίίἰ
1044 5822 1166 5867 octo
1200 5830 1327 5869 mss.
1360 5814 1655 5877 ἐξιλᾶσθαι.

799 5878 910 5951 (77)
942 5884 1013 5936 lta
1050 5886 1288 5953 quinque
1327 5901 1458 5941 mss.
1494 5886 1631 5940 Editi
1670 5898 1792 5939 vero
1828 5882 2076 5952 ἐδυνήθη.

2462 5601 2573 5672 (79)
2604 5600 2821 5672 vulgata
2852 5602 3388 5672 quidemhcousentit
3430 5618 3550 5655 cum
3603 5600 3887 5659 Basilianis
3927 5624 3942 5662 :

2394 5668 2486 5725 sed
2517 5671 2609 5743 ab‘
2636 5670 2990 5743 iis‘recedunt
3015 5668 3185 5743 ωιιι,
3209 5672 3355 5743 apud
3390 5686 3522 5743 quos
3565 5672 3637 5726 ita
3675 5673 3899 5743 legimus
3927 5693 3940 5727 :

2394 5743 2515 5794 Ὀτι
2559 5739 2659 5791 οὐκ
2708 5739 3061 5811 ἐπιστεύσατε
3095 5741 3315 5808 ἁγιάσαι
3354 5757 3441 5811 με,
3484 5740 3621 5806 Quia
3661 5739 3763 5797 non
3789 5748 3947 5798 credi-

2404 5811 2548 5865 iisiis
2579 5810 2911 5877 sancti/icore
2942 5827 3038 5863 me.

2470 5879 2579 5952 (80)
2612 5878 2685 5933 Ita
2716 5882 2878 5933 editio
2904 5879 3072 5935 Paris.
3102 5896 3219 5933 eum
3240 5895 3371 5935 mss.
3405 5880 3695 5939 nonnullis.
3712 5882 3829 5941 Vos
3855 5882 3924 5939 λιν
