4230 6532
299 502 401 557 ιιι

1384 490 1667 542 ΗΟΜΙΙΛᾹ
1709 490 1772 540 Il‘
1814 489 2137 541 I’bALMUM
2181 490 2407 541 XLVIII.

3415 496 3516 552 Ui

299 616 466 688 τιμὴν
498 612 812 683 λυτρὼσεως
837 609 937 678 τῆς
963 606 1137 677 ψυχῆς
1173 610 1348 677 ημῶν,
1378 604 1437 656 τὸ
1458 605 1609 671 ἅγιον
1634 604 1727 657 καὶ
1756 620 1843 656 πο·
1882 610 1927 666 Α
1957 620 1969 656 l

1882 610 1927 666 Α
1957 615 2151 658 nostraa
2179 605 2357 660 datum
2398 612 2503 669 est,
2530 612 2751 661 sanctus
2778 606 2866 661 ille
2900 620 2963 663 ac
2994 610 3263 678 pretiosus
3298 627 3516 684 sangms

302 709 595 780 λυτίμητον
626 698 764 773 αἷμα
797 701 890 755 τοῦ
918 699 1122 769 Κυρίου
1153 696 1305 767 ἡμῶν
1340 694 1514 765 Ἰησοῦ
1551 693 1806 766 Χριστοῦ,
1834 693 1863 746 ὃ

304 802 444 871 ὑπὲρ
487 797 643 869 ἡμῶν
690 795 869 865 ἐξέχεε
922 793 1167 847 πάντων·
1196 788 1383 857 διόπερ
1424 786 1518 840 καὶ
1542 787 1702 857 τιμῆς
1736 788 1863 855 ἠγο-

305 891 603 963 ράσθημεν.
636 889 697 941 Εἰ
723 883 813 941 οὖν
848 885 1071 954 ἀδελφὸς
1102 883 1161 936 οὗ
1194 879 1500 951 λυτροῦται,
1531 877 1860 948 λυτρώσεται

300 982 627 1053 ἀνθρωπος;
673 981 737 1033 Εἰ
785 979 840 1031 δὲ
882 977 1162 1046 ἄνθρωπος
1200 969 1572 1043 λυτρώσασθαι
1608 970 1752 1039 ἡμᾶς
1798 969 1859 1021 ού

300 1076 548 1137 δύναται,
592 1076 621 1127 ό
662 1072 1075 1143 λυτρωσάμενος
1109 1069 1254 1138 ἡμᾶς
1288 1067 1387 1119 οὐκ
1415 1063 1692 1134 ἄνθρωπος
1725 1062 1856 1131 (8|).

301 1168 394 1236 Μὴ
434 1162 544 1230 οὖν,
577 1165 664 1218 διὰ
696 1164 755 1218 τὸ
791 1168 845 1217 ὲν
879 1159 1179 1232 ὁμοιώματι
1212 1158 1412 1228 σαρκὸς
1443 1154 1711 1227 ἁμαρτίας
1742 1156 1860 1206 ὲπι-

302 1258 667 1328 δεδημηκέναι
720 1258 867 1326 ἡμῖν,
916 1251 1198 1321 ἄνθρωπον
1254 1249 1407 1320 μόνον
1453 1244 1723 1315 ὑπολάϐῃς
1768 1245 1858 1298 τὸν

308 1347 511 1418 Κύριον
542 1347 718 1417 ἡμῶν,
748 1345 845 1415 τὴν
876 1343 974 1413 τῆς
1003 1342 1252 1412 θεότητος
1286 1340 1510 1409 δύναμιν
1548 1338 1817 1407 ἀγνοήσας
1839 1350 1854 1366 ·

300 1438 361 1500 ὃς
386 1439 447 1491 ού
480 1439 666 1509 χρείαν
700 1436 822 1505 ἔσχε
846 1434 953 1506 (82)
988 1432 1169 1487 δοῦναι
1195 1430 1272 1502 τῷ
1296 1430 1412 1500 Θεῷ
1439 1428 1700 1499 ὲξίλασμα
1735 1429 1857 1481 ἑαυ-

305 1528 424 1592 τοῦ,
473 1528 589 1582 οὑδὲ
619 1528 716 1599 τὴν
767 1526 902 1580 ίδίαν
946 1520 1429 1594 ἁπολυτρώσασθαι
1475 1519 1671 1591 ψυχὴν,
1724 1519 1854 1572 διότι

314 1619 629 1687 Ἀμαρτίαν
671 1619 780 1670 οὐκ
818 1616 1125 1681 ἐποίησεν,
1174 1610 1313 1664 οὐδὲ
1340 1609 1549 1678 εὑρέθη
1588 1609 1764 1673 δόλος
1788 1608 1857 1661 ὲν

300 1709 383 1773 τῷ
416 1709 661 1776 στόματι
712 1706 917 1761 αὑτοῦ.
958 1701 1354 1773 Ἐξωνήσασθαι
1412 1702 1509 1772 μὲν
1544 1697 1636 1753 οὖν
1666 1699 1855 1752 ἑαυτὸν

297 1799 473 1863 οὐδεὶς
527 1798 728 1861 ἱκανὸς,
769 1799 860 1851 ὲάν
903 1796 975 1866 μὴ
1010 1794 1138 1865 ἔλθῃ
1176 1796 1204 1846 ὁ
1233 1792 1329 1864 τὴν
1364 1792 1732 1863 αἰχμαλωσίαν
1759 1788 1851 1841 τοῦ

298 1890 431 1945 λαοῦ
452 1891 809 1962 ἐπιστρέφων,
828 1888 887 1941 οὐ
920 1884 1055 1956 μετά
1078 1884 1307 1955 λύτρων,
1334 1885 1451 1937 οὐδὲ
1479 1882 1613 1953 μετά
1641 1879 1847 1951 δώρων,

1968 695 2175 749 Domini
2210 696 2375 750 nostri
2407 694 2533 751 Jesu
2578 694 2802 762 Christi,
2842 714 2998 768 quem
3039 716 3134 769 pro
3161 702 3315 759 nobis
3352 710 3519 777 omni-

1964 789 2061 843 bus
2096 788 2335 845 effudit:
2382 789 2726 859 quamobrem
2776 792 2950 860 pretio
3002 794 3162 848 etiam
3207 799 3373 866 empti
3425 816 3517 855 Sn-

1964 895 2081 933 mus
2110 879 2173 933 ‘9.
2199 880 2379 949 Itaque
2400 881 2443 935 si
2479 880 2645 936 frater
2672 897 2775 935 non
2803 884 3036 952 redimit,
3057 888 3283 943 redimet
3316 890 3518 946 homo?

1963 968 2017 1023 Si
2051 986 2178 1024 vero
2213 972 2480 1026 redimere
2518 986 2614 1025 nos
2669 987 2771 1024 non
2804 983 2978 1040 potest
3023 975 3183 1029 homo
3212 992 3226 1041 ;
3253 980 3339 1048 qui
3370 984 3517 1034 rede-

1962 1063 2058 1115 mit
2088 1078 2206 1126 nos,
2232 1062 2393 1117 homo
2424 1077 2528 1117 non
2585 1072 2686 1119 est.
2736 1064 2813 1119 Ne
2852 1066 3033 1135 igitur,
3068 1080 3348 1138 propterea
3374 1077 3514 1142 quod

1961 1152 2013 1204 in
2060 1152 2411 1207 similitudine
2455 1155 2637 1209 carnis
2662 1156 2861 1223 peccati
2903 1158 3177 1211 nobiscum
3213 1162 3513 1220 diversatns

1958 1251 2060 1306 est,
2091 1244 2359 1298 hominem
2392 1244 2563 1300 solum
2594 1247 2869 1301 existimes
2914 1247 3197 1304 Dominum
3244 1265 3511 1320 nostrum,

1958 1332 2252 1386 divinitatis
2280 1335 2573 1401 potentiam
2628 1336 2879 1404 ignorans
2918 1358 2930 1391 :
2977 1340 3059 1392 cui
3101 1356 3234 1408 opus
3263 1358 3364 1397 non
3399 1357 3514 1400 erat

1960 1421 2064 1475 Deo
2086 1422 2212 1477 dare
2236 1424 2589 1492 placationem
2622 1442 2801 1491 suam,
2830 1444 2999 1497 neque
3047 1436 3314 1501 propriam
3368 1438 3511 1491 redi-

1956 1530 2103 1570 mere
2129 1518 2530 1587 animam,quia
2571 1519 2844 1574 Peccatum
2880 1538 2978 1576 non
3000 1522 3138 1591 fecit,
3168 1543 3259 1579 nec
3284 1529 3515 1585 inventus

1955 1618 2028 1660 est
2056 1608 2204 1661 dolus
2230 1610 2281 1661 in
2310 1625 2397 1663 ore
2427 1610 2537 1677 eius
2560 1612 2626 1663 ⁸ο.
2651 1612 2822 1666 Nemo
2852 1614 3012 1682 igitur
3034 1631 3090 1669 se
3114 1617 3225 1684 ipse
3255 1620 3516 1674 redimere

1955 1708 2145 1765 potest,
2181 1700 2278 1753 nisi
2305 1701 2588 1769 veniatqui
2612 1705 2976 1771 captivitatem
3003 1707 3179 1775 populi
3206 1721 3505 1777 convertat,

1953 1803 2056 1841 non
2107 1802 2228 1840 cum
2262 1790 2474 1857 pretiis,
2507 1806 2681 1860 neque
2716 1809 2837 1848 cum
2882 1796 3058 1861 donis,
3095 1798 3237 1851 sicut
3284 1798 3337 1852 in
3377 1800 3511 1853 Isaia

1950 1878 2205 1945 scriptum
2241 1890 2323 1933 est
2354 1879 2435 1945 ⁸¹,
2474 1882 2566 1935 sed
2606 1882 2658 1937 in
2707 1898 2804 1937 suo
2852 1888 3131 1953 sanguine.
3164 1887 3262 1942 Hic
3308 1896 3511 1952 autem,

297 1983 375 2047 ὡς
407 1983 463 2036 ὲν
504 1983 701 2050 Ἡσαΐᾳ
749 1979 1076 2048 γέγραπται,
1132 1974 1246 2029 ἀλλ’
1284 1977 1340 2028 ὲν
1380 1973 1457 2043 τῷ
1508 1971 1700 2026 ἑαυτοῦ
1740 1972 1848 2044 (85)
1883 1979 1967 2032 Β(

1836 1975 1848 2043 )
1883 1979 1924 2032 Β
1952 1983 2073 2021 cum
2108 1984 2214 2024 non
2250 1985 2489 2027 essemus
2522 1970 2739 2040 fratres,
2766 1975 2857 2029 sed
2882 1992 3121 2032 essemus
3146 1980 3347 2035 inimici
3382 1980 3506 2035 facti

298 2073 511 2142 αἵματι.
566 2063 729 2129 Οὗτος
776 2065 833 2119 δὲ
867 2066 986 2135 οὐχὶ
1029 2063 1289 2132 ἀδελφοὺς
1331 2064 1475 2133 ἡμᾶς
1516 2062 1694 2127 ὄντας,
1737 2063 1851 2115 ἀλλ’

297 2160 524 2231 ἐχθροὺς
556 2157 700 2227 ἡμᾶς
728 2154 1052 2225 γενομένους
1081 2155 1193 2215 τοῖς
1228 2149 1687 2222 παραπτώμασιν,
1732 2151 1852 2206 οὕτε

296 2254 578 2325 ἄνθρωπος
605 2248 756 2319 ψιλὸς
786 2248 880 2314 ὣν,
913 2246 1046 2302 ἀλλά
1070 2245 1220 2308 Θεὸς,
1258 2244 1393 2316 μετὰ
1420 2244 1519 2316 τὴν
1547 2242 1853 2315 ἐλευθερίαν

297 2347 365 2415 ἢν
396 2341 671 2414 χαρίζεται
700 2342 850 2413 ἡμῖν,
882 2340 974 2392 καὶ
1022 2336 1277 2405 ἀδελφοὺς
1307 2336 1451 2407 ἡμᾶς
1474 2333 1665 2389 ἑαυτοῦ
1694 2351 1857 2405 προσ-

296 2431 568 2503 αγορεύει.
621 2429 956 2502 Ἀπαγγελῶ
1002 2429 1132 2499 γὰρ,
1190 2428 1341 2499 φησι,
1374 2426 1439 2482 τὸ
1486 2426 1671 2495 ὄνομά
1738 2440 1853 2478 σου

294 2525 422 2591 τοῖς
449 2523 727 2594 ἀδελφοῖς
747 2541 883 2592 μου.
914 2522 969 2575 '0
994 2519 1086 2575 οὖν
1113 2519 1524 2590 λυτρωσάμενος
1554 2517 1662 2587 (84)
1686 2518 1852 2587 ἡμᾶς,

296 2614 392 2667 ἐὰν
421 2614 516 2686 μὲν
548 2616 645 2687 τὴν
674 2613 833 2683 φύσιν
851 2610 1014 2666 αὑτοῦ
1048 2612 1272 2679 σκοπῇς,
1292 2608 1413 2660 οὗτε
1445 2606 1694 2674 ἀδελφὸς,
1732 2604 1853 2659 οὔτε

296 2706 612 2777 ἄνθρωπος’
647 2706 738 2757 ὲάν
761 2704 816 2756 δὲ
859 2702 954 2773 τὴν
985 2704 1048 2754 ἐκ
1074 2700 1292 2771 χάριτος
1338 2697 1501 2751 αὐτοῦ
1536 2698 1668 2769 πρὸς
1711 2699 1857 2768 ἡμᾶς

302 2796 734 2864 συγκατάὸασιν,
788 2794 881 2847 καὶ
927 2791 1184 2861 ἀδελφοὺς
1229 2794 1375 2861 ἡμᾶς
1427 2791 1714 2861 ὀνομάζει,
1764 2790 1858 2843 καὶ

299 2890 437 2960 πρὸς
489 2888 578 2941 τὸν
627 2886 959 2957 ἀνθρώπινον
993 2884 1329 2948 καταϐαίνει,
1371 2884 1430 2947 ὃς
1468 2886 1549 2937 Οὐ
1576 2882 1751 2936 δώσει
1780 2876 1858 2948 τῷ

300 2975 422 3041 Θεῷ
467 2976 765 3045 ἐξίλασμα
807 2974 1043 3038 ἑαυτοῦ,
1089 2974 1225 3029 άλλά
1273 2974 1367 3027 τοῦ
1399 2974 1600 3042 κόσμου
1637 2971 1853 3033 παντός.

298 3068 373 3119 Ub
403 3066 509 3136 γάρ
548 3064 771 3136 ίλασμοῦ
805 3065 995 3129 δεῖται,
1024 3063 1135 3117 ἀλλ’
1162 3064 1319 3127 αὐτός
1351 3065 1497 3116 ἐστιν
1531 3062 1851 3131 ἱλαστήριον.

306 3152 572 3219 Τοιοῦτος
596 3152 704 3223 γὰρ
735 3153 876 3222 ἡμῖν
902 3154 1157 3221 ἔπρεπεν
1179 3151 1485 3221 ἀρχιερεὺς
1506 3152 1692 3215 ὅσιος,
1717 3150 1859 3202 ἄκα-

299 3262 424 3310 κος,
460 3246 763 3315 ἀμίαντος,
796 3246 1232 3315 κεχωρισμένος
1273 3243 1390 3297 ἀπὸ
1436 3240 1554 3293 τῶν
1590 3241 1852 3310 ἀμαρτω-

1955 2058 2024 2113 ob
2052 2069 2291 2130 peccata,
2323 2076 2496 2130 neque
2536 2064 2649 2133 ipse
2680 2065 2841 2119 homo
2871 2068 3067 2130 nudus,
3095 2068 3186 2122 sed
3220 2069 3378 2131 Dens,
3399 2079 3517 2138 post

1956 2151 2254 2208 libertatem
2298 2168 2459 2221 quam
2519 2155 2673 2209 nobis
2711 2155 2953 2227 largitur,
2990 2159 3151 2213 etiam
3193 2176 3289 2214 nos
3322 2162 3515 2217 fratres

1956 2258 2082 2299 suos
2135 2245 2386 2314 appellat.
2438 2245 2683 2301 Narrabo
2715 2250 2872 2315 enim,
2915 2250 3107 2319 inquit,
3160 2270 3339 2307 nomen
3369 2265 3514 2307 tuum

1956 2336 2206 2403 fratribus
2227 2338 2353 2390 meis
2383 2338 2447 2390 ⁸¹.
2468 2339 2651 2407 Itaque
2679 2340 2768 2408 qui
2796 2340 3020 2394 redemit
3049 2356 3166 2408 nos,
3194 2344 3237 2396 si
3268 2356 3514 2399 naturam

1955 2427 2165 2494 quidem
2206 2425 2370 2491 ipsius
2404 2428 2719 2497 perpendas,
2743 2443 2913 2498 neque
2940 2429 3124 2496 frater,
3150 2449 3325 2503 neque
3351 2436 3513 2491 homo

1954 2526 2033 2570 est
2066 2537 2077 2571 :
2110 2516 2152 2571 si
2184 2531 2309 2572 vero
2353 2517 2525 2587 ipsius
2574 2518 2639 2574 ad
2680 2534 2778 2575 nos
2819 2521 3198 2577 demissionem
3234 2539 3299 2579 ex
3341 2528 3516 2595 gratia

1955 2606 2171 2676 factam,
2200 2617 2253 2664 et
2293 2624 2390 2663 nos
2420 2609 2616 2666 fratres
2642 2613 2903 2675 nominat,
2943 2623 2999 2667 et
3032 2615 3097 2667 ad
3130 2615 3517 2670 humanitatem

1956 2699 2231 2753 descendit
2258 2702 2382 2767 :qui
2412 2698 2533 2755 Non
2562 2702 2704 2754 dabit
2740 2702 2843 2757 Deo
2866 2706 3208 2773 placationem
3234 2712 3514 2774 suam,sed

1958 2790 2119 2843 totius
2159 2789 2363 2845 mundi.
2393 2788 2505 2843 Non
2534 2791 2675 2844 enim
2704 2791 2903 2861 indiget
2936 2792 3256 2862 placatione,
3280 2797 3372 2851 sed
3402 2797 3516 2865 ipse

1958 2879 2264 2947 propitiatio
2312 2887 2412 2933 est.
2460 2878 2602 2934 Talis
2654 2885 2789 2935 enim
2838 2885 3048 2937 decebat
3103 2895 3158 2937 ut
3209 2896 3338 2939 esset
3373 2886 3518 2941 nobis

1956 2969 2186 3037 pontifex
2218 2984 2236 3022 :
2264 2980 2500 3037 sanctus,
2533 2970 2775 3024 innocens
2802 3011 2817 3035 ,
2850 2973 3153 3040 impollutus
3175 3013 3191 3037 ,
3222 2988 3518 3045 segregatus

1956 3080 1987 3114 a
2032 3062 2406 3127 peccatoribus,
2442 3073 2488 3116 et
2524 3063 2776 3116 excelsior
2832 3063 2975 3117 caelis
3023 3064 3225 3133 factus;
3275 3068 3362 3135 qui
3416 3084 3518 3123 non

1957 3152 2107 3204 liabet
2147 3154 2503 3205 necessitatem
2527 3152 2791 3221 quotidie,
2822 3153 3253 3223 quemadmodum
3279 3156 3521 3209 sacerdo-

1960 3244 2213 3311 tes,prius
2244 3259 2336 3307 pro
2367 3244 2477 3295 suis
2516 3244 2716 3295 delictis
2747 3245 2940 3297 hostias
2975 3246 3183 3312 o/Ierre,
3215 3245 3403 3299 deinde
3423 3265 3518 3315 pro

295 3334 441 3403 λῶν,
471 3337 568 3389 καί
598 3338 969 3403 ὑψηλότερος
991 3335 1106 3388 τῶν
1130 3331 1397 3402 οὐρανῶν
1426 3334 1759 3401 γενόμενος’
1786 3332 1853 3396 ὃς
1880 3334 1924 3392 C
1953 3350 1965 3401 ι

1847 3354 1853 3365 ι
1880 3334 1924 3392 C
1953 3332 2127 3401 populi
2164 3334 2471 3402 ignorantiis
2493 3334 2557 3385 ⁸³.
2591 3334 2778 3387 Postea
2833 3334 2957 3388 dicit
2987 3336 3156 3405 (vans.
3200 3337 3252 3405 9)
3281 3353 3296 3390 :
3329 3334 3395 3389 Et
3435 3340 3517 3392 la-

294 3429 408 3480 οὺκ
454 3428 575 3495 ἔχει
606 3428 729 3479 καθ’
752 3425 978 3493 ἡμέραν
1020 3425 1309 3494 ἀνάγκην,
1342 3423 1543 3492 ὥσπερ
1576 3426 1628 3477 οί
1658 3425 1851 3492 ἀρχιε-

292 3518 440 3586 ρεῖς,
470 3518 754 3585 πρότερον
782 3517 933 3585 ὑπὲρ
960 3516 1078 3571 τῶν
1107 3516 1268 3571 ἰδίων
1288 3514 1581 3586 ἁμαρτιῶν
1600 3515 1855 3586 προσφέ-

291 3627 422 3678 ρειν
465 3610 697 3676 θυσίας,
732 3608 934 3664 ἔπειτα
982 3609 1097 3664 τῶν
1132 3610 1236 3665 τοῦ
1267 3610 1419 3665 λαοῦ
1448 3608 1851 3678 ἀγνοημάτων.

295 3702 430 3756 Εἶτά
454 3719 603 3773 φησι·
630 3704 736 3757 Kal
762 3704 1084 3759 ἐκοπίασεν
1100 3705 1186 3769 είς
1218 3703 1323 3756 τὸν
1350 3701 1554 3767 αἰῶνα,
1576 3701 1673 3755 καὶ
1696 3699 1855 3766 ζήσε-

1956 3423 2149 3476 boravit
2177 3425 2231 3476 in
2263 3434 2531 3488 aeternum,
2565 3424 2735 3495 (νεεδ.
2762 3425 2848 3495 10)
2877 3436 2923 3478 et
2958 3427 3085 3481 vivet
3108 3429 3163 3481 in
3186 3427 3366 3497 ﬁnem.
3397 3429 3517 3499 Ipsa

1959 3530 2050 3584 per
2079 3530 2137 3571 se
2164 3516 2294 3581 vita,
2331 3517 2442 3587 ipsa
2469 3517 2639 3573 virtus
2662 3558 2677 3583 ,
2701 3526 2754 3572 et
2782 3517 3048 3573 indefessa
3086 3530 3277 3573 natura
3307 3521 3519 3575 labora-

1962 3608 2111 3661 vititt
2155 3608 2253 3662 Itoc
2285 3608 2502 3673 saeculo,
2543 3610 2757 3676 quando
2787 3608 3063 3679 Fatigatus
3104 3628 3168 3665 ea:
3196 3612 3398 3677 itinere,
3440 3629 3511 3667 se.

1959 3698 2108 3751 debat
2140 3715 2298 3767 supra
2324 3699 2518 3767 fontem
2550 3698 2617 3752 “.

297 3810 392 3846 ται
415 3796 497 3860 είς
534 3793 723 3861 τέλος.
767 3796 829 3848 Ἦ
869 3794 1135 3865 αὐτοζωὴ,
1166 3797 1196 3863 ἠ
1260 3794 1505 3861 δύναμις,
1564 3796 1595 3862 ἡ
1629 3792 1907 3862 ἀκάματος
1946 3789 2124 3861 φύσις,
2162 3791 2451 3845 ἐκοπίασεν
2502 3794 2559 3845 ὲν
2587 3791 2664 3864 τῷ
2703 3792 2857 3846 αίῶνι
2913 3794 3105 3865 τούτῳ,
3144 3795 3306 3865 ἡνίκα
3333 3798 3519 3850 Κεκο-

296 3884 523 3950 πιακὼς
545 3886 611 3937 ἐκ
638 3883 743 3952 τῆς
772 3883 1107 3950 ὁδοιπορίας
1141 3881 1438 3941 ἐκαθέζετο
1465 3882 1563 3934 ἐπὶ
1594 3881 1703 3949 τῆς
1728 3881 1945 3950 πηγῆς.

370 3976 422 4031 5.
461 3979 555 4042 ’ος
575 3979 681 4031 οὐκ
703 3978 907 4046 ὄψεται
922 3977 1313 4047 καταφθορὰν,
1343 3976 1488 4031 ὅταν
1512 3975 1607 4045 ἴδῃ
1626 3976 1853 4046 σοφοὺς

297 4068 796 4136 ἀποθνήσκοντας
829 4070 909 4138 (οὐ
953 4069 1112 4123 δώσει
1150 4068 1258 4141 γάρ
1304 4070 1394 4122 τὸν
1437 4070 1581 4122 ὅσιον
1627 4068 1789 4123 αὐτοῦ
1825 4070 1853 4120 ό

300 4156 488 4227 Πατὴρ
523 4156 652 4207 ἰδεῖν
692 4156 1027 4228 διαφθοράν),
1058 4160 1185 4211 ὅταν
1214 4160 1262 4210 οί
1285 4159 1382 4227 τὴν
1407 4158 1852 4229 καταργουμένην

301 4246 489 4315 σοφίαν
536 4245 821 4315 αὐχοῦντες
858 4246 1286 4316 ἀποθνήσκωσιν.
1339 4249 1401 4300 Ei
1444 4248 1499 4301 δὲ
1540 4247 1715 4319 βούλει
1764 4248 1855 4300 καὶ

297 4336 392 4389 ἐπὶ
419 4335 717 4406 ἀνθρώπων
741 4335 960 4389 δικαίων
978 4334 1156 4388 λαϐεῖν
1176 4336 1242 4388 τὰ
1266 4337 1549 4407 είρημὲνα,
1584 4336 1851 4407 μνήσθητι

296 4431 393 4487 τοῦ
440 4429 558 4482 Ἰὼϐ
580 4430 840 4497 λέγοντος·
870 4431 1207 4497 Ἀνθρωπος
1226 4425 1501 4496 γεννᾶται
1528 4428 1721 4490 κόπῳ·
1761 4427 1851 4478 καὶ

2025 3978 2078 4031 5.
2111 3978 2270 4031 Vens.
2308 3978 2394 4031 11.
2425 3979 2527 4044 Qui
2559 3995 2660 4032 non
2690 3978 2875 4031 videbit
2902 3978 3169 4031 interitum
3191 4019 3205 4043 ,
3236 3998 3352 4035 cum
3382 3983 3521 4037 vide-

1954 4068 2023 4121 rit
2053 4068 2310 4136 sapientes
2355 4071 2631 4121 morientes
2677 4068 2803 4138 (non
2852 4068 2998 4122 dabit
3044 4070 3186 4123 enim
3240 4069 3416 4135 Pater,
3454 4083 3515 4125 nt

1955 4165 2173 4210 sanctus
2210 4170 2339 4210 suus
2368 4156 2547 4210 videat
2576 4157 2976 4225 corruptionem
2998 4158 3087 4225 "),
3109 4168 3217 4212 tum
3255 4175 3375 4214 cum
3402 4176 3518 4216 mo-

1957 4251 2164 4306 rientur
2210 4252 2300 4320 qui
2349 4250 2664 4318 sapientiam
2719 4249 3052 4303 desinentem
3093 4249 3321 4315 jactant.
3357 4251 3510 4317 Quod

1956 4344 2000 4395 si
2033 4342 2195 4396 etiam
2220 4343 2283 4395 de
2309 4342 2466 4410 justis
2495 4355 2706 4407 quoque
2739 4339 3044 4392 hominibus
3076 4340 3190 4394 hac
3228 4344 3386 4396 verba
3420 4360 3511 4399 ac-

1956 4434 2136 4500 cipere
2181 4432 2432 4492 volueris.
2486 4429 2835 4485 reminiscere
2880 4428 2979 4485 Job
3030 4430 3259 4486 dicentis
3296 4449 3306 4482 :
3345 4432 3515 4489 Homo

299 4523 464 4577 πάλιν
507 4521 601 4575 τοῦ
652 4520 967 4574 Ἀποστόλου
993 4560 1007 4583 ,
1056 4522 1135 4574 ὅτι
1181 4522 1615 4589 Περισσότερον
1657 4518 1851 4571 αὐτῶν
1886 4540 1969 4599 Di

1842 4535 1851 4548 '
1886 4545 1927 4599 ι)
1956 4524 2185 4576 nascitur
2230 4522 2297 4573 ad
2349 4521 2649 4574 laborem"
2679 4538 2692 4585 ;
2725 4530 2779 4575 et
2820 4536 3004 4575 rursus
3034 4521 3268 4590 Apostoli
3299 4540 3311 4575 :
3340 4523 3512 4577 Abun-

299 4613 538 4667 πάντων
561 4613 851 4666 ἐκοπίασα
874 4628 886 4640 ·
918 4612 1009 4662 καὶ
1032 4611 1110 4675 τὸ,
1148 4611 1247 4664 Ἐν
1276 4613 1482 4677 κόποις
1508 4608 1853 4677 περισσοτέ-

292 4720 436 4771 ρως.
484 4702 540 4756 '0
590 4699 681 4756 οὖν
727 4702 990 4765 κοπιάσας
1034 4704 1091 4755 ὲν
1141 4702 1216 4773 τῷ
1260 4703 1414 4756 αίῶνι
1458 4704 1650 4774 τούτῳ,
1700 4697 1854 4767 οὗτος

300 4793 522 4862 ζήσεται
555 4795 633 4854 είς
672 4795 820 4858 τέλος
840 4810 851 4823 ο
882 4796 909 4847 ὁ
934 4793 988 4845 δὲ
1024 4778 1283 4867 ἐν’τρυφῇ
1312 4793 1404 4847 καὶ
1445 4794 1595 4866 πάσῃ
1641 4794 1855 4847 ὲκλύσει

299 4885 501 4950 διάγων
525 4922 539 4945 ,
577 4884 664 4936 διὰ
705 4888 764 4939 τὸ
803 4887 1140 4959 ἁϐροδίαιτον
1192 4886 1474 4960 πορφύραν
1518 4888 1611 4939 καὶ
1661 4885 1855 4955 βύσσον

302 4975 454 5029 ὲνδυό
461 4992 635 5045 μενος,
650 4976 741 5028 καὶ
759 4979 1173 5050 εὐφραινόμενος
1193 4977 1312 5031 καθ’
1336 4977 1546 5050 ἡμέραν
1563 4976 1853 5047 λαμπρῶς,

301 5068 399 5122 καὶ
429 5067 640 5136 φεύγων
678 5068 800 5131 τοὺς
850 5071 988 5141 ὑπὲρ
1022 5069 1120 5139 τῆς
1162 5068 1363 5139 ἀρετῆς
1392 5070 1689 5139 καμάτους,
1732 5066 1854 5120 οὔτε

302 5158 591 5211 ἐκοπίασεν
628 5160 684 5211 ἐν
716 5156 791 5227 τῷ
833 5159 984 5211 αίῶνι
1026 5158 1233 5229 τούτῳ,
1277 5157 1398 5210 οὔτε
1435 5158 1658 5229 ζήσεται
1691 5159 1747 5210 ἐν
1778 5158 1855 5228 τῷ

305 5250 570 5319 μέλλοντι,
613 5249 745 5303 ἀλλά
780 5249 990 5320 μακράν
1024 5251 1211 5319 ὄψεται
1244 5251 1343 5321 τὴν
1375 5249 1536 5319 ζωὴν,
1576 5248 1856 5317 βασανιζό-

306 5359 465 5410 μενος
491 5344 545 5394 ὲν
592 5345 657 5413 τῇ
702 5342 857 5411 φλογὶ
885 5341 981 5411 τῆς
1018 5344 1268 5412 καμίνου.
1317 5343 1372 5395 Ὀ
1407 5341 1461 5394 δὲ
1494 5343 1705 5410 μυρίοις
1746 5344 1857 5403 τοῖς

376 5497 419 5528 ⁵³
453 5494 470 5547 I
497 5497 618 5551 Cor.
644 5512 716 5552 vt.
748 5495 839 5549 20.
915 5496 959 5527 ⁵⁸
987 5494 1006 5549 ι
1034 5493 1178 5549 Pelr.
1210 5512 1268 5552 tt.
1296 5493 1384 5548 22.
1462 5495 1503 5527 ⁵¹
1530 5493 1622 5545 lsa.
1646 5508 1734 5552 LII,
1773 5495 1824 5545 5.
1897 5490 1941 5521 "
1965 5485 2046 5538 Ps:

1344 5496 1384 5548 ξ,
1462 5495 1503 5527 ιι
1530 5493 1622 5545 lsa.
1646 5508 1734 5552 LII,
1773 5495 1824 5545 5.
1897 5490 1941 5521 "
1965 5484 2104 5538 Pszl.
2126 5501 2235 5547 XXI,
2267 5485 2356 5540 25.
2433 5484 2476 5515 ³³
2507 5483 2668 5537 Ileltr.
2690 5502 2783 5545 vtt,
2810 5486 2896 5544 ‘26,
2928 5487 3014 5539 '27.

604 5536 734 5621 ἐξὲξ)
753 5536 915 5621 ἷῖοι.
940 5536 1006 5621 ιιῖ
1025 5536 1148 5620 si."
1166 5536 1443 5621 ὐτλῖἶν.
1475 5536 1852 5618 ῖ.”⁷“ε’τ”ι”ὶ;3ἓ.
1890 5536 1983 5621 xv,
2005 5536 2101 5607 i0.
2127 5536 2274 5609 “san

1531 5536 1852 5617 ""a'v"t"’c;3},
1890 5536 1983 5621 xv,
2005 5536 2101 5607 ιιι
2127 5536 2283 5609 ’e'n’
2306 5536 2430 5609 οη.
2462 5569 2538 5619 χι,
2570 5536 2665 5609 25.
2703 5536 2783 5587 ἵν’
2810 5536 2949 5611 1.an
2971 5536 3077 5619 χνι,
3113 5536 3194 5610 191

302 5570 347 5601 ⁸⁸
382 5566 523 5621 Psal.
553 5582 643 5631 xv,
667 5568 770 5633 t0;
796 5567 915 5621 Act.
940 5566 1114 5634 ",27.
1188 5567 1232 5597 ⁵⁸
1258 5565 1356 5619 an
1392 5580 1443 5632 v,
1475 5565 1525 5618 7.

302 5680 548 5751 Optb‘tt'tmt
593 5678 741 5751 deest
795 5678 847 5733 in
880 5677 1083 5751 majori
1124 5688 1284 5751 parte
1329 5692 1459 5730 mss.
1503 5675 1619 5730 Mox
1653 5682 1852 5742 septem

302 5747 436 5803 mss.
466 5748 846 5818 πολυτίμητον.
880 5747 1018 5801 Editi
1054 5748 1365 5818 πολύτιμον.

377 5821 488 5887 (81)
549 5814 1010 5885 Οὺκᾶνθρωπος.
1058 5817 1177 5870 Non
1237 5814 1409 5870 homo.
1466 5814 1575 5870 Hoc
1607 5821 1708 5877 est,
1754 5829 1854 5865 non

301 5888 454 5942 homo
486 5889 720 5957 simplex,
752 5891 839 5942 sed
867 5888 1003 5941 Deus
1039 5888 1208 5941 homo.

1957 4614 2163 4666 (lautius
2189 4612 2291 4665 illis
2334 4611 2570 4665 omnibus
2595 4609 2913 4673 laboravi“;
2950 4610 3075 4664 item
3115 4624 3129 4663 :
3166 4609 3514 4667 Inlaboribtts

1955 4706 2307 4757 abundantius
2331 4704 2396 4757 ⁵⁸.
2425 4704 2523 4769 Qui
2561 4703 2723 4770 igitur
2767 4701 2817 4754 in
2847 4700 2948 4754 hoc
2975 4702 3171 4756 saeculo
3217 4702 3500 4767 laboravit,

1958 4794 2043 4846 hic
2084 4795 2225 4847 vivet
2264 4794 2316 4847 in
2382 4795 2539 4846 linem
2579 4792 2713 4859 :qui
2751 4806 2877 4847 vero
2932 4794 2981 4847 in
3024 4794 3226 4848 deliciis
3273 4808 3336 4849 ac
3365 4798 3512 4850 omnl

1959 4883 2366 4950 intemperantia
2404 4882 2575 4950 degit,
2608 4882 2676 4936 ob
2727 4883 3000 4938 mollitiem
3050 4884 3271 4939 indutus
3312 4902 3515 4955 purpn-

1961 4992 2076 5032 ram
2104 4987 2156 5030 et
2202 4977 2439 5045 byssum,
2476 4985 2529 5030 et
2572 4977 2792 5045 epulans
2829 4977 3065 5043 quotidie
3112 4977 3386 5045 splendide
3416 4978 3460 5008 "
3493 4995 3509 5034 :

1964 5065 2278 5132 laboresque
2308 5066 2377 5119 ob
2415 5066 2668 5117 virtutem
2704 5063 3047 5134 perferendos
3087 5066 3313 5132 fugiens,
3348 5065 3392 5120 is
3422 5082 3516 5120 nc-

1959 5171 2060 5225 qne
2088 5157 2137 5207 in
2171 5158 2269 5209 hoc
2301 5157 2496 5210 saeculo
2532 5157 2812 5220 laboravit,
2838 5171 3005 5222 neque
3039 5156 3177 5209 vivet
3207 5156 3255 5209 in
3295 5156 3508 5212 futuro:

1960 5244 2050 5296 sed
2080 5241 2289 5295 eminus
2333 5242 2495 5295 vitam
2532 5244 2747 5305 videbit,
2807 5243 2856 5294 in
2898 5244 3090 5295 camini
3132 5243 3342 5298 ﬂamma
3389 5264 3512 5300 crn-

1960 5333 2151 5386 ciatus.
2183 5331 2283 5397 Qui
2318 5348 2440 5387 vero
2495 5333 2787 5387 innumeris
2841 5337 3222 5392 certaminibus
3271 5355 3366 5407 pro
3402 5344 3509 5395 vir-

3093 5490 3136 5517 ”
3167 5485 3317 5541 Joan.
3348 5505 3419 5553 tv,
3458 5496 3507 5547 0.

2032 5667 2139 5741 (82)
2170 5670 2346 5725 Editio
2390 5668 2553 5741 Basil.
2583 5685 2703 5723 cum
2749 5686 2875 5724 mss.
2905 5672 3090 5740 χρείαν
3137 5672 3309 5741 ἔσχεν.
3342 5676 3507 5732 Editiu

1962 5738 2281 5809 veruParis.
2315 5738 2499 5809 χρείαν
2535 5740 2689 5809 ἔχων.

2032 5808 2142 5881 (85)
2172 5810 2242 5881 Ita
2277 5808 2515 5881 quinque
2547 5808 2673 5881 mss.
2712 5809 2847 5881 Editi
2885 5825 3007 5864 vero
3036 5812 3091 5864 ἐν
3118 5811 3193 5881 τῷ
3220 5814 3401 5868 αὑτοῦ.

2036 5874 2146 5949 (84⁷)
2168 5874 2329 5934 Coisl.
2365 5874 2439 5931 '0'
2460 5874 2549 5932 οὖν
2583 5878 2958 5950 λυτρούμενος.
