4230 6490
727 441 831 495 445

2058 432 2114 487 S.
2155 432 2395 486 BASILII
2431 431 2649 484 MAGNI

3857 440 3958 494 ιιι

727 564 842 608 tute
871 550 1161 614 desudarit,
1191 551 1348 621 182
1385 550 1582 620 quique
1609 589 1624 615 ,
1661 559 1719 604 ut
1751 565 1870 604 eam
1902 558 2296 619 assequeretur,
2327 551 2372 606 A

2290 587 2296 609 ,
2327 551 2372 606 Α
2399 546 2540 615 ὑπὲρ
2587 545 2688 614 τῆς
2732 544 2930 616 ἀρετῆς
2960 547 3165 615 ἀγῶσιν
3211 548 3521 621 ὲνιδρώσας,
3559 549 3652 603 καὶ
3683 551 3822 622 ὑπὲρ
3865 556 3960 606 τοῦ

731 643 1005 698 laboribus
1053 643 1296 711 pluribus
1329 651 1568 697 tentatus
1619 641 1817 707 fuerit,
1849 641 2095 695 victurus
2133 651 2212 693 est
2243 640 2294 692 in

732 735 914 799 ﬁnem,
939 734 1087 790 velut
1129 734 1218 786 ille
1251 734 1362 800 ipse
1387 735 1479 802 qui
1527 733 1752 786 multum
1787 731 2047 785 laboravit
2079 729 2131 782 in
2169 727 2298 781 allii-

727 827 998 881 ctionibus
1020 826 1259 880 Lazarus
1281 826 1358 883 °°;
1386 824 1528 877 velut
1552 824 1642 878 ille
1666 825 1780 892 ipse
1801 823 1888 888 qui
1924 824 1975 875 in
1999 823 2301 876 certamini-

733 917 830 969 bus
853 926 1040 969 contra
1067 914 1430 967 adversarium
1465 910 1710 966 defessus
1739 921 1818 965 est
1837 910 2019 964 Jobus.
2041 909 2299 975 Ibienim,

733 1008 925 1074 inquit,
952 1007 1301 1073 requieverttnt
1330 1005 1452 1072 fessi
1473 1005 1538 1060 ⁸¹.
1562 1003 1898 1072 Quapropter
1925 1004 2085 1057 etiam
2124 1002 2303 1056 Domi-

735 1102 944 1167 nus,‘eos
966 1099 1055 1166 qui
1082 1097 1326 1150 laborant
1355 1111 1417 1150 ac
1450 1097 1655 1150 onerati
1699 1108 1844 1161 sunt,
1864 1097 1928 1149 ad
1959 1096 2200 1162 requiem
2223 1094 2303 1147 in-

735 1192 868 1245 vitat
897 1192 963 1244 ".
985 1190 1267 1255 Quomodo
1313 1189 1476 1256 igitur
1504 1189 1592 1256 qui
1629 1189 1679 1240 in
1705 1187 1858 1241 bouis
1875 1187 2127 1256 operibus
2157 1185 2304 1238 labo-

735 1295 879 1346 rant,
901 1284 1154 1338 dicuutur
1173 1282 1425 1336 onerati?
1452 1281 1584 1347 Quia
1604 1279 1799 1333 Euntes
1830 1281 1978 1332 ibant
2003 1289 2048 1332 et
2083 1279 2300 1347 ﬂebant,

744 1378 1000 1444 mittentes
1045 1377 1242 1428 semina
1271 1391 1367 1428 sua
1400 1388 1418 1424 :
1444 1375 1700 1427 venientes
1731 1380 1904 1424 autem
1952 1372 2148 1424 venient
2187 1385 2301 1422 cum

734 1466 1102 1532 exsultatione,
1119 1475 1385 1533 portantes
1405 1465 1700 1534 manipulos
1717 1479 1836 1516 suos
1852 1462 1896 1493 ⁸³
1914 1462 2173 1516 fructibus
2198 1463 2303 1530 ple-

737 1574 856 1623 nos,
881 1559 971 1627 qui
1015 1573 1110 1626 pro
1154 1558 1358 1611 ratione
1404 1572 1589 1611 eorum
1629 1569 1747 1624 quae
1793 1565 1907 1609 sata
1945 1555 2120 1617 fuere,
2164 1552 2294 1620 ipsis

740 1651 932 1706 redditi
961 1660 1100 1705 sunt.
1121 1650 1338 1706 Onerati
1359 1649 1537 1716 itaque
1552 1647 1824 1712 dicuntur,
1844 1645 1955 1713 qui,
1976 1645 2115 1712 quod
2137 1641 2301 1696 semi-

739 1744 1000 1800 naruntin
1020 1740 1505 1804 benedictionibus,
1525 1740 1590 1793 de
1616 1737 2075 1792 benedictionibus
2104 1744 2158 1787 et
2189 1745 2306 1785 mc-

742 1835 1009 1898 tunt“,et
1030 1849 1150 1886 cum
1174 1832 1352 1885 laetitia
1382 1830 1699 1900 sempiterna
1730 1825 2030 1893 manipulos
2055 1822 2309 1904 spiritua-

741 1927 868 1979 lium
907 1925 1178 1977 fructuum
1214 1923 1314 1976 sibi
1340 1923 1467 1991 ipsis
1495 1928 1777 1990 reponunt.
1801 1917 1903 1983 Qui
1934 1929 2062 1985 ergo
2095 1915 2305 1968 redem-

743 2025 868 2084 ptus
889 2024 971 2068 est
999 2028 1096 2082 per
1125 2013 1310 2076 Deum,
1337 2012 1423 2079 qui
1455 2025 1550 2080 pro
1582 2024 1647 2064 eo
1684 2009 1830 2062 dedit
1856 2006 2234 2075 placationem,
2265 2004 2309 2057 is

751 2105 966 2174 quidem
1021 2104 1073 2158 in
1102 2104 1203 2157 hoc
1233 2103 1425 2165 szeculo
1453 2101 1747 2163 laboravit,
1794 2109 1975 2166 postea
2011 2107 2138 2150 vero
2166 2094 2309 2148 vivet

752 2199 807 2252 in
834 2196 1014 2250 linem.
1036 2193 1130 2248 llic
1161 2195 1318 2248 etiam
1348 2192 1471 2245 Non
1503 2191 1689 2243 videbit
1721 2188 2139 2250 interitum,cum
2165 2183 2309 2237 vide-

745 2291 812 2343 rit
834 2291 1087 2357 sapientes
1114 2287 1406 2340 morientes.
1437 2283 1536 2350 Qui
1583 2290 1863 2352 angustam
1892 2290 1946 2335 et
1977 2279 2305 2334 laboriosam

741 2384 907 2434 vitam
938 2395 1044 2448 prae
1073 2383 1229 2449 plana
1272 2392 1335 2430 ac
1376 2375 1519 2430 molli
1550 2374 1798 2445 elegerit,
1819 2373 1871 2426 in
1908 2382 2148 2441 tempore
2180 2369 2308 2422 visi-

745 2472 961 2528 tationis
1005 2471 1132 2532 Dei,
1163 2483 1284 2523 cum
1320 2466 1652 2522 abducentur
1679 2469 1745 2518 ad
1785 2475 2042 2518 (sternam
2092 2477 2305 2532 pinnam

746 2566 784 2619 ii
816 2564 935 2634 qui,
972 2572 1030 2616 ut
1063 2577 1166 2616 non
1199 2560 1540 2616 crediderunt
1564 2558 1742 2612 verbis
1782 2556 1899 2621 Dei,
1938 2557 2008 2610 ita
2036 2564 2155 2623 post
2185 2555 2307 2607 vani

743 2657 823 2712 sui
858 2655 1034 2711 cordis
1065 2654 1324 2708 desideria
1370 2648 1804 2710 ambulaverunt,
1834 2645 1922 2698 hic
1975 2660 2079 2697 non
2111 2643 2312 2696 videbit

743 2757 999 2803 eternum
1031 2747 1337 2804 interitum,
1366 2741 1704 2795 alllictionem
1738 2737 1983 2793 videlicet
2018 2735 2161 2789 illam
2192 2750 2311 2804 per-

744 2848 903 2909 petuo
924 2839 1250 2892 duraturam.
1289 2834 1570 2903 Sapientes
1605 2842 1780 2886 autem
1806 2830 1935 2884 dicit
1971 2839 2062 2882 aut
2089 2829 2138 2881 in
2166 2838 2311 2880 astu-

747 2932 817 2983 tia
847 2929 1189 2991 exercitatos,
1218 2926 1281 2981 de
1323 2926 1518 2995 quibus
1561 2925 1636 2978 ait
1681 2923 1946 2976 Jeremias
1980 2937 1993 2973 :
2037 2920 2308 2988 Sapientes

743 3030 884 3087 sunt,
907 3029 960 3072 ut
985 3019 1180 3087 faciant
1210 3017 1371 3079 mala,
1403 3016 1524 3069 bene
1557 3025 1731 3068 autem
1763 3014 1935 3083 facere
1962 3015 2195 3065 nesciunt
2222 3011 2266 3043 ⁸⁵
2289 3027 2306 3065 :

749 3123 842 3165 aut
870 3111 1137 3179 sapientes
1165 3108 1292 3162 dicit
1322 3108 1484 3162 etiam
1514 3107 1851 3174 pereuntium
1878 3105 2176 3173 principum
2209 3104 2304 3157 hu-

2398 638 2682 690 ἀναλαϐεῖν
2705 637 2868 709 αὐτὴν
2907 640 2964 690 ἐν
2989 639 3175 703 κόποις
3204 642 3602 712 περισσοτέρως
3627 644 3958 709 ὲξετασθεὶς,

2398 722 2551 791 οὗτός
2581 730 2726 781 ἐστιν
2762 732 2790 781 6
2827 730 3011 800 ζήσειν
3060 731 3266 800 μέλλων
3300 735 3377 795 είς
3405 734 3588 797 τέλος,
3627 734 3703 798 ὡς
3730 737 3759 788 6
3790 736 3962 790 πολλὰ

2398 820 2666 883 κοπιάσας
2686 823 2740 871 ὲν
2772 820 2979 890 θλίψεσι
3011 823 3289 894 Αάζαρος’
3313 824 3388 887 ὠς
3413 827 3440 876 ὁ
3468 826 3776 889 κατάκοπος
3807 826 3963 894 γενόο

2403 929 2559 981 μενος
2584 913 2638 964 ὲν
2669 916 2779 974 τοῖς
2812 914 2946 984 πρὸς
2976 915 3066 966 τὸν
3095 917 3334 967 ἐναντίον
3359 917 3562 984 ἀγῶσιν
3600 918 3739 971 Ἰὡὸο
3789 918 3959 980 Ἐκεῖ,

2398 1003 2527 1072 γὰρ,
2555 1005 2707 1072 φησὶ,
2736 1004 3056 1059 κατάκοποι
3076 1009 3513 1061 ἀνεπαύσαντο.
3539 1009 3627 1060 Διὸ
3659 1013 3751 1063 καὶ
3781 1011 3807 1061 6
3845 1010 3961 1063 Κύ-

2405 1111 2514 1164 ριος
2540 1097 2694 1148 καλεῖ
2729 1097 2836 1166 (85)
2883 1098 3016 1168 πρὸς
3045 1099 3138 1168 τὴν
3170 1101 3471 1155 ἀνάπαυσιν
3499 1102 3626 1163 τοὺς
3656 1103 3962 1165 κοπιῶντας

2403 1190 2496 1240 καὶ
2521 1189 2999 1259 πεφορτισμένους.
3031 1191 3152 1254 Πῶς
3182 1189 3271 1245 οὖν
3300 1195 3348 1245 οἱ
3381 1193 3678 1256 κοπιῶντες
3695 1195 3750 1244 ἐν
3781 1195 3965 1265 ἔργοις

2405 1278 2624 1345 ἀγαθοῖς
2653 1282 3067 1352 πεφορτισμένοι
3106 1282 3384 1350 λέγονται;
3421 1286 3540 1338 ’Ὁτι
3572 1286 3966 1352 Πορευόμεγοι

2403 1370 2756 1437 ἐπορεύοντο
2785 1377 2879 1428 καὶ
2902 1377 3164 1438 ἔκλαιον,
3185 1377 3520 1442 ,βάλλοντες
3557 1379 3628 1429 τὰ
3659 1380 3969 1444 σπέρματα

2404 1461 2619 1516 αὐτῶν·
2635 1464 2698 1530 ἐρ
2702 1467 2935 1533 χόμενοι
2951 1467 3017 1520 δὲ
3035 1467 3292 1534 ἥξουσιν
3304 1468 3374 1519 ἐν
3386 1467 3759 1535 ἀγαλλιάσει,
3777 1469 3970 1533 αἴρομ-

2406 1573 2502 1621 τες
2557 1556 2628 1608 τὰ
2684 1557 2985 1627 δράγματα
3031 1560 3228 1614 αὐτῶν
3277 1561 3677 1630 πεπληρωμένα
3714 1558 3963 1627 καρπῶν,

2405 1647 2513 1700 τῶν
2533 1648 2674 1702 κατὰ
2688 1649 2786 1720 τὴν
2807 1651 3094 1719 ἀναλογίαν
3112 1651 3470 1722 ὲσπαρμένων
3487 1652 3852 1705 ἀποδοθέντων
3873 1650 3970 1702 αῦ-

2405 1740 2533 1800 τοῖς.
2567 1739 2986 1809 Πεεορτισμένοι
3020 1737 3110 1793 οὖν
3145 1741 3389 1810 λέγονται
3421 1742 3467 1793 οί
3492 1780 3506 1804 ,
3543 1740 3630 1793 διὰ
3656 1743 3717 1794 τὸ
3747 1744 3967 1811 σπεῖραι

2408 1831 2492 1881 ἐπ’
2521 1830 2811 1898 εὐλογίαις,
2850 1832 2935 1883 ἐπ’
2959 1832 3226 1901 εὐλογίαις
3243 1836 3335 1886 καὶ
3364 1833 3668 1904 θερίζοντες
3699 1834 3831 1904 (86),
3873 1834 3962 1885 καὶ

2412 1921 2525 1991 μετ’
2551 1923 2886 1993 εὐφροσύνης
2915 1925 3132 1977 αἰωνίου
3163 1925 3230 1977 τὰ
3265 1926 3372 1980 τῶν
3406 1926 3788 1996 πνευματικῶν
3835 1942 3972 1995 καρ-

2410 2014 2524 2066 πῶν
2552 2017 2759 2081 ἑαυτοῖς
2789 2017 3183 2086 ἐπαναθέμενοι
3211 2018 3516 2088 δράγματα.
3561 2019 3616 2072 Ὀ
3641 2013 3732 2070 οὖν
3763 2017 3973 2088 λυτρω-

2410 2104 2521 2168 θεὶς
2548 2106 2634 2159 διὰ
2679 2108 2771 2160 τοῦ
2821 2109 3111 2171 δεδωκότος
3142 2108 3276 2161 Θεοῦ
3311 2109 3446 2182 ὑπὲρ
3474 2109 3635 2163 αὑτοῦ
3684 2109 3965 2177 ὲξίλασμα,

2407 2189 2562 2259 οὗτος
2598 2199 2851 2252 ἐκοπίασε
2902 2201 2998 2272 μὲν
3046 2202 3124 2264 είς
3155 2200 3246 2253 τὸν
3272 2200 3440 2254 αἰῶνα
3483 2202 3694 2266 τοῦτον,
3726 2201 3864 2274 μετὰ
3912 2200 3969 2253 δὲ

2407 2288 2581 2343 ταῦτα
2613 2290 2832 2359 ζήσεται
2860 2293 2938 2354 είς
2961 2293 3130 2356 τέλος.
3162 2288 3329 2355 Οὗτος
3364 2294 3455 2345 καὶ
3483 2297 3601 2346 Οὐκ
3632 2295 3837 2362 ὄψεται
3870 2309 3971 2346 και

2407 2382 2730 2450 ταφθορὰν,
2765 2381 2910 2435 ὅταν
2955 2383 3052 2452 ἴδῃ
3098 2384 3329 2453 σοφοὺς
3359 2383 3874 2451 ἀποθνήσκοντας.
3913 2383 3972 2435 '0

2405 2475 2502 2543 τὴν
2533 2474 2721 2546 στενὴν
2742 2475 2834 2528 καὶ
2864 2474 3092 2543 ἔγκοπον
3123 2477 3238 2530 ὁδὸν
3272 2477 3377 2547 πρὸ
3399 2477 3498 2546 τῆς
3524 2475 3672 2539 λείας
3707 2476 3800 2528 καὶ
3827 2477 3970 2526 ἀνει-

2412 2568 2575 2637 μένης
2610 2565 2984 2637 ὲκλεξάμενος,
3019 2569 3076 2620 ὲν
3111 2567 3187 2638 τῷ
3219 2566 3396 2639 καιρῷ
3417 2568 3514 2638 τῆς
3542 2566 3845 2635 ἐπισκοπῆς
3873 2564 3968 2617 τοῦ

2409 2655 2563 2719 Θεοῦ,
2599 2656 2957 2725 ἀπαγομένων
2985 2658 3063 2720 είς
3101 2656 3198 2727 τὴν
3224 2657 3446 2711 αἰωνίαν
3475 2657 3693 2709 κόλασιν
3720 2655 3825 2708 τῶν
3853 2655 3974 2707 ἁπι-

2412 2748 2720 2816 στησάντων
2756 2749 2853 2816 μὲν
2898 2753 3011 2813 τοῖς
3057 2751 3235 2818 λόγοις
3265 2751 3357 2804 τοῦ
3392 2751 3524 2804 Θεοῦ
3547 2791 3560 2812 ,
3603 2751 3972 2822 πορευθέντων

2410 2836 2466 2888 δὲ
2492 2836 2664 2887 ὀπίσω
2691 2835 2795 2887 τῶν
2829 2836 3144 2907 θελημάτων
3165 2840 3262 2910 τῆς
3293 2841 3516 2912 καρδίας
3537 2840 3712 2893 αὐτῶν
3743 2840 3841 2909 τῆς
3872 2857 3973 2909 μα-

2409 2928 2567 2991 ταίας
2589 2928 2723 2999 (87),
2755 2922 2908 2988 οὗτος
2922 2928 3017 2998 τὴν
3046 2930 3256 2983 αίὼνιον
3286 2933 3650 3003 καταφθορὰν,
3682 2933 3779 3000 τὴν
3806 2935 3882 2995 είς
3913 2932 3972 2983 τὸ

2415 3020 2663 3090 διηνεκὲς
2709 3018 3075 3072 κακοπάθειαν
3114 3019 3212 3071 οὐκ
3253 3020 3458 3088 δέκεται.
3505 3023 3706 3088 Σοφοὺς
3737 3022 3792 3072 δὲ
3826 3022 3972 3088 λέγει

2409 3116 2527 3185 ἦτοι
2549 3114 2673 3176 τοὺς
2694 3112 2896 3176 δεινοὺς
2927 3113 2984 3164 ἐν
3015 3111 3340 3183 πανουργία,
3369 3113 3496 3183 περὶ
3540 3104 3613 3163 ὧν
3651 3129 3783 3182 φησι
3818 3112 3973 3184 Ἱερε-

741 3202 828 3272 jus
856 3202 1030 3258 saeculi
1072 3199 1383 3268 discipulos,
1407 3199 1499 3268 qui
1529 3198 1766 3253 Dicentes
1796 3212 1852 3248 se
1883 3212 1992 3249 esse
2024 3197 2302 3259 sapientes,
2333 3219 2374 3275 ρ

2301 3240 2302 3249 η
2333 3219 2374 3275 C
2412 3205 2540 3276 μίας
2567 3203 2699 3272 (88),
2731 3205 2811 3257 ὅτι
2848 3202 3033 3271 Σοφοί
3052 3205 3168 3255 εισι
3196 3201 3302 3256 τοῦ
3337 3199 3762 3267 κακοποιῆσαι,
3793 3200 3859 3253 τό
3908 3201 3971 3252 δὲ

744 3298 891 3350 stulti
924 3297 1050 3366 {acti
1080 3304 1197 3348 sunt
1215 3295 1282 3345 ⁸⁸.
1311 3292 1442 3344 Nam
1475 3291 1739 3359 Sapientia
1767 3291 1922 3360 hujus
1953 3291 2133 3344 mundi
2171 3290 2302 3344 stul-

747 3392 867 3442 titia
889 3399 962 3442 est
1003 3387 1141 3452 apud
1171 3384 1335 3437 Deum
1364 3383 1428 3438 ⁸⁷.
1460 3382 1525 3436 Et
1558 3383 1680 3450 quia
1723 3384 1834 3447 han:
1870 3382 2132 3450 sapientia
2172 3381 2305 3434 stul-

749 3491 831 3534 tos
856 3478 1003 3541 facit,
1029 3478 1147 3532 ideo
1174 3475 1313 3530 Deus
1344 3477 1675 3543 perditurum
1709 3489 1768 3528 se
1794 3488 1910 3527 esse
1939 3474 2066 3525 dicit
2093 3473 2304 3540 sapien-

748 3572 873 3624 tiam
916 3568 1259 3640 sapientium,
1295 3576 1350 3620 et
1393 3565 1730 3634 prudentiam
1767 3563 2105 3631 prudentium
2134 3575 2310 3629 repro-

747 3661 992 3718 baturum
1024 3662 1090 3715 "'.
1124 3658 1509 3715 Persuasiones
1537 3657 1697 3722 igitur
1721 3655 1876 3724 hujus
1913 3653 2150 3707 scientia
2174 3651 2308 3707 falso

745 3750 1054 3813 nominata,
1083 3751 1168 3812 iis,
1214 3751 1303 3818 qui
1349 3763 1441 3802 eas
1487 3745 1814 3816 exceperint,
1858 3744 2045 3798 mortis
2086 3759 2305 3800 causam

748 3841 1012 3896 afferunt:
1039 3857 1197 3911 quam
1233 3850 1462 3894 mortem
1503 3855 1606 3892 non
1651 3838 1853 3891 videbit
1884 3838 1971 3905 qui
2002 3837 2305 3907 redemptus

747 3941 832 3987 est
873 3933 954 3985 ab.
981 3948 1068 3996 eo,
1110 3934 1193 3986 cui
1227 3933 1395 3986 visum
1427 3941 1512 3985 est
1543 3933 1594 3984 in
1648 3929 2045 4000 przedicationis
2079 3929 2302 3984 stultitia

747 4026 1028 4078 credentes
1067 4022 1293 4074 salvare.

2408 3295 2598 3349 καλὸν
2614 3295 2860 3364 ποιῆσαι
2887 3298 2957 3348 οὐ
2986 3293 3404 3365 γινώσκουσιν
3432 3294 3463 3364 ἢ
3499 3295 3693 3364 σοφοὺς
3713 3294 3860 3362 λέγει
3884 3296 3974 3346 καὶ

2406 3389 2533 3449 τοὺς
2569 3387 2814 3456 μαθητὰς
2846 3387 2951 3439 τῶν
3002 3389 3273 3458 ἀρχόντων
3303 3388 3394 3441 τοῦ
3431 3388 3622 3450 αἰῶνος
3650 3388 3836 3440 τούτου
3869 3387 3975 3441 τῶν

2412 3477 2888 3546 καταργουμένων,
2918 3479 3130 3542 οἵτινες,
3178 3479 3522 3545 Φάσκογτες
3571 3477 3722 3532 εἶναι
3773 3483 3969 3549 σοφοὶ,

2412 3567 2861 3636 ἐμωράνθησαν.
2890 3567 3032 3618 Διότι
3065 3568 3124 3622 Ἠ
3168 3570 3351 3635 σοφία
3376 3569 3482 3621 τοῦ
3510 3572 3737 3638 κόσμοι.»
3765 3572 3973 3623 τούτου

2410 3658 2597 3727 μωρία
2630 3657 2786 3724 παρὰ
2819 3656 2898 3722 τῷ
2944 3656 3084 3720 Θεῷ.
3128 3658 3234 3709 Καὶ
3268 3658 3352 3709 διὰ
3388 3659 3449 3711 τὸ
3489 3655 3625 3712 εἶναι
3673 3663 3974 3732 μωροποιον

2412 3747 2509 3820 τὴν
2547 3748 2734 3818 σοφίαν
2762 3747 2983 3818 ταύτην,
3020 3747 3302 3800 ἀπολέσειν
3335 3749 3498 3816 φησὶν
3531 3751 3558 3800 6
3587 3751 3717 3814 Θεὸς
3745 3752 3852 3820 (89)
3878 3753 3973 3821 τὴν

2414 3841 2604 3909 σοφίαν
2636 3839 2743 3892 τῶν
2793 3839 2991 3908 σοφῶν,
3049 3842 3140 3891 καὶ
3178 3839 3275 3908 τὴν
3333 3838 3544 3890 σύνεσιν
3589 3840 3696 3891 τῶν
3741 3843 3975 3895 συνετῶν

2410 3932 2714 4003 ἀθετήσειν.
2746 3933 2809 3984 ΑΞ
2841 3928 2933 3986 οὖν
2960 3930 3308 4001 πιθανότητες
3334 3931 3431 4002 τῆς
3454 3931 3804 4001 ψευδωνύμου
3833 3934 3970 4002 γνὼ-

2412 4045 2566 4090 σεως,
2596 4026 2823 4081 θανάτου
2870 4027 3047 4081 αἰτίαν
3075 4031 3186 4090 τοῖς
3223 4028 3681 4099 παραδεξαμένοις
3709 4030 3972 4099 παρέχον-

745 4135 865 4172 ται·
899 4119 1078 4172 ὅντινα
1098 4115 1321 4169 θάνατον
1356 4113 1455 4166 οὐκ
1477 4112 1662 4182 ὄψεται
1696 4114 1724 4164 ό
1754 4111 2044 4181 λυτρωθείς
2077 4109 2179 4162 ὑπὸ
2233 4110 2328 4206 τοῦ
2366 4117 2751 4186 εὑδοκήσαντος
2817 4119 2872 4168 ὲν
2934 4117 3000 4185 τῇ
3053 4115 3232 4186 μωρίᾳ
3276 4116 3368 4168 τοῦ
3412 4117 3760 4188 κηρύγματος
3809 4119 3973 4169 σῶσαι

744 4213 868 4273 τοὺς
896 4208 1265 4270 πιστεύοντας.

817 4305 870 4356 6.
907 4300 1073 4356 Simul
1094 4301 1336 4367 insipiens
1353 4308 1400 4352 et
1428 4298 1617 4352 stultus
1641 4296 1901 4364 peribunt,
1930 4301 1979 4348 et
2017 4293 2305 4364 relinquent

750 4394 936 4446 alienis
969 4393 1174 4444 divitias
1206 4407 1327 4443 suas
1357 4405 1375 4440 :
1413 4389 1581 4454 (vens.
1618 4389 1704 4456 12)
1748 4398 1794 4441 et
1835 4388 2068 4456 sepulcra
2105 4402 2304 4450 eorum,

2483 4296 2534 4349 6.
2585 4295 2714 4348 Ἐπὶ
2735 4294 2800 4346 τὸ
2831 4294 2975 4346 αὐτὸ
3007 4293 3208 4361 ἄφρων
3238 4295 3336 4348 καὶ
3369 4295 3551 4361 ἄνους
3579 4298 3964 4363 ἀπολουιται,

2411 4389 2509 4440 καὶ
2548 4387 3023 4452 καταλείψουσιν
3062 4385 3400 4452 ἀλλοτρίοις
3431 4387 3537 4440 τόν
3575 4389 3842 4441 πλοῦτον
3872 4394 3972 4445 αὑ-

753 4483 936 4536 domus
980 4482 1188 4534 illorum
1238 4483 1290 4533 in
1328 4491 1596 4534 mternum.
1634 4476 1987 4530 Tabernacula
2033 4494 2209 4530 eorum
2253 4479 2306 4529 in
2339 4471 2423 4532 Di

2303 4496 2306 4524 τ
2339 4471 2383 4524 Ι)
2409 4479 2542 4532 τῶν.
2596 4478 2701 4532 Καὶ
2739 4482 2792 4531 οὶ
2827 4478 2998 4547 τάφοι
3035 4477 3234 4532 αὐτῶν
3279 4481 3455 4534 οἰκίαι
3497 4480 3694 4535 αὐτῶν
3737 4486 3824 4550 είς
3872 4486 3973 4539 τὸν

752 4572 1040 4638 progeniem
1077 4580 1124 4624 et
1165 4569 1492 4639 progeniem,
1527 4573 1833 4622 vocaverunt
1879 4565 2087 4618 nomina
2119 4582 2214 4619 sua
2248 4567 2305 4618 in

750 4665 917 4716 terris.
962 4661 1019 4715 ln
1049 4661 1414 4730 superioribus
1449 4674 1552 4714 uno
1592 4657 1825 4726 generali
1859 4655 2071 4709 nomine
2094 4659 2302 4725 sapien-

753 4761 832 4804 tes
871 4751 1100 4813 vocavit,
1137 4764 1271 4818 quos
1324 4765 1465 4805 nunc
1505 4750 1772 4812 dividens,
1807 4746 2124 4814 insipientes
2177 4745 2307 4799 dicit

751 4852 804 4896 et
825 4841 1033 4898 stultos.
1066 4841 1244 4896 Palam
1287 4851 1369 4896 est
1400 4843 1574 4909 ipsum
1625 4856 1716 4894 eos
1752 4840 2022 4909 sapientes
2058 4851 2302 4902 vocasse,

752 4936 852 4989 hoc
887 4934 1101 4988 nomine
1127 4949 1191 4988 ex
1223 4947 1408 4988 eorum
1437 4932 1691 5000 opinione
1733 4946 1911 4986 usum.
1944 4929 2304 4996 Quemadmo-

752 5029 874 5078 dum
903 5032 958 5079 et
989 5025 1230 5080 nominat
1255 5027 1405 5088 deos,
1440 5024 1530 5093 qui
1580 5020 1652 5076 dii
1689 5037 1791 5075 non
1830 5032 1955 5075 sunt
1985 5032 2203 5086 natura,
2226 5035 2306 5074 er—

820 5135 866 5168 “
905 5134 1035 5208 Luc.
1061 5153 1173 5198 xvi,
1200 5136 1269 5190 20
1298 5151 1448 5208 seqq.
1497 5133 1689 5208 _“_Job
1725 5134 1930 5208 ttt,_l7.

747 5205 835 5261 23.
913 5206 958 5237 '°
989 5205 1140 5260 Rom.
1180 5222 1222 5272 ι,
1257 5208 1345 5260 22.
1375 5203 1388 5208 ⁷
1413 5203 1467 5239 ”⁶⁷
1495 5205 1516 5260 Ι
1543 5206 1668 5260 Cor.
1697 5219 1778 5266 ιιι,
1807 5203 1893 5257 l9.

826 5343 837 5357 Ι

843 5340 931 5408 85)
955 5340 1030 5394 lla
1070 5354 1199 5395 mss.
1231 5349 1453 5407 septem.
1489 5339 1624 5392 Edili
1655 5352 2063 5408 προσκαλειται.

843 5371 911 5397 συ
955 5371 1030 5394 ua
1070 5371 1199 5395 ΙΙΙθθο
1231 5371 1453 5407 δςγιῠιιι.
1491 5371 1624 5392 υυιιι
1656 5371 2063 5408 ἶηιιυυῦυνηῦυυυῡυ.

819 5371 932 5479 (86)
970 5411 1060 5466 Sic
1103 5410 1264 5479 Regii
1312 5411 1521 5471 tertius,
1565 5415 2298 5479 quartusnetsextuscum

749 5475 958 5537 duabus
1015 5481 1131 5535 aliis
1179 5475 1497 5534 Colbertinis
1522 5475 1593 5531 et
1620 5494 1739 5531 cum
1787 5475 1952 5528 Coisl.
1982 5477 2052 5528 At
2091 5476 2216 5529 editi
2252 5487 2306 5528 et

752 5550 986 5604 nonnulli
1032 5565 1163 5605 mss.
1191 5549 1356 5602 διὰτὸ
1391 5549 1605 5617 σπεῖραι
1641 5548 1725 5599 ἐπ’
1761 5543 2062 5612 εὐλογίαις,
2097 5547 2189 5597 καὶ
2219 5545 2305 5597 θε-

789 5621 1008 5684 ίζοντες·.

754 5639 1008 5691 ριςοντες·.

823 5691 932 5757 (8⁸1)
960 5691 1087 5756 Reg.
1130 5690 1318 5742 tertius
1340 5687 1447 5740 τῶν
1498 5685 1757 5757 ματαίων.
1798 5684 1998 5757 Ibidem
2023 5683 2074 5736 in
2105 5683 2299 5752 aliqui-

753 5753 850 5813 bus
888 5753 1014 5814 mss.
1041 5753 1240 5828 legitur
1261 5753 1572 5819 animoan
1603 5753 1720 5828 aliis
1743 5756 1999 5828 plwviav.

822 5832 928 5890 (88)
967 5823 1135 5884 Editiu
1163 5829 1328 5884 Paris.
1357 5832 1383 5881 6
1426 5824 1711 5894 Ἱερεμίας.
1743 5825 1900 5881 Deest
1951 5823 2209 5879 articulus
2245 5825 2296 5880 in

2022 5135 2065 5165 θ’
2089 5135 2274 5188 Matth.
2309 5151 2387 5196 ιιι,
2423 5137 2513 5191 28.

1969 5205 2013 5235 ‘~‘
2048 5205 2152 5260 lsa.
2174 5221 2324 5271 χιιι,
2355 5208 2454 5270 ll;
2499 5207 2514 5259 Ι
2545 5208 2667 5261 Cor.
2705 5221 2742 5271 ι,
2772 5205 2852 5259 19.

2409 4567 2608 4621 αἰῶνα.
2645 4567 3007 4638 Σκηνώματα
3031 4569 3226 4624 αὐτῶν
3249 4572 3335 4637 εἰς
3361 4571 3572 4642 γενεὰν
3609 4573 3708 4626 καί
3737 4575 3968 4644 γενεάν.

2423 4657 2888 4713 Ἐπεκαλέσαντο
2917 4660 2987 4713 τὰ
3021 4662 3278 4728 ὀνόματα
3309 4660 3504 4717 αὐτῶν
3516 4662 3610 4715 ἐπὶ
3633 4663 3750 4715 τῶν
3770 4664 3967 4733 rauim

2413 4750 2555 4802 Ἀνω
2595 4751 2675 4803 ἐν).
2715 4751 2937 4821 ὀνόματι
2964 4751 3041 4821 τῷ
3073 4751 3271 4820 γενικῷ
3312 4753 3722 4821 προσηγόρευσε
3756 4755 3968 4822 σοφοὺς,

2403 4839 2494 4903 οὒς
2524 4841 2616 4893 νῦν
2661 4840 3019 4912 ὑποδιαιρῶν,
3062 4842 3302 4910 ἄφρονας
3333 4841 3426 4892 καὶ
3464 4840 3624 4903 ἄνους
3652 4842 3800 4911 λέγει
3841 4847 3968 4913 (90).

2409 4932 2571 5001 Δῆλον
2595 4933 2675 4984 ὅτι
2726 4933 2921 4999 σοφοὺς
2951 4931 3049 5001 μὲν
3081 4931 3275 4992 αὐτοὺς
3304 4925 3473 4994 εἶπεν,
3494 4932 3600 4985 ἀπὸ
3628 4936 3726 5004 τῆς
3749 4936 3970 5006 οἰήσεως

2409 5025 2508 5092 τῆς
2549 5024 2770 5076 ἐκείνων
2823 5022 3268 5092 συγχρησάμενος
3317 5022 3394 5093 τῷ
3443 5025 3684 5095 ὀνόματι.
3743 5026 3830 5087 Ὠς
3880 5025 3970 5076 καί

2589 5137 2635 5168 ⁸³
2670 5135 2807 5189 l’sal.
2839 5151 2998 5198 cxxv,
3032 5133 3084 5189 6.
3161 5135 3206 5166 “
3233 5135 3276 5190 ll
3301 5135 3423 5190 Cor.
3449 5153 3524 5203 Ix,
3554 5137 3608 5191 6.

3685 5137 3730 5168 "
3758 5135 3869 5190 Jer.
3900 5153 3969 5201 tv,

2413 5359 2543 5397 mss.
2570 5353 2622 5397 et
2654 5344 2704 5395 in
2735 5341 2967 5398 editione
3005 5343 3166 5396 Basil.
3204 5343 3398 5397 Statim
3445 5342 3614 5396 editio
3654 5341 3830 5397 Paris.
3873 5364 3972 5396 ιιιιο

2407 5415 2570 5466 verbo
2621 5412 2998 5483 καλοποιῆσαι.
3030 5415 3204 5468 Etlitio
3252 5429 3381 5466 vero
3429 5411 3594 5466 Basil.
3631 5425 3685 5468 et
3709 5429 3804 5468 sex
3844 5431 3970 5470 mss.

2407 5485 2612 5535 duabus
2637 5483 2852 5552 vocibus
2881 5484 3039 5537 καλὸν
3067 5485 3310 5552 ποιῆσαι.

2477 5553 2586 5620 (89)
2621 5552 2712 5606 Sic
2755 5551 3047 5607 Colbertini
3095 5551 3320 5620 primus.
3368 5551 3612 5619 quintus,
3675 5565 3864 5608 sextus
3917 5562 3972 5608 et

2411 5623 2674 5687 septimus
2733 5637 2853 5674 cum
2892 5623 3008 5678 aliis
3065 5625 3234 5676 tribus
3290 5621 3474 5688 Regiis
3527 5631 3579 5673 et
3648 5639 3768 5677 cum
3804 5623 3967 5680 (Ioisl.

2409 5690 2546 5743 Editi
2574 5707 2701 5745 vero
2723 5705 2842 5744 cum
2877 5709 2980 5746 uno
3013 5703 3097 5744 aut
3127 5693 3296 5745 altero
3324 5707 3422 5743 ms.
3468 5694 3601 5758 φησὶ
3630 5694 3722 5747 τὸν
3747 5695 3902 5752 Θεὸν.

2480 5760 2591 5831 (90)
2627 5760 2703 5815 Ita
2739 5775 2864 5817 mss.
2893 5778 3005 5818 sex.
3038 5763 3173 5817 Editi
3201 5763 3358 5824 ἄνους
3389 5759 3560 5816 καλεῖ.
