4230 6504
284 453 393 508 “5

1376 456 1651 512 HOMILIA
1692 456 1762 512 IN
1797 457 2118 516 PSALMUM
2157 461 2387 517 XLVIII.

3407 472 3513 529 H6

283 565 444 628 θεοὺς
476 565 726 634 ὀνομάζει
759 567 883 630 τοὺς
919 567 993 637 μὴ
1026 566 1183 635 φύσει
1233 571 1411 636 ὄντας,
1467 576 1533 643 τῇ
1585 574 1843 645 συνηθείᾳ
1872 593 1919 647 Α
1949 593 1953 630 1

1842 615 1843 622 η
1872 593 1919 647 Α
1949 578 2181 632 rantium
2237 587 2451 635 secutus
2495 585 2986 642 consuetudinem:
3035 587 3108 642 ita
3161 603 3372 660 quoque
3426 607 3512 647 sa-

283 659 395 712 τῶν
426 659 788 729 ἠπατημένων
838 660 1136 730 ἑπόμενος,
1176 664 1314 717 οὕτω
1346 667 1438 718 καὶ
1483 669 1678 735 σοφοὺς
1721 663 1842 723 εἷπε

282 750 410 812 τοὺς
439 751 673 820 ἄφρονας
709 750 800 802 καὶ
831 752 1106 823 ἀνοήτους.
1151 757 1380 807 Δυνατὸν
1423 753 1512 810 οὖν
1541 761 1604 828 τῇ
1637 760 1844 832 ἐπινοίᾳ

281 841 474 892 διελεῖν
503 841 591 892 τὸν
615 842 819 911 ἄφρονα
849 844 956 896 ἀπὸ
984 845 1075 898 τοῦ
1099 847 1342 916 ἀνοήτου.
1367 849 1586 919 Ἀφρων
1617 851 1712 918 μὲν
1736 851 1842 918 γάρ

281 932 432 983 ἐστιν
462 932 490 983 6
521 933 876 1003 ἐστερημένος
906 938 1234 1007 φρονήσεως,
1264 941 1356 990 καὶ
1379 941 1406 991 6
1434 941 1568 1010 πρὸς
1597 941 1661 993 τὰ
1690 943 1840 995 κοινά

282 1025 378 1075 καὶ
421 1024 730 1095 ἀνθρώπινα
770 1026 1084 1097 διορατικῶς
1140 1029 1216 1098 μὴ
1271 1029 1427 1100 ἔχων.
1471 1032 1624 1084 Οὖτω
1668 1035 1757 1084 καὶ
1804 1035 1837 1104 ἡ

282 1114 536 1184 συνήθεια
569 1117 858 1186 φρονίμους
891 1118 1044 1171 καλεῖ
1062 1123 1186 1184 τοὺς
1219 1123 1274 1175 ἐν
1308 1124 1419 1186 τοῖς
1445 1124 1580 1175 κατά
1608 1123 1696 1176 τὸν
1728 1123 1838 1191 βίον

281 1203 567 1274 πράγμασι
599 1206 656 1258 τὸ
687 1206 956 1274 ὠφέλιμον
985 1208 1080 1259 καὶ
1115 1208 1373 1280 βλαϐερὸν
1398 1212 1504 1280 (91)
1540 1212 1836 1282 διακρίνον-

279 1310 407 1356 ταςο
439 1295 569 1347 καθὸ
591 1296 800 1366 εἴρηται
830 1296 921 1348 καὶ
948 1298 1004 1350 ἐν
1036 1297 1113 1367 τῷ
1131 1299 1460 1369 Εὐαγγελίῳ⁸
1488 1300 1614 1353 ’Ὁτι
1640 1304 1690 1352 οἱ
1720 1302 1835 1354 υἱοὶ

280 1385 388 1439 τοῦ
444 1384 654 1451 αἰῶνος
707 1387 923 1440 τούτου
982 1391 1398 1459 φρονιμώτεροι
1470 1391 1621 1458 ὑπὲρ
1697 1392 1838 1458 τοὺς

279 1475 450 1541 υἱοὺς
493 1476 598 1528 τοῦ
651 1476 840 1543 φωτὸς
897 1479 984 1544 εὶς
1031 1479 1145 1546 τὴν
1193 1480 1402 1548 γενεὰν
1458 1480 1570 1546 τὴν
1610 1480 1837 1534 ἑαυτῶν

279 1571 456 1620 εἰσιν.
504 1567 575 1618 υύ
619 1568 725 1639 γὰρ
773 1569 956 1632 ἁπλῶς
1007 1572 1420 1644 φρονιμώτεροι,
1468 1574 1578 1626 ἀλλ’
1611 1576 1689 1636 εἰς
1737 1575 1835 1644 τὴν

277 1660 609 1728 διεξαγωγὴν
637 1661 732 1730 τῆς
771 1661 916 1730 ζωῆς
942 1664 1140 1734 ταύτης
1185 1663 1282 1733 τῆς
1326 1666 1383 1717 ἐν
1412 1668 1476 1735 τῇ
1509 1667 1667 1735 σαρκί
1703 1665 1828 1734 (92).

277 1746 438 1803 Οὗτοι
470 1751 526 1804 δὲ
557 1752 650 1805 καὶ
670 1753 936 1823 οἰκονόμοι
967 1754 1176 1818 ἀδικίας
1200 1755 1462 1824 λέγονται,
1500 1756 1586 1809 διὰ
1622 1757 1681 1809 τὸ
1710 1757 1832 1828 φρό-

275 1857 431 1910 νιμον
461 1841 561 1910 τῆς
593 1843 720 1913 περὶ
767 1844 855 1895 τὸν
902 1845 1103 1897 ἑαυτῶν
1145 1845 1258 1915 βίον
1294 1845 1619 1915 οἰκονομίας.
1676 1846 1833 1899 Κατά

1945 668 2184 736 pientes,
2245 671 2558 740 insipientes
2603 683 2656 728 et
2710 676 2906 731 stultos
2957 678 3109 732 dixit.
3167 681 3512 749 lnsipientem

1945 759 2109 827 igitur
2147 777 2175 813 a
2210 763 2372 818 stulto
2411 767 2736 836 cogitatione
2773 768 2896 823 licet
2947 770 3297 838 distinguere.
3329 771 3512 844 Siqui-

1942 852 2060 903 dem
2103 853 2358 920 insipiens
2392 866 2473 910 est
2529 858 2618 926 qui
2656 860 2935 927 prudentia
2968 862 3232 929 privatus,
3267 865 3317 919 in
3355 880 3508 919 com-

1942 942 2191 995 munibus
2227 959 2289 996 ac
2332 946 2583 1002 humanis
2625 951 2783 1004 rebus
2833 955 3115 1021 perspicax
3147 969 3380 1014 nonest.
3415 960 3508 1014 Sic

1941 1026 2101 1081 etiam
2135 1035 2468 1089 consuetudo
2513 1039 2800 1105 prudentes
2829 1054 2982 1095 vocat
3020 1059 3134 1110 eos,
3173 1049 3261 1116 qui
3301 1051 3351 1102 in
3384 1051 3509 1104 vine

1940 1123 2188 1188 negotiis,
2217 1125 2349 1178 utile
2372 1138 2424 1180 et
2457 1130 2675 1182 noxium
2713 1133 3039 1197 discernunt,
3065 1137 3217 1206 juxta
3254 1143 3392 1209 quod
3425 1143 3504 1195 di-

1939 1218 2081 1261 ctum
2114 1219 2194 1263 est
2235 1221 2286 1265 et
2327 1213 2377 1266 in
2432 1213 2760 1285 Evangelio:
2803 1222 2938 1286 Quia
2978 1225 3077 1290 ﬁlii
3122 1228 3280 1298 hujus
3320 1238 3499 1290 surculi

1937 1300 2297 1363 prudentiores
2315 1304 2440 1370 ﬁliis
2471 1307 2599 1360 lucis
2618 1311 2668 1360 in
2691 1317 3018 1379 generatione
3037 1334 3132 1370 sua
3160 1334 3282 1375 sunt
3307 1325 3369 1378 ‘°.
3391 1327 3504 1384 Non

1939 1391 2082 1444 enim
2110 1394 2482 1461 prudentiores
2525 1413 2645 1454 sunt
2690 1403 3026 1472 simpliciter,
3063 1412 3156 1466 sed
3205 1416 3270 1469 ad
3301 1418 3504 1483 degen-

1938 1481 2058 1535 dam
2101 1484 2238 1540 hanc
2291 1489 2342 1542 in
2379 1505 2539 1546 carne
2579 1493 2761 1548 vitam.
2800 1496 3002 1554 Rursus
3047 1512 3102 1556 et
3145 1505 3304 1562 villici
3345 1481 3502 1583 183

1937 1572 2012 1626 illi
2055 1574 2356 1645 iniquitatis
2392 1584 2677 1650 prudentes
2713 1588 2983 1654 dicuntur,
3022 1599 3162 1658 quod
3212 1572 3505 1668 prudeide'r

1935 1665 2101 1718 vitam
2127 1681 2279 1722 suam
2318 1671 2618 1729 instituant.
2655 1676 2951 1736 Prudentes
2972 1698 3182 1754 quoque
3213 1665 3354 1748 ⁷ειιιιι
3383 1711 3503 1752 ser-

1934 1760 2209 1825 pentes",
2250 1765 2540 1818 secundum
2601 1768 2740 1822 hanc
2795 1772 3262 1844 signiﬁcationem,
3307 1789 3504 1856 quippe

1934 1847 2022 1914 qui
2056 1847 2154 1901 sibi
2188 1849 2316 1916 ipsis
2341 1862 2523 1920 parent
2550 1853 2788 1923 latibula,
2811 1870 2973 1928 atque
3002 1865 3053 1917 in
3076 1847 3499 1933 periculis-omni

274 1932 429 1984 τοῦτο
458 1933 517 1985 τὸ
546 1935 957 2004 σημαινόμενον,
992 1936 1240 2007 φρόνιμοί
1268 1938 1404 1988 εἰσιν
1442 1937 1534 1990 καὶ
1570 1939 1618 1990 οἱ
1653 1938 1828 2006 ὄφεις,
1863 1938 1904 1994 Β
1935 1955 1944 1989 ι

1863 1938 1904 1994 Β
1935 1941 2090 1993 modo
2127 1941 2309 2012 plagas
2348 1947 2539 2013 capitis
2583 1950 2805 2004 evitent.
2847 1952 3053 2011 Stultus
3078 1932 3264 2016 autem
3298 1965 3341 2018 is
3369 1966 3500 2021 diei-

272 2023 592 2087 καταδύσεις
615 2027 822 2090 ἑαυτοῖς
857 2026 1289 2096 εὐτρεπίζοντες,
1313 2027 1404 2080 καὶ
1433 2029 1490 2082 ἐν
1517 2032 1629 2093 τοῖς
1655 2029 1833 2083 κινδύ-

271 2133 386 2179 νοις
416 2117 574 2169 παντὶ
597 2117 777 2186 τρόπῳ
805 2117 900 2179 τὰς
934 2118 1023 2168 ἐπὶ
1054 2117 1151 2188 τὴν
1193 2119 1428 2190 κεφαλὴν
1455 2122 1667 2192 πληγὰς
1696 2123 1832 2175 ἀποο

273 2206 579 2274 φεύγοντες.
619 2210 809 2270 Ἀνους
833 2208 888 2258 δὲ
920 2207 1133 2275 λέγεται
1163 2211 1190 2261 6
1217 2210 1313 2263 οὐκ
1347 2210 1484 2281 ἔχων
1517 2215 1582 2266 τὰ
1623 2215 1716 2267 τοῦ
1747 2217 1833 2268 ἀν-

271 2297 491 2369 θρώπου
520 2298 783 2368 ἐξαίρετα.
815 2297 995 2350 Ταῦτα
1023 2299 1078 2352 δέ
1110 2302 1223 2352 ἐστι
1256 2300 1388 2354 Θεοῦ
1420 2305 1631 2376 Πατρὸς
1669 2324 1831 2359 κατα-

270 2390 473 2458 νόησις,
506 2391 598 2442 καὶ
626 2392 657 2458 ἠ
694 2387 787 2440 τοῦ
810 2391 867 2441 ἐν
897 2391 1037 2461 ἀρχῇ
1061 2391 1212 2454 ὄντος
1241 2392 1373 2462 πρὸς
1388 2395 1478 2447 τὸν
1507 2394 1636 2447 Θεὸν
1657 2398 1828 2464 Λόγου

270 2481 547 2551 παραδοχή
583 2479 728 2550 (95)’
777 2483 870 2533 καὶ
915 2485 942 2534 6
993 2485 1146 2554 παρὰ
1177 2486 1268 2538 τοῦ
1308 2487 1462 2551 ἁγίου
1517 2487 1830 2556 Πνεύματος

269 2572 612 2641 ἐγγινόμενος
651 2574 952 2644 φωτισμός·
983 2576 1163 2629 ὅντινα
1196 2576 1316 2628 νοῦν
1344 2576 1554 2645 ἔχουσιν
1581 2579 1629 2630 οἱ
1667 2580 1828 2634 δυνά-

271 2681 422 2735 μενοι
473 2664 609 2734 μετὰ
656 2665 866 2717 Παύλου
916 2664 1123 2732 λέγειν’
1166 2666 1354 2735 Ἡμεῖς
1409 2668 1477 2721 δὲ
1520 2671 1669 2723 γοῦν
1699 2675 1829 2740 Χρι-

266 2759 420 2813 στοῦ
469 2759 702 2826 ἔχομεν.
763 2758 1042 2830 Κέχρηται
1101 2761 1282 2831 μέντοι
1339 2765 1433 2818 καὶ
1494 2765 1828 2838 ἐνηλλαγμέ-

263 2867 374 2912 νως
420 2853 527 2910 τοῖς
578 2850 782 2918 ῥήμασι
809 2849 1075 2922 τούτοιςὴ
1113 2854 1366 2925 συνήθεια
1415 2856 1514 2925 τῆς
1560 2859 1599 2909 Γ
1605 2861 1800 2930 ραφῆς,

262 2937 357 2991 τὸν
379 2938 476 3007 μὲν
503 2937 656 2991 ἄθεον
684 2939 890 3011 ἄφρονα
920 2940 1149 3011 λέγουσα
1176 2947 1232 2997 ἐν
1267 2946 1342 3016 τῷ
1361 2985 1375 3010 ,
1415 2945 1602 3001 Εἶπεν
1629 2951 1828 3018 ἄφρων

261 3029 335 3080 ἐν
361 3027 569 3094 καρδίᾳ
600 3030 812 3082 αὑτοῦ·
857 3033 976 3084 Οὐκ
1022 3031 1150 3086 ἔστι
1181 3035 1323 3100 Θεός
1350 3050 1364 3064 ·
1414 3038 1507 3089 καὶ
1560 3039 1719 3090 πάλιν
1767 3038 1826 3090 τὸ

267 3123 396 3192 περὶ
448 3123 545 3192 τὴν
611 3123 752 3194 ζωὴν
821 3124 1081 3195 βλαϐερὸν
1149 3128 1373 3198 ἀνόητον
1445 3131 1819 3200 όνομάζουσα·

261 3215 341 3276 ὼς
369 3214 396 3266 6
438 3213 756 3277 Ἀπόστολος
807 3217 932 3284 περὶ
964 3216 1070 3267 τῶν
1097 3218 1474 3286 ἐμπιπτόντων
1520 3222 1599 3283 εἰς
1637 3223 1825 3276 ἐπιθυ-

1936 2037 2042 2092 tur,
2067 2033 2155 2100 qui
2185 2048 2288 2086 non
2327 2035 2488 2091 habet
2517 2053 2599 2102 ea,
2643 2057 2762 2110 quae
2791 2055 2915 2100 sunt
2947 2048 3180 2104 hominis
3211 2057 3496 2124 praecipua.

1932 2117 2058 2174 Haec
2085 2132 2260 2176 autem
2312 2134 2454 2193 sunt,
2496 2126 2586 2183 Dei
2620 2130 2796 2188 Patris
2822 2139 3030 2205 notitia,
3059 2151 3114 2194 et
3143 2117 3321 2208 Verbi,
3356 2117 3498 2215 quod

1932 2220 2051 2265 erat
2080 2212 2133 2266 in
2195 2216 2458 2287 principio
2491 2223 2629 2287 apud
2665 2223 2829 2280 Deum
2853 2229 2919 2295 “,
2949 2231 3192 2290 doctrina
3219 2254 3245 2291 a
3275 2212 3496 2307 majori-

1932 2301 2030 2355 bus
2058 2316 2299 2373 accepta,
2322 2318 2375 2361 et
2402 2325 2430 2361 a
2473 2324 2657 2366 sancto
2686 2315 2886 2382 Spiritu
2927 2327 3219 2389 procedens
3259 2301 3492 2386 illustra-

1934 2393 2006 2445 tio
2035 2411 2047 2445 :
2080 2410 2240 2462 quam
2272 2409 2502 2455 mentem
2549 2404 2768 2472 habent,
2797 2411 2887 2478 qui
2921 2428 3143 2481 possunt
3172 2435 3292 2476 cum
3333 2423 3495 2480 Paulo

1931 2485 2109 2542 dicere
2140 2507 2153 2541 :
2199 2488 2309 2544 Nos
2340 2505 2509 2547 autem
2549 2511 2768 2554 mentem
2803 2502 2996 2560 Christi
3023 2507 3268 2566 habemus
3291 2515 3359 2570 7’.
3390 2519 3491 2571 At-

1932 2585 2108 2630 tamen
2151 2579 2232 2634 his
2263 2585 2480 2639 vocibus
2516 2588 2756 2645 vicissim
2799 2608 2862 2649 ac
2897 2601 3206 2666 promiscue
3243 2608 3317 2659 uti
3359 2609 3493 2665 solet

1930 2667 2226 2737 Scriptura,
2269 2683 2452 2742 utpote
2487 2693 2606 2746 quae
2667 2683 2885 2750 impium
2931 2702 3084 2745 vocet
3124 2693 3487 2766 insipientem,

1927 2760 2173 2817 videlicet
2226 2764 2341 2820 loco
2388 2768 2509 2835 illo,
2557 2772 2704 2827 Dixit
2758 2777 3006 2846 insipiens
3039 2784 3091 2836 in
3141 2760 3296 2841 carae
3342 2760 3492 2846 suo.-

1929 2851 2052 2906 Non
2099 2866 2174 2907 est
2223 2857 2360 2912 Deus
2386 2860 2451 2913 ⁷³.
2505 2862 2569 2915 Et
2617 2864 2811 2920 iterum
2851 2869 2920 2935 id,
2953 2875 3092 2939 quod
3141 2879 3264 2931 vita:
3313 2893 3487 2947 nocet,

1927 2944 2149 3000 stultum
2202 2951 2480 3018 nominat;
2507 2957 2954 3021 quemadmodum
3005 2963 3291 3031 Apostolus
3321 2971 3386 3025 de
3422 2944 3488 3026 iis

1926 3037 2014 3104 qui
2047 3038 2098 3092 in
2142 3042 2604 3110 coucupiscentias
2638 3049 2830 3104 stultas
2857 3062 2909 3105 et
2951 3059 3139 3112 noxias
3166 3057 3484 3122 incidunt“.

1925 3128 2036 3184 Hoc
2069 3131 2254 3200 utique
2287 3145 2439 3201 pacto
2476 3136 2732 3207 insipiens
2772 3149 2824 3193 et
2857 3145 3050 3199 Stultus
3077 3148 3393 3206 deferuntur
3422 3157 3488 3209 ad

1928 3235 2092 3276 unum
2139 3239 2476 3280 communem
2512 3228 2672 3283 linem
2703 3271 2717 3296 ,
2749 3233 3101 3300 perditionem
3128 3239 3171 3270 ⁷⁵
3209 3242 3482 3300 videlicet.

265 3305 395 3374 μίας
427 3305 683 3373 ἀνοήτους
731 3305 824 3357 καὶ
860 3305 1144 3375 βλαϐεράς.
1200 3305 1355 3360 Οὕτω
1419 3310 1602 3378 μέντοι
1653 3313 1764 3385 (94)
1793 3317 1822 3368 6
1850 3288 1891 3346 C
1924 3316 1935 3368 Ι

1817 3338 1822 3365 l
1850 3288 1891 3346 ο
1924 3316 2099 3370 Possit
2123 3321 2284 3372 etiam
2314 3323 2434 3389 quis
2467 3324 2675 3390 dicere,
2725 3327 3068 3400 insipientem
3125 3338 3340 3405 quidem
3394 3359 3487 3413 ap-

261 3397 450 3464 ἄφρων
494 3395 585 3446 καὶ
615 3396 643 3446 6
675 3393 832 3456 ἄνους
866 3395 998 3466 πρὸς
1038 3396 1093 3448 ἐν
1134 3398 1310 3451 κοινὸν
1342 3400 1493 3466 τέλος
1541 3405 1639 3474 τὴν
1675 3406 1824 3459 ἀπώ-

259 3485 408 3536 λειαν
435 3484 850 3554 καταφέρονται.
882 3485 1112 3542 Δύναται
1157 3489 1213 3542 δέ
1267 3508 1351 3554 τις
1396 3495 1566 3545 εἰπεῖν
1615 3495 1820 3563 ἄφρονα

263 3577 362 3648 μὲν
411 3575 720 3646 ὠνομάσθαι
769 3578 858 3632 τὸν
905 3578 1129 3642 ἐθνικῶς
1175 3579 1379 3644 ζῶντα,
1422 3583 1582 3634 ἄνουν
1627 3585 1683 3636 δέ
1731 3586 1821 3640 τὸν

271 3669 572 3733 Ἰουδαϊκῶς
601 3670 740 3723 κατά
764 3670 860 3741 τὴν
897 3671 1056 3740 ψιλὴν
1089 3671 1182 3723 τοῦ
1210 3673 1374 3743 νόμου
1403 3676 1631 3744 τήρησιν
1668 3675 1818 3730 πολι.

255 3762 562 3832 τευόμενον.
604 3762 788 3831 Τούτῳ
825 3761 930 3832 γὰρ
963 3761 1038 3830 τῷ
1075 3761 1269 3832 ἄφρονι
1303 3761 1455 3818 εἶπεν
1497 3769 1525 3819 6
1558 3767 1687 3829 Θεὸς
1732 3770 1820 3824 διὰ

253 3857 358 3925 τὴν
423 3857 826 3924 ἐνυπάρχουσαν
895 3853 1039 3924 αὐτῷ
1109 3855 1407 3927 ἀθεότητα·
1461 3861 1697 3928 Ἄρρων,
1751 3863 1820 3915 ἐν

253 3947 443 4014 ταύτῃ
475 3945 551 4014 τῇ
585 3946 755 3999 νυκτὶ
781 3945 893 4013 τὴν
920 3945 1131 4013 ψυχήν
1160 3961 1276 4000 σου
1305 3949 1667 4017 ἀφαιροῦσιν
1701 3952 1816 4007 ἀπὸ

252 4042 372 4096 σοῦ
414 4042 546 4112 (95).
593 4043 785 4103 ’Λνους
817 4042 870 4093 δέ
901 4043 927 4093 6
969 4041 1109 4095 κατά
1148 4041 1326 4112 σάρκα
1361 4044 1570 4114 Ἰσραὴλ
1605 4047 1817 4117 ὠνόμα-

252 4151 378 4188 σται
415 4133 550 4186 κατά
589 4135 678 4184 τὸν
709 4134 1009 4203 προφήτην,
1035 4133 1094 4195 ὅς
1126 4151 1286 4203 φησιο
1323 4135 1430 4189 Καὶ
1462 4131 1542 4204 ἦν
1575 4137 1816 4206 Ἐφραῖμ

249 4229 333 4291 ὡς
365 4225 678 4292 περιστερὰ
713 4224 896 4290 ἄνους
916 4241 929 4254 ·
961 4225 1265 4294 Αἴγυπτον
1293 4229 1639 4283 ἐπεκαλεῖτο
1680 4230 1812 4301 (96),

249 4319 351 4372 καὶ
400 4319 486 4382 εὶς
527 4317 868 4386 Ἀσσυρίους
912 4316 1244 4388 ἐπορεύετο.
1278 4321 1492 4374 Τούτων
1531 4318 1621 4375 οὖν
1663 4328 1810 4396 κοινῇ

249 4410 479 4480 ὑπὸτῆς
521 4409 654 4472 ἰδίας
693 4410 912 4478 ἀγνοίας
955 4411 1406 4482 συντριϐομένων,
1438 4416 1595 4483 ἡμεῖς
1628 4417 1676 4468 οἱ
1716 4418 1810 4470 ἁλ-

246 4502 448 4572 λότριοι
474 4501 649 4554 αὐτῶν
673 4502 991 4572 κληρονόμοι
1021 4503 1110 4554 τοῦ
1137 4504 1365 4557 πλούτου
1394 4506 1654 4576 γινόμεθα
1680 4509 1805 4577 (97).

1922 3407 2173 3472 pellatum
2230 3425 2350 3465 esse
2403 3429 2561 3481 eum,
2631 3419 2720 3487 qui
2787 3435 2934 3476 more
2990 3423 3122 3479 vivit
3187 3407 3482 3506 gentium}

1922 3495 2144 3552 stultum
2197 3514 2330 3555 vero
2380 3517 2524 3570 eum,
2561 3507 2651 3575 qui
2712 3523 2862 3564 more
2911 3509 3132 3569 Iudaico
3185 3495 3478 3579 secundum

1921 3587 2116 3639 nudam
2144 3587 2273 3658 legis
2307 3592 2736 3650 observationem
2781 3599 2943 3653 vitam
2969 3602 3136 3673 degit.
3174 3607 3310 3664 Huic
3338 3615 3484 3670 enim

1923 3675 2192 3743 insipienti
2258 3681 2393 3736 dixit
2449 3684 2612 3747 Deus,
2666 3689 2733 3742 ob
2780 3704 2899 3745 eam
2948 3709 3067 3762 qum
3103 3697 3154 3751 in
3192 3700 3308 3770 ipso
3366 3720 3485 3763 erat

1919 3765 2246 3834 impietatem
2294 3790 2307 3825 :
2359 3772 2651 3842 lnsipicns,
2712 3780 2811 3833 hac
2846 3797 2990 3838 nocte
3048 3797 3191 3843 tuam
3253 3796 3483 3851 animum

1919 3857 2163 3925 auferunt
2199 3878 2230 3914 a
2274 3872 2322 3917 te
2353 3865 2419 3916 ⁷⁸.
2449 3865 2611 3922 Israel
2651 3883 2849 3941 autem,
2891 3877 2981 3945 qui
3024 3885 3314 3939 secundum
3358 3903 3482 3943 car-

1920 3964 2038 4002 nem
2094 3961 2219 4017 est,
2270 3967 2491 4011 vocatus
2548 3971 2630 4013 est
2691 3964 2902 4029 stultus,
2961 3969 3113 4036 juxta
3165 3977 3479 4044 prophetam

1919 4041 2182 4096 dicentem
2219 4062 2233 4097 :
2280 4043 2347 4097 Et
2387 4058 2499 4100 erat
2529 4049 2779 4117 Ephraim
2815 4061 2966 4126 quasi
3002 4063 3237 4118 columba
3265 4041 3428 4124 stulta
3459 4089 3478 4126 :

1917 4133 2205 4204 Ai'gyptum
2256 4139 2565 4208 inuocabat,
2619 4157 2667 4199 et
2719 4148 2786 4201 ad
2838 4153 3078 4222 Assyrios
3125 4158 3229 4210 ibat
3279 4162 3344 4218 ’⁷.
3383 4164 3476 4221 His

1918 4226 2076 4294 igitur
2106 4244 2203 4297 per
2233 4246 2382 4286 suam
2417 4238 2657 4302 ipsorum
2697 4241 2959 4296 inscitiam
2993 4247 3150 4300 simul
3185 4255 3432 4310 contritis
3458 4299 3473 4323 ,

1916 4319 2074 4374 alieni
2124 4336 2221 4377 uos
2272 4323 2580 4381 divitiarum
2634 4345 2849 4384 suarum
2897 4334 3136 4393 haeredes
3181 4319 3468 4401 ellicimur.

1915 4411 2103 4467 Nostra
2166 4417 2309 4470 enim
2385 4430 2514 4474 sunt
2571 4434 2876 4493 praecepta,
2945 4431 3110 4483 nostri
3166 4436 3470 4505 prophetae,

1913 4505 2080 4559 nostri
2123 4507 2475 4575 patriarchae;
2525 4513 2692 4565 nostri
2731 4526 2855 4568 sunt
2910 4518 3062 4584 quia
3100 4523 3297 4580 saeculo
3340 4525 3471 4595 justi

258 4595 447 4665 Ἦμῶν
502 4595 609 4666 γὰρ
667 4597 721 4649 αἱ
787 4594 1033 4660 ἐντολαὶ,
1098 4596 1353 4666 ἡμέτεροι
1411 4600 1457 4650 οἱ
1514 4601 1806 4669 προφῆται,
1842 4596 1928 4694 Di

1798 4640 1886 4694 ,Β
1914 4596 2082 4654 fuere.
2129 4600 2264 4655 Suas
2311 4604 2465 4657 nobis
2513 4604 2727 4661 divitias
2776 4607 3107 4678 reliquerunt
3150 4619 3241 4684 qui
3288 4594 3468 4675 insna

322 4758 367 4790 θ’
390 4755 522 4810 Luc.
591 4771 700 4818 va,
733 4758 785 4812 8.
863 4758 907 4787 ⁷ο
944 4755 1130 4810 Matth.
1163 4771 1214 4816 ιι,
1261 4755 1341 4809 16.

242 4828 338 4883 ἰι
392 4828 531 4883 Tim.
567 4841 639 4890 vn,
673 4827 724 4879 9.
801 4828 848 4859 "
879 4826 1006 4880 Luc.
1035 4842 1132 4891 xu,
1160 4827 1248 4881 20.
1321 4827 1365 4856 ⁷⁷
1391 4826 1513 4881 Ose.
1547 4842 1632 4890 vn,
1676 4829 1723 4880 l.

316 4965 429 5037 (91)
462 4961 687 5037 Εάῑιῐ-τδ
717 4961 974 5033 βλαϐερὸν
999 4963 1402 5037 καὶᾲὼφέλιμον.
1430 4963 1648 5037 Legitur
1673 4980 1802 5037 vero

242 5040 298 5090 in
326 5033 424 5090 sex
453 5051 583 5090 mss.
611 5035 825 5089 inverso
856 5037 1045 5089 ordine
1067 5035 1128 5088 τὸ
1162 5033 1434 5103 ὠφέλιμον
1467 5036 1559 5086 καὶ
1601 5034 1796 5104 βλαϐε-

241 5125 426 5247 ροῖθὲ)
458 5174 598 5247 Editi
627 5177 683 5226 ἐν
715 5173 1160 5247 σαρκξ.νΑιξῐηες.
1190 5172 1340 5247 multi
1369 5175 1435 5242 τῇ
1458 5177 1536 5247 ,ἐν
1575 5175 1756 5247 σαρκί.

311 5175 406 5242 (99.
458 5175 598 5228 Editi
627 5177 683 5226 ἐν
715 5175 900 5247 σαρκί.
938 5175 1004 5226 At
1032 5189 1160 5226 mss.
1190 5175 1340 5226 multi
1369 5175 1435 5242 τῇ
1480 5177 1536 5226 ἐν
1578 5175 1756 5244 σαρκί.

310 5175 426 5316 (θόζ
461 5246 569 5307 Ilia,
601 5247 694 5297 καὶ
728 5247 760 5315 ἡ
789 5244 884 5298 τοῦ
911 5246 967 5297 ἐν
1005 5245 1144 5314 ἀρχῇ
1189 5245 1337 5305 ὄντος
1378 5242 1512 5316 πρὸ-ς
1541 5245 1795 5316 τὸν-Θεὸν

235 5310 415 5387 Λόγου
443 5310 842 5389 παραδοχή,ἐἰο
867 5310 1107 5389 verterat
1120 5310 1392 5389 interpres
1421 5310 1433 5364 ἐ
1462 5310 1594 5389 Item
1624 5314 1794 5389 Verbi,

237 5383 380 5455 quod
409 5390 463 5441 in
490 5383 742 5465 principio
778 5397 890 5465 erat
933 5385 1076 5465 apud
1113 5383 1317 5465 Deum,‘
1341 5386 1649 5465 assumptio.
1689 5385 1795 5465 Sed

238 5454 341 5511 vox
406 5458 691 5525 assumptio
745 5456 857 5510 visa
894 5467 995 5534 _est
1039 5454 1356 5534 (Eombelisio
1410 5455 1682 5534 retnptior,
1727 5457 1796 5534 ob

238 5530 401 5603 idque
429 5523 1009 5603 interpretari‘maluit,
1061 5523 1215 5577 Verbi
1239 5523 1611 5603 _in“principio
1653 5527 1792 5589 apud

237 5593 406 5650 Deum
447 5598 659 5648 traditio
687 5605 741 5672 et.
761 5596 909 5672 ﬁdes.
951 5595 1064 5646 \‘im
1099 5593 1342 5672 vocabuli
1368 5594 1421 5672 si
1468 5603 1788 5672 spectemus,

235 5668 520 5737 παραδοχή
569 5661 778 5733 proprie
827 5665 1207 5737 eritsusreptio
1257 5661 1453 5737 [eruis
1491 5663 1569 5714 vel
1614 5665 1791 5737 potius

235 5729 688 5803 «adiungamus
722 5750 749 5787 a
803 5736 1093 5803 majoribus
1143 5736 1206 5786 de
1257 5729 1419 5786 Verbi
1465 5733 1789 5799 susceptione
1886 5729 2123 5822 νῶμεθα.
2169 5737 2278 5791 Hoc
2324 5729 2440 5804 ipso
2485 5739 2536 5791 in
2563 5729 2691 5822 loco
2715 5729 3044 5822 septemms

1887 5810 2025 5863 Editi
2051 5825 2175 5862 vero
2211 5822 2326 5862 cum
2356 5822 2461 5863 uno
2492 5819 2582 5863 aut
2607 5808 2778 5864 altero
2803 5825 2899 5865 ms.
2929 5811 3084 5882 ἡμῶν
3111 5808 3239 5884 γάρ.

233 5810 578 5884 accepim‘tts._
653 5875 686 5884 ﬁ
761 5879 770 5884 Δ
1081 5875 1090 5884 ι
1340 5883 1344 5884 7
1685 5865 1750 5884 Λτ

306 5881 419 5931 (vi)
445 5876 617 5930 Editio
653 5875 821 5930 Paris.
858 5891 974 5930 cum
1008 5875 1237 5940 quinque
1262 5883 1351 5926 aut
1388 5888 1475 5928 sex
1516 5888 1641 5926 mss.
1682 5873 1774 5923 Οὖ-

1441 4757 1484 4787 “
1519 4756 1673 4809 Joun.
1711 4776 1747 4823 I,
1779 4759 1832 4812 2.

1911 4760 1997 4811 ⁷²1
2031 4760 2155 4814 Cor.
2188 4775 2245 4824 ιι,
2278 4759 2363 4814 16.
2465 4763 2511 4794 ⁷³
2540 4763 2678 4818 Psal.
2737 4781 2855 4830 xm,
2904 4770 2954 4820 1.
3031 4769 3075 4799 ⁷⁸
3113 4769 3269 4828 Rom.
3299 4791 3338 4841 ι,
3374 4777 3466 4831 5|.

1905 4982 1993 5041 τος
2016 4965 2227 5041 μέντοι.
2253 4966 2412 5041 Cois].
2446 4970 2611 5028 Ουτος
2639 4967 2736 5034 μὲν
2773 4964 2865 5020 οὖν
2889 4970 3096 5041 ἄφρων.
3131 4974 3307 5029 Editto
3337 4991 3465 5033 vero

1903 5035 2067 5114 Basil.
2107 5046 2162 5090 et
2201 5038 2350 5114 [tegii
2379 5043 2643 5090 secundus
2668 5049 2722 5090 et
2748 5035 3077 5096 sextus‘c'um
3109 5043 3261 5099 Colb.
3285 5048 3460 5114 primo

1902 5106 2104 5170 Οὕτως.
2139 5106 2350 5160 melius.

1966 5178 2074 5246 (95)
2114 5177 2274 5230 Voces
2302 5176 2408 5228 ἀπὸ
2441 5175 2532 5226 σοῦ
2561 5176 2752 5232 desunt
2784 5181 2834 5233 in
2866 5196 2958 5235 sex
3005 5197 3134 5238 mss.
3167 5194 3220 5238 et
3259 5184 3311 5238 in
3335 5188 3452 5242 edi.

1898 5249 2040 5303 tione
2071 5249 2229 5302 Basil.

1970 5319 2082 5387 (96)
2113 5315 2403 5391 Uolbertini
2438 5315 2662 5391 primus.
2714 5330 2900 5373 sextus
2939 5331 2994 5374 et
3027 5324 3285 5391 septimus
3329 5342 3448 5379 cum

1895 5386 2101 5442 duObus
2163 5388 2338 5462 Regiis
2374 5386 2770 5462 ἐπεκαλέσατο.
2797 5391 2994 5443 Ibidem
3021 5386 3144 5447 editi
3182 5405 3235 5447 et
3283 5399 3454 5462 major

1895 5472 2019 5524 pars
2047 5473 2175 5512 mss.
2211 5456 2516 5526 ἐπορεύετο.
2553 5459 2896 5533 AliiAquidam
2933 5477 3059 5515 mss.
3109 5456 3452 5533 ἐπορεύοντο.

1892 5526 2033 5606 μυί
2059 5544 2267 5597 quoque
2310 5541 2533 5581 numero
2568 5528 2920 5585 multitudinis
2946 5533 3025 5585 usi
3050 5526 3454 5606 ευιιι,’ἐπορεύ-

1891 5598 2081 5651 θησαν.

1944 5641 2236 5789 ’(⁷9ἦέροιι).
2266 5666 2521 5733 septimus
2552 5667 2840 5738 γενόμεθα.
2902 5668 3035 5740 Reg.
3074 5675 3338 5728 secundus
3365 5693 3451 5742 γι-

1944 5739 2032 5789 )ιιε
2073 5756 2123 5789 α.
2169 5737 2278 5789 Hoc
2324 5738 2440 5789 iuso
2485 5739 2536 5789 in
2575 5742 2690 5789 loco
2715 5751 2917 5789 sentem
2961 5758 3090 5789 mss.
3136 5744 3292 5789 'Huzu
3321 5749 3427 5789 γάρ)

2073 5756 2123 5790 α.
2169 5737 2278 5791 Hoc
2324 5738 2440 5804 ipso
2485 5739 2536 5791 in
2575 5737 2690 5816 loco
2715 5737 3090 5816 septemmss.
3136 5744 3292 5816 ᾘμίν
3321 5737 3449 5816 γάρ.
