4230 6490
787 428 898 484 447

2122 418 2178 473 S.
2220 417 2458 471 BASILII
2498 416 2710 472 MAGNI

3900 417 3997 472 “8

786 536 1086 606 insipientia
1121 536 1347 606 periere.
1372 533 1570 589 Horum
1591 542 1769 588 autem
1791 533 2001 599 domus,
2027 532 2326 599 insipientis
2357 538 2402 596 Α
2429 536 2456 604 ἠ

2324 569 2326 582 ,
2357 538 2402 596 Α
2429 532 2582 604 ἡμῶν
2614 534 2664 585 οἱ
2715 532 3074 603 πατριάρχαι·
3109 530 3262 604 ἡμῶν
3306 532 3356 584 οἱ
3404 530 3497 585 ἀπ’
3544 531 3737 595 αἰῶνος
3778 529 3994 584 δίκαιοι.

784 636 837 681 ct
874 625 1046 690 stulti,
1086 625 1334 695 sepulcra
1369 634 1495 681 sunt
1522 625 1574 679 in
1605 635 1886 679 aeternum.
1922 626 2158 692 Quorum
2189 626 2331 679 enim

783 718 893 769 vita
933 718 1154 773 mortuis
1186 717 1440 785 operibus
1469 732 1533 771 ex
1572 717 1718 771 omni
1771 724 1994 783 peccato
2033 715 2333 768 scaturien-

785 808 926 863 tibus
964 808 1162 878 repleta
1196 818 1313 872 est,
1348 809 1535 863 horum
1586 810 1775 863 domus
1828 808 2071 876 sepulcra
2115 814 2241 859 sunt
2281 806 2332 859 in

784 909 1063 955 aeternum.
1112 901 1211 967 Qut
1243 900 1386 954 enim
1431 908 1673 955 mortuus
1703 907 1784 951 est
1818 914 1913 967 per
1945 907 2160 968 peccata
2182 934 2198 958 ,
2229 909 2332 948 non

785 990 1000 1046 domum
1041 991 1279 1057 habitat,
1330 991 1423 1045 sed
1480 991 1816 1060 sepulcrum,
1851 1004 1970 1044 cum
2012 986 2187 1039 anima
2220 985 2336 1053 ejus

787 1090 993 1133 mortua
1021 1081 1108 1133 sit.
1142 1080 1273 1133 Nam
1303 1080 1518 1135 domum
1556 1080 1761 1135 habitat
1793 1093 1999 1134 morum
2028 1076 2235 1142 integer
2274 1091 2337 1131 ac

786 1167 1011 1237 simplex
1049 1168 1233 1233 Jacob,
1285 1169 1351 1225 de
1401 1184 1506 1238 quo
1553 1168 1812 1234 scriptum
1858 1176 1979 1233 est,
2027 1164 2168 1233 quod
2220 1175 2337 1219 erat

787 1258 960 1313 Homo
1000 1261 1231 1313 sincerus
1274 1277 1335 1314 ac
1373 1260 1563 1322 bonus,
1596 1257 1837 1313 habitans
1882 1260 2089 1311 domum
2127 1255 2173 1286 “
2204 1272 2217 1308 :
2254 1271 2339 1310 se-

786 1347 1025 1419 pulcrum
1068 1363 1195 1405 vero
1240 1349 1444 1403 habitat
1479 1348 1556 1411 is,
1599 1347 1689 1417 qui
1732 1348 1952 1403 omnino
2000 1344 2175 1399 malus
2216 1356 2334 1411 est,

787 1449 949 1508 atque
1004 1454 1070 1494 ne
1123 1437 1454 1506 paenitentia:
1513 1438 1728 1506 quidem
1809 1436 2211 1491 fundamentum
2271 1436 2338 1490 de

786 1530 1013 1583 Jtortuis
1054 1529 1305 1597 operibus
1329 1527 1462 1596 jacit
1490 1541 1505 1580 :
1534 1530 1627 1583 sed
1675 1526 1865 1582 similis
1911 1524 2158 1593 sepulcro
2196 1525 2338 1581 deal—

786 1633 915 1673 uato
946 1618 1189 1683 eﬂicitur,
1226 1618 1370 1686 quod
1402 1619 1617 1688 quidem
1662 1617 1959 1671 forinsecus
1997 1616 2337 1686 conspicuum

785 1717 888 1775 est,
922 1708 1246 1763 intrinsecus
1269 1724 1397 1764 vero
1431 1718 1760 1764 mortuorum
1787 1706 1998 1761 ossibus
2025 1708 2338 1775 cunctisque

788 1800 1031 1854 sordibus
1092 1797 1348 1855 refertum
1398 1810 1476 1854 est
1510 1798 1576 1850 ⁷⁸.
1636 1796 1993 1863 QuamObrem
2048 1798 2169 1852 talis
2211 1799 2334 1851 dum

2445 624 2602 694 Ἡμῖν
2651 625 2938 678 κατέλιπον
2976 622 3067 677 τὸν
3102 623 3327 678 πλοῦτον
3373 621 3577 677 ἑαυτῶν
3606 623 3656 673 οἱ
3692 625 3749 676 ὲν
3780 623 3848 693 τῇ
3886 620 3998 691 (98}

2432 712 2707 783 ἀφροσύνῃ
2753 711 2958 767 ἑαυτῶν
3008 710 3385 781 ἀπολλύμενοι.
3447 710 3661 765 Τούτων
3716 710 3774 762 δὲ
3824 709 3879 762 αἱ
3919 710 3998 761 οἱ-

2435 801 2568 865 κίαι,
2612 802 2705 855 τοῦ
2760 804 2991 877 ἄφρονος
3044 801 3139 855 καὶ
3181 801 3273 853 τοῦ
3333 803 3559 876 ἀνοήτου
3585 845 3601 870 ,
3656 799 3816 870 τάφοι
3861 801 3996 854 εἰσιν

2434 892 2513 952 εἰς
2556 892 2645 944 τὸν
2690 892 2880 947 αἰῶνα.
2912 884 3010 944 Ὧν
3050 889 3158 961 γὰρ
3190 892 3219 943 6
3271 889 3380 960 βίος
3432 891 3640 965 νεκρῶν
3682 888 3859 963 ἔργων
3891 891 3999 941 τῶν

2434 982 2541 1037 ἀπὸ
2593 982 2773 1053 πάσης
2824 983 3094 1055 ἁμαρτίας
3154 982 3535 1053 πεπλήρωται,
3584 986 3784 1038 τούτων
3835 980 3997 1048 τάφοι

2435 1074 2569 1127 εἰσὶν
2599 1075 2653 1127 αἱ
2692 1075 2858 1127 οίκίαι
2905 1077 2984 1139 είς
3015 1075 3103 1128 τὸν
3142 1071 3331 1126 αἰῶνα.
3373 1072 3429 1126 '0
3473 1072 3582 1143 γὰρ
3615 1074 3803 1146 νεκρὸς
3840 1071 3996 1141 γενό-

2440 1181 2596 1236 μενος
2628 1168 2739 1227 τοῖς
2772 1164 3208 1237 παραπτώμασιν
3260 1164 3359 1217 οὐκ
3416 1162 3592 1216 οίκιαν
3645 1168 3813 1230 οἰκεῖ,
3862 1161 3999 1220 ἀλλά

2436 1255 2624 1324 τάφον,
2666 1256 2763 1324 τῆς
2798 1255 2989 1307 ἑαυτοῦ
3017 1256 3193 1326 ψυχῆς
3222 1252 3645 1323 νενεκρωμένης.
3673 1256 3863 1309 Οίκίαν
3900 1254 3999 1325 μὲν

2436 1347 2543 1418 γὰρ
2572 1349 2712 1401 οἰκεῖ
2735 1350 2764 1400 6
2801 1346 2986 1410 ἄδολος
3013 1348 3074 1400 τὸ
3102 1346 3233 1419 ἦθος
3265 1346 3358 1399 καὶ
3388 1344 3588 1407 ἁπλοῦς
3625 1345 3837 1410 Ἰακὼϐ,
3870 1346 4000 1419 περὶ

2435 1433 2496 1493 οῦ
2542 1441 2883 1513 γέγραπται,
2932 1442 3012 1493 ὅτι
3066 1436 3133 1509 ἦν
3173 1443 3502 1508 Ἀνθρωπος
3543 1435 3852 1503 ἄπλαστος
3901 1438 4001 1493 καὶ

2437 1531 2675 1598 ἀγαθὸς,
2726 1529 2903 1586 οἰκῶν
2954 1530 3185 1584 οὶκίανο
3228 1532 3396 1602 τάφον
3442 1530 3499 1583 δὲ
3543 1529 3682 1581 οίκεῖ
3716 1528 3744 1578 ό
3777 1531 3997 1599 παμπό-

2438 1638 2636 1692 νηρος,
2697 1621 2829 1693 μηδὲ
2891 1620 3139 1691 θεμέλιον
3196 1623 3481 1690 μετανοίας
3529 1617 3994 1688 καταϐαλλόμενος

2438 1711 2547 1765 ἀπὸ
2577 1710 2783 1783 νεκρῶν
2811 1712 3005 1784 ἔργων,
3045 1710 3181 1765 ἀλλὰ
3219 1713 3623 1783 παροιμοιάξων
3648 1711 3802 1780 τάφῳ
3841 1728 4001 1764 κεκο-

2438 1802 2706 1874 νιαμένῳ·
2739 1803 2795 1868 ὃς
2836 1802 3031 1868 ἔξωθεν
3067 1803 3162 1875 μὲν
3210 1804 3457 1873 ἐμφανὴς
3509 1802 3620 1874 (99)
3660 1801 3757 1862 ῶν,
3800 1800 4001 1854 ἔσωθεν

789 1890 1044 1960 loquitur,
1084 1908 1187 1947 non
1223 1910 1282 1949 os
1311 1892 1481 1961 aperit
1508 1893 1671 1946 verbo
1715 1891 1807 1946 Dei
1835 1929 1850 1955 ,
1902 1892 1997 1946 sed
2026 1892 2329 1960 sepulcrum
2362 1874 2403 1929 Β
2431 1893 2459 1947 δ

2326 1874 2403 1944 ιΒ
2431 1893 2487 1947 δὲ
2524 1894 2709 1965 γέμων
2772 1895 2972 1948 ὀστέων
3022 1874 3228 1965 νεκρῶν
3281 1892 3375 1947 καὶ
3418 1894 3596 1967 πάσης
3641 1889 3996 1961 ἀκαθαρσίας.

788 1980 949 2037 habet
976 1993 1237 2051 apertum,
1277 1997 1428 2035 suum
1457 1982 1659 2036 scilicet
1688 1990 1889 2051 guttur.
1917 1981 1980 2036 Si
2014 1982 2139 2051 quis
2166 1982 2331 2052 igitur

790 2070 841 2124 in
869 2072 1135 2127 Christum
1183 2071 1429 2135 credens,
1477 2071 1714 2125 actiones
1749 2070 1859 2126 edit
1888 2070 2007 2125 ﬁdei
2044 2086 2150 2125 non
2195 2087 2331 2128 con-

789 2173 1109 2227 sentaueas,
1143 2164 1186 2218 is
1235 2172 1517 2232 propterea
1554 2163 1695 2232 quod
1726 2178 1887 2233 prava
1917 2164 2203 2218 attenderit
2239 2165 2335 2219 do-

792 2263 994 2323 gmata,
1036 2254 1434 2325 Scripturzeque
1476 2254 1795 2323 perverterit
1824 2268 2067 2320 sensum,
2105 2254 2158 2308 in
2190 2265 2339 2323 petra

790 2344 891 2397 sibi
939 2345 1050 2414 ipse
1090 2344 1392 2412 sepulcrum
1439 2344 1646 2398 incidit.

2434 1986 2629 2056 Διόπερ
2680 1989 2707 2037 6
2738 1986 2973 2048 τοιοῦτος
3018 1985 3383 2056 φθεγγόμενος
3424 1987 3545 2056 οὐχ).
3584 1984 3755 2055 στόμα
3797 1982 4001 2049 ἀνοίγει

2434 2076 2577 2145 λόγῳ
2606 2074 2762 2140 Θεοῦ,
2788 2075 2922 2129 ἀλλά
2949 2075 3118 2145 τάφον
3144 2076 3256 2145 ἔχει
3284 2077 3624 2147 ἀνεῳγμένον
3646 2074 3733 2129 τὸν
3755 2073 4005 2144 λάρυγγα

2437 2164 2621 2219 αὐτοῦ.
2646 2164 2713 2218 El
2750 2182 2833 2228 τις
2861 2162 2953 2218 οὖν
2983 2168 3061 2231 είς
3088 2166 3319 2236 Χριστὸν
3348 2166 3635 2229 πιστεύων,
3676 2166 3749 2237 μὴ
3782 2162 4006 2219 ἀκολούο

2445 2256 2552 2321 θως
2587 2259 2652 2329 τῇ
2686 2256 2863 2309 πίστει
2898 2256 2996 2321 τὰς
3030 2259 3253 2330 πράξεις
3281 2256 3619 2319 ἀποδίδωσιν,
3648 2249 3799 2318 οὗτος
3831 2253 3918 2307 διὰ
3943 2253 4007 2306 τδ

2449 2349 2737 2420 μοχθηροῖς
2765 2347 2996 2419 δόγμασι
3027 2349 3487 2423 προσεσχηκέναι,
3522 2348 3617 2403 καί
3651 2345 3739 2400 διά
3768 2346 3827 2400 τὸ
3858 2360 4000 2417 παρ-

791 2434 1098 2506 εκδέχεσθαι
1123 2436 1183 2489 τὸ
1212 2436 1454 2509 βούλημα
1482 2436 1580 2507 τῆς
1611 2437 1852 2509 Γραφῆς,
1879 2437 2100 2509 λατομεῖ
2124 2437 2303 2511 ἑαυτῷ
2341 2440 2397 2495 ὲν
2425 2445 2490 2513 τῇ
2520 2443 2699 2515 πέτρᾳ
2732 2446 3016 2515 μνημεῖον.

860 2526 912 2580 7.
941 2525 1292 2580 Tabernacula
1318 2545 1499 2581 eorum
1532 2531 1585 2581 in
1606 2530 1903 2599 progeniem
1934 2538 1984 2583 et
2013 2532 2341 2600 progeniem;

793 2618 893 2673 hoc
929 2630 1049 2687 est,
1092 2618 1333 2690 sepulcra
1363 2620 1555 2674 domus
1590 2636 1776 2676 eorum
1807 2631 1933 2676 sunt
1966 2622 2017 2676 in
2061 2632 2337 2677 aeternum.

794 2711 993 2766 Deinde
1038 2714 1330 2783 explanans
1378 2715 1443 2768 de
1493 2713 1687 2783 quibus
1725 2714 1992 2783 intelligat
2038 2715 2297 2783 sepulcris
2324 2752 2340 2779 ,

793 2810 852 2854 ut
878 2816 935 2855 se
959 2802 1023 2855 de
1052 2804 1363 2870 corporibus
1402 2818 1707 2857 sermonem
1749 2805 1948 2858 habere
1979 2804 2261 2864 ostendat.
2288 2804 2339 2856 in

793 2891 986 2960 quibus
1018 2891 1209 2946 animae
1256 2907 1351 2963 per
1395 2893 1691 2963 nequitiam
1732 2905 1956 2950 mortua:
2003 2895 2343 2957 inhabitant,

799 2979 958 3054 184
974 2983 1210 3053 adiunxit
1233 2984 1383 3055 ipsis,
1401 2983 1756 3041 Tabernacula
1778 3003 1954 3041 eorum
1976 2988 2028 3040 in
2055 2990 2343 3058 progeniem

792 3084 843 3127 et
899 3077 1187 3146 progeniem
1220 3090 1240 3128 :
1275 3078 1468 3147 quippe
1519 3093 1585 3133 ex
1652 3080 2064 3143 consuetudine,
2116 3081 2343 3133 humana

2519 2533 2569 2586 7.
2610 2534 2971 2602 Σκηνώματα
3006 2532 3204 2586 αὐτῶν
3237 2535 3324 2598 είς
3360 2530 3574 2603 γενεὰν
3616 2529 3713 2583 καὶ
3753 2525 3964 2598 γενεάν
3985 2542 4001 2557 ο

2444 2625 2737 2688 τουτέστιν,
2759 2627 2807 2676 οἱ
2832 2626 2993 2695 τάφοι
3024 2623 3188 2678 οίκίαι
3217 2622 3395 2677 αὐτῶν
3423 2625 3559 2675 εἰσιν
3584 2624 3663 2683 είς
3690 2622 3780 2672 τὸν
3810 2620 4002 2673 αἰῶνα.

2445 2712 2577 2770 Εἶτα
2631 2715 2943 2789 ἑρμηνεύων
2980 2716 3127 2778 τίνας
3177 2712 3419 2783 βούλεται
3470 2708 3609 2764 εἶναι
3652 2711 3874 2777 τάφους,
3920 2708 4008 2761 ἵνα

2445 2807 2612 2880 δείξῃ,
2651 2810 2731 2862 ὃτι
2779 2808 2908 2880 περὶ
2932 2806 3039 2860 τῶν
3071 2805 3332 2876 σωμάτων
3360 2804 3526 2872 λέγει,
3557 2796 3638 2864 οἷς
3674 2802 3729 2853 αἱ
3777 2799 3866 2853 διὰ
3910 2798 4007 2870 τὴν

2448 2899 2704 2971 πονηρίαν
2736 2898 3247 2970 έναπονεκρωθείσαι
3280 2896 3445 2968 ψυχαὶ
3492 2893 3757 2949 ἐνοικοῦσι
3777 2936 3792 2959 ,
3840 2908 4008 2962 προσ-

2447 2991 2638 3061 έθηκεν
2682 2992 2862 3053 αύτοῐς
2882 3008 2895 3021 ·
2940 2989 3299 3059 Σκηνώματα
3324 2988 3518 3044 αὐτῶν
3549 2991 3631 3055 εις
3670 2987 3881 3056 γενεὰν
3907 2982 4006 3034 καί

2446 3084 2676 3153 γενεὰν,
2711 3082 2849 3137 κατά
2874 3083 2973 3154 τὴν
3016 3083 3318 3154 συνήθειαν,
3364 3082 3730 3153 σκηνωμάτων
3769 3076 3877 3128 τῶν
3917 3076 4009 3127 άν-

796 3182 1017 3239 corpora
1052 3184 1263 3239 semper
1290 3169 1630 3223 tabernacula
1685 3170 2035 3239 appellantur.
2079 3170 2143 3225 lli
2174 3183 2348 3226 autem
2376 3158 2417 3217 C
2451 3172 2466 3226 ε

2337 3158 2417 3225 tC
2451 3172 2732 3244 θρω’πίνων
2787 3174 3051 3244 σωμάτων
3096 3175 3184 3227 ἀεὶ
3235 3174 3557 3243 λεγομένων.
3607 3161 3764 3222 Οὗτοι
3815 3166 3873 3219 δὲ
3914 3166 4007 3218 καὶ

796 3270 987 3318 vocant
1034 3276 1245 3333 quoque
1296 3263 1509 3317 nomina
1563 3276 1661 3317 sua
1705 3263 1757 3316 in
1811 3263 1994 3317 terris.
2037 3262 2152 3319 Non
2203 3264 2348 3318 enim

802 3355 945 3426 impii
976 3371 1162 3410 nomen
1192 3356 1444 3410 scribitur
1475 3355 1527 3408 in
1571 3354 1711 3411 libro
1757 3355 2049 3410 viventium
2086 3356 2154 3423 '°,
2180 3371 2351 3426 neque

800 3460 1109 3503 numeratur
1143 3465 1262 3504 cum
1318 3448 1558 3503 Ecclesia
1612 3450 2087 3519 primogenitorum
2121 3453 2209 3519 qui
2251 3468 2352 3505 nu-

800 3548 1071 3590 merantur
1102 3539 1153 3590 in
1188 3538 1340 3592 erilis
1370 3536 1412 3568 "
1441 3554 1455 3591 :
1487 3538 1605 3604 sed,
1636 3539 1780 3607 quod
1812 3539 2179 3593 transitoriam
2214 3540 2351 3593 hanc

798 3638 853 3679 et
882 3626 1093 3679 brevem
1123 3625 1288 3679 vitam
1326 3624 1684 3680 tabernaculis
1716 3624 1934 3677 aeternis
1968 3624 2346 3691 pratulerunt,

801 3717 1013 3769 nomina
1050 3719 1285 3785 ipsorum
1318 3715 1370 3770 in
1399 3725 1538 3769 terra
1568 3724 1906 3784 permanent.
1941 3713 2056 3769 Non
2086 3714 2234 3769 vides
2261 3728 2353 3769 eos

798 3811 885 3876 qui
923 3808 1186 3861 aediﬁcant
1244 3808 1297 3861 in
1346 3807 1569 3861 urbibus
1620 3806 1733 3861 fora
1782 3822 1846 3860 ac
1900 3806 2207 3877 gymnasia,
2261 3822 2353 3860 ex-

801 3907 1009 3951 struunt
1051 3898 1242 3952 intenia
1264 3935 1279 3959 ,
1309 3899 1653 3964 aqumductus
1705 3905 2056 3960 construunt,
2088 3900 2353 3965 quomodo

806 4004 990 4042 eorum
1053 3988 1264 4041 nomina
1309 3986 1394 4041 his
1440 3987 1668 4040 terrenis
1718 3986 1883 4039 indita
1928 3986 2035 4039 sint
2078 3985 2352 4039 aediﬁciis?

799 4078 915 4133 Jam
970 4093 1093 4133 vero
1138 4078 1422 4144 nonnulli,
1470 4079 1683 4132 nomine
1733 4093 1830 4131 suo
1876 4076 2135 4132 armentis
2188 4078 2348 4131 etiam

800 4187 1056 4240 equorum
1118 4171 1398 4239 imposito,
1453 4170 1708 4224 induxere
1755 4170 1808 4223 in
1864 4170 2133 4235 animum,
2192 4178 2251 4223 ut
2298 4169 2349 4222 in

2445 3264 2823 3320 ἐπικαλοῦνται
2850 3270 2917 3319 τά
2957 3267 3191 3337 ὀνόματα
3229 3264 3403 3317 αὐτῶν
3436 3261 3527 3313 ἐπὶ
3570 3260 3676 3313 τῶν
3707 3259 3897 3328 γαιῶν.
3932 3258 4007 3310 Ub

2446 3356 2553 3425 γὰρ
2579 3356 2911 3425 ἐγγράφεται
2935 3354 3162 3416 άσεὸοῦς
3188 3353 3357 3423 όνομα
3381 3352 3438 3403 ἐν
3470 3349 3635 3421 βίϐλῳ
3661 3348 3737 3420 (1)
3769 3347 4004 3413 ζώντων,

2445 3445 2563 3497 οὐδὲ
2598 3444 2909 3515 ἀριθμεῖται
2967 3442 3104 3513 μετὰ
3152 3443 3249 3515 τῆς
3283 3442 3606 3514 Ἐκκλησίας
3647 3442 3754 3493 τῶν
3796 3454 4009 3510 πρωτοο

2445 3536 2615 3589 τόκων
2642 3536 2748 3588 τῶν
2795 3536 3207 3607 ἀριθμουμένων
3252 3538 3309 3590 έν
3358 3536 3631 3607 οὐρανοῑς’
3667 3531 3803 3585 ἀλλά
3827 3535 3895 3603 τῇ
3936 3534 4005 3601 γῇ

2445 3625 2622 3678 αὐτῶν
2655 3626 2975 3697 ὲναπομένει
3013 3628 3081 3681 τά
3109 3628 3366 3699 ὀνόματα,
3406 3625 3539 3677 διότι
3576 3624 3675 3693 τὴν
3707 3620 4007 3693 παροδικὴν

2446 3718 2645 3789 ταύτην
2688 3719 2831 3790 ζωὴν
2863 3722 2956 3773 καὶ
2998 3720 3351 3791 ὀλιγοχρόνιον
3391 3717 3498 3770 τῶν
3530 3714 3765 3768 αἰωνίων
3798 3714 4008 3785 σκηνῶν

2448 3812 2836 3885 προετίμησαν.
2869 3811 2978 3881 Ούχ
3007 3812 3138 3881 ὁρᾷς
3183 3810 3309 3872 τοὺς
3336 3805 3746 3878 οἰκοδομοῦντας
3790 3807 3846 3858 ἑν
3890 3808 4007 3867 ταῖς

2449 3902 2666 3956 πόλεσιν
2711 3900 2914 3972 ἀγορὰς
2961 3902 3053 3953 καὶ
3097 3900 3403 3970 γυμνάσια,
3448 3900 3599 3969 τείχη
3647 3895 4005 3957 άνιστῶντας,

2456 3991 2797 4061 ὑδραγωγοὺς
2830 3988 3302 4054 ἐπισκευάζοντας,
3334 3988 3450 4051 πῶς
3475 3988 3542 4040 τά
3572 3987 3809 4057 όνόματα
3832 3984 4007 4044 αὐτῶν

2454 4079 2658 4143 τούτοις
2687 4079 3037 4149 ἐπικέκληται
3066 4083 3175 4141 τοῖς
3213 4079 3422 4150 γηίνοις
3466 4077 4004 4147 κατασκευάσμασινς

2460 4172 2597 4242 Ἤδη
2631 4171 2686 4224 δέ
2713 4189 2875 4236 τινες,
2902 4173 2996 4226 καὶ
3026 4172 3241 4241 ἀγέλαις
3268 4172 3447 4225 ἵππων
3472 4170 3568 4234 τάς
3600 4169 3803 4223 έαυτῶν
3844 4182 4006 4240 προσι

867 4307 910 4338 ⁷⁸
938 4305 1070 4360 Gen.
1098 4320 1221 4370 xxv,
1253 4302 1341 4356 27.
1415 4302 1459 4333 τ’
1486 4301 1677 4356 Matth.
1709 4318 1863 4369 mn,
1897 4303 1991 4357 27.
2063 4302 2108 4334 ⁸⁰
2140 4302 2277 4357 Psal.
2313 4320 2502 4369 uvut,
2530 4307 2619 4362 29.
2674 4307 2718 4339 ⁸¹
2752 4306 2912 4363 llebr.
2953 4324 3049 4372 xu,
3070 4308 3162 4363 25.

872 4434 1395 4513 (98;_lta_legitu[.iti
1433 4433 1666 4513 editione
1705 4432 1876 4513 Paris.
1902 4434 1951 4483 οἱ
1988 4432 2341 4513 πατριάρχαι.

802 4502 998 4559 Οίῆάτΐ
1045 4506 1232 4566 αἰῶνος
1282 4502 1475 4556 δίκαιοι
1516 4504 1647 4572 ἡμῖν
1682 4502 1967 4554 κατέλιπον
1996 4502 2343 4557 τὸνπλοῦτον

804 4575 1027 4638 ἑαυτῶν,
1054 4577 1146 4627 καὶ
1195 4576 1241 4626 οἱ
1275 4576 1331 4627 ὲν
1361 4576 1446 4643 τῇ.
1489 4585 1618 4633 etc.,
1662 4572 1713 4623 in
1765 4573 1955 4643 quibus
2004 4572 2113 4622 vitii
2143 4574 2339 4639 aliquid

808 4648 977 4699 inesse
1010 4654 1231 4699 constat.
1293 4640 1550 4701 Primum,
1599 4656 1754 4695 voces
1805 4640 2001 4691 δίκαιοι
2030 4642 2160 4708 ἡμῖν
2183 4644 2339 4695 simul

807 4718 1219 4784 coniunguntur,
1241 4728 1357 4784 qua:
1391 4720 1547 4784 erant
1601 4710 2337 4784 tamenpunctouisjungen-

806 4787 886 4838 da:
908 4778 931 4837 Ξ
966 4778 1174 4846 deinde,
1220 4778 1521 4851 coniunctio
1548 4779 1639 4832 καί
1683 4781 1749 4851 ita
1784 4782 1960 4851 inepte
1999 4778 2337 4851 hieponitur,

809 4864 864 4906 ut
887 4854 1165 4905 absurdam
1184 4848 1462 4906 admodum
1487 4850 1799 4904 sententiain
1822 4848 2033 4901 etliciat.
2062 4848 2169 4901 Hoc
2199 4851 2337 4901 enim

807 4924 1005 4975 diceret
1036 4922 1281 4985 Basilius,
1315 4932 1423 4973 tum
1448 4935 1540 4975 eos
1585 4920 1673 4987 qui
1708 4936 1736 4970 a
1770 4919 1963 4971 saeculo
1997 4920 2126 4985 justi
2172 4918 2339 4981 fuere,

807 5003 917 5043 tum
949 5007 1040 5045 eos
1066 4991 1152 5056 qui
1192 4991 1244 5042 in
1274 5006 1367 5043 sua
1396 4990 1620 5043 stultitia
1659 4990 1886 5055 periere,
1918 5003 2042 5041 suas
2075 4988 2227 5039 nobis
2260 4988 2340 5039 di-

807 5064 959 5114 vitias
1006 5060 1204 5129 pariter
1259 5059 1539 5125 reliquisse
1593 5073 1604 5108 :
1659 5060 1798 5129 quod
1855 5066 2048 5129 tamen
2096 5059 2145 5109 ei
2177 5058 2336 5129 ne-in

807 5126 1031 5185 mentem
1060 5130 1270 5197 quidem
1303 5130 1509 5181 venisse
1553 5137 1696 5194 puto.
1747 5126 1927 5180 Basilii
1983 5127 2144 5193 igitur
2180 5126 2338 5179 verba

808 5204 874 5251 ita
908 5196 1205 5268 interpungi
1229 5199 1454 5268 debent,
1476 5200 1574 5268 _uti
1612 5198 2026 5268 interpungenda
2065 5196 2291 5247 diximus
2324 5212 2337 5246 :

805 5270 991 5323 deinde
1012 5265 1252 5322 Voculam
1278 5265 1367 5319 καί
1397 5282 1427 5321 e
1476 5265 1592 5319 loco
1617 5280 1772 5332 quem
1813 5266 1948 5316 male
1976 5273 2219 5331 occupat,
2252 5280 2343 5330 pe-

808 5353 945 5391 nitus
977 5340 1208 5392 amoveri
1240 5351 1413 5405 operui
1448 5335 1675 5403 pretium
1711 5345 1811 5387 est.
1844 5334 1953 5405 [ioc
2005 5336 2193 5405 posito,
2224 5349 2341 5386 ver-

807 5412 869 5460 ba
906 5408 1085 5463 Basilii
1112 5409 1187 5461 sic
1221 5402 1554 5472 interpretari
1583 5404 1761 5457 ticehit
1790 5421 1802 5454 :
1838 5402 2033 5454 Nostra
2056 5403 2191 5454 enim
2221 5414 2339 5455 sunt

804 5492 1075 5545 pracepta,
1106 5480 1266 5530 nostri
1300 5482 1581 5543 propheta,
1623 5472 1786 5545 nostri
1808 5472 2151 5545 patriorrcltre,
2174 5474 2341 5545 nostri

802 5541 1042 5618 quotquot
1077 5565 1107 5599 a
1136 5541 1326 5599 πυραὶ)
1351 5541 1668 5618 justifuere.
1697 5542 1843 5618 Suos
1872 5541 2014 5592 nobis
2036 5543 2241 5618 divitias
2261 5558 2340 5592 re-

803 5612 1060 5685 liquerunt
1094 5618 1180 5685 qui
1211 5619 1261 5667 in
1286 5612 1378 5666 suo
1408 5612 1705 5685 insipientia
1735 5613 1929 5678 periere
1968 5626 1987 5685 :_
2014 5626 2161 5685 ⁸(ιιιὲι
2201 5613 2338 5663 inter

804 5678 1079 5753 seeptime
1106 5678 1373 5739 cohaerere
1402 5678 1576 5747 nemo,
1602 5683 1809 5749 Opinor,
1840 5678 2071 5753 negabit.
2116 5680 2190 5731 Ex
2238 5695 2340 5753 quo

805 5748 1111 5825 intelligitur
1167 5757 1251 5808 hic
1294 5748 1673 5827 ellipsimcsse
1698 5753 1846 5827 vocis
1868 5748 2049 5827 madiy,
2071 5750 2336 5827 antrum-is

804 5819 1071 5893 ἡμέτεροι,
1114 5828 1293 5891 sicque
1322 5819 1553 5889 suppleri
1584 5822 1795 5881 debere,
1826 5820 1979 5880 ἡμῶν
2005 5820 2052 5870 οἱ
2088 5819 2181 5871 ἀπ’
2211 5819 2332 5869 αἰῶ-

2456 4459 2543 4505 νος
2562 4441 2777 4505 δίκαιοι,
2814 4451 2923 4505 aut,
2950 4441 3204 4512 ἡμέτεροι
3232 4440 3302 4512 oi,
3326 4448 3434 4495 etc.
3463 4437 3614 4512 Quod
3652 4436 3695 4492 si
3739 4436 4003 4512 quispiam

2458 4513 2584 4565 illud
2607 4512 2677 4573 οί,
2713 4512 2852 4578 quod
2884 4509 3067 4565 vocem
3097 4509 3424 4579 πατριάρχαι
3465 4509 3707 4579 proxime
3741 4509 4002 4579 sequitur,

2456 4581 2629 4648 legere
2686 4573 2833 4632 m'alit
2865 4594 2985 4632 cum
3022 4573 3243 4632 acoentu
3274 4573 3530 4648 sii'uulfet
3567 4576 3779 4648 spiritu,
3804 4573 3873 4633 οἴ,
3908 4588 4002 4648 au-

2453 4644 2569 4700 i-tur
2595 4650 2643 4701 ei
2674 4662 2793 4699 sum
2831 4657 2886 4699 ut
2913 4649 2984 4699 ita
3017 4659 3227 4701 vertat:
3269 4644 3456 4698 Nostri
3494 4644 3831 4711 patriarcha,
3864 4644 3949 4710 qui
3971 4649 4004 4692 ιι

2444 4715 2634 4769 swculo
2659 4715 2789 4783 iusti
2842 4716 3069 4782 fuerunt.
3097 4714 3200 4769 Sed
3264 4714 3446 4768 nescio
3495 4716 3759 4780 quomodo
3807 4711 4006 4783 placuit

2444 4786 2572 4838 mihi
2622 4776 2795 4854 magis
2839 4776 2983 4853 prior
3014 4784 3101 4838 illa
3159 4776 3545 4854 interpretandi
3607 4782 3745 4854 ratio
3776 4776 4003 4854 {Nostri

2440 4864 2694 4924 quotquot
2715 4847 2777 4905 ἀ
2830 4847 3021 4924 itecqu
3054 4854 3285 4922 fuerunt.
3303 4847 3536 4924 'Accedit
3562 4852 3725 4905 etiam
3747 4891 3762 4915 ,
3788 4850 3926 4917 quod
3953 4847 4006 4899 οἱ

2442 4922 2565 4978 Cum
2602 4935 2833 4978 accentu
2862 4923 3022 4977 simul
3061 4933 3117 4979 et
3150 4924 3337 4992 spiritu
3399 4922 3591 4992 legisse
3625 4934 3847 4992 usquam
3897 4932 4001 4971 non

2444 4994 2684 5047 memini.
2755 4995 3041 5057 Caeterum,
3096 4990 3309 5060 ne'quis
3335 5007 3430 5046 nos
3467 4991 3772 5058 conjectura
3814 4990 4003 5041 ductos

2442 5064 2731 5130 quidquam
2780 5064 2972 5116 iecisse
3001 5059 3324 5131 suspicetur,
3381 5074 3600 5131 monere
3642 5059 3817 5131 juvat‘
3848 5071 4005 5131 voces

2440 5126 2634 5185 δίκαιοι
2655 5134 2792 5203 ἡμῖν
2824 5144 3019 5203 puncto
3046 5126 3112 5184 ιη’
3129 5132 3364 5203 editione
3404 5126 3952 5203 Basileensidisjungi
3983 5143 3998 5179 :

2446 5206 2594 5264 item,
2617 5198 3057 5268 co'i'tjunctiouem
3092 5198 3186 5253 καί
3212 5202 3265 5255 ιιι
3317 5202 3414 5252 hac
3437 5202 3545 5267 ipsa
3576 5198 3811 5252 editione
3856 5210 4009 5268 mqtte

2444 5288 2505 5323 ac
2545 5272 2598 5323 in
2638 5267 2841 5324 nostris
2897 5285 3087 5324 novem
3130 5286 3260 5324 mss.
3290 5272 3495 5323 deesse.
3535 5269 3753 5336 Legitur
3778 5267 4001 5336 .quidem

2445 5342 2599 5407 paulo
2644 5342 2800 5393 aliter
2866 5340 2916 5392 in
2963 5340 3153 5401 Coisl.,
3203 5355 3391 5407 nempe
3453 5344 3552 5391 hoc
3597 5332 4003 5407 ιῖιυιιο,’ς)ἱ-τοῦ

2443 5400 2629 5472 αἰῶνος
2662 5409 2858 5461 δίκαιοι
2896 5400 3149 5462 πλούσιοι
3172 5411 3302 5479 ἡμῖν
3328 5400 3616 5461 κατέλιπον
3661 5406 3750 5479 τὸν
3779 5400 4003 5479 πὶοῦτον

2443 5480 2667 5541 ἑαυτῶν,
2696 5480 2744 5530 οἱ
2785 5480 2840 5530 ἐν
2875 5482 2971 5549 τῇ,
3006 5490 3137 5542 etc.,
3167 5474 3275 5549 sed
3307 5480 3437 5531 nihil
3469 5480 3593 5532 inde
3615 5474 3907 5544 adjumenti
3940 5474 4004 5521 aut

2442 5550 2557 5612 ejus
2597 5549 2701 5601 luci
2730 5547 3167 5616 explanationem
3201 5547 3445 5601 aﬂ‘ertur.

2512 5616 2625 5685 (99)
2651 5619 2741 5670 Sic
2773 5608 2935 5672 editio
2981 5618 3145 5671 Basil.
3182 5630 3236 5671 et
3269 5622 3502 5685 quinque
3554 5629 3683 5685 mss.
3720 5612 3811 5685 AAt
3840 5608 4003 5666 editio

2441 5683 2619 5741 Paris.
2645 5703 2768 5741 cum
2805 5688 3009 5741 duobus
3044 5698 3136 5739 aut
3174 5683 3340 5739 tribus
3382 5683 3793 5755 ιιῐεει.εύφανής.

2510 5757 2587 5827 (ι)
2619 5755 2697 5812 ita
2720 5771 2848 5812 mss.
2880 5766 3103 5826 septem.
3133 5758 3270 5812 Editi
3304 5756 3397 5808 ἐπὶ
3426 5754 3613 5825 βίῦλφ.
