4230 6530
247 517 354 569 μίξο

1343 517 1621 571 IIOMiLIA
1663 519 1728 572 IN
1767 516 2087 573 PS.\I.MU.‘¢I
2130 515 2356 570 XLVIII.

3361 520 3462 576 4320

245 645 472 698 ηγοοιας
520 629 972 700 ἐνσημηναμενοι,
1017 631 1106 682 ἐπὶ
1155 630 1284 684 πολὺ
1323 633 1806 703 συμπαραταθῆναι
1839 640 1879 694 Λ
1914 634 1915 682 ἶ

1797 652 1806 686 ι
1839 640 1879 694 Λ
1914 631 2122 702 longum
2157 631 2277 685 vita:
2314 639 2520 699 tempus
2569 646 2660 685 sua
2694 632 2930 701 ipsorum
2969 632 3226 688 memoria
3276 645 3467 686 exten-

247 719 329 789 τῷ
357 722 454 789 βίῳ
497 721 592 790 τὴν
630 722 844 792 μνήμην
888 723 1092 776 ἑαυτῶν
1123 723 1448 794 ἐπενόησαν·
1483 725 1575 777 καὶ
1619 728 1675 778 ἐν
1718 727 1812 779 τά·

250 829 372 879 τροις
411 813 466 864 δὲ
502 812 896 884 μεγαλουργίαν
928 814 1339 885 ἐπιδειξάμενοι,
1380 819 1491 880 τοῖς
1536 818 1811 886 μνήμασιν

252 903 458 954 ἑαυτῶν
507 905 776 972 εναφῆκαν
824 906 891 957 τὰ
937 905 1190 974 ὀνόματα.
1241 899 1397 959 Οὗτοί
1449 909 1585 959 εἰσιν
1642 908 1691 959 οἱ
1744 909 1812 962 τὰ

250 994 412 1062 γήϊνα
457 993 794 1062 φρονοῦντες,
842 997 932 1047 καὶ
973 996 1068 1063 τὴν
1119 995 1352 1050 ἐνταῦθα
1397 995 1572 1060 δόξαν,
1619 999 1710 1050 καὶ
1754 998 1813 1050 τὸ

253 1083 402 1154 παρὰ
430 1086 537 1147 τοῖς
578 1083 879 1156 ἀνθρώποις
926 1086 1352 1155 μνημονεύεσθαι
1381 1085 1652 1157 αύταρκες
1691 1089 1813 1140 ἐαυ-

252 1178 365 1237 τοῖς
399 1178 476 1238 είς
517 1177 885 1246 μακαριότητα
911 1177 1260 1248 λογιζόμενοι.
1303 1178 1421 1232 Κᾶν
1453 1179 1566 1251 ἴδῃς
1605 1179 1660 1232 δέ
1693 1197 1810 1232 τινα

253 1260 363 1312 τῶν
393 1263 483 1313 ἐπὶ
516 1262 845 1333 ψευδωνύμῳ
890 1264 1083 1330 γνώσει
1138 1267 1277 1335 μέγα
1324 1266 1661 1337 φρονούντων
1709 1267 1806 1334 (2),

257 1350 352 1401 καὶ
395 1353 797 1420 προσνεμόντων
827 1354 1050 1416 ἑαυτοὺς
1084 1355 1366 1425 μοχθηρῶν
1400 1373 1559 1409 τινων
1609 1357 1810 1427 δογμά-

252 1459 362 1493 των
393 1443 814 1510 συγκαταθέσεσι
875 1445 972 1513 (5),
1002 1447 1093 1497 καὶ
1131 1445 1249 1497 ἀντὶ
1282 1445 1373 1498 τοῦ
1417 1447 1674 1516 ὀνόματος
1704 1449 1809 1502 τῶν

251 1533 603 1604 Χριστιανῶν,
649 1532 738 1601 ἀφ’
783 1535 897 1598 ἑνός
933 1552 1070 1597 τινος
1121 1535 1227 1588 τῶν
1275 1539 1808 1608 αἱρεσιαρχησάντων

250 1625 474 1686 ἑαυτοὺς
505 1624 882 1692 ὀνομάζοντας,
914 1626 1252 1694 Μαρκίωνος,
1295 1629 1326 1698 ἣ
1365 1628 1728 1690 Οὐαλεντίνου,
1773 1630 1803 1700 ἢ

250 1714 359 1765 τῶν
385 1713 478 1765 νῦν
509 1713 937 1779 ἐπιπολαζόντων
965 1714 1125 1780 τινὸς,
1158 1717 1408 1784 γίνωσκε,
1434 1717 1513 1770 ὅτι
1544 1718 1634 1771 καί
1663 1711 1808 1770 οὗτοι

251 1805 646 1858 ἐπεκαλέσαντο
692 1806 760 1860 τά
801 1807 1038 1876 ὀνόματα
1083 1809 1261 1861 αὐτῶν
1312 1809 1405 1862 ἐπὶ
1455 1810 1561 1862 τῶν
1615 1812 1804 1879 γαιῶν,

250 1898 510 1968 φθαρτοῖς
549 1897 851 1969 ἀνθρώποις
905 1900 997 1951 καὶ
1047 1900 1107 1952 τὸ
1154 1901 1272 1954 ὅλον
1326 1903 1533 1972 γηῖνοις
1585 1904 1807 1967 ἑαυτοὺς

247 1989 694 2059 προσνείμαντες.

320 2080 369 2133 8.
413 2081 522 2134 Καὶ
593 2079 898 2149 ἅνθρωπος
942 2082 1010 2134 ἐν
1062 2081 1198 2151 τιμῇ
1252 2079 1354 2148 ὢν,
1412 2089 1482 2136 οὐ
1545 2084 1806 2153 συνῆκε·

244 2170 749 2241 παρασυνεόλήθη
784 2171 906 2236 τοῖς
938 2171 1183 2236 κτήνεσι
1223 2171 1346 2235 τοῖς
1379 2172 1676 2241 ἀνοήτοις,
1711 2175 1809 2227 καὶ

243 2261 509 2331 ὡμοιώθη
551 2261 770 2324 αὐτοῖς.
803 2262 960 2326 Αὕτη
994 2262 1030 2327 ἠ
1069 2261 1206 2326 ὁδὸς
1236 2261 1431 2315 αὐτῶν
1464 2263 1810 2321 σκάνδαλον

244 2353 481 2416 αὐτοῖς·
530 2351 626 2404 καὶ
667 2349 814 2418 μετὰ
858 2351 1042 2403 ταῦτα
1084 2352 1151 2405 ἐν
1196 2351 1274 2418 τῷ
1323 2356 1570 2424 στόματι
1617 2356 1810 2411 αὐτῶν

244 2441 670 2506 εὐδοκήσουσι.
726 2442 882 2512 Μέγα
935 2443 1246 2516 ἄνθρωπος,
1296 2447 1388 2499 καὶ
1443 2448 1617 2516 τίμιον
1671 2448 1808 2518 ἀνὴρ

243 2535 516 2603 ἐλεήμων,
558 2534 617 2586 τὸ
652 2534 829 2605 τίμιον
863 2535 918 2590 ἐν
953 2539 1016 2606 τῇ
1059 2541 1256 2607 φυσικῇ
1307 2541 1613 2609 κατασκευῇ
1647 2539 1804 2609 ἔχων.

245 2625 314 2676 Τί
343 2625 449 2695 γὰρ
477 2625 583 2678 τῶν
607 2627 699 2679 ἐπὶ
736 2627 838 2695 γῆς
871 2626 996 2679 ἄλλο
1036 2627 1152 2677 κατ’
1195 2625 1374 2678 εἰκόνα
1405 2627 1495 2679 τοῦ
1528 2629 1808 2695 κτίσαντος

243 2717 472 2785 γέγονε;
509 2719 626 2770 Τίνι
661 2720 693 2788 ἡ
729 2718 866 2772 κατὰ
914 2717 1126 2770 πάντων
1160 2717 1236 2790 (4)
1282 2719 1422 2790 ἀρχὴ
1458 2721 1551 2773 καὶ
1592 2719 1806 2786 ἐξουσία

242 2810 354 2862 τῶν
399 2827 457 2863 τε
503 2810 765 2880 χερσαίων
806 2808 897 2862 καὶ
937 2809 1170 2880 ἐνύδρων
1212 2812 1306 2864 καὶ
1353 2813 1609 2884 ἐναερίων
1655 2815 1806 2878 ζώων

244 2900 590 2972 κεχάρισται;
622 2900 803 2969 Βραχὺ
841 2900 935 2969 μὲν
970 2900 1274 2973 ὑποϐέϐηκε
1301 2903 1399 2974 τὴν
1429 2904 1536 2958 τῶν
1565 2907 1806 2975 ἀγγέλων

244 2991 403 3055 ἀξίαν
442 2990 526 3042 διὰ
554 2989 647 3060 τὴν
676 2990 809 3061 πρὸς
837 2991 896 3044 τὸ
927 2991 1126 3060 γεῶδες
1156 2992 1314 3064 σῶμα
1348 2995 1637 3065 συνάφειαν
1657 3015 1669 3026 '
1715 2999 1806 3051 τὸν

247 3084 348 3152 μὲν
390 3077 482 3134 οὖν
519 3080 800 3152 ἄνθρωπον
842 3085 1092 3155 ἐποίησεν
1120 3085 1224 3138 ἀπὸ
1252 3086 1350 3155 τῆς
1383 3087 1503 3156 γῆς,
1537 3089 1630 3141 καί
1669 3092 1807 3158 τοὺς

241 3170 623 3239 λειτουργοὺς
657 3173 841 3226 αὑτοῦ
875 3174 1062 3242 πυρὸς
1089 3177 1284 3243 φλόγα
1304 3192 1315 3204 ο
1351 3175 1461 3228 ἀλλ’
1491 3178 1639 3248 ὅμως
1668 3182 1702 3251 ἦ
1744 3200 1803 3250 γε

241 3264 339 3316 τοῦ
370 3267 507 3318 νοεῖν
548 3266 640 3318 καὶ
668 3265 904 3318 συνιέναι
932 3266 1022 3317 τὸν
1057 3267 1262 3318 ἑαυτῶν
1308 3267 1544 3341 Κτίστην
1574 3274 1667 3325 καὶ
1702 3278 1806 3345 Δη-

1912 724 2162 789 deretur,
2219 725 2346 792 quin
2411 723 2574 778 etiam
2622 722 3016 793 magniﬁcentia
3091 723 3144 776 in
3195 722 3462 791 sepulcris

1913 826 2159 879 ostensa,
2218 815 2580 870 monumentis
2626 814 2842 868 nomina
2891 827 2986 868 sua
3046 811 3462 882 insculpserunt.

1915 908 1976 961 Hi
2012 917 2137 962 sunt
2163 910 2251 977 qui
2284 915 2496 962 terrena
2525 907 2762 976 sapiunt,
2798 917 2852 960 et
2881 915 3197 976 praesentem
3233 903 3454 974 gloriam

1914 1014 1976 1052 ac
2009 998 2280 1052 hominum
2314 997 2737 1052 recordationem
2765 997 2865 1052 sibi
2894 997 2959 1051 ad
2997 995 3304 1050 felicitatem
3334 994 3463 1048 satis

1912 1105 2028 1145 esse
2053 1090 2390 1144 existimant.
2414 1088 2563 1154 Quod
2592 1090 2634 1144 si
2663 1105 2820 1157 quem
2843 1090 3002 1143 etiam
3033 1088 3228 1141 videris
3252 1101 3462 1148 eorum,

1912 1181 2002 1249 qui
2028 1180 2095 1233 ob
2121 1179 2237 1233 falsi
2270 1180 2500 1235 nominis
2545 1181 2825 1234 scientiam
2864 1179 3200 1250 superbiunt,
3232 1189 3286 1234 et
3341 1194 3466 1249 pra-

1911 1273 1988 1325 vis
2045 1270 2359 1340 quibusdam
2405 1272 2741 1333 dog;tiatibus
2801 1267 3188 1335 assentiuntur,
3236 1287 3299 1326 ac
3345 1271 3464 1326 loco

1912 1362 2140 1416 nominis
2167 1360 2477 1426 Christiani,
2517 1360 2584 1414 ab
2615 1377 2722 1415 uno
2765 1361 2942 1430 aliquo
2974 1362 3331 1416 hmresiarcha
3359 1361 3462 1416 sibi

1911 1467 2102 1506 nomen
2133 1453 2418 1517 asciscunt,
2460 1463 2582 1521 puta
2610 1467 2639 1505 a
2672 1451 2938 1507 Marcione
2961 1494 2976 1518 ,
3010 1461 3102 1506 aut
3135 1452 3453 1517 Valentino,

1908 1551 1998 1594 aut
2026 1542 2092 1595 ab
2124 1543 2298 1610 aliquo
2323 1557 2506 1596 eorum
2551 1544 2640 1611 qui
2672 1558 2735 1597 ex
2771 1544 2967 1612 ignotis
3004 1559 3141 1599 nunc
3185 1545 3458 1614 conspicui

1908 1643 2067 1689 sunt:
2130 1634 2290 1689 velim
2363 1637 2579 1689 noveris
2647 1635 2745 1690 hos
2795 1649 3007 1704 quoque
3079 1650 3179 1691 sua
3244 1651 3460 1691 nomina

1907 1740 2130 1781 vocasse
2178 1726 2229 1780 in
2266 1726 2458 1790 terris,
2500 1735 2558 1779 ut
2599 1727 2690 1796 qui
2745 1726 3047 1782 hominibus
3083 1729 3353 1798 corruptis
3397 1743 3460 1782 ac

1908 1817 2063 1886 plane
2089 1819 2316 1874 terrenis
2344 1833 2460 1873 sese
2490 1818 2816 1874 addixeriut.

1979 2080 2032 2135 8.
2089 2080 2252 2134 Vens.
2284 2081 2371 2141 13,
2414 2080 2499 2135 Η,
2542 2077 2610 2130 Et
2635 2080 2786 2132 homo
2825 2096 2939 2132 cum
2981 2080 3034 2133 in
3063 2079 3255 2134 honore
3289 2096 3418 2134 esset
3442 2119 3458 2145 ,

1911 2185 2012 2221 non
2033 2169 2320 2223 intellexit:
2349 2179 2678 2236 comparatus
2704 2178 2778 2223 est
2804 2167 3048 2236 iumentis
3080 2170 3461 2238 insipientibus,

1913 2272 1958 2314 et
1985 2261 2170 2314 similis
2196 2261 2363 2328 factus
2383 2273 2455 2314 est
2489 2261 2611 2315 illis.
2637 2260 2766 2315 Ηανο
2800 2263 2881 2316 via
2922 2261 3130 2315 illorum
3154 2264 3460 2317 scandalum

1909 2350 2034 2418 ipsis
2056 2365 2075 2403 :
2103 2361 2150 2404 et
2191 2362 2367 2419 postea
2400 2354 2452 2403 in
2483 2368 2570 2404 ore
2596 2369 2690 2405 suo
2714 2352 3121 2422 complacebunt.
3157 2354 3343 2425 Magna
3377 2372 3462 2412 res

1909 2441 2086 2506 homo,
2109 2453 2163 2497 et
2190 2443 2479 2512 pretiosum
2517 2444 2766 2513 quiddam
2800 2445 2879 2499 vir
2915 2446 3244 2512 misericors,
3287 2448 3463 2514 digni-

1910 2539 2071 2585 tatem
2096 2532 2574 2603 excellentiamque
2601 2533 2651 2587 in
2678 2534 2907 2588 naturali
2933 2549 3028 2589 sua
3050 2539 3454 2592 constructione

1911 2623 2133 2678 habens.
2171 2623 2307 2690 Quid
2342 2625 2486 2679 enim
2522 2625 2666 2679 aliud
2691 2641 2756 2680 ex
2791 2627 2856 2682 iis
2887 2641 3005 2696 quae
3046 2627 3098 2682 in
3136 2637 3278 2684 terra
3310 2643 3457 2699 sunt,

1909 2716 1973 2768 ad
2001 2712 2306 2770 Conditoris
2345 2715 2629 2784 imaginem
2668 2714 2866 2771 factum
2897 2727 2981 2772 est
3001 2718 3087 2772 "‘l
3122 2719 3218 2775 Cui
3260 2722 3462 2791 princi-

1916 2814 2072 2873 patus
2103 2815 2157 2859 et
2182 2815 2417 2874 potestas
2445 2807 2496 2858 in
2529 2807 2706 2870 omnia
2745 2807 2992 2864 animalia
3019 2818 3126 2864 tum
3156 2815 3457 2881 terrestria,

1912 2904 2017 2947 tum
2040 2894 2317 2962 aquatilia,
2341 2904 2448 2948 tum
2476 2909 2630 2949 aerea
2653 2911 2905 2952 concessa
2930 2910 3013 2953 est
3029 2900 3220 2957 "iEst
3242 2905 3458 2971 quidem

1909 2984 2064 3052 paulo
2112 2983 2333 3040 inferior
2375 2986 2584 3056 angelis
2632 2988 2890 3057 dignitate
2923 2990 2988 3056 “,
3022 2991 3089 3046 ob
3131 3007 3281 3048 suam
3335 3011 3456 3049 cum

1909 3076 2151 3130 terrestri
2196 3091 2420 3145 corpore
2461 3077 2922 3147 conjunctionem:
2959 3083 3154 3153 quippe
3187 3085 3456 3140 hominem

1907 3166 2034 3222 fecit
2091 3171 2156 3219 de
2223 3177 2361 3222 terra
2423 3169 2501 3236 ⁸⁵,
2561 3171 2630 3224 Et
2686 3173 2946 3227 ministros
3000 3191 3121 3228 suos
3187 3179 3458 3245 ﬂammam

1907 3256 2037 3322 ignis
2085 3255 2151 3309 ⁸⁸.
2199 3259 2267 3311 At
2304 3267 2447 3311 certe
2494 3258 2574 3312 vis
2625 3257 2953 3330 intelligendi
3001 3270 3055 3314 et
3099 3266 3457 3332 cngnoscendi

245 3358 505 3427 μιουργὺν
548 3358 770 3426 δύναμις
804 3359 894 3409 κα)¹
940 3359 995 3408 ἐν
1042 3361 1152 3421 τοῖς
1198 3359 1499 3430 ἀνθρώποις
1551 3343 1802 3436 ὑπάρχει.
1833 3347 1915 3409 C‘

1789 3407 1802 3419 .
1833 3353 1872 3409 C
1905 3343 2246 3400 Conditorem
2277 3359 2331 3400 et
2358 3347 2613 3417 Opiﬁcent
2646 3366 2797 3404 suum
2838 3351 2977 3405 inest
3001 3353 3161 3407 etiam
3189 3355 3238 3406 in
3282 3354 3455 3408 hami-

256 3449 582 3518 Ἐνεφύσησε
631 3449 738 3517 γὰρ
787 3448 862 3517 (5)
908 3449 986 3510 είς
1041 3449 1100 3500 τὸ
1151 3452 1474 3522 πρόσωπονσ
1525 3457 1799 3522 τουτέστι,

244 3541 438 3609 μοῖράν
493 3557 609 3590 τινα
663 3540 759 3608 τῆς
815 3538 945 3602 ἰδίας
992 3540 1210 3611 χάριτος
1263 3545 1552 3599 ἐναπέθετο
1596 3547 1670 3617 τῷ
1712 3549 1805 3601 άν-

239 3631 464 3701 Ορὼπῳ,
497 3631 583 3682 ἵνα
623 3629 701 3699 τῷ
743 3629 909 3700 ὁμοίῳ
944 3633 1275 3705 ἐπιγινώσκῃ
1322 3635 1382 3687 τὸ
1427 3636 1626 3705 ὅμοιον.
1667 3636 1801 3689 Ἀλλ’

239 3724 391 3792 ὅμως
434 3723 490 3774 ἐν
523 3725 652 3791 τιμῇ
689 3720 761 3772 ῶν
796 3721 1113 3796 τηλικαύτῃ,
1159 3725 1223 3776 ἐκ
1274 3725 1364 3777 τοῦ
1413 3725 1802 3798 δεδημιουργῆ-

239 3814 365 3866 σθαι
400 3816 516 3866 κατ’
547 3812 729 3864 εἰκόνα
767 3812 857 3865 τοῦ
890 3815 1188 3878 κτίσαντος,
1224 3815 1360 3886 ὑπὲρ
1391 3817 1632 3888 οὐρανὸν,
1666 3819 1803 3890 ὑπὲρ

237 3907 410 3976 ἣλιον,
443 3906 580 3972 ὑπὲρ
609 3902 704 3967 τὰς
748 3905 854 3957 τῶν
896 3906 1136 3976 ἀστέρων
1182 3909 1400 3978 χορείας
1447 3912 1802 3981 τετιμημένος

238 3997 344 4066 (τίς
374 3997 478 4066 γὰρ
524 3994 628 4047 τῶν
667 3997 908 4068 οὐρανῶν
949 3997 1024 4066 (6)
1056 3998 1215 4051 εἰκὼν
1267 4000 1479 4071 εἴρηται
1531 4001 1622 4055 τοῦ
1667 4003 1800 4055 Θεοῦ

234 4089 333 4141 τοῦ
367 4088 620 4155 ὑψίστους
655 4089 809 4141 ποίαν
835 4088 890 4140 δὲ
928 4089 1077 4158 ἣλιος
1125 4089 1307 4142 εἰκόνα
1342 4089 1499 4154 σώζει
1543 4092 1636 4143 τοῦ
1687 4092 1802 4144 κτί-

238 4193 464 4240 σαντος;
497 4175 609 4245 τίὴ
657 4177 880 4248 σελήνης
916 4177 967 4228 τί
1008 4179 1055 4229 οἱ
1098 4177 1272 4229 λοιποὶ
1315 4179 1573 4249 ἁστέρες;
1620 4180 1801 4250 ἄψυχα

240 4271 341 4341 μὲν
370 4270 459 4321 καὶ
495 4267 673 4332 ύλικὰ,
708 4269 938 4337 διαφανῆ
976 4269 1029 4321 δὲ
1064 4269 1220 4337 μόνον
1249 4271 1316 4322 τὰ.
1349 4271 1575 4342 σώματα
1614 4288 1802 4343 κεκτη-

239 4363 427 4434 μένοι,
485 4363 542 4413 ἐν
590 4357 668 4426 οἷς
713 4360 944 4432 οὐδαμοῦ
1006 4361 1246 4426 διάνοια,
1294 4365 1353 4415 οὐ
1417 4366 1798 4434 προαιρετικαὶ

234 4457 496 4525 κινήσεις,
525 4455 621 4506 ούκ
648 4454 1116 4524 αὐτεξουσιότητος
1146 4455 1448 4525 ἐλευθερία·
1479 4454 1611 4506 ἀλλὰ
1639 4454 1798 4508 δούλά

232 4548 353 4598 ἐστι
402 4547 502 4615 τῆς
547 4546 895 4616 ἐπικειμένης
925 4545 1185 4616 ἀνάγκης,
1229 4546 1348 4600 καθ’
1383 4547 1447 4616 ἢν
1482 4547 1795 4618 ἀπαραλλά-

236 4654 380 4698 κτως
426 4637 511 4688 ἀεὶ
563 4638 686 4706 περὶ
736 4635 804 4688 τὰ
862 4634 1000 4688 αὐτὰ
1036 4635 1482 4706 άναστρέφεται)·
1521 4637 1660 4708 ὑπὲρ
1704 4633 1793 4689 οὖν

1903 3437 2077 3491 nibus.
2101 3437 2381 3509 lnsuﬁlavit
2401 3441 2536 3493 enim
2559 3441 2610 3493 in
2634 3440 2819 3510 faciem
2842 3441 2922 3509 ⁸⁷;
2951 3443 3049 3498 hoc
3081 3452 3186 3507 est,
3219 3444 3454 3516 aliquant

1904 3531 2086 3600 gratiae
2123 3533 2349 3600 propria:
2381 3531 2535 3603 135
2568 3545 2771 3602 partem
2810 3534 2862 3588 in
2895 3537 3163 3592 hominem
3204 3539 3455 3603 immisit,

1906 3632 1964 3678 ut
2004 3623 2175 3677 simile
2212 3639 2306 3692 per
2345 3625 2519 3678 simile
2556 3638 2870 3694 cognoscat.
2923 3628 3173 3683 Attamen
3228 3646 3346 3684 cum
3403 3635 3455 3687 in

1904 3723 2054 3768 tanto
2088 3724 2230 3769 esset
2254 3716 2492 3779 honore,
2527 3730 2592 3770 ex
2625 3732 2690 3772 eo
2718 3718 2856 3786 quod
2899 3719 2964 3773 ad
2990 3716 3296 3776 Conditoris
3325 3722 3456 3775 ima-

1904 3805 2083 3873 ginem
2130 3804 2380 3861 conditus
2434 3817 2610 3870 esset,
2655 3808 2826 3878 magis
2877 3809 3051 3876 cmlo,
3095 3812 3265 3878 magis
3321 3815 3455 3873 sole.

1907 3897 2075 3966 magis
2127 3897 2400 3952 Stellarum
2447 3898 2656 3952 choreis
2697 3899 2989 3955 honoratus
3042 3901 3268 3970 (ecquod
3313 3906 3455 3959 enim

1904 3988 2160 4042 cwlorum
2213 3989 2386 4057 imago
2418 3988 2507 4042 Dei
2559 3988 2801 4043 altissimi
2849 3992 3048 4045 dictum
3098 3995 3215 4048 est?
3244 3995 3454 4063 qualem

1903 4079 2062 4132 etiam
2112 4078 2396 4146 imaginem
2449 4079 2744 4134 conditoris
2801 4082 2883 4135 sui
2935 4091 3112 4137 servat
3159 4086 3278 4140 sol?
3328 4089 3455 4156 quid

1903 4169 2069 4223 luna?
2137 4169 2262 4236 quid
2329 4170 2543 4239 reliqua:
2612 4170 2816 4225 stella}?
2869 4188 3092 4242 corpora
3165 4176 3455 4232 iuanimata

1900 4258 2116 4329 quidem
2147 4267 2200 4311 ct
2229 4273 2297 4313 ex
2328 4259 2548 4313 materia
2576 4259 2875 4312 constantia
2911 4275 2974 4315 ac
2996 4261 3164 4315 solum
3191 4263 3456 4332 pellucida

1901 4349 2137 4411 sortitae,
2177 4352 2230 4402 in
2264 4349 2457 4418 quibus
2501 4362 2763 4418 nusquam
2798 4365 2947 4405 mens
2985 4359 3101 4412 est.
3130 4367 3234 4407 non
3270 4354 3457 4408 volun-

1900 4441 2017 4494 tarii
2059 4453 2264 4504 motus,
2311 4455 2414 4495 non
2448 4439 2674 4495 liberum
2708 4443 3033 4510 arbitrium;
3079 4444 3174 4499 sed
3216 4448 3456 4500 serviunt

1899 4532 2221 4587 incumbenti
2270 4533 2617 4598 necessitati,
2673 4549 2765 4602 per
2825 4548 2981 4602 quam
3027 4549 3238 4603 semper
3283 4539 3454 4591 modis

1900 4624 2320 4678 immutabilibus
2379 4625 2520 4679 circa
2581 4625 2768 4679 eadem
2829 4629 3185 4694 versantur):
3251 4629 3450 4692 homo,

231 4697 407 4781 ταῦτα
433 4731 551 4788 ταῖς
594 4697 777 4795 τίμαῖς
822 4726 1160 4796 προηγμένος
1243 4727 1547 4798 ἄνθρωπος,
1683 4745 1797 4779 συν·
1829 4697 1870 4751 D

1779 4759 1797 4767 -
1829 4697 1870 4751 θ
1904 4717 2145 4785 inquam,
2179 4715 2349 4783 magis
2379 4716 2460 4769 his
2494 4718 2786 4771 honoratus
2808 4755 2821 4778 ,
2860 4731 2960 4768 non
2991 4716 3284 4783 intellexit,
3322 4722 3449 4783 sed,

231 4821 388 4889 ἧκεν,
415 4817 548 4868 ἀλλὰ
587 4817 896 4868 καταλιπὼν
935 4817 994 4868 τὸ
1025 4818 1247 4872 ἕπεσθαι
1289 4819 1426 4888 Θεῷ,
1454 4820 1545 4870 καὶ
1579 4818 1798 4887 ὁμοιοῦ-

235 4909 360 4962 σθαι
388 4905 466 4975 τῷ
505 4906 766 4971 κτίσαντι,
794 4906 974 4970 δοῦλος
1003 4908 1288 4979 γενόμενος
1326 4909 1430 4962 τῶν
1465 4908 1656 4961 παθῶν
1699 4911 1796 4978 τῆς

233 4998 457 5071 σαρκὸς,
493 4999 996 5068 Πιιρασυνεϐλήθη
1025 5000 1147 5066 τοῖς
1179 5001 1424 5066 κτήνεσι
1458 4999 1578 5064 τοῖς
1617 5000 1799 5066 ἀνοή-

304 5139 349 5168 ⁸¹
375 5139 510 5191 Gen.
551 5155 587 5203 ι,
625 5139 712 5205 27,
787 5142 832 5175 ⁸³
863 5146 988 5199 ibid.
1034 5145 1121 5198 28.

1221 5143 1426 5198 l"*Psal.
1462 5160 1575 5208 vm,
1621 5144 1673 5197 6.

303 5281 383 5349 (2)
418 5282 556 5336 Editi
591 5299 706 5337 cunt
748 5282 875 5356 Reg.
902 5295 1094 5353 quarto
1122 5282 1685 5356 μεγαλοφρονούντων.
1719 5286 1785 5336 At

227 5365 360 5423 mss".
395 5362 516 5407 octo
541 5354 1035 5423 μεγαφρονούντων.

300 5422 378 5488 (5)
412 5423 500 5476 Sic
541 5439 666 5478 mss.
703 5422 840 5483 Octo,
883 5440 909 5474 a
957 5428 1152 5492 quibus
1194 5438 1296 5478 non
1329 5424 1581 5478 tIiIIerunt
1626 5425 1778 5487 editi,

225 5493 330 5565 nisi
379 5495 520 5559 quod
572 5507 664 5561 pro
698 5491 981 5562 μοχθηρῶν
1036 5495 1262 5548 habeant
1307 5492 1572 5565 πονηρῶν.
1609 5495 1674 5544 At
1729 5497 1777 5546 in

226 5563 359 5634 Heg.
392 5564 563 5634 tertio,
584 5565 661 5616 sic
689 5565 898 5632 legitur.
937 5566 1344 5634 προσνεμόντων
1373 5563 1579 5624 ἑαυτοῖς
1611 5579 1776 5634 πονη-

223 5631 336 5701 ρῶν
361 5647 521 5702 τινων
547 5631 826 5702 δογμάτων
855 5631 1294 5700 συγκαταθέσεις.

295 5703 371 5773 (4)
405 5701 543 5758 Edjti
567 5700 759 5756 πάντα.
793 5705 923 5758 Octo
973 5719 1097 5755 vero
1129 5721 1255 5758 mss.
1295 5705 1530 5755 πάντων.
1573 5700 1679 5755 Nec
1716 5704 1784 5756 ita

221 5775 391 5844 tltttltu
423 5773 685 5844 post‘duo
707 5791 831 5825 Illas.
869 5775 1002 5844 πρὸς
1027 5774 1086 5824 τὺ
1108 5774 1361 5841 γαιώδες.

296 5842 374 5910 (5)
419 5842 557 5897 Εάίιὶ
623 5841 730 5911 γάρ
777 5841 957 5914 φησιν.
1008 5845 1163 5897 Deest
1227 5844 1392 5915 φησίν
1444 5845 1493 5897 in
1553 5842 1786 5911 quinque

229 5925 362 5966 IIISS.

477 6005 745 6066 PATBOL.
788 6005 900 6067 Gn.
954 6005 1188 6066 XXIX.

1900 4809 2041 4877 quod
2066 4823 2185 4862 eum
2211 4809 2382 4875 sequi,
2423 4816 2478 4862 et
2503 4806 2774 4861 Conditori
2811 4807 3008 4863 similis
3040 4809 3153 4863 ﬁeri
3187 4810 3447 4880 neglexit,

1900 4916 2086 4956 servus
2124 4899 2345 4954 eﬂ'ectus
2377 4900 2725 4968 cupiditatum
2758 4900 2969 4966 carnis,
3006 4900 3348 4970 Comparatus
3375 4913 3451 4954 est

1895 4994 2142 5064 jumentis
2193 4992 2577 5059 insipientibus,
2630 5001 2680 5042 et
2734 4991 2918 5046 similis
2971 4991 3140 5061 [actus
3191 5002 3265 5046 est
3321 4993 3449 5046 illis.

1751 5145 1792 5174 ετ.
1823 5141 1957 5196 Gen.
2001 5156 2058 5202 ιι,
2095 5137 2142 5189 7.
2219 5138 2262 5167 ⁸⁸
2297 5135 2453 5188 Ilchr.
2502 5149 2543 5200 ι,
2576 5133 2626 5189 7.
2701 5135 2744 5167 ⁸⁷
2776 5136 2908 5191 Cen.
2947 5151 3004 5196 ll,
3046 5134 3093 5187 7.

1965 5282 2038 5352 (6)
2077 5276 2497 5352 Sic_Colb_crtini
2551 5277 2802 5346 quintus,
2854 5287 3039 5352 gestus
3083 5287 3138 5352 et
3190 5279 3452 5352 septimus

1891 5345 2031 5408 cuin
2073 5349 2276 5401 duobus
2333 5345 2519 5413 Regiis
2547 5345 2607 5400 et
2656 5361 2774 5398 cum
2806 5347 3039 5400 editione
3081 5346 3244 5400 Basil.
3278 5350 3454 5404 Editto

1892 5437 2014 5475 vero
2042 5418 2213 5472 Paris.
2265 5418 2328 5469 Τί
2359 5417 2465 5486 γὰρ
2513 5417 2618 5468 τῶν
2671 5417 2956 5488 οὐρανίων,
2989 5416 3189 5486 Ecquid
3223 5419 3360 5471 enim
3389 5435 3454 5471 ea:

1889 5490 2198 5552 caelestibus,
2231 5501 2333 5542 etc.
2370 5494 2407 5540 Α
2444 5489 2635 5554 quibus
2655 5489 2904 5542 omnibus
2938 5500 3041 5540 non
3074 5502 3256 5555 parum
3288 5488 3453 5540 dissi-

1890 5564 1978 5613 det
2009 5561 2156 5614 Colh.
2191 5561 2432 5624 quintus,
2460 5561 2509 5607 in
2535 5572 2638 5623 quo
2661 5559 2740 5611 sic
2765 5556 2977 5626 legitur,
3004 5555 3099 5620 Τίς
3121 5558 3228 5626 γὰρ
3259 5555 3366 5609 τῶν
3395 5559 3454 5611 ἐν

1894 5630 2124 5701 οὐρανῷ,
2158 5627 2517 5701 Ecquis__cnim
2542 5643 2718 5701 eorum
2743 5629 2832 5696 qui
2867 5629 2918 5679 in
2949 5629 3072 5680 coelo
3107 5636 3249 5690 sunt,
3279 5628 3452 5701 dictus

1896 5696 1971 5754 est
1999 5696 2192 5767 imago,
2218 5710 2318 5750 etc.
2347 5696 2514 5767 Verba
2541 5697 2625 5748 illa
2649 5713 2768 5764 qua:
2793 5713 2909 5750 mox
2940 5706 3258 5767 sequuntur,
3293 5698 3455 5751 ποίαν

1895 5771 1972 5834 δέ,
2003 5766 2133 5833 etc.,
2174 5785 2236 5820 eo
2261 5767 2446 5819 ordine
2480 5766 2727 5835 leguntur
2764 5768 2815 5820 in
2854 5784 2981 5821 mss.
3006 5781 3111 5835 quo
3140 5766 3451 5822 edidimus:

1899 5843 1991 5896 sed
2023 5839 2176 5892 aliter
2208 5838 2259 5890 in
2280 5836 2436 5888 editis
2467 5838 2843 5904 disponuntur,
2862 5839 3106 5891 videlicet
3133 5838 3233 5891 hoc
3258 5840 3451 5894 modo:

1899 5911 2053 5963 ποίαν
2084 5910 2139 5962 δὲ
2168 5907 2348 5961 εἰκόνα
2383 5907 2541 5970 σώζει
2571 5909 2597 5959 ὁ
2624 5907 2770 5976 ἥλιος
2806 5907 2897 5960 τοῦ
2924 5907 3220 5968 κτίσαντος.

3113 6000 3182 6060 15
