  <div class='ocr_page' id='page_1' title='image "/cluster/home/n/w/nwhite01/storage/ocr_20150623/29/uva.x004321530/645.png"; bbox 0 0 4230 6496; ppageno 0'>
   <div class='ocr_carea' id='block_1_1' title="bbox 844 466 939 520">
    <p class='ocr_par' dir='ltr' id='par_1_1' title="bbox 844 466 939 520">
     <span class='ocr_line' id='line_1_1' title="bbox 844 466 939 520; baseline -0.021 0"><span class='ocrx_word' id='word_1_1' title='bbox 844 466 939 520; x_wconf 61' lang='lat' dir='ltr'><strong>liii</strong></span> 
     </span>
    </p>
   </div>
   <div class='ocr_carea' id='block_1_2' title="bbox 2173 462 2764 520">
    <p class='ocr_par' dir='ltr' id='par_1_2' title="bbox 2173 462 2764 520">
     <span class='ocr_line' id='line_1_2' title="bbox 2173 462 2764 520; baseline 0.005 -5"><span class='ocrx_word' id='word_1_2' title='bbox 2173 463 2227 515; x_wconf 91' lang='lat' dir='ltr'><strong>S.</strong></span> <span class='ocrx_word' id='word_1_3' title='bbox 2272 462 2511 518; x_wconf 66' lang='lat' dir='ltr'><strong>BASILII</strong></span> <span class='ocrx_word' id='word_1_4' title='bbox 2552 465 2764 520; x_wconf 74' lang='lat' dir='ltr'><strong>MAGNI</strong></span> 
     </span>
    </p>
   </div>
   <div class='ocr_carea' id='block_1_3' title="bbox 3958 472 4063 526">
    <p class='ocr_par' dir='ltr' id='par_1_3' title="bbox 3958 472 4063 526">
     <span class='ocr_line' id='line_1_3' title="bbox 3958 472 4063 526; baseline 0 -1"><span class='ocrx_word' id='word_1_5' title='bbox 3958 472 4063 526; x_wconf 64' lang='lat'><strong>652</strong></span> 
     </span>
    </p>
   </div>
   <div class='ocr_carea' id='block_1_4' title="bbox 846 584 2516 661">
    <p class='ocr_par' dir='ltr' id='par_1_4' title="bbox 846 584 2516 655">
     <span class='ocr_line' id='line_1_4' title="bbox 846 584 2516 655; baseline -0.001 -14"><span class='ocrx_word' id='word_1_6' title='bbox 846 590 995 642; x_wconf 81' lang='lat' dir='ltr'><strong>Nunc</strong></span> <span class='ocrx_word' id='word_1_7' title='bbox 1041 587 1249 655; x_wconf 83' lang='lat' dir='ltr'><strong>quidem</strong></span> <span class='ocrx_word' id='word_1_8' title='bbox 1287 594 1539 654; x_wconf 93' lang='lat' dir='ltr'><strong>tanquam</strong></span> <span class='ocrx_word' id='word_1_9' title='bbox 1576 598 1743 652; x_wconf 87' lang='lat' dir='ltr'><strong>equus</strong></span> <span class='ocrx_word' id='word_1_10' title='bbox 1790 598 1968 637; x_wconf 89' lang='lat' dir='ltr'><strong>amore</strong></span> <span class='ocrx_word' id='word_1_11' title='bbox 2019 584 2202 637; x_wconf 87' lang='lat' dir='ltr'><strong>furens</strong></span> <span class='ocrx_word' id='word_1_12' title='bbox 2244 585 2397 639; x_wconf 88' lang='lat' dir='ltr'><strong>femi-</strong></span> <span class='ocrx_word' id='word_1_13' title='bbox 2425 593 2469 648; x_wconf 79' lang='grc' dir='ltr'><strong>Α</strong></span> <span class='ocrx_word' id='word_1_14' title='bbox 2498 604 2516 639; x_wconf 77' lang='lat'><strong>2</strong></span> 
     </span>
    </p>
   </div>
   <div class='ocr_carea' id='block_1_5' title="bbox 2396 584 4066 661">
    <p class='ocr_par' dir='ltr' id='par_1_5' title="bbox 2396 588 4066 661">
     <span class='ocr_line' id='line_1_5' title="bbox 2396 588 4066 661; baseline 0.004 -22"><span class='ocrx_word' id='word_1_15' title='bbox 2396 593 2469 648; x_wconf 59' lang='grc' dir='ltr'>ηΑ</span> <span class='ocrx_word' id='word_1_16' title='bbox 2498 604 2639 652; x_wconf 77' lang='grc' dir='ltr'>τοις,</span> <span class='ocrx_word' id='word_1_17' title='bbox 2673 589 2767 639; x_wconf 78' lang='grc' dir='ltr'>καὶ</span> <span class='ocrx_word' id='word_1_18' title='bbox 2814 588 3071 654; x_wconf 81' lang='grc' dir='ltr'><strong>ὡμοιώθη</strong></span> <span class='ocrx_word' id='word_1_19' title='bbox 3108 589 3340 653; x_wconf 74' lang='grc' dir='ltr'>αὐτοῖς’</span> <span class='ocrx_word' id='word_1_20' title='bbox 3380 590 3470 642; x_wconf 80' lang='grc' dir='ltr'><strong>νῦν</strong></span> <span class='ocrx_word' id='word_1_21' title='bbox 3521 592 3614 660; x_wconf 82' lang='grc' dir='ltr'><strong>μὲν</strong></span> <span class='ocrx_word' id='word_1_22' title='bbox 3644 591 3718 654; x_wconf 84' lang='grc' dir='ltr'>ὼς</span> <span class='ocrx_word' id='word_1_23' title='bbox 3760 592 3928 654; x_wconf 77' lang='grc' dir='ltr'>ἵππος</span> <span class='ocrx_word' id='word_1_24' title='bbox 3966 592 4066 661; x_wconf 77' lang='grc' dir='ltr'><strong>Θη-</strong></span> 
     </span>
    </p>
   </div>
   <div class='ocr_carea' id='block_1_6' title="bbox 844 677 2399 748">
    <p class='ocr_par' dir='ltr' id='par_1_6' title="bbox 844 677 2399 748">
     <span class='ocr_line' id='line_1_6' title="bbox 844 677 2399 748; baseline -0.002 -14"><span class='ocrx_word' id='word_1_25' title='bbox 844 698 1031 735; x_wconf 86' lang='lat' dir='ltr'><strong>narum</strong></span> <span class='ocrx_word' id='word_1_26' title='bbox 1057 721 1070 742; x_wconf 89' lang='lat'><em>.</em></span> <span class='ocrx_word' id='word_1_27' title='bbox 1105 681 1352 734; x_wconf 88' lang='lat' dir='ltr'><strong>adhinnit</strong></span> <span class='ocrx_word' id='word_1_28' title='bbox 1378 679 1607 748; x_wconf 77' lang='lat' dir='ltr'><strong>proximi</strong></span> <span class='ocrx_word' id='word_1_29' title='bbox 1650 679 1731 730; x_wconf 91' lang='lat' dir='ltr'><strong>sui</strong></span> <span class='ocrx_word' id='word_1_30' title='bbox 1766 678 1919 730; x_wconf 76' lang='lat' dir='ltr'><strong>uxori</strong></span> <span class='ocrx_word' id='word_1_31' title='bbox 1952 677 1995 709; x_wconf 82' lang='grc'><strong>⁸⁸</strong></span> <span class='ocrx_word' id='word_1_32' title='bbox 2030 696 2042 729; x_wconf 89' lang='lat'>:</span> <span class='ocrx_word' id='word_1_33' title='bbox 2082 692 2225 731; x_wconf 91' lang='lat' dir='ltr'><strong>nunc</strong></span> <span class='ocrx_word' id='word_1_34' title='bbox 2272 692 2399 731; x_wconf 89' lang='lat' dir='ltr'><strong>vero</strong></span> 
     </span>
    </p>
   </div>
   <div class='ocr_carea' id='block_1_7' title="bbox 843 766 2398 840">
    <p class='ocr_par' dir='ltr' id='par_1_7' title="bbox 843 766 2398 840">
     <span class='ocr_line' id='line_1_7' title="bbox 843 766 2398 840; baseline -0.003 -16"><span class='ocrx_word' id='word_1_35' title='bbox 843 785 1093 840; x_wconf 81' lang='lat' dir='ltr'><strong>tanquam</strong></span> <span class='ocrx_word' id='word_1_36' title='bbox 1128 771 1282 838; x_wconf 92' lang='lat' dir='ltr'><strong>lupus</strong></span> <span class='ocrx_word' id='word_1_37' title='bbox 1311 784 1470 837; x_wconf 82' lang='lat' dir='ltr'><strong>rapax</strong></span> <span class='ocrx_word' id='word_1_38' title='bbox 1491 767 1679 822; x_wconf 90' lang='lat' dir='ltr'><strong>alienis</strong></span> <span class='ocrx_word' id='word_1_39' title='bbox 1710 767 1929 821; x_wconf 88' lang='lat' dir='ltr'><strong>insidias</strong></span> <span class='ocrx_word' id='word_1_40' title='bbox 1960 766 2174 822; x_wconf 74' lang='lat' dir='ltr'><strong>struit”</strong></span> <span class='ocrx_word' id='word_1_41' title='bbox 2196 785 2208 820; x_wconf 89' lang='lat'><strong>:</strong></span> <span class='ocrx_word' id='word_1_42' title='bbox 2231 768 2398 820; x_wconf 89' lang='lat' dir='ltr'><strong>inter-</strong></span> 
     </span>
    </p>
   </div>
   <div class='ocr_carea' id='block_1_8' title="bbox 840 858 2396 922">
    <p class='ocr_par' dir='ltr' id='par_1_8' title="bbox 840 858 2396 922">
     <span class='ocr_line' id='line_1_8' title="bbox 840 858 2396 922; baseline -0.005 -5"><span class='ocrx_word' id='word_1_43' title='bbox 840 868 964 917; x_wconf 86' lang='lat' dir='ltr'><strong>dum</strong></span> <span class='ocrx_word' id='word_1_44' title='bbox 1005 873 1075 918; x_wconf 81' lang='lat' dir='ltr'><strong>ou</strong></span> <span class='ocrx_word' id='word_1_45' title='bbox 1123 862 1422 916; x_wconf 85' lang='lat' dir='ltr'><strong>adhibitum</strong></span> <span class='ocrx_word' id='word_1_46' title='bbox 1477 861 1732 914; x_wconf 83' lang='lat' dir='ltr'><strong>adversus</strong></span> <span class='ocrx_word' id='word_1_47' title='bbox 1778 858 1996 913; x_wconf 90' lang='lat' dir='ltr'><strong>fratrem</strong></span> <span class='ocrx_word' id='word_1_48' title='bbox 2034 860 2245 922; x_wconf 88' lang='lat' dir='ltr'><strong>dolum,</strong></span> <span class='ocrx_word' id='word_1_49' title='bbox 2273 873 2396 911; x_wconf 85' lang='lat' dir='ltr'><strong>ver-</strong></span> 
     </span>
    </p>
   </div>
   <div class='ocr_carea' id='block_1_9' title="bbox 841 950 2398 1022">
    <p class='ocr_par' dir='ltr' id='par_1_9' title="bbox 841 950 2398 1022">
     <span class='ocr_line' id='line_1_9' title="bbox 841 950 2398 1022; baseline -0.003 -13"><span class='ocrx_word' id='word_1_50' title='bbox 841 959 997 1010; x_wconf 75' lang='lat' dir='ltr'><strong>sutia:</strong></span> <span class='ocrx_word' id='word_1_51' title='bbox 1060 956 1237 1022; x_wconf 90' lang='lat' dir='ltr'><strong>vulpis</strong></span> <span class='ocrx_word' id='word_1_52' title='bbox 1303 952 1633 1007; x_wconf 87' lang='lat' dir='ltr'><strong>assimilatur</strong></span> <span class='ocrx_word' id='word_1_53' title='bbox 1666 952 1738 1004; x_wconf 78' lang='lat'><strong>“.</strong></span> <span class='ocrx_word' id='word_1_54' title='bbox 1773 951 1867 1005; x_wconf 87' lang='lat' dir='ltr'><strong>Est</strong></span> <span class='ocrx_word' id='word_1_55' title='bbox 1920 961 2095 1004; x_wconf 86' lang='lat' dir='ltr'><strong>autem</strong></span> <span class='ocrx_word' id='word_1_56' title='bbox 2151 950 2398 1005; x_wconf 87' lang='lat' dir='ltr'><strong>cumulus</strong></span> 
     </span>
    </p>
   </div>
   <div class='ocr_carea' id='block_1_10' title="bbox 843 1042 2398 1111">
    <p class='ocr_par' dir='ltr' id='par_1_10' title="bbox 843 1042 2398 1111">
     <span class='ocr_line' id='line_1_10' title="bbox 843 1042 2398 1111; baseline -0.005 -10"><span class='ocrx_word' id='word_1_57' title='bbox 843 1048 1086 1101; x_wconf 69' lang='lat' dir='ltr'><strong>stultitiae</strong></span> <span class='ocrx_word' id='word_1_58' title='bbox 1110 1058 1163 1101; x_wconf 92' lang='lat' dir='ltr'><strong>et</strong></span> <span class='ocrx_word' id='word_1_59' title='bbox 1186 1047 1468 1101; x_wconf 71' lang='lat' dir='ltr'><strong>dementiae</strong></span> <span class='ocrx_word' id='word_1_60' title='bbox 1498 1045 1652 1111; x_wconf 81' lang='lat' dir='ltr'><strong>plane</strong></span> <span class='ocrx_word' id='word_1_61' title='bbox 1685 1043 1955 1106; x_wconf 69' lang='lat' dir='ltr'><strong>belluinae,</strong></span> <span class='ocrx_word' id='word_1_62' title='bbox 1994 1057 2117 1096; x_wconf 91' lang='lat' dir='ltr'><strong>eum</strong></span> <span class='ocrx_word' id='word_1_63' title='bbox 2145 1042 2234 1111; x_wconf 88' lang='lat' dir='ltr'><strong>qui</strong></span> <span class='ocrx_word' id='word_1_64' title='bbox 2272 1057 2398 1095; x_wconf 89' lang='lat' dir='ltr'><strong>con-</strong></span> 
     </span>
    </p>
   </div>
   <div class='ocr_carea' id='block_1_11' title="bbox 840 1135 2396 1205">
    <p class='ocr_par' dir='ltr' id='par_1_11' title="bbox 840 1135 2396 1205">
     <span class='ocr_line' id='line_1_11' title="bbox 840 1135 2396 1205; baseline -0.006 -10"><span class='ocrx_word' id='word_1_65' title='bbox 840 1144 983 1195; x_wconf 90' lang='lat' dir='ltr'><strong>ditus</strong></span> <span class='ocrx_word' id='word_1_66' title='bbox 1031 1153 1112 1195; x_wconf 90' lang='lat' dir='ltr'><strong>est</strong></span> <span class='ocrx_word' id='word_1_67' title='bbox 1151 1143 1216 1194; x_wconf 89' lang='lat' dir='ltr'><strong>ad</strong></span> <span class='ocrx_word' id='word_1_68' title='bbox 1264 1138 1537 1193; x_wconf 75' lang='lat' dir='ltr'><strong>Creatoris</strong></span> <span class='ocrx_word' id='word_1_69' title='bbox 1584 1137 1914 1205; x_wconf 87' lang='lat' dir='ltr'><strong>imaginem,</strong></span> <span class='ocrx_word' id='word_1_70' title='bbox 1952 1149 2124 1202; x_wconf 89' lang='lat' dir='ltr'><strong>neque</strong></span> <span class='ocrx_word' id='word_1_71' title='bbox 2172 1135 2396 1202; x_wconf 87' lang='lat' dir='ltr'><strong>primam</strong></span> 
     </span>
    </p>
   </div>
   <div class='ocr_carea' id='block_1_12' title="bbox 837 1230 2395 1297">
    <p class='ocr_par' dir='ltr' id='par_1_12' title="bbox 837 1230 2395 1297">
     <span class='ocr_line' id='line_1_12' title="bbox 837 1230 2395 1297; baseline -0.006 -11"><span class='ocrx_word' id='word_1_72' title='bbox 837 1248 987 1287; x_wconf 83' lang='lat' dir='ltr'><strong>suam</strong></span> <span class='ocrx_word' id='word_1_73' title='bbox 1027 1230 1462 1285; x_wconf 90' lang='lat' dir='ltr'><strong>constitutionem</strong></span> <span class='ocrx_word' id='word_1_74' title='bbox 1491 1230 1796 1297; x_wconf 89' lang='lat' dir='ltr'><strong>percipere,</strong></span> <span class='ocrx_word' id='word_1_75' title='bbox 1836 1240 2006 1295; x_wconf 90' lang='lat' dir='ltr'><strong>neque</strong></span> <span class='ocrx_word' id='word_1_76' title='bbox 2035 1235 2109 1278; x_wconf 90' lang='lat' dir='ltr'><strong>tot</strong></span> <span class='ocrx_word' id='word_1_77' title='bbox 2143 1239 2206 1278; x_wconf 88' lang='lat' dir='ltr'><strong>ac</strong></span> <span class='ocrx_word' id='word_1_78' title='bbox 2252 1234 2395 1278; x_wconf 87' lang='lat' dir='ltr'><strong>tanta</strong></span> 
     </span>
    </p>
   </div>
   <div class='ocr_carea' id='block_1_13' title="bbox 837 1317 2396 1392">
    <p class='ocr_par' dir='ltr' id='par_1_13' title="bbox 837 1317 2396 1392">
     <span class='ocr_line' id='line_1_13' title="bbox 837 1317 2396 1392; baseline -0.006 -15"><span class='ocrx_word' id='word_1_79' title='bbox 837 1340 934 1392; x_wconf 91' lang='lat' dir='ltr'><strong>pro</strong></span> <span class='ocrx_word' id='word_1_80' title='bbox 971 1338 1027 1377; x_wconf 90' lang='lat' dir='ltr'><strong>se</strong></span> <span class='ocrx_word' id='word_1_81' title='bbox 1052 1325 1355 1391; x_wconf 85' lang='lat' dir='ltr'><strong>dispensata</strong></span> <span class='ocrx_word' id='word_1_82' title='bbox 1398 1321 1651 1390; x_wconf 86' lang='lat' dir='ltr'><strong>mysteria</strong></span> <span class='ocrx_word' id='word_1_83' title='bbox 1698 1318 1990 1388; x_wconf 90' lang='lat' dir='ltr'><strong>intelligere</strong></span> <span class='ocrx_word' id='word_1_84' title='bbox 2032 1317 2167 1369; x_wconf 83' lang='lat' dir='ltr'><strong>velle</strong></span> <span class='ocrx_word' id='word_1_85' title='bbox 2191 1357 2205 1380; x_wconf 91' lang='lat'><strong>,</strong></span> <span class='ocrx_word' id='word_1_86' title='bbox 2241 1325 2295 1370; x_wconf 92' lang='lat' dir='ltr'><strong>et</strong></span> <span class='ocrx_word' id='word_1_87' title='bbox 2332 1331 2396 1369; x_wconf 90' lang='lat' dir='ltr'><strong>ue</strong></span> 
     </span>
    </p>
   </div>
   <div class='ocr_carea' id='block_1_14' title="bbox 836 1410 2392 1482">
    <p class='ocr_par' dir='ltr' id='par_1_14' title="bbox 836 1410 2392 1482">
     <span class='ocr_line' id='line_1_14' title="bbox 836 1410 2392 1482; baseline -0.006 -11"><span class='ocrx_word' id='word_1_88' title='bbox 836 1433 900 1471; x_wconf 72' lang='lat' dir='ltr'><strong>ex</strong></span> <span class='ocrx_word' id='word_1_89' title='bbox 940 1417 1043 1469; x_wconf 89' lang='lat' dir='ltr'><strong>illis</strong></span> <span class='ocrx_word' id='word_1_90' title='bbox 1084 1415 1299 1482; x_wconf 89' lang='lat' dir='ltr'><strong>quidem</strong></span> <span class='ocrx_word' id='word_1_91' title='bbox 1341 1413 1651 1479; x_wconf 87' lang='lat' dir='ltr'><strong>dignitatem</strong></span> <span class='ocrx_word' id='word_1_92' title='bbox 1697 1426 1847 1466; x_wconf 85' lang='lat' dir='ltr'><strong>suam</strong></span> <span class='ocrx_word' id='word_1_93' title='bbox 1897 1423 2225 1478; x_wconf 82' lang='lat' dir='ltr'><strong>cognoscere</strong></span> <span class='ocrx_word' id='word_1_94' title='bbox 2257 1426 2269 1461; x_wconf 90' lang='lat'><strong>:</strong></span> <span class='ocrx_word' id='word_1_95' title='bbox 2301 1410 2392 1463; x_wconf 88' lang='lat' dir='ltr'><strong>sed</strong></span> 
     </span>
    </p>
   </div>
   <div class='ocr_carea' id='block_1_15' title="bbox 839 1498 2391 1572">
    <p class='ocr_par' dir='ltr' id='par_1_15' title="bbox 839 1498 2391 1572">
     <span class='ocr_line' id='line_1_15' title="bbox 839 1498 2391 1572; baseline -0.008 -11"><span class='ocrx_word' id='word_1_96' title='bbox 839 1510 1204 1561; x_wconf 90' lang='lat' dir='ltr'><strong>immemorem</strong></span> <span class='ocrx_word' id='word_1_97' title='bbox 1244 1520 1387 1569; x_wconf 88' lang='lat' dir='ltr'><strong>esse,</strong></span> <span class='ocrx_word' id='word_1_98' title='bbox 1426 1507 1563 1572; x_wconf 90' lang='lat' dir='ltr'><strong>quod</strong></span> <span class='ocrx_word' id='word_1_99' title='bbox 1612 1502 1818 1572; x_wconf 85' lang='lat' dir='ltr'><strong>abjecta</strong></span> <span class='ocrx_word' id='word_1_100' title='bbox 1860 1501 1933 1555; x_wconf 91' lang='lat' dir='ltr'><strong>rei</strong></span> <span class='ocrx_word' id='word_1_101' title='bbox 1985 1500 2219 1555; x_wconf 73' lang='lat' dir='ltr'><strong>cmlestis</strong></span> <span class='ocrx_word' id='word_1_102' title='bbox 2254 1498 2391 1551; x_wconf 86' lang='lat' dir='ltr'><strong>ima—</strong></span> 
     </span>
    </p>
   </div>
   <div class='ocr_carea' id='block_1_16' title="bbox 836 1594 2393 1667">
    <p class='ocr_par' dir='ltr' id='par_1_16' title="bbox 836 1594 2393 1667">
     <span class='ocr_line' id='line_1_16' title="bbox 836 1594 2393 1667; baseline -0.005 -18"><span class='ocrx_word' id='word_1_103' title='bbox 836 1601 992 1667; x_wconf 85' lang='lat' dir='ltr'><strong>gine,</strong></span> <span class='ocrx_word' id='word_1_104' title='bbox 1050 1600 1124 1651; x_wconf 90' lang='lat' dir='ltr'><strong>rei</strong></span> <span class='ocrx_word' id='word_1_105' title='bbox 1175 1607 1402 1651; x_wconf 72' lang='lat' dir='ltr'><strong>terrena:</strong></span> <span class='ocrx_word' id='word_1_106' title='bbox 1449 1595 1736 1664; x_wconf 88' lang='lat' dir='ltr'><strong>imaginem</strong></span> <span class='ocrx_word' id='word_1_107' title='bbox 1784 1594 2094 1661; x_wconf 81' lang='lat' dir='ltr'><strong>sumpserit.</strong></span> <span class='ocrx_word' id='word_1_108' title='bbox 2126 1594 2300 1659; x_wconf 82' lang='lat' dir='ltr'><strong>Atque</strong></span> <span class='ocrx_word' id='word_1_109' title='bbox 2336 1597 2393 1641; x_wconf 93' lang='lat' dir='ltr'><strong>ut</strong></span> 
     </span>
    </p>
   </div>
   <div class='ocr_carea' id='block_1_17' title="bbox 843 1683 2391 1759">
    <p class='ocr_par' dir='ltr' id='par_1_17' title="bbox 843 1683 2391 1759">
     <span class='ocr_line' id='line_1_17' title="bbox 843 1683 2391 1759; baseline -0.005 -16"><span class='ocrx_word' id='word_1_110' title='bbox 843 1708 907 1743; x_wconf 88' lang='lat' dir='ltr'><strong>ne</strong></span> <span class='ocrx_word' id='word_1_111' title='bbox 938 1692 986 1743; x_wconf 91' lang='lat' dir='ltr'><strong>in</strong></span> <span class='ocrx_word' id='word_1_112' title='bbox 1022 1699 1242 1759; x_wconf 87' lang='lat' dir='ltr'><strong>peccato</strong></span> <span class='ocrx_word' id='word_1_113' title='bbox 1264 1696 1593 1758; x_wconf 90' lang='lat' dir='ltr'><strong>permaneat,</strong></span> <span class='ocrx_word' id='word_1_114' title='bbox 1630 1694 1847 1754; x_wconf 87' lang='lat' dir='ltr'><strong>propter</strong></span> <span class='ocrx_word' id='word_1_115' title='bbox 1862 1700 1979 1738; x_wconf 89' lang='lat' dir='ltr'><strong>eum</strong></span> <span class='ocrx_word' id='word_1_116' title='bbox 2024 1683 2240 1737; x_wconf 84' lang='lat' dir='ltr'><strong>Verbum</strong></span> <span class='ocrx_word' id='word_1_117' title='bbox 2269 1699 2391 1735; x_wconf 88' lang='lat' dir='ltr'><strong>caro</strong></span> 
     </span>
    </p>
   </div>
   <div class='ocr_carea' id='block_1_18' title="bbox 837 1774 2391 1848">
    <p class='ocr_par' dir='ltr' id='par_1_18' title="bbox 837 1774 2391 1848">
     <span class='ocr_line' id='line_1_18' title="bbox 837 1774 2391 1848; baseline -0.003 -15"><span class='ocrx_word' id='word_1_118' title='bbox 837 1784 1031 1848; x_wconf 75' lang='lat' dir='ltr'><strong>factum</strong></span> <span class='ocrx_word' id='word_1_119' title='bbox 1064 1790 1162 1843; x_wconf 73' lang='lat' dir='ltr'><strong>est,</strong></span> <span class='ocrx_word' id='word_1_120' title='bbox 1217 1791 1262 1833; x_wconf 87' lang='lat' dir='ltr'><strong>et</strong></span> <span class='ocrx_word' id='word_1_121' title='bbox 1299 1779 1548 1831; x_wconf 74' lang='lat' dir='ltr'><strong>habitavit</strong></span> <span class='ocrx_word' id='word_1_122' title='bbox 1576 1778 1628 1829; x_wconf 84' lang='lat' dir='ltr'><strong>in</strong></span> <span class='ocrx_word' id='word_1_123' title='bbox 1672 1775 1817 1828; x_wconf 79' lang='lat' dir='ltr'><strong>nobis</strong></span> <span class='ocrx_word' id='word_1_124' title='bbox 1851 1774 1917 1837; x_wconf 79' lang='grc' dir='ltr'>ο¹,</span> <span class='ocrx_word' id='word_1_125' title='bbox 1954 1786 2007 1827; x_wconf 89' lang='lat' dir='ltr'><strong>et</strong></span> <span class='ocrx_word' id='word_1_126' title='bbox 2049 1789 2215 1841; x_wconf 90' lang='lat' dir='ltr'><strong>usque</strong></span> <span class='ocrx_word' id='word_1_127' title='bbox 2259 1774 2391 1828; x_wconf 88' lang='lat' dir='ltr'><strong>adeo</strong></span> 
     </span>
    </p>
   </div>
   <div class='ocr_carea' id='block_1_19' title="bbox 834 1864 2387 1939">
    <p class='ocr_par' dir='ltr' id='par_1_19' title="bbox 834 1864 2387 1939">
     <span class='ocr_line' id='line_1_19' title="bbox 834 1864 2387 1939; baseline -0.006 -12"><span class='ocrx_word' id='word_1_128' title='bbox 834 1890 891 1927; x_wconf 78' lang='lat' dir='ltr'><strong>se</strong></span> <span class='ocrx_word' id='word_1_129' title='bbox 923 1874 1093 1939; x_wconf 90' lang='lat' dir='ltr'><strong>ipsum</strong></span> <span class='ocrx_word' id='word_1_130' title='bbox 1126 1870 1412 1939; x_wconf 81' lang='lat' dir='ltr'><strong>depressit,</strong></span> <span class='ocrx_word' id='word_1_131' title='bbox 1448 1879 1504 1921; x_wconf 91' lang='lat' dir='ltr'><strong>ut</strong></span> <span class='ocrx_word' id='word_1_132' title='bbox 1536 1868 1710 1922; x_wconf 89' lang='lat' dir='ltr'><strong>factus</strong></span> <span class='ocrx_word' id='word_1_133' title='bbox 1740 1868 1808 1920; x_wconf 89' lang='lat' dir='ltr'><strong>sit</strong></span> <span class='ocrx_word' id='word_1_134' title='bbox 1838 1864 2094 1918; x_wconf 76' lang='lat' dir='ltr'><strong>Obediens</strong></span> <span class='ocrx_word' id='word_1_135' title='bbox 2123 1882 2283 1933; x_wconf 82' lang='lat' dir='ltr'><strong>usque</strong></span> <span class='ocrx_word' id='word_1_136' title='bbox 2320 1866 2387 1917; x_wconf 88' lang='lat' dir='ltr'><strong>ad</strong></span> 
     </span>
    </p>
   </div>
   <div class='ocr_carea' id='block_1_20' title="bbox 2504 678 4067 750">
    <p class='ocr_par' dir='ltr' id='par_1_20' title="bbox 2504 678 4067 750">
     <span class='ocr_line' id='line_1_20' title="bbox 2504 678 4067 750; baseline 0.003 -21"><span class='ocrx_word' id='word_1_137' title='bbox 2504 678 2746 747; x_wconf 82' lang='grc' dir='ltr'>λυμανὴς</span> <span class='ocrx_word' id='word_1_138' title='bbox 2789 678 3121 747; x_wconf 77' lang='grc' dir='ltr'>χρεμετίζων</span> <span class='ocrx_word' id='word_1_139' title='bbox 3158 680 3249 731; x_wconf 71' lang='grc' dir='ltr'>ἐπὶ</span> <span class='ocrx_word' id='word_1_140' title='bbox 3285 678 3382 749; x_wconf 82' lang='grc' dir='ltr'>τὴν</span> <span class='ocrx_word' id='word_1_141' title='bbox 3420 684 3649 747; x_wconf 88' lang='grc' dir='ltr'>γυναῖκα</span> <span class='ocrx_word' id='word_1_142' title='bbox 3695 681 3787 733; x_wconf 87' lang='grc' dir='ltr'><strong>τοῦ</strong></span> <span class='ocrx_word' id='word_1_143' title='bbox 3838 682 4067 750; x_wconf 74' lang='grc' dir='ltr'>πλησίον</span> 
     </span>
    </p>
   </div>
   <div class='ocr_carea' id='block_1_21' title="bbox 2505 768 4064 841">
    <p class='ocr_par' dir='ltr' id='par_1_21' title="bbox 2505 768 4064 841">
     <span class='ocr_line' id='line_1_21' title="bbox 2505 768 4064 841; baseline 0.001 -18"><span class='ocrx_word' id='word_1_144' title='bbox 2505 770 2699 823; x_wconf 77' lang='grc' dir='ltr'>αὑτοῦ·</span> <span class='ocrx_word' id='word_1_145' title='bbox 2734 769 2825 823; x_wconf 88' lang='grc' dir='ltr'><strong>νῦν</strong></span> <span class='ocrx_word' id='word_1_146' title='bbox 2858 768 2911 822; x_wconf 81' lang='grc' dir='ltr'><strong>δὲ</strong></span> <span class='ocrx_word' id='word_1_147' title='bbox 2942 770 3014 831; x_wconf 83' lang='grc' dir='ltr'>ὡς</span> <span class='ocrx_word' id='word_1_148' title='bbox 3043 770 3204 833; x_wconf 82' lang='grc' dir='ltr'><strong>λύκος</strong></span> <span class='ocrx_word' id='word_1_149' title='bbox 3246 771 3427 841; x_wconf 78' lang='grc' dir='ltr'>ἅρπαξ</span> <span class='ocrx_word' id='word_1_150' title='bbox 3482 772 3785 841; x_wconf 76' lang='grc' dir='ltr'><strong>ἐφεδρεύων</strong></span> <span class='ocrx_word' id='word_1_151' title='bbox 3816 776 3929 834; x_wconf 83' lang='grc' dir='ltr'>τοῖς</span> <span class='ocrx_word' id='word_1_152' title='bbox 3968 774 4064 825; x_wconf 81' lang='grc' dir='ltr'><strong>ἁλ-</strong></span> 
     </span>
    </p>
   </div>
   <div class='ocr_carea' id='block_1_22' title="bbox 2503 861 4063 933">
    <p class='ocr_par' dir='ltr' id='par_1_22' title="bbox 2503 861 4063 933">
     <span class='ocr_line' id='line_1_22' title="bbox 2503 861 4063 933; baseline 0.001 -20"><span class='ocrx_word' id='word_1_153' title='bbox 2503 862 2759 931; x_wconf 72' lang='grc' dir='ltr'>λοτρίοιςο</span> <span class='ocrx_word' id='word_1_154' title='bbox 2806 861 2990 915; x_wconf 75' lang='grc' dir='ltr'>ἄλλοτε</span> <span class='ocrx_word' id='word_1_155' title='bbox 3023 861 3078 914; x_wconf 79' lang='grc' dir='ltr'>δὲ</span> <span class='ocrx_word' id='word_1_156' title='bbox 3127 863 3203 930; x_wconf 90' lang='grc'><strong>(7)</strong></span> <span class='ocrx_word' id='word_1_157' title='bbox 3246 861 3333 915; x_wconf 88' lang='grc' dir='ltr'><strong>διά</strong></span> <span class='ocrx_word' id='word_1_158' title='bbox 3375 861 3468 913; x_wconf 88' lang='grc' dir='ltr'><strong>τοῦ</strong></span> <span class='ocrx_word' id='word_1_159' title='bbox 3518 863 3651 933; x_wconf 84' lang='grc' dir='ltr'>πρὸς</span> <span class='ocrx_word' id='word_1_160' title='bbox 3698 863 3789 915; x_wconf 83' lang='grc' dir='ltr'><strong>τὸν</strong></span> <span class='ocrx_word' id='word_1_161' title='bbox 3836 862 4063 929; x_wconf 58' lang='grc' dir='ltr'>ἀδελφὸν</span> 
     </span>
    </p>
   </div>
   <div class='ocr_carea' id='block_1_23' title="bbox 2501 952 4058 1023">
    <p class='ocr_par' dir='ltr' id='par_1_23' title="bbox 2501 952 4058 1023">
     <span class='ocr_line' id='line_1_23' title="bbox 2501 952 4058 1023; baseline -0.001 -18"><span class='ocrx_word' id='word_1_162' title='bbox 2501 953 2650 1005; x_wconf 90' lang='grc' dir='ltr'>δόλου</span> <span class='ocrx_word' id='word_1_163' title='bbox 2709 955 2763 1023; x_wconf 71' lang='grc' dir='ltr'>τῇ</span> <span class='ocrx_word' id='word_1_164' title='bbox 2818 952 3120 1023; x_wconf 73' lang='grc' dir='ltr'>πανουργίᾳ</span> <span class='ocrx_word' id='word_1_165' title='bbox 3190 954 3289 1022; x_wconf 77' lang='grc' dir='ltr'>τῆς</span> <span class='ocrx_word' id='word_1_166' title='bbox 3347 952 3625 1015; x_wconf 81' lang='grc' dir='ltr'><strong>ἀλώπεκος</strong></span> <span class='ocrx_word' id='word_1_167' title='bbox 3689 953 4058 1022; x_wconf 76' lang='grc' dir='ltr'>εἰκαζόμενος.</span> 
     </span>
    </p>
   </div>
   <div class='ocr_carea' id='block_1_24' title="bbox 2515 1041 4061 1113">
    <p class='ocr_par' dir='ltr' id='par_1_24' title="bbox 2515 1041 4061 1113">
     <span class='ocr_line' id='line_1_24' title="bbox 2515 1041 4061 1113; baseline 0 -20"><span class='ocrx_word' id='word_1_168' title='bbox 2515 1042 2812 1113; x_wconf 82' lang='grc' dir='ltr'>’Υπερόολὴ</span> <span class='ocrx_word' id='word_1_169' title='bbox 2836 1042 2892 1094; x_wconf 82' lang='grc' dir='ltr'>δὲ</span> <span class='ocrx_word' id='word_1_170' title='bbox 2922 1043 3021 1110; x_wconf 82' lang='grc' dir='ltr'>τῆς</span> <span class='ocrx_word' id='word_1_171' title='bbox 3050 1042 3231 1105; x_wconf 80' lang='grc' dir='ltr'>ἀνοίας</span> <span class='ocrx_word' id='word_1_172' title='bbox 3259 1042 3469 1111; x_wconf 76' lang='grc' dir='ltr'>καὶτῆς</span> <span class='ocrx_word' id='word_1_173' title='bbox 3493 1041 3796 1110; x_wconf 80' lang='grc' dir='ltr'>κτηνὼδους</span> <span class='ocrx_word' id='word_1_174' title='bbox 3840 1043 4061 1110; x_wconf 80' lang='grc' dir='ltr'>ἀλογίας</span> 
     </span>
    </p>
   </div>
   <div class='ocr_carea' id='block_1_25' title="bbox 2502 1132 4061 1204">
    <p class='ocr_par' dir='ltr' id='par_1_25' title="bbox 2502 1132 4061 1204">
     <span class='ocr_line' id='line_1_25' title="bbox 2502 1132 4061 1204; baseline 0.001 -21"><span class='ocrx_word' id='word_1_175' title='bbox 2502 1132 2577 1202; x_wconf 80' lang='grc' dir='ltr'><strong>τῷ</strong></span> <span class='ocrx_word' id='word_1_176' title='bbox 2605 1133 2717 1185; x_wconf 70' lang='grc' dir='ltr'>ὄντι</span> <span class='ocrx_word' id='word_1_177' title='bbox 2752 1136 2885 1204; x_wconf 87' lang='grc' dir='ltr'>μήτε</span> <span class='ocrx_word' id='word_1_178' title='bbox 2919 1134 3016 1203; x_wconf 80' lang='grc' dir='ltr'>τῆς</span> <span class='ocrx_word' id='word_1_179' title='bbox 3046 1132 3101 1198; x_wconf 78' lang='grc' dir='ltr'><strong>ἐξ</strong></span> <span class='ocrx_word' id='word_1_180' title='bbox 3132 1133 3301 1203; x_wconf 83' lang='grc' dir='ltr'>ἀρχῆς</span> <span class='ocrx_word' id='word_1_181' title='bbox 3326 1132 3516 1185; x_wconf 80' lang='grc' dir='ltr'>ἑαυτοῦ</span> <span class='ocrx_word' id='word_1_182' title='bbox 3549 1133 3891 1199; x_wconf 77' lang='grc' dir='ltr'>κατασκευῆς</span> <span class='ocrx_word' id='word_1_183' title='bbox 3914 1134 4061 1185; x_wconf 67' lang='grc' dir='ltr'>ἔπαιε</span> 
     </span>
    </p>
   </div>
   <div class='ocr_carea' id='block_1_26' title="bbox 2504 1223 4060 1294">
    <p class='ocr_par' dir='ltr' id='par_1_26' title="bbox 2504 1223 4060 1294">
     <span class='ocr_line' id='line_1_26' title="bbox 2504 1223 4060 1294; baseline -0.001 -19"><span class='ocrx_word' id='word_1_184' title='bbox 2504 1224 2810 1291; x_wconf 80' lang='grc' dir='ltr'>σθάνεσθαι,</span> <span class='ocrx_word' id='word_1_185' title='bbox 2842 1224 3311 1294; x_wconf 83' lang='grc' dir='ltr'>δημιουργηθέντα</span> <span class='ocrx_word' id='word_1_186' title='bbox 3350 1224 3467 1276; x_wconf 83' lang='grc' dir='ltr'>κατ’</span> <span class='ocrx_word' id='word_1_187' title='bbox 3495 1224 3675 1276; x_wconf 79' lang='grc' dir='ltr'>εἰκόνα</span> <span class='ocrx_word' id='word_1_188' title='bbox 3710 1223 3803 1275; x_wconf 88' lang='grc' dir='ltr'><strong>τοῦ</strong></span> <span class='ocrx_word' id='word_1_189' title='bbox 3841 1224 4060 1275; x_wconf 81' lang='grc' dir='ltr'>κτίσαν-</span> 
     </span>
    </p>
   </div>
   <div class='ocr_carea' id='block_1_27' title="bbox 2501 1314 4059 1387">
    <p class='ocr_par' dir='ltr' id='par_1_27' title="bbox 2501 1314 4059 1387">
     <span class='ocr_line' id='line_1_27' title="bbox 2501 1314 4059 1387; baseline -0.002 -21"><span class='ocrx_word' id='word_1_190' title='bbox 2501 1331 2611 1376; x_wconf 85' lang='grc' dir='ltr'>τος,</span> <span class='ocrx_word' id='word_1_191' title='bbox 2658 1316 2793 1384; x_wconf 86' lang='grc' dir='ltr'>μήτε</span> <span class='ocrx_word' id='word_1_192' title='bbox 2838 1316 2935 1377; x_wconf 85' lang='grc' dir='ltr'>τὰς</span> <span class='ocrx_word' id='word_1_193' title='bbox 2981 1314 3310 1385; x_wconf 82' lang='grc' dir='ltr'><strong>τηλικαύτας</strong></span> <span class='ocrx_word' id='word_1_194' title='bbox 3361 1316 3497 1387; x_wconf 84' lang='grc' dir='ltr'>ὑπὲρ</span> <span class='ocrx_word' id='word_1_195' title='bbox 3548 1315 3711 1368; x_wconf 82' lang='grc' dir='ltr'>αὐτοῦ</span> <span class='ocrx_word' id='word_1_196' title='bbox 3763 1316 4059 1384; x_wconf 71' lang='grc' dir='ltr'>γενομένας</span> 
     </span>
    </p>
   </div>
   <div class='ocr_carea' id='block_1_28' title="bbox 2499 1396 4060 1477">
    <p class='ocr_par' dir='ltr' id='par_1_28' title="bbox 2499 1396 4060 1477">
     <span class='ocr_line' id='line_1_28' title="bbox 2499 1396 4060 1477; baseline 0.001 -19"><span class='ocrx_word' id='word_1_197' title='bbox 2499 1408 2803 1477; x_wconf 73' lang='grc' dir='ltr'>οἰκονομίας</span> <span class='ocrx_word' id='word_1_198' title='bbox 2858 1410 2995 1462; x_wconf 87' lang='grc' dir='ltr'>νοεῖν</span> <span class='ocrx_word' id='word_1_199' title='bbox 3047 1396 3349 1477; x_wconf 58' lang='grc' dir='ltr'>βούλεσθαί</span> <span class='ocrx_word' id='word_1_200' title='bbox 3378 1407 3490 1475; x_wconf 80' lang='lat'><strong>(8),</strong></span> <span class='ocrx_word' id='word_1_201' title='bbox 3536 1410 3629 1462; x_wconf 78' lang='grc' dir='ltr'>καὶ</span> <span class='ocrx_word' id='word_1_202' title='bbox 3678 1408 3771 1460; x_wconf 80' lang='grc' dir='ltr'>ἀπ’</span> <span class='ocrx_word' id='word_1_203' title='bbox 3835 1409 4060 1460; x_wconf 76' lang='grc' dir='ltr'>ἐκείνων</span> 
     </span>
    </p>
   </div>
   <div class='ocr_carea' id='block_1_29' title="bbox 2499 1499 4055 1571">
    <p class='ocr_par' dir='ltr' id='par_1_29' title="bbox 2499 1499 4055 1571">
     <span class='ocr_line' id='line_1_29' title="bbox 2499 1499 4055 1571; baseline -0.002 -19"><span class='ocrx_word' id='word_1_204' title='bbox 2499 1499 2629 1567; x_wconf 84' lang='grc' dir='ltr'>γοῦν</span> <span class='ocrx_word' id='word_1_205' title='bbox 2670 1499 2862 1553; x_wconf 80' lang='grc' dir='ltr'>ἑαυτοῦ</span> <span class='ocrx_word' id='word_1_206' title='bbox 2896 1501 3177 1571; x_wconf 78' lang='grc' dir='ltr'>γνωρίζειν</span> <span class='ocrx_word' id='word_1_207' title='bbox 3209 1502 3269 1553; x_wconf 83' lang='grc' dir='ltr'><strong>τὸ</strong></span> <span class='ocrx_word' id='word_1_208' title='bbox 3311 1500 3517 1570; x_wconf 87' lang='grc' dir='ltr'>τίμιον·</span> <span class='ocrx_word' id='word_1_209' title='bbox 3553 1502 3663 1553; x_wconf 85' lang='grc' dir='ltr'>ἀλλ’</span> <span class='ocrx_word' id='word_1_210' title='bbox 3704 1503 4055 1570; x_wconf 82' lang='grc' dir='ltr'>ἀμνημονεῖν,</span> 
     </span>
    </p>
   </div>
   <div class='ocr_carea' id='block_1_30' title="bbox 2496 1590 4056 1662">
    <p class='ocr_par' dir='ltr' id='par_1_30' title="bbox 2496 1590 4056 1662">
     <span class='ocr_line' id='line_1_30' title="bbox 2496 1590 4056 1662; baseline 0 -18"><span class='ocrx_word' id='word_1_211' title='bbox 2496 1593 2576 1645; x_wconf 86' lang='grc' dir='ltr'>ὃτι</span> <span class='ocrx_word' id='word_1_212' title='bbox 2631 1590 2918 1643; x_wconf 76' lang='grc' dir='ltr'>ἀποϐαλὼν</span> <span class='ocrx_word' id='word_1_213' title='bbox 2958 1592 3054 1662; x_wconf 78' lang='grc' dir='ltr'><strong>τὴν</strong></span> <span class='ocrx_word' id='word_1_214' title='bbox 3093 1594 3271 1645; x_wconf 85' lang='grc' dir='ltr'>εἰκόνα</span> <span class='ocrx_word' id='word_1_215' title='bbox 3314 1591 3406 1643; x_wconf 85' lang='grc' dir='ltr'><strong>τοῦ</strong></span> <span class='ocrx_word' id='word_1_216' title='bbox 3450 1592 3792 1661; x_wconf 78' lang='grc' dir='ltr'>ἐπουρανίου,</span> <span class='ocrx_word' id='word_1_217' title='bbox 3834 1592 4056 1645; x_wconf 79' lang='grc' dir='ltr'>ἀνέλαόε</span> 
     </span>
    </p>
   </div>
   <div class='ocr_carea' id='block_1_31' title="bbox 2496 1682 4054 1754">
    <p class='ocr_par' dir='ltr' id='par_1_31' title="bbox 2496 1682 4054 1754">
     <span class='ocr_line' id='line_1_31' title="bbox 2496 1682 4054 1754; baseline -0.001 -18"><span class='ocrx_word' id='word_1_218' title='bbox 2496 1684 2594 1754; x_wconf 79' lang='grc' dir='ltr'>τὴν</span> <span class='ocrx_word' id='word_1_219' title='bbox 2632 1683 2813 1736; x_wconf 80' lang='grc' dir='ltr'>εἰκόνα</span> <span class='ocrx_word' id='word_1_220' title='bbox 2855 1682 2947 1735; x_wconf 88' lang='grc' dir='ltr'><strong>τοῦ</strong></span> <span class='ocrx_word' id='word_1_221' title='bbox 2983 1682 3186 1752; x_wconf 82' lang='grc' dir='ltr'>χοϊκοῦ.</span> <span class='ocrx_word' id='word_1_222' title='bbox 3231 1685 3338 1737; x_wconf 70' lang='grc' dir='ltr'>Καὶ</span> <span class='ocrx_word' id='word_1_223' title='bbox 3380 1685 3463 1736; x_wconf 85' lang='grc' dir='ltr'><strong>ἴνα</strong></span> <span class='ocrx_word' id='word_1_224' title='bbox 3502 1684 3576 1753; x_wconf 82' lang='grc' dir='ltr'>μὴ</span> <span class='ocrx_word' id='word_1_225' title='bbox 3620 1686 3949 1754; x_wconf 73' lang='grc' dir='ltr'>ἐναπομείνῃ</span> <span class='ocrx_word' id='word_1_226' title='bbox 3991 1688 4054 1752; x_wconf 79' lang='grc' dir='ltr'>τῇ</span> 
     </span>
    </p>
   </div>
   <div class='ocr_carea' id='block_1_32' title="bbox 2497 1775 4055 1848">
    <p class='ocr_par' dir='ltr' id='par_1_32' title="bbox 2497 1775 4055 1848">
     <span class='ocr_line' id='line_1_32' title="bbox 2497 1775 4055 1848; baseline -0.001 -19"><span class='ocrx_word' id='word_1_227' title='bbox 2497 1776 2764 1848; x_wconf 79' lang='grc' dir='ltr'>ἁμαρτίᾳ,</span> <span class='ocrx_word' id='word_1_228' title='bbox 2805 1777 2872 1829; x_wconf 86' lang='grc' dir='ltr'>δι’</span> <span class='ocrx_word' id='word_1_229' title='bbox 2922 1776 3080 1829; x_wconf 78' lang='grc' dir='ltr'>αὐτὸν</span> <span class='ocrx_word' id='word_1_230' title='bbox 3113 1777 3175 1827; x_wconf 92' lang='lat'><strong>&#39;0</strong></span> <span class='ocrx_word' id='word_1_231' title='bbox 3226 1778 3409 1844; x_wconf 80' lang='grc' dir='ltr'>Λόγος</span> <span class='ocrx_word' id='word_1_232' title='bbox 3446 1775 3601 1843; x_wconf 76' lang='grc' dir='ltr'>σὰρξ</span> <span class='ocrx_word' id='word_1_233' title='bbox 3648 1776 3911 1844; x_wconf 73' lang='grc' dir='ltr'>ἐγένετο,</span> <span class='ocrx_word' id='word_1_234' title='bbox 3959 1779 4055 1829; x_wconf 77' lang='grc' dir='ltr'>καὶ</span> 
     </span>
    </p>
   </div>
   <div class='ocr_carea' id='block_1_33' title="bbox 2494 1868 4059 1937">
    <p class='ocr_par' dir='ltr' id='par_1_33' title="bbox 2494 1868 4059 1937">
     <span class='ocr_line' id='line_1_33' title="bbox 2494 1868 4059 1937; baseline 0.002 -18"><span class='ocrx_word' id='word_1_235' title='bbox 2494 1868 2845 1933; x_wconf 74' lang='grc' dir='ltr'><strong>ἐσκήνωσεν</strong></span> <span class='ocrx_word' id='word_1_236' title='bbox 2872 1869 2941 1921; x_wconf 85' lang='grc' dir='ltr'><strong>ἐν</strong></span> <span class='ocrx_word' id='word_1_237' title='bbox 2978 1868 3143 1937; x_wconf 72' lang='grc' dir='ltr'>ἡμῖν,</span> <span class='ocrx_word' id='word_1_238' title='bbox 3180 1870 3273 1921; x_wconf 72' lang='grc' dir='ltr'><strong>καὶ</strong></span> <span class='ocrx_word' id='word_1_239' title='bbox 3310 1870 3403 1921; x_wconf 76' lang='grc' dir='ltr'><strong>ἐπὶ</strong></span> <span class='ocrx_word' id='word_1_240' title='bbox 3438 1869 3689 1922; x_wconf 85' lang='grc' dir='ltr'>τοσοῦτον</span> <span class='ocrx_word' id='word_1_241' title='bbox 3716 1871 3911 1922; x_wconf 77' lang='grc' dir='ltr'>ἑαυτὸν</span> <span class='ocrx_word' id='word_1_242' title='bbox 3940 1874 4059 1923; x_wconf 76' lang='grc' dir='ltr'>ἐτα-</span> 
     </span>
    </p>
   </div>
   <div class='ocr_carea' id='block_1_34' title="bbox 831 1954 2501 2027">
    <p class='ocr_par' dir='ltr' id='par_1_34' title="bbox 831 1954 2501 2027">
     <span class='ocr_line' id='line_1_34' title="bbox 831 1954 2501 2027; baseline -0.006 -12"><span class='ocrx_word' id='word_1_243' title='bbox 831 1975 1080 2027; x_wconf 82' lang='lat' dir='ltr'><strong>mortem,</strong></span> <span class='ocrx_word' id='word_1_244' title='bbox 1116 1969 1331 2013; x_wconf 85' lang='lat' dir='ltr'><strong>mortem</strong></span> <span class='ocrx_word' id='word_1_245' title='bbox 1375 1970 1546 2012; x_wconf 82' lang='lat' dir='ltr'><strong>autem</strong></span> <span class='ocrx_word' id='word_1_246' title='bbox 1590 1958 1758 2010; x_wconf 87' lang='lat' dir='ltr'><strong>crucis</strong></span> <span class='ocrx_word' id='word_1_247' title='bbox 1796 1957 1860 2007; x_wconf 70' lang='grc'><strong>⁸³.</strong></span> <span class='ocrx_word' id='word_1_248' title='bbox 1916 1956 2103 2008; x_wconf 71' lang='lat' dir='ltr'><strong>Primae</strong></span> <span class='ocrx_word' id='word_1_249' title='bbox 2145 1964 2245 2007; x_wconf 62' lang='lat' dir='ltr'><strong>tum</strong></span> <span class='ocrx_word' id='word_1_250' title='bbox 2277 1954 2386 2006; x_wconf 86' lang='lat' dir='ltr'><strong>ori-</strong></span> <span class='ocrx_word' id='word_1_251' title='bbox 2418 1959 2458 2011; x_wconf 87' lang='grc' dir='ltr'>Β</span> <span class='ocrx_word' id='word_1_252' title='bbox 2489 1978 2501 2011; x_wconf 67' lang='grc' dir='ltr'>τ</span> 
     </span>
    </p>
   </div>
   <div class='ocr_carea' id='block_1_35' title="bbox 2382 1954 4052 2027">
    <p class='ocr_par' dir='ltr' id='par_1_35' title="bbox 2382 1957 4052 2027">
     <span class='ocr_line' id='line_1_35' title="bbox 2382 1957 4052 2027; baseline 0.001 -16"><span class='ocrx_word' id='word_1_253' title='bbox 2382 1984 2386 1992; x_wconf 67' lang='grc' dir='ltr'><strong>ι</strong></span> <span class='ocrx_word' id='word_1_254' title='bbox 2418 1959 2458 2011; x_wconf 88' lang='grc' dir='ltr'>Β</span> <span class='ocrx_word' id='word_1_255' title='bbox 2489 1961 2772 2027; x_wconf 89' lang='grc' dir='ltr'>πείνωσεν,</span> <span class='ocrx_word' id='word_1_256' title='bbox 2794 1958 2933 2012; x_wconf 82' lang='grc' dir='ltr'>ὥστε</span> <span class='ocrx_word' id='word_1_257' title='bbox 2964 1958 3215 2027; x_wconf 80' lang='grc' dir='ltr'>γενέσθαι</span> <span class='ocrx_word' id='word_1_258' title='bbox 3244 1957 3537 2024; x_wconf 81' lang='grc' dir='ltr'>’Υπήκοος</span> <span class='ocrx_word' id='word_1_259' title='bbox 3570 1960 3744 2027; x_wconf 83' lang='grc' dir='ltr'>μέχρι</span> <span class='ocrx_word' id='word_1_260' title='bbox 3776 1960 4052 2025; x_wconf 78' lang='grc' dir='ltr'>θανάτου,</span> 
     </span>
    </p>
   </div>
   <div class='ocr_carea' id='block_1_36' title="bbox 832 2045 2388 2124">
    <p class='ocr_par' dir='ltr' id='par_1_36' title="bbox 832 2045 2388 2124">
     <span class='ocr_line' id='line_1_36' title="bbox 832 2045 2388 2124; baseline -0.006 -17"><span class='ocrx_word' id='word_1_261' title='bbox 832 2060 968 2124; x_wconf 79' lang='lat' dir='ltr'><strong>ginis</strong></span> <span class='ocrx_word' id='word_1_262' title='bbox 999 2058 1039 2109; x_wconf 89' lang='lat' dir='ltr'><strong>si</strong></span> <span class='ocrx_word' id='word_1_263' title='bbox 1080 2069 1286 2108; x_wconf 90' lang='lat' dir='ltr'><strong>memor</strong></span> <span class='ocrx_word' id='word_1_264' title='bbox 1321 2068 1424 2106; x_wconf 90' lang='lat' dir='ltr'><strong>non</strong></span> <span class='ocrx_word' id='word_1_265' title='bbox 1456 2067 1549 2111; x_wconf 87' lang='lat' dir='ltr'><strong>es.</strong></span> <span class='ocrx_word' id='word_1_266' title='bbox 1582 2065 1645 2104; x_wconf 82' lang='lat' dir='ltr'><strong>ex</strong></span> <span class='ocrx_word' id='word_1_267' title='bbox 1676 2048 1949 2118; x_wconf 91' lang='lat' dir='ltr'><strong>persoluto</strong></span> <span class='ocrx_word' id='word_1_268' title='bbox 1989 2061 2084 2114; x_wconf 89' lang='lat' dir='ltr'><strong>pro</strong></span> <span class='ocrx_word' id='word_1_269' title='bbox 2123 2053 2172 2098; x_wconf 91' lang='lat' dir='ltr'><strong>te</strong></span> <span class='ocrx_word' id='word_1_270' title='bbox 2219 2045 2388 2113; x_wconf 91' lang='lat' dir='ltr'><strong>pretio</strong></span> 
     </span>
    </p>
   </div>
   <div class='ocr_carea' id='block_1_37' title="bbox 830 2137 2388 2220">
    <p class='ocr_par' dir='ltr' id='par_1_37' title="bbox 830 2137 2388 2220">
     <span class='ocr_line' id='line_1_37' title="bbox 830 2137 2388 2220; baseline -0.008 -20"><span class='ocrx_word' id='word_1_271' title='bbox 830 2152 1252 2220; x_wconf 84' lang='lat' dir='ltr'><strong>qualemcunque</strong></span> <span class='ocrx_word' id='word_1_272' title='bbox 1292 2147 1571 2215; x_wconf 79' lang='lat' dir='ltr'><strong>dignitatis</strong></span> <span class='ocrx_word' id='word_1_273' title='bbox 1619 2153 1720 2196; x_wconf 75' lang='lat' dir='ltr'><strong>tua:</strong></span> <span class='ocrx_word' id='word_1_274' title='bbox 1771 2142 2040 2194; x_wconf 91' lang='lat' dir='ltr'><strong>notionem</strong></span> <span class='ocrx_word' id='word_1_275' title='bbox 2071 2139 2289 2204; x_wconf 86' lang='lat' dir='ltr'><strong>accipe;</strong></span> <span class='ocrx_word' id='word_1_276' title='bbox 2323 2137 2388 2189; x_wconf 79' lang='lat' dir='ltr'><strong>ad</strong></span> 
     </span>
    </p>
   </div>
   <div class='ocr_carea' id='block_1_38' title="bbox 831 2229 2389 2311">
    <p class='ocr_par' dir='ltr' id='par_1_38' title="bbox 831 2229 2389 2311">
     <span class='ocr_line' id='line_1_38' title="bbox 831 2229 2389 2311; baseline -0.011 -17"><span class='ocrx_word' id='word_1_277' title='bbox 831 2242 1061 2311; x_wconf 89' lang='lat' dir='ltr'><strong>pretium</strong></span> <span class='ocrx_word' id='word_1_278' title='bbox 1117 2238 1240 2292; x_wconf 91' lang='lat' dir='ltr'><strong>illud</strong></span> <span class='ocrx_word' id='word_1_279' title='bbox 1275 2252 1380 2307; x_wconf 80' lang='lat' dir='ltr'><strong>quo</strong></span> <span class='ocrx_word' id='word_1_280' title='bbox 1414 2242 1778 2289; x_wconf 78' lang='lat' dir='ltr'><strong>commutatus</strong></span> <span class='ocrx_word' id='word_1_281' title='bbox 1816 2245 1875 2284; x_wconf 91' lang='lat' dir='ltr'><strong>es</strong></span> <span class='ocrx_word' id='word_1_282' title='bbox 1921 2229 2163 2296; x_wconf 82' lang='lat' dir='ltr'><strong>respice,</strong></span> <span class='ocrx_word' id='word_1_283' title='bbox 2220 2237 2389 2280; x_wconf 90' lang='lat' dir='ltr'><strong>tuam-</strong></span> 
     </span>
    </p>
   </div>
   <div class='ocr_carea' id='block_1_39' title="bbox 831 2318 2387 2404">
    <p class='ocr_par' dir='ltr' id='par_1_39' title="bbox 831 2318 2387 2404">
     <span class='ocr_line' id='line_1_39' title="bbox 831 2318 2387 2404; baseline -0.006 -22"><span class='ocrx_word' id='word_1_284' title='bbox 831 2349 934 2403; x_wconf 80' lang='lat' dir='ltr'><strong>que</strong></span> <span class='ocrx_word' id='word_1_285' title='bbox 988 2346 1216 2404; x_wconf 81' lang='lat' dir='ltr'><strong>agnosce</strong></span> <span class='ocrx_word' id='word_1_286' title='bbox 1259 2329 1590 2399; x_wconf 89' lang='lat' dir='ltr'><strong>dignitatem.</strong></span> <span class='ocrx_word' id='word_1_287' title='bbox 1634 2325 1850 2392; x_wconf 85' lang='lat' dir='ltr'><strong>Emptus</strong></span> <span class='ocrx_word' id='word_1_288' title='bbox 1902 2336 1958 2376; x_wconf 87' lang='lat' dir='ltr'><strong>es</strong></span> <span class='ocrx_word' id='word_1_289' title='bbox 2001 2318 2387 2390; x_wconf 89' lang='lat' dir='ltr'><strong>pretiosissimo</strong></span> 
     </span>
    </p>
   </div>
   <div class='ocr_carea' id='block_1_40' title="bbox 830 2412 2386 2493">
    <p class='ocr_par' dir='ltr' id='par_1_40' title="bbox 830 2412 2386 2493">
     <span class='ocr_line' id='line_1_40' title="bbox 830 2412 2386 2493; baseline -0.01 -12"><span class='ocrx_word' id='word_1_290' title='bbox 830 2427 1031 2481; x_wconf 79' lang='lat' dir='ltr'><strong>ChriSti</strong></span> <span class='ocrx_word' id='word_1_291' title='bbox 1080 2423 1371 2493; x_wconf 64' lang='lat' dir='ltr'><strong>sanguine,</strong></span> <span class='ocrx_word' id='word_1_292' title='bbox 1406 2418 1606 2488; x_wconf 90' lang='lat' dir='ltr'><strong>peccati</strong></span> <span class='ocrx_word' id='word_1_293' title='bbox 1650 2433 1715 2471; x_wconf 89' lang='lat' dir='ltr'><strong>ne</strong></span> <span class='ocrx_word' id='word_1_294' title='bbox 1759 2416 1854 2469; x_wconf 85' lang='lat' dir='ltr'><strong>fias</strong></span> <span class='ocrx_word' id='word_1_295' title='bbox 1896 2428 2105 2467; x_wconf 87' lang='lat' dir='ltr'><strong>servus.</strong></span> <span class='ocrx_word' id='word_1_296' title='bbox 2151 2412 2386 2482; x_wconf 91' lang='lat' dir='ltr'><strong>lntellige</strong></span> 
     </span>
    </p>
   </div>
   <div class='ocr_carea' id='block_1_41' title="bbox 831 2505 2385 2585">
    <p class='ocr_par' dir='ltr' id='par_1_41' title="bbox 831 2505 2385 2585">
     <span class='ocr_line' id='line_1_41' title="bbox 831 2505 2385 2585; baseline -0.008 -16"><span class='ocrx_word' id='word_1_297' title='bbox 831 2530 975 2570; x_wconf 87' lang='lat' dir='ltr'><strong>tuam</strong></span> <span class='ocrx_word' id='word_1_298' title='bbox 1030 2515 1431 2585; x_wconf 60' lang='lat' dir='ltr'><strong>praestantiam,</strong></span> <span class='ocrx_word' id='word_1_299' title='bbox 1482 2520 1540 2561; x_wconf 90' lang='lat' dir='ltr'><strong>ut</strong></span> <span class='ocrx_word' id='word_1_300' title='bbox 1597 2524 1662 2561; x_wconf 91' lang='lat' dir='ltr'><strong>ne</strong></span> <span class='ocrx_word' id='word_1_301' title='bbox 1699 2507 1957 2574; x_wconf 88' lang='lat' dir='ltr'><strong>jumentis</strong></span> <span class='ocrx_word' id='word_1_302' title='bbox 2011 2505 2385 2572; x_wconf 89' lang='lat' dir='ltr'><strong>insipientibus</strong></span> 
     </span>
    </p>
   </div>
   <div class='ocr_carea' id='block_1_42' title="bbox 829 2595 2385 2662">
    <p class='ocr_par' dir='ltr' id='par_1_42' title="bbox 829 2595 2385 2662">
     <span class='ocr_line' id='line_1_42' title="bbox 829 2595 2385 2662; baseline -0.011 -1"><span class='ocrx_word' id='word_1_303' title='bbox 829 2608 1163 2662; x_wconf 84' lang='lat' dir='ltr'><strong>assimileris.</strong></span> <span class='ocrx_word' id='word_1_304' title='bbox 1204 2604 1363 2658; x_wconf 68' lang='lat' dir='ltr'><strong>Vens.</strong></span> <span class='ocrx_word' id='word_1_305' title='bbox 1418 2601 1503 2654; x_wconf 73' lang='grc'><strong>14.</strong></span> <span class='ocrx_word' id='word_1_306' title='bbox 1553 2599 1678 2654; x_wconf 62' lang='lat' dir='ltr'><strong>llaec</strong></span> <span class='ocrx_word' id='word_1_307' title='bbox 1716 2599 1796 2653; x_wconf 80' lang='lat' dir='ltr'><strong>via</strong></span> <span class='ocrx_word' id='word_1_308' title='bbox 1828 2614 2003 2651; x_wconf 82' lang='lat' dir='ltr'><strong>eorum</strong></span> <span class='ocrx_word' id='word_1_309' title='bbox 2028 2638 2041 2662; x_wconf 92' lang='lat'><strong>,</strong></span> <span class='ocrx_word' id='word_1_310' title='bbox 2078 2595 2385 2649; x_wconf 78' lang='lat' dir='ltr'><strong>scandalum</strong></span> 
     </span>
    </p>
   </div>
   <div class='ocr_carea' id='block_1_43' title="bbox 828 2683 2385 2767">
    <p class='ocr_par' dir='ltr' id='par_1_43' title="bbox 828 2683 2385 2767">
     <span class='ocr_line' id='line_1_43' title="bbox 828 2683 2385 2767; baseline -0.011 -16"><span class='ocrx_word' id='word_1_311' title='bbox 828 2700 973 2767; x_wconf 68' lang='lat' dir='ltr'><strong>ipsis.</strong></span> <span class='ocrx_word' id='word_1_312' title='bbox 1029 2697 1129 2763; x_wconf 87' lang='lat' dir='ltr'><strong>Qui</strong></span> <span class='ocrx_word' id='word_1_313' title='bbox 1178 2710 1266 2749; x_wconf 82' lang='lat' dir='ltr'><strong>res</strong></span> <span class='ocrx_word' id='word_1_314' title='bbox 1320 2700 1531 2746; x_wconf 87' lang='lat' dir='ltr'><strong>nostras</strong></span> <span class='ocrx_word' id='word_1_315' title='bbox 1578 2692 1887 2743; x_wconf 86' lang='lat' dir='ltr'><strong>moderatur</strong></span> <span class='ocrx_word' id='word_1_316' title='bbox 1947 2686 2121 2749; x_wconf 85' lang='lat' dir='ltr'><strong>Deus,</strong></span> <span class='ocrx_word' id='word_1_317' title='bbox 2173 2683 2385 2738; x_wconf 91' lang='lat' dir='ltr'><strong>obsistit</strong></span> 
     </span>
    </p>
   </div>
   <div class='ocr_carea' id='block_1_44' title="bbox 830 2779 2383 2860">
    <p class='ocr_par' dir='ltr' id='par_1_44' title="bbox 830 2779 2383 2860">
     <span class='ocr_line' id='line_1_44' title="bbox 830 2779 2383 2860; baseline -0.009 -14"><span class='ocrx_word' id='word_1_318' title='bbox 830 2794 982 2846; x_wconf 85' lang='lat' dir='ltr'><strong>nobis</strong></span> <span class='ocrx_word' id='word_1_319' title='bbox 1011 2804 1106 2860; x_wconf 88' lang='lat' dir='ltr'><strong>per</strong></span> <span class='ocrx_word' id='word_1_320' title='bbox 1136 2788 1351 2843; x_wconf 77' lang='lat' dir='ltr'><strong>malitia:</strong></span> <span class='ocrx_word' id='word_1_321' title='bbox 1384 2789 1523 2842; x_wconf 86' lang='lat' dir='ltr'><strong>viam</strong></span> <span class='ocrx_word' id='word_1_322' title='bbox 1561 2783 1951 2845; x_wconf 84' lang='lat' dir='ltr'><strong>incedentibus,</strong></span> <span class='ocrx_word' id='word_1_323' title='bbox 1982 2779 2302 2836; x_wconf 70' lang='lat' dir='ltr'><strong>oll‘endicula</strong></span> <span class='ocrx_word' id='word_1_324' title='bbox 2330 2789 2383 2833; x_wconf 92' lang='lat' dir='ltr'><strong>et</strong></span> 
     </span>
    </p>
   </div>
   <div class='ocr_carea' id='block_1_45' title="bbox 828 2873 2383 2951">
    <p class='ocr_par' dir='ltr' id='par_1_45' title="bbox 828 2873 2383 2951">
     <span class='ocr_line' id='line_1_45' title="bbox 828 2873 2383 2951; baseline -0.007 -15"><span class='ocrx_word' id='word_1_325' title='bbox 828 2883 1205 2951; x_wconf 86' lang='lat' dir='ltr'><strong>impedimenta</strong></span> <span class='ocrx_word' id='word_1_326' title='bbox 1235 2880 1495 2949; x_wconf 85' lang='lat' dir='ltr'><strong>objicieus</strong></span> <span class='ocrx_word' id='word_1_327' title='bbox 1522 2919 1537 2945; x_wconf 95' lang='lat'><strong>,</strong></span> <span class='ocrx_word' id='word_1_328' title='bbox 1587 2888 1643 2929; x_wconf 90' lang='lat' dir='ltr'><strong>ut</strong></span> <span class='ocrx_word' id='word_1_329' title='bbox 1677 2891 1705 2927; x_wconf 87' lang='lat' dir='ltr'><strong>a</strong></span> <span class='ocrx_word' id='word_1_330' title='bbox 1745 2874 1850 2927; x_wconf 89' lang='lat' dir='ltr'><strong>vita</strong></span> <span class='ocrx_word' id='word_1_331' title='bbox 1893 2873 2118 2929; x_wconf 88' lang='lat' dir='ltr'><strong>rationis</strong></span> <span class='ocrx_word' id='word_1_332' title='bbox 2164 2881 2383 2941; x_wconf 81' lang='lat' dir='ltr'><strong>experte</strong></span> 
     </span>
    </p>
   </div>
   <div class='ocr_carea' id='block_1_46' title="bbox 828 2964 2381 3039">
    <p class='ocr_par' dir='ltr' id='par_1_46' title="bbox 828 2964 2381 3039">
     <span class='ocr_line' id='line_1_46' title="bbox 828 2964 2381 3039; baseline -0.005 -13"><span class='ocrx_word' id='word_1_333' title='bbox 828 2975 1149 3035; x_wconf 88' lang='lat' dir='ltr'><strong>resilientes,</strong></span> <span class='ocrx_word' id='word_1_334' title='bbox 1208 2982 1393 3039; x_wconf 86' lang='lat' dir='ltr'><strong>postea</strong></span> <span class='ocrx_word' id='word_1_335' title='bbox 1444 2971 1496 3022; x_wconf 91' lang='lat' dir='ltr'><strong>in</strong></span> <span class='ocrx_word' id='word_1_336' title='bbox 1546 2979 1730 3021; x_wconf 90' lang='lat' dir='ltr'><strong>nostro</strong></span> <span class='ocrx_word' id='word_1_337' title='bbox 1778 2980 1870 3020; x_wconf 90' lang='lat' dir='ltr'><strong>ore</strong></span> <span class='ocrx_word' id='word_1_338' title='bbox 1918 2964 2381 3031; x_wconf 86' lang='lat' dir='ltr'><strong>complaceamus,</strong></span> 
     </span>
    </p>
   </div>
   <div class='ocr_carea' id='block_1_47' title="bbox 828 3055 2383 3132">
    <p class='ocr_par' dir='ltr' id='par_1_47' title="bbox 828 3055 2383 3132">
     <span class='ocr_line' id='line_1_47' title="bbox 828 3055 2383 3132; baseline -0.01 -11"><span class='ocrx_word' id='word_1_339' title='bbox 828 3067 913 3121; x_wconf 82' lang='lat' dir='ltr'><strong>ubi</strong></span> <span class='ocrx_word' id='word_1_340' title='bbox 948 3065 1109 3120; x_wconf 89' lang='lat' dir='ltr'><strong>corde</strong></span> <span class='ocrx_word' id='word_1_341' title='bbox 1158 3062 1374 3132; x_wconf 86' lang='lat' dir='ltr'><strong>quidem</strong></span> <span class='ocrx_word' id='word_1_342' title='bbox 1419 3059 1803 3115; x_wconf 89' lang='lat' dir='ltr'><strong>crediderimus</strong></span> <span class='ocrx_word' id='word_1_343' title='bbox 1847 3056 1913 3109; x_wconf 91' lang='lat' dir='ltr'><strong>ad</strong></span> <span class='ocrx_word' id='word_1_344' title='bbox 1958 3055 2220 3123; x_wconf 83' lang='lat' dir='ltr'><strong>justitiam</strong></span> <span class='ocrx_word' id='word_1_345' title='bbox 2246 3098 2260 3121; x_wconf 97' lang='lat'><strong>,</strong></span> <span class='ocrx_word' id='word_1_346' title='bbox 2291 3069 2383 3108; x_wconf 91' lang='lat' dir='ltr'><strong>ore</strong></span> 
     </span>
    </p>
   </div>
   <div class='ocr_carea' id='block_1_48' title="bbox 823 3145 2383 3226">
    <p class='ocr_par' dir='ltr' id='par_1_48' title="bbox 823 3145 2383 3226">
     <span class='ocr_line' id='line_1_48' title="bbox 823 3145 2383 3226; baseline -0.007 -17"><span class='ocrx_word' id='word_1_347' title='bbox 823 3172 950 3209; x_wconf 77' lang='lat' dir='ltr'><strong>vero</strong></span> <span class='ocrx_word' id='word_1_348' title='bbox 977 3154 1203 3226; x_wconf 80' lang='lat' dir='ltr'><strong>confessi</strong></span> <span class='ocrx_word' id='word_1_349' title='bbox 1234 3152 1497 3207; x_wconf 84' lang='lat' dir='ltr'><strong>fuerimus</strong></span> <span class='ocrx_word' id='word_1_350' title='bbox 1523 3153 1587 3204; x_wconf 89' lang='lat' dir='ltr'><strong>ad</strong></span> <span class='ocrx_word' id='word_1_351' title='bbox 1612 3148 1922 3206; x_wconf 81' lang='lat' dir='ltr'><strong>salutem”.</strong></span> <span class='ocrx_word' id='word_1_352' title='bbox 1951 3145 2383 3215; x_wconf 85' lang='lat' dir='ltr'><strong>Persequebatur</strong></span> 
     </span>
    </p>
   </div>
   <div class='ocr_carea' id='block_1_49' title="bbox 825 3238 2377 3310">
    <p class='ocr_par' dir='ltr' id='par_1_49' title="bbox 825 3238 2377 3310">
     <span class='ocr_line' id='line_1_49' title="bbox 825 3238 2377 3310; baseline -0.007 -9"><span class='ocrx_word' id='word_1_353' title='bbox 825 3247 1044 3310; x_wconf 85' lang='lat' dir='ltr'><strong>Paulus,</strong></span> <span class='ocrx_word' id='word_1_354' title='bbox 1078 3247 1391 3299; x_wconf 84' lang='lat' dir='ltr'><strong>devastabat</strong></span> <span class='ocrx_word' id='word_1_355' title='bbox 1436 3242 1730 3296; x_wconf 88' lang='lat' dir='ltr'><strong>Ecclesiam</strong></span> <span class='ocrx_word' id='word_1_356' title='bbox 1777 3240 1978 3295; x_wconf 90' lang='lat' dir='ltr'><strong>Christi</strong></span> <span class='ocrx_word' id='word_1_357' title='bbox 2007 3240 2074 3302; x_wconf 68' lang='grc'><strong>⁸⁵,</strong></span> <span class='ocrx_word' id='word_1_358' title='bbox 2118 3254 2269 3292; x_wconf 90' lang='lat' dir='ltr'><strong>suum</strong></span> <span class='ocrx_word' id='word_1_359' title='bbox 2315 3238 2377 3290; x_wconf 91' lang='lat' dir='ltr'><strong>ad</strong></span> 
     </span>
    </p>
   </div>
   <div class='ocr_carea' id='block_1_50' title="bbox 826 3332 2377 3406">
    <p class='ocr_par' dir='ltr' id='par_1_50' title="bbox 826 3332 2377 3406">
     <span class='ocr_line' id='line_1_50' title="bbox 826 3332 2377 3406; baseline -0.006 -15"><span class='ocrx_word' id='word_1_360' title='bbox 826 3337 1117 3406; x_wconf 84' lang='lat' dir='ltr'><strong>nequitiam</strong></span> <span class='ocrx_word' id='word_1_361' title='bbox 1147 3349 1363 3389; x_wconf 89' lang='lat' dir='ltr'><strong>cursum</strong></span> <span class='ocrx_word' id='word_1_362' title='bbox 1411 3333 1729 3389; x_wconf 82' lang='lat' dir='ltr'><strong>acceleravit</strong></span> <span class='ocrx_word' id='word_1_363' title='bbox 1763 3351 1775 3386; x_wconf 92' lang='lat'>:</span> <span class='ocrx_word' id='word_1_364' title='bbox 1820 3333 2011 3386; x_wconf 89' lang='lat' dir='ltr'><strong>deinde</strong></span> <span class='ocrx_word' id='word_1_365' title='bbox 2052 3332 2104 3385; x_wconf 89' lang='lat' dir='ltr'><strong>itt</strong></span> <span class='ocrx_word' id='word_1_366' title='bbox 2152 3345 2244 3384; x_wconf 90' lang='lat' dir='ltr'><strong>ore</strong></span> <span class='ocrx_word' id='word_1_367' title='bbox 2282 3344 2377 3383; x_wconf 90' lang='lat' dir='ltr'><strong>suo</strong></span> 
     </span>
    </p>
   </div>
   <div class='ocr_carea' id='block_1_51' title="bbox 826 3424 2376 3497">
    <p class='ocr_par' dir='ltr' id='par_1_51' title="bbox 826 3424 2376 3497">
     <span class='ocr_line' id='line_1_51' title="bbox 826 3424 2376 3497; baseline -0.008 -12"><span class='ocrx_word' id='word_1_368' title='bbox 826 3431 1186 3497; x_wconf 86' lang='lat' dir='ltr'><strong>complacuit,</strong></span> <span class='ocrx_word' id='word_1_369' title='bbox 1239 3443 1358 3481; x_wconf 89' lang='lat' dir='ltr'><strong>cum</strong></span> <span class='ocrx_word' id='word_1_370' title='bbox 1398 3426 1742 3480; x_wconf 89' lang='lat' dir='ltr'><strong>annuntiaret</strong></span> <span class='ocrx_word' id='word_1_371' title='bbox 1784 3426 1837 3478; x_wconf 91' lang='lat' dir='ltr'><strong>in</strong></span> <span class='ocrx_word' id='word_1_372' title='bbox 1884 3424 2189 3493; x_wconf 79' lang='lat' dir='ltr'><strong>synagogis,</strong></span> <span class='ocrx_word' id='word_1_373' title='bbox 2228 3424 2376 3487; x_wconf 82' lang='lat' dir='ltr'><strong>Quod</strong></span> 
     </span>
    </p>
   </div>
   <div class='ocr_carea' id='block_1_52' title="bbox 820 3519 1375 3577">
    <p class='ocr_par' dir='ltr' id='par_1_52' title="bbox 820 3519 1375 3577">
     <span class='ocr_line' id='line_1_52' title="bbox 820 3519 1375 3577; baseline -0.009 0"><span class='ocrx_word' id='word_1_374' title='bbox 820 3525 906 3577; x_wconf 75' lang='lat' dir='ltr'><strong>hic</strong></span> <span class='ocrx_word' id='word_1_375' title='bbox 940 3534 1013 3576; x_wconf 77' lang='lat' dir='ltr'><strong>est</strong></span> <span class='ocrx_word' id='word_1_376' title='bbox 1045 3521 1284 3575; x_wconf 74' lang='lat' dir='ltr'><strong>Lhrirttts</strong></span> <span class='ocrx_word' id='word_1_377' title='bbox 1311 3519 1375 3572; x_wconf 74' lang='lat'><strong>°&#39;.</strong></span> 
     </span>
    </p>
   </div>
   <div class='ocr_carea' id='block_1_53' title="bbox 891 3779 2375 3847">
    <p class='ocr_par' dir='ltr' id='par_1_53' title="bbox 891 3779 2375 3847">
     <span class='ocr_line' id='line_1_53' title="bbox 891 3779 2375 3847; baseline -0.003 -11"><span class='ocrx_word' id='word_1_378' title='bbox 891 3785 939 3836; x_wconf 87' lang='lat'><strong>9.</strong></span> <span class='ocrx_word' id='word_1_379' title='bbox 984 3781 1148 3837; x_wconf 68' lang='lat' dir='ltr'><strong>Vens.</strong></span> <span class='ocrx_word' id='word_1_380' title='bbox 1183 3782 1266 3835; x_wconf 79' lang='grc'><strong>15.</strong></span> <span class='ocrx_word' id='word_1_381' title='bbox 1308 3779 1458 3835; x_wconf 81' lang='lat' dir='ltr'><strong>Sicut</strong></span> <span class='ocrx_word' id='word_1_382' title='bbox 1510 3795 1623 3832; x_wconf 77' lang='lat' dir='ltr'><strong>oves</strong></span> <span class='ocrx_word' id='word_1_383' title='bbox 1664 3780 1719 3831; x_wconf 84' lang='lat' dir='ltr'><strong>in</strong></span> <span class='ocrx_word' id='word_1_384' title='bbox 1766 3779 1967 3847; x_wconf 81' lang='lat' dir='ltr'><strong>inferno</strong></span> <span class='ocrx_word' id='word_1_385' title='bbox 2009 3780 2199 3846; x_wconf 81' lang='lat' dir='ltr'><strong>posuit,</strong></span> <span class='ocrx_word' id='word_1_386' title='bbox 2238 3796 2375 3832; x_wconf 77' lang='lat' dir='ltr'><strong>mors</strong></span> 
     </span>
    </p>
   </div>
   <div class='ocr_carea' id='block_1_54' title="bbox 819 3868 2377 3941">
    <p class='ocr_par' dir='ltr' id='par_1_54' title="bbox 819 3868 2377 3941">
     <span class='ocr_line' id='line_1_54' title="bbox 819 3868 2377 3941; baseline -0.001 -14"><span class='ocrx_word' id='word_1_387' title='bbox 819 3877 1056 3941; x_wconf 77' lang='lat' dir='ltr'><strong>depascet</strong></span> <span class='ocrx_word' id='word_1_388' title='bbox 1100 3890 1207 3929; x_wconf 80' lang='lat' dir='ltr'><strong>eos.</strong></span> <span class='ocrx_word' id='word_1_389' title='bbox 1258 3872 1573 3939; x_wconf 87' lang='lat' dir='ltr'><strong>Quicunque</strong></span> <span class='ocrx_word' id='word_1_390' title='bbox 1624 3880 1805 3924; x_wconf 87' lang='lat' dir='ltr'><strong>autem</strong></span> <span class='ocrx_word' id='word_1_391' title='bbox 1868 3868 2085 3921; x_wconf 91' lang='lat' dir='ltr'><strong>belluini</strong></span> <span class='ocrx_word' id='word_1_392' title='bbox 2136 3879 2257 3923; x_wconf 90' lang='lat' dir='ltr'><strong>sunt</strong></span> <span class='ocrx_word' id='word_1_393' title='bbox 2314 3886 2377 3926; x_wconf 90' lang='lat' dir='ltr'><strong>ac</strong></span> 
     </span>
    </p>
   </div>
   <div class='ocr_carea' id='block_1_55' title="bbox 820 3960 2374 4035">
    <p class='ocr_par' dir='ltr' id='par_1_55' title="bbox 820 3960 2374 4035">
     <span class='ocr_line' id='line_1_55' title="bbox 820 3960 2374 4035; baseline -0.003 -15"><span class='ocrx_word' id='word_1_394' title='bbox 820 3966 1114 4035; x_wconf 90' lang='lat' dir='ltr'><strong>comparati</strong></span> <span class='ocrx_word' id='word_1_395' title='bbox 1178 3966 1325 4019; x_wconf 90' lang='lat' dir='ltr'><strong>fuere</strong></span> <span class='ocrx_word' id='word_1_396' title='bbox 1397 3963 1608 4018; x_wconf 84' lang='lat' dir='ltr'><strong>stolidis</strong></span> <span class='ocrx_word' id='word_1_397' title='bbox 1664 3962 1985 4031; x_wconf 91' lang='lat' dir='ltr'><strong>pecoribus,</strong></span> <span class='ocrx_word' id='word_1_398' title='bbox 2038 3960 2179 4012; x_wconf 88' lang='lat' dir='ltr'><strong>velut</strong></span> <span class='ocrx_word' id='word_1_399' title='bbox 2249 3977 2374 4016; x_wconf 85' lang='lat' dir='ltr'><strong>oves</strong></span> 
     </span>
    </p>
   </div>
   <div class='ocr_carea' id='block_1_56' title="bbox 823 4051 2373 4129">
    <p class='ocr_par' dir='ltr' id='par_1_56' title="bbox 823 4051 2373 4129">
     <span class='ocr_line' id='line_1_56' title="bbox 823 4051 2373 4129; baseline -0.003 -16"><span class='ocrx_word' id='word_1_400' title='bbox 823 4074 995 4129; x_wconf 88' lang='lat' dir='ltr'><strong>neque</strong></span> <span class='ocrx_word' id='word_1_401' title='bbox 1036 4056 1364 4112; x_wconf 85' lang='lat' dir='ltr'><strong>intellectum</strong></span> <span class='ocrx_word' id='word_1_402' title='bbox 1414 4070 1586 4121; x_wconf 83' lang='lat' dir='ltr'><strong>neque</strong></span> <span class='ocrx_word' id='word_1_403' title='bbox 1620 4055 1938 4110; x_wconf 79' lang='lat' dir='ltr'><strong>defendendi</strong></span> <span class='ocrx_word' id='word_1_404' title='bbox 1976 4068 2034 4108; x_wconf 89' lang='lat' dir='ltr'><strong>se</strong></span> <span class='ocrx_word' id='word_1_405' title='bbox 2066 4051 2373 4108; x_wconf 74' lang='lat' dir='ltr'><strong>facultatem</strong></span> 
     </span>
    </p>
   </div>
   <div class='ocr_carea' id='block_1_57' title="bbox 820 4144 2376 4217">
    <p class='ocr_par' dir='ltr' id='par_1_57' title="bbox 820 4144 2376 4217">
     <span class='ocr_line' id='line_1_57' title="bbox 820 4144 2376 4217; baseline -0.005 -13"><span class='ocrx_word' id='word_1_406' title='bbox 820 4152 1098 4213; x_wconf 80' lang='lat' dir='ltr'><strong>habentes,</strong></span> <span class='ocrx_word' id='word_1_407' title='bbox 1133 4150 1177 4203; x_wconf 91' lang='lat' dir='ltr'><strong>is</strong></span> <span class='ocrx_word' id='word_1_408' title='bbox 1207 4148 1295 4217; x_wconf 89' lang='lat' dir='ltr'><strong>qui</strong></span> <span class='ocrx_word' id='word_1_409' title='bbox 1329 4148 1394 4201; x_wconf 84' lang='lat' dir='ltr'><strong>ad</strong></span> <span class='ocrx_word' id='word_1_410' title='bbox 1440 4147 1807 4217; x_wconf 87' lang='lat' dir='ltr'><strong>captivitatem</strong></span> <span class='ocrx_word' id='word_1_411' title='bbox 1838 4146 2005 4215; x_wconf 92' lang='lat' dir='ltr'><strong>rapit,</strong></span> <span class='ocrx_word' id='word_1_412' title='bbox 2042 4160 2162 4200; x_wconf 89' lang='lat' dir='ltr'><strong>cum</strong></span> <span class='ocrx_word' id='word_1_413' title='bbox 2194 4144 2376 4198; x_wconf 88' lang='lat' dir='ltr'><strong>inimi-</strong></span> 
     </span>
    </p>
   </div>
   <div class='ocr_carea' id='block_1_58' title="bbox 823 4236 2372 4309">
    <p class='ocr_par' dir='ltr' id='par_1_58' title="bbox 823 4236 2372 4309">
     <span class='ocr_line' id='line_1_58' title="bbox 823 4236 2372 4309; baseline -0.001 -18"><span class='ocrx_word' id='word_1_414' title='bbox 823 4258 917 4295; x_wconf 78' lang='lat' dir='ltr'><strong>cus</strong></span> <span class='ocrx_word' id='word_1_415' title='bbox 949 4240 1368 4309; x_wconf 58' lang='lat' dir='ltr'><strong>sit,o186jam</strong></span> <span class='ocrx_word' id='word_1_416' title='bbox 1410 4239 1461 4293; x_wconf 90' lang='lat' dir='ltr'><strong>in</strong></span> <span class='ocrx_word' id='word_1_417' title='bbox 1503 4254 1656 4292; x_wconf 88' lang='lat' dir='ltr'><strong>suam</strong></span> <span class='ocrx_word' id='word_1_418' title='bbox 1712 4238 1880 4306; x_wconf 86' lang='lat' dir='ltr'><strong>ipsius</strong></span> <span class='ocrx_word' id='word_1_419' title='bbox 1905 4252 2080 4290; x_wconf 90' lang='lat' dir='ltr'><strong>arcem</strong></span> <span class='ocrx_word' id='word_1_420' title='bbox 2110 4236 2372 4304; x_wconf 79' lang='lat' dir='ltr'><strong>coniecit,</strong></span> 
     </span>
    </p>
   </div>
   <div class='ocr_carea' id='block_1_59' title="bbox 822 4329 2374 4400">
    <p class='ocr_par' dir='ltr' id='par_1_59' title="bbox 822 4329 2374 4400">
     <span class='ocr_line' id='line_1_59' title="bbox 822 4329 2374 4400; baseline -0.001 -16"><span class='ocrx_word' id='word_1_421' title='bbox 822 4347 885 4387; x_wconf 78' lang='lat' dir='ltr'><strong>ac</strong></span> <span class='ocrx_word' id='word_1_422' title='bbox 916 4333 1072 4385; x_wconf 91' lang='lat' dir='ltr'><strong>morti</strong></span> <span class='ocrx_word' id='word_1_423' title='bbox 1102 4333 1321 4385; x_wconf 86' lang='lat' dir='ltr'><strong>tradidit</strong></span> <span class='ocrx_word' id='word_1_424' title='bbox 1348 4332 1665 4400; x_wconf 90' lang='lat' dir='ltr'><strong>pascendos.</strong></span> <span class='ocrx_word' id='word_1_425' title='bbox 1694 4330 2023 4399; x_wconf 85' lang='lat' dir='ltr'><strong>Depascebat</strong></span> <span class='ocrx_word' id='word_1_426' title='bbox 2052 4329 2192 4383; x_wconf 90' lang='lat' dir='ltr'><strong>enim</strong></span> <span class='ocrx_word' id='word_1_427' title='bbox 2230 4345 2374 4383; x_wconf 92' lang='lat' dir='ltr'><strong>mors</strong></span> 
     </span>
    </p>
   </div>
   <div class='ocr_carea' id='block_1_60' title="bbox 824 4422 2369 4492">
    <p class='ocr_par' dir='ltr' id='par_1_60' title="bbox 824 4422 2369 4492">
     <span class='ocr_line' id='line_1_60' title="bbox 824 4422 2369 4492; baseline 0.001 -17"><span class='ocrx_word' id='word_1_428' title='bbox 824 4426 891 4478; x_wconf 87' lang='lat' dir='ltr'><strong>ab</strong></span> <span class='ocrx_word' id='word_1_429' title='bbox 938 4426 1104 4478; x_wconf 85' lang='lat' dir='ltr'><strong>Adam</strong></span> <span class='ocrx_word' id='word_1_430' title='bbox 1150 4424 1215 4478; x_wconf 89' lang='lat' dir='ltr'><strong>ad</strong></span> <span class='ocrx_word' id='word_1_431' title='bbox 1267 4437 1435 4492; x_wconf 89' lang='lat' dir='ltr'><strong>usque</strong></span> <span class='ocrx_word' id='word_1_432' title='bbox 1482 4423 1683 4492; x_wconf 79' lang='lat' dir='ltr'><strong>Moysis</strong></span> <span class='ocrx_word' id='word_1_433' title='bbox 1735 4422 2254 4478; x_wconf 87' lang='lat' dir='ltr'><strong>administrationem</strong></span> <span class='ocrx_word' id='word_1_434' title='bbox 2305 4423 2369 4486; x_wconf 78' lang='lat'><strong>’°,</strong></span> 
     </span>
    </p>
   </div>
   <div class='ocr_carea' id='block_1_61' title="bbox 816 4516 2373 4583">
    <p class='ocr_par' dir='ltr' id='par_1_61' title="bbox 816 4516 2373 4583">
     <span class='ocr_line' id='line_1_61' title="bbox 816 4516 2373 4583; baseline 0 -16"><span class='ocrx_word' id='word_1_435' title='bbox 816 4517 984 4569; x_wconf 87' lang='lat' dir='ltr'><strong>donec</strong></span> <span class='ocrx_word' id='word_1_436' title='bbox 1018 4517 1162 4569; x_wconf 87' lang='lat' dir='ltr'><strong>venit</strong></span> <span class='ocrx_word' id='word_1_437' title='bbox 1199 4530 1358 4570; x_wconf 91' lang='lat' dir='ltr'><strong>verus</strong></span> <span class='ocrx_word' id='word_1_438' title='bbox 1402 4525 1605 4583; x_wconf 85' lang='lat' dir='ltr'><strong>pastor,</strong></span> <span class='ocrx_word' id='word_1_439' title='bbox 1654 4516 1743 4583; x_wconf 90' lang='lat' dir='ltr'><strong>qui</strong></span> <span class='ocrx_word' id='word_1_440' title='bbox 1801 4530 1951 4568; x_wconf 90' lang='lat' dir='ltr'><strong>suam</strong></span> <span class='ocrx_word' id='word_1_441' title='bbox 1998 4516 2228 4567; x_wconf 88' lang='lat' dir='ltr'><strong>anintam</strong></span> <span class='ocrx_word' id='word_1_442' title='bbox 2278 4529 2373 4583; x_wconf 79' lang='lat' dir='ltr'><strong>pro</strong></span> 
     </span>
    </p>
   </div>
   <div class='ocr_carea' id='block_1_62' title="bbox 2489 2049 4053 2122">
    <p class='ocr_par' dir='ltr' id='par_1_62' title="bbox 2489 2049 4053 2122">
     <span class='ocr_line' id='line_1_62' title="bbox 2489 2049 4053 2122; baseline -0.003 -14"><span class='ocrx_word' id='word_1_443' title='bbox 2489 2055 2741 2109; x_wconf 82' lang='grc' dir='ltr'>θανάτου</span> <span class='ocrx_word' id='word_1_444' title='bbox 2785 2054 2851 2107; x_wconf 84' lang='grc' dir='ltr'>δὲ</span> <span class='ocrx_word' id='word_1_445' title='bbox 2893 2049 3179 2122; x_wconf 80' lang='grc' dir='ltr'>σταυροῦ.</span> <span class='ocrx_word' id='word_1_446' title='bbox 3220 2053 3281 2104; x_wconf 70' lang='lat' dir='ltr'><strong>Et</strong></span> <span class='ocrx_word' id='word_1_447' title='bbox 3334 2052 3405 2122; x_wconf 85' lang='grc' dir='ltr'>μὴ</span> <span class='ocrx_word' id='word_1_448' title='bbox 3439 2052 3536 2120; x_wconf 81' lang='grc' dir='ltr'><strong>τῆς</strong></span> <span class='ocrx_word' id='word_1_449' title='bbox 3572 2053 3793 2122; x_wconf 84' lang='grc' dir='ltr'>πρώτης</span> <span class='ocrx_word' id='word_1_450' title='bbox 3828 2054 4053 2104; x_wconf 77' lang='grc' dir='ltr'>σεαυτοῦ</span> 
     </span>
    </p>
   </div>
   <div class='ocr_carea' id='block_1_63' title="bbox 2488 2141 4053 2215">
    <p class='ocr_par' dir='ltr' id='par_1_63' title="bbox 2488 2141 4053 2215">
     <span class='ocr_line' id='line_1_63' title="bbox 2488 2141 4053 2215; baseline -0.001 -18"><span class='ocrx_word' id='word_1_451' title='bbox 2488 2147 2749 2214; x_wconf 78' lang='grc' dir='ltr'>γενέσεως</span> <span class='ocrx_word' id='word_1_452' title='bbox 2787 2145 3081 2215; x_wconf 80' lang='grc' dir='ltr'><strong>μέμνησαι,</strong></span> <span class='ocrx_word' id='word_1_453' title='bbox 3109 2145 3171 2196; x_wconf 82' lang='grc' dir='ltr'>ὲκ</span> <span class='ocrx_word' id='word_1_454' title='bbox 3198 2143 3296 2213; x_wconf 81' lang='grc' dir='ltr'>τῆς</span> <span class='ocrx_word' id='word_1_455' title='bbox 3321 2141 3753 2211; x_wconf 70' lang='grc' dir='ltr'>καταϐληθείσης</span> <span class='ocrx_word' id='word_1_456' title='bbox 3788 2143 3928 2213; x_wconf 82' lang='grc' dir='ltr'>ὑπὲρ</span> <span class='ocrx_word' id='word_1_457' title='bbox 3960 2144 4053 2197; x_wconf 87' lang='grc' dir='ltr'><strong>σοῦ</strong></span> 
     </span>
    </p>
   </div>
   <div class='ocr_carea' id='block_1_64' title="bbox 2485 2238 4053 2310">
    <p class='ocr_par' dir='ltr' id='par_1_64' title="bbox 2485 2238 4053 2310">
     <span class='ocr_line' id='line_1_64' title="bbox 2485 2238 4053 2310; baseline -0.001 -17"><span class='ocrx_word' id='word_1_458' title='bbox 2485 2240 2649 2310; x_wconf 86' lang='grc' dir='ltr'>τιμῆς</span> <span class='ocrx_word' id='word_1_459' title='bbox 2692 2238 2820 2291; x_wconf 80' lang='grc' dir='ltr'>λάόε</span> <span class='ocrx_word' id='word_1_460' title='bbox 2851 2238 2942 2291; x_wconf 90' lang='grc' dir='ltr'><strong>τοῦ</strong></span> <span class='ocrx_word' id='word_1_461' title='bbox 2982 2238 3287 2308; x_wconf 79' lang='grc' dir='ltr'>ἀξιώματος</span> <span class='ocrx_word' id='word_1_462' title='bbox 3338 2238 3580 2290; x_wconf 78' lang='grc' dir='ltr'>ἔννοιαν·</span> <span class='ocrx_word' id='word_1_463' title='bbox 3615 2238 3921 2305; x_wconf 71' lang='grc' dir='ltr'>ἀπόϐλεψον</span> <span class='ocrx_word' id='word_1_464' title='bbox 3960 2256 4053 2291; x_wconf 83' lang='grc' dir='ltr'><strong>σου</strong></span> 
     </span>
    </p>
   </div>
   <div class='ocr_carea' id='block_1_65' title="bbox 2488 2328 4053 2400">
    <p class='ocr_par' dir='ltr' id='par_1_65' title="bbox 2488 2328 4053 2400">
     <span class='ocr_line' id='line_1_65' title="bbox 2488 2328 4053 2400; baseline -0.001 -18"><span class='ocrx_word' id='word_1_465' title='bbox 2488 2330 2622 2400; x_wconf 78' lang='grc' dir='ltr'>πρὸς</span> <span class='ocrx_word' id='word_1_466' title='bbox 2656 2329 2715 2381; x_wconf 84' lang='grc' dir='ltr'><strong>τὸ</strong></span> <span class='ocrx_word' id='word_1_467' title='bbox 2743 2328 3113 2399; x_wconf 81' lang='grc' dir='ltr'>ἀντάλλαγμα,</span> <span class='ocrx_word' id='word_1_468' title='bbox 3150 2331 3241 2382; x_wconf 74' lang='grc' dir='ltr'><strong>καὶ</strong></span> <span class='ocrx_word' id='word_1_469' title='bbox 3278 2329 3443 2398; x_wconf 82' lang='grc' dir='ltr'>γνῶθι</span> <span class='ocrx_word' id='word_1_470' title='bbox 3480 2328 3706 2381; x_wconf 78' lang='grc' dir='ltr'>σεαυτοῦ</span> <span class='ocrx_word' id='word_1_471' title='bbox 3743 2328 3841 2399; x_wconf 76' lang='grc' dir='ltr'>τὴν</span> <span class='ocrx_word' id='word_1_472' title='bbox 3874 2330 4053 2394; x_wconf 79' lang='grc' dir='ltr'>ἀξίαν.</span> 
     </span>
    </p>
   </div>
   <div class='ocr_carea' id='block_1_66' title="bbox 2486 2417 4050 2488">
    <p class='ocr_par' dir='ltr' id='par_1_66' title="bbox 2486 2417 4050 2488">
     <span class='ocr_line' id='line_1_66' title="bbox 2486 2417 4050 2488; baseline -0.001 -18"><span class='ocrx_word' id='word_1_473' title='bbox 2486 2418 2574 2488; x_wconf 85' lang='grc' dir='ltr'>Τῷ</span> <span class='ocrx_word' id='word_1_474' title='bbox 2622 2417 2970 2487; x_wconf 75' lang='grc' dir='ltr'>πολυτιμήτω</span> <span class='ocrx_word' id='word_1_475' title='bbox 3023 2417 3211 2486; x_wconf 78' lang='grc' dir='ltr'>αἵματι</span> <span class='ocrx_word' id='word_1_476' title='bbox 3262 2417 3355 2469; x_wconf 85' lang='grc' dir='ltr'><strong>τοῦ</strong></span> <span class='ocrx_word' id='word_1_477' title='bbox 3409 2418 3643 2487; x_wconf 82' lang='grc' dir='ltr'>Χριστοῦ</span> <span class='ocrx_word' id='word_1_478' title='bbox 3699 2417 4050 2488; x_wconf 73' lang='grc' dir='ltr'>ἠγοράσθης·</span> 
     </span>
    </p>
   </div>
   <div class='ocr_carea' id='block_1_67' title="bbox 2489 2507 4053 2579">
    <p class='ocr_par' dir='ltr' id='par_1_67' title="bbox 2489 2507 4053 2579">
     <span class='ocr_line' id='line_1_67' title="bbox 2489 2507 4053 2579; baseline 0 -18"><span class='ocrx_word' id='word_1_479' title='bbox 2489 2510 2561 2579; x_wconf 80' lang='grc' dir='ltr'>μὴ</span> <span class='ocrx_word' id='word_1_480' title='bbox 2589 2510 2737 2576; x_wconf 83' lang='grc' dir='ltr'>γίνου</span> <span class='ocrx_word' id='word_1_481' title='bbox 2770 2508 2844 2578; x_wconf 81' lang='lat'><strong>(9)</strong></span> <span class='ocrx_word' id='word_1_482' title='bbox 2891 2507 3075 2570; x_wconf 89' lang='grc' dir='ltr'>δοῦλος</span> <span class='ocrx_word' id='word_1_483' title='bbox 3124 2508 3221 2577; x_wconf 80' lang='grc' dir='ltr'>τῆς</span> <span class='ocrx_word' id='word_1_484' title='bbox 3270 2508 3557 2578; x_wconf 83' lang='grc' dir='ltr'>ἁμαρτίας.</span> <span class='ocrx_word' id='word_1_485' title='bbox 3605 2509 3770 2573; x_wconf 88' lang='grc' dir='ltr'>Σύνες</span> <span class='ocrx_word' id='word_1_486' title='bbox 3820 2509 4053 2562; x_wconf 82' lang='grc' dir='ltr'>σεαυτοῦ</span> 
     </span>
    </p>
   </div>
   <div class='ocr_carea' id='block_1_68' title="bbox 2487 2597 4053 2669">
    <p class='ocr_par' dir='ltr' id='par_1_68' title="bbox 2487 2597 4053 2669">
     <span class='ocr_line' id='line_1_68' title="bbox 2487 2597 4053 2669; baseline 0.002 -21"><span class='ocrx_word' id='word_1_487' title='bbox 2487 2599 2584 2667; x_wconf 79' lang='grc' dir='ltr'>τῆς</span> <span class='ocrx_word' id='word_1_488' title='bbox 2615 2599 2800 2666; x_wconf 76' lang='grc' dir='ltr'>τιμῆς,</span> <span class='ocrx_word' id='word_1_489' title='bbox 2844 2599 2930 2650; x_wconf 85' lang='grc' dir='ltr'><strong>ἵνα</strong></span> <span class='ocrx_word' id='word_1_490' title='bbox 2978 2598 3049 2668; x_wconf 82' lang='grc' dir='ltr'>μὴ</span> <span class='ocrx_word' id='word_1_491' title='bbox 3094 2597 3465 2668; x_wconf 81' lang='grc' dir='ltr'>παρεικασθῇς</span> <span class='ocrx_word' id='word_1_492' title='bbox 3495 2600 3605 2658; x_wconf 80' lang='grc' dir='ltr'>τοῖς</span> <span class='ocrx_word' id='word_1_493' title='bbox 3635 2600 3881 2669; x_wconf 79' lang='grc' dir='ltr'>ἀνοήτοις</span> <span class='ocrx_word' id='word_1_494' title='bbox 3922 2600 4053 2669; x_wconf 81' lang='grc' dir='ltr'>κτή-</span> 
     </span>
    </p>
   </div>
   <div class='ocr_carea' id='block_1_69' title="bbox 2486 2685 4052 2754">
    <p class='ocr_par' dir='ltr' id='par_1_69' title="bbox 2486 2685 4052 2754">
     <span class='ocr_line' id='line_1_69' title="bbox 2486 2685 4052 2754; baseline 0.001 -15"><span class='ocrx_word' id='word_1_495' title='bbox 2486 2705 2645 2739; x_wconf 86' lang='grc' dir='ltr'>νεσιν.</span> <span class='ocrx_word' id='word_1_496' title='bbox 2679 2687 2837 2751; x_wconf 81' lang='grc' dir='ltr'>Αὕτη</span> <span class='ocrx_word' id='word_1_497' title='bbox 2872 2688 2908 2751; x_wconf 76' lang='grc' dir='ltr'><em>ὴ</em></span> <span class='ocrx_word' id='word_1_498' title='bbox 2938 2686 3074 2751; x_wconf 81' lang='grc' dir='ltr'>όδός</span> <span class='ocrx_word' id='word_1_499' title='bbox 3114 2685 3311 2739; x_wconf 80' lang='grc' dir='ltr'>αὐτῶν</span> <span class='ocrx_word' id='word_1_500' title='bbox 3338 2685 3687 2740; x_wconf 72' lang='grc' dir='ltr'>σκάνδαλον</span> <span class='ocrx_word' id='word_1_501' title='bbox 3726 2689 3948 2754; x_wconf 82' lang='grc' dir='ltr'>αὐτοῖς.</span> <span class='ocrx_word' id='word_1_502' title='bbox 3993 2691 4052 2741; x_wconf 85' lang='grc' dir='ltr'>Ὀ</span> 
     </span>
    </p>
   </div>
   <div class='ocr_carea' id='block_1_70' title="bbox 2483 2776 4051 2851">
    <p class='ocr_par' dir='ltr' id='par_1_70' title="bbox 2483 2776 4051 2851">
     <span class='ocr_line' id='line_1_70' title="bbox 2483 2776 4051 2851; baseline -0.001 -18"><span class='ocrx_word' id='word_1_503' title='bbox 2483 2778 2779 2850; x_wconf 83' lang='grc' dir='ltr'>οἰκονομῶν</span> <span class='ocrx_word' id='word_1_504' title='bbox 2813 2777 2879 2829; x_wconf 77' lang='grc' dir='ltr'>τὰ</span> <span class='ocrx_word' id='word_1_505' title='bbox 2912 2778 3152 2847; x_wconf 79' lang='grc' dir='ltr'>ἡμέτερα</span> <span class='ocrx_word' id='word_1_506' title='bbox 3184 2778 3312 2839; x_wconf 74' lang='grc' dir='ltr'>Θεὸς</span> <span class='ocrx_word' id='word_1_507' title='bbox 3350 2776 3627 2849; x_wconf 77' lang='grc' dir='ltr'>ἐμποδίζει</span> <span class='ocrx_word' id='word_1_508' title='bbox 3656 2781 3787 2850; x_wconf 71' lang='grc' dir='ltr'>ἡμῖν</span> <span class='ocrx_word' id='word_1_509' title='bbox 3826 2781 3914 2832; x_wconf 79' lang='grc' dir='ltr'>διὰ</span> <span class='ocrx_word' id='word_1_510' title='bbox 3949 2782 4051 2851; x_wconf 77' lang='grc' dir='ltr'>τῆς</span> 
     </span>
    </p>
   </div>
   <div class='ocr_carea' id='block_1_71' title="bbox 2483 2867 4049 2940">
    <p class='ocr_par' dir='ltr' id='par_1_71' title="bbox 2483 2867 4049 2940">
     <span class='ocr_line' id='line_1_71' title="bbox 2483 2867 4049 2940; baseline 0 -15"><span class='ocrx_word' id='word_1_511' title='bbox 2483 2871 2679 2934; x_wconf 90' lang='grc' dir='ltr'>κακίας</span> <span class='ocrx_word' id='word_1_512' title='bbox 2724 2869 3046 2940; x_wconf 80' lang='grc' dir='ltr'>βαδίζουσιν,</span> <span class='ocrx_word' id='word_1_513' title='bbox 3098 2867 3495 2936; x_wconf 85' lang='grc' dir='ltr'>προσκόμματα</span> <span class='ocrx_word' id='word_1_514' title='bbox 3539 2872 3670 2940; x_wconf 74' lang='grc' dir='ltr'>ἡμῖν</span> <span class='ocrx_word' id='word_1_515' title='bbox 3724 2872 3819 2923; x_wconf 75' lang='grc' dir='ltr'>καὶ</span> <span class='ocrx_word' id='word_1_516' title='bbox 3872 2873 4049 2925; x_wconf 84' lang='grc' dir='ltr'>κωλύ-</span> 
     </span>
    </p>
   </div>
   <div class='ocr_carea' id='block_1_72' title="bbox 2485 2957 4047 3033">
    <p class='ocr_par' dir='ltr' id='par_1_72' title="bbox 2485 2957 4047 3033">
     <span class='ocr_line' id='line_1_72' title="bbox 2485 2957 4047 3033; baseline -0.011 -16"><span class='ocrx_word' id='word_1_517' title='bbox 2485 2982 2629 3033; x_wconf 81' lang='grc' dir='ltr'>ματα</span> <span class='ocrx_word' id='word_1_518' title='bbox 2682 2961 2884 3024; x_wconf 74' lang='grc' dir='ltr'>τιθεὶς,</span> <span class='ocrx_word' id='word_1_519' title='bbox 2934 2960 3039 3021; x_wconf 84' lang='grc' dir='ltr'>ἵνα,</span> <span class='ocrx_word' id='word_1_520' title='bbox 3094 2957 3426 3019; x_wconf 85' lang='grc' dir='ltr'>ἀποστάντες</span> <span class='ocrx_word' id='word_1_521' title='bbox 3474 2960 3571 3027; x_wconf 84' lang='grc' dir='ltr'><strong>τῆς</strong></span> <span class='ocrx_word' id='word_1_522' title='bbox 3636 2963 3777 3014; x_wconf 69' lang='grc' dir='ltr'><strong>κατὰ</strong></span> <span class='ocrx_word' id='word_1_523' title='bbox 3825 2964 4047 3030; x_wconf 67' lang='grc' dir='ltr'><strong>ἀλογίαν</strong></span> 
     </span>
    </p>
   </div>
   <div class='ocr_carea' id='block_1_73' title="bbox 2482 3048 4049 3124">
    <p class='ocr_par' dir='ltr' id='par_1_73' title="bbox 2482 3048 4049 3124">
     <span class='ocr_line' id='line_1_73' title="bbox 2482 3048 4049 3124; baseline 0.004 -22"><span class='ocrx_word' id='word_1_524' title='bbox 2482 3055 2645 3124; x_wconf 75' lang='grc' dir='ltr'>ζωῆς,</span> <span class='ocrx_word' id='word_1_525' title='bbox 2686 3055 2821 3124; x_wconf 81' lang='grc' dir='ltr'><strong>μετά</strong></span> <span class='ocrx_word' id='word_1_526' title='bbox 2860 3052 3030 3105; x_wconf 84' lang='grc' dir='ltr'>ταῦτα</span> <span class='ocrx_word' id='word_1_527' title='bbox 3075 3054 3131 3104; x_wconf 84' lang='grc' dir='ltr'>ὲν</span> <span class='ocrx_word' id='word_1_528' title='bbox 3172 3048 3249 3119; x_wconf 83' lang='grc' dir='ltr'>τῷ</span> <span class='ocrx_word' id='word_1_529' title='bbox 3291 3049 3519 3118; x_wconf 85' lang='grc' dir='ltr'>στόματι</span> <span class='ocrx_word' id='word_1_530' title='bbox 3552 3053 3708 3120; x_wconf 82' lang='grc' dir='ltr'>ήμῶν</span> <span class='ocrx_word' id='word_1_531' title='bbox 3746 3054 4049 3122; x_wconf 76' lang='grc' dir='ltr'>εύδοκήσω-</span> 
     </span>
    </p>
   </div>
   <div class='ocr_carea' id='block_1_74' title="bbox 2485 3142 4044 3218">
    <p class='ocr_par' dir='ltr' id='par_1_74' title="bbox 2485 3142 4044 3218">
     <span class='ocr_line' id='line_1_74' title="bbox 2485 3142 4044 3218; baseline -0.004 -18"><span class='ocrx_word' id='word_1_532' title='bbox 2485 3165 2602 3218; x_wconf 89' lang='grc' dir='ltr'>μεν,</span> <span class='ocrx_word' id='word_1_533' title='bbox 2662 3146 2859 3216; x_wconf 76' lang='grc' dir='ltr'>καρδίᾳ</span> <span class='ocrx_word' id='word_1_534' title='bbox 2921 3146 3018 3215; x_wconf 83' lang='grc' dir='ltr'><strong>μὲν</strong></span> <span class='ocrx_word' id='word_1_535' title='bbox 3076 3142 3481 3198; x_wconf 85' lang='grc' dir='ltr'>πιστευσάντων</span> <span class='ocrx_word' id='word_1_536' title='bbox 3544 3144 3623 3205; x_wconf 90' lang='grc' dir='ltr'><strong>είς</strong></span> <span class='ocrx_word' id='word_1_537' title='bbox 3676 3143 4044 3214; x_wconf 82' lang='grc' dir='ltr'>δικαιοσύνην,</span> 
     </span>
    </p>
   </div>
   <div class='ocr_carea' id='block_1_75' title="bbox 2483 3233 4045 3308">
    <p class='ocr_par' dir='ltr' id='par_1_75' title="bbox 2483 3233 4045 3308">
     <span class='ocr_line' id='line_1_75' title="bbox 2483 3233 4045 3308; baseline -0.003 -17"><span class='ocrx_word' id='word_1_538' title='bbox 2483 3240 2707 3308; x_wconf 88' lang='grc' dir='ltr'>στόματι</span> <span class='ocrx_word' id='word_1_539' title='bbox 2756 3238 2811 3290; x_wconf 85' lang='grc' dir='ltr'>δὲ</span> <span class='ocrx_word' id='word_1_540' title='bbox 2851 3236 3296 3306; x_wconf 84' lang='grc' dir='ltr'>ὁμολογησάντων</span> <span class='ocrx_word' id='word_1_541' title='bbox 3349 3236 3427 3297; x_wconf 88' lang='grc' dir='ltr'><strong>είς</strong></span> <span class='ocrx_word' id='word_1_542' title='bbox 3490 3233 3783 3305; x_wconf 85' lang='grc' dir='ltr'>σωτηρίαν.</span> <span class='ocrx_word' id='word_1_543' title='bbox 3827 3234 4045 3287; x_wconf 84' lang='grc' dir='ltr'>Ἐδίωκε</span> 
     </span>
    </p>
   </div>
   <div class='ocr_carea' id='block_1_76' title="bbox 2480 3326 4049 3399">
    <p class='ocr_par' dir='ltr' id='par_1_76' title="bbox 2480 3326 4049 3399">
     <span class='ocr_line' id='line_1_76' title="bbox 2480 3326 4049 3399; baseline -0.003 -15"><span class='ocrx_word' id='word_1_544' title='bbox 2480 3331 2711 3394; x_wconf 83' lang='grc' dir='ltr'>Παῦλος,</span> <span class='ocrx_word' id='word_1_545' title='bbox 2753 3330 2972 3399; x_wconf 74' lang='grc' dir='ltr'>ἐπόρθει</span> <span class='ocrx_word' id='word_1_546' title='bbox 3018 3329 3116 3398; x_wconf 83' lang='grc' dir='ltr'><strong>τὴν</strong></span> <span class='ocrx_word' id='word_1_547' title='bbox 3161 3327 3482 3396; x_wconf 89' lang='grc' dir='ltr'>Ἐκκλησίαν</span> <span class='ocrx_word' id='word_1_548' title='bbox 3527 3326 3620 3380; x_wconf 84' lang='grc' dir='ltr'><strong>τοῦ</strong></span> <span class='ocrx_word' id='word_1_549' title='bbox 3666 3326 3927 3397; x_wconf 82' lang='grc' dir='ltr'>Χριστοῦ,</span> <span class='ocrx_word' id='word_1_550' title='bbox 3962 3329 4049 3379; x_wconf 83' lang='grc' dir='ltr'><strong>ὲν-</strong></span> 
     </span>
    </p>
   </div>
   <div class='ocr_carea' id='block_1_77' title="bbox 2476 3418 4043 3491">
    <p class='ocr_par' dir='ltr' id='par_1_77' title="bbox 2476 3418 4043 3491">
     <span class='ocr_line' id='line_1_77' title="bbox 2476 3418 4043 3491; baseline -0.001 -18"><span class='ocrx_word' id='word_1_551' title='bbox 2476 3423 2606 3491; x_wconf 80' lang='grc' dir='ltr'>’ἧκεν</span> <span class='ocrx_word' id='word_1_552' title='bbox 2632 3422 2793 3473; x_wconf 79' lang='grc' dir='ltr'>αὐτοῦ</span> <span class='ocrx_word' id='word_1_553' title='bbox 2826 3422 2915 3473; x_wconf 78' lang='grc' dir='ltr'><strong>τὸν</strong></span> <span class='ocrx_word' id='word_1_554' title='bbox 2958 3420 3153 3489; x_wconf 83' lang='grc' dir='ltr'>δρόμον</span> <span class='ocrx_word' id='word_1_555' title='bbox 3194 3418 3285 3470; x_wconf 79' lang='grc' dir='ltr'><strong>τὸν</strong></span> <span class='ocrx_word' id='word_1_556' title='bbox 3330 3418 3422 3470; x_wconf 77' lang='grc' dir='ltr'>ἐπὶ</span> <span class='ocrx_word' id='word_1_557' title='bbox 3453 3420 3550 3487; x_wconf 77' lang='grc' dir='ltr'>τὴν</span> <span class='ocrx_word' id='word_1_558' title='bbox 3588 3418 3847 3489; x_wconf 78' lang='grc' dir='ltr'>πονηρίαν</span> <span class='ocrx_word' id='word_1_559' title='bbox 3900 3420 4043 3488; x_wconf 78' lang='grc'><strong>(10)·</strong></span> 
     </span>
    </p>
   </div>
   <div class='ocr_carea' id='block_1_78' title="bbox 2482 3509 4047 3582">
    <p class='ocr_par' dir='ltr' id='par_1_78' title="bbox 2482 3509 4047 3582">
     <span class='ocr_line' id='line_1_78' title="bbox 2482 3509 4047 3582; baseline -0.001 -17"><span class='ocrx_word' id='word_1_560' title='bbox 2482 3514 2616 3582; x_wconf 76' lang='grc' dir='ltr'>μετὰ</span> <span class='ocrx_word' id='word_1_561' title='bbox 2643 3512 2813 3564; x_wconf 85' lang='grc' dir='ltr'>ταῦτα</span> <span class='ocrx_word' id='word_1_562' title='bbox 2847 3514 2902 3564; x_wconf 83' lang='grc' dir='ltr'>ὲν</span> <span class='ocrx_word' id='word_1_563' title='bbox 2934 3510 3008 3579; x_wconf 82' lang='grc' dir='ltr'>τῷ</span> <span class='ocrx_word' id='word_1_564' title='bbox 3042 3510 3265 3580; x_wconf 88' lang='grc' dir='ltr'>στόματι.</span> <span class='ocrx_word' id='word_1_565' title='bbox 3313 3509 3474 3562; x_wconf 82' lang='grc' dir='ltr'>αὑτοῦ</span> <span class='ocrx_word' id='word_1_566' title='bbox 3516 3510 3794 3579; x_wconf 83' lang='grc' dir='ltr'>εὐδόκησε,</span> <span class='ocrx_word' id='word_1_567' title='bbox 3837 3527 4047 3579; x_wconf 78' lang='grc' dir='ltr'>καταγ-</span> 
     </span>
    </p>
   </div>
   <div class='ocr_carea' id='block_1_79' title="bbox 2477 3599 4047 3672">
    <p class='ocr_par' dir='ltr' id='par_1_79' title="bbox 2477 3599 4047 3672">
     <span class='ocr_line' id='line_1_79' title="bbox 2477 3599 4047 3672; baseline 0.001 -16"><span class='ocrx_word' id='word_1_568' title='bbox 2477 3604 2677 3672; x_wconf 87' lang='grc' dir='ltr'>γέλλων</span> <span class='ocrx_word' id='word_1_569' title='bbox 2716 3605 2772 3657; x_wconf 84' lang='grc' dir='ltr'>ὲν</span> <span class='ocrx_word' id='word_1_570' title='bbox 2816 3605 2934 3666; x_wconf 79' lang='grc' dir='ltr'>ταῖς</span> <span class='ocrx_word' id='word_1_571' title='bbox 2988 3604 3343 3672; x_wconf 80' lang='grc' dir='ltr'>συναγωγαῖς,</span> <span class='ocrx_word' id='word_1_572' title='bbox 3398 3604 3514 3656; x_wconf 86' lang='grc' dir='ltr'>Ὅτι</span> <span class='ocrx_word' id='word_1_573' title='bbox 3559 3599 3737 3668; x_wconf 83' lang='grc' dir='ltr'>οὗτός</span> <span class='ocrx_word' id='word_1_574' title='bbox 3789 3604 3961 3657; x_wconf 83' lang='grc' dir='ltr'>ἐστιν</span> <span class='ocrx_word' id='word_1_575' title='bbox 4014 3607 4047 3658; x_wconf 86' lang='grc' dir='ltr'><strong>ό</strong></span> 
     </span>
    </p>
   </div>
   <div class='ocr_carea' id='block_1_80' title="bbox 2475 3698 2745 3763">
    <p class='ocr_par' dir='ltr' id='par_1_80' title="bbox 2475 3698 2745 3763">
     <span class='ocr_line' id='line_1_80' title="bbox 2475 3698 2745 3763; baseline 0.007 -15"><span class='ocrx_word' id='word_1_576' title='bbox 2475 3698 2745 3763; x_wconf 80' lang='grc' dir='ltr'>Χριστός.</span> 
     </span>
    </p>
   </div>
   <div class='ocr_carea' id='block_1_81' title="bbox 2543 3782 4042 3853">
    <p class='ocr_par' dir='ltr' id='par_1_81' title="bbox 2543 3782 4042 3853">
     <span class='ocr_line' id='line_1_81' title="bbox 2543 3782 4042 3853; baseline -0.002 -12"><span class='ocrx_word' id='word_1_577' title='bbox 2543 3786 2596 3841; x_wconf 87' lang='lat'><strong>9.</strong></span> <span class='ocrx_word' id='word_1_578' title='bbox 2650 3787 2741 3849; x_wconf 82' lang='grc' dir='ltr'>Ὠς</span> <span class='ocrx_word' id='word_1_579' title='bbox 2793 3787 3053 3851; x_wconf 79' lang='grc' dir='ltr'>πρόϐατα</span> <span class='ocrx_word' id='word_1_580' title='bbox 3095 3784 3165 3835; x_wconf 82' lang='grc' dir='ltr'><strong>ἐν</strong></span> <span class='ocrx_word' id='word_1_581' title='bbox 3213 3782 3326 3850; x_wconf 83' lang='grc' dir='ltr'><strong>ᾄδῃ</strong></span> <span class='ocrx_word' id='word_1_582' title='bbox 3377 3782 3540 3836; x_wconf 76' lang='grc' dir='ltr'>ἔθετο</span> <span class='ocrx_word' id='word_1_583' title='bbox 3593 3785 3728 3853; x_wconf 76' lang='lat' dir='ltr'><strong>(Hi,</strong></span> <span class='ocrx_word' id='word_1_584' title='bbox 3784 3785 4042 3850; x_wconf 80' lang='grc' dir='ltr'>θάνατος</span> 
     </span>
    </p>
   </div>
   <div class='ocr_carea' id='block_1_82' title="bbox 2475 3873 4043 3947">
    <p class='ocr_par' dir='ltr' id='par_1_82' title="bbox 2475 3873 4043 3947">
     <span class='ocr_line' id='line_1_82' title="bbox 2475 3873 4043 3947; baseline 0 -19"><span class='ocrx_word' id='word_1_585' title='bbox 2475 3876 2753 3945; x_wconf 81' lang='grc' dir='ltr'>ποιμανεῖ</span> <span class='ocrx_word' id='word_1_586' title='bbox 2778 3876 3015 3939; x_wconf 77' lang='grc' dir='ltr'>αὐτούς.</span> <span class='ocrx_word' id='word_1_587' title='bbox 3049 3875 3185 3935; x_wconf 77' lang='grc' dir='ltr'>Τοὺς</span> <span class='ocrx_word' id='word_1_588' title='bbox 3222 3874 3277 3925; x_wconf 83' lang='grc' dir='ltr'><strong>δὲ</strong></span> <span class='ocrx_word' id='word_1_589' title='bbox 3308 3873 3600 3941; x_wconf 77' lang='grc' dir='ltr'>κτηνώδεις</span> <span class='ocrx_word' id='word_1_590' title='bbox 3625 3876 3718 3926; x_wconf 72' lang='grc' dir='ltr'><strong>καὶ</strong></span> <span class='ocrx_word' id='word_1_591' title='bbox 3749 3892 4043 3947; x_wconf 83' lang='grc' dir='ltr'>παρασυμ-</span> 
     </span>
    </p>
   </div>
   <div class='ocr_carea' id='block_1_83' title="bbox 2475 3966 4041 4039">
    <p class='ocr_par' dir='ltr' id='par_1_83' title="bbox 2475 3966 4041 4039">
     <span class='ocr_line' id='line_1_83' title="bbox 2475 3966 4041 4039; baseline 0.001 -18"><span class='ocrx_word' id='word_1_592' title='bbox 2475 3968 2767 4039; x_wconf 77' lang='grc' dir='ltr'>ϐληθέντας</span> <span class='ocrx_word' id='word_1_593' title='bbox 2813 3970 2923 4030; x_wconf 86' lang='grc' dir='ltr'>τοῖς</span> <span class='ocrx_word' id='word_1_594' title='bbox 2950 3968 3189 4037; x_wconf 82' lang='grc' dir='ltr'>ικτήνεσι</span> <span class='ocrx_word' id='word_1_595' title='bbox 3236 3966 3346 4026; x_wconf 83' lang='grc' dir='ltr'>τοῖς</span> <span class='ocrx_word' id='word_1_596' title='bbox 3379 3966 3642 4034; x_wconf 77' lang='grc' dir='ltr'>ἀνοήτοις,</span> <span class='ocrx_word' id='word_1_597' title='bbox 3674 3968 3750 4028; x_wconf 80' lang='grc' dir='ltr'><strong>ὡς</strong></span> <span class='ocrx_word' id='word_1_598' title='bbox 3793 3969 4041 4038; x_wconf 83' lang='grc' dir='ltr'>πρόὸατα</span> 
     </span>
    </p>
   </div>
   <div class='ocr_carea' id='block_1_84' title="bbox 2473 4056 4040 4130">
    <p class='ocr_par' dir='ltr' id='par_1_84' title="bbox 2473 4056 4040 4130">
     <span class='ocr_line' id='line_1_84' title="bbox 2473 4056 4040 4130; baseline 0 -16"><span class='ocrx_word' id='word_1_599' title='bbox 2473 4061 2594 4114; x_wconf 83' lang='grc' dir='ltr'>οῦτε</span> <span class='ocrx_word' id='word_1_600' title='bbox 2632 4061 2844 4114; x_wconf 86' lang='grc' dir='ltr'>σύνεσιν</span> <span class='ocrx_word' id='word_1_601' title='bbox 2900 4060 3109 4130; x_wconf 81' lang='grc' dir='ltr'>ἔχοντα,</span> <span class='ocrx_word' id='word_1_602' title='bbox 3148 4056 3270 4110; x_wconf 75' lang='grc' dir='ltr'>οὔτε</span> <span class='ocrx_word' id='word_1_603' title='bbox 3319 4056 3417 4127; x_wconf 83' lang='grc' dir='ltr'>τὴν</span> <span class='ocrx_word' id='word_1_604' title='bbox 3463 4056 3598 4126; x_wconf 76' lang='grc' dir='ltr'>πρὸς</span> <span class='ocrx_word' id='word_1_605' title='bbox 3629 4056 3689 4108; x_wconf 73' lang='grc' dir='ltr'>τὸ</span> <span class='ocrx_word' id='word_1_606' title='bbox 3731 4058 4040 4127; x_wconf 78' lang='grc' dir='ltr'>ἀμύνασθαι</span> 
     </span>
    </p>
   </div>
   <div class='ocr_carea' id='block_1_85' title="bbox 2473 4148 4039 4222">
    <p class='ocr_par' dir='ltr' id='par_1_85' title="bbox 2473 4148 4039 4222">
     <span class='ocr_line' id='line_1_85' title="bbox 2473 4148 4039 4222; baseline -0.001 -18"><span class='ocrx_word' id='word_1_607' title='bbox 2473 4154 2717 4222; x_wconf 84' lang='grc' dir='ltr'>δύναμιν,</span> <span class='ocrx_word' id='word_1_608' title='bbox 2744 4154 2773 4204; x_wconf 97' lang='lat'><strong>6</strong></span> <span class='ocrx_word' id='word_1_609' title='bbox 2812 4151 3121 4221; x_wconf 75' lang='grc' dir='ltr'>διαρπάζων</span> <span class='ocrx_word' id='word_1_610' title='bbox 3164 4152 3241 4213; x_wconf 84' lang='grc' dir='ltr'><strong>είς</strong></span> <span class='ocrx_word' id='word_1_611' title='bbox 3274 4148 3371 4221; x_wconf 78' lang='grc' dir='ltr'><strong>τήν</strong></span> <span class='ocrx_word' id='word_1_612' title='bbox 3415 4148 3813 4218; x_wconf 81' lang='grc' dir='ltr'>αἰχμαλωσίαν,</span> <span class='ocrx_word' id='word_1_613' title='bbox 3846 4152 4039 4222; x_wconf 65' lang='grc' dir='ltr'>ἐχθρὸς</span> 
     </span>
    </p>
   </div>
   <div class='ocr_carea' id='block_1_86' title="bbox 2474 4241 4036 4316">
    <p class='ocr_par' dir='ltr' id='par_1_86' title="bbox 2474 4241 4036 4316">
     <span class='ocr_line' id='line_1_86' title="bbox 2474 4241 4036 4316; baseline 0 -21"><span class='ocrx_word' id='word_1_614' title='bbox 2474 4244 2567 4307; x_wconf 80' lang='grc' dir='ltr'>ὢν,</span> <span class='ocrx_word' id='word_1_615' title='bbox 2613 4246 2709 4316; x_wconf 81' lang='grc' dir='ltr'><strong>ήδη</strong></span> <span class='ocrx_word' id='word_1_616' title='bbox 2762 4244 3055 4297; x_wconf 76' lang='grc' dir='ltr'>κατέϐαλεν</span> <span class='ocrx_word' id='word_1_617' title='bbox 3107 4245 3186 4307; x_wconf 90' lang='grc' dir='ltr'><strong>είς</strong></span> <span class='ocrx_word' id='word_1_618' title='bbox 3242 4244 3301 4295; x_wconf 78' lang='grc' dir='ltr'>τὸ</span> <span class='ocrx_word' id='word_1_619' title='bbox 3346 4242 3472 4294; x_wconf 76' lang='grc' dir='ltr'>ἴδιον</span> <span class='ocrx_word' id='word_1_620' title='bbox 3521 4241 3686 4294; x_wconf 78' lang='grc' dir='ltr'>αὑτοῦ</span> <span class='ocrx_word' id='word_1_621' title='bbox 3735 4242 4036 4313; x_wconf 82' lang='grc' dir='ltr'>ὀχύρωμα,</span> 
     </span>
    </p>
   </div>
   <div class='ocr_carea' id='block_1_87' title="bbox 2474 4334 4037 4408">
    <p class='ocr_par' dir='ltr' id='par_1_87' title="bbox 2474 4334 4037 4408">
     <span class='ocr_line' id='line_1_87' title="bbox 2474 4334 4037 4408; baseline -0.002 -19"><span class='ocrx_word' id='word_1_622' title='bbox 2474 4337 2566 4389; x_wconf 66' lang='grc' dir='ltr'><strong>καὶ</strong></span> <span class='ocrx_word' id='word_1_623' title='bbox 2614 4340 2892 4408; x_wconf 85' lang='grc' dir='ltr'>παρέδωκε</span> <span class='ocrx_word' id='word_1_624' title='bbox 2934 4336 3009 4405; x_wconf 83' lang='grc' dir='ltr'>τῷ</span> <span class='ocrx_word' id='word_1_625' title='bbox 3049 4336 3259 4402; x_wconf 81' lang='grc' dir='ltr'>Θανάτῳ</span> <span class='ocrx_word' id='word_1_626' title='bbox 3308 4334 3615 4403; x_wconf 87' lang='grc' dir='ltr'>ποιμαίνειν</span> <span class='ocrx_word' id='word_1_627' title='bbox 3666 4335 3798 4397; x_wconf 78' lang='grc' dir='ltr'>(Ιῖ).</span> <span class='ocrx_word' id='word_1_628' title='bbox 3854 4336 4037 4386; x_wconf 78' lang='grc' dir='ltr'>Ἐποί-</span> 
     </span>
    </p>
   </div>
   <div class='ocr_carea' id='block_1_88' title="bbox 2478 4421 4036 4495">
    <p class='ocr_par' dir='ltr' id='par_1_88' title="bbox 2478 4421 4036 4495">
     <span class='ocr_line' id='line_1_88' title="bbox 2478 4421 4036 4495; baseline -0.001 -18"><span class='ocrx_word' id='word_1_629' title='bbox 2478 4443 2632 4494; x_wconf 83' lang='grc' dir='ltr'>μαινε</span> <span class='ocrx_word' id='word_1_630' title='bbox 2680 4426 2786 4495; x_wconf 83' lang='grc' dir='ltr'>γὰρ</span> <span class='ocrx_word' id='word_1_631' title='bbox 2828 4427 2855 4477; x_wconf 90' lang='lat'><strong>6</strong></span> <span class='ocrx_word' id='word_1_632' title='bbox 2891 4424 3115 4486; x_wconf 86' lang='grc' dir='ltr'>θάνατος</span> <span class='ocrx_word' id='word_1_633' title='bbox 3161 4421 3269 4474; x_wconf 85' lang='grc' dir='ltr'><strong>ἀπὸ</strong></span> <span class='ocrx_word' id='word_1_634' title='bbox 3320 4422 3487 4489; x_wconf 77' lang='grc' dir='ltr'>Ἀδὰμ</span> <span class='ocrx_word' id='word_1_635' title='bbox 3538 4422 3698 4489; x_wconf 83' lang='grc' dir='ltr'>μέχρι</span> <span class='ocrx_word' id='word_1_636' title='bbox 3742 4422 3838 4489; x_wconf 78' lang='grc' dir='ltr'>τῆς</span> <span class='ocrx_word' id='word_1_637' title='bbox 3895 4424 4036 4476; x_wconf 77' lang='grc' dir='ltr'>κατὰ</span> 
     </span>
    </p>
   </div>
   <div class='ocr_carea' id='block_1_89' title="bbox 2473 4507 4032 4584">
    <p class='ocr_par' dir='ltr' id='par_1_89' title="bbox 2473 4507 4032 4584">
     <span class='ocr_line' id='line_1_89' title="bbox 2473 4507 4032 4584; baseline -0.005 -14"><span class='ocrx_word' id='word_1_638' title='bbox 2473 4518 2707 4570; x_wconf 81' lang='grc' dir='ltr'>Μωῦσέα</span> <span class='ocrx_word' id='word_1_639' title='bbox 2739 4518 3028 4581; x_wconf 81' lang='grc' dir='ltr'>πολιτείας,</span> <span class='ocrx_word' id='word_1_640' title='bbox 3055 4516 3158 4579; x_wconf 74' lang='grc' dir='ltr'>ἕως</span> <span class='ocrx_word' id='word_1_641' title='bbox 3183 4507 3242 4567; x_wconf 76' lang='grc' dir='ltr'><strong>οὗ</strong></span> <span class='ocrx_word' id='word_1_642' title='bbox 3273 4509 3431 4583; x_wconf 78' lang='grc' dir='ltr'>ἦλθεν</span> <span class='ocrx_word' id='word_1_643' title='bbox 3458 4512 3485 4562; x_wconf 86' lang='grc' dir='ltr'>ὁ</span> <span class='ocrx_word' id='word_1_644' title='bbox 3514 4511 3767 4581; x_wconf 76' lang='grc' dir='ltr'>ἀληθινὸς</span> <span class='ocrx_word' id='word_1_645' title='bbox 3810 4514 4032 4584; x_wconf 70' lang='grc' dir='ltr'>ποιμὴν,</span> 
     </span>
    </p>
   </div>
   <div class='ocr_carea' id='block_1_90' title="bbox 815 4604 2485 4682">
    <p class='ocr_par' dir='ltr' id='par_1_90' title="bbox 815 4606 2485 4682">
     <span class='ocr_line' id='line_1_90' title="bbox 815 4606 2485 4682; baseline 0.002 -24"><span class='ocrx_word' id='word_1_646' title='bbox 815 4606 1002 4659; x_wconf 88' lang='lat' dir='ltr'><strong>ovibus</strong></span> <span class='ocrx_word' id='word_1_647' title='bbox 1023 4606 1200 4674; x_wconf 89' lang='lat' dir='ltr'><strong>posuit</strong></span> <span class='ocrx_word' id='word_1_648' title='bbox 1224 4608 1291 4671; x_wconf 74' lang='grc'><strong>⁸⁷,</strong></span> <span class='ocrx_word' id='word_1_649' title='bbox 1329 4606 1512 4675; x_wconf 90' lang='lat' dir='ltr'><strong>sicque</strong></span> <span class='ocrx_word' id='word_1_650' title='bbox 1546 4619 1638 4658; x_wconf 88' lang='lat' dir='ltr'><strong>eas</strong></span> <span class='ocrx_word' id='word_1_651' title='bbox 1669 4618 1853 4659; x_wconf 90' lang='lat' dir='ltr'><strong>secum</strong></span> <span class='ocrx_word' id='word_1_652' title='bbox 1889 4606 2176 4669; x_wconf 83' lang='lat' dir='ltr'><strong>excitatas,</strong></span> <span class='ocrx_word' id='word_1_653' title='bbox 2212 4615 2263 4659; x_wconf 91' lang='lat' dir='ltr'><strong>et</strong></span> <span class='ocrx_word' id='word_1_654' title='bbox 2302 4621 2366 4659; x_wconf 81' lang='lat' dir='ltr'><strong>ex</strong></span> <span class='ocrx_word' id='word_1_655' title='bbox 2400 4628 2443 4682; x_wconf 78' lang='lat' dir='ltr'><strong>D</strong></span> <span class='ocrx_word' id='word_1_656' title='bbox 2472 4611 2485 4661; x_wconf 75' lang='grc' dir='ltr'>ἑ</span> 
     </span>
    </p>
   </div>
   <div class='ocr_carea' id='block_1_91' title="bbox 2363 4604 4033 4682">
    <p class='ocr_par' dir='ltr' id='par_1_91' title="bbox 2363 4604 4033 4682">
     <span class='ocr_line' id='line_1_91' title="bbox 2363 4604 4033 4682; baseline 0.002 -24"><span class='ocrx_word' id='word_1_657' title='bbox 2363 4624 2366 4658; x_wconf 84' lang='lat'>;</span> <span class='ocrx_word' id='word_1_658' title='bbox 2400 4628 2443 4682; x_wconf 72' lang='grc' dir='ltr'><strong>Ι)</strong></span> <span class='ocrx_word' id='word_1_659' title='bbox 2472 4611 2499 4661; x_wconf 91' lang='lat'><strong>6</strong></span> <span class='ocrx_word' id='word_1_660' title='bbox 2528 4609 2638 4668; x_wconf 76' lang='grc' dir='ltr'>Θεὶς</span> <span class='ocrx_word' id='word_1_661' title='bbox 2669 4609 2766 4678; x_wconf 76' lang='grc' dir='ltr'>τὴν</span> <span class='ocrx_word' id='word_1_662' title='bbox 2808 4610 3001 4662; x_wconf 78' lang='grc' dir='ltr'>ἑαυτοῦ</span> <span class='ocrx_word' id='word_1_663' title='bbox 3033 4610 3208 4679; x_wconf 70' lang='grc' dir='ltr'>ψυχὴν</span> <span class='ocrx_word' id='word_1_664' title='bbox 3253 4607 3392 4677; x_wconf 80' lang='grc' dir='ltr'>ὑπὲρ</span> <span class='ocrx_word' id='word_1_665' title='bbox 3441 4604 3548 4657; x_wconf 84' lang='grc' dir='ltr'><strong>τῶν</strong></span> <span class='ocrx_word' id='word_1_666' title='bbox 3590 4605 3895 4676; x_wconf 74' lang='grc' dir='ltr'>προϐάτων,</span> <span class='ocrx_word' id='word_1_667' title='bbox 3942 4611 4033 4661; x_wconf 78' lang='grc' dir='ltr'>καὶ</span> 
     </span>
    </p>
   </div>
   <div class='ocr_carea' id='block_1_92' title="bbox 814 4698 2362 4753">
    <p class='ocr_par' dir='ltr' id='par_1_92' title="bbox 814 4698 2362 4753">
     <span class='ocr_line' id='line_1_92' title="bbox 814 4698 2362 4753; baseline 0.001 -3"><span class='ocrx_word' id='word_1_668' title='bbox 814 4698 1007 4753; x_wconf 81' lang='lat' dir='ltr'><strong>inferni</strong></span> <span class='ocrx_word' id='word_1_669' title='bbox 1048 4712 1268 4753; x_wconf 89' lang='lat' dir='ltr'><strong>carcere</strong></span> <span class='ocrx_word' id='word_1_670' title='bbox 1311 4699 1377 4752; x_wconf 91' lang='lat' dir='ltr'><strong>ad</strong></span> <span class='ocrx_word' id='word_1_671' title='bbox 1411 4698 1823 4753; x_wconf 89' lang='lat' dir='ltr'><strong>resurrectionis</strong></span> <span class='ocrx_word' id='word_1_672' title='bbox 1864 4698 2182 4751; x_wconf 89' lang='lat' dir='ltr'><strong>matutinum</strong></span> <span class='ocrx_word' id='word_1_673' title='bbox 2232 4699 2362 4751; x_wconf 88' lang='lat' dir='ltr'><strong>edu-</strong></span> 
     </span>
    </p>
   </div>
   <div class='ocr_carea' id='block_1_93' title="bbox 879 4827 2549 4895">
    <p class='ocr_par' dir='ltr' id='par_1_93' title="bbox 879 4827 2539 4895">
     <span class='ocr_line' id='line_1_93' title="bbox 879 4827 2539 4895; baseline 0.001 -12"><span class='ocrx_word' id='word_1_674' title='bbox 879 4832 925 4863; x_wconf 76' lang='grc'><strong>⁸⁸</strong></span> <span class='ocrx_word' id='word_1_675' title='bbox 950 4831 1146 4885; x_wconf 85' lang='lat' dir='ltr'><strong>.lerem.</strong></span> <span class='ocrx_word' id='word_1_676' title='bbox 1185 4848 1233 4895; x_wconf 83' lang='grc' dir='ltr'><strong>ν,</strong></span> <span class='ocrx_word' id='word_1_677' title='bbox 1270 4831 1323 4886; x_wconf 85' lang='grc'>8.</span> <span class='ocrx_word' id='word_1_678' title='bbox 1399 4831 1442 4862; x_wconf 75' lang='grc'><strong>⁸³</strong></span> <span class='ocrx_word' id='word_1_679' title='bbox 1469 4830 1664 4884; x_wconf 81' lang='lat' dir='ltr'><strong>Ezech.</strong></span> <span class='ocrx_word' id='word_1_680' title='bbox 1691 4846 1816 4891; x_wconf 67' lang='grc' dir='ltr'>χιιι,</span> <span class='ocrx_word' id='word_1_681' title='bbox 1846 4828 1933 4881; x_wconf 81' lang='lat'><strong>9.7.</strong></span> <span class='ocrx_word' id='word_1_682' title='bbox 2010 4827 2054 4858; x_wconf 84' lang='grc'><strong>⁹⁰</strong></span> <span class='ocrx_word' id='word_1_683' title='bbox 2085 4829 2279 4881; x_wconf 72' lang='lat' dir='ltr'><strong>Ezech.</strong></span> <span class='ocrx_word' id='word_1_684' title='bbox 2305 4845 2421 4890; x_wconf 79' lang='lat' dir='ltr'><strong>xm.</strong></span> <span class='ocrx_word' id='word_1_685' title='bbox 2470 4833 2539 4892; x_wconf 61' lang='grc' dir='ltr'><strong>ις</strong></span> 
     </span>
    </p>
   </div>
   <div class='ocr_carea' id='block_1_94' title="bbox 1811 4827 3481 4895">
    <p class='ocr_par' dir='ltr' id='par_1_94' title="bbox 1811 4827 3481 4894">
     <span class='ocr_line' id='line_1_94' title="bbox 1811 4827 3481 4894; baseline 0.003 -13"><span class='ocrx_word' id='word_1_686' title='bbox 1811 4828 1933 4890; x_wconf 74' lang='lat'><strong>.27.</strong></span> <span class='ocrx_word' id='word_1_687' title='bbox 2010 4827 2054 4858; x_wconf 83' lang='grc'><strong>⁹⁰</strong></span> <span class='ocrx_word' id='word_1_688' title='bbox 2085 4829 2279 4881; x_wconf 69' lang='lat' dir='ltr'><strong>Ezech.</strong></span> <span class='ocrx_word' id='word_1_689' title='bbox 2305 4845 2421 4890; x_wconf 79' lang='lat' dir='ltr'><strong>xm.</strong></span> <span class='ocrx_word' id='word_1_690' title='bbox 2470 4833 2539 4892; x_wconf 61' lang='grc' dir='ltr'><strong>ις</strong></span> <span class='ocrx_word' id='word_1_691' title='bbox 2580 4832 2706 4885; x_wconf 69' lang='lat' dir='ltr'><strong>Luc.</strong></span> <span class='ocrx_word' id='word_1_692' title='bbox 2743 4850 2859 4889; x_wconf 65' lang='grc' dir='ltr'>χιιι.</span> <span class='ocrx_word' id='word_1_693' title='bbox 2900 4833 2989 4887; x_wconf 69' lang='lat'><strong>&#39;52.</strong></span> <span class='ocrx_word' id='word_1_694' title='bbox 3064 4833 3106 4863; x_wconf 79' lang='grc'>⁹¹</span> <span class='ocrx_word' id='word_1_695' title='bbox 3136 4829 3287 4883; x_wconf 77' lang='lat' dir='ltr'><strong>Joan.</strong></span> <span class='ocrx_word' id='word_1_696' title='bbox 3322 4846 3362 4894; x_wconf 94' lang='grc' dir='ltr'><strong>ι,</strong></span> <span class='ocrx_word' id='word_1_697' title='bbox 3398 4832 3481 4886; x_wconf 77' lang='grc' dir='ltr'>Η.</span> 
     </span>
    </p>
   </div>
   <div class='ocr_carea' id='block_1_95' title="bbox 2472 4698 4031 4771">
    <p class='ocr_par' dir='ltr' id='par_1_95' title="bbox 2472 4698 4031 4771">
     <span class='ocr_line' id='line_1_95' title="bbox 2472 4698 4031 4771; baseline 0 -18"><span class='ocrx_word' id='word_1_698' title='bbox 2472 4700 2643 4766; x_wconf 70' lang='grc' dir='ltr'>οὕτως</span> <span class='ocrx_word' id='word_1_699' title='bbox 2687 4702 2863 4771; x_wconf 80' lang='grc' dir='ltr'>ἐαυτῷ</span> <span class='ocrx_word' id='word_1_700' title='bbox 2910 4703 3313 4769; x_wconf 78' lang='grc' dir='ltr'>συναναστήσας</span> <span class='ocrx_word' id='word_1_701' title='bbox 3360 4699 3452 4753; x_wconf 72' lang='grc' dir='ltr'><strong>καὶ</strong></span> <span class='ocrx_word' id='word_1_702' title='bbox 3497 4698 3777 4767; x_wconf 77' lang='grc' dir='ltr'>ἐξαγαγὼν</span> <span class='ocrx_word' id='word_1_703' title='bbox 3830 4701 3893 4753; x_wconf 83' lang='grc' dir='ltr'>ὲκ</span> <span class='ocrx_word' id='word_1_704' title='bbox 3935 4702 4031 4769; x_wconf 74' lang='grc' dir='ltr'>τῆς</span> 
     </span>
    </p>
   </div>
   <div class='ocr_carea' id='block_1_96' title="bbox 3566 4828 4027 4897">
    <p class='ocr_par' dir='ltr' id='par_1_96' title="bbox 3566 4828 4027 4897">
     <span class='ocr_line' id='line_1_96' title="bbox 3566 4828 4027 4897; baseline 0.004 -16"><span class='ocrx_word' id='word_1_705' title='bbox 3566 4832 3611 4862; x_wconf 83' lang='grc'><strong>⁹¹</strong></span> <span class='ocrx_word' id='word_1_706' title='bbox 3652 4828 3847 4897; x_wconf 85' lang='lat' dir='ltr'><strong>Philip.</strong></span> <span class='ocrx_word' id='word_1_707' title='bbox 3880 4847 3938 4893; x_wconf 84' lang='grc' dir='ltr'><strong>ιι,</strong></span> <span class='ocrx_word' id='word_1_708' title='bbox 3976 4832 4027 4883; x_wconf 86' lang='grc'>8.</span> 
     </span>
    </p>
   </div>
   <div class='ocr_carea' id='block_1_97' title="bbox 806 4899 2476 4965">
    <p class='ocr_par' dir='ltr' id='par_1_97' title="bbox 806 4899 2476 4963">
     <span class='ocr_line' id='line_1_97' title="bbox 806 4899 2476 4963; baseline 0 -9"><span class='ocrx_word' id='word_1_709' title='bbox 806 4901 853 4934; x_wconf 80' lang='grc'><strong>⁸³</strong></span> <span class='ocrx_word' id='word_1_710' title='bbox 880 4903 1029 4955; x_wconf 72' lang='lat' dir='ltr'><strong>Itotn.</strong></span> <span class='ocrx_word' id='word_1_711' title='bbox 1069 4918 1121 4960; x_wconf 75' lang='grc' dir='ltr'><strong>ιι.</strong></span> <span class='ocrx_word' id='word_1_712' title='bbox 1160 4904 1245 4953; x_wconf 83' lang='grc' dir='ltr'>1υ.</span> <span class='ocrx_word' id='word_1_713' title='bbox 1319 4901 1365 4931; x_wconf 58' lang='grc'><strong>⁸⁸</strong></span> <span class='ocrx_word' id='word_1_714' title='bbox 1396 4904 1511 4953; x_wconf 81' lang='lat' dir='ltr'><strong>Act.</strong></span> <span class='ocrx_word' id='word_1_715' title='bbox 1543 4915 1670 4963; x_wconf 87' lang='lat' dir='ltr'><strong>vm,</strong></span> <span class='ocrx_word' id='word_1_716' title='bbox 1701 4902 1753 4952; x_wconf 79' lang='grc'>5.</span> <span class='ocrx_word' id='word_1_717' title='bbox 1830 4900 1873 4929; x_wconf 74' lang='grc'><strong>⁵⁵</strong></span> <span class='ocrx_word' id='word_1_718' title='bbox 1912 4900 2025 4951; x_wconf 85' lang='lat' dir='ltr'><strong>Act.</strong></span> <span class='ocrx_word' id='word_1_719' title='bbox 2062 4914 2145 4962; x_wconf 70' lang='grc' dir='ltr'>ιχ,</span> <span class='ocrx_word' id='word_1_720' title='bbox 2176 4899 2265 4952; x_wconf 71' lang='grc'><strong>22.</strong></span> <span class='ocrx_word' id='word_1_721' title='bbox 2340 4901 2385 4931; x_wconf 70' lang='grc'><strong>’⁸</strong></span> <span class='ocrx_word' id='word_1_722' title='bbox 2419 4902 2476 4955; x_wconf 79' lang='lat' dir='ltr'><strong>Rt</strong></span> 
     </span>
    </p>
   </div>
   <div class='ocr_carea' id='block_1_98' title="bbox 1622 4899 3292 4965">
    <p class='ocr_par' dir='ltr' id='par_1_98' title="bbox 1622 4899 3292 4965">
     <span class='ocr_line' id='line_1_98' title="bbox 1622 4899 3292 4965; baseline 0.001 -13"><span class='ocrx_word' id='word_1_723' title='bbox 1622 4915 1670 4963; x_wconf 92' lang='grc' dir='ltr'><strong>ι,</strong></span> <span class='ocrx_word' id='word_1_724' title='bbox 1701 4902 1753 4952; x_wconf 80' lang='grc'>5.</span> <span class='ocrx_word' id='word_1_725' title='bbox 1830 4900 1873 4929; x_wconf 73' lang='grc'><strong>⁵⁵</strong></span> <span class='ocrx_word' id='word_1_726' title='bbox 1912 4900 2025 4951; x_wconf 85' lang='lat' dir='ltr'><strong>Act.</strong></span> <span class='ocrx_word' id='word_1_727' title='bbox 2062 4914 2145 4962; x_wconf 71' lang='grc' dir='ltr'>ιχ,</span> <span class='ocrx_word' id='word_1_728' title='bbox 2176 4899 2265 4952; x_wconf 72' lang='grc'><strong>22.</strong></span> <span class='ocrx_word' id='word_1_729' title='bbox 2340 4901 2385 4931; x_wconf 72' lang='grc'>’⁸</span> <span class='ocrx_word' id='word_1_730' title='bbox 2419 4902 2570 4955; x_wconf 79' lang='lat' dir='ltr'><strong>Rom.</strong></span> <span class='ocrx_word' id='word_1_731' title='bbox 2610 4919 2657 4965; x_wconf 79' lang='grc' dir='ltr'><strong>ν,</strong></span> <span class='ocrx_word' id='word_1_732' title='bbox 2691 4904 2775 4956; x_wconf 77' lang='grc' dir='ltr'>Η.</span> <span class='ocrx_word' id='word_1_733' title='bbox 2847 4904 2889 4933; x_wconf 75' lang='grc'><strong>’⁷</strong></span> <span class='ocrx_word' id='word_1_734' title='bbox 2924 4902 3076 4955; x_wconf 83' lang='lat' dir='ltr'><strong>Joan.</strong></span> <span class='ocrx_word' id='word_1_735' title='bbox 3114 4917 3178 4965; x_wconf 76' lang='grc' dir='ltr'>χ,</span> <span class='ocrx_word' id='word_1_736' title='bbox 3210 4900 3292 4953; x_wconf 84' lang='grc'><strong>15.</strong></span> 
     </span>
    </p>
   </div>
   <div class='ocr_carea' id='block_1_99' title="bbox 877 5034 1841 5105">
    <p class='ocr_par' dir='ltr' id='par_1_99' title="bbox 877 5034 1841 5105">
     <span class='ocr_line' id='line_1_99' title="bbox 877 5034 1841 5105; baseline -0.003 -17"><span class='ocrx_word' id='word_1_737' title='bbox 877 5038 952 5105; x_wconf 75' lang='grc'><strong>(7)</strong></span> <span class='ocrx_word' id='word_1_738' title='bbox 986 5036 1138 5089; x_wconf 87' lang='lat' dir='ltr'><strong>Deest</strong></span> <span class='ocrx_word' id='word_1_739' title='bbox 1170 5034 1225 5087; x_wconf 86' lang='grc' dir='ltr'>δέ</span> <span class='ocrx_word' id='word_1_740' title='bbox 1265 5035 1315 5087; x_wconf 86' lang='grc' dir='ltr'>ἰη</span> <span class='ocrx_word' id='word_1_741' title='bbox 1343 5049 1473 5088; x_wconf 92' lang='lat' dir='ltr'><strong>mss.</strong></span> <span class='ocrx_word' id='word_1_742' title='bbox 1510 5050 1612 5105; x_wconf 88' lang='lat' dir='ltr'><strong>non</strong></span> <span class='ocrx_word' id='word_1_743' title='bbox 1638 5034 1841 5105; x_wconf 90' lang='lat' dir='ltr'><strong>paucis.</strong></span> 
     </span>
    </p>
   </div>
   <div class='ocr_carea' id='block_1_100' title="bbox 878 5104 2357 5174">
    <p class='ocr_par' dir='ltr' id='par_1_100' title="bbox 878 5104 2357 5174">
     <span class='ocr_line' id='line_1_100' title="bbox 878 5104 2357 5174; baseline -0.001 -13"><span class='ocrx_word' id='word_1_744' title='bbox 878 5104 952 5174; x_wconf 79' lang='lat'><strong>(8)</strong></span> <span class='ocrx_word' id='word_1_745' title='bbox 988 5107 1063 5159; x_wconf 85' lang='lat' dir='ltr'><strong>Ita</strong></span> <span class='ocrx_word' id='word_1_746' title='bbox 1090 5106 1215 5160; x_wconf 87' lang='lat' dir='ltr'><strong>editi</strong></span> <span class='ocrx_word' id='word_1_747' title='bbox 1252 5120 1371 5159; x_wconf 90' lang='lat' dir='ltr'><strong>cum</strong></span> <span class='ocrx_word' id='word_1_748' title='bbox 1400 5106 1517 5159; x_wconf 91' lang='lat' dir='ltr'><strong>solo</strong></span> <span class='ocrx_word' id='word_1_749' title='bbox 1553 5104 1703 5159; x_wconf 85' lang='lat' dir='ltr'><strong>Colb.</strong></span> <span class='ocrx_word' id='word_1_750' title='bbox 1727 5104 1973 5171; x_wconf 89' lang='lat' dir='ltr'><strong>septimo.</strong></span> <span class='ocrx_word' id='word_1_751' title='bbox 2010 5104 2079 5157; x_wconf 81' lang='lat' dir='ltr'><strong>At</strong></span> <span class='ocrx_word' id='word_1_752' title='bbox 2124 5104 2212 5158; x_wconf 86' lang='lat' dir='ltr'><strong>alii</strong></span> <span class='ocrx_word' id='word_1_753' title='bbox 2268 5105 2357 5160; x_wconf 79' lang='lat' dir='ltr'><strong>de~</strong></span> 
     </span>
    </p>
   </div>
   <div class='ocr_carea' id='block_1_101' title="bbox 807 5174 1574 5245">
    <p class='ocr_par' dir='ltr' id='par_1_101' title="bbox 807 5174 1574 5245">
     <span class='ocr_line' id='line_1_101' title="bbox 807 5174 1574 5245; baseline 0 -19"><span class='ocrx_word' id='word_1_754' title='bbox 807 5189 919 5245; x_wconf 88' lang='lat' dir='ltr'><strong>cem</strong></span> <span class='ocrx_word' id='word_1_755' title='bbox 952 5191 1078 5229; x_wconf 85' lang='lat' dir='ltr'><strong>mss.</strong></span> <span class='ocrx_word' id='word_1_756' title='bbox 1103 5177 1241 5229; x_wconf 87' lang='grc' dir='ltr'>νοεῖν</span> <span class='ocrx_word' id='word_1_757' title='bbox 1278 5174 1574 5245; x_wconf 83' lang='grc' dir='ltr'>βουληθείς.</span> 
     </span>
    </p>
   </div>
   <div class='ocr_carea' id='block_1_102' title="bbox 880 5244 1955 5330">
    <p class='ocr_par' dir='ltr' id='par_1_102' title="bbox 880 5244 1955 5330">
     <span class='ocr_line' id='line_1_102' title="bbox 880 5244 1955 5330; baseline 0.002 -33"><span class='ocrx_word' id='word_1_758' title='bbox 880 5244 1189 5330; x_wconf 30' lang='lat' dir='ltr'><strong>filli‘lta‘seu</strong></span> <span class='ocrx_word' id='word_1_759' title='bbox 1215 5261 1343 5330; x_wconf 75' lang='lat' dir='ltr'><strong>mss.</strong></span> <span class='ocrx_word' id='word_1_760' title='bbox 1376 5246 1514 5325; x_wconf 77' lang='lat' dir='ltr'><strong>Editi</strong></span> <span class='ocrx_word' id='word_1_761' title='bbox 1548 5258 1669 5330; x_wconf 81' lang='lat' dir='ltr'><strong>vero</strong></span> <span class='ocrx_word' id='word_1_762' title='bbox 1701 5245 1773 5316; x_wconf 83' lang='grc' dir='ltr'>μὴ</span> <span class='ocrx_word' id='word_1_763' title='bbox 1808 5245 1955 5330; x_wconf 68' lang='grc' dir='ltr'>γίνη.</span> 
     </span>
    </p>
   </div>
   <div class='ocr_carea' id='block_1_103' title="bbox 877 5314 2354 5385">
    <p class='ocr_par' dir='ltr' id='par_1_103' title="bbox 877 5314 2354 5385">
     <span class='ocr_line' id='line_1_103' title="bbox 877 5314 2354 5385; baseline 0.002 -20"><span class='ocrx_word' id='word_1_764' title='bbox 877 5314 989 5383; x_wconf 80' lang='grc'><strong>(10)</strong></span> <span class='ocrx_word' id='word_1_765' title='bbox 1039 5316 1324 5385; x_wconf 75' lang='lat' dir='ltr'><strong>Colbertiui</strong></span> <span class='ocrx_word' id='word_1_766' title='bbox 1384 5316 1586 5379; x_wconf 89' lang='lat' dir='ltr'><strong>primus</strong></span> <span class='ocrx_word' id='word_1_767' title='bbox 1612 5325 1665 5366; x_wconf 89' lang='lat' dir='ltr'><strong>et</strong></span> <span class='ocrx_word' id='word_1_768' title='bbox 1702 5314 1889 5370; x_wconf 67' lang='lat' dir='ltr'><strong>sextus</strong></span> <span class='ocrx_word' id='word_1_769' title='bbox 1910 5314 2129 5385; x_wconf 85' lang='grc' dir='ltr'>δρόμον,</span> <span class='ocrx_word' id='word_1_770' title='bbox 2174 5316 2231 5368; x_wconf 86' lang='grc' dir='ltr'>ὂν</span> <span class='ocrx_word' id='word_1_771' title='bbox 2262 5316 2354 5368; x_wconf 70' lang='grc' dir='ltr'>ἐπὶ</span> 
     </span>
    </p>
   </div>
   <div class='ocr_carea' id='block_1_104' title="bbox 804 5383 2359 5457">
    <p class='ocr_par' dir='ltr' id='par_1_104' title="bbox 804 5383 2359 5457">
     <span class='ocr_line' id='line_1_104' title="bbox 804 5383 2359 5457; baseline 0.001 -19"><span class='ocrx_word' id='word_1_772' title='bbox 804 5386 899 5457; x_wconf 79' lang='grc' dir='ltr'>τὴν</span> <span class='ocrx_word' id='word_1_773' title='bbox 934 5383 1193 5457; x_wconf 84' lang='grc' dir='ltr'>πονηρίαν</span> <span class='ocrx_word' id='word_1_774' title='bbox 1241 5385 1429 5454; x_wconf 80' lang='grc' dir='ltr'>ἔτρεχε</span> <span class='ocrx_word' id='word_1_775' title='bbox 1458 5402 1471 5437; x_wconf 89' lang='lat'><strong>:</strong></span> <span class='ocrx_word' id='word_1_776' title='bbox 1505 5386 1646 5457; x_wconf 86' lang='lat' dir='ltr'><strong>quod</strong></span> <span class='ocrx_word' id='word_1_777' title='bbox 1682 5388 1807 5457; x_wconf 84' lang='lat' dir='ltr'><strong>quin</strong></span> <span class='ocrx_word' id='word_1_778' title='bbox 1832 5401 1895 5457; x_wconf 63' lang='lat' dir='ltr'><strong>ex</strong></span> <span class='ocrx_word' id='word_1_779' title='bbox 1944 5383 2123 5455; x_wconf 73' lang='lat' dir='ltr'><strong>aliquo</strong></span> <span class='ocrx_word' id='word_1_780' title='bbox 2154 5386 2359 5455; x_wconf 81' lang='lat' dir='ltr'><strong>glosse-</strong></span> 
     </span>
    </p>
   </div>
   <div class='ocr_carea' id='block_1_105' title="bbox 806 5456 1967 5521">
    <p class='ocr_par' dir='ltr' id='par_1_105' title="bbox 806 5456 1967 5521">
     <span class='ocr_line' id='line_1_105' title="bbox 806 5456 1967 5521; baseline 0 -15"><span class='ocrx_word' id='word_1_781' title='bbox 806 5465 945 5507; x_wconf 78' lang='lat' dir='ltr'><strong>mate</strong></span> <span class='ocrx_word' id='word_1_782' title='bbox 978 5456 1028 5507; x_wconf 90' lang='lat' dir='ltr'><strong>in</strong></span> <span class='ocrx_word' id='word_1_783' title='bbox 1055 5464 1254 5506; x_wconf 83' lang='lat' dir='ltr'><strong>textum</strong></span> <span class='ocrx_word' id='word_1_784' title='bbox 1289 5456 1581 5521; x_wconf 86' lang='lat' dir='ltr'><strong>irrepseril,</strong></span> <span class='ocrx_word' id='word_1_785' title='bbox 1626 5472 1727 5509; x_wconf 91' lang='lat' dir='ltr'><strong>non</strong></span> <span class='ocrx_word' id='word_1_786' title='bbox 1766 5456 1967 5509; x_wconf 90' lang='lat' dir='ltr'><strong>dubito.</strong></span> 
     </span>
    </p>
   </div>
   <div class='ocr_carea' id='block_1_106' title="bbox 874 5522 2350 5593">
    <p class='ocr_par' dir='ltr' id='par_1_106' title="bbox 874 5522 2350 5593">
     <span class='ocr_line' id='line_1_106' title="bbox 874 5522 2350 5593; baseline -0.001 -15"><span class='ocrx_word' id='word_1_787' title='bbox 874 5526 987 5592; x_wconf 84' lang='grc' dir='ltr'><strong>(Η)</strong></span> <span class='ocrx_word' id='word_1_788' title='bbox 1018 5525 1168 5591; x_wconf 84' lang='lat' dir='ltr'><strong>Apud</strong></span> <span class='ocrx_word' id='word_1_789' title='bbox 1194 5522 1334 5576; x_wconf 82' lang='lat' dir='ltr'><strong>LXX</strong></span> <span class='ocrx_word' id='word_1_790' title='bbox 1364 5540 1457 5591; x_wconf 91' lang='lat' dir='ltr'><strong>pro</strong></span> <span class='ocrx_word' id='word_1_791' title='bbox 1488 5522 1666 5587; x_wconf 73' lang='grc' dir='ltr'>ἔθετο,</span> <span class='ocrx_word' id='word_1_792' title='bbox 1692 5528 1882 5591; x_wconf 80' lang='lat' dir='ltr'><strong>posuit,</strong></span> <span class='ocrx_word' id='word_1_793' title='bbox 1916 5524 2107 5593; x_wconf 82' lang='lat' dir='ltr'><strong>legitur</strong></span> <span class='ocrx_word' id='word_1_794' title='bbox 2148 5526 2350 5589; x_wconf 79' lang='grc' dir='ltr'>ἔθεντο,</span> 
     </span>
    </p>
   </div>
   <div class='ocr_carea' id='block_1_107' title="bbox 802 5594 2355 5666">
    <p class='ocr_par' dir='ltr' id='par_1_107' title="bbox 802 5594 2355 5666">
     <span class='ocr_line' id='line_1_107' title="bbox 802 5594 2355 5666; baseline -0.001 -19"><span class='ocrx_word' id='word_1_795' title='bbox 802 5596 955 5659; x_wconf 76' lang='lat' dir='ltr'><strong>positi</strong></span> <span class='ocrx_word' id='word_1_796' title='bbox 983 5596 1372 5666; x_wconf 36' lang='grc' dir='ltr'>ομνια-ηεροδ</span> <span class='ocrx_word' id='word_1_797' title='bbox 1403 5594 1486 5666; x_wconf 87' lang='lat' dir='ltr'><strong>eis</strong></span> <span class='ocrx_word' id='word_1_798' title='bbox 1522 5594 1780 5666; x_wconf 29' lang='lat' dir='ltr'><strong>‘dissentit</strong></span> <span class='ocrx_word' id='word_1_799' title='bbox 1815 5594 2056 5666; x_wconf 79' lang='lat' dir='ltr'><strong>Vulgata.</strong></span> <span class='ocrx_word' id='word_1_800' title='bbox 2116 5596 2355 5666; x_wconf 81' lang='lat' dir='ltr'><strong>Symma-</strong></span> 
     </span>
    </p>
   </div>
   <div class='ocr_carea' id='block_1_108' title="bbox 803 5662 2353 5730">
    <p class='ocr_par' dir='ltr' id='par_1_108' title="bbox 803 5662 2353 5730">
     <span class='ocr_line' id='line_1_108' title="bbox 803 5662 2353 5730; baseline 0.003 -15"><span class='ocrx_word' id='word_1_801' title='bbox 803 5667 955 5725; x_wconf 83' lang='lat' dir='ltr'><strong>chus,</strong></span> <span class='ocrx_word' id='word_1_802' title='bbox 1005 5664 1048 5717; x_wconf 89' lang='lat' dir='ltr'><strong>si</strong></span> <span class='ocrx_word' id='word_1_803' title='bbox 1100 5662 1309 5715; x_wconf 81' lang='lat' dir='ltr'><strong>Nobilio</strong></span> <span class='ocrx_word' id='word_1_804' title='bbox 1348 5662 1477 5715; x_wconf 83' lang='lat' dir='ltr'><strong>fides</strong></span> <span class='ocrx_word' id='word_1_805' title='bbox 1522 5663 1797 5726; x_wconf 85' lang='lat' dir='ltr'><strong>habeatur,</strong></span> <span class='ocrx_word' id='word_1_806' title='bbox 1852 5662 1935 5716; x_wconf 14' lang='lat' dir='ltr'><strong>ita,</strong></span> <span class='ocrx_word' id='word_1_807' title='bbox 1970 5662 2353 5730; x_wconf 73' lang='lat' dir='ltr'><strong>interpretatus</strong></span> 
     </span>
    </p>
   </div>
   <div class='ocr_carea' id='block_1_109' title="bbox 800 5732 2348 5803">
    <p class='ocr_par' dir='ltr' id='par_1_109' title="bbox 800 5732 2348 5803">
     <span class='ocr_line' id='line_1_109' title="bbox 800 5732 2348 5803; baseline 0.001 -18"><span class='ocrx_word' id='word_1_808' title='bbox 800 5744 898 5793; x_wconf 80' lang='lat' dir='ltr'><strong>est,</strong></span> <span class='ocrx_word' id='word_1_809' title='bbox 928 5734 1000 5795; x_wconf 78' lang='grc' dir='ltr'>ὡς</span> <span class='ocrx_word' id='word_1_810' title='bbox 1024 5734 1336 5803; x_wconf 79' lang='grc' dir='ltr'>βοσκήματα</span> <span class='ocrx_word' id='word_1_811' title='bbox 1366 5733 1489 5803; x_wconf 74' lang='grc' dir='ltr'>ᾅδου</span> <span class='ocrx_word' id='word_1_812' title='bbox 1521 5732 1701 5795; x_wconf 79' lang='grc' dir='ltr'>ἔταξεν</span> <span class='ocrx_word' id='word_1_813' title='bbox 1732 5735 1947 5797; x_wconf 83' lang='grc' dir='ltr'>αύτούς,</span> <span class='ocrx_word' id='word_1_814' title='bbox 1985 5734 2130 5786; x_wconf 82' lang='lat' dir='ltr'><strong>Sicut</strong></span> <span class='ocrx_word' id='word_1_815' title='bbox 2165 5752 2348 5801; x_wconf 88' lang='lat' dir='ltr'><strong>pecora</strong></span> 
     </span>
    </p>
   </div>
   <div class='ocr_carea' id='block_1_110' title="bbox 799 5804 2343 5859">
    <p class='ocr_par' dir='ltr' id='par_1_110' title="bbox 799 5804 2343 5859">
     <span class='ocr_line' id='line_1_110' title="bbox 799 5804 2343 5859; baseline 0.001 -4"><span class='ocrx_word' id='word_1_816' title='bbox 799 5805 989 5859; x_wconf 78' lang='lat' dir='ltr'><strong>inferni</strong></span> <span class='ocrx_word' id='word_1_817' title='bbox 1040 5806 1301 5855; x_wconf 77' lang='lat' dir='ltr'><strong>constituit</strong></span> <span class='ocrx_word' id='word_1_818' title='bbox 1354 5822 1457 5858; x_wconf 75' lang='lat' dir='ltr'><strong>eos.</strong></span> <span class='ocrx_word' id='word_1_819' title='bbox 1501 5804 1603 5855; x_wconf 72' lang='lat' dir='ltr'><strong>Sed</strong></span> <span class='ocrx_word' id='word_1_820' title='bbox 1671 5806 1823 5857; x_wconf 87' lang='lat' dir='ltr'><strong>facile</strong></span> <span class='ocrx_word' id='word_1_821' title='bbox 1870 5806 2187 5857; x_wconf 87' lang='lat' dir='ltr'><strong>crediderim</strong></span> <span class='ocrx_word' id='word_1_822' title='bbox 2224 5821 2343 5857; x_wconf 84' lang='lat' dir='ltr'><strong>eum</strong></span> 
     </span>
    </p>
   </div>
   <div class='ocr_carea' id='block_1_111' title="bbox 800 5873 2341 5943">
    <p class='ocr_par' dir='ltr' id='par_1_111' title="bbox 800 5873 2341 5943">
     <span class='ocr_line' id='line_1_111' title="bbox 800 5873 2341 5943; baseline 0.001 -19"><span class='ocrx_word' id='word_1_823' title='bbox 800 5878 927 5937; x_wconf 56' lang='lat' dir='ltr'><strong>Iulli,</strong></span> <span class='ocrx_word' id='word_1_824' title='bbox 958 5884 1111 5943; x_wconf 82' lang='lat' dir='ltr'><strong>atque</strong></span> <span class='ocrx_word' id='word_1_825' title='bbox 1140 5892 1232 5941; x_wconf 73' lang='lat' dir='ltr'><strong>pro</strong></span> <span class='ocrx_word' id='word_1_826' title='bbox 1266 5874 1447 5937; x_wconf 74' lang='grc' dir='ltr'>ἔταξεν</span> <span class='ocrx_word' id='word_1_827' title='bbox 1472 5873 1661 5935; x_wconf 70' lang='grc' dir='ltr'>αὐτούς</span> <span class='ocrx_word' id='word_1_828' title='bbox 1697 5876 1971 5943; x_wconf 80' lang='lat' dir='ltr'><strong>legendum</strong></span> <span class='ocrx_word' id='word_1_829' title='bbox 2004 5890 2119 5927; x_wconf 82' lang='lat' dir='ltr'><strong>esse</strong></span> <span class='ocrx_word' id='word_1_830' title='bbox 2149 5874 2341 5936; x_wconf 76' lang='grc' dir='ltr'>ἔταξαν</span> 
     </span>
    </p>
   </div>
   <div class='ocr_carea' id='block_1_112' title="bbox 2466 5033 4028 5105">
    <p class='ocr_par' dir='ltr' id='par_1_112' title="bbox 2466 5033 4028 5105">
     <span class='ocr_line' id='line_1_112' title="bbox 2466 5033 4028 5105; baseline 0 -18"><span class='ocrx_word' id='word_1_831' title='bbox 2466 5042 2709 5101; x_wconf 77' lang='grc' dir='ltr'>εαυτους,</span> <span class='ocrx_word' id='word_1_832' title='bbox 2742 5041 3129 5091; x_wconf 76' lang='lat' dir='ltr'><strong>Lonstitueruttt</strong></span> <span class='ocrx_word' id='word_1_833' title='bbox 3162 5054 3214 5090; x_wconf 83' lang='lat' dir='ltr'><strong>se</strong></span> <span class='ocrx_word' id='word_1_834' title='bbox 3261 5037 3424 5105; x_wconf 75' lang='lat' dir='ltr'><strong>ipsos.</strong></span> <span class='ocrx_word' id='word_1_835' title='bbox 3470 5033 3600 5087; x_wconf 78' lang='lat' dir='ltr'><strong>Nam</strong></span> <span class='ocrx_word' id='word_1_836' title='bbox 3642 5036 3712 5087; x_wconf 83' lang='lat' dir='ltr'><strong>ita</strong></span> <span class='ocrx_word' id='word_1_837' title='bbox 3745 5038 4028 5104; x_wconf 61' lang='lat' dir='ltr'><strong>scripsisse</strong></span> 
     </span>
    </p>
   </div>
   <div class='ocr_carea' id='block_1_113' title="bbox 2469 5106 4025 5174">
    <p class='ocr_par' dir='ltr' id='par_1_113' title="bbox 2469 5106 4025 5174">
     <span class='ocr_line' id='line_1_113' title="bbox 2469 5106 4025 5174; baseline 0 -17"><span class='ocrx_word' id='word_1_838' title='bbox 2469 5106 2853 5174; x_wconf 85' lang='lat' dir='ltr'><strong>Symmachum</strong></span> <span class='ocrx_word' id='word_1_839' title='bbox 2928 5108 3330 5173; x_wconf 82' lang='lat' dir='ltr'><strong>locupletissimi</strong></span> <span class='ocrx_word' id='word_1_840' title='bbox 3414 5116 3577 5158; x_wconf 89' lang='lat' dir='ltr'><strong>testes</strong></span> <span class='ocrx_word' id='word_1_841' title='bbox 3641 5107 3903 5160; x_wconf 85' lang='lat' dir='ltr'><strong>Eusebius</strong></span> <span class='ocrx_word' id='word_1_842' title='bbox 3975 5122 4025 5159; x_wconf 83' lang='lat' dir='ltr'><strong>et</strong></span> 
     </span>
    </p>
   </div>
   <div class='ocr_carea' id='block_1_114' title="bbox 2467 5176 3459 5245">
    <p class='ocr_par' dir='ltr' id='par_1_114' title="bbox 2467 5176 3459 5245">
     <span class='ocr_line' id='line_1_114' title="bbox 2467 5176 3459 5245; baseline 0 -18"><span class='ocrx_word' id='word_1_843' title='bbox 2467 5178 2836 5233; x_wconf 85' lang='lat' dir='ltr'><strong>&#39;l‘lteodorelus</strong></span> <span class='ocrx_word' id='word_1_844' title='bbox 2867 5176 3060 5229; x_wconf 89' lang='lat' dir='ltr'><strong>litteris</strong></span> <span class='ocrx_word' id='word_1_845' title='bbox 3091 5179 3459 5245; x_wconf 88' lang='lat' dir='ltr'><strong>prodiderunt.</strong></span> 
     </span>
    </p>
   </div>
   <div class='ocr_carea' id='block_1_115' title="bbox 2538 5244 4024 5323">
    <p class='ocr_par' dir='ltr' id='par_1_115' title="bbox 2538 5244 4024 5323">
     <span class='ocr_line' id='line_1_115' title="bbox 2538 5244 4024 5323; baseline -0.003 -23"><span class='ocrx_word' id='word_1_846' title='bbox 2538 5247 2647 5316; x_wconf 70' lang='grc'><strong>(12)</strong></span> <span class='ocrx_word' id='word_1_847' title='bbox 2683 5250 2736 5301; x_wconf 92' lang='lat' dir='ltr'><strong>In</strong></span> <span class='ocrx_word' id='word_1_848' title='bbox 2771 5248 3003 5323; x_wconf 78' lang='lat' dir='ltr'><strong>editione</strong></span> <span class='ocrx_word' id='word_1_849' title='bbox 3023 5246 3201 5323; x_wconf 56' lang='lat' dir='ltr'><strong>faris.</strong></span> <span class='ocrx_word' id='word_1_850' title='bbox 3221 5248 3289 5298; x_wconf 83' lang='lat' dir='ltr'><strong>ita</strong></span> <span class='ocrx_word' id='word_1_851' title='bbox 3314 5244 3512 5323; x_wconf 80' lang='lat' dir='ltr'><strong>editum</strong></span> <span class='ocrx_word' id='word_1_852' title='bbox 3539 5244 3812 5296; x_wconf 85' lang='lat' dir='ltr'><strong>invenitur</strong></span> <span class='ocrx_word' id='word_1_853' title='bbox 3833 5245 3908 5323; x_wconf 52' lang='grc' dir='ltr'><strong>τῷ</strong></span> <span class='ocrx_word' id='word_1_854' title='bbox 3927 5245 4024 5323; x_wconf 55' lang='grc' dir='ltr'>δατ</span> 
     </span>
    </p>
   </div>
   <div class='ocr_carea' id='block_1_116' title="bbox 2460 5314 4026 5388">
    <p class='ocr_par' dir='ltr' id='par_1_116' title="bbox 2460 5314 4026 5388">
     <span class='ocr_line' id='line_1_116' title="bbox 2460 5314 4026 5388; baseline 0.002 -25"><span class='ocrx_word' id='word_1_855' title='bbox 2460 5316 2602 5388; x_wconf 56' lang='lat' dir='ltr'><strong>vico;</strong></span> <span class='ocrx_word' id='word_1_856' title='bbox 2632 5314 2970 5388; x_wconf 63' lang='grc' dir='ltr'>ποιμαίνειν.</span> <span class='ocrx_word' id='word_1_857' title='bbox 2994 5318 3131 5388; x_wconf 34' lang='grc' dir='ltr'>*Καὶ</span> <span class='ocrx_word' id='word_1_858' title='bbox 3187 5314 3705 5388; x_wconf 79' lang='grc' dir='ltr'>κατακυριεύσουσιν</span> <span class='ocrx_word' id='word_1_859' title='bbox 3757 5314 3937 5365; x_wconf 74' lang='grc' dir='ltr'>αὐτῶν</span> <span class='ocrx_word' id='word_1_860' title='bbox 3978 5317 4026 5366; x_wconf 81' lang='lat' dir='ltr'><strong>oi</strong></span> 
     </span>
    </p>
   </div>
   <div class='ocr_carea' id='block_1_117' title="bbox 2462 5385 4024 5457">
    <p class='ocr_par' dir='ltr' id='par_1_117' title="bbox 2462 5385 4024 5457">
     <span class='ocr_line' id='line_1_117' title="bbox 2462 5385 4024 5457; baseline -0.002 -19"><span class='ocrx_word' id='word_1_861' title='bbox 2462 5387 2635 5450; x_wconf 81' lang='grc' dir='ltr'>εύθεῖς</span> <span class='ocrx_word' id='word_1_862' title='bbox 2667 5385 2933 5457; x_wconf 67' lang='grc' dir='ltr'>τδπρωῖ,</span> <span class='ocrx_word' id='word_1_863' title='bbox 2987 5385 3053 5439; x_wconf 87' lang='lat' dir='ltr'><strong>Et</strong></span> <span class='ocrx_word' id='word_1_864' title='bbox 3086 5386 3499 5439; x_wconf 84' lang='lat' dir='ltr'><strong>dominabuntur</strong></span> <span class='ocrx_word' id='word_1_865' title='bbox 3543 5400 3725 5457; x_wconf 75' lang='lat' dir='ltr'><strong>eorum</strong></span> <span class='ocrx_word' id='word_1_866' title='bbox 3785 5389 3910 5436; x_wconf 80' lang='lat' dir='ltr'><strong>reCti</strong></span> <span class='ocrx_word' id='word_1_867' title='bbox 3972 5387 4024 5435; x_wconf 79' lang='lat' dir='ltr'><strong>in</strong></span> 
     </span>
    </p>
   </div>
   <div class='ocr_carea' id='block_1_118' title="bbox 2464 5453 4022 5522">
    <p class='ocr_par' dir='ltr' id='par_1_118' title="bbox 2464 5453 4022 5522">
     <span class='ocr_line' id='line_1_118' title="bbox 2464 5453 4022 5522; baseline -0.001 -15"><span class='ocrx_word' id='word_1_868' title='bbox 2464 5462 2741 5510; x_wconf 84' lang='lat' dir='ltr'><strong>matutino.</strong></span> <span class='ocrx_word' id='word_1_869' title='bbox 2787 5453 2890 5511; x_wconf 71' lang='lat' dir='ltr'><strong>Sed</strong></span> <span class='ocrx_word' id='word_1_870' title='bbox 2950 5457 3060 5517; x_wconf 84' lang='lat' dir='ltr'><strong>illa,</strong></span> <span class='ocrx_word' id='word_1_871' title='bbox 3093 5458 3186 5507; x_wconf 79' lang='grc' dir='ltr'><strong>καὶ</strong></span> <span class='ocrx_word' id='word_1_872' title='bbox 3238 5453 3785 5522; x_wconf 84' lang='grc' dir='ltr'>κατακυριεύσουσιν,</span> <span class='ocrx_word' id='word_1_873' title='bbox 3810 5467 3943 5517; x_wconf 88' lang='lat' dir='ltr'><strong>etc.,</strong></span> <span class='ocrx_word' id='word_1_874' title='bbox 3977 5456 4022 5505; x_wconf 69' lang='grc' dir='ltr'>ιη</span> 
     </span>
    </p>
   </div>
   <div class='ocr_carea' id='block_1_119' title="bbox 2468 5525 4023 5583">
    <p class='ocr_par' dir='ltr' id='par_1_119' title="bbox 2468 5525 4023 5583">
     <span class='ocr_line' id='line_1_119' title="bbox 2468 5525 4023 5583; baseline -0.001 -6"><span class='ocrx_word' id='word_1_875' title='bbox 2468 5542 2595 5578; x_wconf 87' lang='lat' dir='ltr'><strong>mss.</strong></span> <span class='ocrx_word' id='word_1_876' title='bbox 2631 5530 3022 5579; x_wconf 63' lang='lat' dir='ltr'><strong>desiderantur.</strong></span> <span class='ocrx_word' id='word_1_877' title='bbox 3066 5527 3174 5577; x_wconf 77' lang='lat' dir='ltr'><strong>Nec</strong></span> <span class='ocrx_word' id='word_1_878' title='bbox 3210 5527 3359 5576; x_wconf 81' lang='lat' dir='ltr'><strong>\alde</strong></span> <span class='ocrx_word' id='word_1_879' title='bbox 3382 5528 3666 5575; x_wconf 82' lang='lat' dir='ltr'><strong>admodum</strong></span> <span class='ocrx_word' id='word_1_880' title='bbox 3692 5525 4023 5583; x_wconf 84' lang='lat' dir='ltr'><strong>dubitamus.</strong></span> 
     </span>
    </p>
   </div>
   <div class='ocr_carea' id='block_1_120' title="bbox 2463 5593 4024 5662">
    <p class='ocr_par' dir='ltr' id='par_1_120' title="bbox 2463 5593 4024 5662">
     <span class='ocr_line' id='line_1_120' title="bbox 2463 5593 4024 5662; baseline -0.003 -16"><span class='ocrx_word' id='word_1_881' title='bbox 2463 5598 2589 5662; x_wconf 90' lang='lat' dir='ltr'><strong>quin</strong></span> <span class='ocrx_word' id='word_1_882' title='bbox 2624 5600 2756 5657; x_wconf 67' lang='lat' dir='ltr'><strong>haec,</strong></span> <span class='ocrx_word' id='word_1_883' title='bbox 2792 5608 2844 5649; x_wconf 88' lang='lat' dir='ltr'><strong>et</strong></span> <span class='ocrx_word' id='word_1_884' title='bbox 2875 5596 2974 5648; x_wconf 87' lang='lat' dir='ltr'><strong>alia</strong></span> <span class='ocrx_word' id='word_1_885' title='bbox 3013 5595 3195 5657; x_wconf 88' lang='lat' dir='ltr'><strong>multa,</strong></span> <span class='ocrx_word' id='word_1_886' title='bbox 3231 5610 3261 5646; x_wconf 90' lang='lat' dir='ltr'><strong>e</strong></span> <span class='ocrx_word' id='word_1_887' title='bbox 3294 5593 3476 5647; x_wconf 81' lang='lat' dir='ltr'><strong>Bibltis</strong></span> <span class='ocrx_word' id='word_1_888' title='bbox 3507 5604 3761 5646; x_wconf 81' lang='lat' dir='ltr'><strong>contextu</strong></span> <span class='ocrx_word' id='word_1_889' title='bbox 3822 5609 3850 5645; x_wconf 88' lang='lat' dir='ltr'><strong>a</strong></span> <span class='ocrx_word' id='word_1_890' title='bbox 3910 5610 4024 5661; x_wconf 82' lang='lat' dir='ltr'><strong>qut-</strong></span> 
     </span>
    </p>
   </div>
   <div class='ocr_carea' id='block_1_121' title="bbox 2465 5664 4024 5730">
    <p class='ocr_par' dir='ltr' id='par_1_121' title="bbox 2465 5664 4024 5730">
     <span class='ocr_line' id='line_1_121' title="bbox 2465 5664 4024 5730; baseline -0.003 -14"><span class='ocrx_word' id='word_1_891' title='bbox 2465 5666 2684 5718; x_wconf 76' lang='lat' dir='ltr'><strong>liusdatn</strong></span> <span class='ocrx_word' id='word_1_892' title='bbox 2724 5667 2959 5719; x_wconf 79' lang='lat' dir='ltr'><strong>librariis</strong></span> <span class='ocrx_word' id='word_1_893' title='bbox 3007 5664 3209 5729; x_wconf 74' lang='lat' dir='ltr'><strong>adjecta</strong></span> <span class='ocrx_word' id='word_1_894' title='bbox 3248 5666 3377 5725; x_wconf 79' lang='lat' dir='ltr'><strong>sint,</strong></span> <span class='ocrx_word' id='word_1_895' title='bbox 3430 5678 3602 5730; x_wconf 85' lang='lat' dir='ltr'><strong>quue</strong></span> <span class='ocrx_word' id='word_1_896' title='bbox 3646 5665 3855 5730; x_wconf 79' lang='lat' dir='ltr'><strong>magis,</strong></span> <span class='ocrx_word' id='word_1_897' title='bbox 3888 5664 4024 5729; x_wconf 87' lang='lat' dir='ltr'><strong>quod</strong></span> 
     </span>
    </p>
   </div>
   <div class='ocr_carea' id='block_1_122' title="bbox 2463 5734 4024 5799">
    <p class='ocr_par' dir='ltr' id='par_1_122' title="bbox 2463 5734 4024 5799">
     <span class='ocr_line' id='line_1_122' title="bbox 2463 5734 4024 5799; baseline -0.003 -13"><span class='ocrx_word' id='word_1_898' title='bbox 2463 5738 2655 5788; x_wconf 85' lang='lat' dir='ltr'><strong>seriem</strong></span> <span class='ocrx_word' id='word_1_899' title='bbox 2708 5738 2967 5789; x_wconf 72' lang='lat' dir='ltr'><strong>orationis</strong></span> <span class='ocrx_word' id='word_1_900' title='bbox 2999 5736 3321 5786; x_wconf 81' lang='lat' dir='ltr'><strong>intercidere</strong></span> <span class='ocrx_word' id='word_1_901' title='bbox 3350 5735 3647 5785; x_wconf 69' lang='lat' dir='ltr'><strong>videantur.</strong></span> <span class='ocrx_word' id='word_1_902' title='bbox 3705 5734 3887 5796; x_wconf 83' lang='lat' dir='ltr'><strong>Quare</strong></span> <span class='ocrx_word' id='word_1_903' title='bbox 3916 5738 4024 5799; x_wconf 63' lang='lat' dir='ltr'><strong>lp‘a</strong></span> 
     </span>
    </p>
   </div>
   <div class='ocr_carea' id='block_1_123' title="bbox 2456 5803 4024 5868">
    <p class='ocr_par' dir='ltr' id='par_1_123' title="bbox 2456 5803 4024 5868">
     <span class='ocr_line' id='line_1_123' title="bbox 2456 5803 4024 5868; baseline -0.002 -13"><span class='ocrx_word' id='word_1_904' title='bbox 2456 5805 2631 5859; x_wconf 84' lang='lat' dir='ltr'><strong>delere</strong></span> <span class='ocrx_word' id='word_1_905' title='bbox 2666 5807 2833 5858; x_wconf 85' lang='lat' dir='ltr'><strong>satius</strong></span> <span class='ocrx_word' id='word_1_906' title='bbox 2854 5807 3117 5857; x_wconf 71' lang='lat' dir='ltr'><strong>duximus.</strong></span> <span class='ocrx_word' id='word_1_907' title='bbox 3160 5805 3268 5854; x_wconf 84' lang='lat' dir='ltr'><strong>l-luc</strong></span> <span class='ocrx_word' id='word_1_908' title='bbox 3306 5803 3418 5868; x_wconf 83' lang='lat' dir='ltr'><strong>ipso</strong></span> <span class='ocrx_word' id='word_1_909' title='bbox 3451 5805 3501 5856; x_wconf 89' lang='lat' dir='ltr'><strong>in</strong></span> <span class='ocrx_word' id='word_1_910' title='bbox 3539 5805 3655 5858; x_wconf 78' lang='lat' dir='ltr'><strong>loco</strong></span> <span class='ocrx_word' id='word_1_911' title='bbox 3683 5804 3815 5857; x_wconf 79' lang='lat' dir='ltr'><strong>editi</strong></span> <span class='ocrx_word' id='word_1_912' title='bbox 3850 5803 4024 5855; x_wconf 77' lang='grc' dir='ltr'>Ἐποί-</span> 
     </span>
    </p>
   </div>
   <div class='ocr_carea' id='block_1_124' title="bbox 2455 5872 3384 5945">
    <p class='ocr_par' dir='ltr' id='par_1_124' title="bbox 2455 5872 3384 5945">
     <span class='ocr_line' id='line_1_124' title="bbox 2455 5872 3384 5945; baseline -0.002 -19"><span class='ocrx_word' id='word_1_913' title='bbox 2455 5892 2585 5943; x_wconf 82' lang='grc' dir='ltr'>μανε</span> <span class='ocrx_word' id='word_1_914' title='bbox 2617 5878 2741 5945; x_wconf 79' lang='grc' dir='ltr'>γάρ.</span> <span class='ocrx_word' id='word_1_915' title='bbox 2778 5878 2839 5927; x_wconf 76' lang='lat' dir='ltr'><strong>At</strong></span> <span class='ocrx_word' id='word_1_916' title='bbox 2880 5891 3004 5925; x_wconf 70' lang='lat' dir='ltr'><strong>mss.</strong></span> <span class='ocrx_word' id='word_1_917' title='bbox 3051 5872 3384 5940; x_wconf 59' lang='grc' dir='ltr'>Ἑτοίμαινε.</span> 
     </span>
    </p>
   </div>
  </div>
