4230 6522
275 527 384 580 435
1363 527 1638 581 IIOMILIA
1685 528 1744 580 ΙΝ
1790 527 1945 581 PSH

1839 528 2116 581 S.\LMUM
2159 528 2386 585 XLVIII.
3405 532 3509 588 145$

273 639 526 707 φυλακῆς
562 639 652 691 τοῦ
691 639 812 711 ᾇδου
844 640 920 701 εἰς
965 639 1056 708 τὴν
1089 640 1183 711 τῆς
1227 641 1570 704 ἀναστάσεως
1609 643 1836 712 πρωῖαν,
1872 650 1914 702 Λ

1872 650 1914 702 Λ
1944 653 2077 706 etas,
2117 645 2278 697 rectis
2318 642 2556 708 tradidit,
2601 643 2702 697 hoc
2730 650 2846 706 est,
2889 643 3092 698 sanctis
3121 644 3234 698 suis
3267 646 3509 719 angelis,

275 730 562 799 παρέδωκε
602 734 711 793 τοῖς
759 731 956 792 εὐθέσι,
989 735 1260 796 τουτέστι,
1301 736 1411 797 τοῖς
1455 734 1629 801 ἁγίοις
1673 735 1836 788 αὐτοῦ

273 823 546 889 ἀγγέλοις,
567 826 645 884 εἰς
665 823 726 874 τὸ
754 824 1059 893 ποιμαίνειν
1087 825 1297 886 αὐτούς.
1325 825 1430 877 Καὶ
1466 827 1841 894 κατακυριεύ-

275 926 499 966 σουσιν
521 911 716 966 αὐτῶν
736 917 789 967 οἱ
814 913 1004 980 εὐθεῖς
1032 917 1097 968 τὸ
1124 917 1278 983 πρωΐ
1299 917 1427 986 (15).
1463 917 1705 987 Ἐκάστῳ
1731 919 1838 987 γάρ

273 1003 386 1055 τῶν
427 1003 629 1055 πιστῶν
679 1006 824 1057 ἐστιν
880 1006 1106 1074 ἄγγελος
1153 1006 1628 1078 παρεζευγμένος,
1689 1011 1838 1073 ἄξιος

273 1095 370 1146 τοῦ
398 1095 609 1163 βλέπειν
645 1098 732 1149 τὸν
767 1097 980 1169 Πατέρα
1007 1100 1096 1153 τὸν
1135 1101 1192 1150 ἐν
1230 1102 1342 1162 τοῖς
1375 1099 1642 1170 οὐρανοῖς.
1677 1098 1837 1156 Οὗτοι

274 1180 370 1237 οὖν
399 1186 446 1235 οἱ
472 1185 645 1250 εὐθεῖς
678 1191 1194 1260 κατακυριεύσουσιν
1221 1189 1398 1244 αὐτῶν
1429 1194 1492 1244 ἐκ
1516 1193 1613 1260 τῆς
1640 1211 1835 1263 πικρο-

273 1279 443 1348 τάτης
485 1281 722 1342 δουλείας
776 1281 1266 1353 ἐλευθερωθέντων,
1325 1284 1419 1338 καὶ
1478 1287 1838 1354 κατακυριεύ-

273 1383 429 1421 σουσι
475 1372 580 1422 τῶν
629 1373 931 1442 γενομένων
985 1373 1095 1444 (II)
1130 1375 1187 1426 ὲν
1225 1379 1288 1447 τῇ
1330 1378 1531 1449 πρωῖᾳ,
1568 1376 1834 1440 τουτέστι,

267 1461 382 1512 τῶν
435 1462 767 1516 ὑπελθόντων
812 1466 908 1535 τὴν
955 1466 1213 1538 ἀνατολὴν
1245 1469 1337 1522 τοῦ
1390 1469 1585 1538 φωτός.
1637 1468 1837 1522 Θέασαι

270 1554 451 1606 πάντα
479 1555 567 1606 τὸν
599 1559 786 1628 εἱρμὸν
815 1561 923 1613 τῶν
954 1563 1236 1630 γραφικῶν
1266 1564 1541 1634 ῥημάτων·
1589 1565 1836 1631 Ἀνθρω·

269 1659 404 1709 στος,
434 1647 501 1697 ἐν
529 1651 662 1718 τιμῇ
683 1652 784 1716 ὢν,
814 1655 884 1704 οὐ
913 1651 1160 1721 συνῆκε·
1186 1654 1686 1722 παρασυνεϐλήθη
1717 1656 1838 1722 τοῖς

269 1736 517 1804 κτήνεσι
548 1743 669 1808 τοῖς
696 1745 992 1810 ἀνοήτοις.
1039 1747 1097 1799 '0
1124 1747 1208 1799 διὰ
1243 1747 1339 1816 μὲν
1365 1745 1460 1817 τὴν
1492 1749 1834 1820 κατασκευὴν

267 1829 410 1898 ἔχων
435 1833 493 1885 τὸ
520 1835 715 1903 τίμιον,
747 1835 831 1887 διὰ
853 1835 909 1888 δὲ
938 1838 1034 1909 τὴν
1062 1837 1372 1892 ἐνοικοῦσαν
1401 1841 1458 1892 ὲν
1485 1841 1631 1912 αὑτῷ
1659 1843 1836 1912 ἁμαρ-

265 1922 392 1974 τίαν
421 1924 519 1975 οὐκ
548 1924 931 1996 αἰσθανόμενος
954 1931 1169 1992 ἑαυτοῦ,
1195 1921 1347 1992 οὗτος
1381 1933 1832 2003 παρασυνεϐλήθη

1953 746 2044 786 eas
2063 743 2118 786 ut
2145 744 2448 800 pascerent.
2469 733 2535 787 Et
2552 733 3152 787 dominabuntureorum
3173 735 3296 786 recti
3320 734 3373 787 in
3397 752 3512 786 ma-

1943 822 2132 876 tutino.
2157 822 2388 878 Cuilibet
2409 825 2550 877 enim
2582 823 2815 879 lidelium
2838 832 2918 878 est
2949 825 3166 892 angelus
3203 824 3507 893 adjunctus.

1942 915 2031 981 qui
2065 915 2259 986 dignus
2294 926 2379 971 eat
2431 916 2520 985 qui
2572 917 2936 973 diversantcm
2988 917 3038 968 in
3102 917 3255 970 caelis
3293 915 3507 970 Patrem

1944 1004 2138 1058 videat.
2182 1005 2242 1060 Ili
2288 1006 2452 1073 igitur
2488 1006 2618 1058 recti
2647 1008 2725 1062 eis
2765 1023 2830 1062 ex
2866 1005 3202 1061 amarissima
3249 1009 3511 1062 servitute

1945 1096 2184 1152 liberatis
2211 1097 2653 1163 dominabuntur,
2686 1108 2739 1151 et
2765 1099 3194 1154 dominabuntur
3226 1099 3356 1168 ipsis
3383 1118 3509 1154 con—

1944 1188 2149 1241 stitutis
2181 1188 2234 1240 in
2269 1191 2570 1258 matutino,
2603 1190 2706 1246 hoc
2732 1200 2833 1254 est,
2861 1193 2926 1245 ad
2965 1191 3098 1247 lucis
3129 1201 3378 1246 exortum
3417 1209 3509 1245 ac-

1942 1281 2283 1335 cedentibus.
2317 1281 2610 1338 Considera
2645 1297 2859 1339 omnem
2892 1285 3176 1338 verborum
3211 1280 3509 1352 Scriptura:

1944 1375 2140 1428 seriem
2172 1391 2185 1426 :
2223 1372 2393 1425 Homo
2428 1390 2543 1425 cum
2572 1377 2623 1426 in
2657 1379 2852 1429 honore
2883 1385 3034 1437 esset,
3073 1393 3175 1428 non
3216 1376 3506 1440 intellexit;

1942 1474 2277 1533 comparatus
2317 1475 2393 1518 est
2416 1465 2671 1533 jumentis
2712 1467 3098 1535 insipientibus.
3149 1465 3249 1531 Qui
3296 1483 3362 1520 ex
3412 1484 3506 1520 sua

1943 1558 2249 1612 conditione
2289 1556 2451 1610 liabet
2479 1556 2821 1625 dignitatem,
2861 1571 2908 1612 et
2953 1568 3171 1627 propter
3201 1556 3508 1610 inhabitans

1945 1652 1993 1701 in
2025 1652 2139 1718 ipso
2174 1659 2458 1719 peccatum
2481 1691 2495 1715 ,
2531 1665 2635 1703 non
2679 1652 2954 1718 cognoscit
2994 1668 3053 1706 se
3095 1653 3307 1721 ipsum,
3341 1650 3388 1704 is
3417 1649 3507 1719 ju-

1944 1743 2139 1796 mentis
2173 1754 2517 1813 comparatus
2551 1752 2654 1798 est.
2701 1744 2902 1798 Deinde
2945 1745 3089 1812 quod
3134 1762 3161 1796 ιι
3204 1745 3367 1800 verbo
3411 1743 3506 1800 Dei

1941 1848 2060 1886 sese
2098 1834 2448 1897 abalienavit,
2485 1834 2734 1890 effectum
2765 1836 3008 1899 brutum,
3046 1835 3192 1889 velut
3219 1852 3374 1892 ovem
3412 1854 3506 1908 pa-

1942 1936 2087 1981 store
2134 1927 2444 1980 destitutam
2489 1929 2744 1982 inimicus
2790 1929 3050 1996 abripuit,
3106 1928 3393 1999 posuitque
3449 1930 3502 1982 in

265 2015 383 2072 τοῖς
428 2015 693 2071 κτήνεσιν.
737 2014 865 2070 Εἶτα
911 2021 998 2071 διὰ
1032 2020 1091 2073 τὸ
1127 2019 1482 2094 ἀλλοτριῶσαι
1519 2023 1706 2077 ἑαυτὸν
1741 2025 1832 2076 τοῦ
1865 2009 1906 2062 Β

1865 2009 1906 2062 Β
1941 2019 2171 2085 inferno,
2215 2029 2268 2072 et
2297 2020 2456 2074 morti
2493 2020 2712 2072 tradidit
2758 2024 3107 2088 pascendum.
3159 2022 3503 2090 Quapropter

266 2103 404 2152 Θεοῦ
455 2103 610 2169 λόγου
654 2109 783 2175 (15),
838 2110 1124 2181 γενόμενον
1176 2114 1385 2183 ἄλογον,
1439 2114 1514 2176 ὡς
1563 2115 1832 2183 πρόϐατον

267 2192 602 2261 ἁποίμαντον
628 2199 655 2248 ὁ
679 2199 866 2270 ἐχθρὸς
889 2202 1191 2274 διαρπάσας
1221 2209 1278 2260 ὲν
1306 2206 1384 2274 τῷ
1414 2205 1513 2278 ᾇδῃ
1543 2206 1712 2265 ἔθετο,
1741 2210 1831 2260 καὶ

267 2285 549 2354 παρέδωκε
583 2289 658 2360 τῷ
689 2291 897 2365 Θανάτῳ
925 2299 1251 2366 ποιμαίνειν.
1282 2297 1380 2350 Διά
1403 2298 1556 2352 τοῦτο
1582 2302 1608 2352 ὁ
1629 2301 1834 2353 ἐκεῖθεν

269 2378 506 2445 ῥυσΘεὶς,
544 2383 753 2436 καὶτοῦ
794 2388 1028 2456 πονηροῦ
1064 2388 1319 2458 ποιμένος
1357 2391 1709 2462 ἀπαλλαγεὶς,
1740 2392 1831 2445 λέ-

265 2485 355 2534 γει
393 2471 470 2534 τὸ,
502 2475 715 2540 Κύριος
744 2479 1036 2544 ποιμαίνει
1072 2496 1167 2547 με.
1201 2481 1309 2533 Καὶ
1357 2483 1534 2536 οὐκέτι
1581 2485 1828 2548 Θάνατος,

263 2559 403 2613 ἀλλὰ
437 2563 544 2632 ζωή
568 2580 581 2593 ο
614 2567 795 2619 οὐκέτι
823 2569 1046 2632 πτῶσις,
1071 2570 1184 2622 ἀλλ’
1207 2572 1498 2636 ἀνάστασις
1518 2590 1531 2603 ’
1562 2575 1742 2627 οὐκέτι
1770 2576 1831 2627 τὸ

263 2651 482 2717 ψεῦδος.
517 2655 628 2706 ἀλλ’
660 2659 692 2726 ὴ
728 2658 972 2730 ἀλήθεια.
1012 2661 1123 2714 Καὶ
1159 2664 1196 2730 ἡ
1225 2665 1474 2730 βοήθεια
1503 2664 1697 2717 αὐτῶν
1723 2680 1832 2716 πα-

263 2746 654 2812 λαιωθήσεται
686 2751 755 2803 ἐν
799 2751 876 2817 τῷ
917 2753 1049 2824 ᾅδῃ.
1085 2756 1239 2809 Ἤτοι
1287 2757 1414 2826 περὶ
1466 2755 1560 2808 τοῦ
1601 2755 1830 2810 Θανάτου

264 2839 434 2906 λέγει,
480 2841 572 2894 τοῦ
623 2844 695 2915 μὴ
736 2845 1050 2916 δυνηθέντος
1107 2848 1245 2917 μετὰ
1287 2849 1466 2917 πάσης
1513 2848 1676 2900 αὑτοῦ
1731 2850 1829 2920 τῆς

264 2928 518 3000 βοηθείας
555 2935 899 3005 ἀντισχέσθαι
933 2940 1036 2991 τῶν
1071 2941 1159 2992 ὑπ’
1195 2938 1358 2992 αὑτοῦ
1401 2941 1828 3010 ποιμαινομένων

260 3023 353 3075 διὰ
383 3025 472 3076 τὸν
502 3026 836 3080 καταλύοντα
865 3031 952 3080 τὸν
991 3031 1050 3081 τὸ
1088 3031 1287 3101 κράτος
1316 3031 1504 3100 ἔχοντα
1538 3032 1630 3084 τοῦ
1665 3032 1829 3085 Θανά-

259 3132 357 3166 του
383 3133 395 3145 ·
444 3111 518 3169 ὦν
560 3119 707 3171 πᾶσα
738 3123 769 3189 ἡ
806 3121 1025 3191 βοήθεια
1071 3124 1273 3178 παλαιὰ
1314 3126 1406 3177 καὶ
1434 3126 1684 3198 ἀσθενής.
1718 3127 1828 3178 Καὶ

259 3209 382 3260 τότε
426 3210 866 3283 ἐξελεγχθήσεται
901 3216 932 3286 ἡ
982 3213 1198 3285 βοήθεια
1236 3215 1341 3270 τῶν
1380 3216 1679 3287 ἀνθρώπων
1720 3215 1827 3269 τῶν

1939 2115 2063 2168 inde
2085 2123 2396 2183 exemptus,
2424 2121 2477 2166 et
2505 2128 2532 2165 a
2561 2112 2796 2181 maligno
2830 2121 3044 2180 pastore
3069 2113 3351 2177 liberatus,
3384 2113 3459 2166 ait
3486 2131 3499 2164 :

1940 2205 2192 2258 Dominus
2237 2208 2397 2272 pascit
2439 2222 2517 2257 me
2540 2205 2607 2268 9⁸,
2659 2215 2849 2258 etnon
2905 2205 3138 2273 amplius
3189 2219 3353 2268 mors,
3406 2205 3504 2258 sed

1936 2298 2044 2349 vita
2078 2315 2091 2348 :
2125 2311 2229 2349 non
2259 2295 2488 2364 amplius
2517 2311 2696 2359 casus,
2731 2297 2824 2349 sed
2852 2296 3178 2350 resurrectio
3211 2316 3222 2349 :
3254 2312 3359 2350 non
3387 2312 3504 2348 am-

1937 2390 2075 2460 plius
2109 2389 2472 2454 mendacium,
2516 2389 2608 2443 sed
2646 2389 2868 2442 veritas.
2907 2387 2974 2440 Et
3016 2388 3280 2441 auxilium
3320 2403 3501 2441 eorum

1935 2495 2210 2538 veterascet
2256 2486 2308 2536 in
2353 2483 2582 2550 inferno.
2615 2484 2720 2536 Aut
2759 2481 2999 2550 loquitur
3027 2483 3092 2534 de
3124 2492 3330 2546 morte,
3380 2496 3504 2551 qua:

1935 2590 2053 2626 eum
2089 2574 2233 2628 omni
2267 2588 2365 2627 suo
2413 2573 2666 2641 prmsidio
2697 2587 2825 2639 eos,
2859 2588 2996 2642 quos
3028 2574 3313 2643 pascebat.
3357 2574 3501 2629 deti-

1936 2681 2065 2720 nere
2098 2681 2204 2719 non
2232 2665 2423 2734 potuit,
2457 2676 2675 2736 propter
2713 2666 2859 2719 illum
2890 2682 2917 2718 a
2943 2680 3049 2734 quo
3073 2666 3387 2719 destructus
3418 2673 3504 2719 est

1936 2758 1979 2810 is
2014 2760 2104 2824 qui
2140 2759 2331 2810 mortis
2379 2758 2611 2811 habebat
2643 2757 2928 2823 imperium
2956 2756 3036 2820 ⁰⁹;
3077 2772 3305 2825 quorum
3337 2771 3501 2811 omne

1933 2846 2192 2899 auxilium
2226 2855 2380 2898 vetus
2403 2855 2457 2898 et
2491 2846 2759 2899 infirmum
2785 2855 2889 2899 est.
2925 2845 3186 2916 Tuncque
3210 2847 3500 2917 redargue-

1935 2949 2017 2991 tur
2054 2938 2311 2992 auxilium
2342 2939 2618 2992 hominum
2651 2952 2860 3002 eorum,
2905 2939 2998 3008 qui
3038 2949 3217 2993 mente
3257 2938 3496 3007 decepti,

1931 3032 2000 3084 ob
2030 3031 2242 3084 divitias
2284 3030 2621 3099 gloriamque
2666 3040 2720 3083 et
2755 3042 3080 3099 potestatem
3114 3046 3174 3086 se
3220 3031 3319 3100 ipsi
3353 3031 3500 3086 mul-

1935 3135 2041 3174 tum
2075 3121 2326 3175 efferunt.
2364 3122 2427 3174 In
2460 3124 2664 3189 inferno
2692 3133 2969 3176 veterascet
3003 3134 3136 3186 tum,
3169 3140 3290 3176 eum
3332 3123 3498 3177 fuerit

1930 3227 2116 3266 eorum
2150 3213 2495 3266 imbecillitas
2532 3214 2884 3282 deprehensa.
2921 3214 3026 3266 Aut
3063 3214 3199 3267 forte
3232 3213 3493 3267 auxilium

258 3301 627 3368 ἠπατημένων
671 3302 778 3364 (16)
808 3307 874 3373 τῇ
902 3303 1128 3375 διανοίᾳ,
1172 3305 1247 3376 τῷ
1283 3306 1514 3376 πλούτῳ,
1549 3308 1641 3359 καὶ
1674 3304 1824 3376 δόξῃ,
1855 3347 1895 3404 C
1925 3361 1928 3371 ι

1822 3347 1895 3404 ,C
1925 3303 2191 3373 juslorum
2239 3317 2376 3370 quos
2413 3305 2640 3357 redemit
2688 3304 2968 3368 Dominus,
3012 3307 3062 3357 in
3103 3303 3315 3359 inferno
3365 3319 3492 3372 pro-

259 3391 357 3440 καί
405 3391 687 3460 δυναστείᾳ
725 3393 866 3461 μέγα
912 3396 1267 3462 φρονούντων.
1311 3400 1402 3447 Ἑν·
1437 3398 1514 3462 τῷ
1559 3399 1670 3466 ᾅδῃ
1715 3415 1826 3452 πα-

257 3482 671 3547 λαιωθήσετίιι,
735 3485 1092 3557 ὲλεγχομένης
1142 3489 1318 3542 αὐτῶν
1376 3491 1473 3558 τῆς
1519 3492 1820 3553 ἀσθενείας.

262 3578 334 3628 ’Ἡ
373 3577 579 3646 μήποτε
607 3579 639 3649 ἡ
671 3577 889 3649 βοήθεια
922 3581 1028 3632 τῶν
1060 3581 1280 3635 δικαίων
1310 3582 1415 3633 τῶν
1444 3582 1821 3653 λυτρωθέντων

255 3667 412 3732 παρὰ
443 3669 644 3739 Κυρίου
678 3671 1118 3741 παραταθήσεται
1154 3674 1211 3724 ὲν
1247 3672 1321 3742 τῷ
1354 3674 1474 3746 ᾅδῃ.
1516 3671 1679 3724 Οῦπω
1710 3675 1819 3742 γὰρ

256 3758 582 3825 ἐκομίσαντο
607 3760 704 3821 τὰς
729 3762 1076 3828 ἐπαγγελίας,
1101 3762 1193 3813 τοῦ
1217 3762 1348 3815 Θεοῦ
1381 3781 1446 3814 πε
1457 3765 1506 3834 ρ“ι
1529 3766 1560 3834 ἠ
1570 3765 1681 3834 μῶν
1707 3763 1818 3833 (17)

255 3850 502 3915 κρεῖττόν
529 3869 577 3903 τι
614 3853 1080 3924 προϐλεψαμένου,
1112 3857 1198 3909 ἵνα
1240 3856 1313 3927 μὴ
1344 3858 1508 3925 χωρὶς
1548 3857 1702 3925 ἡμῶν
1731 3874 1820 3907 τε-

252 3937 548 3992 λειωθῶσιν
577 3945 626 3993 oi
656 3946 1058 4015 προειληφότες.
1091 3946 1260 4014 Πλὴν
1290 3950 1320 4000 ὁ
1346 3947 1486 4012 Θεὸς
1523 3945 1820 4014 λυτρώσε-

253 4049 350 4084 ται
394 4034 495 4100 τὴν
552 4036 761 4104 ψυχήν
799 4057 915 4105 μου
945 4040 1013 4092 ἐκ
1056 4041 1252 4108 χειρὸς
1285 4041 1454 4107 ᾅδου,
1486 4039 1628 4091 ὅταν
1665 4042 1816 4106 λαμ-

1938 3396 2202 3450 tendetur.
2237 3393 2486 3448 Nondum
2522 3395 2667 3448 enim
2706 3404 3030 3462 acceperant
3065 3394 3494 3464 promissiones,

1932 3488 2072 3553 quod
2107 3488 2246 3540 Deus
2274 3487 2341 3541 de
2380 3484 2541 3539 nobis
2568 3484 2759 3538 melius
2788 3485 2916 3552 quid
2949 3485 3256 3551 providerat
3292 3484 3331 3550 ¹;
3359 3499 3426 3537 ηε
3459 3484 3496 3537 ii

1931 3579 2021 3647 qui
2050 3579 2396 3644 pra‘ivcrant,
2429 3578 2547 3634 sine
2579 3577 2733 3631 nobis
2763 3585 3293 3632 consummarentur.
3329 3574 3494 3630 Vens.

1931 3669 2018 3722 16.
2084 3668 2454 3722 Verumtamen
2509 3668 2652 3722 Deus
2687 3669 2902 3722 redimet
2945 3671 3178 3722 animam
3229 3685 3396 3721 meam
3428 3670 3492 3720 de

1930 3777 2087 3812 manu
2120 3759 2302 3827 inferi,
2331 3776 2446 3812 cum
2481 3760 2736 3828 acceperit
2767 3775 2866 3812 me.
2893 3757 3076 3811 Palam
3105 3758 3352 3826 praedicit
3388 3756 3492 3811 Do-

1929 3853 2056 3905 mini
2084 3853 2149 3906 ad
2183 3852 2386 3906 inferos
2409 3853 2751 3917 descensum,
2772 3851 2862 3919 qui
2895 3866 2999 3903 una
3025 3865 3147 3904 cum
3177 3851 3296 3903 aliis
3322 3850 3492 3918 ipsius

1929 3947 2092 4001 etiam
2131 3946 2414 4017 Prophetae
2447 3947 2686 4000 animam
2724 3945 3003 4009 liberabit,
3049 3956 3106 4000 ut
3145 3961 3212 4000 ne
3249 3945 3361 3998 illic
3399 3959 3490 3998 re-

1927 4049 2159 4094 maneat.

249 4127 407 4198 ὅάνῃ
441 4148 535 4200 με.
573 4133 765 4202 Σαφῶς
800 4136 1126 4205 προφητεύει
1161 4137 1255 4207 τὴν
1283 4137 1374 4188 τοῦ
1421 4136 1620 4206 Κυρίου
1649 4134 1871 4188 κάθοδον
1905 4135 2014 4206 (18)
2054 4137 2134 4199 είς
2166 4135 2313 4206 ᾅδου,
2343 4135 2402 4198 ὃς
2427 4135 2563 4204 μετὰ
2631 4135 2738 4188 τῶν
2805 4134 2978 4188 ἄλλων
3041 4136 3133 4187 καὶ
3196 4133 3362 4189 αὑτοῦ
3397 4131 3491 4185 λυ-

250 4225 520 4296 τρώσεται
547 4230 635 4282 τοῦ
672 4232 952 4302 Προφήτου
977 4234 1074 4303 τὴν
1103 4233 1294 4304 ψυχὴν,
1319 4233 1391 4296 ὠς
1420 4233 1492 4302 μὴ
1523 4234 1867 4302 ἑναπομεῖναι
1901 4233 2030 4284 ἐκεῖ.

333 4319 418 4372 10.
461 4321 556 4388 Μὴ
601 4323 814 4391 φοϐοῦ,
851 4325 995 4379 ὅταν
1041 4327 1354 4395 πλουτήσῃ
1403 4326 1730 4393 ἅνθρωπος,
1775 4327 1813 4392 ἣ

249 4413 400 4466 ὅταν
421 4417 740 4484 asin-flori???
773 4420 809 4485 ἡ
838 4418 986 4481 δόξα
1019 4417 1121 4470 τοῦ
1150 4418 1317 4470 οἴκου
1345 4419 1548 4472 αὑτοῦ.
1582 4417 1677 4484 Μὴ
1710 4436 1815 4486 5:0-

246 4505 380 4566 ϐοῦ,
407 4505 587 4576 φησιν,
611 4507 755 4560 ὅταν
780 4508 1094 4576 τελευτήσῃ
1128 4509 1432 4575 ἅνθρωπος
1461 4508 1590 4576 (10).
1627 4509 1813 4575 ’Λναγ-

245 4597 405 4649 καῖον
433 4597 526 4647 καὶ
550 4596 703 4649 τοῦτο
730 4597 788 4650 τὸ
817 4599 1073 4668 κήρυγμα
1104 4600 1213 4659 τοῖς
1227 4595 1322 4667 τὴν
1337 4597 1658 4666 οἰκουμένην
1683 4615 1811 4649 κατ-

241 4686 479 4747 οικοῦσι,
504 4688 614 4749 τοῖς
639 4705 698 4739 τε
734 4687 986 4756 γηγενέσι
1041 4689 1134 4740 καὶ
1163 4690 1272 4750 τοῖς
1300 4690 1431 4751 υἱοῖς
1460 4687 1566 4741 τῶν
1600 4687 1808 4758 ἀνθρώ-

247 4795 391 4840 πων,
440 4777 711 4840 πλουσίοις
747 4795 806 4830 τε
858 4778 991 4848 ὁμοῦ
1047 4780 1139 4834 καὶ
1186 4779 1396 4847 πένησι.
1454 4778 1552 4846 Μὴ
1600 4779 1808 4847 φοϐοῦ,

245 4867 397 4920 ὅταν
417 4867 732 4934 πλουτήσῃ
767 4867 1091 4934 ἄνθρωπος.
1122 4869 1284 4921 Ὅταν
1319 4870 1454 4938 ἴδῃς,
1491 4871 1673 4940 φησιν,
1703 4869 1811 4922 ἄδι-

243 4977 342 5010 κον
376 4961 474 5029 μὲν
500 4959 848 5025 πλουτοῦντα,
881 4959 1083 5012 δίκαιον
1115 4960 1168 5011 δὲ
1201 4961 1510 5029 πενόμενον,
1546 4960 1617 5030 μὴ
1648 4961 1812 5030 φοϐη-

242 5051 344 5120 θῇς
383 5051 522 5104 κατὰ
562 5053 815 5106 σεαυτόν
859 5053 932 5123 μὴ
972 5052 1208 5123 πτοῃθῇς
1251 5056 1318 5123 τῇ
1349 5054 1570 5124 διανοίᾳ,
1601 5054 1673 5116 ὡς
1697 5055 1801 5124 ἄρα

316 5216 359 5248 ⁸³
399 5214 538 5271 Psal.
571 5233 703 5283 xxii,
735 5220 789 5275 1.
862 5220 906 5252 ⁹⁹
942 5219 1100 5274 Hebr.
1131 5237 1191 5284 ιι,
1221 5221 1304 5274 14.

320 5396 425 5482 (Ιρ)
453 5395 542 5449 Sic
565 5412 694 5452 mss.
727 5409 974 5466 quatuor.
1014 5399 1149 5454 Editi
1182 5415 1301 5454 cum
1342 5400 1472 5465 Κείς.
1527 5410 1678 5453 sexto
1724 5399 1797 5469 τῷ

238 5485 406 5518 ποωι.

287 5485 425 5605 TI?)
468 5536 754 5608 Colbertini
809 5539 1012 5602 primus
1055 5548 1106 5588 et
1147 5550 1330 5592 sextus
1360 5555 1478 5592 cum
1523 5540 1652 5608 Reg.
1687 5551 1798 5591 ter-

238 5608 314 5660 tio
348 5608 472 5667 τοὺς
505 5606 889 5676 γενομένους...
924 5610 1046 5670 τοὺς
1071 5609 1416 5672 ὑπελθόντας.
1461 5611 1526 5662 At
1551 5606 1635 5663 alii
1662 5625 1788 5662 mss.

237 5693 342 5728 non
378 5680 526 5740 pauci
557 5691 678 5728 cum
709 5680 864 5730 editis
887 5689 942 5728 ut
974 5680 1023 5729 in
1061 5689 1226 5733 textu.

310 5745 421 5811 (15)
450 5744 578 5815 Reg.
615 5748 800 5799 tertius
827 5748 970 5800 θείου
1003 5747 1183 5814 λόγου,
1218 5769 1244 5800 n
1270 5751 1416 5801 verba
1436 5750 1628 5801 divino.

307 5817 416 5882 (16)
455 5815 526 5865 Ita
582 5815 871 5869 Colbertini
929 5820 1169 5883 primus,
1217 5820 1454 5884 quintus,
1516 5831 1699 5872 sextus
1741 5826 1791 5870 et

234 5887 514 5946 septimus,
554 5885 770 5955 perinde
811 5897 970 5954 atque
1027 5888 1175 5955 llegii
1220 5890 1407 5939 tertius
1454 5899 1505 5940 et
1539 5899 1781 5955 quartus.

237 5956 376 6008 Editi
401 5969 518 6007 cum
554 5953 729 6021 Regiis
756 5953 988 6012 secundo
1025 5968 1078 6012 et
1111 5953 1262 6014 Sesto
1290 5953 1631 6029 ἠπατημένη.

1388 5220 1401 5248 ¹
1444 5219 1604 5275 Ilcbr.
1645 5236 1716 5283 χι,
1753 5220 1840 5274 40.

1994 4326 2079 4379 10.
2123 4325 2286 4380 Vens.
2317 4326 2404 4380 17.
2447 4326 2529 4379 Ne
2551 4327 2806 4391 timueris,
2847 4343 2966 4380 cum
2999 4326 3141 4378 dives
3172 4327 3341 4392 [actus
3371 4323 3485 4393 fue-

1922 4416 1987 4466 rit
2022 4415 2200 4479 homo,
2238 4416 2314 4468 vel
2344 4432 2462 4468 cum
2497 4416 2841 4485 multiplicata
2878 4417 3038 4485 fuerit
3081 4415 3250 4484 gloria
3297 4416 3485 4467 domus

1920 4506 2051 4571 ejus.
2102 4505 2184 4559 Ne
2224 4509 2486 4572 timueris,
2533 4509 2727 4575 inquit,
2773 4524 2891 4561 cum
2922 4508 3063 4560 dives
3101 4507 3276 4575 factus
3318 4507 3480 4573 fuerit

1919 4596 2091 4651 homo.
2122 4598 2435 4654 Necessaria
2470 4612 2553 4653 est
2587 4611 2641 4654 et
2675 4602 2788 4654 haec
2817 4599 3134 4669 praedicatio
3159 4599 3224 4652 iis
3258 4600 3346 4665 qui
3388 4613 3480 4652 or-

1920 4692 2036 4744 bem
2065 4692 2333 4756 habitant,
2380 4695 2775 4762 terrigenisque
2801 4710 2864 4749 ac
2897 4694 3023 4748 ﬁliis
3060 4692 3361 4751 hominum,
3402 4691 3479 4744 dt-

1921 4783 2222 4853 vitibusque
2257 4786 2417 4839 simul
2452 4796 2507 4840 et
2557 4786 2900 4855 pauperibus.
2941 4786 3021 4838 Ne
3052 4785 3286 4837 timueris
3310 4823 3323 4846 ,
3363 4800 3480 4836 cum

1919 4878 2058 4929 dives
2090 4877 2260 4944 [actus
2291 4879 2448 4946 fuerit
2476 4880 2650 4931 homo.
2685 4877 2820 4930 Cum
2865 4876 3086 4940 videris,
3119 4877 3308 4944 inquit,
3339 4874 3479 4941 inju-

1919 4979 2059 5022 stum
2091 4972 2466 5034 ditescentem,
2489 4971 2692 5040 justum
2724 4985 2854 5026 vero
2883 4979 3148 5038 egentem,
3187 4984 3253 5028 nc
3287 4969 3478 5021 timeas

1920 5062 2058 5130 apud
2094 5061 2468 5132 temetipsum;
2501 5077 2566 5117 ne
2594 5063 2961 5116 consterneris
2985 5061 3184 5126 animo,
3217 5068 3472 5111 tannuatn

1980 5401 2088 5466 (17)
2121 5401 2271 5462 Illud,
2300 5401 2426 5469 περὶ
2453 5399 2630 5469 ἡμῶν,
2662 5398 2814 5450 abest
2838 5411 2865 5448 a
2894 5405 3127 5469 quatuor
3160 5411 3286 5469 mss.

1980 5464 2086 5536 (18)
2111 5469 2247 5540 Beg.
2292 5464 2616 5540 tertius-'79:.)
2685 5466 2938 5540 Χριστοῦ.
2971 5466 3211 5540 κάθοδον.
3266 5464 3466 5540 Ibidem

1910 5542 2072 5594 editio
2106 5537 2392 5607 Parisxhv
2419 5539 2495 5601 είς
2522 5538 2666 5608 ᾅδου.
2699 5537 2982 5608 Ι)εεει-τήν
3023 5539 3070 5588 in
3123 5537 3186 5589 iis
3220 5550 3357 5603 quos
3391 5538 3470 5585 vi-

1900 5611 2072 5663 dimus
2121 5605 2392 5662 endit-ibus
2427 5617 2480 5660 et
2512 5605 2560 5659 in
2589 5609 2820 5660 editione
2845 5605 3006 5658 Basil.

1970 5681 2079 5746 (l9)
2117 5680 2225 5736 Illa.
2255 5680 2344 5747 Μὴ
2394 5677 2579 5745 φοϐοῦ,
2640 5679 2822 5747 φησιν,
2871 5676 3022 5747 ὅταν,
3054 5675 3331 5747 πλουτήσῃ
3366 5677 3464 5728 ἄνα

1900 5745 2135 5816 θρωπος,
2167 5745 2354 5801 desunt
2407 5749 2619 5815 quidem
2648 5745 2888 5801 in'editis
2921 5754 2974 5798 et
3013 5746 3066 5796 in
3102 5745 3256 5798 Colb.
3299 5749 3465 5813 SPpli-

1903 5835 1988 5872 mo
2018 5835 2029 5866 :
2074 5818 2164 5870 sed
2191 5819 2440 5884 leguntur
2465 5817 2517 5869 in
2549 5818 2729 5886 Regiis
2756 5817 2950 5884 primo,
2975 5816 3228 5875 secundo,
3283 5817 3462 5874 tertio,

1901 5899 2096 5954 quarto
2130 5897 2183 5941 et
2209 5898 2380 5951 sexto,
2412 5887 2571 5954 inque
2593 5887 2917 5941 Colbertinis
2959 5887 3153 5953 primo.
3185 5886 3372 5948 quinto
3412 5894 3466 5938 et

1899 5973 2068 6014 sex'o.
2111 5958 2300 6014 Statim
2334 5957 2461 6028 lleg.
2498 5959 2686 6013 tertius
2713 5956 2791 6009 ἔτι
2825 5957 2916 6011 καὶ
2944 5958 3055 6020 τοῖς
3105 5956 3261 6023 υἱοῖς.
