4230 6506
317 447 423 502 ίῗΞῚ

1424 445 1706 501 IIORIlLIA
1748 446 1812 502 IN
1851 447 2182 504 PSALMUM
2225 449 2453 511 XLVIII.

3444 462 3545 514 458

321 560 462 631 μόνῃ
494 558 829 632 εὐχαριστεῖν
861 557 938 628 τῷ
967 559 1103 628 Θεῷ,
1149 560 1608 631 σκυθρωποτέρων
1637 562 1692 616 δέ
1729 582 1887 617 τινων
1915 569 1951 626 Α

1915 569 1961 626 Α
1993 579 2090 617 nec
2135 567 2363 634 amplius
2403 572 2540 625 idem
2580 581 2927 641 permaneat,
2965 572 3050 626 ubi
3091 588 3174 627 res
3220 575 3412 642 aliqua:
3448 577 3544 624 tri-

318 654 717 723 περιστάντων,
765 653 960 721 μηκέτι
1001 652 1091 704 τὸν
1125 655 1281 706 αὐτὸν
1312 655 1603 724 διαμένειν.
1640 660 1887 713 Τοιοῦτον

317 746 430 812 γάρ
455 747 567 800 ἐστι
599 746 690 799 καὶ
715 743 776 795 τὸ
803 744 896 797 τοῦ
919 744 1162 799 διαϐόλου
1189 749 1266 808 εἰς
1294 750 1628 818 κατηγορίαν
1655 769 1890 822 προσφε-

326 840 550 911 ρόμενον
591 838 667 909 τῷ
696 838 807 907 (25)
854 838 992 903 Ἰὼϐ,
1028 842 1108 894 ὅτι
1163 841 1222 892 οὐ
1274 841 1482 911 δωρεὰν
1521 842 1736 897 σέϐεται
1771 847 1887 899 Ἰὼϐ

321 933 412 988 τὸν
441 932 664 1002 Κύριον,
691 929 827 985 άλλά
859 932 1045 1000 μισθὸν
1068 934 1176 1002 ἔχει
1197 934 1294 1002 τῆς
1322 935 1599 998 εὐσεϐείας
1616 936 1706 988 τὸν
1730 938 1890 990 πλοῦς

320 1042 414 1076 τον
434 1065 448 1085 ,
479 1023 573 1074 καὶ
597 1021 665 1074 τὰ
687 1022 867 1081 λοιπά.
894 1027 983 1080 Διὸ
1013 1027 1104 1079 καὶ
1137 1029 1214 1089 εἰς
1237 1028 1507 1095 ἀπόδειξιν
1540 1031 1637 1100 τῆς
1671 1031 1763 1084 τοῦ
1797 1035 1888 1086 ἀν-

321 1114 447 1182 δρὸς
490 1113 687 1183 ἀρετῆς
722 1113 1034 1186 ἐγύμνωσεν
1069 1114 1228 1168 αὑτὸν
1262 1121 1289 1172 6
1323 1119 1452 1185 Θεὸς
1494 1113 1568 1172 ὧν
1602 1115 1766 1190 εἶχεν,
1803 1123 1888 1175 ἵνα

319 1202 411 1255 διά
451 1203 667 1256 πάντων
709 1204 942 1277 διαφανῇ
981 1206 1042 1258 τὸ
1088 1207 1222 1276 πρὸς
1260 1210 1389 1264 Θεὸν
1431 1211 1770 1281 εὐχάριστον,
1795 1212 1886 1265 τοῦ

319 1294 630 1366 ἀνθρώπου.

395 1396 482 1448 II.
519 1398 856 1466 Εἱσελεύσῃ
883 1398 993 1469 (26)
1021 1400 1130 1468 ἕως
1160 1405 1365 1473 γενεᾶς
1389 1403 1654 1472 πατέρων
1679 1406 1883 1461 αὑτοῦ.

319 1482 489 1559 Οἶμαι
523 1490 698 1560 λέγειν
731 1492 856 1562 περὶ
889 1492 981 1545 τοῦ
1011 1496 1354 1567 ἀμαρτωλοῠ,
1381 1499 1463 1550 ὅτι
1492 1499 1739 1554 τοσοῦτον
1770 1503 1888 1555 ἐπι-

317 1581 575 1650 γινώσκει
604 1583 733 1636 Θεὺν
759 1584 891 1655 (27),
919 1587 1044 1641 ὅσον
1072 1591 1102 1659 ἠ
1129 1589 1234 1640 τῶν
1262 1589 1511 1658 πατέρων
1553 1593 1716 1645 αὑτοῦ
1768 1613 1888 1648 συν-

319 1673 479 1744 ήθεια
501 1675 867 1745 παραδέδωκε·
897 1682 961 1749 τῇ
993 1680 1048 1732 δὲ
1082 1681 1257 1751 οίκείᾳ
1289 1681 1382 1733 τοῦ
1416 1687 1630 1753 φρονεῖν
1663 1686 1887 1760 δυνάμει

317 1764 471 1818 οὐδὲν
506 1766 663 1821 πλέον
699 1773 1055 1840 προσκτᾶται,
1081 1772 1200 1823 οὐδὲ
1226 1774 1575 1848 προστίθησιν
1600 1781 1773 1853 ἑαυτῷ
1808 1786 1887 1848 εἰς

317 1856 419 1926 τὴν
451 1857 550 1926 τῆς
585 1859 837 1929 ἀληθείας
885 1861 1197 1928 ἐπίγνωσιν.
1249 1865 1513 1922 Τοσοῦτον
1557 1866 1683 1937 οὖν,
1722 1874 1882 1943 φησὶ,

1992 659 2189 713 stiores
2213 662 2526 718 acciderint.
2549 665 2678 722 Tale
2702 665 2844 722 enim
2875 675 2955 720 est
2975 669 3136 719 etiam
3165 666 3292 720 illud
3315 666 3540 729 diaboli,

1992 750 2045 805 in
2077 755 2318 809 criminis
2347 756 2465 810 loro
2495 759 2760 825 ohjeclum
2797 757 2952 823 Jobo,
2986 761 3127 828 quod
3153 758 3251 814 Job
3282 773 3383 812 non
3419 773 3539 826 gru-

1991 846 2060 899 tis
2088 846 2226 900 colat
2251 845 2536 902 Dominum
2562 849 2603 914 ³,
2636 854 2728 906 sed
2755 851 2968 908 divitias
2997 851 3297 905 mercedem
3327 849 3547 920 pietatis

1990 937 2256 1004 obtineat,
2291 949 2346 994 et
2385 939 2609 1010 reliqua.
2640 942 2843 1002 Idcirco
2869 946 3031 1002 etiam
3065 945 3128 996 ad
3163 942 3546 998 ostendendam

1990 1028 2093 1082 viri
2125 1031 2400 1098 virtutem,
2421 1047 2542 1085 eum
2575 1033 2640 1087 iis
2670 1047 2786 1102 qum
2815 1035 3363 1104 possidehatprivavit
3386 1034 3545 1096 Deus,

1992 1133 2048 1177 ut
2075 1123 2129 1177 in
2164 1125 2414 1181 omnibus
2443 1136 2626 1197 gratus
2661 1127 2897 1183 hominis
2929 1132 2979 1184 in
3015 1131 3181 1185 Deum
3218 1129 3430 1181 animus
3462 1126 3545 1180 in-

1990 1224 2316 1272 ηοιεεεθτει.

2061 1400 2146 1455 11.
2191 1399 2353 1455 Vens.
2387 1399 2474 1455 90.
2501 1399 2748 1457 lntroibis
2773 1418 2932 1472 usque
2957 1403 3008 1455 in
3045 1407 3310 1472 progenies
3335 1415 3546 1473 patrum

1990 1491 2169 1559 ipsius.
2208 1494 2369 1565 188
2395 1495 2641 1551 Arbitror
2667 1511 2787 1550 eum
2820 1496 2919 1550 hoc
2945 1497 3009 1550 de
3044 1505 3321 1564 peccatore
3347 1498 3543 1560 dicere,

1991 1585 2129 1652 quod
2150 1594 2352 1640 tantum
2368 1588 2639 1656 c0gnoscit
2661 1589 2849 1652 Deum,
2869 1596 3128 1658 quantum
3155 1596 3361 1655 patrum
3381 1587 3544 1654 ipsius

1989 1676 2320 1729 consuetudo
2358 1678 2606 1742 tradidit;
2663 1680 2872 1747 prepria
2912 1693 3040 1734 vero
3081 1676 3324 1746 sapiendi
3373 1675 3545 1730 facul-

1990 1777 2100 1823 tate
2135 1769 2264 1823 nihil
2304 1770 2534 1840 amplius
2568 1773 2832 1839 acquirit,
2865 1788 3034 1841 neque
3063 1779 3218 1841 parat
3259 1770 3362 1824 sibi
3394 1770 3548 1839 quid-

1988 1875 2150 1931 quam
2203 1861 2269 1915 ad
2303 1862 2545 1916 veritatis
2585 1862 2933 1930 agnitionem.
2972 1862 3198 1915 Tantum
3246 1864 3425 1932 igitur,
3463 1863 3546 1915 in-

318 1947 596 2016 παραγίνῃ
634 1949 718 2012 σὺ,
753 1951 779 2000 6
811 1949 961 2014 Θεὸς,
1005 1953 1097 2005 καὶ
1125 1956 1358 2028 τοσαύτη
1395 1959 1542 2012 ἐστὶν
1580 1962 1637 2013 ὲν
1669 1964 1816 2032 αὐτῷ
1857 1966 1887 2032 ἡ
1927 1936 1951 1989 Ε

1927 1936 1965 1989 Β
1992 1954 2127 2022 quit,
2161 1954 2372 2008 accedis
2402 1963 2476 2019 tu,
2515 1953 2672 2019 Deus,
2709 1963 2762 2008 et
2791 1963 2935 2008 tanta
2962 1953 3010 2009 ei
3044 1953 3111 2008 de
3149 1963 3200 2006 te
3224 1955 3362 2008 inest
3391 1952 3548 2008 intel-

317 2035 449 2105 περὶ
478 2035 571 2090 σοῦ
600 2036 796 2104 ἔννοια,
829 2041 924 2112 ὅση
955 2044 1012 2096 ὲν
1035 2048 1100 2115 τῇ
1124 2049 1286 2116 γενεᾷ
1311 2049 1417 2098 τῶν
1448 2051 1698 2119 πατέρων
1725 2054 1886 2105 αὑτοῦ

318 2125 555 2198 ὑπῆρχε.
604 2131 714 2184 Καὶ
755 2133 984 2188 ἐνταῦθα
1031 2137 1091 2188 τὸ
1137 2137 1303 2205 ἀργὸν
1349 2137 1484 2191 πολὺ
1524 2139 1624 2208 τῆς
1654 2141 1890 2207 διανοίας

315 2218 415 2269 καὶ
448 2219 566 2274 ὅλον
602 2222 786 2292 γήῖνον
821 2227 911 2277 καὶ
950 2225 1276 2296 φιλόσαρκον
1309 2227 1399 2281 τοῦ
1447 2229 1505 2282 ὲν
1549 2231 1762 2305 πλούτῳ
1795 2235 1888 2290 καὶ

314 2315 494 2382 τρυφῇ
531 2313 848 2384 κυλιομένου
878 2318 1197 2388 παρίστησι,
1227 2323 1318 2374 καὶ
1344 2322 1437 2376 τοῦ
1469 2325 1606 2398 ὑπὲρ
1631 2328 1735 2380 τῶν
1763 2329 1887 2398 βιω-

314 2401 483 2454 τικῶν
521 2405 796 2475 μεριμνῶν
827 2412 1333 2482 καταπεπνιγμένον
1366 2416 1455 2468 τὸν
1497 2418 1618 2470 νοῦν
1653 2419 1884 2487 ἔχοντος.

313 2495 420 2548 Διὰ
451 2497 622 2552 τοῦτο
647 2498 756 2564 ἕως
784 2500 997 2569 αἰῶνος
1018 2507 1128 2561 οὐκ
1156 2508 1362 2577 ὄψεται
1391 2510 1534 2579 φῶς.
1568 2513 1628 2564 Oi
1660 2514 1765 2584 γὰρ
1794 2531 1887 2567 τυ-

316 2586 470 2655 φλοῖς
502 2587 839 2656 διδασκάλοις
872 2594 969 2666 τὴν
1003 2596 1223 2667 ὁδηγίαν
1251 2601 1459 2652 ἑαυτῶν
1497 2602 1888 2675 ἐπιτρέψαντες

313 2678 617 2751 ἐπέρησαν
673 2685 896 2749 ἑαυτοὺς
957 2688 1056 2756 τῆς
1111 2689 1205 2741 τοῦ
1268 2693 1442 2760 φωτὸς
1512 2696 1879 2763 ἀπολαύσεως.

317 2765 473 2836 Ἐχει
495 2769 551 2821 δὲ
584 2770 693 2842 (9.8)
725 2774 818 2826 καί
845 2774 970 2826 ’τινα
1002 2777 1240 2834 τοιοῦτον
1273 2783 1393 2834 νοῦν
1431 2785 1515 2848 τὸ,
1545 2787 1883 2858 Ε’ὶσελεύσῃ

313 2858 427 2924 ἕως
455 2860 660 2930 γενεᾶς
685 2865 952 2934 πατέρων
985 2870 1190 2928 αὐτοῦ.
1227 2873 1502 2940 Τουτέστι,
1537 2878 1663 2942 τοὺς
1691 2883 1747 2933 ἐν
1788 2900 1885 2936 πο-

314 2949 468 3042 νηρῷ
509 2951 605 3023 βίῳ
642 2953 736 3007 καὶ
764 2955 992 3026 δόγμασι
1030 2961 1278 3034 πατρίοις
1319 2966 1444 3035 μὲν,
1491 2967 1783 3042 ἀλλοτρίως
1827 2973 1882 3026 δὲ

316 3040 498 3134 ἔχουσι
523 3043 658 3113 πρὸς
689 3044 785 3116 τὴν
820 3048 1120 3117 εὐσέϐειαν,
1153 3055 1596 3128 καταληφθέντας
1627 3040 1756 3134 (Ξυ),
1785 3065 1883 3120 οὐκ

316 3131 516 3222 αὐτοὺς
545 3134 784 3222 ἐκδικεῖς
819 3138 996 3206 μόνον,
1026 3142 1159 3196 ἀλλὰ
1188 3146 1282 3197 καὶ
1313 3147 1440 3211 τοὺς
1470 3131 1745 3222 ἀρχηγοὺς
1774 3156 1881 3209 τῶν

320 3214 610 3286 μοχθηρῶν
640 3219 980 3292 διδαγμάτων
1013 3227 1310 3299 ἐπιζητεῖς.
1355 3235 1464 3287 Καὶ
1681 3214 1794 3295 ἐστι
1822 3246 1881 3297 τὸ

316 3306 605 3404 λεγόμενον
639 3310 748 3380 (50)
771 3330 786 3343 ο
827 3293 1174 3391 ιιῗὶσελεύονῃ⁷
1209 3293 1318 3391 ἕως
1364 3328 1572 3396 γενεᾶς
1617 3293 1883 3404 ποτέρου)ζ
1910 3293 1951 3350 c

317 3402 524 3494 aurai).
559 3405 631 3457 Οὐ
661 3406 767 3479 γὰρ
795 3409 954 3478 μόνον
986 3412 1013 3465 6
1041 3415 1279 3486 πονηρὰς
1311 3417 1447 3488 ἔχων
1477 3423 1601 3494 περὶ
1629 3402 1771 3481 Θεοῦῗ
1795 3431 1881 3482 ὲν-

317 3490 468 3555 νοίας
489 3494 752 3562 ὑπαίτιος,
779 3499 911 3554 ἀλλὰ
930 3503 1024 3556 καὶ
1049 3506 1075 3556 6
1100 3504 1303 3560 τούτων
1326 3511 1460 3579 πρὸς
1488 3490 1584 3582 τὴν
1609 3514 1881 3571 ἀπώλειαν

317 3582 520 3681 ταύτην
548 3587 1015 3661 καθηγησάμενος.
1059 3596 1301 3651 Τοιοῦτοι
1336 3600 1391 3654 δὲ
1429 3603 1476 3654 οί
1512 3605 1604 3657 καὶ
1626 3605 1722 3679 τὴν
1751 3627 1881 3681 προ-

319 3674 493 3741 γόνων
521 3679 715 3733 κακίαν
743 3681 1130 3754 διαδεξάμενοι,
1154 3692 1246 3743 καὶ
1273 3692 1620 3750 δυσέκνιπτον
1644 3700 1876 3770 ἔχοντες,

317 3763 408 3857 διὰ
445 3766 506 3819 τὸ
545 3771 741 3841 χρονίῳ
781 3773 890 3826 ἔθει
923 3774 1301 3849 βεϐαιωθῆναι.
1335 3785 1485 3851 Ἕως
1527 3763 1737 3857 αἰῶνος
1770 3763 1878 3848 οὐκ

319 3854 527 3924 ὄψεται
724 3864 1032 3934 Πέμπονται
1057 3871 1163 3942 γὰρ
1189 3876 1290 3940 Εἰς
1314 3875 1378 3928 τὸ
1405 3881 1623 3948 σκότος
1652 3854 1882 3951 τιὸ-ἐξώ-

320 3962 494 4013 τερον
512 3965 523 3977 ·
553 3949 680 4003 ἐκεῖ
700 3951 867 4008 ἔσται
899 3959 931 4009 ό
970 3961 1274 4028 κλαυθμὸς
1304 3965 1398 4016 καὶ
1424 3970 1455 4019 o'
1471 3968 1740 4038 ,ϐρυγμὸς
1764 3949 1882 4028 τῶν

320 4039 612 4093 ὀδόντωνο
665 4046 757 4098 καὶ
802 4045 958 4099 τοῦτο
991 4050 1129 4105 κατὰ
1161 4051 1257 4122 τὴν
1291 4053 1504 4111 δικαίαν
1553 4061 1730 4131 κρίσιν
1778 4065 1871 4118 τοῦ

320 4129 455 4182 Θεοῦ
485 4132 858 4202 ὑπομένουσιν,
893 4140 1075 4214 ἐπειδὴ
1111 4146 1167 4196 ὲν
1198 4144 1274 4215 τῷ
1311 4146 1407 4218 βίῳ
1439 4149 1630 4223 τούτῳ,
1664 4154 1749 4209 διὰ
1783 4158 1874 4210 τοῦ

318 4219 390 4272 τά
420 4221 594 4316 φαθλα
628 4225 733 4295 (51)
763 4229 1044 4298 πράσσειν,
1094 4235 1318 4305 ἐμίσουν
1351 4239 1410 4290 τὸ
1445 4219 1592 4310 φῶς.-
1630 4247 1876 4316 Ἀνθρω-

321 4328 455 4377 πος,
480 4314 548 4366 ὲν
570 4317 705 4385 τιμῇ
729 4318 830 4383 ὢν,
853 4325 922 4374 οὺ
955 4326 1204 4394 συνῆκεο
1233 4336 1730 4407 παρασυνεσλήθη
1757 4314 1879 4409 τοῖς

322 4404 570 4471 κτήνεσι
603 4409 722 4476 τοῖς
746 4413 1039 4482 ἀνοήτοις,
1069 4419 1163 4470 καί
1191 4420 1451 4491 ὡμοιώθη
1481 4428 1701 4494 αὐτοῖς.
1720 4404 1727 4407 ν
1745 4404 1876 4502 Σχεἰ

319 4497 601 4571 τλιαστικὴ
631 4503 662 4572 ή
691 4506 856 4576 φωνή.
893 4507 1228 4579 Ἀνθρωπος,
1267 4514 1293 4564 6
1326 4513 1498 4585 βραχύ
1530 4535 1580 4569 τι
1618 4523 1745 4591 παρ’

393 4650 416 4682 ⁸
453 4651 552 4708 Job
595 4669 628 4716 ι,
677 4655 730 4710 9.
809 4662 830 4689 ⁸
869 4657 1056 4716 Matth.
1090 4680 1206 4728 vm,
1259 4668 1346 4721 I2.
1420 4670 1440 4700 '
1482 4670 1642 4728 IIebr.
1671 4691 1731 4742 Il,
1764 4677 1814 4742 7,
1843 4679 1895 4734 9.

397 4768 721 4857 (25")“9otle‘x
776 4769 1017 4857 (Ζοιιιρείἰ
1066 4791 1182 4857 cum
1235 4781 1398 4857 Coisl.
1428 4788 1872 4857 Δπροφερόμενον

397 4801 507 4835 μιν)
544 4801 721 4823 νυιϊι
776 4801 1015 4827 υυιιιιηςι.
1066 4801 1182 4831 cum
1235 4801 1398 4834 UOISI.
1469 4802 1506 4835 π
1545 4802 1570 4836 ο

323 4837 739 4912 τῷχᾼιίςιυεηιο
767 4854 886 4910 post
907 4844 1058 4898 Colb.
1086 4850 1288 4912 primus
1311 4851 1398 4903 τὸν
1421 4801 1570 4905 Θεκὶ.

397 4909 508 4984 (26)
540 4909 683 4984 ἰξοεᾷἰί
716 4909 1025 4984 secundus,
1061 4909 1247 4973 tertius
1279 4929 1332 4974 et
1376 4934 1561 4976 sextus
1599 4937 1652 4979 et
1707 4929 1870 4984 editio

325 4979 490 5032 Basil.
526 4979 823 5059 εἰσελεύσῃ,
859 4984 1101 5059 introibis
1127 5003 1145 5040 :
1178 5005 1332 5053 quam
1367 4995 1686 5059 scripturam
1714 4979 1869 5052 eihi

327 5060 440 5103 tres
498 5049 712 5122 codices
762 5049 814 5106 et
871 5055 1032 5110 editio
1069 5049 1224 5112 Basii.
1276 5061 1328 5112 in
1378 5049 1584 5118 duobus
1623 5049 1871 5122 locisse;

324 5119 613 5242 ﬂuentibus
652 5134 960 5177 constanter
1015 5127 1287 5182 exhibent.
1347 5131 1412 5183 Et
1461 5132 1529 5185 ita
1587 5119 1873 5204 scripsisse

369 5190 580 5242 asilium
616 5199 723 5242 tota
751 5195 1013 5242 oratioiiis
1055 5199 1222 5242 series
1265 5211 1447 5242 alter“:
1481 5207 1711 5242 (κιρ-..Ην
1799 5209 1867 5242 Im

369 5190 723 5267 asiliuni__tota
751 5195 1013 5267 oratioiiis
1055 5199 1222 5251 series
1265 5211 1447 5267 aperte
1481 5190 1868 5261 ostendiiilta

325 5274 538 5338 quoque
553 5259 678 5314 olim
711 5260 984 5338 legebatur
1001 5268 1138 5338 apud
1158 5275 1264 5322 tres
1289 5259 1626 5338 interpretes,
1651 5259 1870 5332 δυάδι-ε

326 5330 684 5408 Ῑιιοοᾱοτειο.
717 5330 785 5384 At
832 5330 1122 5408 Colbert'iui
1179 5349 1368 5408 serius
1400 5330 1452 5392 εὶ
1485 5330 1743 5408 septimus
1767 5330 1798 5408 ,ί
1819 5330 1871 5401 et

329 5400 459 5471 Reg.
506 5411 755 5471 quartus,
803 5411 855 5454 et
892 5401 1027 5455 Oliv.
1080 5415 1132 5456 et
1175 5406 1310 5460 LXX
1373 5419 1426 5462 et
1477 5400 1640 5465 editio
1702 5400 1870 5471 Paris.

324 5470 979 5551 εἰσελεύσεται,ῥηινοίὺίς..
1014 5473 1109 5551 Illii
1160 5479 1475 5551 notandum,
1540 5483 1624 5551 hic
1661 5470 1873 5551 quidem

323 5539 614 5615 in_ulti_mis
657 5541 824 5615 tribus
858 5544 1130 5615 codicibus
1190 5548 1289 5615 legi
1344 5539 1707 5604 εἰσελεύσεται
1738 5571 1749 5604 :
1782 5559 1873 5610 scd

321 5608 767 5694 itiir‘a‘in‘iist‘l‘em
789 5613 966 5694 Ise'mel
991 5621 1082 5694 aut
1113 5608 1304 5694 iteruin
1339 5619 1436 5686 legi
1471 5621 1768 5694 εἰσελεύσῃ.

393 5678 505 5755 (2?)
533 5679 1003 5755 Ait_Comhelisius
1041 5684 1139 5755 legi
1174 5687 1312 5740 foedo
1348 5678 1530 5743 er'rore
1568 5691 1618 5744 in
1650 5678 1872 5755 Ca'ienu,

319 5748 571 5824 τοο-οῷτον
625 5750 970 5824 ὲπιγινῴσκει
1001 5755 1028 5805 6
1057 5748 1208 5816 Θεὸς,
1249 5757 1297 5809 id
1343 5765 1480 5824 quod
1535 5762 1605 5813 ita
1653 5748 1876 5817 redtlidii

321 5817 628 5884 Curtlet'itts,
680 5821 816 5886 quod
854 5832 1056 5875 tantum
1109 5817 1380 5892 cognoscat
1421 5846 1535 5881 eum
1578 5831 1734 5895 Deus,
1765 5847 1865 5887 etv.

1992 2043 2247 2111 Iigentia,
2317 2056 2515 2112 quanta
2576 2046 2628 2098 in
2684 2045 3031 2114 generatione
3099 2054 3312 2112 patrum
3377 2045 3544 2112 ipsius

1991 2135 2218 2192 exstitit.
2273 2135 2338 2190 Et
2382 2137 2470 2191 hic
2521 2137 2758 2190 animum
2813 2136 2962 2190 valde
3004 2137 3231 2190 inertem
3278 2144 3332 2190 et
3377 2144 3543 2189 totum

1993 2238 2265 2285 terrenum
2311 2245 2373 2285 ac
2407 2229 2557 2285 carni
2604 2231 2876 2284 addictum
2923 2229 3138 2284 exhibet
3167 2229 3306 2296 ejus,
3353 2229 3443 2297 qui
3493 2230 3543 2281 in

1988 2321 2190 2376 divitiis
2228 2321 2544 2392 deliciisque
2569 2322 2864 2385 volutatur,
2896 2337 2958 2376 ac
2987 2332 3221 2376 mentem
3255 2323 3414 2376 habet
3446 2322 3546 2374 hu-

1983 2413 2070 2481 jus
2094 2415 2214 2466 vitae
2241 2413 2383 2466 curis
2413 2412 2748 2468 sull'ocatam.
2781 2412 3114 2483 Quapropter
3136 2429 3298 2483 usque
3321 2415 3374 2467 in
3400 2423 3548 2467 teter-

1989 2515 2112 2552 num
2153 2517 2252 2554 non
2284 2503 2468 2556 videbit
2497 2504 2688 2557 lumen.
2721 2505 2820 2569 Qui
2847 2506 2987 2558 enim
3024 2521 3082 2559 se
3117 2508 3275 2560 crucis
3307 2506 3544 2560 doctori-

1987 2592 2086 2649 bus
2138 2593 2411 2648 ducendos
2450 2595 2852 2659 commiserint,
2899 2597 3219 2666 semetipsos
3261 2596 3396 2650 lucis
3446 2612 3543 2650 usu

1987 2685 2352 2755 privaverunt.
2389 2685 2527 2753 Quin
2554 2695 2608 2742 et
2635 2686 2794 2740 talem
2829 2689 3111 2757 quemdam
3137 2703 3352 2742 sensum
3379 2688 3541 2742 habet

1985 2782 2148 2846 illud,
2197 2781 2446 2838 Introibis
2487 2799 2647 2854 usque
2687 2784 2741 2838 in
2778 2785 3045 2854 progenies
3101 2797 3309 2848 patrum
3354 2786 3540 2856 ipsius.

1989 2871 2098 2927 Iloc
2142 2883 2245 2938 est,
2279 2889 2392 2939 eos,
2425 2876 2514 2943 qui
2562 2875 2617 2928 in
2661 2875 2797 2928 mala
2830 2876 2936 2928 vita
2969 2887 3022 2929 et
3068 2878 3405 2946 dogmatibus
3438 2892 3534 2943 pa-

1986 2964 2153 3018 ternis
2203 2965 2451 3034 quidem,
2509 2964 2604 3018 sed
2653 2978 2680 3016 a
2721 2964 2918 3034 pietate
2965 2966 3172 3032 alienis,
3221 2969 3542 3036 deprehensi

1983 3064 2128 3121 sunt,
2160 3071 2266 3112 non
2301 3056 2580 3113 ulcisceris
2610 3057 2789 3124 modo,
2823 3059 2916 3112 sed
2950 3067 3194 3112 auctores
3222 3058 3385 3112 etiam
3419 3075 3543 3127 pra-

1983 3164 2174 3204 vorum
2203 3149 2508 3216 dogmatum
2547 3149 2800 3218 inquiris.
2836 3151 3011 3219 Atque
3047 3151 3148 3206 hoc
3176 3162 3257 3206 est
3285 3155 3427 3222 quod
3460 3155 3542 3206 «Ιίο

1985 3243 2125 3296 cilur
2161 3260 2174 3296 :
2211 3242 2459 3296 Introibis
2509 3259 2668 3312 usque
2705 3243 2760 3297 in
2795 3245 3065 3314 progenies
3096 3254 3306 3314 patrum
3353 3247 3539 3316 ipsius.

1987 3330 2101 3385 Non
2130 3333 2270 3386 enim
2300 3335 2470 3388 solum
2500 3338 2588 3406 qui
2620 3352 2781 3406 prave
2812 3337 2878 3392 de
2911 3336 3019 3390 Deo
3048 3338 3232 3400 sentit,
3266 3354 3390 3392 rcus
3413 3350 3495 3392 est
3525 3359 3536 3394 :

1985 3421 2078 3476 sed
2115 3423 2276 3476 etiam
2306 3427 2394 3494 qui
2438 3428 2558 3482 aliis
2600 3430 2665 3482 ad
2713 3429 2854 3482 hanc
2896 3426 3254 3498 perditionem
3308 3430 3536 3498 prmivit.

1984 3515 2258 3586 Ejusmodi
2285 3528 2462 3572 autem
2500 3529 2624 3573 sunt
2651 3529 2704 3574 et
2733 3522 2824 3590 qui
2856 3519 3117 3589 majorum
3149 3521 3538 3592 malignitatem

1984 3622 2310 3678 suscepere:
2352 3626 2492 3679 qum,
2523 3612 2664 3682 quod
2694 3612 2898 3667 diutina
2933 3613 3320 3669 consuetudine
3359 3631 3542 3670 corro-

1984 3700 2169 3755 borata
2204 3711 2306 3766 est,
2346 3700 2450 3756 elui
2487 3703 2570 3756 vix
2606 3713 2798 3773 potest.
2854 3703 3025 3775 Usque
3067 3707 3120 3757 in
3155 3715 3406 3758 wlernum
3440 3724 3542 3760 non

1982 3795 2165 3850 videbit
2186 3794 2379 3850 lumen.
2409 3794 2692 3850 Mittuntur
2718 3796 2860 3851 enim
2889 3795 2955 3851 In
2978 3798 3211 3852 tenebras
3238 3799 3538 3860 exteriores,

1980 3889 2067 3940 ubi
2105 3890 2198 3942 erit
2227 3890 2380 3958 fletus
2420 3901 2467 3944 et
2503 3890 2699 3943 stridor
2726 3889 3030 3954 dentium‘;
3067 3891 3224 3958 idque
3255 3889 3400 3956 justo
3448 3890 3540 3944 Dei

1977 3979 2177 4048 judicio
2208 3984 2499 4050 patiuntur,
2537 3998 2657 4034 cum
2690 3983 2740 4034 in
2777 3983 2874 4035 hac
2912 3983 3014 4036 vita
3061 3983 3204 4037 inter
3248 3982 3386 4036 mala
3442 4000 3539 4053 pa-

1980 4072 2165 4125 tranda
2199 4071 2409 4126 oderint
2437 4072 2635 4125 lumen.
2665 4072 2826 4128 Vens.
2873 4074 2962 4130 21.
2995 4074 3168 4128 Homo
3198 4093 3314 4128 cum
3353 4079 3405 4130 in
3447 4078 3539 4129 ho-

1983 4181 2108 4217 nore
2147 4175 2297 4229 esset,
2341 4181 2442 4218 non
2483 4167 2770 4232 intellexit;
2814 4179 3148 4235 comparatus
3183 4181 3255 4222 est
3281 4171 3540 4239 jumentis

1979 4257 2360 4324 insipientibus,
2407 4269 2453 4311 et
2486 4260 2672 4312 similis
2705 4261 2876 4328 factus
2919 4270 2995 4314 est
3051 4262 3175 4315 illis.
3218 4264 3539 4318 Miserabilis

1979 4364 2102 4402 vox.
2142 4349 2331 4413 Homo,
2360 4351 2516 4421 paulo
2535 4353 2737 4422 angelis
2767 4354 3044 4419 inferior”,
3083 4357 3146 4410 de
3180 4372 3286 4426 quo
3310 4368 3364 4412 et
3387 4358 3538 4410 Salo-

1983 4460 2104 4499 mon
2139 4445 2213 4498 ait
2248 4463 2260 4498 :
2298 4445 2544 4516 Magnum
2580 4450 2829 4516 quiddam
2862 4460 2944 4504 est
2987 4452 3166 4511 homo,
3205 4461 3260 4504 et
3301 4467 3386 4505 res
3413 4468 3537 4519 pre-

1913 4581 1954 4635 D
1985 4537 2116 4592 tiosa
2153 4538 2234 4592 vir
2263 4539 2566 4594 misericors
2588 4540 2608 4571 ⁸
2642 4559 2654 4593 :
2686 4541 2771 4597 hic
2803 4542 2918 4612 ipse
2941 4583 2956 4606 ,
2988 4559 3053 4597 eo
3096 4543 3237 4612 quod
3269 4543 3535 4613 propriam

1972 4687 1992 4719 ⁸
2015 4681 2171 4737 Prov.
2200 4701 2293 4748 xx,
2323 4685 2375 4737 6.

1983 4793 2093 4868 Ilioc
2120 4796 2258 4852 idem
2309 4812 2590 4868 peccatum
2642 4814 2693 4857 et
2727 4805 2778 4858 in
2809 4806 3042 4860 editione
3079 4806 3240 4860 Basil.
3265 4816 3318 4861 et
3350 4808 3398 4860 in
3430 4808 3535 4861 Rc-

2017 4866 2084 4945 iis_
2141 4866 2590 4945 secundoatertio
2648 4884 2700 4928 et
2747 4887 2940 4945 quarto
3001 4878 3204 4943 pariter
3249 4881 3532 4945 reperitur.

2022 4936 2084 5014 ed
2117 4947 2290 4991 tamen
2315 4940 2635 5008 scripturam
2673 4936 2876 5008 veram,
2911 4936 3159 4999 τοσοῦτον
3185 4936 3533 5014 ἐπιγινώσκει

1979 5004 2146 5080 Θεόν,Δ
2170 5017 2387 5062 tuentur
2422 5004 2530 5065 ium
2559 5015 2724 5070 editio
2751 5004 3091 5080 Parisiensis,
3128 5028 3236 5070 tum
3273 5004 3533 5070 Colberti—

1976 5075 2030 5128 ni
2056 5076 2297 5151 quintus,
2321 5088 2503 5134 sextus
2533 5092 2588 5135 et
2626 5086 2903 5151 septimus.
2939 5075 3133 5140 Ibidem
3167 5087 3330 5139 editio
3371 5087 3526 5140 anil.

1975 5154 2028 5222 et
2056 5145 2202 5222 liegii
2240 5151 2531 5222 secundus.
2563 5145 2751 5207 tertius
2779 5167 2832 5208 et
2865 5166 3092 5222 quartus
3114 5173 3236 5209 cum
3267 5156 3423 5210 Coisl.
3451 5159 3531 5209 ὅτι

1967 5216 2029 5284 τῇ
2045 5215 2166 5298 ’τῶν
2178 5221 2334 5298 ἠπατέ
2344 5237 2449 5290 ρων
2475 5223 2640 5275 αὑτοῦ
2675 5215 2935 5298 συνηθείᾳ
2959 5227 3334 5298 παραδέδοται.

2039 5286 2150 5360 (ἓξ)
2178 5285 2267 5360 Sic
2299 5285 2425 5345 tn'ss.
2465 5306 2692 5359 septem.
2730 5285 2892 5349 Abest
2907 5285 2974 5348 ’δέ
3000 5285 3066 5349 ab
3099 5300 3275 5351 editis.

2037 5354 2157 5434 (9.91
2184 5357 2361 5434 Editio
2410 5354 2567 5434 Basil.
2602 5375 2657 5416 et
2700 5375 2930 5432 quatuor
2963 5382 3087 5420 mss.
3142 5366 3530 5434 καταλειφθέν-

1971 5442 2085 5505 τας.
2123 5427 2295 5482 Editio
2349 5445 2473 5505 vero
2511 5431 2683 5505 Paris.
2718 5427 2846 5488 cum
2899 5435 3052 5492 Colb.
3086 5442 3272 5505 quinto
3322 5427 3525 5491 et't-um

1975 5494 2121 5571 Reg
2135 5510 2294 5571 sexto
2322 5502 2779 5571 καταληφθέντας.

1997 5635 2005 5644 .
2186 5566 2328 5638 Regii
2361 5565 2639 5646 terlitt'slet‘
2672 5565 2894 5646 quartus
2929 5574 3216 5646 λεγόμενον
3272 5579 3373 5631 ὅτι.
3409 5575 3530 5646 εἰπέ

1974 5636 2064 5687 tint
2117 5636 2246 5720 Reg.
2269 5636 2473 5695 tertius
2496 5642 2654 5696 ’ἀλλὰ
2680 5636 2772 5696 καὶ
2811 5646 2837 5696 ὁ
2863 5636 3073 5704 τουτουί
3109 5649 3246 5702 Editi
3281 5661 3334 5702 et
3374 5645 3529 5701 mutti

1973 5721 2098 5757 IIISS.
2123 5723 2325 5761 τουτων
2338 5751 2346 5760 .

2042 5776 2152 5843 (51)
2183 5778 2309 5849 lIcg.
2338 5782 2525 5836 tertius
2550 5783 2634 5837 διὰ
2668 5785 2724 5837 τὺ
2755 5787 2821 5838 τά
2859 5786 3052 5854 ’ραῦλαμ
