4230 6494
782 415 886 467 1'59

2125 416 2179 467 S.
2225 416 2303 466 BA
2317 415 2461 469 SILII
2497 415 2704 468 MAGNI

3887 422 3988 472 4(ιο

774 538 874 573 non
923 522 1157 586 percepit
1197 522 1537 588 dignitatem,
1582 523 1675 574 sed
1721 523 1898 575 carnis
1947 524 2322 591 cupiditatibus
2352 533 2444 591 Λγ

2311 545 2322 574 ι
2352 533 2390 586 Λ
2424 524 2613 591 γέλους
2654 524 2993 590 ἐλαττωθεὶς,
3045 529 3170 596 περ).
3209 525 3267 583 οὗ
3313 532 3403 584 καὶ
3448 533 3475 585 ὁ
3515 530 3761 601 Σολομὼν
3816 551 3981 603 φησι·

767 611 1076 672 succubuit,
1107 609 1453 676 Contparatus
1487 622 1562 662 est
1583 612 1836 679 jumentis
1867 614 2245 683 insipientibus,
2273 629 2319 671 et

765 698 951 749 similis
977 698 1149 765 factus
1173 709 1248 753 est
1277 700 1400 752 illis.

2426 616 2582 683 Μέγα
2621 616 2932 688 ἄνθρωπος,
2969 619 3061 672 καὶ
3106 619 3283 689 τίμιον
3327 625 3466 695 ἀνὴρ
3509 626 3786 696 ἐλεήμωνο
3831 622 3986 688 οὗτος

2423 709 2509 762 διὰ
2543 710 2602 762 τὸ
2643 711 2714 781 μὴ
2748 713 3100 782 αἰσθανθῆναι
3143 715 3236 768 τοῦ
3270 720 3468 774 οἰκείου
3506 719 3834 790 ἀξιώματος,
3871 721 3983 774 ἀλλ’

762 787 1035 859 ὑποκῦψαι
1077 794 1188 856 τοῖς
1226 793 1420 846 πάθεσι
1450 796 1549 866 τῆς
1590 798 1810 868 σαρκὸς,
1849 801 2358 871 Παρασυνεϐλήθη
2389 805 2509 869 τοῖς
2539 807 2786 871 κτήνεσι
2813 808 2936 874 τοῖς
2972 809 3267 875 ἀνοήτοις,
3304 812 3403 864 καὶ
3424 787 3680 883 ὡμοιὼθῆ
3718 814 3942 879 αὐτοῖς.

767 926 1008 937 ..α-ι...-

1203 1053 1264 1105 ΙΝ
1308 1052 1640 1112 PSALMUM
1687 1056 1816 1110 LIX.

832 1146 881 1196 l.
917 1145 1046 1197 Cum
1073 1154 1305 1197 vestram
1333 1147 1397 1200 ad
1428 1148 1747 1201 audiendum
1771 1146 2124 1209 alacritatem,
2161 1166 2306 1204 tuea-

760 1250 986 1304 rumque
1007 1235 1197 1288 virium
1229 1235 1551 1290 debilitatem
1577 1236 1809 1300 intueor,
1835 1237 2130 1292 similitudo
2159 1241 2307 1306 pueri

760 1326 1056 1394 cuiuspiam
1085 1326 1318 1380 animum
1344 1326 1517 1379 subit:
1553 1327 1642 1394 qui
1673 1329 1886 1397 quidem
1910 1328 2018 1395 jam
2046 1331 2313 1385 robustior

758 1429 863 1478 est,
905 1419 1129 1470 necdum
1171 1426 1350 1468 tamen
1396 1432 1423 1468 a
1462 1415 1596 1471 lacte
1631 1417 1877 1486 depulsus
1909 1419 2024 1482 fuit,
2062 1422 2152 1473 sed
2192 1436 2307 1472 ma-

759 1519 968 1562 ternam
1024 1508 1308 1560 mamillam
1355 1523 1461 1575 pne
1508 1508 1817 1561 inﬁrmitate
1864 1508 2186 1562 exsiccatam
2236 1512 2314 1563 di-

758 1611 955 1655 vexat:
1001 1601 1085 1656 cui
1131 1613 1318 1664 mater,
1353 1602 1512 1654 etiam
1551 1602 1593 1655 si
1629 1600 1800 1653 siccos
1832 1599 1986 1654 lactis
2018 1600 2190 1655 fontes
2222 1603 2314 1655 ha-

757 1692 886 1745 bere
934 1706 992 1745 se
1037 1691 1267 1754 sentiat,
1313 1691 1439 1761 quia
1489 1703 1663 1744 tamen
1709 1691 1940 1744 trahitur
1987 1702 2041 1744 et
2087 1693 2153 1746 ab
2200 1693 2314 1760 ipso

756 1782 1056 1847 Vellicalur,
1093 1797 1378 1836 mammam
1431 1783 1686 1851 porrigit;
1739 1796 1840 1835 non
1887 1792 1944 1835 ut
1986 1784 2185 1836 nutriat
2236 1783 2314 1835 in-

757 1876 1003 1936 fantemr
1024 1873 1116 1928 sed
1174 1884 1231 1927 ut
1267 1875 1438 1942 ipsum
1497 1871 1782 1939 eiulantem
1852 1873 2020 1926 sedet.
2091 1873 2154 1925 Et
2198 1873 2317 1940 qui-

1015 930 3960 968 ..Μ-Μ*

2730 1063 2837 1114 ΕΙΣ
2877 1064 3011 1116 ΤΟΝ
3056 1068 3159 1120 NG)’
3197 1068 3486 1121 ΨΑΛΜΟΝ
3533 1071 3664 1140 (5'2).

2493 1151 2538 1204 l.
2568 1152 2706 1222 Πρὸς
2731 1154 2790 1204 τὸ
2820 1153 3093 1223 πρόθυμον
3108 1159 3496 1230 ἀφορῶντατῆς
3514 1160 3975 1236 ὑμετέραςὰκοῆς,

2423 1246 2516 1297 καὶ
2549 1245 2608 1296 τὸ
2632 1247 2729 1314 τῆς
2754 1245 2988 1314 ἐμαυτοῦ
3013 1247 3288 1317 δυνάμεως
3311 1250 3551 1315 ἀσθενὲς,
3578 1252 3782 1322 ὑπῆλθέ
3809 1262 3874 1328 μέ
3897 1278 3979 1323 τις

2420 1336 2578 1387 εἰκὼν
2610 1337 2816 1389 παιδίου
2843 1338 3224 1407 νεανικωτέρου
3247 1341 3447 1401 λοιπὸν,
3470 1341 3616 1395 οὔπω
3640 1345 3821 1413 μέντοι
3849 1352 3980 1402 ἀπο-

2419 1430 2942 1500 γεγαλακτισμένου,
2978 1429 3307 1499 διοχλοῦντος
3350 1435 3405 1487 δὲ
3450 1436 3558 1503 ('55)
3587 1435 3683 1505 τὴν
3719 1442 3978 1508 μητρῴαν

2413 1520 2586 1590 θηλὴν
2633 1523 2724 1575 ὑπ’
2759 1524 3067 1594 ἀρρωστίας
3102 1523 3547 1598 κατεψυγμένην·
3579 1522 3622 1597 ᾧ
3649 1530 3750 1581 κᾶν
3788 1533 3977 1585 αἰσθά-

2411 1627 2570 1679 νηται
2600 1614 2630 1680 ή
2674 1615 2853 1684 μήτηρ
2899 1614 3063 1685 ξηρὰς
3105 1615 3298 1685 ἔχουσα
3338 1619 3436 1681 τὰς
3471 1623 3650 1694 πηγὰς
3680 1621 3772 1675 τοῦ
3807 1623 3975 1688 γάλα-

2413 1720 2570 1765 κτος,
2633 1705 2893 1775 ἑλκομένη
2964 1709 3057 1760 καὶ
3132 1712 3546 1780 σπαρασσομένη
3623 1715 3752 1784 παρ’
3807 1713 3974 1765 αὐτοῦ

2410 1796 2499 1848 τὸν
2549 1796 2717 1865 μαζὸν
2767 1797 3100 1850 ἐπιδίδωσιν·
3145 1801 3240 1870 οὑχ
3293 1801 3378 1853 ἵνα
3431 1801 3602 1874 θρέψῃ
3655 1806 3714 1858 τὸ
3762 1807 3973 1875 νήπιον,

2414 1884 2527 1936 ἀλλ’
2570 1886 2655 1938 ἵνα
2709 1885 2891 1958 παύσῃ
2941 1886 3488 1959 κλαυθμυριζόμενον.
3539 1894 3648 1945 Καὶ¹
3697 1895 3871 1946 τοίνυν
3927 1895 3975 1944 εἰ

755 1968 878 2020 dem
928 1967 1141 2020 tametsi
1185 1967 1326 2018 vires
1392 1974 1587 2018 nostra:
1650 1964 1806 2034 longa
1879 1963 2039 2035 189
2091 1964 2193 2019 hac
2251 1979 2313 2019 ac
2347 1947 2425 2026 Βπ

2303 1980 2313 2019 ι
2347 1947 2385 2000 Β
2415 1977 2505 2028 καὶ
2537 1977 2603 2028 τά
2632 1947 3353 2048 ἡμέτερα-κατεξηραμμένια
3380 1983 3442 2050 τῇ
3475 1985 3656 2052 μακρᾷ
3684 1985 3851 2053 ταύτῃ
3881 1985 3973 2036 καὶ

755 2059 904 2111 varia
972 2057 1212 2123 corporis
1258 2056 1573 2125 mgritudine
1616 2068 1972 2121 exaruerunt,
2042 2057 2312 2111 nihilomi-

757 2163 862 2202 nus
931 2158 1106 2201 tamen
1167 2157 1364 2215 prmsto
1437 2158 1562 2200 sunt
1639 2149 1820 2211 vobis,
1884 2162 1984 2202 non
2038 2149 2310 2200 ministra-

758 2250 891 2292 turze
939 2237 1158 2292 delicias
1211 2238 1457 2302 eximias,
1495 2238 1586 2293 sed
1647 2242 1787 2307 quod
1849 2247 2114 2307 utcunque
2162 2239 2309 2292 vobis

754 2327 1070 2382 satisfacere
1111 2330 1277 2398 possit
1313 2346 1326 2381 :
1358 2329 1556 2397 quippe
1603 2329 1799 2381 amoris
1839 2327 1999 2381 vestri
2048 2328 2310 2395 magnitu-

755 2420 868 2474 dini
915 2422 1045 2474 satis
1082 2429 1181 2486 est,
1214 2421 1257 2474 si
1294 2419 1373 2474 vel
1415 2420 1524 2474 sola
1576 2434 1704 2474 voce
1748 2420 2068 2475 desiderium
2122 2422 2174 2475 in
2227 2435 2309 2474 me

755 2521 996 2566 vestrum
1033 2512 1283 2568 leniatur.
1316 2511 1589 2568 Salutetur
1635 2513 1795 2583 igitur
1829 2513 1919 2567 Dei
1961 2513 2214 2575 Ecclesia,
2247 2529 2308 2567 ac

755 2605 936 2657 dicere
970 2604 1139 2658 discat
1173 2605 1312 2673 quod
1346 2605 1500 2659 modo
1531 2605 1838 2674 legebamus
1871 2624 1883 2658 :
1917 2606 2074 2658 Vens.
2108 2607 2192 2658 15.
2227 2604 2306 2657 Da

755 2695 902 2749 nobis
938 2698 1198 2750 auxilium
1224 2699 1286 2750 de
1311 2697 1643 2750 tribulatione
1676 2713 1693 2750 :
1719 2707 1767 2749 et
1798 2713 1930 2750 vana
1959 2697 2101 2749 salus
2138 2697 2306 2749 homi-

753 2786 853 2840 nis.
897 2786 1072 2853 Quare
1117 2786 1359 2842 fortassis
1407 2801 1472 2843 ne
1517 2789 1727 2843 causari
1767 2790 1978 2858 quidem
2021 2788 2304 2842 infirmita-

755 2886 864 2930 tem
898 2877 1026 2931 siuit
1065 2877 1254 2948 psalmi
1291 2880 1550 2934 sententia
1584 2899 1595 2932 :
1627 2878 1891 2948 siquidem
1930 2878 2164 2944 alilictio,
2203 2894 2305 2933 non

755 2968 1048 3021 debilitatis
1095 2979 1386 3036 praeteritus
1434 2971 1684 3024 auxilium
1729 2986 1991 3040 opemque
2032 2972 2302 3025 conciliat.

754 3058 856 3127 Qui
899 3073 1027 3129 ergo
1074 3068 1199 3114 sunt
1242 3060 1436 3128 repulsi
1491 3063 1557 3113 ob
1596 3072 1843 3129 peccata,
1876 3078 1937 3115 ac
1984 3062 2172 3115 deinde
2211 3061 2304 3116 Dei

755 3152 1122 3206 misericordia
1157 3167 1342 3206 rursus
1380 3151 1619 3213 admissi,
1652 3152 1715 3205 iis
1750 3152 1910 3208 fuerit
1949 3163 2303 3222 opportunum

756 3244 934 3298 dicere
968 3263 982 3300 :
1020 3245 1179 3301 Vatis.
1210 3244 1264 3298 '5.
1305 3243 1468 3309 Deus,
1501 3233 1734 3313 repulisti
1769 3261 1881 3305 nos,
1913 3255 1957 3298 et
2004 3246 2305 3300 destruxisti

758 3352 850 3390 nos
881 3337 1088 3392 :iratus
1140 3352 1210 3399 es,
1243 3345 1293 3390 et
1343 3337 1585 3390 misertus
1638 3353 1690 3389 es
1744 3338 1925 3390 nostri.
1973 3337 2061 3392 Vel
2110 3340 2305 3406 potius,

756 3427 1006 3496 quoniam
1064 3429 1128 3479 de
1183 3426 1370 3493 psalmi
1425 3428 1692 3481 sententia
1735 3429 1917 3482 incidit
1956 3444 2154 3492 sermo,
2190 3445 2306 3496 age,

755 3509 1143 3585 expositionem
1172 3517 1290 3585 ejus
1316 3515 1652 3584 aliquatenus
1684 3518 2027 3585 attingamus.

824 3611 880 3667 2.
921 3608 1155 3666 Historia
1187 3609 1464 3680 prmsentis
1495 3609 1704 3679 psalmi,
1736 3611 1801 3664 ad
1825 3611 2043 3665 verbum
2071 3612 2305 3681 quidem,

755 3706 1048 3763 secundum
1085 3704 1510 3774 inscriptionem,
1545 3719 1804 3774 nusquam
1841 3706 1938 3759 hoc
1981 3715 2216 3776 tempore
2257 3708 2307 3762 in

757 3800 974 3854 traditis
993 3797 1246 3854 divinitus
1272 3797 1512 3852 historiis
1542 3797 1831 3852 invenitur.
1857 3798 2102 3852 Attamen
2133 3799 2306 3867 aliqua

757 3891 886 3947 huic
913 3905 1018 3944 non
1046 3889 1266 3958 imparia
1300 3888 1366 3942 ab
1398 3887 1464 3943 iis
1489 3886 1580 3956 qui
1609 3885 1892 3956 diligenter
1933 3886 2228 3954 inquirunt,
2256 3889 2306 3941 in

757 3983 994 4039 secundo
1038 3981 1343 4048 Regnorum
1389 3981 1528 4034 libro
1570 3979 1921 4048 reperientur,
1955 3980 2004 4033 in
2041 3995 2145 4049 quo
2178 3981 2308 4034 scri-

756 4081 903 4144 ptum
927 4080 1012 4125 est
1062 4089 1076 4124 :
1110 4071 1173 4124 Et
1197 4071 1444 4137 percussit
1498 4070 1667 4123 David
1693 4070 1930 4123 Adrazar
1950 4069 2114 4136 ﬁlium
2143 4069 2307 4135 Raab,

758 4181 928 4234 regem
959 4160 1115 4223 Saba,
1153 4179 1268 4215 cum
1313 4164 1406 4216 iret
1448 4165 1555 4227 ipse
1593 4163 1660 4213 ad
1704 4161 2065 4224 imponendam
2103 4178 2308 4214 manum

759 4273 908 4310 suam
957 4271 1110 4324 super
1154 4255 1347 4322 ﬂumen
1386 4252 1723 4320 Euphratem.
1761 4252 1826 4303 Et
1876 4254 2003 4320 cepit
2039 4252 2203 4306 David
2249 4256 2311 4308 de

760 4346 910 4399 rebus
944 4344 1054 4413 ejus
1084 4344 1221 4397 mille
1255 4358 1461 4407 currus,
1494 4352 1539 4397 et
1573 4353 1763 4409 septem
1799 4341 1964 4393 millia
1991 4343 2240 4411 equitum,
2262 4354 2309 4397 et

758 4434 942 4500 uiginti
985 4435 1149 4488 millia
1192 4434 1418 4487 virorum
1462 4433 1710 4501 peditum.
1759 4431 1820 4485 Et
1869 4434 2103 4487 dissolvit
2141 4435 2309 4489 David

761 4536 935 4574 omnes
973 4538 1176 4584 currus,
1207 4531 1255 4575 et
1292 4521 1562 4590 dereliquit
1606 4537 1669 4573 ea:
1700 4521 1773 4573 eis
1812 4528 2016 4571 centum
2047 4535 2229 4574 currus
2263 4523 2304 4573 ⁷.

2414 2067 2630 2138 ποικίλῃ
2689 2067 2781 2119 τοῦ
2830 2066 3074 2137 σώματος
3125 2069 3422 2140 ἀρρωστίᾳ,
3482 2073 3627 2140 ὅμως
3691 2079 3974 2144 πρόκειται

2414 2157 2559 2225 ὑμῖν,
2601 2158 2700 2209 οὐκ
2743 2159 3037 2211 ἀπόλαυσιν
3084 2159 3374 2229 ἀξιόλογον,
3418 2161 3550 2214 ἀλλὰ
3606 2164 3972 2235 πληροφορίαν

2409 2246 2530 2298 τινὰ
2567 2249 2934 2317 παρεχόμενα,
2988 2252 3119 2305 διότι
3163 2255 3260 2323 τῆς
3290 2254 3506 2324 ἀγάπης
3536 2256 3686 2326 ὑμῶν
3716 2259 3774 2309 τὸ
3799 2260 3969 2328 ὑπερ-

2409 2337 2598 2390 ϐάλλον
2629 2339 2875 2408 ἀρκεῖται
2915 2343 3006 2393 καὶ
3033 2343 3166 2415 μόνῃ
3195 2348 3259 2414 τῇ
3295 2350 3440 2417 φωνῇ
3477 2347 3565 2399 τὸν
3597 2347 3679 2415 ἐφ’
3710 2350 3838 2418 ἡμῖν
3871 2351 3968 2402 πό-

2409 2428 2497 2482 θον
2530 2429 2638 2497 (54)
2689 2431 3084 2500 καταπραῧναι.
3134 2435 3514 2507 ΙΙροσειρησθω
3560 2440 3732 2492 τοίνυν
3785 2444 3817 2510 ἡ
3875 2441 3968 2492 τοῦ

2408 2521 2541 2572 Θεοῦ
2591 2521 2900 2592 Ἐκκλησία,
2926 2524 3019 2576 καὶ
3049 2523 3376 2578 διδασκέσθω
3405 2527 3579 2594 λέγειν
3605 2532 3737 2600 ὅπερ
3769 2531 3970 2599 ἀρτίως

2408 2610 2688 2679 ἐλέγομεν·
2716 2613 2825 2676 Δὸς
2852 2615 2991 2682 ἡμῖν
3017 2616 3302 2681 βοήθειαν
3336 2620 3402 2671 ἐκ
3429 2622 3704 2687 θλίψεως,
3735 2621 3828 2675 καὶ
3858 2639 3970 2690 μα-

2405 2701 2537 2753 ταιά
2557 2703 2813 2770 σωτηρία
2836 2703 3164 2771 ἀνθρώπου.
3193 2708 3347 2760 Ὥστε
3374 2709 3509 2779 τάχα
3534 2711 3651 2764 οὐδὲ
3673 2712 3732 2765 τὸ
3759 2730 3968 2784 προεξα-

2410 2793 2649 2857 σίζεσθαι
2682 2795 2990 2866 ἀρρωστίαν
3021 2798 3148 2868 ἡμῖν
3182 2799 3331 2868 ἡτοῦ
3364 2800 3576 2873 ψαλμοῦ
3602 2804 3805 2858 διάνοια
3841 2821 3968 2870 συγ-

2408 2887 2588 2957 χωρεῖ,
2619 2888 2773 2957 είπερ
2806 2890 2837 2957 ἡ
2874 2888 3048 2958 θλίψις
3089 2890 3336 2960 βοηθείας
3386 2894 3657 2965 πρόξενος,
3705 2896 3817 2948 ἀλλ’
3866 2897 3966 2948 οὐκ

2409 2977 2688 3040 ἀσθενείας
2734 2980 2881 3031 ἐστὶν
2928 2982 3168 3050 ἀφορμή.
3219 2985 3341 3045 Τοῖς
3372 2981 3462 3036 οὖν
3503 2987 3840 3054 ἀπωσμένοις
3879 2987 3965 3040 διὰ

2407 3068 2502 3131 τὰς
2531 3069 2823 3139 ἁμαρτίας,
2848 3065 2963 3122 εἶτα
2982 3071 3068 3123 διὰ
3092 3072 3490 3142 φιλανθρωπίαν
3514 3073 3645 3126 Θεοῦ
3669 3076 3777 3145 (351
3805 3076 3966 3129 πάλιν

2407 3159 2807 3229 προσδεχθεῖσιν
2870 3159 3119 3232 εῦκαιρον
3161 3161 3365 3229 λέγειν·
3426 3164 3476 3214 '0
3536 3165 3697 3231 Θεὸς,
3746 3165 3966 3220 ἀπώσω

2334 3271 2377 3332 C
2408 3247 2582 3316 ἡμᾶς,
2617 3250 2715 3303 καὶ
2742 3251 3012 3316 καθεῖλες
3051 3252 3236 3321 ἡμᾶς’
3286 3253 3596 3322 ὠργίσθης,
3643 3258 3735 3309 καὶ
3763 3258 3963 3322 ᾠκτεί-

2403 3354 2598 3406 ρησας
2624 3340 2802 3409 ἡμᾶς.
2830 3343 3042 3396 Μᾶλλον
3073 3343 3148 3407 δὲ,
3176 3343 3356 3415 ἐπειδὴ
3385 3347 3464 3408 είς
3491 3348 3804 3401 ἀκολουθίαν
3832 3350 3965 3422 ξυλό-

2408 3447 2500 3496 γος
2533 3433 2629 3500 τῆς
2656 3431 2747 3485 τοῦ
2774 3433 2984 3503 ψαλμοῦ
3019 3434 3252 3500 διανοίας
3281 3438 3518 3505 ἐνέπεσε,
3548 3440 3704 3509 δεῦρο
3731 3443 3965 3510 μετρίως

2407 3518 2666 3588 ἁψώμεθα
2699 3521 2859 3575 αὑτοῦ
2882 3522 2978 3592 τῆς
3010 3524 3337 3595 ἐξηγήσεως.

2475 3607 2528 3663 2.
2576 3608 2638 3660 Ἠ
2670 3609 2876 3680 ἱστορία
2911 3611 3003 3663 τοῦ
3036 3614 3390 3682 προκειμένου
3430 3615 3641 3683 ψαλμοῦ
3691 3615 3963 3680 αὐτολεξεὶ

2413 3701 2530 3767 μὲν,
2576 3700 2715 3755 κατὰ
2751 3702 2848 3772 τὴν
2881 3703 3207 3774 ἐπιγραφὴν,
3237 3704 3442 3756 οὐδέπω
3489 3707 3580 3758 καὶ
3621 3705 3712 3758 νῦν
3739 3707 3963 3781 εὕρηταί

2411 3808 2510 3841 που
2551 3792 2772 3863 κειμένη
2815 3794 2921 3845 τῶν
2969 3793 3331 3846 θεοπνεύστων
3361 3795 3636 3867 ίστοριῶνσ
3678 3798 3744 3851 τὰ.
3780 3801 3961 3869 μέντοι

2413 3883 2826 3952 ἰσοδυναμοῦντα
2864 3886 2996 3952 αὐτῇ
3021 3887 3130 3947 τοῖς
3163 3885 3456 3953 φιλοπόνως
3493 3890 3782 3958 ἐρευνῶσιν
3811 3893 3867 3942 ἐν
3894 3895 3958 3961 τῇ

2408 3975 2630 4046 δευτέρα
2690 3975 2855 4046 βίϐλῳ
2903 3976 3008 4027 τῶν
3057 3977 3346 4030 Βασιλειῶν
3410 3979 3782 4050 εὑρεθήσεται,
3839 3978 3958 4055 ὲνῇ

2408 4066 2708 4134 γέγραπται
2727 4084 2739 4096 ’
2765 4067 2870 4119 Καὶ
2895 4065 3148 4131 ἐπάταξε
3180 4068 3351 4121 Δαϐὶδ
3389 4069 3495 4122 τὸν
3534 4071 3798 4139 Ἁδραζὰρ
3830 4072 3960 4125 υἱὸν

2418 4158 2598 4212 Ῥαὰϐ
2632 4159 2762 4228 (56),
2805 4159 3063 4224 ,ϐασιλέα
3097 4157 3278 4223 Σωϐᾶ,
3326 4162 3724 4234 πορευομένου
3775 4162 3959 4216 autcf)

2409 4252 2726 4320 ἐπιστῆσαι
2754 4252 2864 4321 τὴν
2885 4252 3048 4321 χεῖρα
3078 4254 3259 4307 αὐτοῦ
3293 4255 3386 4306 ἐπὶ
3417 4254 3523 4306 τὸν
3553 4255 3816 4323 ποταμὸν
3846 4257 3957 4307 Εὐ-

2410 4342 2658 4416 φράτην.
2684 4344 2789 4398 Καὶ
2823 4344 3283 4412 προκατελάϐετο
3309 4345 3483 4398 Δαϐὶδ
3516 4345 3632 4398 τῶν
3659 4347 3844 4398 αὑτοῦ
3869 4347 3955 4414 xl-

2410 4439 2510 4487 .lta
2537 4435 2781 4503 ἅρματα,
2806 4437 2900 4488 καὶ
2938 4435 3083 4488 ἑπτὰ
3120 4435 3388 4501 χιλιάδας
3409 4436 3651 4499 ἱππέων,
3683 4440 3778 4488 καὶ
3805 4439 3952 4489 εἵκω.

2411 4540 2473 4577 σι
2506 4525 2764 4592 χιλιάδας
2814 4526 3045 4593 ἀνδρῶν
3079 4526 3280 4586 πεζῶν.
3315 4527 3420 4578 Καὶ
3459 4526 3763 4594 παρέλυσε
3789 4527 3959 4580 Δαὸἱδ

761 4610 825 4664 Et
855 4611 1010 4678 paulo
1040 4618 1158 4678 post
1182 4611 1312 4664 dicit
1346 4630 1358 4663 :
1392 4609 1455 4662 Et
1488 4612 1709 4677 regnavit
1747 4608 1909 4662 David
1935 4625 2085 4677 super
2120 4609 2305 4670 Israel,
2339 4605 2384 4663 D
2411 4631 2431 4664 :

2292 4649 2305 4670 ρ
2339 4605 2384 4663 ο
2411 4614 2602 4668 πάντα
2627 4617 2696 4670 τὰ
2727 4616 2969 4685 ἅρματα,
2997 4618 3093 4670 καὶ
3128 4617 3474 4671 ὑπελείπετο
3505 4617 3572 4681 ἐξ
3602 4616 3800 4671 αὐτῶν
3824 4618 3956 4670 ἐκα-

829 4724 847 4751 ⁷
879 4720 918 4776 ll
948 4721 1078 4792 Reg.
1113 4738 1225 4786 vut,
1253 4723 1305 4785 5.
1336 4723 1388 4776 li.

978 4816 1150 4890 Editio
1186 4816 1366 4890 Paris.
1408 4817 1514 4890 Τοῦ
1542 4818 1702 4890 αὑτοῦ
1734 4821 1810 4880 εἰς
1844 4819 1934 4890 τδν
1973 4818 2047 4872 νθ¹
2081 4820 2311 4890 ψαλμόν.

765 4889 854 4949 Εἰς
877 4888 937 4960 τὸ
966 4887 1113 4960 ctua;
1147 4891 1257 4960 toi;
1276 4887 1806 4960 dilogwgliiolléVO‘;
1825 4905 1838 4918 °
1865 4889 1944 4940 ἔτι
1991 4891 2067 4952 είς
2097 4887 2104 4889 ἡ
2129 4887 2316 4960 “ﬁlo-

764 4957 1000 5030 γραφίαν
1027 4958 1112 5030 τῷν
1137 4957 1297 5030 Δαὸιδ
1325 4959 1401 5020 είς
1429 4958 1666 5030 διδαχὴν,
1701 4958 1858 5030 ὁπᾴτε
1907 4960 2188 5030 ἐνεπύρισε
2215 4957 2316 5030 ⁷τὴν

764 4974 1000 5078 meum;
1027 4975 1103 5026 τῳ
1137 4974 1297 5010 auom
1325 4974 1401 5020 εις
1429 4974 1666 5027 οιοαχην,
1701 4975 1858 5010 οποτε
1907 4974 2188 5030 ενεπυρισε
2220 4974 2316 5030 την

765 5065 778 5099 .
822 5029 1182 5099 scortoraplav
1233 5029 1453 5099 Συρίας,
1481 5029 1710 5099 καιτὴν
1770 5029 1967 5099 Συρίαν
2021 5031 2180 5093 Σοϐᾶ,
2227 5034 2317 5084 καὶ

764 5096 1104 5171 ἐπέστρεψεν
1133 5096 1322 5171 Ίωέιϐέ
1370 5096 1731 5171 καιλὲπάταξε
1767 5096 1860 5171 τὸν
1902 5099 2076 5171 saep
2142 5103 2200 5153 ἐν
2250 5105 2314 5171 τῇ

766 5167 1006 5238 φάραγγι
1037 5167 1145 5238 τῶν
1187 5168 1375 5230 Ἁλῶν,
1403 5167 1603 5221 δώδεκα
1641 5168 1898 5238 χιλιάδας.
1931 5170 1994 5223 1η
2040 5167 2193 5238 ﬁnem
2253 5167 2315 5224 iis

763 5239 852 5302 qui
891 5237 1345 5306 immutabuntur;
1389 5240 1558 5291 adhuc
1619 5237 1671 5291 in
1727 5241 1867 5292 tituli
1928 5237 2312 5306 inscriptionem

767 5307 865 5365 ipsi
894 5305 1063 5376 Dauid
1100 5306 1153 5358 in
1185 5309 1500 5371 doctrinam,
1535 5326 1650 5361 cum
1696 5311 1958 5362 succendit
2016 5309 2312 5376 Mesopota-

767 5376 928 5427 miam
959 5374 1149 5445 Syriaz,
1183 5387 1229 5428 et
1259 5376 1469 5444 Syriam
1521 5377 1681 5442 Saba,
1713 5389 1759 5432 et
1810 5379 2052 5431 convertit
2082 5374 2234 5437 Joab.
2267 5391 2312 5432 et

767 5444 1014 5510 percussit
1044 5444 1213 5498 Edom
1241 5447 1294 5498 in
1320 5446 1450 5500 valle
1474 5446 1800 5511 Salinarum,
1829 5450 2096 5500 duodecim
2127 5451 2309 5502 millia.

768 5512 866 5585 ilic
888 5514 1074 5585 titulus
1105 5529 1273 5582 neque
1298 5516 1348 5568 in
1379 5519 1576 5570 nostris
1607 5519 1846 5571 undecim
1881 5532 2009 5570 mss.
2047 5535 2214 5585 neque
2259 5521 2306 5572 iu

771 5583 999 5639 editione
1049 5583 1338 5639 Basileensi
1383 5587 1665 5653 reperitur.
1716 5586 1917 5639 ldcirco
1952 5583 2297 5641 autem‘addi-

773 5659 881 5724 tum
916 5669 1038 5708 eum
1071 5655 1232 5709 fuisse
1262 5671 1290 5708 a
1323 5657 1662 5724 typographis
1687 5665 1950 5723 putamus,
1984 5659 2124 5724 quod
2175 5659 2303 5712 lucis

774 5721 968 5787 aliquid
994 5725 1269 5780 Basiliana:
1299 5721 1655 5792 eipla'natiuni
1686 5721 1876 5779 allerrc
1905 5721 2168 5779 videatur.

843 5793 949 5861 (35)
983 5794 1051 5848 lla
1088 5795 1232 5866 llt'gii
1261 5796 1539 5853 secundus.
1580 5797 1761 5848 tmtius
1785 5807 1832 5849 et
1876 5807 2116 5864 quartus.
2153 5800 2303 5851 Deest.

2421 4822 2478 4874 δέ
2503 4821 2554 4872 in
2597 4820 2776 4872 multis
2802 4819 2919 4871 aliis
2941 4832 3066 4871 mss.
3094 4827 3143 4870 et
3177 4817 3227 4869 in
3261 4817 3435 4870 editis.

2489 4891 2599 4959 (54)
2628 4889 2798 4942 Editio
2850 4888 3012 4959 Basil.
3045 4898 3093 4959 et
3137 4886 3292 4959 Regii,
3345 4886 3864 4959 se_cundus,_tertius
3906 4902 3958 4941 ct

2420 4955 2601 5014 Scitus
2630 4973 2747 5011 cum
2775 4958 2924 5011 Colb.
2966 4958 3123 5012 tertio
3151 4955 3241 5009 τὸν
3281 4958 3362 5024 ἐφ’
3389 4957 3514 5024 ὑμῖν
3565 4956 3747 5008 πόθον.
3788 4958 3960 5013 Editiu

2421 5029 2594 5082 Paris.
2627 5038 2680 5081 et
2703 5028 2851 5080 tnulti
2888 5027 2975 5078 alii
3006 5043 3133 5080 mss.
3160 5026 3250 5078 τὸν
3288 5027 3371 5093 ἐφ’
3407 5027 3535 5095 ἡμῖν
3568 5026 3747 5080 πόθον.

2493 5100 2603 5166 (35)
2632 5098 2741 5158 Illa,
2779 5097 2865 5168 διᾲ
2900 5095 3301 5168 φιλανθρωπίαν
3334 5095 3488 5168 Θεοί),
3515 5095 3826 5168 jamdudum
3864 5113 3955 5150 an-

2424 5165 2623 5222 notavit
2671 5165 2891 5221 Ducaaits
2942 5182 3004 5220 ex
3041 5165 3244 5233 Anglic.
3282 5177 3334 5220 et
3368 5165 3505 5220 Oliv.
3543 5166 3720 5218 addita
3774 5166 3954 5219 fuisse.

2418 5243 2689 5291 Anuotare
2718 5245 2959 5290 nostrum
2989 5246 3090 5298 est,
3117 5238 3213 5288 hoc
3239 5237 3376 5289 idem
3411 5246 3464 5286 ct
3492 5237 3540 5286 in
3586 5236 3785 5288 nostris
3826 5252 3930 5302 qun

2416 5325 2516 5376 que
2551 5306 2822 5361 codicibus
2854 5307 3097 5358 inveniri.
3125 5305 3264 5359 Infra
3293 5321 3386 5374 pro
3417 5304 3723 5375 ἐξηγήσεως
3773 5305 3959 5374 legitur

2416 5381 2464 5431 in
2504 5379 2630 5444 Ileg.
2671 5377 2826 5429 tertio
2853 5376 3170 5443 διηγήσεως.

2485 5441 2795 5515 (aciemin.
2851 5441 3019 5515 rga-is.
3069 5444 3181 5515 υίὺν
3252 5444 3438 5515 Ῥαὰϐ.
3483 5443 3654 5515 Editio
3695 5441 3856 5515 Basil.
3910 5456 3960 5492 Ct

2415 5512 2522 5570 tres
2556 5512 2685 5569 mss.
2719 5517 2827 5567 υἱὸν
2869 5513 3057 5580 Ῥαάφ.
3093 5514 3160 5566 At
3209 5515 3370 5567 codex
3404 5512 3642 5567 Combel‘.
3671 5519 3726 5565 et
3747 5513 3837 5564 alii
3865 5527 3955 5564 sex

2414 5602 2545 5640 tuss.
2596 5587 2705 5637 υἱὸν
2763 5584 2951 5637 Μωάϐ.
2988 5581 3183 5636 Ibidem
3226 5583 3351 5636 editi
3403 5593 3455 5637 et
3501 5581 3651 5634 Colb.
3703 5583 3959 5648 septimus

2413 5656 2668 5724 βασιλέως
2699 5655 2870 5706 Stobi.
2896 5653 2999 5706 Sed
3021 5653 3154 5709 Oliv.
3185 5664 3233 5708 cl
3253 5652 3455 5722 Anglic.
3487 5664 3602 5704 cum
3632 5650 3750 5705 aliis
3780 5653 3957 5706 decctu

2412 5744 2539 5780 Inss.
2581 5724 2797 5789 βασιλέι
2827 5725 2996 5777 Σωίέᾶ.
