4230 6504
260 435 361 491 «161

1387 435 1661 490 llOMlLIA
1703 436 1766 489 IN
1809 435 2132 491 PSAIMUM
2173 436 2301 490 LIX.

3365 443 3465 495 4ϋῖ

255 558 366 611 τὸν
391 557 631 625 ἅρματα.
689 555 794 607 Καὶ
835 556 970 623 μετὰ
1014 555 1217 625 βραχέα
1249 554 1422 622 λέγει’
1464 555 1571 607 Kal
1613 554 1812 606 é6'a0'l-
1843 559 1925 612 Αι

1794 583 1812 592 -
1843 559 1885 612 Α
1917 564 1962 606 ει
1997 565 2106 606 erat
2136 555 2300 609 David
2345 553 2542 621 faciens
2585 553 2834 618 iudicith
2856 565 2904 607 et
2941 556 3219 624 justitiam.
3257 567 3303 611 et
3332 557 3464 614 Joab

258 654 448 702 .levo'e
474 649 582 715 (37)
606 647 776 699 Δαϐὶδ
795 647 894 698 ἐπὶ
932 646 1196 714 Ἰσραὴλ,
1215 647 1310 698 καὶ
1339 641 1414 714 ἦν
1436 645 1607 697 Δαϐὶδ
1632 644 1817 696 ποιῶν

259 741 439 806 κρίμα
462 739 556 789 καὶ
586 737 993 803 δικαιοσύνην,
1037 738 1131 788 καὶ
1177 737 1343 788 Ἰωὰϐ
1372 735 1498 800 υίὸς
1531 736 1817 801 Σαρουίας

257 826 359 876 ἐπὶ
386 823 492 891 τῆς
517 823 812 890 στρατιᾶς.
839 826 945 878 Καὶ
973 824 1085 894 μετ’
1106 824 1260 888 ὀλίγα
1279 840 1291 853 ο
1324 824 1430 876 Καὶ
1455 824 1818 877 ἀπέστειλαν

259 916 318 967 οι
372 914 482 967 υίοὶ
548 913 783 982 Ἀμμὼν,
828 915 922 966 καὶ
978 913 1381 982 ἐμισθώσαντο
1430 912 1543 980 τὴν
1600 915 1818 980 Συρίαν

274 1006 450 1059 Ῥοὼό
472 1006 601 1075 (58),
632 1007 726 1059 καὶ
757 1005 868 1073 τὴν
892 1006 1110 1072 Συρίαν
1140 1004 1303 1058 Σωϐἇ
1329 1005 1520 1057 εἴκοσι
1547 1004 1818 1073 χιλιάδας

261 1097 498 1165 ἀνδρῶν
516 1116 528 1127 ⁸
554 1099 649 1151 καὶ
667 1095 820 1151 εἶδεν
858 1099 1013 1151 Ἰωὰϐ
1025 1137 1039 1161 ,
1066 1098 1152 1149 ὅτι
1179 1096 1427 1164 ἐγενήθη
1464 1097 1609 1163 πρὸς
1635 1096 1820 1150 αὑτὸν

261 1191 715 1256 ἀντιπρόσωπον
735 1188 837 1242 τοῦ
863 1190 1144 1256 πολέμου,
1175 1189 1272 1240 καὶ
1301 1189 1586 1251 ἐπέλεξεν
1608 1188 1716 1259 (59)
1749 1189 1817 1241 ἐκ

263 1281 502 1332 πάντων
534 1279 648 1332 τῶν
665 1278 809 1332 υἱῶν
847 1279 1099 1346 Ἰσραὴλ,
1134 1280 1230 1332 καὶ
1268 1281 1668 1348 παρετάξαντο
1707 1279 1816 1350 (40)

261 1372 601 1435 ἐξεναντίας
644 1371 876 1437 Σιζρίας.
943 1371 1049 1425 Καὶ
1093 1369 1254 1425 εἶδον
1296 1377 1348 1427 οί
1385 1373 1588 1426 δοῦλοι
1627 1374 1816 1440 Ἄδρα-

264 1460 384 1528 ζῖὶρ,
423 1459 508 1512 ὅτι
547 1460 834 1513 ἔπταισαν
868 1461 1150 1514 ἀπέναντι
1190 1463 1446 1530 Ἰσραὴλ,
1501 1464 1596 1516 καὶ
1641 1465 1807 1528 ηὐτοο

255 1554 539 1619 μόλησαν
590 1551 684 1604 ἐπὶ
759 1551 1008 1618 Ἰσραὴλ,
1048 1553 1143 1605 καὶ
1181 1553 1552 1607 ἐδούλευσαν
1594 1553 1811 1618 αὐτοῖς.

263 1642 446 1712 Ταύτῃ
496 1646 560 1712 τῇ
607 1646 871 1712 περικοπῇ
919 1643 1028 1710 (41)
1074 1643 1170 1712 τῆς
1219 1645 1454 1714 ἱστορίας
1495 1644 1816 1713 εὑρίσκομεν

261 1734 362 1803 τὴν
395 1736 697 1804 ἐπιγραφὴν
730 1734 821 1787 τοῦ
858 1735 1071 1804 ψαλμοῦ
1115 1736 1508 1805 συμϐαίνουσαν
1529 1753 1540 1764 ·
1581 1735 1719 1805 πλήν
1753 1753 1816 1804 γε

261 1829 344 1878 δτι
373 1829 399 1878 ὁ
428 1828 610 1896 χρόνος
638 1828 752 1879 ἐστὶ
782 1827 880 1895 τῆς
910 1828 1306 1899 στηλογραφίας
1339 1829 1557 1898 ταύτης,
1612 1829 1731 1882 καθ’
1759 1830 1817 1883 ὃν

261 1919 636 1990 λαμπρότατος
673 1919 860 1972 ἑαυτοῦ
902 1919 992 1973 καὶ
1040 1921 1490 1990 περιφανέστατος
1511 1919 1587 1992 ’ἦν
1629 1924 1684 1975 έν
1709 1927 1817 1986 τοῖς

261 2011 406 2064 κατὰ
441 2011 666 2081 πόλεμον
700 2012 1174 2081 ἀνδραγαθήμασιν
1203 2013 1230 2063 ὁ
1257 2013 1434 2065 Δαϐίδ.
1472 2014 1628 2065 Ὥστε
1655 2013 1818 2084 ζητή-

264 2120 404 2166 σεως
440 2103 605 2168 ἄξιον,
642 2102 756 2166 πῶς
791 2104 894 2156 ἀπὸ
933 2103 1176 2173 ὀδυρμῶν
1219 2105 1310 2157 καὶ
1337 2104 1547 2175 θρήνων
1573 2106 1814 2176 ἄρχεται,

259 2194 379 2247 δέον
410 2193 671 2262 περιχαρῆ
705 2190 843 2248 εἶναι
875 2196 966 2247 καὶ
1005 2194 1232 2266 εῠθυμον
1273 2197 1364 2248 ἐπὶ
1415 2200 1521 2261 τοῖς
1546 2196 1816 2267 κατορθώ-

265 2301 449 2352 μασιν.
485 2283 671 2336 Ἀλλαι
717 2285 824 2356 γὰρ
874 2286 1232 2355 ἑορταζόντων
1277 2289 1467 2355 φωναὶ,
1525 2289 1615 2340 καὶ
1660 2288 1815 2341 ἄλλαι

261 2373 775 2445 σκυθρωπαζόντων.
813 2377 1077 2430 Ἐπινίκια
1101 2378 1154 2429 δὲ
1179 2379 1367 2447 ἑορτῆς
1397 2379 1647 2443 ὑπόθεσις
1680 2397 1814 2434 παν-

257 2465 452 2534 δήμου,
504 2467 563 2518 οὑ
610 2468 963 2537 στρατιώταις
1007 2467 1183 2534 μόνον,
1229 2467 1362 2520 ἀλλὰ
1411 2471 1502 2522 καὶ
1531 2475 1814 2542 γεωργοῖς,

261 2557 358 2609 καὶ
391 2557 668 2627 ἐμπόροις,
696 2560 786 2610 καὶ
817 2558 1199 2627 χειροτέχναις,
1236 2559 1327 2612 καὶ
1361 2563 1495 2613 πᾶσι
1535 2564 1646 2626 τοῖς
1686 2581 1816 2632 μετ-

260 2649 446 2716 έχουσι
499 2647 605 2700 τῶν
650 2648 865 2715 ἀγαθῶν
913 2650 1010 2717 τῆς
1032 2651 1268 2720 εἰρήνης.
1315 2652 1438 2715 Πῶς
1477 2650 1569 2706 οὖν
1598 2655 1728 2726 (42),
1765 2656 1817 2708 Ὀ

261 2737 427 2803 θεὸς,
462 2738 677 2792 ἀπώσω
701 2736 874 2807 ἡμᾶς,
906 2739 1002 2792 καὶ
1034 2740 1300 2807 καθεῖλες
1336 2742 1524 2810 ripae;
1561 2746 1667 2797 Καὶ
1710 2746 1817 2814 μὴν

261 2830 621 2900 προσελάϐετο
648 2832 771 2894 τοὺς
799 2831 1161 2900 νενικηκότας.
1195 2833 1316 2896 Πῶς
1359 2834 1412 2886 δὲ
1444 2835 1685 2888 καθεῖλεν
1726 2836 1817 2899 οὒς

258 2922 511 2974 τοσοῦτον
537 2924 755 2994 ηῠξησε,
779 2923 1032 2994 προσθεὶς
1060 2925 1238 2987 αὐτοῖς
1263 2927 1422 2987 ὅπλα,
1453 2929 1544 2978 καὶ
1573 2926 1813 2996 ἅρματα,

259 3013 357 3065 καὶ
394 3013 610 3076 ἵππους,
645 3015 736 3067 καὶ
769 3015 1039 3083 ὑπηκόους
1078 3017 1167 3069 καὶ
1195 3015 1372 3083 χώραν
1405 3017 1693 3087 ὑπόφορον,
1720 3019 1816 3090 τὴν

276 3103 530 3174 Ἀραϐίαν
566 3106 762 3166 πᾶσαν,
796 3104 892 3174 τὴν
915 3106 1161 3174 Φοινίκην
1195 3104 1323 3172 (43),
1356 3105 1452 3175 τὴν
1483 3107 1668 3178 Μέσην
1710 3109 1816 3162 τῶν

1918 644 2060 712 ﬁlius
2087 644 2288 699 Sarviw
2311 662 2463 710 super
2486 649 2765 700 exercitum
2792 649 2958 705 erat“.
2986 648 3092 702 Nec
3119 650 3283 703 multo
3309 664 3465 719 post:

1920 732 1985 785 Et
2023 735 2275 786 miserunt
2323 735 2421 802 filii
2473 737 2710 796 Ammon,
2760 747 2804 789 et
2851 740 3078 790 mercede
3111 743 3470 796 conduxerunt

1923 822 2132 892 Syriam
2166 822 2362 886 thoob.
2389 835 2434 877 et
2467 824 2675 894 Syriam
2709 826 2851 879 Saba
2886 827 3065 894 viginti
3098 827 3262 880 millia
3297 830 3464 882 Itami-

1920 931 2038 968 num
2067 932 2086 968 :
2109 926 2154 968 et
2183 917 2309 969 vidit
2337 915 2493 981 Joab,
2520 917 2655 986 quod
2681 926 2809 970 esset
2839 919 2906 969 ad
2936 935 2988 971 se
3018 921 3280 972 contraria
3305 921 3466 987 facies

1919 1006 2118 1075 praelii;
2144 1020 2190 1060 et
2230 1008 2378 1076 elegit
2415 1024 2478 1061 ex
2510 1008 2744 1061 omnibus
2781 1007 2908 1074 ﬁliis
2954 1008 3141 1073 Israel,
3173 1020 3218 1063 et
3255 1021 3464 1064 struxe-

1921 1107 2038 1149 runt
2062 1099 2220 1149 aciem
2247 1113 2308 1150 ex
2338 1098 2555 1150 aduerso
2579 1096 2764 1165 Syriw.
2796 1095 2862 1149 Et
2890 1098 3125 1151 viderunt
3146 1100 3279 1152 servi
3297 1100 3467 1152 Adra-

1921 1207 2031 1252 zar,
2057 1192 2193 1256 quod
2221 1190 2510 1242 ceciderunt
2541 1201 2660 1242 ante
2689 1189 2874 1254 Israel,
2901 1200 2950 1242 et
2978 1193 3366 1260 transfugerunt
3394 1195 3464 1244 ad

1919 1279 2111 1346 Israel,
2140 1291 2184 1332 et
2206 1280 2487 1333 servierunt
2512 1280 2584 1331 eis
2613 1281 2651 1333 °.
2679 1279 3078 1347 luscriptionem
3115 1282 3300 1348 psalmi
3346 1282 3468 1334 huic

1917 1371 2212 1440 fragmento
2259 1370 2493 1424 historiae
2530 1371 2822 1437 reperimus
2857 1371 3160 1435 convenire,
3199 1371 3299 1424 nisi
3328 1374 3467 1440 quod

1917 1462 2052 1514 tituli
2081 1459 2235 1525 hujus
2259 1461 2534 1530 inscriptio
2553 1461 2600 1514 id
2627 1470 2830 1529 tempus
2851 1473 3074 1530 spectat,
3093 1477 3197 1531 quo
3220 1463 3382 1516 David
3402 1465 3468 1515 ob

1917 1566 2003 1605 res
2032 1551 2168 1604 bello
2202 1550 2408 1605 fortiter
2440 1562 2634 1620 gestas,
2670 1553 2834 1607 multo
2869 1553 3196 1608 clarissimus
3241 1565 3357 1608 erat
3405 1571 3467 1607 ac

1918 1639 2328 1694 illustrissimus.
2350 1640 2524 1704 Quare
2545 1655 2641 1706 par
2664 1639 2824 1693 fuerit
2843 1656 3100 1709 quaerere,
3127 1656 3230 1708 qua
3265 1642 3469 1694 ratione

1918 1747 1946 1784 a
1973 1731 2118 1785 luctu
2146 1741 2198 1785 et
2228 1731 2472 1785 lamentis
2492 1731 2752 1792 ordiatur,
2778 1747 2897 1784 cum
2929 1732 3100 1800 ipsum
3123 1732 3190 1784 ob
3215 1733 3468 1799 praeclara

1919 1823 2151 1876 facinora
2184 1822 2452 1891 perlectum
2489 1839 2608 1878 esse
2649 1833 2916 1891 oporteret
2945 1838 3007 1876 ac
3037 1822 3191 1878 valde
3219 1823 3463 1878 hilarem.

1852 1887 1890 1941 Β
1918 1915 2048 1968 Alia:
2079 1915 2220 1968 enim
2249 1925 2373 1969 sunt
2408 1915 2601 1969 festum
2646 1915 2785 1968 diem
2833 1916 3099 1985 agentium
3145 1930 3320 1979 voces,
3355 1915 3469 1970 alia:

1921 2008 2176 2062 tristium.
2210 2007 2446 2076 Epinicia
2477 2017 2654 2061 autem
2684 2017 3052 2077 argumentum
3081 2018 3202 2062 sunt
3229 2023 3470 2062 commuo

1918 2101 2001 2154 nis
2057 2099 2423 2164 celebritatis,
2473 2115 2579 2154 non
2624 2099 2881 2153 militibus
2926 2100 3133 2163 solum,
3178 2100 3270 2154 sed
3309 2101 3468 2154 etiam

1916 2189 2164 2258 agricolis
2193 2200 2246 2242 et
2278 2190 2665 2244 mercatoribus
2700 2199 2754 2242 et
2791 2190 3109 2253 artificibus,
3139 2200 3194 2244 et
3224 2189 3472 2244 omnibus

1914 2283 2003 2349 qui
2051 2283 2313 2336 bonorum
2363 2281 2512 2348 pacis
2555 2282 2843 2348 participes
2879 2282 3030 2332 liunt.
3067 2281 3344 2346 Quomodo
3377 2281 3472 2350 igi-

1915 2383 2022 2437 tur,
2055 2371 2216 2434 Deus,
2253 2371 2487 2438 repulisti
2540 2387 2650 2435 nos,
2683 2381 2726 2423 et
2786 2371 3088 2424 destruxisti
3134 2373 3266 2424 nos?
3309 2370 3469 2438 Atqui

1917 2479 2010 2519 eos
2059 2463 2314 2519 effecerat
2354 2463 2606 2517 victores.
2648 2461 2924 2529 Quomodo
2973 2471 3150 2516 autem
3186 2461 3468 2526 destruxit,

1921 2571 2056 2627 quos
2083 2556 2219 2609 adeo
2252 2553 2611 2622 locupletavit,
2642 2555 2853 2609 tradens
2890 2555 3017 2623 ipsis
3045 2569 3215 2618 arma,
3249 2563 3303 2609 et
3344 2570 3470 2608 cur-

1917 2663 2028 2711 rus.
2060 2656 2114 2701 et
2149 2660 2336 2713 equos,
2364 2652 2416 2699 et
2445 2643 2706 2707 subditos,
2740 2659 2801 2698 ac
2836 2645 3102 2713 regionem
3131 2644 3467 2711 vectigalem,

1916 2737 2167 2790 Arabiam
2204 2750 2439 2801 onmem,
2472 2733 2804 2799 Plimnicem,
2838 2735 3306 2802 Mesopotamiam?
3336 2734 3469 2787 Nunt

1915 2827 2105 2880 vitium
2158 2826 2372 2890 aliquod
2423 2826 2613 2893 ingrati
2667 2825 2831 2878 animi
2876 2827 3037 2880 verba
3092 2827 3274 2879 istbaec
3315 2825 3473 2894 190

1917 2936 2026 2988 pra:
2073 2933 2132 2972 se
2177 2916 2373 2981 ferant,
2403 2917 2543 2970 scire
2587 2931 2761 2984 operm
2803 2917 3029 2986 pretium
3065 2926 3162 2970 est.
3195 2917 3293 2982 Qut
3326 2918 3468 2969 enim

1919 3013 2064 3078 prius
2106 3010 2345 3062 Adrazar
2396 3023 2574 3078 regem
2630 3009 2768 3063 Soba
2818 3010 3037 3073 evertit,
3075 3011 3230 3076 eique
3283 3025 3472 3063 currus

1920 3102 2063 3155 mille
2094 3102 2307 3170 eripuit,
2343 3110 2396 3155 et
2441 3110 2647 3170 septem
2697 3099 2860 3152 millia
2909 3101 3169 3168 equitum,
3202 3111 3255 3153 et
3283 3100 3470 3168 viginti

260 3193 552 3260 ποταμῶν;
583 3194 760 3256 Ἀξιον
783 3193 1086 3260 ἐπιστῆσαι,
1115 3195 1186 3263 μή
1217 3210 1334 3246 τινα
1363 3197 1680 3267 ἀχαριστίαν
1705 3198 1813 3268 ἔχει
1840 3223 1881 3277 C
1920 3209 1930 3243 1

1802 3218 1881 3277 ιϐ
1920 3191 2078 3244 millia
2122 3191 2377 3257 peditum,
2408 3195 2606 3259 quique
2651 3206 2836 3245 rursus
2879 3190 3049 3260 Syria:
3101 3206 3278 3260 regem
3326 3190 3472 3259 lapso

258 3283 328 3334 τὰ
354 3283 588 3352 ῥήματα.
627 3282 683 3333 Ὀ
707 3281 814 3352 γὰρ
850 3283 1049 3336 ἀνελὼν
1083 3286 1180 3354 μὲν
1213 3288 1470 3360 πρότερον
1503 3291 1590 3342 τὸν
1630 3292 1816 3362 Ἀδρα-

260 3372 367 3441 ζὰρ
399 3371 615 3440 βασιλέα
639 3372 813 3435 Σωϐἄ,
847 3373 1025 3426 λαϐὼν
1051 3374 1105 3426 δὲ
1131 3377 1257 3445 παρ’
1286 3377 1446 3429 αὑτοῦ
1468 3379 1608 3446 χίλια
1640 3380 1814 3448 ἅρμα-ο

258 3478 348 3522 τα,
376 3461 467 3512 καὶ
502 3461 638 3512 έπτὰ
681 3463 919 3532 χιλιάδας
968 3464 1192 3525 ἱππέων,
1240 3466 1329 3514 καὶ
1369 3465 1536 3516 εἴκοσι
1576 3468 1814 3534 χιλιάδας

259 3555 464 3617 πεζῶν,
517 3555 674 3606 πάλιν
718 3554 772 3605 δὲ
808 3555 896 3604 τὸν
936 3554 1131 3623 Συρίας
1171 3553 1389 3622 βασιλέα
1428 3556 1814 3627 ἐπιϐοηθοῦντα

256 3647 338 3715 τῷ
369 3646 643 3698 ὲπταικότι
677 3646 1096 3715 δουλωσάμενος,
1132 3647 1223 3699 καὶ
1252 3647 1516 3719 ὑπόφορον
1549 3650 1813 3720 καταστή-

261 3755 380 3800 σας,
425 3737 516 3788 καὶ
553 3739 608 3789 ὲν
653 3739 748 3808 μιᾷ
789 3737 976 3806 καιροῦ
1024 3741 1159 3809 ῥοπῇ
1190 3739 1361 3792 εἴκοσι
1401 3741 1613 3792 καὶδύο
1646 3741 1815 3811 χιλιά-

256 3830 354 3892 δας
385 3828 496 3897 (41)
525 3829 686 3882 αὑτοῦ
720 3832 1138 3897 καταφονεύσας,
1175 3833 1266 3883 καὶ
1294 3831 1479 3902 τρίτην
1512 3833 1664 3901 νίκην
1691 3835 1814 3898 τοὺς

259 3923 409 3984 υἱοὺς
464 3920 683 3990 Ἀμμὼν
728 3923 952 3988 νικήσας
1005 3923 1484 3992 παραταξαμένους
1529 3924 1680 3994 παρὰ
1716 3925 1814 3996 τὴν

260 4010 428 4079 θύραν
459 4009 553 4076 τῆς
591 4009 787 4070 πόλεως
820 4009 905 4060 διὰ
946 4011 1097 4062 Ίωὲιϐ
1132 4011 1224 4062 τοῦ
1251 4014 1702 4083 ἀρχιστρατήγου.
1756 4016 1815 4077 ὃς

255 4098 448 4152 διελὼν
502 4098 620 4169 δίχα
670 4099 767 4169 τὴν
818 4098 1060 4169 δύναμιν,
1109 4104 1220 4163 τοῖς
1274 4103 1369 4172 μὲν
1421 4103 1633 4174 ἀπήντα
1674 4104 1814 4157 κατὰ

259 4185 569 4256 πρόσωπον,
626 4189 749 4250 τοὺς
806 4188 859 4240 δὲ
886 4188 1019 4241 κατὰ
1067 4190 1217 4244 νότου
1263 4192 1558 4262 περιελθὼν
1594 4193 1814 4265 ἐχειρώ-

259 4295 392 4345 σατο
411 4295 424 4306 ο
460 4278 571 4340 πῶς
600 4280 689 4330 ἐπὶ
722 4283 831 4342 τοῖς
867 4281 1122 4344 τοιούτοις
1145 4283 1588 4354 ἀνδραγαθήμασι
1616 4288 1814 4355 στυγνὰ

255 4369 400 4422 οὕτω
437 4371 526 4422 καὶ
559 4371 773 4439 κατηφῆ
825 4371 1136 4439 φθέγγεται,
1161 4372 1329 4440 λέγων
1351 4391 1364 4403 ο
1416 4376 1476 4426 ’0
1510 4377 1671 4442 Θεὸς,
1699 4379 1810 4432 ἀπ·-

255 4459 394 4512 ώσω
453 4459 624 4529 ἡμᾶς,
681 4462 774 4514 καὶ
833 4461 1096 4526 καθεῖλες
1145 4463 1332 4531 ἡμᾶς·
1374 4465 1684 4535 ὼργίσθης,
1713 4472 1809 4524 καὶ

1915 3283 2186 3352 suppetias
2219 3280 2476 3335 ferentem
2522 3282 2724 3350 redegit
2769 3282 2820 3333 in
2863 3281 3201 3344 servitutem,
3239 3282 3472 3350 recito-2e

1917 3374 2252 3444 vectigalem,
2280 3390 2342 3428 ac
2369 3375 2418 3428 in
2445 3389 2551 3429 uno
2579 3373 2834 3441 temporis
2860 3384 3128 3427 momento
3153 3375 3336 3443 viginti
3366 3375 3471 3428 duo

1917 3466 2079 3518 millia
2135 3466 2306 3532 ipsius
2352 3467 2566 3529 occidit,
2598 3477 2654 3521 et
2703 3467 2861 3521 tertia
2905 3467 3127 3521 victoria
3173 3467 3310 3521 ﬁlios
3341 3467 3470 3520 Am-

1915 3573 2059 3616 mon.
2085 3556 2176 3624 qui
2204 3557 2374 3610 aciem
2408 3558 2774 3611 instruxerant
2795 3556 2945 3624 juxta
2974 3559 3208 3614 civitatis
3237 3569 3466 3628 portam,

1914 3664 2008 3716 per
2030 3646 2162 3702 Joab
2192 3649 2461 3703 exercitus
2502 3651 2688 3702 ducem
2725 3650 2945 3715 devicit,
2979 3650 3068 3718 qui
3114 3650 3317 3704 viribus
3358 3651 3470 3706 suis

1915 3741 1967 3794 in
1995 3742 2125 3794 duas
2155 3752 2334 3810 partes
2359 3741 2564 3804 divisis,
2584 3742 2703 3794 aliis
2724 3742 2936 3809 quidem
2961 3741 3196 3794 occurrit
3216 3757 3243 3792 a
3269 3739 3465 3808 fronte,

1913 3834 2045 3886 alios
2080 3848 2204 3886 vero
2247 3848 2276 3885 a
2325 3842 2474 3900 tergo
2509 3834 2724 3886 adortus
2767 3833 2974 3900 subegit
3009 3849 3022 3885 :
3055 3833 3322 3901 quomodo
3350 3846 3468 3901 post

1913 3927 2171 3994 ejusmodi
2205 3934 2426 3977 strenua
2465 3923 2628 3987 facta,
2661 3923 2799 3976 adeo
2829 3924 3002 3978 tristia
3035 3940 3095 3979 ac
3127 3935 3314 3980 intesta
3346 3944 3466 3997 pro.

1915 4019 2035 4077 l'ert,
2061 4016 2242 4068 dicens
2272 4031 2285 4068 :
2315 4014 2478 4077 Deus,
2522 4015 2758 4081 repulisti
2793 4031 2906 4080 nos,
2929 4024 2974 4067 et
3002 4016 3309 4070 destruxisti
3336 4034 3426 4072 nos
3449 4034 3466 4069 :

1913 4107 2075 4158 iratus
2114 4121 2187 4168 es,
2222 4115 2268 4158 et
2304 4107 2548 4158 misertus
2585 4122 2637 4157 es
2671 4107 2876 4158 nostri?
2909 4106 3073 4162 Porro
3108 4120 3313 4178 tempus
3346 4113 3468 4180 qui-

1913 4196 2031 4249 dem
2084 4196 2452 4264 inscriptionis
2482 4195 2642 4259 tituli,
2676 4195 2801 4250 illud
2832 4207 2966 4262 erat,
3008 4215 3114 4268 quo
3142 4202 3357 4270 egregia
3392 4202 3466 4256 la-

1913 4288 2094 4340 cinora
2147 4286 2470 4354 perpetravit
2517 4289 2644 4342 :vis
2694 4303 2822 4342 vero
2871 4305 3054 4345 eorum
3101 4309 3219 4362 qua:
3266 4295 3465 4360 scripta

1911 4389 2072 4443 sunt,
2147 4379 2212 4431 ad
2299 4378 2454 4432 linem
2518 4378 2784 4444 refertur;
2862 4395 2981 4434 eum
3053 4394 3230 4437 autem
3309 4388 3464 4441 linem

1910 4470 2058 4535 dicit,
2110 4470 2199 4537 qui
2257 4469 2314 4523 in
2368 4471 2678 4524 sazculorum
2729 4475 3191 4528 consummatione
3245 4486 3464 4530 eventu-

254 4551 622 4617 ᾠκτείρησας
658 4551 842 4620 mide;
880 4552 1016 4603 Ἀλλ’
1049 4555 1075 4604 ὁ
1113 4555 1207 4624 μὲν
1252 4558 1435 4626 καιρὸς
1484 4560 1580 4626 τῆς
1625 4562 1809 4631 στηλο-
1843 4567 1883 4622 D
1916 4578 1924 4613 l

1791 4593 1809 4601 -
1843 4567 1883 4622 Ι)
1916 4577 2002 4614 rus
2056 4575 2158 4615 ρει.
2217 4561 2546 4630 Quapropter
2597 4574 2652 4617 et
2708 4564 2805 4629 iis,
2867 4565 2958 4634 qui
3024 4567 3461 4633 iurutulahuntur,

256 4635 492 4708 γραφίας
523 4634 671 4702 οὗτος
701 4636 766 4710 ἦν
791 4642 818 4693 ὁ
836 4640 939 4692 τῶν
962 4643 1388 4713 κατορθωμάτων
1406 4662 1419 4674 °
1447 4647 1479 4716 ἡ
1508 4645 1560 4698 δὲ
1589 4648 1812 4719 δύναμις

255 4728 368 4780 τῶν
414 4731 803 4797 γεγραμμένων
833 4733 910 4794 είς
942 4731 1001 4783 τὸ
1032 4732 1179 4796 τέλος
1217 4735 1326 4804 ἔχει
1367 4736 1464 4806 τὴν
1502 4738 1803 4808 ἀναφοράν·

327 4841 349 4872 ⁸
379 4839 418 4893 ll
447 4839 575 4909 Reg.
604 4857 717 4906 vm,
752 4845 943 4908 15,16.
1025 4849 1044 4877 ’
1076 4845 1119 4898 ll
1151 4846 1286 4916 Reg.
1321 4865 1374 4913 ι,
1404 4851 1457 4913 6,
1488 4851 1655 4913 9,19.

331 4953 572 5033 (ξηέιιι-
605 4969 740 5033 mss.
802 4971 1025 5033 septem.
1075 4961 1209 5033 Editi
1267 4962 1569 5033 ἐϐασίλευε.
1611 4966 1806 5020 Ibidem

254 5023 426 5104 (illiti?
457 5023 628 5104 Paris.
661 5025 751 5078 ἐπὶ
776 5023 951 5104 πάντα
993 5031 1228 5104 Ἰσραήλ..
1263 5030 1364 5104 Sed
1400 5038 1527 5104 quin
1562 5036 1717 5089 fuerit
1743 5053 1809 5091 ex

259 5094 450 5146 Bibliis
502 5094 707 5161 adjecta
753 5112 854 5172 vox
881 5094 1336 5172 πάνταξέιιιὺίιενὶ
1363 5094 1445 5155 vi}
1481 5121 1636 5172 posse
1666 5107 1809 5160 arbi-

261 5176 492 5226 tramur,
524 5178 644 5216 cum
672 5177 724 5219 et
753 5168 803 5220 in
829 5168 1061 5223 editione
1094 5171 1252 5226 Basil.
1284 5181 1337 5226 et
1379 5173 1432 5225 iu
1479 5168 1675 5228 nostris
1716 5193 1812 5230 ttu-

260 5233 436 5301 decim
473 5248 598 5286 mss.
629 5238 829 5301 pariter
853 5238 1009 5290 desit.

269 5300 451 5422 T386)
493 5300 667 5358 Editio
696 5306 865 5362 Paris.
908 5307 1094 5364 Ῥαὰϐ.
1127 5311 1192 5364 At
1217 5327 1344 5366 mss.
1381 5321 1489 5364 tres
1523 5331 1642 5367 cum
1677 5315 1814 5369 LXX

336 5386 464 5420 οωο.

335 5438 449 5518 (ᾇθ)
484 5439 848 5518 ΕεΙίιίρ-βςιεὶΙ.
883 5456 932 5498 et
957 5463 1083 5501 mss.
1115 5462 1315 5516 septem
1344 5453 1610 5518 ἐπέλεξεν.
1643 5455 1817 5507 Editio

262 5510 437 5644 Earis.
465 5524 585 5564 Cum
623 5513 801 5568 Bibliis
843 5518 1147 5584 ἐπελέξατο.
1173 5510 1303 5588 Reg.
1348 5510 1612 5578 secundus
1641 5525 1818 5576 ἐπέλε-

293 5596 382 5635 αν.

337 5649 452 5718 (40)
477 5649 857 5718 Corrigendum
927 5671 1048 5710 esse
1081 5660 1218 5712 hunc
1265 5661 1436 5714 locum
1498 5678 1558 5712 ex
1588 5661 1724 5715 Oliv.
1759 5675 1813 5716 et

263 5719 479 5801 Anglic.
533 5730 678 5788 putat
737 5725 974 5801 Ducazus,
1009 5727 1187 5801 aitque
1215 5747 1310 5798 pro
1348 5733 1712 5801 παρετάξαντο
1740 5733 1811 5786 le-

264 5790 496 5852 gendum
529 5804 646 5843 esse
676 5795 1026 5869 παρετάξατο.
1056 5790 1168 5869 Sed,
1193 5790 1311 5853 cum
1344 5790 1601 5869 vulgatam
1635 5804 1809 5855 lectio-

267 5873 390 5911 uetu
424 5869 474 5913 et
505 5875 630 5915 mss.
670 5866 835 5918 nostri
869 5883 1049 5921 omnes
1075 5878 1121 5920 et
1153 5868 1289 5924 LXX
1318 5889 1379 5927 ex
1416 5866 1565 5942 aequo
1617 5883 1802 5927 tuean-

1915 4651 2169 4716 scriptum
2227 4651 2481 4717 psalmum
2548 4667 2666 4707 esse
2723 4655 2869 4710 dicit.
2924 4655 3106 4711 Potest
3173 4669 3347 4712 autem
3415 4660 3465 4712 id

1916 4741 2132 4811 intelligi
2183 4742 2248 4796 de
2305 4742 2448 4797 omni
2495 4747 2714 4799 omnino
2761 4748 3031 4800 hominum
3080 4764 3292 4815 genere,
3324 4752 3464 4819 quod

1920 4979 2027 5030 tur,
2060 4971 2185 5024 nihil
2220 4971 2573 5024 innovandum
2607 4975 2932 5028 censuimus.

1991 5039 2108 5114 (Ill)
2138 5042 2277 5114 Editi
2335 5043 2400 5111 τῇ
2455 5047 2723 5114 προκοπῇ.
2757 5047 2822 5097 At
2862 5043 2998 5098 Oliv.
3027 5057 3076 5097 et
3104 5046 3305 5112 Anglic.
3341 5065 3464 5102 cum

1922 5112 2118 5184 nostris
2143 5110 2418 5184 duodecim
2450 5110 2990 5184 υνμετῇπερικοπῇ,
3019 5115 3170 5184 bene.

1991 5178 2102 5247 (42)
2141 5178 2228 5230 Sic
2286 5181 2449 5247 editio
2484 5178 2801 5235 Basil."cutii
2831 5178 3099 5235 sexuuss.
3134 5183 3305 5241 Editio
3337 5204 3464 5241 vero

1919 5245 2091 5330 Paris.
2116 5247 2238 5310 Πῶς
2257 5245 2350 5300 οὖν
2409 5267 2588 5328 φησιν.
2623 5252 2742 5304 Mox
2771 5251 2898 5305 editi
2925 5251 3042 5315 πῶς
3071 5253 3126 5306 δὲ
3164 5256 3274 5308 καί.
3308 5259 3465 5311 Det-st

1918 5335 2006 5368 και
2039 5336 2088 5369 ιιι
2129 5333 2251 5371 mss.
2278 5336 2379 5371 nun
2407 5334 2605 5385 pauets.

1991 5387 2102 5462 (45)
2149 5391 2268 5462 ᾼΙιιι
2319 5397 2400 5462 est
2462 5389 2819 5462 interpunctio
2861 5391 2917 5462 in
2988 5391 3148 5445 Cuisl.
3186 5393 3461 5462 Ἀραϐίαν.

1923 5458 2100 5526 πᾶσαν
2122 5457 2218 5525 τὴν
2241 5457 2508 5526 Φοινίκην,
2546 5458 2815 5521 Arabium,
2848 5461 3119 5514 P/twnicen
3152 5457 3373 5518 omnem.

1993 5525 2104 5592 (Μ)
2159 5526 2375 5601 Videtur
2414 5525 2601 5601 legisse
2662 5532 2920 5601 interpres
2977 5531 3146 5583 εἴκοσι
3199 5534 3459 5601 χιλιάδας,

1924 5611 2042 5650 cum
2072 5606 2262 5658 vertat,
2300 5599 2472 5666 viginti
2506 5600 2687 5652 millia.
2725 5600 2826 5652 Sed
2854 5611 2903 5652 et
2947 5603 2995 5653 itt
3024 5601 3160 5657 Oliv.
3192 5599 3241 5653 ci.
3269 5605 3318 5654 in
3344 5605 3464 5658 aliis

1927 5683 2052 5740 mss.
2086 5681 2189 5740 non
2221 5672 2404 5740 paucis
2454 5668 2641 5740 legitur
2692 5670 2859 5722 εἴκοσι
2915 5674 3005 5722 καὶ
3062 5671 3152 5723 δύο
3200 5671 3458 5740 χιλιάδας,

1921 5736 2216 5818 vigintitltto
2255 5738 2441 5802 millia,
2473 5748 2520 5791 t‘l
2556 5738 2623 5790 ita
2663 5742 2858 5794 editum
2905 5736 3210 5796 ἰιιιιὶιιίιιιιιν⁷
3247 5742 3281 5793 ll
3331 5736 3454 5813 Heg.

1919 5819 2028 5870 vm,
2068 5823 2113 5858 .1».
