4230 6536
740 424 847 479 465

2115 423 2169 474 S.
2209 422 2447 476 BASlLll
2479 423 2525 475 Μ
2535 421 2690 476 ΛΟΝΙ

3871 424 3970 478 464

743 542 810 594 ad
835 554 1022 594 omnes
1053 538 1208 608 hujus
1240 537 1428 607 psalmi
1462 538 1661 594 utilitas
1693 538 1995 608 perveniat.
2029 537 2128 604 Qui
2159 540 2298 592 enim
2331 544 2413 599 A1

2331 544 2374 599 Α
2400 539 2550 604 τέλος
2578 541 2632 593 δὲ
2672 540 2816 607 λέγει
2847 540 2904 592 τὸ
2928 540 3018 592 ἐπὶ
3051 539 3324 610 συντελείᾳ
3358 540 3464 592 τῶν
3500 540 3710 593 αἰώνων
3747 539 3971 608 ἐκϐήσε-

743 631 1117 694 immutantur,
1152 639 1207 683 et
1245 629 1333 698 qui
1371 629 1816 696 immutabuntur,
1855 629 1890 682 ii
1927 638 2054 684 sunt
2086 631 2175 698 qui
2213 646 2302 684 ne-

741 737 847 788 que
891 722 1137 776 eumdem
1186 719 1434 789 corporis
1483 720 1721 775 habitum
1764 729 2006 788 servant,
2041 735 2213 790 neque
2254 722 2305 775 in

743 813 932 867 eadem
961 825 1178 881 semper
1201 812 1491 880 persistunt
1521 812 1785 866 sententia
1819 827 1834 866 :
1862 814 1953 868 sed
1981 813 2069 882 qui
2096 823 2154 866 ut
2181 829 2307 868 cor-

742 920 876 975 pore
907 905 995 958 alii
1021 902 1330 958 efficiuntur
1351 903 1504 972 juxta
1535 913 1754 958 aetatum
1785 905 2205 972 vicissitudines,
2235 907 2306 960 ita

744 1006 925 1051 mente
968 1012 1065 1065 pro
1115 1011 1332 1050 casuum
1382 997 1737 1051 varietatibus
1787 1009 2172 1068 permutantur.
2205 1001 2306 1054 Alii

747 1103 979 1156 namque
1027 1103 1212 1142 sumus
1260 1088 1433 1157 pueri,
1478 1087 1566 1141 alii
1627 1089 1870 1158 puberes,
1923 1090 2009 1145 alii
2055 1092 2155 1145 viri
2199 1091 2307 1160 jam

745 1176 898 1240 facti,
939 1193 1002 1231 ac
1053 1187 1508 1232 consenescentes
1551 1177 1740 1233 iterum
1794 1182 2010 1235 omnino
2059 1182 2307 1235 immuta-

747 1282 889 1322 Illlll'.
919 1267 984 1321 Et
1015 1268 1102 1320 alii
1131 1269 1347 1338 quidem
1382 1284 1568 1323 sumus
1602 1269 1650 1323 in
1683 1269 1883 1325 laetiore
1915 1286 2090 1325 rerum
2127 1282 2267 1326 statu
2296 1291 2308 1325 :

748 1358 834 1411 alii
886 1373 1015 1414 vero
1072 1373 1137 1413 ex
1189 1360 1312 1415 aliis
1364 1361 1640 1424 eflicimur,
1683 1363 1955 1431 asperiore
2013 1372 2310 1433 temporum

748 1463 875 1502 casu
918 1451 1042 1504 usi:
1076 1450 1166 1503 alii
1210 1451 1334 1504 dum
1384 1463 1728 1520 argrotamus,
1760 1453 1848 1506 alii
1884 1454 2009 1506 dum
2047 1454 2312 1506 valemus:

750 1539 840 1594 alii
893 1541 945 1594 in
992 1541 1216 1610 nuptiis,
1257 1542 1344 1595 alii
1397 1544 1446 1596 in
1486 1544 1651 1597 luctu.
1686 1545 1793 1598 Aut
1831 1545 2080 1611 quoniam
2117 1544 2315 1598 dictum

750 1646 856 1684 non
891 1641 993 1694 est,
1028 1629 1098 1686 lis
1130 1634 1220 1700 qui
1255 1633 1628 1698 immutantur,
1662 1635 1777 1698 sed,
1814 1631 1890 1687 Iis
1935 1635 2022 1703 qui
2070 1635 2317 1687 immuta-

750 1727 963 1788 buntur,
1012 1739 1224 1793 voxque
1285 1727 1515 1793 speciem
1564 1727 1858 1796 prephetia:
1919 1741 2027 1796 prae
2077 1740 2135 1781 se
2194 1725 2316 1792 fert,

747 1816 891 1882 quod
930 1814 1096 1869 futuri
1153 1816 1223 1870 sit
1274 1819 1568 1885 temporis;
1602 1819 2012 1874 convenientius
2047 1820 2230 1887 fuerit,
2265 1830 2321 1875 ut

2410 628 2528 680 σθαι
2550 629 2758 698 μέλλον.
2784 629 2873 681 Διὸ
2895 629 2983 683 καὶ
3005 632 3115 692 τοῖς
3137 628 3648 699 ἀλλοιωθησομένοις
3667 629 3975 700 γεγράφθαι

2409 725 2541 793 φησὶ
2582 724 2670 776 τὸν
2707 724 2936 793 ψαλμόν.
2974 723 3125 774 Ἐστι
3153 720 3207 772 δὲ
3241 720 3566 785 ἁπαξαπλῶς
3605 722 3736 790 περῖ¹
3777 722 3976 783 παντὸς

2408 808 2502 860 τοῦ
2537 809 2724 876 γένους
2751 810 2857 861 τῶν
2885 809 3183 880 ἀνθρώπων
3213 810 3416 880 νοῆσαι,
3444 810 3517 873 ὡς
3547 813 3623 874 εἰς
3645 811 3855 872 πάντας
3880 811 3976 879 τῆς

2412 900 2518 952 ἀπὸ
2543 900 2635 952 τοῦ
2659 900 2869 970 ψαλμοῦ
2897 901 3270 973 διαϐαινούσης
3309 901 3590 971 ὠφελείας.
3638 902 3978 973 Ἀλλοιούμε-

2413 1010 2490 1045 νοι
2522 993 2630 1064 γάρ
2665 994 2757 1045 καὶ
2786 993 3265 1065 ἁλλοιωθησὸμενοι
3294 997 3342 1048 οί
3375 997 3508 1065 μήτε
3547 995 3642 1065 τὴν
3668 995 3760 1048 τοῦ
3793 996 3976 1066 σώμα-

2411 1103 2501 1148 τος
2533 1085 2644 1148 ἕξιν
2674 1085 2768 1156 τὴν
2803 1087 2968 1156 αὐτὴν
3001 1085 3366 1151 διασώζοντες,
3417 1089 3549 1158 μήτε
3589 1087 3681 1140 ἐπὶ
3720 1087 3818 1157 τῆς
3847 1088 3980 1155 γνώ-

2417 1194 2522 1247 μης
2553 1177 2637 1229 ἀεὶ
2658 1177 2758 1246 τῆς
2783 1178 2950 1247 αὐτῆς
2984 1177 3290 1248 βεϐηκότες.
3316 1179 3448 1232 ἀλλὰ
3476 1178 3536 1230 τὸ
3565 1180 3658 1248 μὲν
3689 1178 3851 1248 σῶμα
3886 1197 3979 1232 κα-

2413 1268 2478 1320 τὰ
2517 1267 2614 1331 τὰς
2642 1267 2747 1320 τῶν
2774 1267 2996 1338 ἡλικιῶν
3035 1268 3332 1338 μεταϐολὰς
3375 1270 3761 1341 ἀλλοιούμενοι,
3799 1271 3898 1341 τὴν
3928 1271 3984 1323 δὲ

2415 1358 2652 1411 διάνοιαν
2685 1358 2821 1429 πρὸς
2857 1358 2954 1420 τὰς
2984 1358 3253 1419 ποικιλίας
3295 1358 3403 1410 τῶν
3434 1361 3852 1430 συμπτωμάτων
3887 1377 3980 1429 με·

2414 1451 2776 1520 τατιθέμενοι.
2817 1449 2998 1504 Ἀλλοι
3030 1451 3126 1521 μὲν
3149 1451 3254 1522 γὰρ
3283 1452 3449 1522 ἐσμεν
3485 1453 3683 1513 παῖδες,
3713 1453 3808 1504 καὶ
3837 1453 3984 1504 ἄλλοι

2418 1541 2627 1611 ἔφηϐοι,
2660 1544 2751 1594 καὶ
2781 1542 3142 1613 ἀνδρωθέντες
3167 1544 3362 1613 ἕτεροι,
3399 1545 3490 1596 καὶ
3531 1545 3984 1614 ἀπογηράσαντες

2420 1633 2579 1685 πάλιν
2605 1633 2881 1696 παντελῶς
2913 1634 3264 1705 ἀλλοιούμεθα
3294 1636 3424 1706 (45).
3459 1638 3565 1690 Καὶ
3607 1636 3754 1689 ἄλλοι
3793 1637 3891 1706 μὲν
3930 1638 3985 1685 ἐν

2419 1728 2536 1787 ταῖς
2570 1724 2946 1795 φαιδροτέραις
2983 1725 3147 1795 ὲσμὲν
3195 1728 3556 1781 καταστάσεσι
3593 1728 3698 1779 τῶν
3733 1729 3988 1798 πραγμά-

2421 1831 2527 1866 των
2549 1831 2561 1843 ·
2599 1814 2742 1893 ἄλλοι
2775 1816 2830 1867 δὲ
2869 1813 2926 1878 ἐξ
2953 1814 3123 1877 ἀλλων
3162 1816 3421 1885 γινόμεθα
3458 1819 3766 1890 τραχυτέρᾳ
3794 1836 3968 1870 συντυ-

750 1906 1115 1962 immutandus
1175 1909 1539 1980 intelligamus
1593 1927 1708 1978 eos,
1764 1913 1876 1981 qui,
1935 1913 2118 1966 relicta
2181 1928 2315 1966 vana
2350 1896 2420 1956 Β

2350 1896 2392 1956 Β
2419 1905 2512 1975 χίᾳ
2565 1907 2767 1978 καιρῶν
2808 1907 3168 1977 κεχρημένοι·
3209 1905 3355 1959 ἄλλοι
3403 1908 3696 1971 νοσοῦντες,
3743 1911 3839 1962 καὶ
3892 1910 3986 1962 ἆλ-

749 2009 965 2068 patrum
1019 2015 1236 2055 suorum
1291 2005 1699 2069 consuetudine,
1731 2019 1797 2057 ex
1846 2005 2114 2073 Evangelii
2162 2004 2321 2058 disci-

747 2089 896 2160 plina
929 2091 1094 2146 vitam
1129 2108 1280 2146 suam
1309 2105 1465 2147 erant
1493 2095 1810 2148 instituturi.
1837 2094 2020 2163 itaque
2051 2111 2154 2150 non
2181 2096 2321 2150 illius

748 2183 928 2238 artatis
965 2181 1167 2239 Iudaeis
1207 2186 1292 2240 hic
1329 2187 1568 2254 psalmus
1614 2188 1844 2257 scriptus
1884 2198 1986 2251 est,
2026 2190 2117 2243 sed
2170 2187 2321 2246 nobis

753 2273 1130 2339 immutandis,
1165 2278 1256 2348 qui
1288 2279 1505 2333 deorum
1537 2280 1929 2335 multitudinem
1960 2282 2010 2333 in
2043 2282 2315 2349 pietatem,

752 2381 818 2422 ac
853 2365 1116 2423 idolorum
1161 2385 1398 2424 errorem
1445 2371 1496 2424 in
1526 2372 1831 2427 Conditoris
1862 2375 2026 2426 nostri
2057 2374 2322 2441 cognitio-

752 2473 876 2514 nem
906 2462 1233 2516 mutavimus
1259 2476 1272 2514 :
1299 2465 1386 2530 qui
1417 2481 1513 2532 pro
1540 2474 1870 2532 repugnante
1899 2464 1998 2534 legi
2029 2464 2320 2534 voluptate,

751 2552 1186 2606 consentientem
1250 2554 1347 2623 legi
1404 2556 1813 2623 temperantiam
1865 2556 2123 2626 elegimus
2171 2575 2185 2612 :
2235 2559 2321 2627 qui

752 2654 856 2710 pro
889 2639 1032 2694 tibiis
1063 2651 1115 2694 et
1147 2642 1334 2697 choris
1363 2661 1424 2699 ac
1449 2645 1712 2701 ebrietate
1741 2646 2003 2716 psalmum
2029 2647 2322 2718 jejunium-

752 2747 858 2801 quo
900 2741 954 2788 et
1006 2736 1370 2803 precationem
1422 2739 1580 2793 nobis
1626 2739 2036 2795 vindicarimus.
2093 2742 2324 2797 Proinde

751 2824 845 2892 qui
890 2825 1036 2881 hunc
1085 2826 1350 2895 psalmum
1397 2829 1594 2882 dixerit
1636 2831 1894 2898 scriptum
1934 2833 2087 2885 nobis
2121 2846 2258 2897 esse,
2293 2848 2322 2884 a

756 2915 1009 2972 veritatis
1041 2931 1208 2987 scopo
1235 2918 1376 2972 haud
1415 2920 1706 2975 aberrabit.
1737 2919 1862 2974 Ideo
1897 2931 1948 2974 et
1989 2933 2170 2976 nostra
2202 2933 2326 2977 sunt

750 3005 970 3061 oracula
1004 3008 1206 3077 divina,
1241 3019 1294 3064 et
1341 3011 1407 3065 ab
1456 3011 1694 3067 Ecclesia
1745 3013 1859 3080 Dei,
1900 3023 2149 3084 tanquam
2185 3015 2323 3070 dona

754 3096 1013 3153 divinitus
1060 3100 1250 3163 missa,
1280 3101 1332 3155 in
1384 3104 1611 3174 singulis
1656 3108 2010 3162 conventibus
2057 3108 2321 3178 leguntur,

2421 1998 2502 2050 λοι
2566 1999 2954 2063 εὐπαθοῦντες·
3015 1999 3162 2053 ἄλλοι
3215 2001 3269 2053 ὲν
3330 1999 3546 2069 γάμοις,
3598 2002 3689 2051 καὶ
3738 2000 3885 2054 ἄλλοι
3935 2004 3990 2054 ὲν

2421 2090 2696 2146 πένθεσιν.
2745 2093 2813 2143 Ἦ
2853 2092 2939 2145 διὰ
2982 2092 3042 2145 τὸ
3090 2090 3162 2162 μὴ
3205 2093 3475 2161 είρῆσθαι,
3519 2089 3642 2153 Τοῖς
3678 2091 3992 2160 ἀλλοιουμέ-

2421 2200 2550 2245 νοις,
2588 2181 2741 2246 ἀλλά,
2779 2182 2904 2247 Τοῖς
2933 2182 3530 2250 ἀλλοιωθησομένοις,
3567 2182 3658 2234 καὶ
3681 2181 3780 2252 τὴν
3809 2182 3992 2251 φωνὴν

2421 2272 2641 2336 ἔνδειξιν
2675 2272 2816 2342 ἔχειν
2846 2273 3194 2343 προφητείας,
3226 2270 3304 2340 τῷ
3338 2273 3415 2332 είς
3447 2271 3505 2323 τὸ
3540 2271 3728 2340 μέλλον
3755 2272 3867 2341 (46)
3903 2276 3990 2324 ὲκ-

2423 2366 2704 2419 κεκλίσθαι
2740 2369 2830 2419 τὸν
2859 2366 3069 2436 χρόνον,
3095 2362 3510 2433 ἀκολουθότερον
3530 2364 3728 2416 ἐννοεῖν
3757 2367 3881 2427 τοὺς
3908 2365 3997 2417 ἁλ-

2422 2454 2879 2525 λοιωθησομένους
2911 2455 3035 2515 τοὺς
3065 2452 3372 2522 μέλλοντας,
3407 2452 3503 2522 τὴν
3537 2453 3758 2523 πρὸςτά
3789 2455 3994 2522 μάταια

2423 2545 2530 2597 τῶν
2565 2545 2813 2614 πατέρων
2847 2545 3128 2614 συνήθειαν
3174 2544 3285 2614 (47)
3335 2545 3589 2613 ἀφέντας,
3650 2546 3715 2614 τῇ
3748 2544 3890 2597 κατά
3933 2547 3991 2597 τὸ

2423 2639 2751 2709 Εὑαγγέλιον
2795 2639 3048 2710 ἀκριϐείᾳ
3088 2637 3385 2704 κανονίζειν
3435 2640 3532 2711 τὴν
3579 2640 3873 2694 πολιτείαν.
3919 2642 3989 2693 Οὐ

2422 2712 2598 2786 τοίνυν
2630 2734 2741 2796 τοῖς
2775 2733 2895 2786 τότε
2936 2731 3203 2794 Ἰουδαίοις
3224 2735 3252 2785 ὸ
3280 2732 3490 2802 ψαλμὺς
3514 2734 3846 2804 γέγραπται,
3881 2732 3991 2785 ἀλλ’

2423 2827 2555 2893 ἡμῖν
2596 2828 2706 2886 τοῖς
2737 2823 3274 2893 ἀλλοιωθησομένοις,
3308 2827 3419 2886 τοῖς
3456 2826 3554 2895 τὴν
3588 2825 3877 2877 πολυθεῖαν
3918 2827 3996 2886 είς

2427 2915 2705 2969 εὐσέϐειαν
2750 2915 3108 2985 διαμείϐουσι,
3163 2919 3260 2985 τὴν
3315 2916 3443 2986 περὶ
3481 2916 3548 2968 τὰ
3604 2915 3798 2969 εἴδωλα
3857 2916 3993 2970 πλά-

2427 3027 2523 3080 νην
2550 3007 2659 3078 (48)
2703 3009 2781 3070 εἰς
2829 3009 2928 3078 τὴν
2974 3007 3068 3061 τοῦ
3118 3009 3440 3078 ποιήσαντος
3478 3008 3622 3079 ἡμᾶς
3671 3008 3990 3076 ἐπίγνωσιν·

2426 3103 2536 3164 τοῖς
2566 3100 2684 3153 ἀντὶ
2711 3099 2898 3170 ἡδονῆς
2925 3099 3238 3171 παρανόμου
3268 3098 3622 3171 σωφροσύνην
3655 3098 3881 3171 ἔννομον
3910 3102 3997 3153 αἱ-

754 3185 904 3239 velut
933 3187 1246 3243 alimentum
1294 3196 1559 3261 quoddam
1609 3198 1931 3266 animarum,
1968 3201 2108 3269 quod
2142 3219 2168 3254 a
2206 3202 2323 3270 Spi-
2353 3236 2394 3293 Ο

2353 3236 2394 3293 C
2429 3194 2707 3267 ρουμένοις
2731 3211 2743 3224 °
2775 3195 2895 3248 ἀντὶ⁵
2932 3192 3138 3257 αὐλῶν,
3168 3192 3262 3245 καὶ
3295 3192 3489 3264 χορῶν,
3521 3193 3613 3246 καὶ
3646 3192 3835 3264 μέθης,
3865 3192 3997 3262 ψαλ-

752 3274 864 3330 ritu
893 3278 1352 3334 subministretnr.
1385 3283 1488 3339 Sed
1521 3299 1569 3340 et
1598 3287 1686 3342 hic
1718 3291 1954 3358 psalmus
1980 3293 2212 3361 scriptus
2239 3305 2321 3348 est

752 3379 817 3423 ut
847 3370 902 3424 in
951 3368 1206 3425 columna
1238 3372 1592 3442 iuscribatnr;
1636 3379 1736 3434 hoc
1769 3391 1870 3447 est,
1909 3397 2012 3436 non
2053 3384 2317 3455 negligen-

754 3472 841 3517 ter
882 3473 938 3519 et
981 3463 1347 3532 perfunctorie
1398 3469 1676 3535 audiatur;
1731 3489 1925 3540 neque,
1968 3478 2321 3542 quemadmo-

755 3553 884 3607 dum
920 3555 1028 3608 cito
1072 3556 1322 3612 delentur
1360 3573 1480 3628 qua:
1523 3560 1576 3614 in
1623 3564 1845 3617 materia
1895 3579 1951 3617 se
1990 3566 2142 3634 191
2173 3565 2325 3619 facile

755 3655 1141 3716 corrumpente
1183 3649 1537 3707 scribuntur:
1571 3654 1652 3708 sic
1685 3655 1736 3708 in
1781 3665 1872 3710 tuo
1913 3657 2094 3711 animo
2142 3658 2326 3712 isthaec

754 3733 822 3790 ad
857 3737 1022 3792 breve
1058 3747 1270 3810 tempus
1311 3746 1586 3799 memoriae
1633 3747 1927 3818 insculpas,
1964 3749 2156 3804 deinde
2210 3749 2322 3820 ipsa

756 3825 1011 3880 confundi
1046 3844 1107 3882 ac
1133 3831 1436 3890 oblitterari
1461 3837 1643 3904 sinas;
1685 3841 1778 3894 sed
1812 3841 1862 3894 in
1899 3851 1984 3895 tua
2022 3844 2196 3898 anima
2226 3861 2321 3900 ceu

755 3916 812 3972 in
863 3915 1116 3972 columna
1170 3919 1338 3974 incisa
1383 3924 1524 3989 sint;
1574 3928 1627 3978 id
1679 3941 1781 3993 est,
1818 3930 2224 3986 immutabiliter
2261 3949 2325 3990 ac

756 4011 991 4066 firmiter
1036 4027 1136 4082 per
1177 4029 1343 4070 omne
1383 4024 1592 4089 tempus
1633 4019 1685 4071 in
1732 4025 1986 4075 memoria
2038 4026 2321 4081 insideant.

756 4103 911 4170 Quod
941 4107 985 4160 si
1027 4122 1124 4163 nos
1156 4111 1414 4179 repulerit
1445 4109 1683 4176 Iudaeus,
1720 4112 1863 4166 velut
1890 4129 1919 4167 a
1944 4115 2161 4181 scriptis
2189 4117 2324 4172 alie-

756 4212 892 4264 nos;
937 4215 1031 4267 per
1065 4200 1181 4255 haec
1230 4217 1349 4269 qua:
1394 4205 1593 4272 scripta
1643 4215 1786 4271 sunt,
1823 4206 1994 4275 ipsum
2035 4206 2327 4260 afficiamus

755 4289 965 4358 pudore
1002 4309 1017 4346 :
1060 4291 1140 4346 sic
1190 4301 1245 4345 ut
1301 4294 1648 4350 ostendamus
1709 4298 1928 4351 mixtam
1992 4301 2325 4356 vocationem

693 4407 695 4409 ι
758 4393 901 4436 esse.
929 4393 1048 4448 qua:
1070 4382 1326 4437 distantia
1354 4385 1575 4455 colligit,
1605 4397 1658 4440 et
1684 4400 1744 4440 ea
1774 4403 1891 4456 quae
1921 4392 2105 4459 procul
2133 4393 2326 4448 absunt

759 4479 1042 4532 convocat,
1070 4485 1134 4524 ac
1183 4487 1278 4542 per
1320 4473 1477 4528 fidem
1527 4476 1576 4529 in
1622 4474 1899 4530 Christum
1941 4479 2100 4532 eﬂicit
2135 4483 2327 4538 multos

2435 3287 2552 3357 μὸν,
2591 3287 2681 3339 καὶ
2711 3284 2981 3355 νηστείαν.
3011 3285 3102 3337 καὶ
3134 3285 3436 3356 προσευχὴν
3474 3283 3994 3355 μεταλαμϐάνουσιν.

2440 3380 2599 3449 Ἡμῖν
2624 3373 2714 3430 οῦν
2744 3377 3049 3448 γεγράφθαι
3087 3378 3176 3431 τὸν
3213 3377 3424 3448 ψαλμὸν
3453 3377 3620 3430 εἰπών
3661 3395 3763 3442 τις,
3799 3379 3899 3430 οὐκ
3934 3378 3998 3431 ἂν

2429 3473 2662 3541 ἁμάρτοι
2695 3471 2793 3540 τῆς
2825 3470 3099 3541 ἀληθείας.
3132 3471 3223 3524 Διὸ
3251 3471 3360 3538 (49)
3394 3471 3486 3523 καὶ
3511 3470 3753 3541 ἡμέτερά
3781 3473 3897 3522 ἑστι
3932 3469 4000 3523 τὶ

2431 3560 2550 3613 θεῖα
2588 3560 2764 3628 λόγια,
2823 3563 2916 3613 καὶ
2960 3565 3025 3632 τῇ
3066 3562 3159 3614 τοῦ
3201 3561 3334 3614 Θεοῦ
3383 3561 3696 3632 Ἐκκλησία,
3749 3561 3824 3624 ὡς
3881 3560 4000 3613 θεό-

2433 3667 2656 3720 πεμπτα
2698 3649 2866 3720 δῶρα,
2909 3650 3030 3702 καθ’
3080 3649 3307 3703 ἕκαστον
3350 3649 3604 3717 σύλλογον
3659 3650 4002 3717 ὑπαναγινιῗ).

2433 3759 2640 3805 σκεται,
2687 3736 2797 3795 οἷόν
2837 3758 2918 3804 τις
2954 3742 3125 3812 τροφὴ
3159 3740 3341 3809 ψυχῶν
3381 3743 3756 3814 χορηγουμένη
3791 3744 3879 3796 διὰ
3906 3743 4000 3795 τοῦ

2433 3833 2762 3904 Πνεύματος.
2808 3829 2966 3884 Ἀλλά
2999 3830 3088 3882 καὶ
3128 3831 3206 3893 είς
3240 3830 3636 3902 στηλογραφίαν
3686 3831 4000 3902 γέγραπται

2432 3931 2458 3981 ὁ
2504 3928 2752 3999 ψαλμός·
2809 3925 3071 3991 τουτέστι,
3122 3925 3194 3998 μὴ
3251 3925 3524 3997 πάρεργος
3569 3925 3709 3978 ἔστω
3753 3925 3918 3977 αὑτοῦ
3967 3927 3998 3996 ὴ

2431 4022 2719 4092 ἀκρόασιςο
2753 4020 2904 4091 μηδὲ,
2936 4019 3122 4089 ὥσπερ
3151 4018 3217 4072 τὰ
3251 4022 3305 4072 ἐν
3326 4023 3389 4089 τῇ
3425 4018 3710 4090 εύφθάρτῳ
3745 4018 3844 4090 ὕλῃ
3867 4036 4002 4089 γραο

2434 4114 2640 4183 φόμενα
2684 4113 2851 4181 ταχὺν
2886 4111 2994 4180 (50)
3029 4111 3290 4179 λαμϐάνει
3332 4110 3419 4161 τὸν
3452 4111 3775 4180 ἀφανισμὸν,
3827 4111 3999 4172 οῦτως

2434 4207 2490 4256 ὲν
2516 4206 2580 4272 τῇ
2609 4201 2831 4254 σεαυτοῦ
2857 4199 3062 4269 διανοίᾳ
3086 4199 3220 4269 πρὸς
3247 4198 3423 4266 ὀλίγον
3446 4198 3749 4270 ἐγχαράξας
3775 4203 3838 4268 τῇ
3869 4206 4000 4269 μνῄ-

2437 4313 2531 4366 μῃ,
2587 4288 2703 4344 εἶτα
2753 4290 3109 4362 συγχωρήσῃς
3166 4288 3302 4342 αύτά
3358 4289 3686 4360 συγχυθῆναι
3747 4290 3855 4356 (Si)
3907 4291 3993 4342 καὶ

2434 4384 2822 4455 ἀφανισθῆναν
2860 4382 2971 4435 ἀλλ’
2995 4381 3081 4452 ἔχε
3105 4381 3578 4454 ἐνεστηλιτευμένα
3608 4399 3698 4434 σου
3730 4383 3794 4450 τῇ
3821 4380 3991 4451 ψυχῇ·

2434 4477 2702 4531 τουτέστιν
2734 4477 2960 4547 ἀκίνητα
3003 4477 3095 4528 καὶ
3129 4475 3298 4542 πάγια
3340 4476 3417 4539 εἰς
3456 4475 3628 4526 πάντα
3671 4472 3762 4523 τὸν
3814 4474 3999 4542 χρόνον

759 4570 947 4648 unum.
991 4556 1152 4613 Vens.
1194 4561 1248 4613 Ἱ.
1293 4561 1440 4617 Meus
1474 4574 1570 4629 est,
1604 4567 1796 4636 inquit,
1839 4565 2067 4632 Gulaad,
2099 4579 2146 4621 et
2185 4589 2324 4626 meus
2363 4596 2404 4648 ι)

2363 4596 2404 4648 D
2435 4569 2755 4641 ἐνιδρυμένα
2799 4570 2862 4638 τῇ
2904 4569 3109 4638 μνήμῃ.
3160 4567 3282 4620 Ἐὰν
3327 4567 3382 4619 δὲ
3427 4565 3744 4636 παρωθῆται
3788 4569 3937 4638 ἡμᾶς
3971 4569 3999 4619 ὁ

759 4657 834 4702 ut
861 4647 1152 4705 Marianas.
1173 4652 1236 4706 Et
1266 4652 1519 4722 Ephraim
1545 4659 1697 4724 dixit,
1717 4672 1768 4714 et
1801 4660 1990 4715 ludam
2017 4664 2330 4732 assumpsit,

759 4747 815 4791 et
841 4746 1216 4798 annumeravit
1239 4745 1417 4802 Moab.
1443 4746 1582 4814 Quin
1611 4760 1664 4804 et
1693 4752 1741 4804 in
1767 4751 2049 4808 ldnmaram
2078 4770 2335 4810 ascensu-

764 4844 884 4883 rum
909 4846 967 4886 se
995 4835 1249 4904 minatur,
1269 4855 1330 4892 ac
1357 4840 1598 4893 omnium
1641 4843 1796 4895 simul
1825 4845 2209 4912 subjectionem
2241 4863 2335 4899 an-

765 4923 976 4976 nuntiat
1007 4942 1021 4978 :
1054 4924 1217 4982 Vnus.
1255 4929 1340 4982 10.
1375 4929 1508 4983 Milli
1535 4931 1838 4998 alienigena!
1862 4936 2054 4988 subditi
2083 4948 2222 4989 sunt.

2450 4663 2695 4726 Ἰουδαῖος
2729 4663 2802 4723 ὡς
2833 4659 3142 4728 ἀλλοτρίους
3179 4660 3286 4713 τῶν
3328 4658 3741 4728 γεγραμμένων,
3802 4661 3862 4711 ἐκ
3895 4659 3998 4709 τῶν

2432 4753 2828 4823 γεγραμμένων
2882 4749 3041 4803 αὑτὸν
3090 4749 3525 4818 δυσωπήσωμενο
3593 4749 3875 4819 δηλοῦντες
3943 4748 3998 4799 τὸ

2434 4844 2736 4915 σύμμικτον
2763 4842 2859 4912 τῆς
2883 4842 3122 4912 κλήσεως
3140 4858 3152 4872 ’
3186 4842 3332 4902 ὅπως
3376 4839 3441 4892 τά
3467 4840 3727 4893 διεστῶτα
3757 4838 3995 4906 συνάγει,

2431 4936 2500 4989 τὰ
2524 4934 2736 5006 μακρὰν
2768 4932 3048 5002 συγκαλεῖ,
3077 4933 3173 4982 ἓνα
3203 4934 3343 4982 ποιεῖ
3379 4933 3502 4994 τοὺς
3537 4928 3760 4992 πολλοὺς
3792 4928 3879 4981 διὰ
3906 4933 3998 4999 τῆς

763 5018 844 5083 είς
892 5019 1122 5091 Χριστὸν
1180 5021 1412 5086 πίστεως
1457 5022 1588 5092 (52).
1652 5023 1816 5088 Ἐιιός
1854 5025 2000 5089 ἐστι,
2063 5029 2216 5098 φησὶ,
2270 5028 2539 5082 Γαλαάᾶ
2598 5025 2694 5078 καὶ
2737 5025 2875 5093 ἐμός
2907 5025 3036 5078 ἐστι
3083 5023 3436 5090 Μανασσῆς.
3486 5021 3593 5073 Καὶ
3630 5020 3720 5074 τὸν
3765 5020 3995 5092 Ἐφραῖμ

838 5223 948 5294 (45)
983 5225 1111 5294 Reg.
1146 5225 1340 5280 tertius
1370 5225 1758 5295 ἀλλοιούμενοι.

840 5295 951 5369 (flii)
985 5296 1162 5369 Nostri
1199 5295 1445 5369 undecim
1505 5313 1632 5369 lllSrS.
1673 5297 1868 5350 habent
1899 5299 1974 5361 εἰς
2030 5300 2089 5351 τὸ
2120 5301 2328 5369 μέλλον.

769 5364 910 5437 Εςιίιί
936 5364 1032 5437 εἰς
1064 5367 1154 5419 τὸν
1205 5365 1484 5437 μέλλοντα.
1523 5365 1721 5420 Ibidem
1765 5378 1872 5437 tres
1911 5384 2037 5422 mss.
2087 5364 2331 5437 ἐγκεκλί-

770 5434 910 5489 σθαι.
945 5435 1136 5490 Statim
1175 5434 1413 5504 quinque
1445 5452 1572 5489 mss.
1615 5436 2033 5505 ἀκολουθότερον
2069 5434 2227 5496 νοεῖν.

840 5507 954 5574 (47)
987 5507 1059 5559 Ita
1102 5507 1240 5562 Oliv.
1275 5516 1329 5558 et
1379 5506 1620 5560 Comliel'.
1661 5524 1783 5560 cum
1837 5508 1954 5562 aliis
1980 5527 2071 5564 sex
2105 5528 2230 5567 mss.
2270 5514 2337 5565 At

767 5577 1144 5650 Etll‘l_l_¢l_ﬂgg.
1179 5577 1500 5650 sextusré'iv
1523 5576 1824 5648 ἀνθρώπων
1855 5581 2156 5650 συνήθειαν.

843 5645 953 5718 (l8)
986 5645 1288 5721 Colliertini
1314 5647 1517 5721 primus
1543 5659 1592 5701 et
1613 5645 1807 5721 sextus
1833 5664 1951 5721 cum
1972 5645 2108 5721 'lleg.
2146 5662 2337 5719 quarto

766 5715 867 5788 τῂν
901 5715 1030 5788 περὶ
1051 5717 1120 5769 τά
1149 5716 1343 5771 εἴδωλα
1371 5719 1578 5778 πτοίαν,
1605 5720 1810 5770 inanem
1833 5715 2088 5773 idolorum
2120 5715 2331 5776 uictum.

773 5783 1044 5858 muniam
1071 5803 1202 5841 mss.
1245 5804 1366 5841 cum
1400 5790 1558 5842 editis
1588 5789 1686 5858 τὴν
1728 5789 1852 5857 περὶ
1889 5789 1957 5841 τὰ
1985 5793 2176 5845 εἴδωλα
2200 5793 2336 5845 πλά-

775 5871 869 5928 νην
927 5857 1035 5913 Nec
1078 5859 1153 5915 ita
1183 5860 1350 5914 multo
1398 5868 1516 5929 post
1573 5857 1756 5914 uestra
1787 5860 1950 5916 editio
1981 5861 2150 5919 Paris.
2180 5865 2335 5936 αἱρη-

2438 5231 2637 5298 μένοις.
2687 5231 2929 5285 Secunda
2977 5231 3142 5286 editio
3189 5231 3358 5286 Paris.
3392 5230 3706 5299 ᾑρημένοις.
3758 5228 3825 5280 Al
3867 5244 3990 5282 mss-

2435 5305 2793 5380 αἱρουμένοις.
3534 5371 3569 5380 η
3639 5369 3671 5380 ..
3751 5371 3764 5380 .

2508 5369 2616 5441 (49)
2651 5373 2725 5425 Ita
2766 5387 2857 5425 sex
2899 5386 3028 5427 mss.
3083 5388 3205 5428 cum
3245 5371 3478 5426 editione
3534 5369 3694 5424 Basil.
3740 5371 3808 5423 At
3835 5370 3994 5423 editin

2437 5441 2604 5497 l‘nris.
2634 5443 2785 5495 διότι.

2646 5513 2872 5587 (lodices
2895 5513 3098 5587 aliquot
3127 5511 3286 5587 ταχύ,
3317 5512 3571 5566 celeriter.
3917 5577 3968 5587 η

2505 5513 2594 5576 (50
2646 5513 2872 5567 Codices
2895 5513 3098 5579 aliquot
3127 5513 3286 5581 ταχύ,
3317 5513 3571 5566 celeriter.

2505 5513 2616 5652 (ὕιζ
2651 5583 2786 5636 Editi
2817 5583 3162 5652 συγχεθῆναι.
3195 5586 3263 5636 At
3294 5598 3420 5637 mss.
3479 5591 3691 5652 Septem
3740 5577 3997 5652 συγχυθῆ-

2438 5649 2541 5706 ναι.
2577 5654 2685 5706 lloc
2715 5653 2830 5719 ipso
2862 5649 3070 5708 itit—loco
3099 5653 3260 5705 editio
3290 5652 3459 5705 Paris.
3518 5649 3984 5718 ἐνστηλιτευμένα.

2435 5726 2499 5776 At
2558 5732 2791 5794 quatuor
2859 5741 2985 5778 mss.
3064 5720 3562 5794 ἐνεστηλιτευμένα.
3617 5721 3767 5775 cum.
3819 5733 3995 5772 sextus

2434 5793 2874 5863 ἐστηλιτευμένα.

2505 5862 2614 5937 (5‘!)
2654 5865 2943 5923 Collicrtini
2985 5866 3205 5934 primus,
3232 5871 3481 5932 quartus,
3534 5862 3774 5931 quintus,
3815 5869 3992 5911 sextus
