4230 6548
257 514 365 568 465

1399 512 1675 567 HOMILIA
1716 513 1776 566 IN
1817 513 2139 568 PSALMUM
2177 513 2308 572 LIX.

3356 517 3458 572 466

259 624 402 692 εἷπε,
435 628 526 681 καὶ
555 629 644 680 τὸν
678 626 869 679 Ἰούδαν
907 626 1291 696 προσελάϐετοο
1343 628 1435 679 καὶ
1494 627 1856 698 συνηρίθμησε
1892 625 1981 677 τὸν
2008 627 2197 681 Μωάδ.
2233 629 2340 680 Καὶ
2368 628 2468 697 τῆς
2515 627 2809 699 Ἰδουμαίας
2835 629 3182 701 ἐπιϐήσεσθαι
3214 633 3457 690 άπειλεῖ⁶

259 719 356 774 καὶ
379 718 591 771 πάντων
635 715 767 786 ὁμοῦ
823 715 917 787 τὴν
947 717 1217 788 ὑποταγὴν
1242 716 1672 784 εὐαγγελίζεται·
1717 716 1866 783 Ἐμοὶ
1907 717 2243 786 ἀλλόφυλοι
2281 718 2683 788 ὑπετάγησαν.

331 809 383 863 3.
426 809 486 861 '0
526 806 668 872 Θεὸς
712 801 804 859 οὖν
839 805 1054 859 ἀπώσω
1086 804 1257 874 ἡμᾶς.
1277 806 1413 870 Τοὺς
1445 806 1812 877 μαοκρύνοντας
1843 808 1885 862 Α
1984 807 2001 859 ξ

1790 822 1812 867 ς
1843 808 1885 862 Α
1984 807 2036 860 3.
2085 808 2219 861 Deus
2260 809 2419 878 igitur
2453 809 2684 878 repulisti
2727 827 2838 863 nos.
2878 809 2977 862 Eos
3009 809 3100 878 qui
3147 813 3460 882 semetipsos

261 901 484 964 ἑαυτοὺς
526 898 632 951 ἀπὸ
674 898 765 951 σοῦ
799 897 936 952 κατὰ
967 897 1062 967 τὴν
1088 896 1372 964 ἀναλογίαν
1415 898 1526 950 τῶν
1564 899 1808 968 ἁμαρτη-

265 991 451 1062 μάτων
480 988 700 1042 ἀπώσω.
743 987 823 1041 Τὰ
861 989 1173 1058 συστήματα
1218 989 1314 1058 τῆς
1353 989 1611 1059 πονηρίας
1658 989 1811 1058 ἡμῶν

260 1078 524 1142 καθεῖλες,
558 1077 874 1150 [εὐεργετῶν
906 1079 1049 1147 ἡμᾶς
1085 1077 1170 1130 διὰ
1199 1078 1298 1146 τῆς
1325 1077 1644 1150 ἀσθενείας.]
1698 1080 1814 1149 Ὠρ-

261 1171 470 1241 γίσθης,
498 1172 584 1222 ὅτε
612 1166 750 1241 ἦμεν
775 1168 929 1238 φύσει
956 1170 1116 1222 τέκνα
1144 1171 1330 1241 ὀργῆς,
1358 1169 1542 1222 ἐλπίδα
1574 1170 1646 1241 μὴ
1669 1171 1812 1241 ἔχον-

260 1278 373 1323 τες,
409 1260 500 1312 καὶ
534 1260 678 1313 ἄθεοι
707 1261 762 1310 ὲν
788 1257 866 1327 τῷ
892 1259 1096 1328 κόσμῳ.
1146 1259 1490 1329 ᾨκτείρησας
1525 1263 1689 1330 ἡμᾶς,
1725 1264 1809 1315 ὅτε

258 1352 349 1404 τὸν
417 1352 687 1419 Μονογενῆ
749 1366 837 1402 σου
899 1350 1121 1421 προέθου
1177 1350 1478 1422 ἱλαστήριον
1522 1353 1659 1422 ὑπὲρ
1705 1354 1811 1405 τῶν

257 1443 538 1519 ἁμαρτιῶν
576 1441 751 1512 ἡμῶν,
786 1443 871 1494 ἵνα
901 1442 955 1495 ἐν
979 1441 1054 1512 τῷ
1078 1442 1449 1512 αἵματιαὺτοῦ
1481 1443 1575 1514 τὴν
1609 1433 1808 1496 ἀπολύ-

258 1553 457 1606 τρωσιν
498 1534 760 1604 εὕρωμεν.
793 1536 858 1586 "A
878 1535 976 1586 οὐκ
1001 1533 1062 1587 ἂν
1099 1534 1466 1603 ἐγνωρίσαμεν
1499 1536 1811 1606 εὐεργετού-

260 1645 429 1696 μενοι,
479 1627 525 1678 et
576 1626 647 1696 μὴ
704 1625 954 1688 ὲπότισας
1005 1627 1146 1694 ἡμᾶς
1195 1622 1363 1677 Οἶνον
1411 1627 1804 1692 κατανύξεως.

255 1712 411 1768 υἷνον
431 1714 574 1782 λέγει
615 1714 704 1767 τὸν
731 1714 883 1782 λόγον
908 1714 993 1766 τὸν
1021 1713 1114 1783 τὴν
1149 1715 1554 1783 πεπωρωμένην
1589 1713 1808 1784 καρδίαν

253 1805 336 1866 εἰς
405 1803 746 1874 συναίσθησιν
810 1803 1024 1869 ἄγοντα.
1100 1800 1356 1866 Ἔδωκας
1421 1801 1541 1866 τοῖς
1596 1805 1808 1869 φοϐου-

247 1894 456 1964 μένοις
481 1913 553 1948 σε
580 1895 922 1964 σημείωσιν,
957 1893 1060 1946 τοῦ
1099 1893 1309 1963 φυγεῖν
1341 1893 1457 1946 ἀπὸ
1490 1894 1808 1961 προσώπου

251 1986 452 2050 τόξου.
523 1987 759 2057 Μωῦσῆς
819 1987 915 2055 μὲν
980 1984 1077 2048 τὰς
1146 1986 1304 2054 φλιὰς
1369 1985 1474 2038 τῶν
1551 1987 1809 2058 Ἰσραηλι-

251 2079 360 2132 τῶν
404 2079 512 2148 (55)
551 2079 626 2148 τῷ
675 2079 860 2147 αἵματι
915 2077 1005 2129 τοῦ
1054 2078 1320 2148 προϐάτου
1363 2083 1803 2149 κατεσημήνατο·

253 2172 320 2224 σὺ
372 2171 429 2223 δὲ
474 2171 676 2232 ἔδωκας
720 2171 846 2238 ἡμῖν
887 2170 1200 2240 σημείωσιν,
1250 2169 1378 2223 αὐτὸ
1428 2171 1486 2222 τὸ
1540 2165 1676 2241 αἷμα
1713 2170 1804 2223 τοῦ

251 2261 486 2331 ἀμώμου
539 2259 706 2331 ἀμνοῦ
741 2259 833 2312 τοῦ
876 2261 1295 2329 σφαγιασθέντος
1318 2262 1454 2333 ὑπὲρ
1488 2263 1585 2332 τῆς
1635 2265 1809 2331 ἁμαρ-

249 2352 373 2415 τίας
415 2352 506 2405 τοῦ
567 2353 790 2422 κόσμου.
848 2353 957 2406 Κα)⁵
1017 2350 1272 2422 Ίεζεκιὴλ
1327 2354 1418 2405 ἐπὶ
1474 2353 1540 2404 τὰ
1587 2353 1809 2420 μέτωπα

249 2441 362 2494 τῶν
405 2440 702 2513 προσώπων
740 2441 973 2494 δίδοσθαι
1011 2441 1154 2508 λέγει
1202 2441 1260 2492 τὸ
1294 2442 1528 2508 σημεῖον.
1565 2442 1810 2507 Πορεύε-

255 2539 367 2589 σθε
416 2533 543 2602 γὰρ,
600 2534 780 2604 φησιν,
819 2535 1007 2586 ὀπίσω
1041 2529 1244 2589 αὑτοῦ.
1292 2529 1388 2582 καὶ
1421 2533 1692 2585 κόπτετε·
1723 2533 1808 2602 μὴ

253 2624 549 2692 φείσησθε
579 2624 720 2694 (34)·
753 2623 905 2692 μηδὲ
925 2620 1228 2688 ἐλεήσητε.
1259 2623 1682 2691 Πρεσϐύτερον,
1715 2625 1812 2678 καί

251 2715 595 2777 νεανίσκον,
629 2715 724 2765 καὶ
746 2712 981 2777 νήπιον,
1009 2711 1106 2763 καί
1144 2711 1456 2779 παρθένον,
1487 2714 1581 2766 καὶ
1614 2713 1813 2783 γυναῖ-

253 2821 368 2870 κας
407 2803 786 2856 ἀποκτείνατε
826 2805 912 2868 εις
949 2801 1290 2871 ὲξάλειψιν·
1337 2793 1432 2856 ἐπὶ
1465 2803 1533 2856 δὲ
1564 2804 1808 2871 πάντας,

253 2895 351 2964 ἐφ’
395 2895 499 2960 οὕς
541 2895 671 2948 ἐστι
714 2894 778 2947 τὸ
820 2894 1088 2964 σημεῖον,
1128 2894 1212 2963 μὴ
1245 2895 1535 2965 ἐγγίσητε.
1578 2897 1630 2947 '0
1672 2897 1811 2959 Θεὸς

251 2984 560 3052 ἐλάλησεν
597 2984 667 3038 ἐν
702 2983 781 3050 τῷ
808 2985 950 3054 ἁγίῳ
975 2983 1178 3051 αὑτοῦ,
1209 2986 1669 3054 Ἀγαλλιάσομαι,
1714 2985 1809 3038 καὶ

253 3075 532 3144 διαμεριῶ
557 3076 764 3144 Σίκιμα
796 3075 926 3146 (55).
971 3075 1168 3145 Σίκιμα
1212 3075 1271 3127 τὸ
1303 3074 1573 3144 ἐξαίρετον
1594 3075 1810 3146 χωρίον,

254 3167 338 3237 τῷ
380 3167 574 3238 Ἰωσὴφ
607 3168 756 3239 παρά
794 3167 887 3220 τοῦ
947 3166 1136 3219 Ἰακὼό
1179 3165 1478 3236 δεδομένον,
1519 3167 1686 3233 τύπος
1715 3170 1814 3241 τῆς

255 3259 523 3329 διαθήκης
558 3259 656 3329 τῆς
690 3259 832 3327 μόνῳ
855 3257 1110 3325 δοκούσης
1130 3255 1234 3326 τῷ⁹
1250 3258 1446 3330 Ισραὴλ
1467 3259 1809 3332 δεδωρῆσθαι.

1913 910 1941 946 a
1996 905 2044 947 te
2087 897 2362 965 elongant,
2413 913 2508 965 ιιι-ιι
2555 899 2759 952 ratione
2825 898 3135 952 delictorum
3195 902 3455 969 repulisti.

1914 985 2226 1040 Destruxisti
2257 988 2552 1057 iniquitatis
2573 999 2767 1044 nostra:
2793 991 3118 1058 congeriem,
3142 991 3211 1046 ob
3239 993 3460 1047 inﬁrmi-

1915 1088 2074 1130 tatem
2130 1079 2284 1133 nobis
2340 1080 2701 1135 benefaciens.
2756 1081 2926 1134 Iratus
2973 1097 3050 1144 es,
3095 1098 3213 1136 cum
3272 1096 3458 1139 natura

1912 1185 2152 1226 essemus
2182 1173 2271 1226 irae
2295 1171 2387 1225 tilii
2418 1173 2480 1238 ¹⁰,
2515 1187 2661 1242 spem
2693 1189 2794 1227 non
2825 1173 3099 1237 habentes,
3124 1185 3175 1228 et
3205 1191 3269 1230 ne
3298 1178 3457 1232 Deum

1913 1263 2129 1331 quidem
2159 1263 2209 1316 in
2240 1263 2435 1317 mundo
2463 1272 2809 1332 agnoscentes
2841 1262 2904 1317 “.
2936 1262 3180 1317 Miserius
3207 1279 3266 1318 es
3296 1267 3459 1319 nostri

1913 1363 2044 1417 tum,
2078 1369 2197 1408 cum
2246 1353 2581 1424 Uuigenitum
2633 1365 2779 1407 tuum
2833 1368 2928 1422 pro
2980 1353 3172 1408 nostris
3229 1357 3461 1422 peccatis

1912 1446 2344 1512 propitiatiouem
2375 1445 2720 1512 proposuisti,
2745 1452 2803 1497 ut
2845 1446 2896 1496 in
2937 1443 3050 1511 ejus
3090 1445 3346 1513 sanguine
3373 1446 3461 1497 in-

1911 1536 2214 1588 veniremus
2245 1536 2684 1604 redemptionem.
2717 1536 2844 1600 Qua:
2871 1537 3053 1603 utique
3083 1551 3187 1588 non
3216 1537 3458 1604 agnovis-

1907 1636 2087 1677 semus
2144 1623 2400 1677 beneﬁcio
2459 1635 2547 1677 tuo
2601 1624 2755 1677 nobis
2816 1623 3133 1691 contigisse,
3204 1625 3304 1677 nisi
3366 1640 3459 1678 nos

1912 1713 2096 1784 (Vens.
2132 1715 2186 1784 5)
2233 1712 2363 1767 Vino
2396 1714 2796 1783 compunctiouis
2839 1723 3095 1782 potasses.
3143 1713 3333 1769 Vinum
3366 1732 3462 1768 au-

1912 1817 2016 1861 tem
2078 1807 2305 1876 appellat
2365 1822 2684 1867 sermonem,
2726 1821 2830 1875 quo
2882 1805 3197 1858 obduratnm
3254 1821 3347 1860 cor
3396 1811 3460 1861 ad

1909 1914 2125 1954 sensum
2161 1897 2461 1952 deducitur.
2499 1897 2657 1951 Vsus.
2696 1899 2749 1952 6.
2796 1897 2992 1951 Dedisti
3030 1897 3368 1950 metuentibus
3411 1908 3461 1951 te

1909 1992 2362 2061 significationem,
2383 2000 2435 2040 ut
2455 1989 2657 2058 fugiunt
2687 2007 2716 2042 a
2745 1989 2878 2055 [acie
2909 2006 3082 2044 arcus.
3116 1988 3321 2058 Moyses
3346 1990 3459 2058 qui-

1911 2084 2027 2138 dem
2076 2083 2427 2136 lsraelitarum
2474 2090 2653 2149 postes
2700 2081 2860 2133 ovillo
2903 2083 3162 2148 sanguine
3208 2081 3462 2150 obsigna-

1911 2176 1987 2230 vit
2015 2178 2091 2241 ";
2141 2185 2193 2228 tu
2231 2188 2356 2227 vero
2406 2171 2557 2226 nobis
2609 2171 2796 2224 dedisti
2833 2171 3299 2241 signiﬁcationem,
3339 2187 3464 2224 san-

1909 2266 2121 2334 guinem
2174 2265 2345 2331 ipsutn
2392 2258 2790 2314 incontaminati
2839 2260 2979 2327 agni,
3012 2259 3100 2327 qui
3149 2273 3244 2326 pro
3279 2257 3458 2310 mundi

1908 2365 2126 2423 peccato
2162 2352 2464 2406 immolatus
2493 2359 2592 2405 est.
2625 2349 2689 2401 Et
2723 2349 2966 2404 Ezechiel
3023 2349 3074 2400 in
3127 2347 3332 2402 frontes
3379 2347 3460 2400 fa-

1909 2444 2108 2498 cierum
2135 2443 2340 2510 signum
2365 2443 2542 2494 datum
2583 2455 2702 2496 esse
2734 2441 2925 2495 dicit“
2958 2458 2969 2494 :
3000 2440 3274 2494 Ambulate
3300 2447 3455 2509 enim,

1912 2537 2102 2606 iuqttit,
2137 2548 2250 2604 post
2296 2535 2482 2602 ipsum,
2509 2545 2552 2586 et
2587 2534 2852 2600 percutite,
2895 2549 2956 2584 ne
2991 2533 3336 2600 peperceritis,
3375 2551 3460 2585 ne-

1909 2643 2007 2698 que
2038 2626 2404 2679 Misereamini.
2436 2623 2718 2688 Seniorem,
2746 2633 2791 2677 et
2810 2622 3071 2691 juvenem,
3102 2635 3146 2675 et
3181 2623 3459 2690 infantem.

1910 2730 1956 2772 et
1978 2719 2248 2787 virginem,
2275 2728 2320 2769 et
2346 2716 2584 2769 mulieres
2609 2714 2884 2780 inter/icite
2921 2715 2988 2766 ad
3021 2715 3419 2767 internecionem
3440 2727 3460 2767 :

1912 2813 1978 2864 ad
2008 2825 2180 2863 omnes
2213 2822 2346 2867 vero,
2379 2807 2432 2858 in
2469 2807 2654 2874 quibus
2701 2815 2774 2857 est
2823 2805 3043 2872 signum,
3074 2819 3134 2857 ne
3178 2806 3463 2872 appropin-

1909 2902 2093 2969 quetis.
2130 2897 2288 2953 Vsus.
2320 2895 2373 2951 8.
2408 2895 2545 2950 Deus
2578 2895 2778 2949 locutus
2805 2905 2877 2948 est
2910 2894 2961 2948 in
2993 2904 3170 2947 sancto
3201 2911 3313 2956 suo,
3348 2893 3464 2948 Lc-

1911 2991 2080 3055 tabor,
2120 3000 2168 3043 et
2199 2988 2431 3058 partibor
2465 2987 2739 3042 Sicinium.
2789 2985 2986 3040 Sicima
3019 2985 3286 3052 peculiare
3326 3000 3462 3054 prae-

1913 3082 2079 3146 dium.
2105 3080 2338 3150 Josepbo
2359 3094 2387 3132 a
2411 3077 2607 3132 Jacobi)
2629 3079 2807 3131 datum
2835 3077 2897 3142 ",
2927 3079 3092 3144 figura
3119 3092 3182 3130 ac
3207 3087 3360 3146 typus
3382 3087 3463 3132 est

1915 3172 2245 3235 testamenti,
2277 3169 2416 3238 quod
2448 3167 2626 3222 lsraeli
2667 3167 2764 3222 soli
2796 3167 3048 3221 traditum
3078 3181 3197 3221 esse
3233 3167 3459 3222 videtur.

1913 3266 2093 3332 Itaque
2127 3260 2392 3331 peculiare
2425 3258 2548 3312 illud
2586 3267 2958 3312 testamentum
2991 3256 3464 3326 litereditateinque

257 3349 374 3420 Τὴν
406 3349 580 3401 τοίνυν
617 3349 885 3418 ἐξαίρετον
915 3345 1173 3418 διαθήκην
1204 3350 1296 3402 καὶ
1327 3349 1683 3422 κληρονομίαν
1720 3351 1812 3405 τοῦ
1915 3371 1927 3426 ι

1794 3352 1812 3405 3
1915 3354 2093 3426 populi
2153 3355 2410 3408 adducam
2469 3352 2520 3404 in
2574 3349 2925 3414 divisionem,
2975 3363 3037 3402 ac
3086 3364 3207 3402 cum
3255 3347 3464 3402 caeteris

258 3439 393 3492 λαοῦ
437 3438 634 3509 ταύτην
677 3441 756 3502 είς
802 3440 1062 3510 μερισμὸν
1096 3438 1225 3505 ἄξω,
1269 3442 1363 3494 καὶ
1393 3442 1574 3512 κοινὴν
1609 3446 1816 3515 ποιήσω
1843 3464 1884 3522 C
1917 3469 1928 3504 ι

1795 3463 1816 3497 ι)
1843 3464 1884 3522 c
1917 3447 2344 3506 communicabo.
2381 3444 2670 3512 Postquam
2721 3456 2847 3510 ergo
2901 3448 3273 3496 testamentum
3327 3439 3465 3494 inter

259 3533 401 3606 πρὸς
429 3535 552 3597 τοὺς
571 3532 806 3597 λοιπούς.
834 3532 1275 3604 Διαμερισθείσης
1311 3529 1401 3585 οὖν
1430 3535 1528 3603 τῆς
1557 3536 1818 3606 διαθήκης
1915 3559 1929 3598 ε

1791 3554 1818 3599 ς
1915 3557 2102 3599 omnes
2159 3539 2499 3594 distributum
2562 3536 2740 3602 fuerit,
2779 3544 2834 3589 et
2891 3533 3035 3587 illius
3086 3534 3289 3587 utilitas
3343 3548 3461 3587 om-

262 3627 349 3688 είς
380 3626 601 3689 πάντας.
630 3627 724 3680 κα)⁹
750 3625 843 3678 τοῦ
881 3625 972 3677 ἀπ’
1002 3623 1170 3691 αὐτῆς
1206 3623 1479 3695 ὠφελίμου
1508 3627 1684 3679 κοινοῦ
1716 3631 1818 3682 πᾶ-

261 3735 320 3771 σι
357 3721 469 3782 τοῖς
502 3717 965 3789 εὐεργετουμένοις
1008 3715 1154 3786 παρὰ
1188 3715 1320 3768 Θεοῦ
1363 3719 1664 3789 γινομένου,
1698 3722 1816 3775 τότε

261 3811 361 3864 καὶ
394 3812 426 3881 ἡ
463 3808 644 3872 κοιλὰς
694 3810 798 3861 τῶν
847 3807 1055 3879 σκηνῶν
1101 3807 1582 3881 διαμετρηθήσεται
1606 3828 1620 3844 ο
1664 3830 1817 3866 τουτ-

264 3900 449 3966 έστιν,
485 3900 825 3972 ἠοίκουμένη
878 3903 1057 3963 πᾶσα,
1092 3901 1252 3954 οἱονεὶ
1290 3901 1509 3972 κλήροις
1540 3905 1668 3967 τισὶ,
1703 3909 1820 3969 ταῖς

261 3992 388 4045 καθ’
428 3993 650 4046 ἕκαστον
679 3993 838 4045 τόπον
883 3993 1190 4063 παροικίαις
1216 3994 1633 4064 διαιρεθήσεται.
1687 3999 1818 4051 Τάτε

262 4084 359 4136 καὶ
392 4082 460 4135 τὰ
490 4084 745 4136 διεστῶτα
791 4083 1044 4152 συνάψει,
1073 4083 1134 4136 '0
1168 4085 1550 4151 εἰρηνοποιῶν
1587 4089 1704 4140 εττε
1750 4089 1820 4143 τὰ

259 4174 362 4228 ἐπὶ
410 4172 521 4240 τῆς
568 4171 694 4243 γῆς,
726 4175 844 4228 εἴτε
893 4175 964 4231 τὰ
1002 4176 1070 4228 ἐν
1118 4175 1240 4242 τοῖς
1268 4176 1570 4244 οὐρανοῖςο
1612 4179 1720 4232 Καὶ
1753 4179 1818 4232 τὸ

259 4266 619 4336 μεσότοιχον
652 4265 756 4320 τοῦ
795 4267 1060 4337 φραγμοῦ
1107 4268 1216 4339 (56)
1274 4269 1488 4335 λύσας,
1537 4269 1608 4324 τὰ
1636 4272 1820 4340 ἀμφό-

263 4374 407 4426 τερα
428 4356 660 4423 ποιήσει
686 4359 772 4414 ἔν.

336 4448 392 4501 4.
445 4449 615 4516 Ἐμός
658 4450 787 4504 ἐστι
819 4450 1090 4516 Γαλαὰδ,
1121 4452 1219 4506 καὶ
1257 4454 1398 4523 ἐμός
1422 4455 1548 4508 ἐστι
1580 4460 1820 4511 Μανασ-

261 4538 407 4608 σῆς.
445 4542 700 4609 Ἕγγονος
753 4542 846 4594 τοῦ
897 4545 1156 4615 Μανασσῆ
1207 4546 1234 4597 ὁ
1274 4545 1506 4600 Γαλαὰδ·
1549 4548 1635 4601 ἴνα
1676 4549 1819 4620 δείξῃ

260 4629 365 4698 τὴν
398 4630 503 4682 τῶν
532 4631 880 4703 πατριαρχῶν
921 4634 1235 4688 ἀκολουθίαν
1277 4637 1424 4707 παρὰ
1469 4638 1600 4690 Θεοῦ
1651 4639 1820 4710 καθή-

263 4735 489 4783 κουσαν,
515 4721 571 4786 ἐξ
598 4719 670 4775 ῶν
692 4725 719 4775 ὁ
739 4725 966 4796 Χριστὸς
985 4726 1043 4777 τὸ
1068 4726 1206 4779 κατά
1228 4727 1421 4796 σάρκα.
1443 4728 1548 4780 Καὶ
1577 4729 1821 4799 Ἐερραῖμ

1916 3634 2070 3688 nibus
2118 3630 2378 3686 beneﬁcio
2427 3645 2454 3682 ιι
2507 3630 2614 3682 Deo
2661 3625 2866 3680 aﬂectis
2911 3623 3049 3678 facta
3109 3623 3268 3676 fuerit
3315 3637 3464 3677 com-

1918 3727 2117 3786 munis.
2148 3733 2273 3778 tunc
2297 3724 2455 3778 etiam
2484 3719 2740 3774 convallis
2782 3714 3242 3771 tabernaculorum
3279 3715 3463 3769 metie-

1920 3828 2006 3874 tur
2045 3818 2190 3872 :hoc
2217 3823 2320 3878 est,
2355 3823 2498 3867 toms
2525 3821 2787 3863 terrarum
2821 3809 2968 3864 orbis
3013 3805 3335 3860 habitaculis
3369 3821 3466 3875 per

1917 3907 2126 3979 singula
2164 3907 2276 3960 loca
2312 3904 2464 3974 quasi
2503 3901 2820 3970 quibusdam
2878 3898 3117 3953 sortibus
3167 3897 3460 3950 dividetur.

1918 4003 2067 4058 Tunc
2118 4001 2328 4055 demum
2359 3993 2609 4050 distantia
2636 3991 2923 4061 conjungel
2954 3991 2998 4044 is
3020 4032 3034 4056 ,
3072 3990 3175 4055 Qui
3219 3989 3462 4055 paciﬁcat

1917 4098 2022 4150 sive
2058 4108 2174 4162 quae
2195 4093 2248 4143 in
2275 4088 2446 4152 terris,
2478 4087 2580 4139 sive
2604 4102 2719 4156 qua:
2748 4085 2798 4136 in
2834 4084 2973 4136 caelis
3002 4091 3117 4135 sunt
3143 4082 3185 4112 "
3217 4099 3229 4133 :
3261 4078 3327 4132 Et
3358 4095 3464 4131 nte-

1917 4186 2061 4238 dium
2109 4184 2355 4252 parietem
2414 4180 2654 4234 maceria:
2696 4178 2915 4239 solvens,
2949 4184 3168 4243 utraque
3193 4188 3350 4226 unum
3384 4170 3464 4238 fu-

1916 4279 2013 4331 ciet
2051 4277 2113 4331 ".

1990 4458 2044 4514 4.
2078 4455 2224 4510 Meus
2265 4463 2338 4508 est
2387 4450 2614 4513 Gutaad,
2645 4459 2692 4502 et
2727 4465 2870 4501 meus
2920 4455 2991 4500 est
3041 4444 3330 4498 Manasses.
3361 4440 3467 4494 Ga-

1919 4550 2036 4604 laad
2069 4547 2225 4617 192
2263 4546 2518 4598 Manassm
2542 4555 2620 4597 est
2652 4540 2895 4604 soboles;
2934 4547 2989 4589 ut
3036 4535 3464 4604 patriarcharum

1921 4642 2119 4696 seriem
2155 4638 2402 4692 ostendat
2435 4651 2498 4689 ex
2546 4635 2654 4687 Deo
2688 4631 3122 4692 descendentem,
3155 4644 3220 4682 ex
3275 4625 3468 4696 quibus

1923 4731 2168 4785 Christus
2205 4739 2287 4779 εει
2315 4724 2605 4778 secundum
2630 4737 2869 4774 carnem.
2909 4719 2974 4773 Et
3005 4719 3254 4788 Ephrm'm
3295 4729 3467 4767 susce—

261 4812 588 4882 ἀι-τίληψις
625 4813 732 4884 τῆς
769 4819 1035 4887 κεφαλῆς
1078 4836 1222 4888 μου·
1278 4820 1505 4886 Ἰούδας
1527 4823 1823 4890 ,βασιλεὺς
1854 4807 1931 4891 υ)

1797 4845 1823 4890 ς
1854 4807 1897 4864 ί)
1925 4824 2030 4891 ptio
2061 4818 2244 4887 capitis
2277 4816 2375 4870 mei
2404 4832 2420 4878 ;
2468 4813 2608 4867 Judu
2646 4830 2734 4867 rex
2761 4829 2922 4866 meus.
2976 4810 3254 4864 Abscissas
3289 4816 3467 4875 partes

257 4924 404 4976 μου.
436 4907 516 4960 Τά
547 4906 922 4978 ἀπορραγέντα
955 4911 1092 4982 μέρη
1138 4911 1393 4966 συνάπτει
1435 4912 1520 4965 διὰ
1559 4914 1656 4984 τῆς
1696 4916 1823 4986 ὁμο-

1927 4913 2200 4970 connectit
2236 4927 2330 4980 per
2360 4910 2718 4965 concordiam.
2750 4906 2906 4960 Vsus.
2941 4903 3025 4955 10.
3073 4900 3227 4954 Moab
3267 4901 3372 4970 spei
3397 4899 3470 4952 le-

341 5045 393 5120 ’_°_
413 5043 605 5120 Ephes.
641 5061 699 5120 ιι,
724 5045 777 5120 δ.
855 5047 895 5076 ¹¹
929 5050 1055 5103 ibid.
1089 5051 1172 5104 12.
1251 5053 1291 5084 ⁸⁸
1324 5053 1486 5106 Exod.
1520 5068 1618 5116 xu,
1649 5054 1700 5109 7.
1778 5056 1822 5087 ¹³
1856 5057 2010 5110 Ezecl

1802 5056 1822 5087 ³
1856 5057 2050 5110 Ezech.
2077 5071 2152 5120 Ix,
2181 5052 2233 5116 5,
2266 5049 2316 5102 6.
2396 5047 2438 5078 “
2467 5045 2599 5102 Gen.
2633 5054 2816 5108 sunt,
2845 5041 2932 5095 22.
3012 5041 3050 5071 ¹⁵
3077 5039 3278 5095 Coloss.
3309 5055 3345 5101 ι,
3376 5037 3463 5092 9.0.

268 5115 315 5145 ¹⁶
350 5114 545 5184 Ephes.
590 5131 647 5179 ιι,
680 5116 764 5170 id.

265 5237 326 5283 et
371 5228 628 5306 septimus
681 5246 800 5284 cum
836 5229 978 5306 ﬂag:
1024 5231 1192 5306 tertio
1213 5230 1309 5306 τῆς
1340 5232 1418 5293 εἰς
1453 5233 1684 5302 Χριστὸν
1711 5236 1832 5306 κλή-

269 5316 443 5378 σεως,
480 5299 618 5352 haud
647 5311 807 5356 recte.
841 5298 981 5354 Editi
1008 5313 1125 5352 cum
1158 5299 1339 5371 Regiis
1362 5298 1551 5369 quarto
1580 5315 1631 5358 et
1661 5298 1830 5372 sexto,

272 5379 334 5423 ιιι
361 5384 414 5420 ιιι
450 5378 616 5421 textu.

347 5434 461 5503 (55)
493 5436 640 5492 Cnlh.
677 5450 898 5516 quart_us
922 5439 1078 5516 φλιὰς
1103 5439 1208 5491 τῶν
1243 5439 1829 5516 ἐισραηλιτῶνθυρῶν,

347 5457 461 5503 (θοι
493 5457 640 5492 LOU).
677 5457 898 5506 quartus
922 5457 1078 5508 φλιας
1103 5457 1208 5491 των
1271 5457 1596 5562 ισῙαηΑιτωει
1631 5457 1828 5516 υυρων,

273 5518 446 5585 postes
500 5517 767 5585 portarum
817 5508 1201 5585 Israelitqrum.
1242 5507 1311 5564 Se
1395 5515 1546 5566 abest
1598 5513 1828 5585 θυρῶνιι

274 5576 459 5634 inultis
499 5578 619 5633 aliis
649 5592 777 5631 mss.
810 5589 863 5633 et
895 5580 961 5631 ab
984 5580 1159 5634 editis.

351 5645 466 5770 (54)
502 5646 629 5711 Reg.
661 5658 883 5715 quartus
912 5660 963 5701 et
990 5650 1139 5703 Colb.
1179 5659 1362 5705 sextus
1394 5667 1547 5719 mque
1577 5668 1641 5706 ac
1684 5652 1824 5709 LXX

371 5715 544 5769 δεσθε.
575 5716 710 5770 Editi
731 5733 847 5770 cum
882 5719 1120 5770 Dlttrimis
1146 5733 1270 5770 mss.
1304 5723 1580 5770 φείσησθε-

272 5715 550 5792 φείδεσθε.
575 5716 847 5792 Editicum
882 5719 1120 5792 plurimis
1146 5733 1270 5772 mss.
1304 5715 1580 5792 φείσησθε.

350 5787 462 5857 (55)
496 5787 584 5857 Sic
609 5785 893 5841 Colbertini
924 5788 1143 5857 primus,
1174 5785 1395 5856 quartus
1419 5785 1470 5843 et
1503 5803 1684 5846 sextus
1706 5808 1825 5847 cum

277 5856 631 5929 Regstertio.
674 5857 778 5911 Vox
830 5856 1025 5926 Σίκιμα
1055 5861 1216 5911 semel
1249 5860 1506 5913 duntaxat
1565 5864 1828 5929 reperitur

286 5929 342 5983 in
375 5926 643 5998 aliquibus
698 5943 822 5983 mss.
858 5935 906 5982 et
944 5929 993 5982 in
1053 5930 1226 5983 editis.
1274 5930 1422 5993 Illud,
1467 5932 1525 5982 τὸ
1553 5926 1826 6003 ἐξαίρετον

1930 5235 2145 5306 χωρίον,
2176 5233 2252 5287 sic
2280 5241 2516 5306 verterat
2547 5231 2837 5306 interpres,
2866 5226 3465 5306 prmcipttttmm'a'dittttt:

1927 5294 2043 5366 ἔρδ’,
2084 5294 2200 5357 nteo
2225 5306 2436 5370 quidem
2467 5294 2904 5370 judicio,'n_telius
2936 5296 3167 5370 reddidit
3201 5294 3467 5370 Condit-ii-

1926 5365 2061 5438 sius,
2095 5365 2356 5437 peculiare
2398 5365 2673 5437 prie-diuiti.
2726 5367 2970 5438 Jacobus
3005 5365 3146 5438 enim
3189 5379 3374 5438 agrum
3409 5367 3470 5416 il-

1926 5433 2058 5498 lum'
2088 5433 2319 5513 Josepbo
2349 5433 2498 5496 citra
2549 5449 2746 5494 sortem
2785 5437 3064 5492 tradidisse
3100 5435 3291 5488 dicitur
3332 5433 3466 5487 Gcn.

1927 5531 2108 5574 sum,
2142 5513 2228 5565 ‘22.

1998 5585 2110 5653 (56)
2151 5582 2222 5634 Ita
2283 5579 2636 5653 editioBasil:
2681 5589 2733 5653 et
2766 5593 2893 5653 mss.
2933 5590 3035 5629 non
3077 5574 3251 5643 pauci.
3311 5573 3471 5653 Abest

1932 5645 2190 5707 articulus
2247 5653 2311 5706 ab
2342 5652 2572 5721 editione
2607 5650 2788 5721 Paris._
2814 5648 3107 5721 Aliquanto
3145 5653 3260 5712 post
3310 5645 3478 5721 editio

1933 5724 2095 5777 Basil.
2133 5731 2183 5775 et
2208 5721 2311 5776 duo
2348 5735 2476 5775 mss.
2506 5720 2744 5787 ἔγγονος.
2777 5718 2830 5771 In
2863 5717 2949 5770 illo
2971 5717 3123 5787 quod
3143 5726 3260 5766 mox
3296 5717 3472 5778 sequi-

1937 5804 2042 5858 tur,
2069 5794 2152 5845 ἴνα
2175 5791 2344 5863 δείξῃ,
2375 5785 2797 5863 ellipsiminesse
2824 5788 3023 5848 vident,
3043 5785 3468 5863 opinor,otnn_cs.

1937 5853 2045 5918 ΙΙοό
2082 5876 2164 5916 est
2200 5881 2212 5916 :
2251 5853 2376 5914 H't't’c
2429 5853 2543 5913 ideo
2575 5860 2733 5920 dicit,
2782 5868 2834 5909 ut
2885 5859 3114 5910 ostendat
3150 5853 3467 5921 patriarcha:

1937 5951 2048 5988 rum
2078 5933 2445 5987 successionem
2477 5946 2539 5986 ea:
2577 5929 2680 5983 Deo
2704 5928 2950 5983 descende
