  <div class='ocr_page' id='page_1' title='image "/cluster/home/n/w/nwhite01/storage/ocr_20150623/29/uva.x004321530/653.png"; bbox 0 0 4230 6496; ppageno 0'>
   <div class='ocr_carea' id='block_1_1' title="bbox 733 1822 1259 1890">
    <p class='ocr_par' dir='ltr' id='par_1_1' title="bbox 733 1822 1259 1890">
     <span class='ocr_line' id='line_1_1' title="bbox 733 1822 1259 1890; baseline 0.002 -17"><span class='ocrx_word' id='word_1_1' title='bbox 733 1851 735 1853; x_wconf 64' lang='grc' dir='ltr'><strong>ι</strong></span> <span class='ocrx_word' id='word_1_2' title='bbox 815 1822 903 1874; x_wconf 88' lang='lat' dir='ltr'><strong>Dei</strong></span> <span class='ocrx_word' id='word_1_3' title='bbox 962 1822 1259 1890; x_wconf 79' lang='lat' dir='ltr'><strong>gestatrix,</strong></span> 
     </span>
    </p>
   </div>
   <div class='ocr_carea' id='block_1_2' title="bbox 798 440 895 494">
    <p class='ocr_par' dir='ltr' id='par_1_2' title="bbox 798 440 895 494">
     <span class='ocr_line' id='line_1_2' title="bbox 798 440 895 494; baseline 0.021 -2"><span class='ocrx_word' id='word_1_4' title='bbox 798 440 895 494; x_wconf 60' lang='grc'><strong>467</strong></span> 
     </span>
    </p>
   </div>
   <div class='ocr_carea' id='block_1_3' title="bbox 2123 438 2702 494">
    <p class='ocr_par' dir='ltr' id='par_1_3' title="bbox 2123 438 2702 494">
     <span class='ocr_line' id='line_1_3' title="bbox 2123 438 2702 494; baseline -0.007 0"><span class='ocrx_word' id='word_1_5' title='bbox 2123 439 2178 494; x_wconf 88' lang='lat' dir='ltr'><strong>S.</strong></span> <span class='ocrx_word' id='word_1_6' title='bbox 2220 438 2454 494; x_wconf 71' lang='lat' dir='ltr'><strong>BASILII</strong></span> <span class='ocrx_word' id='word_1_7' title='bbox 2492 438 2702 492; x_wconf 71' lang='lat' dir='ltr'><strong>MAGNI</strong></span> 
     </span>
    </p>
   </div>
   <div class='ocr_carea' id='block_1_4' title="bbox 3893 439 3998 492">
    <p class='ocr_par' dir='ltr' id='par_1_4' title="bbox 3893 439 3998 492">
     <span class='ocr_line' id='line_1_4' title="bbox 3893 439 3998 492; baseline 0.019 -2"><span class='ocrx_word' id='word_1_8' title='bbox 3893 439 3998 492; x_wconf 69' lang='grc'><strong>168</strong></span> 
     </span>
    </p>
   </div>
   <div class='ocr_carea' id='block_1_5' title="bbox 801 547 2471 622">
    <p class='ocr_par' dir='ltr' id='par_1_5' title="bbox 801 551 2471 622">
     <span class='ocr_line' id='line_1_5' title="bbox 801 551 2471 622; baseline 0.001 -19"><span class='ocrx_word' id='word_1_9' title='bbox 801 554 904 604; x_wconf 83' lang='lat' dir='ltr'><strong>bcs.</strong></span> <span class='ocrx_word' id='word_1_10' title='bbox 934 552 1058 615; x_wconf 84' lang='lat' dir='ltr'><strong>Aut,</strong></span> <span class='ocrx_word' id='word_1_11' title='bbox 1095 551 1254 608; x_wconf 77' lang='lat' dir='ltr'><strong>Lebes</strong></span> <span class='ocrx_word' id='word_1_12' title='bbox 1285 551 1508 617; x_wconf 77' lang='lat' dir='ltr'><strong>lavacri,</strong></span> <span class='ocrx_word' id='word_1_13' title='bbox 1539 552 1618 606; x_wconf 87' lang='lat' dir='ltr'><strong>ait</strong></span> <span class='ocrx_word' id='word_1_14' title='bbox 1642 552 1777 607; x_wconf 88' lang='lat' dir='ltr'><strong>alius</strong></span> <span class='ocrx_word' id='word_1_15' title='bbox 1805 554 2018 622; x_wconf 87' lang='lat' dir='ltr'><strong>quidam</strong></span> <span class='ocrx_word' id='word_1_16' title='bbox 2049 556 2339 621; x_wconf 88' lang='lat' dir='ltr'><strong>interpres:</strong></span> <span class='ocrx_word' id='word_1_17' title='bbox 2374 561 2418 614; x_wconf 81' lang='grc' dir='ltr'><strong>Α</strong></span> <span class='ocrx_word' id='word_1_18' title='bbox 2447 573 2471 604; x_wconf 92' lang='grc' dir='ltr'>ν</span> 
     </span>
    </p>
   </div>
   <div class='ocr_carea' id='block_1_6' title="bbox 2324 547 3994 622">
    <p class='ocr_par' dir='ltr' id='par_1_6' title="bbox 2327 547 3994 616">
     <span class='ocr_line' id='line_1_6' title="bbox 2327 547 3994 616; baseline 0.005 -21"><span class='ocrx_word' id='word_1_19' title='bbox 2327 571 2339 606; x_wconf 72' lang='grc' dir='ltr'><strong>ε</strong></span> <span class='ocrx_word' id='word_1_20' title='bbox 2374 561 2418 614; x_wconf 75' lang='grc' dir='ltr'><strong>Α</strong></span> <span class='ocrx_word' id='word_1_21' title='bbox 2447 552 2612 614; x_wconf 84' lang='grc' dir='ltr'>νοίας.</span> <span class='ocrx_word' id='word_1_22' title='bbox 2674 552 2725 602; x_wconf 88' lang='lat'><strong>&#39;0</strong></span> <span class='ocrx_word' id='word_1_23' title='bbox 2751 550 2925 603; x_wconf 81' lang='grc' dir='ltr'><strong>Μωάσ</strong></span> <span class='ocrx_word' id='word_1_24' title='bbox 2945 549 3052 616; x_wconf 81' lang='grc' dir='ltr'>τῆς</span> <span class='ocrx_word' id='word_1_25' title='bbox 3100 549 3343 614; x_wconf 75' lang='grc' dir='ltr'><strong>ἐλπίδος</strong></span> <span class='ocrx_word' id='word_1_26' title='bbox 3401 547 3598 616; x_wconf 81' lang='grc' dir='ltr'>λέϐης.</span> <span class='ocrx_word' id='word_1_27' title='bbox 3646 551 3736 609; x_wconf 86' lang='grc' dir='ltr'>Ἢ,</span> <span class='ocrx_word' id='word_1_28' title='bbox 3784 550 3994 614; x_wconf 73' lang='grc' dir='ltr'>Λὲεης,</span> 
     </span>
    </p>
   </div>
   <div class='ocr_carea' id='block_1_7' title="bbox 801 639 2347 708">
    <p class='ocr_par' dir='ltr' id='par_1_7' title="bbox 801 639 2347 708">
     <span class='ocr_line' id='line_1_7' title="bbox 801 639 2347 708; baseline 0.001 -16"><span class='ocrx_word' id='word_1_29' title='bbox 801 651 914 701; x_wconf 86' lang='lat' dir='ltr'><strong>aut,</strong></span> <span class='ocrx_word' id='word_1_30' title='bbox 949 639 1108 692; x_wconf 84' lang='lat' dir='ltr'><strong>Lebes</strong></span> <span class='ocrx_word' id='word_1_31' title='bbox 1155 641 1493 702; x_wconf 71' lang='lat' dir='ltr'><strong>securitatis;</strong></span> <span class='ocrx_word' id='word_1_32' title='bbox 1551 639 1654 693; x_wconf 92' lang='lat' dir='ltr'><strong>hoc</strong></span> <span class='ocrx_word' id='word_1_33' title='bbox 1702 649 1804 705; x_wconf 80' lang='lat' dir='ltr'><strong>est,</strong></span> <span class='ocrx_word' id='word_1_34' title='bbox 1857 642 1976 695; x_wconf 81' lang='lat' dir='ltr'><strong>vilis</strong></span> <span class='ocrx_word' id='word_1_35' title='bbox 2009 651 2062 694; x_wconf 87' lang='lat' dir='ltr'><strong>et</strong></span> <span class='ocrx_word' id='word_1_36' title='bbox 2111 641 2347 708; x_wconf 88' lang='lat' dir='ltr'><strong>abjectus</strong></span> 
     </span>
    </p>
   </div>
   <div class='ocr_carea' id='block_1_8' title="bbox 804 731 2345 797">
    <p class='ocr_par' dir='ltr' id='par_1_8' title="bbox 804 731 2345 797">
     <span class='ocr_line' id='line_1_8' title="bbox 804 731 2345 797; baseline 0.001 -15"><span class='ocrx_word' id='word_1_37' title='bbox 804 734 982 796; x_wconf 86' lang='lat' dir='ltr'><strong>homo,</strong></span> <span class='ocrx_word' id='word_1_38' title='bbox 1005 731 1089 784; x_wconf 89' lang='lat' dir='ltr'><strong>cui</strong></span> <span class='ocrx_word' id='word_1_39' title='bbox 1122 748 1243 786; x_wconf 92' lang='lat' dir='ltr'><strong>cum</strong></span> <span class='ocrx_word' id='word_1_40' title='bbox 1279 732 1440 785; x_wconf 78' lang='lat' dir='ltr'><strong>minis</strong></span> <span class='ocrx_word' id='word_1_41' title='bbox 1468 731 1810 786; x_wconf 88' lang='lat' dir='ltr'><strong>interdictum</strong></span> <span class='ocrx_word' id='word_1_42' title='bbox 1845 743 1946 797; x_wconf 90' lang='lat' dir='ltr'><strong>est,</strong></span> <span class='ocrx_word' id='word_1_43' title='bbox 1975 749 2040 786; x_wconf 90' lang='lat' dir='ltr'><strong>ne</strong></span> <span class='ocrx_word' id='word_1_44' title='bbox 2068 734 2119 784; x_wconf 92' lang='lat' dir='ltr'><strong>in</strong></span> <span class='ocrx_word' id='word_1_45' title='bbox 2143 732 2345 785; x_wconf 85' lang='lat' dir='ltr'><strong>Domini</strong></span> 
     </span>
    </p>
   </div>
   <div class='ocr_carea' id='block_1_9' title="bbox 803 822 2350 889">
    <p class='ocr_par' dir='ltr' id='par_1_9' title="bbox 803 822 2350 889">
     <span class='ocr_line' id='line_1_9' title="bbox 803 822 2350 889; baseline 0 -13"><span class='ocrx_word' id='word_1_46' title='bbox 803 823 1095 877; x_wconf 78' lang='lat' dir='ltr'><strong>Ecclesium</strong></span> <span class='ocrx_word' id='word_1_47' title='bbox 1139 823 1490 889; x_wconf 72' lang='lat' dir='ltr'><strong>ingrediatur.</strong></span> <span class='ocrx_word' id='word_1_48' title='bbox 1525 823 1639 875; x_wconf 85' lang='lat' dir='ltr'><strong>Non</strong></span> <span class='ocrx_word' id='word_1_49' title='bbox 1675 824 1817 876; x_wconf 89' lang='lat' dir='ltr'><strong>enim</strong></span> <span class='ocrx_word' id='word_1_50' title='bbox 1845 823 2064 876; x_wconf 87' lang='lat' dir='ltr'><strong>intrabit</strong></span> <span class='ocrx_word' id='word_1_51' title='bbox 2098 822 2350 876; x_wconf 81' lang='lat' dir='ltr'><strong>Moabites</strong></span> 
     </span>
    </p>
   </div>
   <div class='ocr_carea' id='block_1_10' title="bbox 801 913 2352 982">
    <p class='ocr_par' dir='ltr' id='par_1_10' title="bbox 801 913 2352 982">
     <span class='ocr_line' id='line_1_10' title="bbox 801 913 2352 982; baseline -0.002 -14"><span class='ocrx_word' id='word_1_52' title='bbox 801 922 856 968; x_wconf 87' lang='lat' dir='ltr'><strong>ct</strong></span> <span class='ocrx_word' id='word_1_53' title='bbox 893 914 1234 967; x_wconf 82' lang='lat' dir='ltr'><strong>Ammonites</strong></span> <span class='ocrx_word' id='word_1_54' title='bbox 1264 928 1432 982; x_wconf 81' lang='lat' dir='ltr'><strong>usque</strong></span> <span class='ocrx_word' id='word_1_55' title='bbox 1461 915 1523 966; x_wconf 89' lang='lat' dir='ltr'><strong>ad</strong></span> <span class='ocrx_word' id='word_1_56' title='bbox 1553 913 1790 975; x_wconf 81' lang='lat' dir='ltr'><strong>tertiam,</strong></span> <span class='ocrx_word' id='word_1_57' title='bbox 1835 924 1887 966; x_wconf 89' lang='lat' dir='ltr'><strong>et</strong></span> <span class='ocrx_word' id='word_1_58' title='bbox 1917 928 2084 981; x_wconf 88' lang='lat' dir='ltr'><strong>usque</strong></span> <span class='ocrx_word' id='word_1_59' title='bbox 2115 915 2182 967; x_wconf 88' lang='lat' dir='ltr'><strong>ad</strong></span> <span class='ocrx_word' id='word_1_60' title='bbox 2211 914 2352 965; x_wconf 85' lang='lat' dir='ltr'><strong>deci-</strong></span> 
     </span>
    </p>
   </div>
   <div class='ocr_carea' id='block_1_11' title="bbox 805 1003 2349 1070">
    <p class='ocr_par' dir='ltr' id='par_1_11' title="bbox 805 1003 2349 1070">
     <span class='ocr_line' id='line_1_11' title="bbox 805 1003 2349 1070; baseline 0 -16"><span class='ocrx_word' id='word_1_61' title='bbox 805 1018 946 1055; x_wconf 87' lang='lat' dir='ltr'><strong>mam</strong></span> <span class='ocrx_word' id='word_1_62' title='bbox 974 1003 1398 1070; x_wconf 78' lang='lat' dir='ltr'><strong>generationem,</strong></span> <span class='ocrx_word' id='word_1_63' title='bbox 1425 1016 1478 1056; x_wconf 92' lang='lat' dir='ltr'><strong>et</strong></span> <span class='ocrx_word' id='word_1_64' title='bbox 1526 1017 1694 1070; x_wconf 86' lang='lat' dir='ltr'><strong>usque</strong></span> <span class='ocrx_word' id='word_1_65' title='bbox 1739 1005 1802 1056; x_wconf 89' lang='lat' dir='ltr'><strong>ad</strong></span> <span class='ocrx_word' id='word_1_66' title='bbox 1835 1012 2094 1056; x_wconf 64' lang='lat' dir='ltr'><strong>aeternum</strong></span> <span class='ocrx_word' id='word_1_67' title='bbox 2125 1014 2349 1070; x_wconf 84' lang='lat' dir='ltr'><strong>tempus.</strong></span> 
     </span>
    </p>
   </div>
   <div class='ocr_carea' id='block_1_12' title="bbox 807 1093 2356 1162">
    <p class='ocr_par' dir='ltr' id='par_1_12' title="bbox 807 1093 2356 1162">
     <span class='ocr_line' id='line_1_12' title="bbox 807 1093 2356 1162; baseline 0.003 -19"><span class='ocrx_word' id='word_1_68' title='bbox 807 1094 1070 1160; x_wconf 78' lang='lat' dir='ltr'><strong>Quoniam</strong></span> <span class='ocrx_word' id='word_1_69' title='bbox 1105 1104 1282 1147; x_wconf 90' lang='lat' dir='ltr'><strong>tamen</strong></span> <span class='ocrx_word' id='word_1_70' title='bbox 1325 1095 1587 1162; x_wconf 85' lang='lat' dir='ltr'><strong>baptisma</strong></span> <span class='ocrx_word' id='word_1_71' title='bbox 1625 1095 1994 1148; x_wconf 85' lang='lat' dir='ltr'><strong>remissionem</strong></span> <span class='ocrx_word' id='word_1_72' title='bbox 2038 1093 2199 1146; x_wconf 93' lang='lat' dir='ltr'><strong>habet</strong></span> <span class='ocrx_word' id='word_1_73' title='bbox 2231 1109 2356 1162; x_wconf 90' lang='lat' dir='ltr'><strong>pec-</strong></span> 
     </span>
    </p>
   </div>
   <div class='ocr_carea' id='block_1_13' title="bbox 805 1182 2352 1247">
    <p class='ocr_par' dir='ltr' id='par_1_13' title="bbox 805 1182 2352 1247">
     <span class='ocr_line' id='line_1_13' title="bbox 805 1182 2352 1247; baseline -0.001 -12"><span class='ocrx_word' id='word_1_74' title='bbox 805 1193 1068 1247; x_wconf 82' lang='lat' dir='ltr'><strong>catorum,</strong></span> <span class='ocrx_word' id='word_1_75' title='bbox 1099 1198 1162 1236; x_wconf 90' lang='lat' dir='ltr'><strong>ac</strong></span> <span class='ocrx_word' id='word_1_76' title='bbox 1180 1184 1512 1237; x_wconf 84' lang='lat' dir='ltr'><strong>debitoribus</strong></span> <span class='ocrx_word' id='word_1_77' title='bbox 1545 1182 1700 1236; x_wconf 65' lang='lat' dir='ltr'><strong>aliert</strong></span> <span class='ocrx_word' id='word_1_78' title='bbox 1722 1185 2094 1246; x_wconf 82' lang='lat' dir='ltr'><strong>securitatem;</strong></span> <span class='ocrx_word' id='word_1_79' title='bbox 2131 1183 2352 1247; x_wconf 87' lang='lat' dir='ltr'><strong>idcirco,</strong></span> 
     </span>
    </p>
   </div>
   <div class='ocr_carea' id='block_1_14' title="bbox 805 1274 2355 1342">
    <p class='ocr_par' dir='ltr' id='par_1_14' title="bbox 805 1274 2355 1342">
     <span class='ocr_line' id='line_1_14' title="bbox 805 1274 2355 1342; baseline 0.002 -15"><span class='ocrx_word' id='word_1_80' title='bbox 805 1274 998 1328; x_wconf 82' lang='lat' dir='ltr'><strong>laetam</strong></span> <span class='ocrx_word' id='word_1_81' title='bbox 1034 1289 1126 1342; x_wconf 91' lang='lat' dir='ltr'><strong>per</strong></span> <span class='ocrx_word' id='word_1_82' title='bbox 1149 1275 1472 1340; x_wconf 89' lang='lat' dir='ltr'><strong>baptismum</strong></span> <span class='ocrx_word' id='word_1_83' title='bbox 1505 1275 1919 1342; x_wconf 83' lang='lat' dir='ltr'><strong>redemptionem</strong></span> <span class='ocrx_word' id='word_1_84' title='bbox 1945 1284 1996 1328; x_wconf 91' lang='lat' dir='ltr'><strong>et</strong></span> <span class='ocrx_word' id='word_1_85' title='bbox 2022 1274 2355 1337; x_wconf 51' lang='lat' dir='ltr'><strong>coniunctio-</strong></span> 
     </span>
    </p>
   </div>
   <div class='ocr_carea' id='block_1_15' title="bbox 807 1366 2352 1434">
    <p class='ocr_par' dir='ltr' id='par_1_15' title="bbox 807 1366 2352 1434">
     <span class='ocr_line' id='line_1_15' title="bbox 807 1366 2352 1434; baseline 0.002 -16"><span class='ocrx_word' id='word_1_86' title='bbox 807 1381 929 1419; x_wconf 88' lang='lat' dir='ltr'><strong>nem</strong></span> <span class='ocrx_word' id='word_1_87' title='bbox 979 1382 1099 1419; x_wconf 91' lang='lat' dir='ltr'><strong>cum</strong></span> <span class='ocrx_word' id='word_1_88' title='bbox 1156 1367 1263 1419; x_wconf 86' lang='lat' dir='ltr'><strong>Deo</strong></span> <span class='ocrx_word' id='word_1_89' title='bbox 1321 1368 1631 1428; x_wconf 89' lang='lat' dir='ltr'><strong>ostendens,</strong></span> <span class='ocrx_word' id='word_1_90' title='bbox 1671 1366 1845 1431; x_wconf 81' lang='lat' dir='ltr'><strong>Moab,</strong></span> <span class='ocrx_word' id='word_1_91' title='bbox 1878 1367 2067 1434; x_wconf 88' lang='lat' dir='ltr'><strong>inquit,</strong></span> <span class='ocrx_word' id='word_1_92' title='bbox 2095 1366 2231 1420; x_wconf 85' lang='lat' dir='ltr'><strong>lebes</strong></span> <span class='ocrx_word' id='word_1_93' title='bbox 2278 1380 2352 1421; x_wconf 88' lang='lat' dir='ltr'><strong>est</strong></span> 
     </span>
    </p>
   </div>
   <div class='ocr_carea' id='block_1_16' title="bbox 808 1456 2354 1527">
    <p class='ocr_par' dir='ltr' id='par_1_16' title="bbox 808 1456 2354 1527">
     <span class='ocr_line' id='line_1_16' title="bbox 808 1456 2354 1527; baseline 0.002 -19"><span class='ocrx_word' id='word_1_94' title='bbox 808 1458 1004 1510; x_wconf 83' lang='lat' dir='ltr'><strong>lavacri</strong></span> <span class='ocrx_word' id='word_1_95' title='bbox 1023 1497 1037 1520; x_wconf 91' lang='lat'><strong>,</strong></span> <span class='ocrx_word' id='word_1_96' title='bbox 1058 1468 1149 1509; x_wconf 86' lang='lat' dir='ltr'><strong>aut</strong></span> <span class='ocrx_word' id='word_1_97' title='bbox 1178 1456 1336 1510; x_wconf 89' lang='lat' dir='ltr'><strong>Lebes</strong></span> <span class='ocrx_word' id='word_1_98' title='bbox 1368 1459 1682 1510; x_wconf 68' lang='lat' dir='ltr'><strong>securitatis.</strong></span> <span class='ocrx_word' id='word_1_99' title='bbox 1711 1456 1900 1510; x_wconf 80' lang='lat' dir='ltr'><strong>Omnes</strong></span> <span class='ocrx_word' id='word_1_100' title='bbox 1919 1458 2078 1525; x_wconf 75' lang='lat' dir='ltr'><strong>igitur</strong></span> <span class='ocrx_word' id='word_1_101' title='bbox 2107 1459 2354 1527; x_wconf 86' lang='lat' dir='ltr'><strong>alienige-</strong></span> 
     </span>
    </p>
   </div>
   <div class='ocr_carea' id='block_1_17' title="bbox 811 1547 2354 1619">
    <p class='ocr_par' dir='ltr' id='par_1_17' title="bbox 811 1547 2354 1619">
     <span class='ocr_line' id='line_1_17' title="bbox 811 1547 2354 1619; baseline 0.004 -21"><span class='ocrx_word' id='word_1_102' title='bbox 811 1563 892 1600; x_wconf 71' lang='lat' dir='ltr'><strong>na:</strong></span> <span class='ocrx_word' id='word_1_103' title='bbox 937 1547 1131 1600; x_wconf 72' lang='lat' dir='ltr'><strong>subditi</strong></span> <span class='ocrx_word' id='word_1_104' title='bbox 1160 1559 1298 1614; x_wconf 80' lang='lat' dir='ltr'><strong>sunt,</strong></span> <span class='ocrx_word' id='word_1_105' title='bbox 1325 1561 1506 1618; x_wconf 90' lang='lat' dir='ltr'><strong>utpote</strong></span> <span class='ocrx_word' id='word_1_106' title='bbox 1537 1549 1624 1616; x_wconf 82' lang='lat' dir='ltr'><strong>qui</strong></span> <span class='ocrx_word' id='word_1_107' title='bbox 1645 1564 1701 1602; x_wconf 88' lang='lat' dir='ltr'><strong>se</strong></span> <span class='ocrx_word' id='word_1_108' title='bbox 1723 1547 1920 1602; x_wconf 79' lang='lat' dir='ltr'><strong>Christi</strong></span> <span class='ocrx_word' id='word_1_109' title='bbox 1943 1549 2068 1619; x_wconf 80' lang='lat' dir='ltr'><strong>jugo</strong></span> <span class='ocrx_word' id='word_1_110' title='bbox 2092 1551 2354 1604; x_wconf 87' lang='lat' dir='ltr'><strong>submise—</strong></span> 
     </span>
    </p>
   </div>
   <div class='ocr_carea' id='block_1_18' title="bbox 811 1639 2358 1706">
    <p class='ocr_par' dir='ltr' id='par_1_18' title="bbox 811 1639 2358 1706">
     <span class='ocr_line' id='line_1_18' title="bbox 811 1639 2358 1706; baseline 0.003 -16"><span class='ocrx_word' id='word_1_111' title='bbox 811 1639 947 1692; x_wconf 81' lang='lat' dir='ltr'><strong>rint:</strong></span> <span class='ocrx_word' id='word_1_112' title='bbox 982 1655 1145 1706; x_wconf 89' lang='lat' dir='ltr'><strong>quare</strong></span> <span class='ocrx_word' id='word_1_113' title='bbox 1171 1640 1219 1693; x_wconf 94' lang='lat' dir='ltr'><strong>in</strong></span> <span class='ocrx_word' id='word_1_114' title='bbox 1254 1640 1535 1693; x_wconf 67' lang='lat' dir='ltr'><strong>Idumaeam</strong></span> <span class='ocrx_word' id='word_1_115' title='bbox 1563 1654 1714 1693; x_wconf 90' lang='lat' dir='ltr'><strong>suum</strong></span> <span class='ocrx_word' id='word_1_116' title='bbox 1747 1643 1999 1695; x_wconf 77' lang='lat' dir='ltr'><strong>extendet.</strong></span> <span class='ocrx_word' id='word_1_117' title='bbox 2027 1641 2358 1695; x_wconf 84' lang='lat' dir='ltr'><strong>Calceamen-</strong></span> 
     </span>
    </p>
   </div>
   <div class='ocr_carea' id='block_1_19' title="bbox 812 1730 2358 1786">
    <p class='ocr_par' dir='ltr' id='par_1_19' title="bbox 812 1730 2358 1786">
     <span class='ocr_line' id='line_1_19' title="bbox 812 1730 2358 1786; baseline 0.002 -5"><span class='ocrx_word' id='word_1_118' title='bbox 812 1739 945 1783; x_wconf 90' lang='lat' dir='ltr'><strong>tum.</strong></span> <span class='ocrx_word' id='word_1_119' title='bbox 1002 1730 1306 1785; x_wconf 78' lang='lat' dir='ltr'><strong>Divinitatis</strong></span> <span class='ocrx_word' id='word_1_120' title='bbox 1358 1742 1536 1784; x_wconf 87' lang='lat' dir='ltr'><strong>autem</strong></span> <span class='ocrx_word' id='word_1_121' title='bbox 1602 1731 2028 1785; x_wconf 90' lang='lat' dir='ltr'><strong>calceamentum</strong></span> <span class='ocrx_word' id='word_1_122' title='bbox 2094 1747 2220 1786; x_wconf 90' lang='lat' dir='ltr'><strong>caro</strong></span> <span class='ocrx_word' id='word_1_123' title='bbox 2279 1741 2358 1785; x_wconf 89' lang='lat' dir='ltr'><strong>est</strong></span> 
     </span>
    </p>
   </div>
   <div class='ocr_carea' id='block_1_20' title="bbox 1329 1824 2354 1890">
    <p class='ocr_par' dir='ltr' id='par_1_20' title="bbox 1329 1824 2354 1890">
     <span class='ocr_line' id='line_1_20' title="bbox 1329 1824 2354 1890; baseline -0.002 -15"><span class='ocrx_word' id='word_1_124' title='bbox 1329 1837 1424 1889; x_wconf 90' lang='lat' dir='ltr'><strong>per</strong></span> <span class='ocrx_word' id='word_1_125' title='bbox 1479 1837 1634 1890; x_wconf 89' lang='lat' dir='ltr'><strong>quam</strong></span> <span class='ocrx_word' id='word_1_126' title='bbox 1677 1824 1741 1876; x_wconf 88' lang='lat' dir='ltr'><strong>ad</strong></span> <span class='ocrx_word' id='word_1_127' title='bbox 1799 1825 2044 1876; x_wconf 86' lang='lat' dir='ltr'><strong>homines</strong></span> <span class='ocrx_word' id='word_1_128' title='bbox 2109 1825 2354 1877; x_wconf 84' lang='lat' dir='ltr'><strong>accessit.</strong></span> 
     </span>
    </p>
   </div>
   <div class='ocr_carea' id='block_1_21' title="bbox 810 1914 2361 1984">
    <p class='ocr_par' dir='ltr' id='par_1_21' title="bbox 810 1914 2361 1984">
     <span class='ocr_line' id='line_1_21' title="bbox 810 1914 2361 1984; baseline -0.001 -16"><span class='ocrx_word' id='word_1_129' title='bbox 810 1914 890 1968; x_wconf 88' lang='lat' dir='ltr'><strong>Ob</strong></span> <span class='ocrx_word' id='word_1_130' title='bbox 943 1915 1082 1968; x_wconf 89' lang='lat' dir='ltr'><strong>hanc</strong></span> <span class='ocrx_word' id='word_1_131' title='bbox 1138 1931 1284 1981; x_wconf 86' lang='lat' dir='ltr'><strong>spem</strong></span> <span class='ocrx_word' id='word_1_132' title='bbox 1328 1915 1589 1984; x_wconf 80' lang='lat' dir='ltr'><strong>Propheta</strong></span> <span class='ocrx_word' id='word_1_133' title='bbox 1638 1917 1850 1970; x_wconf 88' lang='lat' dir='ltr'><strong>beatum</strong></span> <span class='ocrx_word' id='word_1_134' title='bbox 1899 1917 2194 1983; x_wconf 84' lang='lat' dir='ltr'><strong>praedicans</strong></span> <span class='ocrx_word' id='word_1_135' title='bbox 2230 1925 2361 1969; x_wconf 91' lang='lat' dir='ltr'><strong>tem-</strong></span> 
     </span>
    </p>
   </div>
   <div class='ocr_carea' id='block_1_22' title="bbox 813 2004 2362 2074">
    <p class='ocr_par' dir='ltr' id='par_1_22' title="bbox 813 2004 2362 2074">
     <span class='ocr_line' id='line_1_22' title="bbox 813 2004 2362 2074; baseline 0.003 -19"><span class='ocrx_word' id='word_1_136' title='bbox 813 2020 910 2070; x_wconf 87' lang='lat' dir='ltr'><strong>pus</strong></span> <span class='ocrx_word' id='word_1_137' title='bbox 966 2008 1221 2060; x_wconf 80' lang='lat' dir='ltr'><strong>adventus</strong></span> <span class='ocrx_word' id='word_1_138' title='bbox 1277 2007 1528 2073; x_wconf 90' lang='lat' dir='ltr'><strong>Domini,</strong></span> <span class='ocrx_word' id='word_1_139' title='bbox 1588 2007 1662 2059; x_wconf 88' lang='lat' dir='ltr'><strong>ait</strong></span> <span class='ocrx_word' id='word_1_140' title='bbox 1699 2006 1715 2074; x_wconf 90' lang='lat'>(</span> <span class='ocrx_word' id='word_1_141' title='bbox 1746 2004 1902 2059; x_wconf 79' lang='lat' dir='ltr'><strong>Vens.</strong></span> <span class='ocrx_word' id='word_1_142' title='bbox 1944 2005 2029 2073; x_wconf 83' lang='grc'><strong>11)</strong></span> <span class='ocrx_word' id='word_1_143' title='bbox 2063 2025 2075 2059; x_wconf 92' lang='lat'>:</span> <span class='ocrx_word' id='word_1_144' title='bbox 2116 2007 2244 2070; x_wconf 84' lang='lat' dir='ltr'><strong>Quis</strong></span> <span class='ocrx_word' id='word_1_145' title='bbox 2273 2008 2362 2059; x_wconf 87' lang='lat' dir='ltr'><strong>de-</strong></span> 
     </span>
    </p>
   </div>
   <div class='ocr_carea' id='block_1_23' title="bbox 811 2095 2363 2150">
    <p class='ocr_par' dir='ltr' id='par_1_23' title="bbox 811 2095 2363 2150">
     <span class='ocr_line' id='line_1_23' title="bbox 811 2095 2363 2150; baseline 0.001 -2"><span class='ocrx_word' id='word_1_146' title='bbox 811 2097 959 2149; x_wconf 87' lang='lat' dir='ltr'><strong>ducet</strong></span> <span class='ocrx_word' id='word_1_147' title='bbox 987 2113 1066 2149; x_wconf 87' lang='lat' dir='ltr'><strong>me</strong></span> <span class='ocrx_word' id='word_1_148' title='bbox 1098 2100 1150 2149; x_wconf 89' lang='lat' dir='ltr'><strong>in</strong></span> <span class='ocrx_word' id='word_1_149' title='bbox 1181 2099 1440 2150; x_wconf 85' lang='lat' dir='ltr'><strong>civitatem</strong></span> <span class='ocrx_word' id='word_1_150' title='bbox 1477 2099 1785 2149; x_wconf 83' lang='lat' dir='ltr'><strong>munitionis</strong></span> <span class='ocrx_word' id='word_1_151' title='bbox 1813 2098 1836 2150; x_wconf 72' lang='grc' dir='ltr'><strong>Σ)</strong></span> <span class='ocrx_word' id='word_1_152' title='bbox 1868 2096 2138 2150; x_wconf 84' lang='lat' dir='ltr'><strong>Fortassis</strong></span> <span class='ocrx_word' id='word_1_153' title='bbox 2178 2095 2363 2149; x_wconf 85' lang='lat' dir='ltr'><strong>Eccle-</strong></span> 
     </span>
    </p>
   </div>
   <div class='ocr_carea' id='block_1_24' title="bbox 810 2186 2361 2256">
    <p class='ocr_par' dir='ltr' id='par_1_24' title="bbox 810 2186 2361 2256">
     <span class='ocr_line' id='line_1_24' title="bbox 810 2186 2361 2256; baseline 0.003 -19"><span class='ocrx_word' id='word_1_154' title='bbox 810 2186 946 2238; x_wconf 77' lang='lat' dir='ltr'><strong>siam</strong></span> <span class='ocrx_word' id='word_1_155' title='bbox 971 2187 1122 2250; x_wconf 88' lang='lat' dir='ltr'><strong>dicit,</strong></span> <span class='ocrx_word' id='word_1_156' title='bbox 1165 2202 1281 2255; x_wconf 73' lang='lat' dir='ltr'><strong>qua:</strong></span> <span class='ocrx_word' id='word_1_157' title='bbox 1312 2187 1526 2256; x_wconf 86' lang='lat' dir='ltr'><strong>quidem</strong></span> <span class='ocrx_word' id='word_1_158' title='bbox 1551 2187 1743 2241; x_wconf 87' lang='lat' dir='ltr'><strong>civitas</strong></span> <span class='ocrx_word' id='word_1_159' title='bbox 1773 2197 1876 2251; x_wconf 90' lang='lat' dir='ltr'><strong>est,</strong></span> <span class='ocrx_word' id='word_1_160' title='bbox 1906 2188 2046 2256; x_wconf 90' lang='lat' dir='ltr'><strong>quod</strong></span> <span class='ocrx_word' id='word_1_161' title='bbox 2092 2187 2163 2240; x_wconf 87' lang='lat' dir='ltr'><strong>sit</strong></span> <span class='ocrx_word' id='word_1_162' title='bbox 2190 2198 2361 2241; x_wconf 70' lang='lat' dir='ltr'><strong>emtas</strong></span> 
     </span>
    </p>
   </div>
   <div class='ocr_carea' id='block_1_25' title="bbox 811 2276 2360 2347">
    <p class='ocr_par' dir='ltr' id='par_1_25' title="bbox 811 2276 2360 2347">
     <span class='ocr_line' id='line_1_25' title="bbox 811 2276 2360 2347; baseline 0.003 -19"><span class='ocrx_word' id='word_1_163' title='bbox 811 2276 903 2342; x_wconf 81' lang='lat' dir='ltr'><strong>qui</strong></span> <span class='ocrx_word' id='word_1_164' title='bbox 952 2277 1155 2346; x_wconf 77' lang='lat' dir='ltr'><strong>legibus</strong></span> <span class='ocrx_word' id='word_1_165' title='bbox 1205 2281 1406 2347; x_wconf 88' lang='lat' dir='ltr'><strong>regitur</strong></span> <span class='ocrx_word' id='word_1_166' title='bbox 1452 2293 1467 2332; x_wconf 87' lang='lat'><strong>:</strong></span> <span class='ocrx_word' id='word_1_167' title='bbox 1523 2280 1704 2332; x_wconf 85' lang='lat' dir='ltr'><strong>civitas</strong></span> <span class='ocrx_word' id='word_1_168' title='bbox 1743 2295 1870 2333; x_wconf 88' lang='lat' dir='ltr'><strong>vero</strong></span> <span class='ocrx_word' id='word_1_169' title='bbox 1915 2279 2244 2344; x_wconf 77' lang='lat' dir='ltr'><strong>munitionis,</strong></span> <span class='ocrx_word' id='word_1_170' title='bbox 2293 2281 2360 2332; x_wconf 92' lang='lat' dir='ltr'><strong>ob</strong></span> 
     </span>
    </p>
   </div>
   <div class='ocr_carea' id='block_1_26' title="bbox 813 2366 2362 2436">
    <p class='ocr_par' dir='ltr' id='par_1_26' title="bbox 813 2366 2362 2436">
     <span class='ocr_line' id='line_1_26' title="bbox 813 2366 2362 2436; baseline 0 -18"><span class='ocrx_word' id='word_1_171' title='bbox 813 2367 933 2421; x_wconf 86' lang='lat' dir='ltr'><strong>lidei</strong></span> <span class='ocrx_word' id='word_1_172' title='bbox 955 2368 1362 2421; x_wconf 86' lang='lat' dir='ltr'><strong>munimentum.</strong></span> <span class='ocrx_word' id='word_1_173' title='bbox 1380 2366 1529 2422; x_wconf 89' lang='lat' dir='ltr'><strong>Unde</strong></span> <span class='ocrx_word' id='word_1_174' title='bbox 1546 2369 1806 2436; x_wconf 88' lang='lat' dir='ltr'><strong>interpres</strong></span> <span class='ocrx_word' id='word_1_175' title='bbox 1822 2368 2039 2436; x_wconf 88' lang='lat' dir='ltr'><strong>quidam</strong></span> <span class='ocrx_word' id='word_1_176' title='bbox 2055 2369 2362 2434; x_wconf 79' lang='lat' dir='ltr'><strong>signiﬁcan-</strong></span> 
     </span>
    </p>
   </div>
   <div class='ocr_carea' id='block_1_27' title="bbox 815 2458 2364 2522">
    <p class='ocr_par' dir='ltr' id='par_1_27' title="bbox 815 2458 2364 2522">
     <span class='ocr_line' id='line_1_27' title="bbox 815 2458 2364 2522; baseline -0.001 -10"><span class='ocrx_word' id='word_1_177' title='bbox 815 2461 1020 2514; x_wconf 86' lang='lat' dir='ltr'><strong>tissime</strong></span> <span class='ocrx_word' id='word_1_178' title='bbox 1049 2461 1275 2514; x_wconf 90' lang='lat' dir='ltr'><strong>reddidit</strong></span> <span class='ocrx_word' id='word_1_179' title='bbox 1301 2479 1312 2513; x_wconf 92' lang='lat'>:</span> <span class='ocrx_word' id='word_1_180' title='bbox 1343 2459 1407 2513; x_wconf 85' lang='lat' dir='ltr'><strong>In</strong></span> <span class='ocrx_word' id='word_1_181' title='bbox 1442 2462 1697 2514; x_wconf 77' lang='lat' dir='ltr'><strong>civitatein</strong></span> <span class='ocrx_word' id='word_1_182' title='bbox 1725 2460 2202 2512; x_wconf 85' lang='lat' dir='ltr'><strong>circummunitum.</strong></span> <span class='ocrx_word' id='word_1_183' title='bbox 2235 2458 2364 2522; x_wconf 81' lang='lat' dir='ltr'><strong>Quis</strong></span> 
     </span>
    </p>
   </div>
   <div class='ocr_carea' id='block_1_28' title="bbox 815 2549 2362 2618">
    <p class='ocr_par' dir='ltr' id='par_1_28' title="bbox 815 2549 2362 2618">
     <span class='ocr_line' id='line_1_28' title="bbox 815 2549 2362 2618; baseline -0.001 -16"><span class='ocrx_word' id='word_1_184' title='bbox 815 2551 976 2617; x_wconf 77' lang='lat' dir='ltr'><strong>igitur</strong></span> <span class='ocrx_word' id='word_1_185' title='bbox 1027 2552 1172 2603; x_wconf 85' lang='lat' dir='ltr'><strong>dabit</strong></span> <span class='ocrx_word' id='word_1_186' title='bbox 1205 2551 1356 2613; x_wconf 91' lang='lat' dir='ltr'><strong>mihi,</strong></span> <span class='ocrx_word' id='word_1_187' title='bbox 1414 2559 1473 2604; x_wconf 91' lang='lat' dir='ltr'><strong>ut</strong></span> <span class='ocrx_word' id='word_1_188' title='bbox 1526 2566 1777 2618; x_wconf 81' lang='lat' dir='ltr'><strong>magnum</strong></span> <span class='ocrx_word' id='word_1_189' title='bbox 1825 2550 1952 2601; x_wconf 91' lang='lat' dir='ltr'><strong>illud</strong></span> <span class='ocrx_word' id='word_1_190' title='bbox 1999 2549 2362 2616; x_wconf 80' lang='lat' dir='ltr'><strong>spectaculum</strong></span> 
     </span>
    </p>
   </div>
   <div class='ocr_carea' id='block_1_29' title="bbox 814 2639 2363 2710">
    <p class='ocr_par' dir='ltr' id='par_1_29' title="bbox 814 2639 2363 2710">
     <span class='ocr_line' id='line_1_29' title="bbox 814 2639 2363 2710; baseline -0.002 -14"><span class='ocrx_word' id='word_1_191' title='bbox 814 2642 1162 2710; x_wconf 84' lang='lat' dir='ltr'><strong>conspiciam,</strong></span> <span class='ocrx_word' id='word_1_192' title='bbox 1192 2642 1354 2695; x_wconf 88' lang='lat' dir='ltr'><strong>Deum</strong></span> <span class='ocrx_word' id='word_1_193' title='bbox 1381 2643 1520 2695; x_wconf 89' lang='lat' dir='ltr'><strong>inter</strong></span> <span class='ocrx_word' id='word_1_194' title='bbox 1547 2643 1791 2695; x_wconf 87' lang='lat' dir='ltr'><strong>homines</strong></span> <span class='ocrx_word' id='word_1_195' title='bbox 1815 2640 2211 2694; x_wconf 80' lang='lat' dir='ltr'><strong>diversantein?</strong></span> <span class='ocrx_word' id='word_1_196' title='bbox 2234 2639 2363 2694; x_wconf 88' lang='lat' dir='ltr'><strong>Illud</strong></span> 
     </span>
    </p>
   </div>
   <div class='ocr_carea' id='block_1_30' title="bbox 815 2730 2364 2802">
    <p class='ocr_par' dir='ltr' id='par_1_30' title="bbox 815 2730 2364 2802">
     <span class='ocr_line' id='line_1_30' title="bbox 815 2730 2364 2802; baseline -0.001 -17"><span class='ocrx_word' id='word_1_197' title='bbox 815 2743 918 2795; x_wconf 89' lang='lat' dir='ltr'><strong>est,</strong></span> <span class='ocrx_word' id='word_1_198' title='bbox 948 2736 1088 2802; x_wconf 91' lang='lat' dir='ltr'><strong>quod</strong></span> <span class='ocrx_word' id='word_1_199' title='bbox 1116 2747 1144 2784; x_wconf 89' lang='lat' dir='ltr'><strong>a</strong></span> <span class='ocrx_word' id='word_1_200' title='bbox 1178 2732 1399 2787; x_wconf 92' lang='lat' dir='ltr'><strong>Domino</strong></span> <span class='ocrx_word' id='word_1_201' title='bbox 1422 2732 1623 2787; x_wconf 91' lang='lat' dir='ltr'><strong>dictum</strong></span> <span class='ocrx_word' id='word_1_202' title='bbox 1664 2732 1801 2786; x_wconf 86' lang='lat' dir='ltr'><strong>luit:</strong></span> <span class='ocrx_word' id='word_1_203' title='bbox 1840 2730 1996 2784; x_wconf 75' lang='lat' dir='ltr'><strong>Multi</strong></span> <span class='ocrx_word' id='word_1_204' title='bbox 2018 2735 2277 2799; x_wconf 80' lang='lat' dir='ltr'><strong>prop/tcta:</strong></span> <span class='ocrx_word' id='word_1_205' title='bbox 2315 2741 2364 2786; x_wconf 86' lang='lat' dir='ltr'><strong>ct</strong></span> 
     </span>
    </p>
   </div>
   <div class='ocr_carea' id='block_1_31' title="bbox 813 2823 2360 2892">
    <p class='ocr_par' dir='ltr' id='par_1_31' title="bbox 813 2823 2360 2892">
     <span class='ocr_line' id='line_1_31' title="bbox 813 2823 2360 2892; baseline -0.001 -16"><span class='ocrx_word' id='word_1_206' title='bbox 813 2823 941 2892; x_wconf 74' lang='lat' dir='ltr'><strong>iusti</strong></span> <span class='ocrx_word' id='word_1_207' title='bbox 969 2824 1242 2892; x_wconf 81' lang='lat' dir='ltr'><strong>cupierunt</strong></span> <span class='ocrx_word' id='word_1_208' title='bbox 1272 2825 1445 2878; x_wconf 85' lang='lat' dir='ltr'><strong>videre</strong></span> <span class='ocrx_word' id='word_1_209' title='bbox 1463 2841 1579 2892; x_wconf 79' lang='lat' dir='ltr'><strong>qua:</strong></span> <span class='ocrx_word' id='word_1_210' title='bbox 1606 2824 1811 2886; x_wconf 73' lang='lat' dir='ltr'><strong>videtis,</strong></span> <span class='ocrx_word' id='word_1_211' title='bbox 1829 2833 1874 2874; x_wconf 92' lang='lat' dir='ltr'><strong>et</strong></span> <span class='ocrx_word' id='word_1_212' title='bbox 1899 2840 1999 2874; x_wconf 89' lang='lat' dir='ltr'><strong>non</strong></span> <span class='ocrx_word' id='word_1_213' title='bbox 2034 2823 2268 2876; x_wconf 79' lang='lat' dir='ltr'><strong>viderunt</strong></span> <span class='ocrx_word' id='word_1_214' title='bbox 2299 2824 2360 2875; x_wconf 84' lang='lat'><strong>&quot;.</strong></span> 
     </span>
    </p>
   </div>
   <div class='ocr_carea' id='block_1_32' title="bbox 886 3002 2364 3059">
    <p class='ocr_par' dir='ltr' id='par_1_32' title="bbox 886 3002 2364 3059">
     <span class='ocr_line' id='line_1_32' title="bbox 886 3002 2364 3059; baseline 0.001 -2"><span class='ocrx_word' id='word_1_215' title='bbox 886 3003 940 3058; x_wconf 88' lang='grc'><strong>5.</strong></span> <span class='ocrx_word' id='word_1_216' title='bbox 974 3002 1055 3056; x_wconf 90' lang='lat' dir='ltr'><strong>Da</strong></span> <span class='ocrx_word' id='word_1_217' title='bbox 1090 3004 1235 3056; x_wconf 83' lang='lat' dir='ltr'><strong>nobis</strong></span> <span class='ocrx_word' id='word_1_218' title='bbox 1291 3005 1551 3059; x_wconf 77' lang='lat' dir='ltr'><strong>auxilium</strong></span> <span class='ocrx_word' id='word_1_219' title='bbox 1591 3005 1653 3058; x_wconf 88' lang='lat' dir='ltr'><strong>de</strong></span> <span class='ocrx_word' id='word_1_220' title='bbox 1690 3004 2049 3059; x_wconf 83' lang='lat' dir='ltr'><strong>tribulatione.</strong></span> <span class='ocrx_word' id='word_1_221' title='bbox 2093 3004 2364 3058; x_wconf 81' lang='lat' dir='ltr'><strong>Auxilium</strong></span> 
     </span>
    </p>
   </div>
   <div class='ocr_carea' id='block_1_33' title="bbox 819 3093 2368 3162">
    <p class='ocr_par' dir='ltr' id='par_1_33' title="bbox 819 3093 2368 3162">
     <span class='ocr_line' id='line_1_33' title="bbox 819 3093 2368 3162; baseline -0.002 -14"><span class='ocrx_word' id='word_1_222' title='bbox 819 3111 887 3149; x_wconf 89' lang='lat' dir='ltr'><strong>ne</strong></span> <span class='ocrx_word' id='word_1_223' title='bbox 913 3111 1213 3162; x_wconf 59' lang='lat' dir='ltr'><strong>quaeramus</strong></span> <span class='ocrx_word' id='word_1_224' title='bbox 1238 3110 1266 3148; x_wconf 89' lang='lat' dir='ltr'><strong>a</strong></span> <span class='ocrx_word' id='word_1_225' title='bbox 1291 3098 1505 3162; x_wconf 88' lang='lat' dir='ltr'><strong>robore,</strong></span> <span class='ocrx_word' id='word_1_226' title='bbox 1559 3110 1625 3148; x_wconf 90' lang='lat' dir='ltr'><strong>ne</strong></span> <span class='ocrx_word' id='word_1_227' title='bbox 1660 3110 1687 3148; x_wconf 88' lang='lat' dir='ltr'><strong>a</strong></span> <span class='ocrx_word' id='word_1_228' title='bbox 1721 3095 1856 3148; x_wconf 92' lang='lat' dir='ltr'><strong>bona</strong></span> <span class='ocrx_word' id='word_1_229' title='bbox 1895 3095 2134 3162; x_wconf 87' lang='lat' dir='ltr'><strong>corporis</strong></span> <span class='ocrx_word' id='word_1_230' title='bbox 2166 3093 2368 3147; x_wconf 55' lang='lat' dir='ltr'><strong>habitu.</strong></span> 
     </span>
    </p>
   </div>
   <div class='ocr_carea' id='block_1_34' title="bbox 2448 639 3995 714">
    <p class='ocr_par' dir='ltr' id='par_1_34' title="bbox 2448 639 3995 714">
     <span class='ocr_line' id='line_1_34' title="bbox 2448 639 3995 714; baseline -0.001 -20"><span class='ocrx_word' id='word_1_231' title='bbox 2448 644 2578 714; x_wconf 65' lang='grc' dir='ltr'>φησι</span> <span class='ocrx_word' id='word_1_232' title='bbox 2599 682 2612 702; x_wconf 90' lang='grc'><strong>,</strong></span> <span class='ocrx_word' id='word_1_233' title='bbox 2643 642 2894 708; x_wconf 79' lang='grc' dir='ltr'>λουτροῦ</span> <span class='ocrx_word' id='word_1_234' title='bbox 2924 642 3054 710; x_wconf 86' lang='grc'><strong>(57),</strong></span> <span class='ocrx_word' id='word_1_235' title='bbox 3083 640 3239 702; x_wconf 77' lang='grc' dir='ltr'>ἄλλος</span> <span class='ocrx_word' id='word_1_236' title='bbox 3282 656 3362 702; x_wconf 87' lang='grc' dir='ltr'><strong>τις</strong></span> <span class='ocrx_word' id='word_1_237' title='bbox 3391 639 3493 691; x_wconf 82' lang='grc' dir='ltr'>τῶν</span> <span class='ocrx_word' id='word_1_238' title='bbox 3515 641 3995 710; x_wconf 78' lang='grc' dir='ltr'>ἐρμηνευσάντωνο</span> 
     </span>
    </p>
   </div>
   <div class='ocr_carea' id='block_1_35' title="bbox 2447 729 3996 802">
    <p class='ocr_par' dir='ltr' id='par_1_35' title="bbox 2447 729 3996 802">
     <span class='ocr_line' id='line_1_35' title="bbox 2447 729 3996 802; baseline -0.002 -16"><span class='ocrx_word' id='word_1_239' title='bbox 2447 733 2502 802; x_wconf 76' lang='grc' dir='ltr'>ἢ,</span> <span class='ocrx_word' id='word_1_240' title='bbox 2542 732 2729 798; x_wconf 79' lang='grc' dir='ltr'>Λέὸης</span> <span class='ocrx_word' id='word_1_241' title='bbox 2753 732 3125 799; x_wconf 80' lang='grc' dir='ltr'>ἀμεριμνίας·</span> <span class='ocrx_word' id='word_1_242' title='bbox 3165 729 3454 790; x_wconf 84' lang='grc' dir='ltr'><strong>τουτέστιν,</strong></span> <span class='ocrx_word' id='word_1_243' title='bbox 3494 729 3521 779; x_wconf 81' lang='grc' dir='ltr'>ὁ</span> <span class='ocrx_word' id='word_1_244' title='bbox 3553 729 3853 799; x_wconf 72' lang='grc' dir='ltr'>ἀπόϐλητος</span> <span class='ocrx_word' id='word_1_245' title='bbox 3907 731 3996 783; x_wconf 81' lang='grc' dir='ltr'>άν-</span> 
     </span>
    </p>
   </div>
   <div class='ocr_carea' id='block_1_36' title="bbox 2451 819 3993 893">
    <p class='ocr_par' dir='ltr' id='par_1_36' title="bbox 2451 819 3993 893">
     <span class='ocr_line' id='line_1_36' title="bbox 2451 819 3993 893; baseline -0.002 -18"><span class='ocrx_word' id='word_1_246' title='bbox 2451 825 2684 893; x_wconf 85' lang='grc' dir='ltr'>θρωπος.</span> <span class='ocrx_word' id='word_1_247' title='bbox 2714 824 2741 874; x_wconf 78' lang='grc' dir='ltr'><strong>ὁ</strong></span> <span class='ocrx_word' id='word_1_248' title='bbox 2776 822 2998 889; x_wconf 78' lang='grc' dir='ltr'>ἀπειλὴν</span> <span class='ocrx_word' id='word_1_249' title='bbox 3040 821 3173 891; x_wconf 74' lang='grc' dir='ltr'>ἔχων</span> <span class='ocrx_word' id='word_1_250' title='bbox 3213 821 3285 891; x_wconf 80' lang='grc' dir='ltr'>μὴ</span> <span class='ocrx_word' id='word_1_251' title='bbox 3331 819 3719 872; x_wconf 77' lang='grc' dir='ltr'>εἰσελεύσεσθαι</span> <span class='ocrx_word' id='word_1_252' title='bbox 3751 823 3828 883; x_wconf 84' lang='grc' dir='ltr'>εἰς</span> <span class='ocrx_word' id='word_1_253' title='bbox 3873 822 3993 872; x_wconf 83' lang='grc' dir='ltr'><strong>Ἑκ-</strong></span> 
     </span>
    </p>
   </div>
   <div class='ocr_carea' id='block_1_37' title="bbox 2450 909 3997 982">
    <p class='ocr_par' dir='ltr' id='par_1_37' title="bbox 2450 909 3997 982">
     <span class='ocr_line' id='line_1_37' title="bbox 2450 909 3997 982; baseline -0.002 -17"><span class='ocrx_word' id='word_1_254' title='bbox 2450 913 2673 982; x_wconf 86' lang='grc' dir='ltr'>κλησὶαν</span> <span class='ocrx_word' id='word_1_255' title='bbox 2695 913 2916 982; x_wconf 84' lang='grc' dir='ltr'>Κυρίου.</span> <span class='ocrx_word' id='word_1_256' title='bbox 2946 912 3056 964; x_wconf 79' lang='grc' dir='ltr'><strong>Οὐκ</strong></span> <span class='ocrx_word' id='word_1_257' title='bbox 3079 910 3432 963; x_wconf 75' lang='grc' dir='ltr'>εἰσελεύσεται</span> <span class='ocrx_word' id='word_1_258' title='bbox 3459 909 3562 980; x_wconf 82' lang='grc' dir='ltr'>γὰρ</span> <span class='ocrx_word' id='word_1_259' title='bbox 3589 911 3879 979; x_wconf 75' lang='grc' dir='ltr'>Μωαϐίτης</span> <span class='ocrx_word' id='word_1_260' title='bbox 3908 911 3997 962; x_wconf 69' lang='grc' dir='ltr'><strong>καὶ</strong></span> 
     </span>
    </p>
   </div>
   <div class='ocr_carea' id='block_1_38' title="bbox 2466 1001 3998 1073">
    <p class='ocr_par' dir='ltr' id='par_1_38' title="bbox 2466 1001 3998 1073">
     <span class='ocr_line' id='line_1_38' title="bbox 2466 1001 3998 1073; baseline -0.001 -17"><span class='ocrx_word' id='word_1_261' title='bbox 2466 1005 2799 1073; x_wconf 79' lang='grc' dir='ltr'>Ἀμμανίτης</span> <span class='ocrx_word' id='word_1_262' title='bbox 2831 1004 2932 1067; x_wconf 74' lang='grc' dir='ltr'><strong>ἕως</strong></span> <span class='ocrx_word' id='word_1_263' title='bbox 2958 1004 3141 1072; x_wconf 77' lang='grc' dir='ltr'><strong>τρίτης</strong></span> <span class='ocrx_word' id='word_1_264' title='bbox 3173 1002 3263 1054; x_wconf 58' lang='grc' dir='ltr'><strong>καὶ¹</strong></span> <span class='ocrx_word' id='word_1_265' title='bbox 3291 1002 3393 1064; x_wconf 75' lang='grc' dir='ltr'><strong>ἕως</strong></span> <span class='ocrx_word' id='word_1_266' title='bbox 3421 1001 3648 1072; x_wconf 80' lang='grc' dir='ltr'><strong>δεκάτης</strong></span> <span class='ocrx_word' id='word_1_267' title='bbox 3667 1004 3878 1068; x_wconf 82' lang='grc' dir='ltr'>γενεᾶς,</span> <span class='ocrx_word' id='word_1_268' title='bbox 3907 1006 3998 1054; x_wconf 72' lang='grc' dir='ltr'><strong>καὶ</strong></span> 
     </span>
    </p>
   </div>
   <div class='ocr_carea' id='block_1_39' title="bbox 2455 1093 3995 1164">
    <p class='ocr_par' dir='ltr' id='par_1_39' title="bbox 2455 1093 3995 1164">
     <span class='ocr_line' id='line_1_39' title="bbox 2455 1093 3995 1164; baseline -0.001 -18"><span class='ocrx_word' id='word_1_269' title='bbox 2455 1098 2533 1158; x_wconf 85' lang='grc' dir='ltr'>εἰς</span> <span class='ocrx_word' id='word_1_270' title='bbox 2562 1096 2650 1148; x_wconf 79' lang='grc' dir='ltr'>τὸν</span> <span class='ocrx_word' id='word_1_271' title='bbox 2698 1096 2865 1148; x_wconf 82' lang='grc' dir='ltr'>αἰῶνα</span> <span class='ocrx_word' id='word_1_272' title='bbox 2923 1096 3130 1164; x_wconf 81' lang='grc' dir='ltr'>χρόνον.</span> <span class='ocrx_word' id='word_1_273' title='bbox 3175 1095 3358 1163; x_wconf 83' lang='grc' dir='ltr'>Ὅμως</span> <span class='ocrx_word' id='word_1_274' title='bbox 3408 1093 3589 1162; x_wconf 78' lang='grc' dir='ltr'>ἐπειδὴ</span> <span class='ocrx_word' id='word_1_275' title='bbox 3626 1093 3685 1144; x_wconf 78' lang='grc' dir='ltr'><strong>τὸ</strong></span> <span class='ocrx_word' id='word_1_276' title='bbox 3718 1093 3995 1161; x_wconf 77' lang='grc' dir='ltr'><strong>βάπτισμα</strong></span> 
     </span>
    </p>
   </div>
   <div class='ocr_carea' id='block_1_40' title="bbox 2457 1183 3999 1256">
    <p class='ocr_par' dir='ltr' id='par_1_40' title="bbox 2457 1183 3999 1256">
     <span class='ocr_line' id='line_1_40' title="bbox 2457 1183 3999 1256; baseline -0.003 -17"><span class='ocrx_word' id='word_1_277' title='bbox 2457 1189 2644 1254; x_wconf 75' lang='grc' dir='ltr'>ἄφεσιν</span> <span class='ocrx_word' id='word_1_278' title='bbox 2681 1186 2788 1256; x_wconf 75' lang='grc' dir='ltr'>ἔχει</span> <span class='ocrx_word' id='word_1_279' title='bbox 2818 1186 3242 1256; x_wconf 74' lang='grc' dir='ltr'><strong>ἁμαρτημάτων,</strong></span> <span class='ocrx_word' id='word_1_280' title='bbox 3281 1185 3372 1236; x_wconf 77' lang='grc' dir='ltr'>καὶ</span> <span class='ocrx_word' id='word_1_281' title='bbox 3394 1183 3715 1254; x_wconf 82' lang='grc' dir='ltr'>ἀμεριμνίας</span> <span class='ocrx_word' id='word_1_282' title='bbox 3745 1183 3999 1252; x_wconf 76' lang='grc' dir='ltr'>πρόξενον</span> 
     </span>
    </p>
   </div>
   <div class='ocr_carea' id='block_1_41' title="bbox 2458 1276 3998 1348">
    <p class='ocr_par' dir='ltr' id='par_1_41' title="bbox 2458 1276 3998 1348">
     <span class='ocr_line' id='line_1_41' title="bbox 2458 1276 3998 1348; baseline -0.002 -18"><span class='ocrx_word' id='word_1_283' title='bbox 2458 1279 2660 1347; x_wconf 82' lang='grc' dir='ltr'>γίνεται</span> <span class='ocrx_word' id='word_1_284' title='bbox 2697 1283 2804 1342; x_wconf 79' lang='grc' dir='ltr'>τοῖς</span> <span class='ocrx_word' id='word_1_285' title='bbox 2841 1279 3187 1348; x_wconf 78' lang='grc' dir='ltr'>καταχρέοις,</span> <span class='ocrx_word' id='word_1_286' title='bbox 3220 1276 3315 1347; x_wconf 72' lang='grc' dir='ltr'>τὴν</span> <span class='ocrx_word' id='word_1_287' title='bbox 3356 1277 3443 1330; x_wconf 76' lang='grc' dir='ltr'>διὰ.</span> <span class='ocrx_word' id='word_1_288' title='bbox 3487 1277 3578 1330; x_wconf 78' lang='grc' dir='ltr'><strong>τοῦ</strong></span> <span class='ocrx_word' id='word_1_289' title='bbox 3634 1277 3998 1346; x_wconf 78' lang='grc' dir='ltr'><strong>βαπτίσματος</strong></span> 
     </span>
    </p>
   </div>
   <div class='ocr_carea' id='block_1_42' title="bbox 2458 1367 3997 1440">
    <p class='ocr_par' dir='ltr' id='par_1_42' title="bbox 2458 1367 3997 1440">
     <span class='ocr_line' id='line_1_42' title="bbox 2458 1367 3997 1440; baseline -0.003 -18"><span class='ocrx_word' id='word_1_290' title='bbox 2458 1370 2823 1440; x_wconf 72' lang='grc' dir='ltr'><strong>ἀπολύτρωσιν</strong></span> <span class='ocrx_word' id='word_1_291' title='bbox 2855 1370 2945 1421; x_wconf 75' lang='grc' dir='ltr'><strong>καὶ</strong></span> <span class='ocrx_word' id='word_1_292' title='bbox 2974 1369 3107 1438; x_wconf 78' lang='grc' dir='ltr'>πρὸς</span> <span class='ocrx_word' id='word_1_293' title='bbox 3135 1367 3262 1419; x_wconf 79' lang='grc' dir='ltr'>Θεὸν</span> <span class='ocrx_word' id='word_1_294' title='bbox 3293 1369 3557 1420; x_wconf 85' lang='grc' dir='ltr'>οἰκείωσιν</span> <span class='ocrx_word' id='word_1_295' title='bbox 3579 1367 3997 1436; x_wconf 79' lang='grc' dir='ltr'>ἐνδεικνύμενος,</span> 
     </span>
    </p>
   </div>
   <div class='ocr_carea' id='block_1_43' title="bbox 2459 1461 3999 1530">
    <p class='ocr_par' dir='ltr' id='par_1_43' title="bbox 2459 1461 3999 1530">
     <span class='ocr_line' id='line_1_43' title="bbox 2459 1461 3999 1530; baseline -0.003 -15"><span class='ocrx_word' id='word_1_296' title='bbox 2459 1462 2652 1521; x_wconf 77' lang='grc' dir='ltr'>Μωὰϐ,</span> <span class='ocrx_word' id='word_1_297' title='bbox 2680 1463 2830 1529; x_wconf 66' lang='grc' dir='ltr'>φησι,</span> <span class='ocrx_word' id='word_1_298' title='bbox 2865 1462 3043 1527; x_wconf 74' lang='grc' dir='ltr'>λέϐης</span> <span class='ocrx_word' id='word_1_299' title='bbox 3070 1461 3198 1512; x_wconf 76' lang='grc' dir='ltr'>ἐστὶ</span> <span class='ocrx_word' id='word_1_300' title='bbox 3219 1461 3492 1527; x_wconf 76' lang='grc' dir='ltr'><strong>λουτροῦ,</strong></span> <span class='ocrx_word' id='word_1_301' title='bbox 3517 1462 3571 1530; x_wconf 73' lang='grc' dir='ltr'>ἦ,</span> <span class='ocrx_word' id='word_1_302' title='bbox 3596 1461 3781 1527; x_wconf 76' lang='grc' dir='ltr'>Λέϐης</span> <span class='ocrx_word' id='word_1_303' title='bbox 3807 1461 3999 1528; x_wconf 79' lang='grc' dir='ltr'>ἀμερι-</span> 
     </span>
    </p>
   </div>
   <div class='ocr_carea' id='block_1_44' title="bbox 2453 1549 3998 1623">
    <p class='ocr_par' dir='ltr' id='par_1_44' title="bbox 2453 1549 3998 1623">
     <span class='ocr_line' id='line_1_44' title="bbox 2453 1549 3998 1623; baseline -0.002 -18"><span class='ocrx_word' id='word_1_304' title='bbox 2453 1555 2648 1623; x_wconf 75' lang='grc' dir='ltr'>μνίας.</span> <span class='ocrx_word' id='word_1_305' title='bbox 2680 1551 2897 1616; x_wconf 72' lang='grc' dir='ltr'>Πάντες</span> <span class='ocrx_word' id='word_1_306' title='bbox 2925 1549 3012 1604; x_wconf 75' lang='grc' dir='ltr'><strong>οὖν</strong></span> <span class='ocrx_word' id='word_1_307' title='bbox 3037 1551 3368 1619; x_wconf 70' lang='grc' dir='ltr'><em>ἀλλόφυλοι</em></span> <span class='ocrx_word' id='word_1_308' title='bbox 3396 1552 3778 1620; x_wconf 77' lang='grc' dir='ltr'><strong>ὑπετάγησαν</strong></span> <span class='ocrx_word' id='word_1_309' title='bbox 3801 1551 3879 1621; x_wconf 76' lang='grc' dir='ltr'>τῷ</span> <span class='ocrx_word' id='word_1_310' title='bbox 3907 1551 3998 1614; x_wconf 82' lang='grc' dir='ltr'><strong>ζυ-</strong></span> 
     </span>
    </p>
   </div>
   <div class='ocr_carea' id='block_1_45' title="bbox 2457 1643 4002 1714">
    <p class='ocr_par' dir='ltr' id='par_1_45' title="bbox 2457 1643 4002 1714">
     <span class='ocr_line' id='line_1_45' title="bbox 2457 1643 4002 1714; baseline -0.001 -18"><span class='ocrx_word' id='word_1_311' title='bbox 2457 1644 2537 1714; x_wconf 82' lang='grc' dir='ltr'><strong>γῷ</strong></span> <span class='ocrx_word' id='word_1_312' title='bbox 2583 1643 2675 1696; x_wconf 77' lang='grc' dir='ltr'>τοῦ</span> <span class='ocrx_word' id='word_1_313' title='bbox 2732 1643 2961 1712; x_wconf 81' lang='grc' dir='ltr'>Χριστοῦ</span> <span class='ocrx_word' id='word_1_314' title='bbox 3006 1644 3404 1713; x_wconf 69' lang='grc' dir='ltr'>ύποκύψαντες·</span> <span class='ocrx_word' id='word_1_315' title='bbox 3456 1645 3541 1697; x_wconf 76' lang='grc' dir='ltr'>διὰ</span> <span class='ocrx_word' id='word_1_316' title='bbox 3591 1644 3746 1696; x_wconf 75' lang='grc' dir='ltr'>τοῦτο</span> <span class='ocrx_word' id='word_1_317' title='bbox 3773 1644 3866 1694; x_wconf 70' lang='grc' dir='ltr'><strong>ἐπὶ</strong></span> <span class='ocrx_word' id='word_1_318' title='bbox 3906 1644 4002 1711; x_wconf 75' lang='grc' dir='ltr'><strong>τὴν</strong></span> 
     </span>
    </p>
   </div>
   <div class='ocr_carea' id='block_1_46' title="bbox 2471 1730 4001 1802">
    <p class='ocr_par' dir='ltr' id='par_1_46' title="bbox 2471 1730 4001 1802">
     <span class='ocr_line' id='line_1_46' title="bbox 2471 1730 4001 1802; baseline -0.003 -16"><span class='ocrx_word' id='word_1_319' title='bbox 2471 1733 2767 1802; x_wconf 79' lang='grc' dir='ltr'>Ἰδουμαίαν</span> <span class='ocrx_word' id='word_1_320' title='bbox 2809 1732 3050 1783; x_wconf 75' lang='grc' dir='ltr'>ἐπιϐαλεῖ</span> <span class='ocrx_word' id='word_1_321' title='bbox 3085 1733 3144 1784; x_wconf 78' lang='grc' dir='ltr'>τὸ</span> <span class='ocrx_word' id='word_1_322' title='bbox 3177 1731 3364 1784; x_wconf 77' lang='grc' dir='ltr'>ἑαυτοῦ</span> <span class='ocrx_word' id='word_1_323' title='bbox 3412 1732 3676 1799; x_wconf 80' lang='grc' dir='ltr'>ὑπόδημα.</span> <span class='ocrx_word' id='word_1_324' title='bbox 3723 1730 4001 1799; x_wconf 75' lang='grc' dir='ltr'>’Υπόδημα</span> 
     </span>
    </p>
   </div>
   <div class='ocr_carea' id='block_1_47' title="bbox 2460 1820 4003 1895">
    <p class='ocr_par' dir='ltr' id='par_1_47' title="bbox 2460 1820 4003 1895">
     <span class='ocr_line' id='line_1_47' title="bbox 2460 1820 4003 1895; baseline -0.003 -18"><span class='ocrx_word' id='word_1_325' title='bbox 2460 1826 2514 1877; x_wconf 76' lang='grc' dir='ltr'><strong>δὲ</strong></span> <span class='ocrx_word' id='word_1_326' title='bbox 2538 1825 2634 1894; x_wconf 78' lang='grc' dir='ltr'><strong>τῆς</strong></span> <span class='ocrx_word' id='word_1_327' title='bbox 2659 1824 2956 1895; x_wconf 80' lang='grc' dir='ltr'>θεότητοςή</span> <span class='ocrx_word' id='word_1_328' title='bbox 2986 1824 3117 1892; x_wconf 80' lang='grc' dir='ltr'>σὰρξ</span> <span class='ocrx_word' id='word_1_329' title='bbox 3149 1825 3310 1895; x_wconf 76' lang='grc' dir='ltr'>(58)ή</span> <span class='ocrx_word' id='word_1_330' title='bbox 3343 1824 3615 1894; x_wconf 78' lang='grc' dir='ltr'>θεοφόρος,</span> <span class='ocrx_word' id='word_1_331' title='bbox 3645 1823 3711 1874; x_wconf 84' lang='grc' dir='ltr'>δι’</span> <span class='ocrx_word' id='word_1_332' title='bbox 3735 1820 3801 1893; x_wconf 77' lang='grc' dir='ltr'>ἧς</span> <span class='ocrx_word' id='word_1_333' title='bbox 3833 1823 4003 1893; x_wconf 75' lang='grc' dir='ltr'>ἐπέϐη</span> 
     </span>
    </p>
   </div>
   <div class='ocr_carea' id='block_1_48' title="bbox 2461 1913 4004 1985">
    <p class='ocr_par' dir='ltr' id='par_1_48' title="bbox 2461 1913 4004 1985">
     <span class='ocr_line' id='line_1_48' title="bbox 2461 1913 4004 1985; baseline -0.001 -20"><span class='ocrx_word' id='word_1_334' title='bbox 2461 1917 2569 1976; x_wconf 80' lang='grc' dir='ltr'>τοῖς</span> <span class='ocrx_word' id='word_1_335' title='bbox 2599 1914 2922 1983; x_wconf 80' lang='grc' dir='ltr'>ἀνθρώποις.</span> <span class='ocrx_word' id='word_1_336' title='bbox 2942 1913 3060 1965; x_wconf 74' lang='grc' dir='ltr'>Ἐπὶ</span> <span class='ocrx_word' id='word_1_337' title='bbox 3089 1914 3255 1985; x_wconf 77' lang='grc' dir='ltr'>ταύτῃ</span> <span class='ocrx_word' id='word_1_338' title='bbox 3275 1918 3339 1985; x_wconf 79' lang='grc' dir='ltr'>τῇ</span> <span class='ocrx_word' id='word_1_339' title='bbox 3368 1914 3537 1966; x_wconf 78' lang='grc' dir='ltr'>ἐλπίδι</span> <span class='ocrx_word' id='word_1_340' title='bbox 3575 1915 3888 1982; x_wconf 74' lang='grc' dir='ltr'>μακαρίζων</span> <span class='ocrx_word' id='word_1_341' title='bbox 3916 1913 4004 1966; x_wconf 65' lang='grc' dir='ltr'>τὸν</span> 
     </span>
    </p>
   </div>
   <div class='ocr_carea' id='block_1_49' title="bbox 2461 2003 3999 2074">
    <p class='ocr_par' dir='ltr' id='par_1_49' title="bbox 2461 2003 3999 2074">
     <span class='ocr_line' id='line_1_49' title="bbox 2461 2003 3999 2074; baseline -0.002 -18"><span class='ocrx_word' id='word_1_342' title='bbox 2461 2005 2646 2074; x_wconf 82' lang='grc' dir='ltr'>καιρὸν</span> <span class='ocrx_word' id='word_1_343' title='bbox 2666 2006 2762 2074; x_wconf 84' lang='grc' dir='ltr'>τῆς</span> <span class='ocrx_word' id='word_1_344' title='bbox 2781 2005 2872 2057; x_wconf 72' lang='grc' dir='ltr'><strong>τοῦ</strong></span> <span class='ocrx_word' id='word_1_345' title='bbox 2899 2003 3101 2074; x_wconf 78' lang='grc' dir='ltr'><strong>Κυρίου</strong></span> <span class='ocrx_word' id='word_1_346' title='bbox 3129 2005 3427 2073; x_wconf 79' lang='grc' dir='ltr'>ἀποδημίας</span> <span class='ocrx_word' id='word_1_347' title='bbox 3461 2007 3487 2056; x_wconf 89' lang='grc' dir='ltr'>ὁ</span> <span class='ocrx_word' id='word_1_348' title='bbox 3515 2006 3799 2074; x_wconf 73' lang='grc' dir='ltr'><strong>Προφήτης</strong></span> <span class='ocrx_word' id='word_1_349' title='bbox 3836 2004 3999 2071; x_wconf 74' lang='grc' dir='ltr'>φησί·</span> 
     </span>
    </p>
   </div>
   <div class='ocr_carea' id='block_1_50' title="bbox 2469 2095 4008 2165">
    <p class='ocr_par' dir='ltr' id='par_1_50' title="bbox 2469 2095 4008 2165">
     <span class='ocr_line' id='line_1_50' title="bbox 2469 2095 4008 2165; baseline -0.002 -17"><span class='ocrx_word' id='word_1_350' title='bbox 2469 2098 2559 2160; x_wconf 82' lang='grc' dir='ltr'>Τίς</span> <span class='ocrx_word' id='word_1_351' title='bbox 2584 2097 2792 2160; x_wconf 75' lang='grc' dir='ltr'>ἀπάξει</span> <span class='ocrx_word' id='word_1_352' title='bbox 2819 2114 2891 2165; x_wconf 83' lang='grc' dir='ltr'><strong>με</strong></span> <span class='ocrx_word' id='word_1_353' title='bbox 2918 2099 3003 2161; x_wconf 84' lang='grc' dir='ltr'>εἰς</span> <span class='ocrx_word' id='word_1_354' title='bbox 3036 2096 3214 2148; x_wconf 78' lang='grc' dir='ltr'>πόλιν</span> <span class='ocrx_word' id='word_1_355' title='bbox 3239 2097 3546 2164; x_wconf 76' lang='grc' dir='ltr'>περιοχῆς;</span> <span class='ocrx_word' id='word_1_356' title='bbox 3577 2097 3726 2164; x_wconf 87' lang='grc' dir='ltr'>Τάχα</span> <span class='ocrx_word' id='word_1_357' title='bbox 3759 2095 3856 2164; x_wconf 82' lang='grc' dir='ltr'><strong>τὴν</strong></span> <span class='ocrx_word' id='word_1_358' title='bbox 3890 2095 4008 2146; x_wconf 81' lang='grc' dir='ltr'><strong>Ἐκ·</strong></span> 
     </span>
    </p>
   </div>
   <div class='ocr_carea' id='block_1_51' title="bbox 2461 2181 4005 2257">
    <p class='ocr_par' dir='ltr' id='par_1_51' title="bbox 2461 2181 4005 2257">
     <span class='ocr_line' id='line_1_51' title="bbox 2461 2181 4005 2257; baseline -0.004 -17"><span class='ocrx_word' id='word_1_359' title='bbox 2461 2187 2684 2257; x_wconf 79' lang='grc' dir='ltr'>κλησίαν</span> <span class='ocrx_word' id='word_1_360' title='bbox 2729 2188 2900 2249; x_wconf 81' lang='grc' dir='ltr'>λέγει·</span> <span class='ocrx_word' id='word_1_361' title='bbox 2938 2186 3088 2241; x_wconf 87' lang='grc' dir='ltr'>πόλιν</span> <span class='ocrx_word' id='word_1_362' title='bbox 3124 2185 3221 2255; x_wconf 85' lang='grc' dir='ltr'>μὲν</span> <span class='ocrx_word' id='word_1_363' title='bbox 3242 2225 3255 2249; x_wconf 95' lang='grc'><strong>,</strong></span> <span class='ocrx_word' id='word_1_364' title='bbox 3288 2187 3372 2237; x_wconf 87' lang='grc' dir='ltr'>διὰ</span> <span class='ocrx_word' id='word_1_365' title='bbox 3397 2189 3454 2238; x_wconf 86' lang='grc' dir='ltr'><strong>τὸ</strong></span> <span class='ocrx_word' id='word_1_366' title='bbox 3485 2188 3730 2257; x_wconf 84' lang='grc' dir='ltr'>σύστημα</span> <span class='ocrx_word' id='word_1_367' title='bbox 3757 2181 3896 2237; x_wconf 81' lang='grc' dir='ltr'>εἶναι</span> <span class='ocrx_word' id='word_1_368' title='bbox 3922 2201 4005 2234; x_wconf 65' lang='grc' dir='ltr'>νος</span> 
     </span>
    </p>
   </div>
   <div class='ocr_carea' id='block_1_52' title="bbox 2464 2277 4010 2350">
    <p class='ocr_par' dir='ltr' id='par_1_52' title="bbox 2464 2277 4010 2350">
     <span class='ocr_line' id='line_1_52' title="bbox 2464 2277 4010 2350; baseline -0.003 -20"><span class='ocrx_word' id='word_1_369' title='bbox 2464 2279 2642 2350; x_wconf 80' lang='grc' dir='ltr'>μίμως</span> <span class='ocrx_word' id='word_1_370' title='bbox 2672 2279 2981 2347; x_wconf 66' lang='grc' dir='ltr'>οἰκούμενον</span> <span class='ocrx_word' id='word_1_371' title='bbox 3016 2279 3123 2349; x_wconf 82' lang='grc'><strong>(59)</strong></span> <span class='ocrx_word' id='word_1_372' title='bbox 3149 2297 3161 2308; x_wconf 77' lang='grc'><strong><em>⁸</em></strong></span> <span class='ocrx_word' id='word_1_373' title='bbox 3194 2279 3472 2346; x_wconf 78' lang='grc' dir='ltr'><strong>περιοχῆς</strong></span> <span class='ocrx_word' id='word_1_374' title='bbox 3497 2279 3552 2330; x_wconf 79' lang='grc' dir='ltr'>δὲ</span> <span class='ocrx_word' id='word_1_375' title='bbox 3572 2280 3658 2331; x_wconf 77' lang='grc' dir='ltr'><strong>διὰ</strong></span> <span class='ocrx_word' id='word_1_376' title='bbox 3679 2282 3776 2349; x_wconf 77' lang='grc' dir='ltr'>τὴν</span> <span class='ocrx_word' id='word_1_377' title='bbox 3805 2279 3904 2348; x_wconf 81' lang='grc' dir='ltr'>τῆς</span> <span class='ocrx_word' id='word_1_378' title='bbox 3931 2277 4010 2327; x_wconf 84' lang='grc' dir='ltr'>πί-</span> 
     </span>
    </p>
   </div>
   <div class='ocr_carea' id='block_1_53' title="bbox 2465 2369 4008 2440">
    <p class='ocr_par' dir='ltr' id='par_1_53' title="bbox 2465 2369 4008 2440">
     <span class='ocr_line' id='line_1_53' title="bbox 2465 2369 4008 2440; baseline 0.017 -26"><span class='ocrx_word' id='word_1_379' title='bbox 2465 2387 2629 2433; x_wconf 75' lang='grc' dir='ltr'>στεως</span> <span class='ocrx_word' id='word_1_380' title='bbox 2663 2370 2967 2440; x_wconf 74' lang='grc' dir='ltr'>περιϐολήν.</span> <span class='ocrx_word' id='word_1_381' title='bbox 3007 2371 3163 2424; x_wconf 87' lang='grc' dir='ltr'>Ὅθεν</span> <span class='ocrx_word' id='word_1_382' title='bbox 3205 2369 3544 2440; x_wconf 79' lang='grc' dir='ltr'>εὐσημότατά</span> <span class='ocrx_word' id='word_1_383' title='bbox 3586 2388 3666 2432; x_wconf 82' lang='grc' dir='ltr'><strong>τις</strong></span> <span class='ocrx_word' id='word_1_384' title='bbox 3707 2370 3814 2421; x_wconf 70' lang='grc' dir='ltr'><strong>τῶν</strong></span> <span class='ocrx_word' id='word_1_385' title='bbox 3840 2371 4008 2438; x_wconf 68' lang='grc' dir='ltr'><strong>ὲρμτΓ</strong></span> 
     </span>
    </p>
   </div>
   <div class='ocr_carea' id='block_1_54' title="bbox 2462 2461 4004 2527">
    <p class='ocr_par' dir='ltr' id='par_1_54' title="bbox 2462 2461 4004 2527">
     <span class='ocr_line' id='line_1_54' title="bbox 2462 2461 4004 2527; baseline 0 -17"><span class='ocrx_word' id='word_1_386' title='bbox 2462 2462 2756 2513; x_wconf 87' lang='grc' dir='ltr'>νευσάντων</span> <span class='ocrx_word' id='word_1_387' title='bbox 2776 2461 3084 2523; x_wconf 81' lang='grc' dir='ltr'>ἐκδέδωκεν,</span> <span class='ocrx_word' id='word_1_388' title='bbox 3111 2463 3210 2526; x_wconf 77' lang='grc' dir='ltr'><strong>Εἰς</strong></span> <span class='ocrx_word' id='word_1_389' title='bbox 3238 2462 3415 2514; x_wconf 75' lang='grc' dir='ltr'>πόλιν</span> <span class='ocrx_word' id='word_1_390' title='bbox 3442 2461 4004 2527; x_wconf 54' lang='grc' dir='ltr'>περιπεφραγμέτην.</span> 
     </span>
    </p>
   </div>
   <div class='ocr_carea' id='block_1_55' title="bbox 2464 2545 4008 2622">
    <p class='ocr_par' dir='ltr' id='par_1_55' title="bbox 2464 2545 4008 2622">
     <span class='ocr_line' id='line_1_55' title="bbox 2464 2545 4008 2622; baseline -0.001 -22"><span class='ocrx_word' id='word_1_391' title='bbox 2464 2549 2555 2609; x_wconf 84' lang='grc' dir='ltr'>Τίς</span> <span class='ocrx_word' id='word_1_392' title='bbox 2576 2545 2666 2599; x_wconf 75' lang='grc' dir='ltr'>οὖν</span> <span class='ocrx_word' id='word_1_393' title='bbox 2693 2550 2848 2602; x_wconf 81' lang='grc' dir='ltr'>δώσει</span> <span class='ocrx_word' id='word_1_394' title='bbox 2887 2569 2974 2621; x_wconf 90' lang='grc' dir='ltr'><strong>μοι</strong></span> <span class='ocrx_word' id='word_1_395' title='bbox 3007 2553 3066 2604; x_wconf 80' lang='grc' dir='ltr'><strong>τὸ</strong></span> <span class='ocrx_word' id='word_1_396' title='bbox 3098 2552 3236 2622; x_wconf 83' lang='grc' dir='ltr'>μέγα</span> <span class='ocrx_word' id='word_1_397' title='bbox 3277 2551 3429 2604; x_wconf 82' lang='grc' dir='ltr'>τοῦτο</span> <span class='ocrx_word' id='word_1_398' title='bbox 3466 2551 3639 2619; x_wconf 81' lang='grc' dir='ltr'>θέαμα</span> <span class='ocrx_word' id='word_1_399' title='bbox 3691 2551 3842 2612; x_wconf 78' lang='grc' dir='ltr'>ἰδεῖν,</span> <span class='ocrx_word' id='word_1_400' title='bbox 3881 2549 4008 2600; x_wconf 66' lang='grc' dir='ltr'>Θεὸν</span> 
     </span>
    </p>
   </div>
   <div class='ocr_carea' id='block_1_56' title="bbox 2462 2636 4010 2711">
    <p class='ocr_par' dir='ltr' id='par_1_56' title="bbox 2462 2636 4010 2711">
     <span class='ocr_line' id='line_1_56' title="bbox 2462 2636 4010 2711; baseline 0.001 -23"><span class='ocrx_word' id='word_1_401' title='bbox 2462 2636 2765 2707; x_wconf 84' lang='grc' dir='ltr'>ἀνθρώποις</span> <span class='ocrx_word' id='word_1_402' title='bbox 2795 2639 2902 2706; x_wconf 79' lang='lat'><strong>(60)</strong></span> <span class='ocrx_word' id='word_1_403' title='bbox 2939 2641 3331 2711; x_wconf 78' lang='grc' dir='ltr'>ὲπιδημοῦντα;</span> <span class='ocrx_word' id='word_1_404' title='bbox 3370 2639 3536 2693; x_wconf 72' lang='grc' dir='ltr'>Τοῦτό</span> <span class='ocrx_word' id='word_1_405' title='bbox 3559 2641 3673 2691; x_wconf 80' lang='grc' dir='ltr'>ἐστι</span> <span class='ocrx_word' id='word_1_406' title='bbox 3699 2641 3758 2692; x_wconf 84' lang='grc' dir='ltr'><strong>τὸ</strong></span> <span class='ocrx_word' id='word_1_407' title='bbox 3792 2640 4010 2711; x_wconf 78' lang='grc' dir='ltr'>εἰρημέ-</span> 
     </span>
    </p>
   </div>
   <div class='ocr_carea' id='block_1_57' title="bbox 2462 2727 4009 2799">
    <p class='ocr_par' dir='ltr' id='par_1_57' title="bbox 2462 2727 4009 2799">
     <span class='ocr_line' id='line_1_57' title="bbox 2462 2727 4009 2799; baseline 0 -19"><span class='ocrx_word' id='word_1_408' title='bbox 2462 2745 2550 2780; x_wconf 91' lang='grc' dir='ltr'><strong>νον</strong></span> <span class='ocrx_word' id='word_1_409' title='bbox 2582 2728 2729 2798; x_wconf 76' lang='grc' dir='ltr'>παρὰ</span> <span class='ocrx_word' id='word_1_410' title='bbox 2774 2727 2865 2779; x_wconf 79' lang='grc' dir='ltr'><strong>τοῦ</strong></span> <span class='ocrx_word' id='word_1_411' title='bbox 2916 2731 3151 2798; x_wconf 78' lang='grc' dir='ltr'>Κυρίου·</span> <span class='ocrx_word' id='word_1_412' title='bbox 3184 2734 3264 2784; x_wconf 84' lang='grc' dir='ltr'><strong>ὅτι</strong></span> <span class='ocrx_word' id='word_1_413' title='bbox 3304 2731 3523 2785; x_wconf 79' lang='grc' dir='ltr'>Πολλοὶ</span> <span class='ocrx_word' id='word_1_414' title='bbox 3577 2731 3872 2799; x_wconf 63' lang='grc' dir='ltr'>προφῆται</span> <span class='ocrx_word' id='word_1_415' title='bbox 3917 2731 4009 2782; x_wconf 75' lang='grc' dir='ltr'>καὶ</span> 
     </span>
    </p>
   </div>
   <div class='ocr_carea' id='block_1_58' title="bbox 2462 2817 4011 2884">
    <p class='ocr_par' dir='ltr' id='par_1_58' title="bbox 2462 2817 4011 2884">
     <span class='ocr_line' id='line_1_58' title="bbox 2462 2817 4011 2884; baseline 0.001 -14"><span class='ocrx_word' id='word_1_416' title='bbox 2462 2817 2673 2870; x_wconf 82' lang='grc' dir='ltr'>δίκαιοι</span> <span class='ocrx_word' id='word_1_417' title='bbox 2730 2817 3111 2884; x_wconf 79' lang='grc' dir='ltr'>ἐπεθύμησαν</span> <span class='ocrx_word' id='word_1_418' title='bbox 3159 2818 3302 2871; x_wconf 75' lang='grc' dir='ltr'>ἰδεῖν</span> <span class='ocrx_word' id='word_1_419' title='bbox 3359 2819 3397 2872; x_wconf 79' lang='grc' dir='ltr'><em>ἂ</em></span> <span class='ocrx_word' id='word_1_420' title='bbox 3439 2819 3725 2883; x_wconf 75' lang='grc' dir='ltr'>βλέπετε,</span> <span class='ocrx_word' id='word_1_421' title='bbox 3777 2821 3870 2872; x_wconf 78' lang='grc' dir='ltr'>καὶ</span> <span class='ocrx_word' id='word_1_422' title='bbox 3907 2822 4011 2872; x_wconf 79' lang='grc' dir='ltr'>οὐκ</span> 
     </span>
    </p>
   </div>
   <div class='ocr_carea' id='block_1_59' title="bbox 2463 2905 2641 2962">
    <p class='ocr_par' dir='ltr' id='par_1_59' title="bbox 2463 2905 2641 2962">
     <span class='ocr_line' id='line_1_59' title="bbox 2463 2905 2641 2962; baseline -0.006 -1"><span class='ocrx_word' id='word_1_423' title='bbox 2463 2905 2641 2962; x_wconf 74' lang='grc' dir='ltr'>εἶδον.</span> 
     </span>
    </p>
   </div>
   <div class='ocr_carea' id='block_1_60' title="bbox 2533 2995 4015 3067">
    <p class='ocr_par' dir='ltr' id='par_1_60' title="bbox 2533 2995 4015 3067">
     <span class='ocr_line' id='line_1_60' title="bbox 2533 2995 4015 3067; baseline -0.003 -15"><span class='ocrx_word' id='word_1_424' title='bbox 2533 3000 2586 3052; x_wconf 84' lang='lat'><strong>5.</strong></span> <span class='ocrx_word' id='word_1_425' title='bbox 2616 2999 2727 3062; x_wconf 77' lang='grc' dir='ltr'><strong>Δὸς</strong></span> <span class='ocrx_word' id='word_1_426' title='bbox 2771 2998 2912 3067; x_wconf 71' lang='grc' dir='ltr'><strong>ἡμῖν</strong></span> <span class='ocrx_word' id='word_1_427' title='bbox 2964 2995 3253 3062; x_wconf 75' lang='grc' dir='ltr'>,βοήθειαν</span> <span class='ocrx_word' id='word_1_428' title='bbox 3298 2996 3365 3048; x_wconf 81' lang='grc' dir='ltr'>ἐκ</span> <span class='ocrx_word' id='word_1_429' title='bbox 3426 2998 3698 3064; x_wconf 73' lang='grc' dir='ltr'>θλίψεως.</span> <span class='ocrx_word' id='word_1_430' title='bbox 3769 2998 3858 3064; x_wconf 81' lang='grc' dir='ltr'><strong>Μὴ</strong></span> <span class='ocrx_word' id='word_1_431' title='bbox 3913 2996 4015 3048; x_wconf 76' lang='grc' dir='ltr'>άπὸ</span> 
     </span>
    </p>
   </div>
   <div class='ocr_carea' id='block_1_61' title="bbox 2468 3086 4010 3160">
    <p class='ocr_par' dir='ltr' id='par_1_61' title="bbox 2468 3086 4010 3160">
     <span class='ocr_line' id='line_1_61' title="bbox 2468 3086 4010 3160; baseline -0.001 -20"><span class='ocrx_word' id='word_1_432' title='bbox 2468 3089 2642 3159; x_wconf 75' lang='grc' dir='ltr'>ἰσχύος</span> <span class='ocrx_word' id='word_1_433' title='bbox 2694 3088 3009 3160; x_wconf 79' lang='grc' dir='ltr'>ζητήσωμεν</span> <span class='ocrx_word' id='word_1_434' title='bbox 3043 3088 3140 3158; x_wconf 81' lang='grc' dir='ltr'><strong>τὴν</strong></span> <span class='ocrx_word' id='word_1_435' title='bbox 3209 3087 3490 3159; x_wconf 77' lang='grc' dir='ltr'>βοήθειαν·</span> <span class='ocrx_word' id='word_1_436' title='bbox 3560 3086 3631 3156; x_wconf 88' lang='grc' dir='ltr'>μὴ</span> <span class='ocrx_word' id='word_1_437' title='bbox 3690 3087 3796 3138; x_wconf 82' lang='grc' dir='ltr'>ἀπὸ</span> <span class='ocrx_word' id='word_1_438' title='bbox 3849 3087 4010 3138; x_wconf 69' lang='grc' dir='ltr'>εὐπα-</span> 
     </span>
    </p>
   </div>
   <div class='ocr_carea' id='block_1_62' title="bbox 818 3179 2488 3275">
    <p class='ocr_par' dir='ltr' id='par_1_62' title="bbox 818 3181 2488 3275">
     <span class='ocr_line' id='line_1_62' title="bbox 818 3181 2488 3275; baseline -0.002 -38"><span class='ocrx_word' id='word_1_439' title='bbox 818 3185 941 3238; x_wconf 86' lang='lat' dir='ltr'><strong>dine</strong></span> <span class='ocrx_word' id='word_1_440' title='bbox 973 3202 986 3238; x_wconf 87' lang='lat'><strong>:</strong></span> <span class='ocrx_word' id='word_1_441' title='bbox 1028 3200 1094 3238; x_wconf 89' lang='lat' dir='ltr'><strong>ne</strong></span> <span class='ocrx_word' id='word_1_442' title='bbox 1138 3186 1204 3239; x_wconf 90' lang='lat' dir='ltr'><strong>ab</strong></span> <span class='ocrx_word' id='word_1_443' title='bbox 1265 3185 1370 3238; x_wconf 89' lang='lat' dir='ltr'><strong>ullo</strong></span> <span class='ocrx_word' id='word_1_444' title='bbox 1405 3198 1588 3238; x_wconf 87' lang='lat' dir='ltr'><strong>eorum</strong></span> <span class='ocrx_word' id='word_1_445' title='bbox 1621 3186 1709 3254; x_wconf 89' lang='lat' dir='ltr'><strong>qui</strong></span> <span class='ocrx_word' id='word_1_446' title='bbox 1742 3184 1872 3239; x_wconf 84' lang='lat' dir='ltr'><strong>clari</strong></span> <span class='ocrx_word' id='word_1_447' title='bbox 1910 3196 1962 3237; x_wconf 91' lang='lat' dir='ltr'><strong>et</strong></span> <span class='ocrx_word' id='word_1_448' title='bbox 2003 3184 2234 3238; x_wconf 86' lang='lat' dir='ltr'><strong>illustres</strong></span> <span class='ocrx_word' id='word_1_449' title='bbox 2273 3183 2366 3236; x_wconf 91' lang='lat' dir='ltr'><strong>ho-</strong></span> <span class='ocrx_word' id='word_1_450' title='bbox 2395 3217 2437 3275; x_wconf 62' lang='grc' dir='ltr'>ο</span> <span class='ocrx_word' id='word_1_451' title='bbox 2469 3181 2488 3234; x_wconf 82' lang='grc' dir='ltr'><strong>ε</strong></span> 
     </span>
    </p>
   </div>
   <div class='ocr_carea' id='block_1_63' title="bbox 2343 3179 4013 3275">
    <p class='ocr_par' dir='ltr' id='par_1_63' title="bbox 2343 3179 4013 3275">
     <span class='ocr_line' id='line_1_63' title="bbox 2343 3179 4013 3275; baseline -0.002 -41"><span class='ocrx_word' id='word_1_452' title='bbox 2343 3212 2366 3222; x_wconf 90' lang='grc'><strong><em>-</em></strong></span> <span class='ocrx_word' id='word_1_453' title='bbox 2395 3217 2437 3275; x_wconf 76' lang='lat' dir='ltr'><strong><em>C</em></strong></span> <span class='ocrx_word' id='word_1_454' title='bbox 2469 3181 2614 3243; x_wconf 86' lang='grc' dir='ltr'>θείας</span> <span class='ocrx_word' id='word_1_455' title='bbox 2656 3181 2883 3252; x_wconf 82' lang='grc' dir='ltr'>σαρκός·</span> <span class='ocrx_word' id='word_1_456' title='bbox 2929 3181 3034 3233; x_wconf 81' lang='grc' dir='ltr'>ἀπὸ</span> <span class='ocrx_word' id='word_1_457' title='bbox 3076 3181 3296 3252; x_wconf 78' lang='grc' dir='ltr'>μηδενὸς</span> <span class='ocrx_word' id='word_1_458' title='bbox 3329 3180 3438 3251; x_wconf 82' lang='grc'><strong>(61)</strong></span> <span class='ocrx_word' id='word_1_459' title='bbox 3481 3179 3587 3233; x_wconf 83' lang='grc' dir='ltr'>τῶν</span> <span class='ocrx_word' id='word_1_460' title='bbox 3624 3179 3773 3249; x_wconf 72' lang='grc' dir='ltr'>παρὰ</span> <span class='ocrx_word' id='word_1_461' title='bbox 3811 3179 4013 3249; x_wconf 80' lang='grc' dir='ltr'>ἀνθρὼ-</span> 
     </span>
    </p>
   </div>
   <div class='ocr_carea' id='block_1_64' title="bbox 820 3272 2368 3344">
    <p class='ocr_par' dir='ltr' id='par_1_64' title="bbox 820 3272 2368 3344">
     <span class='ocr_line' id='line_1_64' title="bbox 820 3272 2368 3344; baseline -0.003 -15"><span class='ocrx_word' id='word_1_462' title='bbox 820 3277 1052 3329; x_wconf 89' lang='lat' dir='ltr'><strong>minibus</strong></span> <span class='ocrx_word' id='word_1_463' title='bbox 1084 3275 1372 3340; x_wconf 89' lang='lat' dir='ltr'><strong>habentur,</strong></span> <span class='ocrx_word' id='word_1_464' title='bbox 1405 3291 1558 3344; x_wconf 88' lang='lat' dir='ltr'><strong>opem</strong></span> <span class='ocrx_word' id='word_1_465' title='bbox 1591 3275 1845 3344; x_wconf 88' lang='lat' dir='ltr'><strong>consequi</strong></span> <span class='ocrx_word' id='word_1_466' title='bbox 1883 3276 2132 3328; x_wconf 87' lang='lat' dir='ltr'><strong>velimus.</strong></span> <span class='ocrx_word' id='word_1_467' title='bbox 2176 3272 2290 3325; x_wconf 87' lang='lat' dir='ltr'><strong>Non</strong></span> <span class='ocrx_word' id='word_1_468' title='bbox 2317 3273 2368 3326; x_wconf 93' lang='lat' dir='ltr'><strong>in</strong></span> 
     </span>
    </p>
   </div>
   <div class='ocr_carea' id='block_1_65' title="bbox 822 3363 2368 3433">
    <p class='ocr_par' dir='ltr' id='par_1_65' title="bbox 822 3363 2368 3433">
     <span class='ocr_line' id='line_1_65' title="bbox 822 3363 2368 3433; baseline -0.003 -14"><span class='ocrx_word' id='word_1_469' title='bbox 822 3367 1176 3433; x_wconf 88' lang='lat' dir='ltr'><strong>pecuniarum</strong></span> <span class='ocrx_word' id='word_1_470' title='bbox 1210 3366 1585 3433; x_wconf 81' lang='lat' dir='ltr'><strong>exsuperantia</strong></span> <span class='ocrx_word' id='word_1_471' title='bbox 1614 3405 1628 3430; x_wconf 90' lang='lat'><strong>,</strong></span> <span class='ocrx_word' id='word_1_472' title='bbox 1667 3381 1769 3418; x_wconf 91' lang='lat' dir='ltr'><strong>non</strong></span> <span class='ocrx_word' id='word_1_473' title='bbox 1813 3367 1864 3417; x_wconf 92' lang='lat' dir='ltr'><strong>in</strong></span> <span class='ocrx_word' id='word_1_474' title='bbox 1916 3365 2165 3431; x_wconf 70' lang='lat' dir='ltr'><strong>potentia:</strong></span> <span class='ocrx_word' id='word_1_475' title='bbox 2207 3363 2368 3428; x_wconf 81' lang='lat' dir='ltr'><strong>fastu,</strong></span> 
     </span>
    </p>
   </div>
   <div class='ocr_carea' id='block_1_66' title="bbox 823 3454 2364 3524">
    <p class='ocr_par' dir='ltr' id='par_1_66' title="bbox 823 3454 2364 3524">
     <span class='ocr_line' id='line_1_66' title="bbox 823 3454 2364 3524; baseline -0.001 -17"><span class='ocrx_word' id='word_1_476' title='bbox 823 3471 928 3508; x_wconf 91' lang='lat' dir='ltr'><strong>non</strong></span> <span class='ocrx_word' id='word_1_477' title='bbox 965 3455 1016 3507; x_wconf 93' lang='lat' dir='ltr'><strong>in</strong></span> <span class='ocrx_word' id='word_1_478' title='bbox 1044 3455 1226 3524; x_wconf 73' lang='lat' dir='ltr'><strong>gloriae</strong></span> <span class='ocrx_word' id='word_1_479' title='bbox 1254 3455 1583 3509; x_wconf 88' lang='lat' dir='ltr'><strong>sublimitate</strong></span> <span class='ocrx_word' id='word_1_480' title='bbox 1608 3457 1708 3510; x_wconf 85' lang='lat' dir='ltr'><strong>sita</strong></span> <span class='ocrx_word' id='word_1_481' title='bbox 1740 3455 1959 3510; x_wconf 85' lang='lat' dir='ltr'><strong>victoria</strong></span> <span class='ocrx_word' id='word_1_482' title='bbox 1991 3463 2073 3508; x_wconf 81' lang='lat' dir='ltr'><strong>est</strong></span> <span class='ocrx_word' id='word_1_483' title='bbox 2104 3469 2117 3506; x_wconf 92' lang='lat'><strong>:</strong></span> <span class='ocrx_word' id='word_1_484' title='bbox 2149 3454 2242 3507; x_wconf 84' lang='lat' dir='ltr'><strong>sed</strong></span> <span class='ocrx_word' id='word_1_485' title='bbox 2296 3468 2364 3506; x_wconf 78' lang='lat' dir='ltr'><strong>ex</strong></span> 
     </span>
    </p>
   </div>
   <div class='ocr_carea' id='block_1_67' title="bbox 822 3543 2372 3613">
    <p class='ocr_par' dir='ltr' id='par_1_67' title="bbox 822 3543 2372 3613">
     <span class='ocr_line' id='line_1_67' title="bbox 822 3543 2372 3613; baseline 0 -15"><span class='ocrx_word' id='word_1_486' title='bbox 822 3562 1032 3599; x_wconf 88' lang='lat' dir='ltr'><strong>summa</strong></span> <span class='ocrx_word' id='word_1_487' title='bbox 1067 3545 1413 3600; x_wconf 82' lang='lat' dir='ltr'><strong>tribulatione</strong></span> <span class='ocrx_word' id='word_1_488' title='bbox 1436 3546 1660 3613; x_wconf 82' lang='lat' dir='ltr'><strong>largitur</strong></span> <span class='ocrx_word' id='word_1_489' title='bbox 1685 3546 1944 3601; x_wconf 90' lang='lat' dir='ltr'><strong>Dominus</strong></span> <span class='ocrx_word' id='word_1_490' title='bbox 1994 3545 2252 3599; x_wconf 84' lang='lat' dir='ltr'><strong>auxilium</strong></span> <span class='ocrx_word' id='word_1_491' title='bbox 2305 3543 2372 3598; x_wconf 83' lang='lat' dir='ltr'><strong>iis</strong></span> 
     </span>
    </p>
   </div>
   <div class='ocr_carea' id='block_1_68' title="bbox 823 3635 2367 3706">
    <p class='ocr_par' dir='ltr' id='par_1_68' title="bbox 823 3635 2367 3706">
     <span class='ocr_line' id='line_1_68' title="bbox 823 3635 2367 3706; baseline -0.001 -16"><span class='ocrx_word' id='word_1_492' title='bbox 823 3638 914 3706; x_wconf 86' lang='lat' dir='ltr'><strong>qui</strong></span> <span class='ocrx_word' id='word_1_493' title='bbox 966 3638 1137 3705; x_wconf 86' lang='lat' dir='ltr'><strong>ipsum</strong></span> <span class='ocrx_word' id='word_1_494' title='bbox 1175 3638 1470 3705; x_wconf 88' lang='lat' dir='ltr'><strong>inquirunt.</strong></span> <span class='ocrx_word' id='word_1_495' title='bbox 1516 3636 1661 3690; x_wconf 86' lang='lat' dir='ltr'><strong>Talis</strong></span> <span class='ocrx_word' id='word_1_496' title='bbox 1712 3646 1826 3691; x_wconf 89' lang='lat' dir='ltr'><strong>erat</strong></span> <span class='ocrx_word' id='word_1_497' title='bbox 1862 3648 1914 3690; x_wconf 88' lang='lat' dir='ltr'><strong>et</strong></span> <span class='ocrx_word' id='word_1_498' title='bbox 1941 3636 2151 3701; x_wconf 86' lang='lat' dir='ltr'><strong>Paulus,</strong></span> <span class='ocrx_word' id='word_1_499' title='bbox 2181 3638 2270 3705; x_wconf 86' lang='lat' dir='ltr'><strong>qui</strong></span> <span class='ocrx_word' id='word_1_500' title='bbox 2314 3635 2367 3688; x_wconf 92' lang='lat' dir='ltr'><strong>in</strong></span> 
     </span>
    </p>
   </div>
   <div class='ocr_carea' id='block_1_69' title="bbox 825 3725 2369 3795">
    <p class='ocr_par' dir='ltr' id='par_1_69' title="bbox 825 3725 2369 3795">
     <span class='ocr_line' id='line_1_69' title="bbox 825 3725 2369 3795; baseline 0.001 -15"><span class='ocrx_word' id='word_1_501' title='bbox 825 3727 936 3782; x_wconf 76' lang='lat' dir='ltr'><strong>suis</strong></span> <span class='ocrx_word' id='word_1_502' title='bbox 973 3727 1304 3795; x_wconf 80' lang='lat' dir='ltr'><strong>gloriabatur</strong></span> <span class='ocrx_word' id='word_1_503' title='bbox 1334 3725 2042 3791; x_wconf 72' lang='lat' dir='ltr'><strong>tribulationibus&quot;.Quare</strong></span> <span class='ocrx_word' id='word_1_504' title='bbox 2069 3729 2245 3781; x_wconf 89' lang='lat' dir='ltr'><strong>dicere</strong></span> <span class='ocrx_word' id='word_1_505' title='bbox 2275 3741 2369 3794; x_wconf 87' lang='lat' dir='ltr'><strong>p0-</strong></span> 
     </span>
    </p>
   </div>
   <div class='ocr_carea' id='block_1_70' title="bbox 827 3817 2368 3886">
    <p class='ocr_par' dir='ltr' id='par_1_70' title="bbox 827 3817 2368 3886">
     <span class='ocr_line' id='line_1_70' title="bbox 827 3817 2368 3886; baseline -0.001 -14"><span class='ocrx_word' id='word_1_506' title='bbox 827 3828 987 3886; x_wconf 85' lang='lat' dir='ltr'><strong>terat,</strong></span> <span class='ocrx_word' id='word_1_507' title='bbox 1018 3819 1148 3874; x_wconf 84' lang='lat' dir='ltr'><strong>Cant</strong></span> <span class='ocrx_word' id='word_1_508' title='bbox 1176 3819 1434 3886; x_wconf 80' lang='lat' dir='ltr'><strong>inﬁrntor,</strong></span> <span class='ocrx_word' id='word_1_509' title='bbox 1463 3831 1582 3871; x_wconf 86' lang='lat' dir='ltr'><strong>tunc</strong></span> <span class='ocrx_word' id='word_1_510' title='bbox 1618 3825 1795 3886; x_wconf 78' lang='lat' dir='ltr'><strong>potens</strong></span> <span class='ocrx_word' id='word_1_511' title='bbox 1819 3834 1933 3871; x_wconf 86' lang='lat' dir='ltr'><strong>sum</strong></span> <span class='ocrx_word' id='word_1_512' title='bbox 1973 3820 2036 3868; x_wconf 71' lang='grc' dir='ltr'><strong>η.</strong></span> <span class='ocrx_word' id='word_1_513' title='bbox 2077 3817 2242 3870; x_wconf 74' lang='lat' dir='ltr'><strong>Vens.</strong></span> <span class='ocrx_word' id='word_1_514' title='bbox 2281 3818 2368 3871; x_wconf 80' lang='grc'><strong>15.</strong></span> 
     </span>
    </p>
   </div>
   <div class='ocr_carea' id='block_1_71' title="bbox 826 3908 2372 3981">
    <p class='ocr_par' dir='ltr' id='par_1_71' title="bbox 826 3908 2372 3981">
     <span class='ocr_line' id='line_1_71' title="bbox 826 3908 2372 3981; baseline -0.002 -17"><span class='ocrx_word' id='word_1_515' title='bbox 826 3910 910 3964; x_wconf 88' lang='lat' dir='ltr'><strong>Da</strong></span> <span class='ocrx_word' id='word_1_516' title='bbox 939 3913 1082 3963; x_wconf 76' lang='lat' dir='ltr'><strong>nobis</strong></span> <span class='ocrx_word' id='word_1_517' title='bbox 1109 3912 1288 3978; x_wconf 81' lang='lat' dir='ltr'><strong>igitur,</strong></span> <span class='ocrx_word' id='word_1_518' title='bbox 1324 3911 1566 3974; x_wconf 83' lang='lat' dir='ltr'><strong>Domine,</strong></span> <span class='ocrx_word' id='word_1_519' title='bbox 1597 3909 1851 3981; x_wconf 77' lang='lat' dir='ltr'><strong>auxilium</strong></span> <span class='ocrx_word' id='word_1_520' title='bbox 1892 3909 1954 3963; x_wconf 84' lang='lat' dir='ltr'><strong>de</strong></span> <span class='ocrx_word' id='word_1_521' title='bbox 1983 3908 2326 3963; x_wconf 80' lang='lat' dir='ltr'><strong>tribulatione</strong></span> <span class='ocrx_word' id='word_1_522' title='bbox 2354 3925 2372 3972; x_wconf 89' lang='lat'><em>;</em></span> 
     </span>
    </p>
   </div>
   <div class='ocr_carea' id='block_1_72' title="bbox 828 4001 2374 4070">
    <p class='ocr_par' dir='ltr' id='par_1_72' title="bbox 828 4001 2374 4070">
     <span class='ocr_line' id='line_1_72' title="bbox 828 4001 2374 4070; baseline 0.001 -16"><span class='ocrx_word' id='word_1_523' title='bbox 828 4019 947 4056; x_wconf 86' lang='lat' dir='ltr'><strong>cum</strong></span> <span class='ocrx_word' id='word_1_524' title='bbox 982 4002 1255 4055; x_wconf 88' lang='lat' dir='ltr'><strong>tribulatio</strong></span> <span class='ocrx_word' id='word_1_525' title='bbox 1287 4001 1596 4069; x_wconf 86' lang='lat' dir='ltr'><strong>patientiam</strong></span> <span class='ocrx_word' id='word_1_526' title='bbox 1633 4011 1907 4069; x_wconf 87' lang='lat' dir='ltr'><strong>operetur,</strong></span> <span class='ocrx_word' id='word_1_527' title='bbox 1945 4001 2202 4070; x_wconf 88' lang='lat' dir='ltr'><strong>patientia</strong></span> <span class='ocrx_word' id='word_1_528' title='bbox 2249 4016 2374 4069; x_wconf 90' lang='lat' dir='ltr'><strong>pro-</strong></span> 
     </span>
    </p>
   </div>
   <div class='ocr_carea' id='block_1_73' title="bbox 829 4093 2374 4162">
    <p class='ocr_par' dir='ltr' id='par_1_73' title="bbox 829 4093 2374 4162">
     <span class='ocr_line' id='line_1_73' title="bbox 829 4093 2374 4162; baseline -0.003 -14"><span class='ocrx_word' id='word_1_529' title='bbox 829 4094 1119 4158; x_wconf 87' lang='lat' dir='ltr'><strong>bationem,</strong></span> <span class='ocrx_word' id='word_1_530' title='bbox 1155 4093 1396 4162; x_wconf 87' lang='lat' dir='ltr'><strong>probatio</strong></span> <span class='ocrx_word' id='word_1_531' title='bbox 1431 4107 1616 4160; x_wconf 90' lang='lat' dir='ltr'><strong>spem:</strong></span> <span class='ocrx_word' id='word_1_532' title='bbox 1657 4108 1780 4162; x_wconf 89' lang='lat' dir='ltr'><strong>spes</strong></span> <span class='ocrx_word' id='word_1_533' title='bbox 1805 4101 1981 4145; x_wconf 90' lang='lat' dir='ltr'><strong>autem</strong></span> <span class='ocrx_word' id='word_1_534' title='bbox 2014 4108 2116 4145; x_wconf 91' lang='lat' dir='ltr'><strong>non</strong></span> <span class='ocrx_word' id='word_1_535' title='bbox 2146 4093 2374 4145; x_wconf 82' lang='lat' dir='ltr'><strong>confun-</strong></span> 
     </span>
    </p>
   </div>
   <div class='ocr_carea' id='block_1_74' title="bbox 831 4182 2374 4250">
    <p class='ocr_par' dir='ltr' id='par_1_74' title="bbox 831 4182 2374 4250">
     <span class='ocr_line' id='line_1_74' title="bbox 831 4182 2374 4250; baseline -0.001 -13"><span class='ocrx_word' id='word_1_536' title='bbox 831 4186 920 4237; x_wconf 86' lang='lat' dir='ltr'><strong>dat</strong></span> <span class='ocrx_word' id='word_1_537' title='bbox 950 4187 1014 4236; x_wconf 82' lang='lat'><strong>&#39;°.</strong></span> <span class='ocrx_word' id='word_1_538' title='bbox 1049 4185 1207 4238; x_wconf 82' lang='lat' dir='ltr'><strong>Vides</strong></span> <span class='ocrx_word' id='word_1_539' title='bbox 1253 4201 1358 4250; x_wconf 87' lang='lat' dir='ltr'><strong>quo</strong></span> <span class='ocrx_word' id='word_1_540' title='bbox 1405 4185 1679 4238; x_wconf 87' lang='lat' dir='ltr'><strong>tribulatio</strong></span> <span class='ocrx_word' id='word_1_541' title='bbox 1712 4195 1761 4237; x_wconf 88' lang='lat' dir='ltr'><strong>te</strong></span> <span class='ocrx_word' id='word_1_542' title='bbox 1791 4182 2090 4237; x_wconf 84' lang='lat' dir='ltr'><strong>subvehat?</strong></span> <span class='ocrx_word' id='word_1_543' title='bbox 2121 4182 2196 4232; x_wconf 79' lang='lat' dir='ltr'><strong>Ad</strong></span> <span class='ocrx_word' id='word_1_544' title='bbox 2225 4198 2374 4247; x_wconf 81' lang='lat' dir='ltr'><strong>spem</strong></span> 
     </span>
    </p>
   </div>
   <div class='ocr_carea' id='block_1_75' title="bbox 831 4270 2375 4343">
    <p class='ocr_par' dir='ltr' id='par_1_75' title="bbox 831 4270 2375 4343">
     <span class='ocr_line' id='line_1_75' title="bbox 831 4270 2375 4343; baseline -0.002 -16"><span class='ocrx_word' id='word_1_545' title='bbox 831 4290 950 4343; x_wconf 74' lang='lat' dir='ltr'><strong>qua:</strong></span> <span class='ocrx_word' id='word_1_546' title='bbox 983 4293 1084 4330; x_wconf 90' lang='lat' dir='ltr'><strong>non</strong></span> <span class='ocrx_word' id='word_1_547' title='bbox 1117 4275 1417 4330; x_wconf 79' lang='lat' dir='ltr'><strong>confundit.</strong></span> <span class='ocrx_word' id='word_1_548' title='bbox 1453 4276 1746 4343; x_wconf 60' lang='lat' dir='ltr'><strong>IEgrotas?</strong></span> <span class='ocrx_word' id='word_1_549' title='bbox 1779 4275 1984 4338; x_wconf 87' lang='lat' dir='ltr'><strong>Gaude,</strong></span> <span class='ocrx_word' id='word_1_550' title='bbox 2014 4272 2139 4343; x_wconf 89' lang='lat' dir='ltr'><strong>quia</strong></span> <span class='ocrx_word' id='word_1_551' title='bbox 2163 4313 2176 4336; x_wconf 93' lang='lat'><strong>,</strong></span> <span class='ocrx_word' id='word_1_552' title='bbox 2214 4270 2375 4335; x_wconf 86' lang='lat' dir='ltr'><strong>Quem</strong></span> 
     </span>
    </p>
   </div>
   <div class='ocr_carea' id='block_1_76' title="bbox 831 4364 2374 4436">
    <p class='ocr_par' dir='ltr' id='par_1_76' title="bbox 831 4364 2374 4436">
     <span class='ocr_line' id='line_1_76' title="bbox 831 4364 2374 4436; baseline -0.004 -16"><span class='ocrx_word' id='word_1_553' title='bbox 831 4367 1002 4436; x_wconf 78' lang='lat' dir='ltr'><strong>diligit</strong></span> <span class='ocrx_word' id='word_1_554' title='bbox 1051 4367 1341 4433; x_wconf 84' lang='lat' dir='ltr'><strong>Dominus,</strong></span> <span class='ocrx_word' id='word_1_555' title='bbox 1393 4369 1612 4436; x_wconf 77' lang='lat' dir='ltr'><strong>castigat</strong></span> <span class='ocrx_word' id='word_1_556' title='bbox 1639 4371 1704 4419; x_wconf 82' lang='grc'><strong>¹¹.</strong></span> <span class='ocrx_word' id='word_1_557' title='bbox 1742 4366 1947 4434; x_wconf 78' lang='lat' dir='ltr'><strong>Pauper</strong></span> <span class='ocrx_word' id='word_1_558' title='bbox 1979 4364 2078 4418; x_wconf 80' lang='lat' dir='ltr'><strong>es?</strong></span> <span class='ocrx_word' id='word_1_559' title='bbox 2128 4364 2332 4417; x_wconf 61' lang='lat' dir='ltr'><strong>La’tare</strong></span> <span class='ocrx_word' id='word_1_560' title='bbox 2358 4400 2374 4427; x_wconf 94' lang='lat'><strong>,</strong></span> 
     </span>
    </p>
   </div>
   <div class='ocr_carea' id='block_1_77' title="bbox 904 4569 1924 4636">
    <p class='ocr_par' dir='ltr' id='par_1_77' title="bbox 904 4569 1924 4636">
     <span class='ocr_line' id='line_1_77' title="bbox 904 4569 1924 4636; baseline -0.004 -12"><span class='ocrx_word' id='word_1_561' title='bbox 904 4571 947 4603; x_wconf 83' lang='lat'>&quot;</span> <span class='ocrx_word' id='word_1_562' title='bbox 986 4569 1172 4624; x_wconf 80' lang='lat' dir='ltr'><strong>Matth.</strong></span> <span class='ocrx_word' id='word_1_563' title='bbox 1217 4585 1332 4636; x_wconf 76' lang='grc' dir='ltr'>χιιι,</span> <span class='ocrx_word' id='word_1_564' title='bbox 1357 4572 1440 4624; x_wconf 86' lang='grc'><strong>17.</strong></span> <span class='ocrx_word' id='word_1_565' title='bbox 1519 4572 1561 4601; x_wconf 80' lang='grc'><strong>¹⁸</strong></span> <span class='ocrx_word' id='word_1_566' title='bbox 1599 4570 1752 4624; x_wconf 79' lang='lat' dir='ltr'><strong>Rom.</strong></span> <span class='ocrx_word' id='word_1_567' title='bbox 1794 4585 1843 4632; x_wconf 87' lang='lat' dir='ltr'><strong>v,</strong></span> <span class='ocrx_word' id='word_1_568' title='bbox 1872 4570 1924 4623; x_wconf 78' lang='grc'><strong>5.</strong></span> 
     </span>
    </p>
   </div>
   <div class='ocr_carea' id='block_1_78' title="bbox 2005 4565 2507 4631">
    <p class='ocr_par' dir='ltr' id='par_1_78' title="bbox 2005 4565 2507 4631">
     <span class='ocr_line' id='line_1_78' title="bbox 2005 4565 2507 4631; baseline -0.01 -9"><span class='ocrx_word' id='word_1_569' title='bbox 2005 4568 2047 4600; x_wconf 81' lang='grc'><strong>¹⁹</strong></span> <span class='ocrx_word' id='word_1_570' title='bbox 2073 4568 2111 4622; x_wconf 91' lang='lat' dir='ltr'><strong>ll</strong></span> <span class='ocrx_word' id='word_1_571' title='bbox 2135 4568 2258 4623; x_wconf 79' lang='lat' dir='ltr'><strong>Cor.</strong></span> <span class='ocrx_word' id='word_1_572' title='bbox 2289 4582 2386 4631; x_wconf 81' lang='lat' dir='ltr'><strong>xit,</strong></span> <span class='ocrx_word' id='word_1_573' title='bbox 2423 4565 2507 4620; x_wconf 90' lang='grc'><strong>10.</strong></span> 
     </span>
    </p>
   </div>
   <div class='ocr_carea' id='block_1_79' title="bbox 2472 3272 4016 3344">
    <p class='ocr_par' dir='ltr' id='par_1_79' title="bbox 2472 3272 4016 3344">
     <span class='ocr_line' id='line_1_79' title="bbox 2472 3272 4016 3344; baseline -0.001 -20"><span class='ocrx_word' id='word_1_574' title='bbox 2472 3290 2592 3333; x_wconf 84' lang='grc' dir='ltr'>ποις</span> <span class='ocrx_word' id='word_1_575' title='bbox 2618 3274 3011 3343; x_wconf 81' lang='grc' dir='ltr'>νενομισμένων</span> <span class='ocrx_word' id='word_1_576' title='bbox 3044 3274 3350 3344; x_wconf 71' lang='grc' dir='ltr'>περιφανῶν</span> <span class='ocrx_word' id='word_1_577' title='bbox 3375 3274 3689 3342; x_wconf 84' lang='grc' dir='ltr'>ἀξιώσωμεν</span> <span class='ocrx_word' id='word_1_578' title='bbox 3719 3275 3900 3342; x_wconf 82' lang='grc' dir='ltr'>τυχεῖν</span> <span class='ocrx_word' id='word_1_579' title='bbox 3925 3272 4016 3340; x_wconf 80' lang='grc' dir='ltr'>τῆς</span> 
     </span>
    </p>
   </div>
   <div class='ocr_carea' id='block_1_80' title="bbox 2473 3364 4016 3436">
    <p class='ocr_par' dir='ltr' id='par_1_80' title="bbox 2473 3364 4016 3436">
     <span class='ocr_line' id='line_1_80' title="bbox 2473 3364 4016 3436; baseline -0.002 -21"><span class='ocrx_word' id='word_1_580' title='bbox 2473 3364 2818 3433; x_wconf 67' lang='grc' dir='ltr'>ἀντιλήψεως.</span> <span class='ocrx_word' id='word_1_581' title='bbox 2871 3366 2982 3417; x_wconf 81' lang='grc' dir='ltr'><strong>Οὐκ</strong></span> <span class='ocrx_word' id='word_1_582' title='bbox 3035 3367 3090 3417; x_wconf 75' lang='grc' dir='ltr'><strong>ἐν</strong></span> <span class='ocrx_word' id='word_1_583' title='bbox 3142 3365 3394 3436; x_wconf 76' lang='grc' dir='ltr'>περιϐολῇ</span> <span class='ocrx_word' id='word_1_584' title='bbox 3452 3366 3782 3435; x_wconf 83' lang='grc' dir='ltr'>χρημάτων,</span> <span class='ocrx_word' id='word_1_585' title='bbox 3819 3365 3918 3417; x_wconf 79' lang='grc' dir='ltr'>οὐκ</span> <span class='ocrx_word' id='word_1_586' title='bbox 3963 3367 4016 3415; x_wconf 80' lang='grc' dir='ltr'>ἐν</span> 
     </span>
    </p>
   </div>
   <div class='ocr_carea' id='block_1_81' title="bbox 2473 3447 4018 3524">
    <p class='ocr_par' dir='ltr' id='par_1_81' title="bbox 2473 3447 4018 3524">
     <span class='ocr_line' id='line_1_81' title="bbox 2473 3447 4018 3524; baseline -0.014 1"><span class='ocrx_word' id='word_1_587' title='bbox 2473 3447 2743 3516; x_wconf 64' lang='grc' dir='ltr'><strong>δυνάμεως</strong></span> <span class='ocrx_word' id='word_1_588' title='bbox 2790 3450 2968 3519; x_wconf 69' lang='grc' dir='ltr'>ὄγκῳ.</span> <span class='ocrx_word' id='word_1_589' title='bbox 3007 3453 3106 3503; x_wconf 66' lang='grc' dir='ltr'><strong>οὐκ</strong></span> <span class='ocrx_word' id='word_1_590' title='bbox 3150 3454 3206 3504; x_wconf 72' lang='grc' dir='ltr'><strong>ἐν</strong></span> <span class='ocrx_word' id='word_1_591' title='bbox 3237 3452 3482 3521; x_wconf 65' lang='grc' dir='ltr'>ὑψώματι</span> <span class='ocrx_word' id='word_1_592' title='bbox 3520 3452 3675 3522; x_wconf 76' lang='grc' dir='ltr'>δόξης</span> <span class='ocrx_word' id='word_1_593' title='bbox 3702 3455 3760 3505; x_wconf 86' lang='grc' dir='ltr'><strong>τὸ</strong></span> <span class='ocrx_word' id='word_1_594' title='bbox 3806 3457 4018 3524; x_wconf 71' lang='grc' dir='ltr'>κρατεῖν</span> 
     </span>
    </p>
   </div>
   <div class='ocr_carea' id='block_1_82' title="bbox 2474 3538 4020 3613">
    <p class='ocr_par' dir='ltr' id='par_1_82' title="bbox 2474 3538 4020 3613">
     <span class='ocr_line' id='line_1_82' title="bbox 2474 3538 4020 3613; baseline 0.003 -22"><span class='ocrx_word' id='word_1_595' title='bbox 2474 3538 2836 3606; x_wconf 82' lang='grc' dir='ltr'>περιγίνεται,</span> <span class='ocrx_word' id='word_1_596' title='bbox 2884 3541 2996 3592; x_wconf 85' lang='grc' dir='ltr'>ἀλλ’</span> <span class='ocrx_word' id='word_1_597' title='bbox 3042 3542 3104 3592; x_wconf 85' lang='grc' dir='ltr'><strong>ὲκ</strong></span> <span class='ocrx_word' id='word_1_598' title='bbox 3134 3544 3231 3612; x_wconf 84' lang='grc' dir='ltr'>τῆς</span> <span class='ocrx_word' id='word_1_599' title='bbox 3277 3543 3394 3596; x_wconf 87' lang='grc' dir='ltr'>καθ’</span> <span class='ocrx_word' id='word_1_600' title='bbox 3449 3544 3750 3613; x_wconf 73' lang='grc' dir='ltr'>ὑπερϐολὴν</span> <span class='ocrx_word' id='word_1_601' title='bbox 3794 3544 4020 3612; x_wconf 59' lang='grc' dir='ltr'>θλίψεως</span> 
     </span>
    </p>
   </div>
   <div class='ocr_carea' id='block_1_83' title="bbox 2475 3630 4017 3705">
    <p class='ocr_par' dir='ltr' id='par_1_83' title="bbox 2475 3630 4017 3705">
     <span class='ocr_line' id='line_1_83' title="bbox 2475 3630 4017 3705; baseline 0.003 -23"><span class='ocrx_word' id='word_1_602' title='bbox 2475 3630 2750 3700; x_wconf 79' lang='grc' dir='ltr'>χαρίζεται</span> <span class='ocrx_word' id='word_1_603' title='bbox 2771 3630 2970 3700; x_wconf 84' lang='grc' dir='ltr'>Κύριος</span> <span class='ocrx_word' id='word_1_604' title='bbox 2985 3635 3095 3692; x_wconf 84' lang='grc' dir='ltr'>τοῖς</span> <span class='ocrx_word' id='word_1_605' title='bbox 3120 3633 3430 3701; x_wconf 78' lang='grc' dir='ltr'>ἐκζητοῦσιν</span> <span class='ocrx_word' id='word_1_606' title='bbox 3455 3635 3612 3687; x_wconf 83' lang='grc' dir='ltr'>αὑτὸν</span> <span class='ocrx_word' id='word_1_607' title='bbox 3635 3636 3729 3705; x_wconf 83' lang='grc' dir='ltr'>τὴν</span> <span class='ocrx_word' id='word_1_608' title='bbox 3750 3636 4017 3705; x_wconf 78' lang='grc' dir='ltr'>βοήθειαν.</span> 
     </span>
    </p>
   </div>
   <div class='ocr_carea' id='block_1_84' title="bbox 2475 3715 4022 3793">
    <p class='ocr_par' dir='ltr' id='par_1_84' title="bbox 2475 3715 4022 3793">
     <span class='ocr_line' id='line_1_84' title="bbox 2475 3715 4022 3793; baseline 0.004 -21"><span class='ocrx_word' id='word_1_609' title='bbox 2475 3720 2720 3781; x_wconf 73' lang='grc' dir='ltr'>Τοιοῦτος</span> <span class='ocrx_word' id='word_1_610' title='bbox 2747 3715 2812 3788; x_wconf 82' lang='grc' dir='ltr'><strong>ἦν</strong></span> <span class='ocrx_word' id='word_1_611' title='bbox 2864 3720 2955 3772; x_wconf 69' lang='grc' dir='ltr'><strong>καὶ</strong></span> <span class='ocrx_word' id='word_1_612' title='bbox 2985 3721 3012 3771; x_wconf 84' lang='grc' dir='ltr'><strong>ὁ</strong></span> <span class='ocrx_word' id='word_1_613' title='bbox 3056 3720 3290 3784; x_wconf 83' lang='grc' dir='ltr'>Παῦλος,</span> <span class='ocrx_word' id='word_1_614' title='bbox 3324 3725 3644 3793; x_wconf 78' lang='grc' dir='ltr'>καυχήματα</span> <span class='ocrx_word' id='word_1_615' title='bbox 3691 3725 3885 3777; x_wconf 74' lang='grc' dir='ltr'>ἑαυτοῦ</span> <span class='ocrx_word' id='word_1_616' title='bbox 3929 3727 4022 3786; x_wconf 77' lang='grc' dir='ltr'><strong>τὰς</strong></span> 
     </span>
    </p>
   </div>
   <div class='ocr_carea' id='block_1_85' title="bbox 2476 3811 4023 3882">
    <p class='ocr_par' dir='ltr' id='par_1_85' title="bbox 2476 3811 4023 3882">
     <span class='ocr_line' id='line_1_85' title="bbox 2476 3811 4023 3882; baseline 0.001 -18"><span class='ocrx_word' id='word_1_617' title='bbox 2476 3813 2680 3882; x_wconf 67' lang='grc' dir='ltr'>θλίψεις</span> <span class='ocrx_word' id='word_1_618' title='bbox 2713 3811 3044 3882; x_wconf 81' lang='grc' dir='ltr'>ποιούμενος.</span> <span class='ocrx_word' id='word_1_619' title='bbox 3073 3811 3169 3864; x_wconf 75' lang='grc' dir='ltr'><strong>Διὰ</strong></span> <span class='ocrx_word' id='word_1_620' title='bbox 3190 3811 3343 3866; x_wconf 80' lang='grc' dir='ltr'>τοῦτο</span> <span class='ocrx_word' id='word_1_621' title='bbox 3368 3814 3593 3881; x_wconf 73' lang='grc' dir='ltr'>ἠδύνατο</span> <span class='ocrx_word' id='word_1_622' title='bbox 3615 3815 3791 3881; x_wconf 85' lang='grc' dir='ltr'>λέγειν</span> <span class='ocrx_word' id='word_1_623' title='bbox 3807 3833 3819 3843; x_wconf 73' lang='grc' dir='ltr'><strong>ο</strong></span> <span class='ocrx_word' id='word_1_624' title='bbox 3846 3818 4023 3868; x_wconf 76' lang='grc' dir='ltr'>Ὅταν</span> 
     </span>
    </p>
   </div>
   <div class='ocr_carea' id='block_1_86' title="bbox 2476 3900 4020 3973">
    <p class='ocr_par' dir='ltr' id='par_1_86' title="bbox 2476 3900 4020 3973">
     <span class='ocr_line' id='line_1_86' title="bbox 2476 3900 4020 3973; baseline 0.002 -16"><span class='ocrx_word' id='word_1_625' title='bbox 2476 3904 2728 3967; x_wconf 77' lang='grc' dir='ltr'>ἀσθενῶ,</span> <span class='ocrx_word' id='word_1_626' title='bbox 2756 3905 2887 3958; x_wconf 82' lang='grc' dir='ltr'>τότε</span> <span class='ocrx_word' id='word_1_627' title='bbox 2927 3903 3180 3969; x_wconf 82' lang='grc' dir='ltr'>δυνατός</span> <span class='ocrx_word' id='word_1_628' title='bbox 3201 3906 3332 3973; x_wconf 79' lang='grc' dir='ltr'>εἰμι.</span> <span class='ocrx_word' id='word_1_629' title='bbox 3367 3903 3476 3970; x_wconf 83' lang='grc' dir='ltr'><strong>Δὸς</strong></span> <span class='ocrx_word' id='word_1_630' title='bbox 3502 3900 3594 3957; x_wconf 76' lang='grc' dir='ltr'><strong>οὖν</strong></span> <span class='ocrx_word' id='word_1_631' title='bbox 3623 3904 3786 3972; x_wconf 71' lang='grc' dir='ltr'>ἡμῖν,</span> <span class='ocrx_word' id='word_1_632' title='bbox 3832 3907 4020 3972; x_wconf 67' lang='grc' dir='ltr'>Κιῖριε.</span> 
     </span>
    </p>
   </div>
   <div class='ocr_carea' id='block_1_87' title="bbox 2472 3995 4027 4069">
    <p class='ocr_par' dir='ltr' id='par_1_87' title="bbox 2472 3995 4027 4069">
     <span class='ocr_line' id='line_1_87' title="bbox 2472 3995 4027 4069; baseline 0 -22"><span class='ocrx_word' id='word_1_633' title='bbox 2472 3995 2756 4060; x_wconf 77' lang='grc' dir='ltr'>,ϐοήθειαν</span> <span class='ocrx_word' id='word_1_634' title='bbox 2797 3997 2863 4048; x_wconf 78' lang='grc' dir='ltr'>ἐκ</span> <span class='ocrx_word' id='word_1_635' title='bbox 2933 3997 3216 4063; x_wconf 70' lang='grc' dir='ltr'>θλίψεως·</span> <span class='ocrx_word' id='word_1_636' title='bbox 3254 3997 3434 4069; x_wconf 79' lang='grc' dir='ltr'>ἐπειδὴ</span> <span class='ocrx_word' id='word_1_637' title='bbox 3474 3999 3504 4068; x_wconf 82' lang='grc' dir='ltr'>ἡ</span> <span class='ocrx_word' id='word_1_638' title='bbox 3544 3998 3716 4066; x_wconf 77' lang='grc' dir='ltr'>θλίψις</span> <span class='ocrx_word' id='word_1_639' title='bbox 3755 3999 4027 4068; x_wconf 76' lang='grc' dir='ltr'>ὑπομονὴν</span> 
     </span>
    </p>
   </div>
   <div class='ocr_carea' id='block_1_88' title="bbox 2480 4088 4025 4159">
    <p class='ocr_par' dir='ltr' id='par_1_88' title="bbox 2480 4088 4025 4159">
     <span class='ocr_line' id='line_1_88' title="bbox 2480 4088 4025 4159; baseline 0.001 -19"><span class='ocrx_word' id='word_1_640' title='bbox 2480 4088 2889 4158; x_wconf 79' lang='grc' dir='ltr'>κατεργάζεται,</span> <span class='ocrx_word' id='word_1_641' title='bbox 2913 4090 2945 4157; x_wconf 84' lang='grc' dir='ltr'>ἡ</span> <span class='ocrx_word' id='word_1_642' title='bbox 2977 4089 3032 4140; x_wconf 79' lang='grc' dir='ltr'>δὲ</span> <span class='ocrx_word' id='word_1_643' title='bbox 3057 4088 3294 4158; x_wconf 80' lang='grc' dir='ltr'>ὑπομονὴ</span> <span class='ocrx_word' id='word_1_644' title='bbox 3314 4089 3557 4158; x_wconf 78' lang='grc' dir='ltr'>δοκιμὴν,</span> <span class='ocrx_word' id='word_1_645' title='bbox 3592 4091 3703 4159; x_wconf 82' lang='grc' dir='ltr'><strong>ὴ⁶δὲ</strong></span> <span class='ocrx_word' id='word_1_646' title='bbox 3730 4090 3924 4159; x_wconf 80' lang='grc' dir='ltr'>δοκιμὴ</span> <span class='ocrx_word' id='word_1_647' title='bbox 3949 4090 4025 4141; x_wconf 63' lang='lat' dir='ltr'><strong>et.</strong></span> 
     </span>
    </p>
   </div>
   <div class='ocr_carea' id='block_1_89' title="bbox 2479 4179 4025 4250">
    <p class='ocr_par' dir='ltr' id='par_1_89' title="bbox 2479 4179 4025 4250">
     <span class='ocr_line' id='line_1_89' title="bbox 2479 4179 4025 4250; baseline -0.001 -17"><span class='ocrx_word' id='word_1_648' title='bbox 2479 4181 2626 4246; x_wconf 84' lang='grc' dir='ltr'>πίδα,</span> <span class='ocrx_word' id='word_1_649' title='bbox 2657 4183 2688 4250; x_wconf 76' lang='grc' dir='ltr'>ὴ</span> <span class='ocrx_word' id='word_1_650' title='bbox 2718 4181 2774 4233; x_wconf 83' lang='grc' dir='ltr'><strong>δὲ</strong></span> <span class='ocrx_word' id='word_1_651' title='bbox 2799 4181 2954 4242; x_wconf 77' lang='grc' dir='ltr'>ἐλπὶς</span> <span class='ocrx_word' id='word_1_652' title='bbox 2989 4182 3047 4231; x_wconf 77' lang='grc' dir='ltr'><strong>οὐ</strong></span> <span class='ocrx_word' id='word_1_653' title='bbox 3082 4179 3441 4247; x_wconf 84' lang='grc' dir='ltr'>καταισχύνει.</span> <span class='ocrx_word' id='word_1_654' title='bbox 3489 4182 3648 4249; x_wconf 82' lang='grc' dir='ltr'>Ὁρᾷς</span> <span class='ocrx_word' id='word_1_655' title='bbox 3689 4182 3791 4233; x_wconf 79' lang='grc' dir='ltr'>ποῦ</span> <span class='ocrx_word' id='word_1_656' title='bbox 3838 4184 4025 4248; x_wconf 82' lang='grc' dir='ltr'>ἀνάγει</span> 
     </span>
    </p>
   </div>
   <div class='ocr_carea' id='block_1_90' title="bbox 2482 4269 4022 4339">
    <p class='ocr_par' dir='ltr' id='par_1_90' title="bbox 2482 4269 4022 4339">
     <span class='ocr_line' id='line_1_90' title="bbox 2482 4269 4022 4339; baseline 0.003 -19"><span class='ocrx_word' id='word_1_657' title='bbox 2482 4287 2540 4321; x_wconf 91' lang='grc' dir='ltr'><strong>σε</strong></span> <span class='ocrx_word' id='word_1_658' title='bbox 2571 4272 2603 4339; x_wconf 87' lang='grc' dir='ltr'>ἡ</span> <span class='ocrx_word' id='word_1_659' title='bbox 2631 4271 2838 4338; x_wconf 71' lang='grc' dir='ltr'>θλίψις;</span> <span class='ocrx_word' id='word_1_660' title='bbox 2871 4272 2962 4331; x_wconf 87' lang='grc' dir='ltr'><strong>Εἰς</strong></span> <span class='ocrx_word' id='word_1_661' title='bbox 2994 4271 3090 4339; x_wconf 85' lang='grc' dir='ltr'><strong>τὴν</strong></span> <span class='ocrx_word' id='word_1_662' title='bbox 3112 4269 3531 4338; x_wconf 80' lang='grc' dir='ltr'>ἀκαταίσχυντον</span> <span class='ocrx_word' id='word_1_663' title='bbox 3556 4270 3764 4323; x_wconf 76' lang='grc' dir='ltr'>ἐλπίδα.</span> <span class='ocrx_word' id='word_1_664' title='bbox 3806 4272 4022 4336; x_wconf 63' lang='lat' dir='ltr'><strong>Noack;</strong></span> 
     </span>
    </p>
   </div>
   <div class='ocr_carea' id='block_1_91' title="bbox 2481 4359 4022 4430">
    <p class='ocr_par' dir='ltr' id='par_1_91' title="bbox 2481 4359 4022 4430">
     <span class='ocr_line' id='line_1_91' title="bbox 2481 4359 4022 4430; baseline 0.003 -20"><span class='ocrx_word' id='word_1_665' title='bbox 2481 4360 2699 4430; x_wconf 80' lang='grc' dir='ltr'>εὑθύμει</span> <span class='ocrx_word' id='word_1_666' title='bbox 2723 4400 2739 4426; x_wconf 94' lang='grc'><strong>,</strong></span> <span class='ocrx_word' id='word_1_667' title='bbox 2778 4363 2858 4414; x_wconf 83' lang='grc' dir='ltr'><strong>ὅτι</strong></span> <span class='ocrx_word' id='word_1_668' title='bbox 2911 4365 3017 4414; x_wconf 80' lang='grc' dir='ltr'><em>Ὃν</em></span> <span class='ocrx_word' id='word_1_669' title='bbox 3058 4359 3255 4430; x_wconf 76' lang='grc' dir='ltr'>ἀγαπᾷ</span> <span class='ocrx_word' id='word_1_670' title='bbox 3287 4361 3514 4428; x_wconf 82' lang='grc' dir='ltr'>Κύριος,</span> <span class='ocrx_word' id='word_1_671' title='bbox 3554 4361 3836 4416; x_wconf 79' lang='grc' dir='ltr'>παιδεύει.</span> <span class='ocrx_word' id='word_1_672' title='bbox 3878 4365 4022 4415; x_wconf 82' lang='grc' dir='ltr'>Πτω-</span> 
     </span>
    </p>
   </div>
   <div class='ocr_carea' id='block_1_92' title="bbox 2587 4560 3552 4629">
    <p class='ocr_par' dir='ltr' id='par_1_92' title="bbox 2587 4560 3552 4629">
     <span class='ocr_line' id='line_1_92' title="bbox 2587 4560 3552 4629; baseline -0.003 -14"><span class='ocrx_word' id='word_1_673' title='bbox 2587 4562 2632 4593; x_wconf 79' lang='grc'><strong>²⁰</strong></span> <span class='ocrx_word' id='word_1_674' title='bbox 2661 4560 2817 4617; x_wconf 81' lang='lat' dir='ltr'><strong>Rom.</strong></span> <span class='ocrx_word' id='word_1_675' title='bbox 2841 4576 2894 4629; x_wconf 77' lang='grc' dir='ltr'><strong>ν,</strong></span> <span class='ocrx_word' id='word_1_676' title='bbox 2923 4561 3036 4617; x_wconf 80' lang='grc'><strong>5-5.</strong></span> <span class='ocrx_word' id='word_1_677' title='bbox 3111 4565 3153 4594; x_wconf 82' lang='grc'>¹¹</span> <span class='ocrx_word' id='word_1_678' title='bbox 3185 4563 3346 4617; x_wconf 84' lang='lat' dir='ltr'><strong>Hebr.</strong></span> <span class='ocrx_word' id='word_1_679' title='bbox 3379 4578 3473 4616; x_wconf 79' lang='lat' dir='ltr'><strong>xu.</strong></span> <span class='ocrx_word' id='word_1_680' title='bbox 3500 4561 3552 4614; x_wconf 81' lang='lat'><strong>6.</strong></span> 
     </span>
    </p>
   </div>
   <div class='ocr_carea' id='block_1_93' title="bbox 903 4749 2573 4854">
    <p class='ocr_par' dir='ltr' id='par_1_93' title="bbox 903 4749 2573 4854">
     <span class='ocr_line' id='line_1_93' title="bbox 903 4749 2573 4854; baseline -0.005 -28"><span class='ocrx_word' id='word_1_681' title='bbox 903 4775 1013 4854; x_wconf 50' lang='lat'><strong>(£27)</strong></span> <span class='ocrx_word' id='word_1_682' title='bbox 1037 4775 1240 4854; x_wconf 41' lang='lat' dir='ltr'><strong>“Editio</strong></span> <span class='ocrx_word' id='word_1_683' title='bbox 1285 4772 1459 4853; x_wconf 38' lang='lat' dir='ltr'><strong>Par-is.</strong></span> <span class='ocrx_word' id='word_1_684' title='bbox 1488 4788 1634 4854; x_wconf 42' lang='lat' dir='ltr'><strong>cum.</strong></span> <span class='ocrx_word' id='word_1_685' title='bbox 1669 4773 1818 4854; x_wconf 40' lang='lat' dir='ltr'><strong>C.o|b.</strong></span> <span class='ocrx_word' id='word_1_686' title='bbox 1868 4771 2092 4854; x_wconf 81' lang='lat' dir='ltr'><strong>septimo</strong></span> <span class='ocrx_word' id='word_1_687' title='bbox 2118 4767 2380 4854; x_wconf 49' lang='grc' dir='ltr'>τοῦνλουέ</span> <span class='ocrx_word' id='word_1_688' title='bbox 2411 4749 2456 4802; x_wconf 78' lang='grc' dir='ltr'>Ῑ)</span> <span class='ocrx_word' id='word_1_689' title='bbox 2485 4765 2573 4854; x_wconf 77' lang='grc' dir='ltr'><strong>’Πιι</strong></span> 
     </span>
    </p>
   </div>
   <div class='ocr_carea' id='block_1_94' title="bbox 2353 4749 4023 4854">
    <p class='ocr_par' dir='ltr' id='par_1_94' title="bbox 2356 4749 4023 4854">
     <span class='ocr_line' id='line_1_94' title="bbox 2356 4749 4023 4854; baseline -0.004 -35"><span class='ocrx_word' id='word_1_690' title='bbox 2356 4797 2380 4807; x_wconf 95' lang='grc'><strong>-</strong></span> <span class='ocrx_word' id='word_1_691' title='bbox 2411 4749 2456 4802; x_wconf 72' lang='grc' dir='ltr'><strong>θ</strong></span> <span class='ocrx_word' id='word_1_692' title='bbox 2485 4765 2900 4854; x_wconf 66' lang='lat' dir='ltr'><strong>Theodoretum,</strong></span> <span class='ocrx_word' id='word_1_693' title='bbox 2925 4763 3562 4854; x_wconf 47' lang='grc' dir='ltr'>ῐὲτοιπεριπεφραχμξνην</span> <span class='ocrx_word' id='word_1_694' title='bbox 3589 4762 3688 4854; x_wconf 54' lang='lat' dir='ltr'><strong>legi</strong></span> <span class='ocrx_word' id='word_1_695' title='bbox 3719 4765 4023 4854; x_wconf 62' lang='lat' dir='ltr'><strong>simpliciter</strong></span> 
     </span>
    </p>
   </div>
   <div class='ocr_carea' id='block_1_95' title="bbox 830 4838 2388 4914">
    <p class='ocr_par' dir='ltr' id='par_1_95' title="bbox 830 4838 2388 4914">
     <span class='ocr_line' id='line_1_95' title="bbox 830 4838 2388 4914; baseline -0.003 -17"><span class='ocrx_word' id='word_1_696' title='bbox 830 4838 1004 4914; x_wconf 48' lang='lat' dir='ltr'><strong>1966f</strong></span> <span class='ocrx_word' id='word_1_697' title='bbox 1037 4845 1193 4898; x_wconf 84' lang='lat' dir='ltr'><strong>Deest</strong></span> <span class='ocrx_word' id='word_1_698' title='bbox 1237 4843 1328 4896; x_wconf 82' lang='grc' dir='ltr'>τοῦ</span> <span class='ocrx_word' id='word_1_699' title='bbox 1388 4845 1440 4897; x_wconf 88' lang='lat' dir='ltr'><strong>in</strong></span> <span class='ocrx_word' id='word_1_700' title='bbox 1503 4842 1747 4912; x_wconf 88' lang='lat' dir='ltr'><strong>plurimis</strong></span> <span class='ocrx_word' id='word_1_701' title='bbox 1782 4838 2007 4896; x_wconf 33' lang='lat' dir='ltr'><strong>mss.’et</strong></span> <span class='ocrx_word' id='word_1_702' title='bbox 2061 4841 2113 4893; x_wconf 91' lang='lat' dir='ltr'><strong>in</strong></span> <span class='ocrx_word' id='word_1_703' title='bbox 2157 4838 2388 4893; x_wconf 89' lang='lat' dir='ltr'><strong>editione</strong></span> 
     </span>
    </p>
   </div>
   <div class='ocr_carea' id='block_1_96' title="bbox 833 4915 1000 4967">
    <p class='ocr_par' dir='ltr' id='par_1_96' title="bbox 833 4915 1000 4967">
     <span class='ocr_line' id='line_1_96' title="bbox 833 4915 1000 4967; baseline 0 0"><span class='ocrx_word' id='word_1_704' title='bbox 833 4915 1000 4967; x_wconf 73' lang='lat' dir='ltr'><strong>Basil.</strong></span> 
     </span>
    </p>
   </div>
   <div class='ocr_carea' id='block_1_97' title="bbox 903 4980 2388 5104">
    <p class='ocr_par' dir='ltr' id='par_1_97' title="bbox 903 4980 2388 5104">
     <span class='ocr_line' id='line_1_97' title="bbox 903 4980 2388 5104; baseline -0.006 -65"><span class='ocrx_word' id='word_1_705' title='bbox 903 4983 1012 5104; x_wconf 48' lang='lat'><strong>$58)</strong></span> <span class='ocrx_word' id='word_1_706' title='bbox 1044 4983 1133 5036; x_wconf 88' lang='lat' dir='ltr'><strong>Sic</strong></span> <span class='ocrx_word' id='word_1_707' title='bbox 1169 4981 1319 5050; x_wconf 83' lang='lat' dir='ltr'><strong>Regii</strong></span> <span class='ocrx_word' id='word_1_708' title='bbox 1378 4980 1566 5035; x_wconf 87' lang='lat' dir='ltr'><strong>tertius</strong></span> <span class='ocrx_word' id='word_1_709' title='bbox 1602 4991 1656 5033; x_wconf 88' lang='lat' dir='ltr'><strong>et</strong></span> <span class='ocrx_word' id='word_1_710' title='bbox 1717 4989 1937 5044; x_wconf 86' lang='lat' dir='ltr'><strong>quartus</strong></span> <span class='ocrx_word' id='word_1_711' title='bbox 1966 4992 2118 5046; x_wconf 70' lang='lat' dir='ltr'><strong>aeque</strong></span> <span class='ocrx_word' id='word_1_712' title='bbox 2164 4990 2227 5030; x_wconf 85' lang='lat' dir='ltr'><strong>ac</strong></span> <span class='ocrx_word' id='word_1_713' title='bbox 2279 4984 2388 5030; x_wconf 87' lang='lat' dir='ltr'><strong>tres</strong></span> 
     </span>
     <span class='ocr_line' id='line_1_98' title="bbox 903 5045 2387 5104; baseline 0.003 -3"><span class='ocrx_word' id='word_1_714' title='bbox 903 5054 1148 5104; x_wconf 53' lang='lat' dir='ltr'><strong>lbertini.</strong></span> <span class='ocrx_word' id='word_1_715' title='bbox 1199 5053 1338 5104; x_wconf 84' lang='lat' dir='ltr'><strong>Editi</strong></span> <span class='ocrx_word' id='word_1_716' title='bbox 1392 5066 1518 5104; x_wconf 88' lang='lat' dir='ltr'><strong>vero</strong></span> <span class='ocrx_word' id='word_1_717' title='bbox 1559 5064 1678 5103; x_wconf 82' lang='lat' dir='ltr'><strong>cum</strong></span> <span class='ocrx_word' id='word_1_718' title='bbox 1709 5049 1842 5104; x_wconf 74' lang='lat' dir='ltr'><strong>Rea.</strong></span> <span class='ocrx_word' id='word_1_719' title='bbox 1890 5049 2098 5104; x_wconf 77' lang='lat' dir='ltr'><strong>sextoii</strong></span> <span class='ocrx_word' id='word_1_720' title='bbox 2131 5045 2387 5104; x_wconf 76' lang='grc' dir='ltr'>θεοφόρος</span> 
     </span>
    </p>
   </div>
   <div class='ocr_carea' id='block_1_98' title="bbox 832 5045 2387 5167">
    <p class='ocr_par' dir='ltr' id='par_1_98' title="bbox 832 5045 2387 5167">
     <span class='ocr_line' id='line_1_99' title="bbox 832 5045 2387 5167; baseline -0.008 -59"><span class='ocrx_word' id='word_1_721' title='bbox 832 5045 1148 5108; x_wconf 65' lang='grc' dir='ltr'><strong>(Σοίιιειιίηἱ.</strong></span> <span class='ocrx_word' id='word_1_722' title='bbox 1199 5045 1338 5131; x_wconf 67' lang='lat' dir='ltr'><strong>Editi</strong></span> <span class='ocrx_word' id='word_1_723' title='bbox 1392 5066 1518 5105; x_wconf 88' lang='lat' dir='ltr'><strong>vero</strong></span> <span class='ocrx_word' id='word_1_724' title='bbox 1559 5064 1678 5130; x_wconf 78' lang='lat' dir='ltr'><strong>cum</strong></span> <span class='ocrx_word' id='word_1_725' title='bbox 1709 5049 1842 5116; x_wconf 84' lang='lat' dir='ltr'><strong>Reg.</strong></span> <span class='ocrx_word' id='word_1_726' title='bbox 1890 5045 2100 5118; x_wconf 64' lang='lat' dir='ltr'><strong>sextoi]</strong></span> <span class='ocrx_word' id='word_1_727' title='bbox 2131 5045 2387 5167; x_wconf 60' lang='grc' dir='ltr'>θεοφόρος</span> 
     </span>
     <span class='ocr_line' id='line_1_100' title="bbox 835 5116 2378 5167; baseline 0 0"><span class='ocrx_word' id='word_1_728' title='bbox 835 5124 988 5167; x_wconf 76' lang='lat' dir='ltr'><strong>mimF-</strong></span> <span class='ocrx_word' id='word_1_729' title='bbox 1021 5122 1140 5167; x_wconf 63' lang='lat' dir='ltr'><strong>Haec</strong></span> <span class='ocrx_word' id='word_1_730' title='bbox 1167 5121 1343 5167; x_wconf 68' lang='lat' dir='ltr'><strong>Bamlii</strong></span> <span class='ocrx_word' id='word_1_731' title='bbox 1377 5123 1536 5167; x_wconf 78' lang='lat' dir='ltr'><strong>verba</strong></span> <span class='ocrx_word' id='word_1_732' title='bbox 1569 5129 1699 5167; x_wconf 71' lang='lat' dir='ltr'><strong>attat</strong></span> <span class='ocrx_word' id='word_1_733' title='bbox 1735 5120 2100 5167; x_wconf 75' lang='lat' dir='ltr'><strong>Theodorelus</strong></span> <span class='ocrx_word' id='word_1_734' title='bbox 2131 5130 2258 5167; x_wconf 88' lang='lat' dir='ltr'><strong>tom.</strong></span> <span class='ocrx_word' id='word_1_735' title='bbox 2317 5116 2378 5167; x_wconf 86' lang='lat' dir='ltr'><strong>V.</strong></span> 
     </span>
    </p>
   </div>
   <div class='ocr_carea' id='block_1_99' title="bbox 835 5116 2378 5193">
    <p class='ocr_par' dir='ltr' id='par_1_99' title="bbox 835 5116 2378 5193">
     <span class='ocr_line' id='line_1_101' title="bbox 835 5116 2378 5193; baseline -0.005 -17"><span class='ocrx_word' id='word_1_736' title='bbox 835 5124 990 5193; x_wconf 82' lang='grc' dir='ltr'>σάρξ.</span> <span class='ocrx_word' id='word_1_737' title='bbox 1018 5122 1140 5176; x_wconf 75' lang='lat' dir='ltr'><strong>Haec</strong></span> <span class='ocrx_word' id='word_1_738' title='bbox 1163 5121 1344 5193; x_wconf 75' lang='lat' dir='ltr'><strong>Basilii</strong></span> <span class='ocrx_word' id='word_1_739' title='bbox 1377 5123 1536 5176; x_wconf 85' lang='lat' dir='ltr'><strong>verba</strong></span> <span class='ocrx_word' id='word_1_740' title='bbox 1569 5121 1699 5175; x_wconf 88' lang='lat' dir='ltr'><strong>citat</strong></span> <span class='ocrx_word' id='word_1_741' title='bbox 1735 5116 2100 5174; x_wconf 85' lang='lat' dir='ltr'><strong>Thcodoretus</strong></span> <span class='ocrx_word' id='word_1_742' title='bbox 2131 5130 2258 5173; x_wconf 90' lang='lat' dir='ltr'><strong>tom.</strong></span> <span class='ocrx_word' id='word_1_743' title='bbox 2289 5116 2378 5181; x_wconf 86' lang='lat' dir='ltr'><strong>IV,</strong></span> 
     </span>
    </p>
   </div>
   <div class='ocr_carea' id='block_1_100' title="bbox 831 5191 1304 5258">
    <p class='ocr_par' dir='ltr' id='par_1_100' title="bbox 831 5191 1304 5258">
     <span class='ocr_line' id='line_1_102' title="bbox 831 5191 1304 5258; baseline -0.004 -10"><span class='ocrx_word' id='word_1_744' title='bbox 831 5191 975 5248; x_wconf 76' lang='lat' dir='ltr'><strong>Dial.</strong></span> <span class='ocrx_word' id='word_1_745' title='bbox 1005 5211 1041 5258; x_wconf 92' lang='grc' dir='ltr'>ι,</span> <span class='ocrx_word' id='word_1_746' title='bbox 1075 5208 1192 5258; x_wconf 77' lang='lat' dir='ltr'><strong>pag.</strong></span> <span class='ocrx_word' id='word_1_747' title='bbox 1218 5191 1304 5246; x_wconf 73' lang='grc'><strong>40.</strong></span> 
     </span>
    </p>
   </div>
   <div class='ocr_carea' id='block_1_101' title="bbox 903 5254 2384 5330">
    <p class='ocr_par' dir='ltr' id='par_1_101' title="bbox 903 5254 2384 5330">
     <span class='ocr_line' id='line_1_103' title="bbox 903 5254 2384 5330; baseline -0.007 -14"><span class='ocrx_word' id='word_1_748' title='bbox 903 5254 1508 5330; x_wconf 71' lang='grc' dir='ltr'><strong>(59)’Ᾰίι(]υηιι›είίεἰιιε</strong></span> <span class='ocrx_word' id='word_1_749' title='bbox 1549 5275 1645 5315; x_wconf 90' lang='lat' dir='ltr'><strong>suo</strong></span> <span class='ocrx_word' id='word_1_750' title='bbox 1687 5260 1924 5328; x_wconf 87' lang='lat' dir='ltr'><strong>periculo</strong></span> <span class='ocrx_word' id='word_1_751' title='bbox 1981 5275 2076 5328; x_wconf 90' lang='lat' dir='ltr'><strong>pro</strong></span> <span class='ocrx_word' id='word_1_752' title='bbox 2139 5254 2384 5324; x_wconf 78' lang='grc' dir='ltr'>οἰκούμε-</span> 
     </span>
    </p>
   </div>
   <div class='ocr_carea' id='block_1_102' title="bbox 834 5330 2387 5400">
    <p class='ocr_par' dir='ltr' id='par_1_102' title="bbox 834 5330 2387 5400">
     <span class='ocr_line' id='line_1_104' title="bbox 834 5330 2387 5400; baseline -0.004 -17"><span class='ocrx_word' id='word_1_753' title='bbox 834 5349 922 5384; x_wconf 89' lang='grc' dir='ltr'><strong>νον</strong></span> <span class='ocrx_word' id='word_1_754' title='bbox 957 5333 1235 5398; x_wconf 82' lang='lat' dir='ltr'><strong>legendum</strong></span> <span class='ocrx_word' id='word_1_755' title='bbox 1260 5344 1376 5384; x_wconf 88' lang='lat' dir='ltr'><strong>esse</strong></span> <span class='ocrx_word' id='word_1_756' title='bbox 1406 5331 1683 5398; x_wconf 80' lang='grc' dir='ltr'>οἰκονομού</span> <span class='ocrx_word' id='word_1_757' title='bbox 1694 5348 1851 5400; x_wconf 88' lang='grc' dir='ltr'>μενον</span> <span class='ocrx_word' id='word_1_758' title='bbox 1880 5347 1895 5386; x_wconf 90' lang='lat'><strong>:</strong></span> <span class='ocrx_word' id='word_1_759' title='bbox 1927 5333 2015 5384; x_wconf 87' lang='lat' dir='ltr'><strong>sed</strong></span> <span class='ocrx_word' id='word_1_760' title='bbox 2045 5330 2178 5400; x_wconf 78' lang='lat' dir='ltr'><strong>quid</strong></span> <span class='ocrx_word' id='word_1_761' title='bbox 2201 5340 2387 5380; x_wconf 86' lang='lat' dir='ltr'><strong>neces-</strong></span> 
     </span>
    </p>
   </div>
   <div class='ocr_carea' id='block_1_103' title="bbox 835 5398 2381 5469">
    <p class='ocr_par' dir='ltr' id='par_1_103' title="bbox 835 5398 2381 5469">
     <span class='ocr_line' id='line_1_105' title="bbox 835 5398 2381 5469; baseline -0.005 -13"><span class='ocrx_word' id='word_1_762' title='bbox 835 5418 895 5456; x_wconf 83' lang='lat' dir='ltr'><strong>se</strong></span> <span class='ocrx_word' id='word_1_763' title='bbox 921 5405 989 5456; x_wconf 89' lang='lat' dir='ltr'><strong>sit</strong></span> <span class='ocrx_word' id='word_1_764' title='bbox 1020 5404 1090 5455; x_wconf 88' lang='lat' dir='ltr'><strong>ita</strong></span> <span class='ocrx_word' id='word_1_765' title='bbox 1120 5400 1218 5469; x_wconf 83' lang='lat' dir='ltr'><strong>legi</strong></span> <span class='ocrx_word' id='word_1_766' title='bbox 1255 5409 1440 5454; x_wconf 90' lang='lat' dir='ltr'><strong>contra</strong></span> <span class='ocrx_word' id='word_1_767' title='bbox 1466 5398 1833 5454; x_wconf 80' lang='lat' dir='ltr'><strong>auctoritatem</strong></span> <span class='ocrx_word' id='word_1_768' title='bbox 1856 5400 2092 5455; x_wconf 89' lang='lat' dir='ltr'><strong>omnium</strong></span> <span class='ocrx_word' id='word_1_769' title='bbox 2128 5398 2381 5469; x_wconf 79' lang='lat' dir='ltr'><strong>librorum</strong></span> 
     </span>
    </p>
   </div>
   <div class='ocr_carea' id='block_1_104' title="bbox 838 5465 2393 5528">
    <p class='ocr_par' dir='ltr' id='par_1_104' title="bbox 838 5465 2393 5528">
     <span class='ocr_line' id='line_1_106' title="bbox 838 5465 2393 5528; baseline -0.005 -3"><span class='ocrx_word' id='word_1_770' title='bbox 838 5481 946 5525; x_wconf 86' lang='lat' dir='ltr'><strong>tum</strong></span> <span class='ocrx_word' id='word_1_771' title='bbox 983 5487 1135 5528; x_wconf 55' lang='lat' dir='ltr'><strong>mss”</strong></span> <span class='ocrx_word' id='word_1_772' title='bbox 1173 5465 1300 5522; x_wconf 38' lang='lat' dir='ltr'><strong>vium</strong></span> <span class='ocrx_word' id='word_1_773' title='bbox 1336 5484 1678 5528; x_wconf 80' lang='lat' dir='ltr'><strong>excusorum,</strong></span> <span class='ocrx_word' id='word_1_774' title='bbox 1706 5483 1802 5528; x_wconf 84' lang='lat' dir='ltr'><strong>ego</strong></span> <span class='ocrx_word' id='word_1_775' title='bbox 1841 5471 2100 5523; x_wconf 87' lang='lat' dir='ltr'><strong>nonsatis</strong></span> <span class='ocrx_word' id='word_1_776' title='bbox 2134 5465 2393 5528; x_wconf 82' lang='lat' dir='ltr'><strong>intelligo.</strong></span> 
     </span>
    </p>
   </div>
   <div class='ocr_carea' id='block_1_105' title="bbox 837 5486 2395 5613">
    <p class='ocr_par' dir='ltr' id='par_1_105' title="bbox 837 5486 2395 5613">
     <span class='ocr_line' id='line_1_107' title="bbox 838 5486 2393 5528; baseline -0.005 -3"><span class='ocrx_word' id='word_1_777' title='bbox 838 5486 946 5525; x_wconf 86' lang='lat' dir='ltr'><strong>tum</strong></span> <span class='ocrx_word' id='word_1_778' title='bbox 983 5487 1135 5528; x_wconf 83' lang='lat' dir='ltr'><strong>mss..</strong></span> <span class='ocrx_word' id='word_1_779' title='bbox 1193 5486 1300 5522; x_wconf 89' lang='lat' dir='ltr'><strong>tum</strong></span> <span class='ocrx_word' id='word_1_780' title='bbox 1336 5486 1678 5528; x_wconf 80' lang='lat' dir='ltr'><strong>excusorum,</strong></span> <span class='ocrx_word' id='word_1_781' title='bbox 1706 5486 1732 5520; x_wconf 89' lang='lat' dir='ltr'><strong>e</strong></span> <span class='ocrx_word' id='word_1_782' title='bbox 1773 5486 1802 5521; x_wconf 91' lang='lat'><strong>0</strong></span> <span class='ocrx_word' id='word_1_783' title='bbox 1841 5486 1945 5523; x_wconf 87' lang='lat' dir='ltr'><strong>non</strong></span> <span class='ocrx_word' id='word_1_784' title='bbox 1971 5486 2100 5522; x_wconf 86' lang='lat' dir='ltr'><strong>satis</strong></span> <span class='ocrx_word' id='word_1_785' title='bbox 2135 5486 2393 5528; x_wconf 72' lang='lat' dir='ltr'><strong>Intelligo.</strong></span> 
     </span>
     <span class='ocr_line' id='line_1_108' title="bbox 837 5486 2395 5613; baseline -0.004 -20"><span class='ocrx_word' id='word_1_786' title='bbox 837 5541 988 5613; x_wconf 68' lang='lat' dir='ltr'><strong>Nam</strong></span> <span class='ocrx_word' id='word_1_787' title='bbox 1029 5540 1507 5613; x_wconf 79' lang='lat' dir='ltr'><strong>titriusque_verhi</strong></span> <span class='ocrx_word' id='word_1_788' title='bbox 1559 5486 1823 5613; x_wconf 63' lang='grc' dir='ltr'>οίκείσξαι</span> <span class='ocrx_word' id='word_1_789' title='bbox 1890 5549 1941 5592; x_wconf 89' lang='lat' dir='ltr'><strong>et</strong></span> <span class='ocrx_word' id='word_1_790' title='bbox 2001 5534 2395 5613; x_wconf 58' lang='lat' dir='ltr'><strong>oixovoitc&#39;t&#39;cbat</strong></span> 
     </span>
    </p>
   </div>
   <div class='ocr_carea' id='block_1_106' title="bbox 837 5605 2396 5677">
    <p class='ocr_par' dir='ltr' id='par_1_106' title="bbox 837 5605 2396 5677">
     <span class='ocr_line' id='line_1_109' title="bbox 837 5605 2396 5677; baseline -0.001 -17"><span class='ocrx_word' id='word_1_791' title='bbox 837 5611 1080 5664; x_wconf 83' lang='lat' dir='ltr'><strong>eamdem</strong></span> <span class='ocrx_word' id='word_1_792' title='bbox 1137 5605 1275 5676; x_wconf 61' lang='lat' dir='ltr'><strong>saepe</strong></span> <span class='ocrx_word' id='word_1_793' title='bbox 1301 5609 1750 5677; x_wconf 77' lang='lat' dir='ltr'><strong>signiﬁcationem</strong></span> <span class='ocrx_word' id='word_1_794' title='bbox 1775 5622 1914 5668; x_wconf 88' lang='lat' dir='ltr'><strong>esse.</strong></span> <span class='ocrx_word' id='word_1_795' title='bbox 1971 5609 2052 5677; x_wconf 65' lang='lat' dir='ltr'><strong>vel</strong></span> <span class='ocrx_word' id='word_1_796' title='bbox 2100 5605 2396 5677; x_wconf 41' lang='lat' dir='ltr'><strong>ex&#39;lexieis</strong></span> 
     </span>
    </p>
   </div>
   <div class='ocr_carea' id='block_1_107' title="bbox 837 5674 2393 5745">
    <p class='ocr_par' dir='ltr' id='par_1_107' title="bbox 837 5674 2393 5745">
     <span class='ocr_line' id='line_1_110' title="bbox 837 5674 2393 5745; baseline -0.004 -15"><span class='ocrx_word' id='word_1_797' title='bbox 837 5687 1074 5732; x_wconf 87' lang='lat' dir='ltr'><strong>constat.</strong></span> <span class='ocrx_word' id='word_1_798' title='bbox 1113 5674 1463 5745; x_wconf 75' lang='lat' dir='ltr'><strong>Interpretem</strong></span> <span class='ocrx_word' id='word_1_799' title='bbox 1495 5677 1637 5729; x_wconf 87' lang='lat' dir='ltr'><strong>illum</strong></span> <span class='ocrx_word' id='word_1_800' title='bbox 1661 5679 1750 5745; x_wconf 88' lang='lat' dir='ltr'><strong>qui</strong></span> <span class='ocrx_word' id='word_1_801' title='bbox 1787 5692 1903 5728; x_wconf 80' lang='lat' dir='ltr'><strong>mox</strong></span> <span class='ocrx_word' id='word_1_802' title='bbox 1929 5691 1955 5727; x_wconf 90' lang='lat' dir='ltr'><strong>a</strong></span> <span class='ocrx_word' id='word_1_803' title='bbox 1987 5675 2184 5745; x_wconf 84' lang='lat' dir='ltr'><strong>Basilio</strong></span> <span class='ocrx_word' id='word_1_804' title='bbox 2216 5674 2393 5745; x_wconf 89' lang='lat' dir='ltr'><strong>lauda-</strong></span> 
     </span>
    </p>
   </div>
   <div class='ocr_carea' id='block_1_108' title="bbox 842 5744 2393 5817">
    <p class='ocr_par' dir='ltr' id='par_1_108' title="bbox 842 5744 2393 5817">
     <span class='ocr_line' id='line_1_111' title="bbox 842 5744 2393 5817; baseline -0.003 -18"><span class='ocrx_word' id='word_1_805' title='bbox 842 5755 947 5808; x_wconf 87' lang='lat' dir='ltr'><strong>tur.</strong></span> <span class='ocrx_word' id='word_1_806' title='bbox 969 5744 1351 5817; x_wconf 77' lang='lat' dir='ltr'><strong>Synnnachbm</strong></span> <span class='ocrx_word' id='word_1_807' title='bbox 1375 5763 1492 5801; x_wconf 87' lang='lat' dir='ltr'><strong>esse</strong></span> <span class='ocrx_word' id='word_1_808' title='bbox 1527 5744 1717 5799; x_wconf 82' lang='lat' dir='ltr'><strong>docent</strong></span> <span class='ocrx_word' id='word_1_809' title='bbox 1776 5746 2034 5798; x_wconf 67' lang='lat' dir='ltr'><strong>Eusebius</strong></span> <span class='ocrx_word' id='word_1_810' title='bbox 2064 5757 2116 5798; x_wconf 91' lang='lat' dir='ltr'><strong>et</strong></span> <span class='ocrx_word' id='word_1_811' title='bbox 2147 5744 2393 5817; x_wconf 51' lang='lat' dir='ltr'><strong>Theodof</strong></span> 
     </span>
    </p>
   </div>
   <div class='ocr_carea' id='block_1_109' title="bbox 840 5813 2392 5886">
    <p class='ocr_par' dir='ltr' id='par_1_109' title="bbox 840 5813 2392 5886">
     <span class='ocr_line' id='line_1_112' title="bbox 840 5813 2392 5886; baseline -0.003 -16"><span class='ocrx_word' id='word_1_812' title='bbox 840 5813 1024 5874; x_wconf 40' lang='lat' dir='ltr'><strong>t&#39;etusf</strong></span> <span class='ocrx_word' id='word_1_813' title='bbox 1051 5817 1347 5873; x_wconf 79' lang='lat' dir='ltr'><strong>Notandum</strong></span> <span class='ocrx_word' id='word_1_814' title='bbox 1408 5828 1585 5871; x_wconf 85' lang='lat' dir='ltr'><strong>tamen</strong></span> <span class='ocrx_word' id='word_1_815' title='bbox 1648 5818 1799 5886; x_wconf 83' lang='lat' dir='ltr'><strong>apnd-</strong></span> <span class='ocrx_word' id='word_1_816' title='bbox 1840 5816 2198 5870; x_wconf 60' lang='lat' dir='ltr'><strong>l‘hisebinniel</strong></span> <span class='ocrx_word' id='word_1_817' title='bbox 2261 5813 2392 5878; x_wconf 73' lang='lat' dir='ltr'><strong>apud</strong></span> 
     </span>
    </p>
   </div>
   <div class='ocr_carea' id='block_1_110' title="bbox 2489 4833 4024 4906">
    <p class='ocr_par' dir='ltr' id='par_1_110' title="bbox 2489 4833 4024 4906">
     <span class='ocr_line' id='line_1_113' title="bbox 2489 4833 4024 4906; baseline -0.003 -18"><span class='ocrx_word' id='word_1_818' title='bbox 2489 4836 2902 4906; x_wconf 76' lang='grc' dir='ltr'>πεφραγμένην.</span> <span class='ocrx_word' id='word_1_819' title='bbox 2940 4834 3043 4887; x_wconf 87' lang='lat' dir='ltr'><strong>Setl</strong></span> <span class='ocrx_word' id='word_1_820' title='bbox 3067 4833 3309 4906; x_wconf 79' lang='lat' dir='ltr'><strong>siiSpicor</strong></span> <span class='ocrx_word' id='word_1_821' title='bbox 3341 4833 3484 4897; x_wconf 90' lang='lat' dir='ltr'><strong>illud,</strong></span> <span class='ocrx_word' id='word_1_822' title='bbox 3515 4835 3659 4903; x_wconf 86' lang='grc' dir='ltr'>περί,</span> <span class='ocrx_word' id='word_1_823' title='bbox 3685 4905 3689 4906; x_wconf 17' lang='grc' dir='ltr'><em>ν</em></span> <span class='ocrx_word' id='word_1_824' title='bbox 3713 4851 3740 4886; x_wconf 86' lang='lat' dir='ltr'><strong>a</strong></span> <span class='ocrx_word' id='word_1_825' title='bbox 3797 4833 4024 4888; x_wconf 84' lang='lat' dir='ltr'><strong>librariis</strong></span> 
     </span>
    </p>
   </div>
   <div class='ocr_carea' id='block_1_111' title="bbox 2488 4903 4022 4971">
    <p class='ocr_par' dir='ltr' id='par_1_111' title="bbox 2488 4903 4022 4971">
     <span class='ocr_line' id='line_1_114' title="bbox 2488 4903 4022 4971; baseline -0.004 -13"><span class='ocrx_word' id='word_1_826' title='bbox 2488 4903 2796 4971; x_wconf 24' lang='lat' dir='ltr'><strong>utro‘que‘in</strong></span> <span class='ocrx_word' id='word_1_827' title='bbox 2833 4903 2948 4957; x_wconf 88' lang='lat' dir='ltr'><strong>loco</strong></span> <span class='ocrx_word' id='word_1_828' title='bbox 2974 4903 3230 4956; x_wconf 88' lang='lat' dir='ltr'><strong>omissum</strong></span> <span class='ocrx_word' id='word_1_829' title='bbox 3254 4916 3391 4968; x_wconf 88' lang='lat' dir='ltr'><strong>esse,</strong></span> <span class='ocrx_word' id='word_1_830' title='bbox 3417 4915 3522 4956; x_wconf 90' lang='lat' dir='ltr'><strong>tum</strong></span> <span class='ocrx_word' id='word_1_831' title='bbox 3552 4905 3693 4971; x_wconf 91' lang='lat' dir='ltr'><strong>quod</strong></span> <span class='ocrx_word' id='word_1_832' title='bbox 3729 4921 3828 4955; x_wconf 77' lang='lat' dir='ltr'><strong>vox</strong></span> <span class='ocrx_word' id='word_1_833' title='bbox 3879 4920 4022 4969; x_wconf 80' lang='grc' dir='ltr'>περι·</span> 
     </span>
    </p>
   </div>
   <div class='ocr_carea' id='block_1_112' title="bbox 2488 4971 4021 5045">
    <p class='ocr_par' dir='ltr' id='par_1_112' title="bbox 2488 4971 4021 5045">
     <span class='ocr_line' id='line_1_115' title="bbox 2488 4971 4021 5045; baseline -0.002 -18"><span class='ocrx_word' id='word_1_834' title='bbox 2488 4975 2878 5045; x_wconf 79' lang='grc' dir='ltr'>πεφραγμένην</span> <span class='ocrx_word' id='word_1_835' title='bbox 2909 4972 3293 5045; x_wconf 69' lang='lat' dir='ltr'><strong>signilicantjor</strong></span> <span class='ocrx_word' id='word_1_836' title='bbox 3329 4975 3417 5035; x_wconf 87' lang='lat' dir='ltr'><strong>sit,</strong></span> <span class='ocrx_word' id='word_1_837' title='bbox 3452 4984 3560 5026; x_wconf 91' lang='lat' dir='ltr'><strong>tum</strong></span> <span class='ocrx_word' id='word_1_838' title='bbox 3593 4972 3734 5038; x_wconf 87' lang='lat' dir='ltr'><strong>quod</strong></span> <span class='ocrx_word' id='word_1_839' title='bbox 3764 4975 3816 5026; x_wconf 90' lang='lat' dir='ltr'><strong>in</strong></span> <span class='ocrx_word' id='word_1_840' title='bbox 3848 4971 4021 5025; x_wconf 73' lang='lat' dir='ltr'><strong>Hexa—</strong></span> 
     </span>
    </p>
   </div>
   <div class='ocr_carea' id='block_1_113' title="bbox 2486 5040 3674 5114">
    <p class='ocr_par' dir='ltr' id='par_1_113' title="bbox 2486 5040 3674 5114">
     <span class='ocr_line' id='line_1_116' title="bbox 2486 5040 3674 5114; baseline -0.003 -18"><span class='ocrx_word' id='word_1_841' title='bbox 2486 5040 2695 5114; x_wconf 58' lang='lat' dir='ltr'><strong>plic&#39;ita</strong></span> <span class='ocrx_word' id='word_1_842' title='bbox 2715 5040 2931 5114; x_wconf 9' lang='lat' dir='ltr'><strong>exrniss.</strong></span> <span class='ocrx_word' id='word_1_843' title='bbox 2959 5041 3162 5094; x_wconf 89' lang='lat' dir='ltr'><strong>editum</strong></span> <span class='ocrx_word' id='word_1_844' title='bbox 3191 5040 3355 5114; x_wconf 76' lang='lat' dir='ltr'><strong>fuisse</strong></span> <span class='ocrx_word' id='word_1_845' title='bbox 3384 5045 3674 5114; x_wconf 69' lang='lat' dir='ltr'><strong>videamus.</strong></span> 
     </span>
    </p>
   </div>
   <div class='ocr_carea' id='block_1_114' title="bbox 2557 5110 4021 5182">
    <p class='ocr_par' dir='ltr' id='par_1_114' title="bbox 2557 5110 4021 5182">
     <span class='ocr_line' id='line_1_117' title="bbox 2557 5110 4021 5182; baseline -0.003 -16"><span class='ocrx_word' id='word_1_846' title='bbox 2557 5113 2669 5178; x_wconf 85' lang='lat'><strong>(60)</strong></span> <span class='ocrx_word' id='word_1_847' title='bbox 2711 5113 2860 5168; x_wconf 86' lang='lat' dir='ltr'><strong>Colb.</strong></span> <span class='ocrx_word' id='word_1_848' title='bbox 2928 5122 3151 5182; x_wconf 78' lang='lat' dir='ltr'><strong>quartth</strong></span> <span class='ocrx_word' id='word_1_849' title='bbox 3212 5112 3342 5165; x_wconf 73' lang='grc' dir='ltr'>Θεὸν</span> <span class='ocrx_word' id='word_1_850' title='bbox 3397 5113 3454 5164; x_wconf 82' lang='grc' dir='ltr'><strong>ὲν</strong></span> <span class='ocrx_word' id='word_1_851' title='bbox 3509 5111 3834 5182; x_wconf 78' lang='grc' dir='ltr'>ἀνθρώποις.</span> <span class='ocrx_word' id='word_1_852' title='bbox 3879 5110 4021 5162; x_wconf 79' lang='lat' dir='ltr'><strong>Haud</strong></span> 
     </span>
    </p>
   </div>
   <div class='ocr_carea' id='block_1_115' title="bbox 2483 5177 3338 5251">
    <p class='ocr_par' dir='ltr' id='par_1_115' title="bbox 2483 5177 3338 5251">
     <span class='ocr_line' id='line_1_118' title="bbox 2483 5177 3338 5251; baseline -0.002 -15"><span class='ocrx_word' id='word_1_853' title='bbox 2483 5182 2636 5250; x_wconf 80' lang='lat' dir='ltr'><strong>longe</strong></span> <span class='ocrx_word' id='word_1_854' title='bbox 2656 5177 2773 5235; x_wconf 16' lang='lat' dir='ltr'><strong>’tlno</strong></span> <span class='ocrx_word' id='word_1_855' title='bbox 2807 5196 2929 5235; x_wconf 82' lang='lat' dir='ltr'><strong>mss.</strong></span> <span class='ocrx_word' id='word_1_856' title='bbox 2960 5181 3056 5244; x_wconf 86' lang='grc' dir='ltr'>Δὸς</span> <span class='ocrx_word' id='word_1_857' title='bbox 3080 5177 3169 5234; x_wconf 79' lang='grc' dir='ltr'><strong>οὖν</strong></span> <span class='ocrx_word' id='word_1_858' title='bbox 3191 5183 3338 5251; x_wconf 79' lang='grc' dir='ltr'>ἡμῖν.</span> 
     </span>
    </p>
   </div>
   <div class='ocr_carea' id='block_1_116' title="bbox 2557 5250 4022 5319">
    <p class='ocr_par' dir='ltr' id='par_1_116' title="bbox 2557 5250 4022 5319">
     <span class='ocr_line' id='line_1_119' title="bbox 2557 5250 4022 5319; baseline -0.004 -12"><span class='ocrx_word' id='word_1_859' title='bbox 2557 5253 2882 5319; x_wconf 82' lang='grc' dir='ltr'><strong>(61)Τοιιιιιι</strong></span> <span class='ocrx_word' id='word_1_860' title='bbox 2932 5252 3079 5315; x_wconf 90' lang='lat' dir='ltr'><strong>illud,</strong></span> <span class='ocrx_word' id='word_1_861' title='bbox 3111 5250 3491 5319; x_wconf 77' lang='grc' dir='ltr'>ἀπδμηδενὸς,</span> <span class='ocrx_word' id='word_1_862' title='bbox 3523 5262 3653 5311; x_wconf 90' lang='lat' dir='ltr'><strong>etc.,</strong></span> <span class='ocrx_word' id='word_1_863' title='bbox 3711 5251 3787 5304; x_wconf 88' lang='lat' dir='ltr'><strong>sic</strong></span> <span class='ocrx_word' id='word_1_864' title='bbox 3843 5250 4022 5304; x_wconf 74' lang='lat' dir='ltr'><strong>Latine</strong></span> 
     </span>
    </p>
   </div>
   <div class='ocr_carea' id='block_1_117' title="bbox 2489 5320 4020 5376">
    <p class='ocr_par' dir='ltr' id='par_1_117' title="bbox 2489 5320 4020 5376">
     <span class='ocr_line' id='line_1_120' title="bbox 2489 5320 4020 5376; baseline -0.003 -1"><span class='ocrx_word' id='word_1_865' title='bbox 2489 5323 2755 5376; x_wconf 87' lang='lat' dir='ltr'><strong>redditum</strong></span> <span class='ocrx_word' id='word_1_866' title='bbox 2804 5321 2855 5373; x_wconf 94' lang='lat' dir='ltr'><strong>in</strong></span> <span class='ocrx_word' id='word_1_867' title='bbox 2913 5323 3147 5375; x_wconf 88' lang='lat' dir='ltr'><strong>editione</strong></span> <span class='ocrx_word' id='word_1_868' title='bbox 3195 5320 3364 5376; x_wconf 89' lang='lat' dir='ltr'><strong>Paris.</strong></span> <span class='ocrx_word' id='word_1_869' title='bbox 3401 5322 3698 5374; x_wconf 79' lang='lat' dir='ltr'><strong>invenimus</strong></span> <span class='ocrx_word' id='word_1_870' title='bbox 3735 5336 3748 5370; x_wconf 94' lang='lat'><strong>:</strong></span> <span class='ocrx_word' id='word_1_871' title='bbox 3789 5321 3826 5372; x_wconf 83' lang='lat' dir='ltr'><strong><em>A</em></strong></span> <span class='ocrx_word' id='word_1_872' title='bbox 3863 5321 4020 5372; x_wconf 78' lang='lat' dir='ltr'><strong>nulla.</strong></span> 
     </span>
    </p>
   </div>
   <div class='ocr_carea' id='block_1_118' title="bbox 2489 5391 4020 5460">
    <p class='ocr_par' dir='ltr' id='par_1_118' title="bbox 2489 5391 4020 5460">
     <span class='ocr_line' id='line_1_121' title="bbox 2489 5391 4020 5460; baseline -0.006 -15"><span class='ocrx_word' id='word_1_873' title='bbox 2489 5393 2720 5460; x_wconf 78' lang='lat' dir='ltr'><strong>inquam,</strong></span> <span class='ocrx_word' id='word_1_874' title='bbox 2758 5407 2811 5443; x_wconf 86' lang='lat' dir='ltr'><strong>re</strong></span> <span class='ocrx_word' id='word_1_875' title='bbox 2831 5407 2944 5458; x_wconf 78' lang='lat' dir='ltr'><strong>qua:</strong></span> <span class='ocrx_word' id='word_1_876' title='bbox 2963 5391 3241 5459; x_wconf 84' lang='lat' dir='ltr'><strong>quamlibet</strong></span> <span class='ocrx_word' id='word_1_877' title='bbox 3267 5393 3401 5458; x_wconf 83' lang='lat' dir='ltr'><strong>apud</strong></span> <span class='ocrx_word' id='word_1_878' title='bbox 3423 5391 3655 5442; x_wconf 81' lang='lat' dir='ltr'><strong>homines</strong></span> <span class='ocrx_word' id='word_1_879' title='bbox 3687 5402 3941 5456; x_wconf 77' lang='lat' dir='ltr'><strong>prcestans</strong></span> <span class='ocrx_word' id='word_1_880' title='bbox 3965 5399 4020 5438; x_wconf 71' lang='lat' dir='ltr'><strong>sit</strong></span> 
     </span>
    </p>
   </div>
   <div class='ocr_carea' id='block_1_119' title="bbox 2493 5460 4024 5528">
    <p class='ocr_par' dir='ltr' id='par_1_119' title="bbox 2493 5460 4024 5528">
     <span class='ocr_line' id='line_1_122' title="bbox 2493 5460 4024 5528; baseline -0.006 -12"><span class='ocrx_word' id='word_1_881' title='bbox 2493 5476 2539 5515; x_wconf 86' lang='lat' dir='ltr'><strong>et</strong></span> <span class='ocrx_word' id='word_1_882' title='bbox 2576 5463 2791 5521; x_wconf 72' lang='lat' dir='ltr'><strong>eximia,</strong></span> <span class='ocrx_word' id='word_1_883' title='bbox 2827 5462 3038 5528; x_wconf 86' lang='lat' dir='ltr'><strong>dignum</strong></span> <span class='ocrx_word' id='word_1_884' title='bbox 3081 5471 3154 5513; x_wconf 83' lang='lat' dir='ltr'><strong>est</strong></span> <span class='ocrx_word' id='word_1_885' title='bbox 3188 5470 3241 5512; x_wconf 87' lang='lat' dir='ltr'><strong>ut</strong></span> <span class='ocrx_word' id='word_1_886' title='bbox 3270 5467 3331 5512; x_wconf 89' lang='lat' dir='ltr'><strong>ab</strong></span> <span class='ocrx_word' id='word_1_887' title='bbox 3355 5477 3412 5513; x_wconf 86' lang='lat' dir='ltr'><strong>ea</strong></span> <span class='ocrx_word' id='word_1_888' title='bbox 3447 5460 3692 5522; x_wconf 79' lang='lat' dir='ltr'><strong>deposcas</strong></span> <span class='ocrx_word' id='word_1_889' title='bbox 3717 5461 3808 5512; x_wconf 85' lang='lat' dir='ltr'><strong>tibi</strong></span> <span class='ocrx_word' id='word_1_890' title='bbox 3841 5463 4024 5523; x_wconf 79' lang='lat' dir='ltr'><strong>impar-</strong></span> 
     </span>
    </p>
   </div>
   <div class='ocr_carea' id='block_1_120' title="bbox 2494 5528 4017 5596">
    <p class='ocr_par' dir='ltr' id='par_1_120' title="bbox 2494 5528 4017 5596">
     <span class='ocr_line' id='line_1_123' title="bbox 2494 5528 4017 5596; baseline -0.005 -13"><span class='ocrx_word' id='word_1_891' title='bbox 2494 5535 2582 5585; x_wconf 85' lang='lat' dir='ltr'><strong>tiri</strong></span> <span class='ocrx_word' id='word_1_892' title='bbox 2618 5530 2770 5584; x_wconf 76' lang='lat' dir='ltr'><strong>veluti</strong></span> <span class='ocrx_word' id='word_1_893' title='bbox 2803 5531 3218 5596; x_wconf 83' lang='lat' dir='ltr'><strong>redemptionem.</strong></span> <span class='ocrx_word' id='word_1_894' title='bbox 3255 5530 3357 5583; x_wconf 87' lang='lat' dir='ltr'><strong>Sed</strong></span> <span class='ocrx_word' id='word_1_895' title='bbox 3393 5528 3573 5580; x_wconf 86' lang='lat' dir='ltr'><strong>Basilii</strong></span> <span class='ocrx_word' id='word_1_896' title='bbox 3609 5530 3770 5582; x_wconf 85' lang='lat' dir='ltr'><strong>verba</strong></span> <span class='ocrx_word' id='word_1_897' title='bbox 3800 5530 3868 5583; x_wconf 83' lang='lat' dir='ltr'><strong>de</strong></span> <span class='ocrx_word' id='word_1_898' title='bbox 3911 5542 4017 5594; x_wconf 42' lang='lat' dir='ltr'><strong>per.</strong></span> 
     </span>
    </p>
   </div>
   <div class='ocr_carea' id='block_1_121' title="bbox 2491 5597 4021 5666">
    <p class='ocr_par' dir='ltr' id='par_1_121' title="bbox 2491 5597 4021 5666">
     <span class='ocr_line' id='line_1_124' title="bbox 2491 5597 4021 5666; baseline -0.005 -13"><span class='ocrx_word' id='word_1_899' title='bbox 2491 5602 2636 5654; x_wconf 89' lang='lat' dir='ltr'><strong>sonis</strong></span> <span class='ocrx_word' id='word_1_900' title='bbox 2660 5616 2761 5653; x_wconf 91' lang='lat' dir='ltr'><strong>non</strong></span> <span class='ocrx_word' id='word_1_901' title='bbox 2795 5599 2859 5652; x_wconf 87' lang='lat' dir='ltr'><strong>de</strong></span> <span class='ocrx_word' id='word_1_902' title='bbox 2892 5601 3048 5652; x_wconf 90' lang='lat' dir='ltr'><strong>rebus</strong></span> <span class='ocrx_word' id='word_1_903' title='bbox 3079 5599 3410 5664; x_wconf 83' lang='lat' dir='ltr'><strong>intelligenda</strong></span> <span class='ocrx_word' id='word_1_904' title='bbox 3441 5612 3559 5651; x_wconf 82' lang='lat' dir='ltr'><strong>esse</strong></span> <span class='ocrx_word' id='word_1_905' title='bbox 3593 5609 3740 5666; x_wconf 88' lang='lat' dir='ltr'><strong>puto.</strong></span> <span class='ocrx_word' id='word_1_906' title='bbox 3796 5598 3905 5651; x_wconf 84' lang='lat' dir='ltr'><strong>Hoc</strong></span> <span class='ocrx_word' id='word_1_907' title='bbox 3934 5597 4021 5664; x_wconf 86' lang='lat' dir='ltr'><strong>igi-</strong></span> 
     </span>
    </p>
   </div>
   <div class='ocr_carea' id='block_1_122' title="bbox 2496 5666 4024 5736">
    <p class='ocr_par' dir='ltr' id='par_1_122' title="bbox 2496 5666 4024 5736">
     <span class='ocr_line' id='line_1_125' title="bbox 2496 5666 4024 5736; baseline -0.003 -14"><span class='ocrx_word' id='word_1_908' title='bbox 2496 5681 2579 5724; x_wconf 86' lang='lat' dir='ltr'><strong>tur</strong></span> <span class='ocrx_word' id='word_1_909' title='bbox 2646 5671 2796 5732; x_wconf 89' lang='lat' dir='ltr'><strong>dicit,</strong></span> <span class='ocrx_word' id='word_1_910' title='bbox 2855 5685 3024 5736; x_wconf 89' lang='lat' dir='ltr'><strong>neque</strong></span> <span class='ocrx_word' id='word_1_911' title='bbox 3069 5683 3096 5719; x_wconf 91' lang='lat' dir='ltr'><strong>a</strong></span> <span class='ocrx_word' id='word_1_912' title='bbox 3170 5671 3346 5729; x_wconf 86' lang='lat' dir='ltr'><strong>rebus,</strong></span> <span class='ocrx_word' id='word_1_913' title='bbox 3396 5682 3564 5734; x_wconf 86' lang='lat' dir='ltr'><strong>neque</strong></span> <span class='ocrx_word' id='word_1_914' title='bbox 3612 5668 3680 5720; x_wconf 83' lang='lat' dir='ltr'><strong>ab</strong></span> <span class='ocrx_word' id='word_1_915' title='bbox 3732 5666 4024 5720; x_wconf 87' lang='lat' dir='ltr'><strong>hominibus</strong></span> 
     </span>
    </p>
   </div>
   <div class='ocr_carea' id='block_1_123' title="bbox 2493 5736 4028 5806">
    <p class='ocr_par' dir='ltr' id='par_1_123' title="bbox 2493 5736 4028 5806">
     <span class='ocr_line' id='line_1_126' title="bbox 2493 5736 4028 5806; baseline -0.002 -15"><span class='ocrx_word' id='word_1_916' title='bbox 2493 5740 2787 5806; x_wconf 84' lang='lat' dir='ltr'><strong>quamlibet</strong></span> <span class='ocrx_word' id='word_1_917' title='bbox 2851 5740 3010 5793; x_wconf 87' lang='lat' dir='ltr'><strong>claris</strong></span> <span class='ocrx_word' id='word_1_918' title='bbox 3068 5737 3227 5790; x_wconf 88' lang='lat' dir='ltr'><strong>ullum</strong></span> <span class='ocrx_word' id='word_1_919' title='bbox 3298 5737 3551 5789; x_wconf 78' lang='lat' dir='ltr'><strong>auxilium</strong></span> <span class='ocrx_word' id='word_1_920' title='bbox 3613 5736 4028 5803; x_wconf 77' lang='lat' dir='ltr'><strong>exspectandum</strong></span> 
     </span>
    </p>
   </div>
   <div class='ocr_carea' id='block_1_124' title="bbox 2495 5806 3860 5874">
    <p class='ocr_par' dir='ltr' id='par_1_124' title="bbox 2495 5806 3860 5874">
     <span class='ocr_line' id='line_1_127' title="bbox 2495 5806 3860 5874; baseline 0 -11"><span class='ocrx_word' id='word_1_921' title='bbox 2495 5824 2630 5863; x_wconf 79' lang='lat' dir='ltr'><strong>esse.</strong></span> <span class='ocrx_word' id='word_1_922' title='bbox 2653 5806 2780 5861; x_wconf 80' lang='lat' dir='ltr'><strong>Nam</strong></span> <span class='ocrx_word' id='word_1_923' title='bbox 2817 5809 2992 5862; x_wconf 86' lang='lat' dir='ltr'><strong>omnia</strong></span> <span class='ocrx_word' id='word_1_924' title='bbox 3025 5808 3274 5872; x_wconf 79' lang='lat' dir='ltr'><strong>excludit,</strong></span> <span class='ocrx_word' id='word_1_925' title='bbox 3311 5815 3362 5862; x_wconf 89' lang='lat' dir='ltr'><strong>et</strong></span> <span class='ocrx_word' id='word_1_926' title='bbox 3397 5823 3478 5862; x_wconf 88' lang='lat' dir='ltr'><strong>res</strong></span> <span class='ocrx_word' id='word_1_927' title='bbox 3504 5815 3553 5861; x_wconf 90' lang='lat' dir='ltr'><strong>et</strong></span> <span class='ocrx_word' id='word_1_928' title='bbox 3585 5821 3860 5874; x_wconf 82' lang='lat' dir='ltr'><strong>peisunas.</strong></span> 
     </span>
    </p>
   </div>
  </div>
