4230 6500
259 469 362 520 469

260 579 436 648 χεᾶεις
469 577 577 648 (69.)
605 595 617 641 ;

259 669 573 732 διαδέξεται.
623 665 885 736 Ἀτιμάζῃ
941 666 1026 719 διὰ
1071 667 1129 719 τὸ
1177 665 1344 734 ὄνομα
1394 665 1487 718 τοῦ
1543 668 1810 737 Χριστοῦ;

259 761 540 830 Μακάριος
568 757 637 822 εἷ,
678 760 759 810 ὅτι
791 775 883 810 σου
917 758 1024 830 (65)
1057 757 1337 830 ήαίσχύνη
1375 761 1454 821 είς
1483 759 1708 826 ἀγγέλου
1731 760 1814 812 δό-

260 851 354 915 ξαν
391 851 870 922 μεταϐληθήσεται.
904 853 1182 920 Πείσωμεν
1204 850 1426 914 ἑαυτοὺς
1444 889 1458 911 ,
1490 850 1730 918 ἀδελφοὶ,
1757 853 1814 904 ὲν

259 945 430 1013 καιρῷ
454 943 776 1012 πειρασμοῦ,
811 945 883 1014 μὴ
915 945 1046 1014 πρὸς
1069 943 1407 1013 ἀνθρωπίνας
1438 941 1653 1004 ἐλπίδας
1681 946 1814 996 ἁπο-

257 1037 486 1105 τρέχειν,
523 1035 654 1103 μηδὲ
684 1036 887 1089 ἐκεῖθεν
911 1037 1118 1097 ἑαυτοῖς
1139 1035 1236 1099 τὰς
1257 1035 1505 1105 βοηθείας
1527 1033 1807 1105 θηρᾶσθαι,

255 1125 371 1178 ἀλλ’
400 1125 456 1176 ὲν
485 1124 710 1196 δάκρυσι
741 1129 831 1179 καὶ
864 1129 1201 1195 στεναγμοῖς,
1237 1125 1329 1177 καὶ
1348 1124 1614 1196 φιλοπόνῳ
1648 1142 1806 1196 προσ-

255 1219 388 1287 ευχῇ
413 1257 427 1278 ,
464 1219 555 1270 καὶ
582 1219 856 1290 ἀγρυπνία
915 1217 1113 1288 εὐτόνῳ
1153 1218 1250 1279 τὰς
1283 1218 1495 1286 δεήσεις
1522 1218 1807 1270 ποιεῖσθαι.

251 1300 421 1370 Οὗτος
447 1309 552 1379 γὰρ
576 1311 834 1380 λαμϐάνει
860 1308 1106 1377 βοήθειαν
1141 1309 1204 1360 ἐκ
1225 1307 1450 1378 θλίψεως
1471 1352 1485 1373 ,
1527 1312 1554 1360 ὁ
1587 1309 1682 1376 τῆς
1714 1308 1806 1358 ἁν-

252 1397 527 1470 ορωπῐνης
552 1401 800 1472 βοηθείας
839 1399 913 1462 ὡς
945 1398 1174 1467 ματαίας
1199 1401 1544 1471 καταφρονῶν
1566 1438 1579 1458 ,
1620 1400 1711 1450 κα)⁸
1744 1400 1805 1467 τῇ

248 1487 343 1538 ὲπὶ
371 1487 460 1540 τὸν
491 1489 680 1554 σώζειν
710 1489 1003 1557 δυνάμενον
1033 1493 1175 1561 ἡμᾶς
1198 1493 1368 1544 ἐλπίδι
1402 1489 1803 1559 στηριζόμενος,

247 1577 306 1628 ὲν
327 1579 543 1650 Χριστῷ
581 1580 752 1650 Ἰησοῦ
778 1579 853 1649 τῷ
891 1582 1281 1653 Κυρίῳήμῶν,
1453 1581 1575 1644 δόξα
1618 1582 1709 1633 καὶ
1747 1579 1805 1632 τὸ

247 1671 448 1740 κράτος
473 1673 550 1733 είς
582 1673 706 1734 τοὺς
728 1672 924 1736 αἰῶνας
947 1675 1052 1726 τῶν
1073 1674 1300 1727 αἰώνων.
1346 1673 1534 1742 Ἀμήν.

1426 462 1703 516 IIOMILIA
1744 461 1811 515 IN
1852 461 2176 518 PSALMUM
2215 462 2346 516 LXI.

655 575 944 644 εὐφραίνου
969 617 981 635 ,
1017 576 1095 627 ὅτι
1128 573 1374 644 Λαζάρου
1423 592 1481 626 σε
1532 575 1600 627 τὰ
1643 575 1820 644 ἀγαθά
1851 581 1891 632 Α
1925 579 2046 644 quia
2083 579 2271 632 Lazari
2298 581 2325 633 h

1788 575 1820 628 ἐι
1851 581 1891 632 Α
1925 579 2046 644 quia
2083 579 2271 632 Lazari
2298 581 2436 634 bona
2472 586 2520 634 :e
2547 580 2818 649 excipient
2838 582 2902 633 υ.
2953 579 3242 648 Ignominia
3284 581 3458 637 allice-

3356 467 3458 521 470

1925 672 1996 724 ris
2034 682 2252 741 propter
2273 671 2474 726 Christi
2507 671 2734 727 nomen?
2773 671 2969 726 Beatus
3015 686 3107 734 es,
3137 675 3262 739 quia
3311 687 3460 730 tuum

1919 763 2152 818 dedecus
2180 764 2232 815 in
2269 763 2444 833 angeli
2466 763 2686 832 gloriam
2717 773 2979 818 vertetur.
3020 762 3203 827 Nobis,
3244 766 3458 831 fratres,

1919 857 2235 911 tentationis
2263 865 2502 925 tempore
2532 855 2968 923 persuadeamus,
2998 866 3056 909 ut
3083 871 3148 910 ne
3179 857 3244 910 ad
3267 857 3454 912 Imma-

1920 961 2014 999 uas
2048 964 2170 1015 spes
2210 946 2598 1014 coniugiamus,
2633 960 2732 1000 nec
2764 947 2917 1016 193
2948 948 3068 1001 inde
3107 949 3259 1003 nobis
3313 962 3459 1016 qum-

1920 1048 2100 1088 ramus
2132 1035 2328 1090 auxilia
2363 1049 2377 1086 :
2410 1038 2498 1089 sed
2529 1036 2580 1090 in
2614 1034 2866 1104 lacrymis
2899 1046 2951 1090 et
2991 1038 3260 1106 suspiriis,
3287 1050 3343 1092 et
3373 1053 3460 1092 se-

1914 1125 2036 1178 dula
2082 1127 2473 1191 obsecratione,
2501 1139 2556 1183 et
2598 1129 2817 1182 intentis
2873 1129 3066 1197 vigiliis
3112 1145 3294 1198 preces
3334 1145 3458 1200 per-

1914 1232 2157 1286 agamus.
2185 1218 2279 1272 llic
2301 1219 2444 1273 enim
2470 1232 2499 1270 e
2527 1220 2871 1274 tribulatione
2899 1220 3200 1288 prtesidium
3243 1222 3456 1289 accipit,

1911 1311 1999 1378 qui
2041 1325 2196 1378 opem
2233 1311 2519 1365 lmmanam
2563 1322 2620 1364 ut
2649 1329 2841 1368 vanam
2890 1325 3230 1380 aspernatur,
3267 1328 3331 1366 ac
3362 1327 3458 1380 spe

1915 1403 2103 1456 nititur
2133 1402 2293 1465 illius,
2326 1406 2413 1470 qui
2460 1419 2558 1459 nos
2588 1405 2761 1460 salvos
2785 1408 2962 1461 facere
2988 1413 3183 1474 potest,
3215 1406 3266 1458 in
3297 1403 3455 1458 Chri-

1909 1503 1994 1545 sm
2023 1493 2145 1548 Jcsu
2183 1492 2406 1548 Domino
2435 1506 2640 1560 nostro,
2682 1498 2765 1548 cui
2797 1498 2963 1565 gloria
2999 1504 3053 1550 et
3090 1495 3369 1564 imperium
3400 1494 3452 1548 in

1909 1585 2104 1638 smcula
2127 1583 2464 1639 saeculorum.
2496 1587 2682 1641 Amen.

891 1788 3418 1813 ___________________________________________

649 1846 754 1897 ΕΙΣ
789 1847 922 1898 ΤΟΝ
950 1843 1046 1896 ΞΛ¹
1083 1845 1397 1898 ΨΑΛΜΟΝ.

281 1935 385 1996 Εἰς
413 1933 476 1985 τὸ
502 1936 675 1998 τέλος
701 1934 850 1999 ὑπὲρ
893 1933 1164 2002 Ἰδιθοὺμ,
1200 1933 1436 2004 ψαλμός
1461 1934 1540 1998 τῷ
1574 1933 1767 1987 Δαϐίδ.

317 2024 367 2076 1.
404 2023 512 2092 (64)
565 2023 666 2074 Δύο
720 2023 962 2094 ψαλμοὺς
1017 2023 1256 2094 ἔγνωμεν
1317 2024 1494 2090 Ὑπὲρ
1550 2025 1803 2094 Ἰδιθοὺμ

238 2115 461 2183 ἔχοντας
501 2115 599 2186 τὴν
645 2117 985 2186 ἐπιγραφήν·
1026 2117 1113 2168 τόν
1157 2133 1213 2167 τε
1264 2115 1578 2185 τριακοστὸν
1625 2116 1801 2181 ὄγδοον

239 2209 336 2259 καὶ
368 2208 458 2262 τὸν
491 2210 547 2260 ὲν
595 2210 770 2279 χερσί.
816 2210 922 2259 Καὶ
971 2207 1289 2274 λογιζόμεθα
1338 2206 1432 2274 μὲν
1481 2205 1640 2256 Δαϐὶδ
1693 2207 1799 2274 (65)

238 2296 379 2353 εἶναι
406 2302 502 2371 τὴν
530 2300 774 2362 σύνταξιν
798 2300 894 2367 τῆς
927 2297 1330 2367 πραγματείας·
1365 2297 1441 2366 τῷ
1468 2300 1648 2368 μέντοι
1690 2299 1800 2351 Ίδι-

236 2391 380 2459 Θοὺμ
421 2391 658 2442 δεδόσθαι
704 2392 782 2450 είς
840 2387 1100 2455 ὠφέλειαν
1147 2389 1344 2453 αὑτοῦ,
1386 2392 1475 2442 ἐπὶ
1522 2390 1799 2460 διορθώσει

233 2481 346 2533 τῶν
386 2483 443 2532 ὲν
481 2483 547 2550 τῇ
587 2481 730 2550 ψυχῇ
779 2479 1148 2549 παθημάτων,
1189 2484 1279 2532 καὶ
1310 2485 1386 2543 είς
1414 2482 1672 2550 μελῳδίαν
1703 2483 1798 2550 τὴν

233 2574 329 2624 ἐπὶ
363 2571 455 2624 τοῦ
485 2572 642 2625 λαοῦ·
701 2573 765 2625 δι’
791 2567 858 2643 ἦς
884 2573 977 2623 καὶ
1017 2575 1045 2623 ὁ
1093 2572 1222 2631 Θεὸς
1267 2572 1539 2636 ἐδοξάζετο
1564 2612 1576 2632 ,
1613 2572 1704 2623 καὶ
1750 2576 1796 2625 οἱ

231 2666 524 2729 ἀκούοντες
562 2667 660 2734 τῆς
701 2665 966 2734 ἁρμονίας
1001 2663 1403 2733 ὲπανωρθοῦντο
1436 2663 1504 2715 τά
1537 2663 1658 2734 ἤθη.
1695 2660 1798 2716 Ἶιν

229 2758 341 2826 γὰρ
365 2759 457 2809 καὶ
497 2761 524 2810 ὁ
571 2757 796 2823 Ἰδιθοὺμ
845 2755 1159 2825 ἱεροψάλτης
1181 2797 1193 2818 ,
1223 2757 1295 2819 ὡς
1324 2759 1733 2827 μαρτυρείήμῖν
1765 2759 1794 2828 ἡ

232 2847 446 2916 ἱστορία
467 2848 572 2898 τῶν
596 2848 1101 2919 Παραλειπομένων,
1133 2845 1358 2911 λέγουσα
1375 2862 1386 2873 ·
1419 2847 1521 2899 Καὶ
1540 2847 1665 2912 μετ’
1695 2849 1797 2899 αὺ-

228 2936 352 2990 τῶν
388 2937 498 3004 (66)
547 2938 737 3004 Αἱμὰν
780 2938 875 2989 καὶ
923 2935 1199 3002 Ἰδιθοὺμ,
1241 2935 1568 3002 σάλπιγγές
1602 2952 1662 2986 τε
1700 2937 1793 2988 καὶ

228 3031 502 3098 κύμϐαλα
545 3027 650 3080 τοῦ
688 3026 1052 3095 ἀναφωνεῖν,
1101 3026 1197 3077 καὶ
1229 3025 1447 3092 ὄργανα
1490 3025 1603 3077 τῶν
1633 3025 1798 3089 ᾠδῶν

227 3119 337 3171 τοῦ
400 3117 566 3172 Θεοῦ.
640 3118 748 3170 Καὶ⁹
808 3118 924 3187 μετ’
974 3116 1126 3183 ὀλίγα
1185 3115 1350 3186 φησί·
1409 3115 1516 3167 Καὶ
1574 3117 1796 3181 ἔστησε

227 3210 409 3263 Δαϐίδ
440 3214 472 3262 ὁ
496 3210 792 3274 ,βασιλεὺς
825 3208 920 3260 καὶ
952 3210 1005 3260 οἱ
1033 3208 1316 3276 ἄρχοντες
1351 3205 1460 3273 τῆς
1493 3206 1796 3275 δυνάμεως

225 3304 315 3365 εἰς
344 3300 415 3352 τὰ
439 3300 578 3368 ἔργα
605 3302 742 3363 τοὺς
767 3301 931 3364 υἱοὺς
967 3301 1166 3366 Ἀσάφ,
1202 3301 1294 3351 καὶ
1327 3303 1514 3368 Αίμὰν
1543 3301 1670 3369 (67),
1697 3300 1794 3352 καὶ

240 3389 522 3458 Ἰδιθοὺμ,
554 3389 691 3454 τοὺς
711 3389 1263 3457 ἀποφθεγγομένους
1296 3391 1362 3440 ἐν
1388 3392 1670 3456 κινύραις,
1698 3391 1793 3442 καὶ

223 3484 297 3534 ἐν
319 3481 586 3546 νάϐλαις,
619 3481 716 3532 καὶ
746 3481 814 3532 ἐν
841 3479 1188 3548 τυμπάνοις.
1215 3479 1346 3550 Περὶ
1376 3481 1652 3548 ὑπομονῆς
1685 3483 1792 3532 τοί-

224 3592 320 3626 νυν
348 3573 602 3643 ἑκάτερος
630 3571 838 3642 ψαλμὺς
864 3574 960 3642 τὴν
986 3572 1237 3642 πλείστην
1263 3577 1494 3625 ποιεῖται
1515 3574 1623 3641 (68)
1653 3591 1792 3643 πραο

222 3663 529 3732 γματείαν,
562 3663 626 3714 δι’
659 3658 725 3733 ἧς
771 3661 1185 3714 καταστέλλεται
1238 3663 1334 3732 μὲν
1375 3664 1472 3732 τῆς
1512 3663 1688 3732 ψυχῆς
1732 3663 1792 3714 τὸ

223 3755 584 3824 θυμούμενον,
638 3755 1006 3823 ὑπερηφανίας
1065 3754 1118 3806 δὲ
1174 3756 1350 3826 πάσης
1400 3756 1785 3825 ὲξορισθείσης,

223 3844 585 3913 κατορθοῦται
615 3844 956 3905 ταπείνωσις.
1006 3846 1303 3913 Ἀμήχανον
1335 3845 1440 3914 γὰρ
1469 3846 1556 3897 τὸν
1587 3846 1660 3916 μὴ
1694 3863 1790 3897 κα-

221 3937 588 4006 ταδεξάμενον
614 3936 672 3988 τὸ
697 3937 829 4005 πρὸς
856 3938 1056 3999 πάντας
1079 3937 1295 3999 ὑποδεὲς
1317 3938 1408 3989 καὶ
1430 3939 1647 4006 ἔσχατον
1679 3939 1787 4006 (69)

220 4027 516 4096 δυνηθῆναί
551 4042 680 4077 ποτε
721 4026 752 4094 ἢ
799 4026 1198 4096 λοιδορούμενον
1225 4024 1394 4096 θυμοῦ
1430 4028 1719 4098 κρατῆσαι,
1755 4028 1785 4097 ἢ

221 4118 540 4187 θλιϐόμενον
572 4116 659 4168 διὰ
695 4117 1066 4185 μακροθυμίας
1117 4119 1490 4186 περιγενέσθαι
1534 4121 1638 4170 τῶν
1680 4137 1789 4171 πει-

225 4210 473 4280 ρασμῶν.
520 4210 574 4261 ’0
630 4210 735 4277 γὰρ
801 4210 896 4278 τὴν
946 4210 1117 4278 ἄκραν
1150 4210 1473 4261 ταπείνωσιν
1524 4212 1786 4282 κατορθώ-

223 4317 348 4361 σας,
378 4300 435 4351 ὲν
471 4299 564 4367 μὲν
599 4300 712 4360 ταῖς
745 4297 1024 4368 λοιδορίαις
1052 4298 1268 4350 πλείονα
1295 4300 1486 4351 ἑαυτοῦ
1525 4318 1789 4369 προκατα-

221 4391 388 4457 γνοὺς
425 4391 522 4459 τὴν
556 4390 844 4453 εὐτέλειαν,
872 4391 930 4441 οὑ
962 4390 1309 4460 κινηθήσεται
1335 4393 1430 4461 τὴν
1479 4393 1652 4461 ψυχὴν
1686 4392 1787 4444 ὑπὸ

2387 1842 2453 1896 IN
2487 1842 2808 1898 PSALMUM
2839 1843 2968 1898 LXI.

2103 1933 2166 1987 In
2198 1934 2353 2002 ﬁnem
2391 1952 2482 2001 pro
2511 1934 2767 1997 [dit/tum,
2795 1936 3026 2001 psalmus
3067 1935 3276 1989 Davidi.

1975 2026 2024 2078 l.
2060 2025 2298 2079 Psalmos
2326 2026 2460 2079 duos
2495 2026 2766 2092 novimus,
2797 2026 2993 2093 quibus
3037 2026 3316 2094 inscriptio
3346 2037 3429 2081 est

1908 2115 2012 2168 Pro
2042 2115 2296 2178 [dit/tum,
2344 2115 2671 2169 tricesimum
2715 2126 2960 2170 octavum
2990 2153 3005 2176 ,
3039 2125 3093 2168 et
3127 2115 3265 2170 hunc
3291 2131 3450 2185 quem

1903 2208 2161 2262 habemus
2199 2207 2251 2260 in
2282 2205 2548 2260 manibus.
2581 2207 2644 2259 Et
2677 2207 3000 2262 arbitramur
3034 2207 3322 2277 quidem—a
3348 2206 3450 2260 Da-

1903 2300 2020 2352 vide
2078 2297 2435 2366 compositum
2494 2313 2626 2366 opus
2654 2312 2794 2360 esse,
2844 2299 3022 2352 datum
3064 2313 3191 2352 vero
3219 2297 3450 2351 Idilltum

1902 2406 1998 2458 pro
2029 2390 2262 2444 utilitate
2295 2388 2482 2457 ipsius,
2518 2387 2582 2439 ad
2607 2389 2951 2457 corrigendos
2982 2390 3169 2443 animm
3211 2389 3450 2442 aﬂ'ectio-

1902 2499 2017 2545 nes,
2048 2491 2100 2534 et
2130 2483 2194 2534 ad
2229 2479 2658 2536 concinnandam
2686 2494 2867 2533 coram
2912 2481 3105 2548 populo
3138 2481 3446 2546 melodiam,

1900 2587 1993 2638 per
2025 2586 2182 2639 quam
2232 2583 2286 2624 et
2331 2573 2466 2624 Deus
2498 2570 2830 2624 adiciebatur
2855 2571 3046 2640 gloria,
3073 2585 3126 2624 et
3152 2587 3327 2625 mores
3355 2587 3448 2625 eo-

1900 2681 2014 2717 rmn
2046 2665 2134 2734 qui
2159 2664 2490 2716 harmoniam
2522 2663 2809 2716 audiebant
2845 2665 3285 2717 emendahantur.
3322 2664 3449 2717 Erat

1897 2757 2040 2809 enim
2081 2765 2132 2809 et
2168 2755 2396 2810 ldithum
2426 2756 2537 2824 ipse
2566 2769 2841 2809 sacrorum
2873 2755 3194 2822 psalmorum
3236 2767 3446 2820 cautor,

1897 2861 1951 2904 ut
1979 2851 2133 2902 nobis
2187 2858 2410 2901 testatur
2456 2847 2895 2914 Paralipomenon
2939 2847 3182 2911 historia,
3213 2848 3398 2900 dicens
3430 2864 3444 2900 :

1900 2945 1962 2995 Et
1990 2959 2106 2994 cum
2141 2942 2267 3010 ipsis
2315 2938 2511 2991 ίΕηιοη
2567 2948 2613 2989 et
2657 2938 2912 3002 [dit/tum,
2953 2950 2999 2991 et
3047 2939 3182 2992 tuba:
3222 2948 3269 2992 et
3305 2955 3448 3008 tym-

1897 3036 2013 3086 bula
2047 3037 2113 3085 ad
2165 3032 2534 3094 resonantium,
2566 3038 2616 3081 et
2656 3046 2852 3097 organa
2893 3034 3216 3083 canticorum
3255 3031 3346 3084 Dei
3375 3031 3441 3082 ³³.

1899 3125 1962 3178 Et
1999 3124 2157 3194 paulo
2202 3132 2322 3190 post
2352 3123 2470 3174 ait:
2515 3121 2711 3174 Statuit
2743 3120 2907 3172 David
2960 3136 3046 3172 rex
3085 3129 3131 3172 et
3187 3122 3444 3188 principes

1839 3217 1862 3236 ⁴
1895 3216 2149 3269 exercitus
2171 3216 2239 3266 ad
2269 3231 2422 3279 opera
2443 3213 2580 3281 ﬁlios
2610 3213 2784 3280 Amph
2802 3221 2846 3264 et
2880 3209 3077 3263 Eman
3116 3220 3162 3263 et
3191 3210 3441 3272 Idithum.

1895 3325 2049 3362 sonos
2074 3308 2278 3359 edentes
2320 3308 2372 3358 in
2401 3307 2640 3369 cit/raris,
2669 3307 2791 3357 etin
2824 3305 3017 3366 nablis,
3056 3312 3104 3355 et
3145 3305 3198 3355 in
3244 3315 3443 3372 tympa-

1895 3400 1974 3451 nis
2005 3399 2070 3451 “.
2102 3396 2287 3464 Itaque
2331 3395 2395 3448 de
2437 3394 2692 3464 patientia
2743 3394 2979 3460 psalmus
3023 3404 3247 3461 uterque
3282 3395 3445 3462 pluri-

1893 3508 2036 3544 mum
2072 3498 2289 3551 tractat,
2325 3504 2420 3557 per
2448 3501 2610 3555 quam
2637 3495 2692 3538 ut
2724 3487 2941 3538 sedatur
2997 3485 3160 3536 animi
3199 3486 3443 3552 indigna-

1895 3584 1999 3646 tio,
2059 3584 2129 3632 ita
2185 3581 2330 3634 omni
2403 3578 2653 3644 superbia
2711 3579 3108 3638 exterminata,
3166 3574 3444 3628 humilitas

1891 3673 2207 3740 acquiritur.
2238 3670 2377 3723 Fieri
2409 3669 2550 3722 enim
2577 3682 2683 3720 non
2718 3675 2908 3734 potest,
2935 3676 2992 3718 ut
3026 3667 3068 3719 is
3119 3665 3207 3734 qui
3259 3665 3442 3718 intimo

1892 3767 2185 3833 ultimoque
2216 3763 2332 3816 loco
2359 3775 2485 3830 erga
2519 3775 2706 3813 omnes
2753 3759 2934 3812 haberi
2969 3776 3070 3813 non
3115 3759 3244 3822 vult,
3280 3771 3443 3828 queat

1891 3873 2124 3928 unquam
2155 3866 2242 3908 aut
2278 3855 2402 3906 dum
2434 3852 2688 3906 conviciis
2711 3852 3005 3919 impetitur,
3041 3851 3129 3902 ira:
3154 3851 3439 3912 dominari,

1891 3949 2126 4002 autdum
2153 3945 2465 4006 alllictatur,
2513 3957 2606 4011 per
2641 3943 2952 4008 patientiam
2995 3940 3321 3993 tentationes
3354 3955 3444 3993 su-

1889 4054 2101 4107 perare.
2129 4036 2228 4100 Qui
2263 4035 2404 4087 enim
2441 4035 2507 4085 ad
2548 4044 2810 4082 summam
2864 4023 3218 4081 humilitatem
3256 4045 3440 4097 perve-

1888 4131 1984 4194 nit,
2021 4130 2064 4182 is
2095 4142 2215 4180 cum
2276 4126 2327 4176 in
2374 4122 2630 4176 conviciis
2676 4137 2824 4174 suam
2875 4121 3131 4172 vilitatem
3183 4121 3439 4189 majorem

1889 4225 2032 4290 prior
2077 4230 2361 4286 agnoscat,
2395 4215 2463 4269 oh
2518 4215 2681 4266 verba
2724 4214 3072 4281 ignominiosa
3103 4211 3283 4266 animo
3335 4227 3438 4265 non

1889 4311 2361 4366 Commovehitur:
2397 4307 2488 4359 sed
2529 4307 2572 4358 si
2616 4305 2910 4372 appelletur
2942 4320 3160 4374 pauper,
3199 4305 3347 4357 novit
3381 4320 3439 4357 se

1889 4403 2058 4469 ipsum
2087 4413 2374 4468 pauperem
2412 4411 2555 4457 esse,
2580 4405 2632 4448 et
2652 4395 2890 4447 omnium
2924 4396 3181 4463 indigum,
3225 4409 3286 4445 ac
3309 4409 3437 4460 quo-

219 4484 335 4536 τῶν
404 4484 657 4553 ῥημάτων
704 4483 797 4550 τῆς
834 4483 1081 4550 ἀτιμίαςο
1135 4483 1247 4536 ἀλλ’
1291 4484 1385 4535 ἐὰν
1436 4486 1534 4553 μὲν
1579 4486 1783 4554 ἀκούσῃ
1819 4516 1858 4568 D

1766 4503 1783 4554 η
1819 4516 1858 4568 ι)
1892 4495 2089 4544 tidiano
2124 4489 2328 4544 Domini
2359 4485 2628 4554 stipendio
2651 4500 2782 4552 Opus
2813 4485 3011 4538 habere
3040 4502 3053 4548 ;
3096 4485 3140 4538 si
3190 4500 3318 4537 vero
3342 4499 3436 4536 vo-

219 4575 416 4643 πένης,
451 4571 589 4625 οἶδεν
618 4574 805 4625 ἑαυτὸν
837 4575 1042 4643 πτωχὸν
1070 4577 1214 4640 ὄντα,
1243 4578 1335 4630 καὶ
1364 4579 1573 4630 πάντων
1609 4578 1781 4646 ἐνδεῆ,

219 4669 317 4721 καὶ
345 4667 441 4735 τῆς
470 4666 589 4718 καθ’
610 4666 820 4735 ἡμέραν
846 4667 992 4736 παρὰ
1017 4667 1106 4719 τοῦ
1139 4671 1339 4738 Κυρίου
1371 4673 1628 4740 χορηγίας
1664 4673 1782 4722 ὲπι-

215 4761 508 4829 δεόμενον·
543 4758 636 4810 ἐὰν
670 4758 725 4809 δὲ
762 4757 968 4828 ἀκούσῃ
1004 4759 1264 4831 δυσγενὴς
1304 4762 1395 4813 καὶ
1439 4762 1496 4825 ἐξ
1544 4763 1782 4830 ἀφανῶν,

295 4873 341 4904 ¹¹
357 4872 485 4926 an.
514 4887 624 4938 xw,
651 4871 740 4926 9.9..
816 4873 858 4903 ³³
899 4871 1111 4928 lParal.
1149 4890 1252 4937 va,
1284 4876 1371 4928 4‘2.

293 5037 403 5107 (ϐξ)
434 5035 526 5107 §ie
555 5037 719 5090 editio
746 5036 909 5091 Basil.
929 5051 1047 5088 cum
1079 5036 1311 5103 quinque
1341 5053 1466 5089 mss.
1504 5037 1568 5088 At
1594 5052 1770 5092 nostra

214 5105 388 5160 t-ditio
411 5105 600 5179 _Paris.
628 5107 976 5179 πτωχεύσεις.
1011 5120 1140 5179 nqu
1172 5107 1438 5179 itarecte.
1476 5107 1591 5159 Mox
1639 5111 1766 5179 litrg.

216 5174 492 5233 secundus
519 5189 638 5227 cum
671 5178 902 5229 editione
936 5176 1090 5228 Basil.
1120 5175 1467 5238 διαδέξονται.

295 5244 632 5314 (65)7Editi0
681 5245 838 5298 Basil.
899 5262 1017 5299 cum
1076 5257 1300 5311 quatuor
1350 5264 1472 5296 mss.
1518 5246 1598 5298 ὃτι
1657 5265 1773 5300 σου.

215 5313 399 5372 Editio
428 5313 600 5365 Paris.
633 5329 752 5366 cum
805 5332 930 5367 mss.
967 5330 1068 5383 non
1102 5317 1284 5383 paucis
1307 5315 1388 5367 ὅτι
1446 5332 1546 5368 σοι.
1581 5320 1773 5371 Statim

215 5388 376 5442 (Jolb.
409 5383 610 5454 primus
641 5384 918 5454 Πείσωμεν
945 5380 1056 5437 οὖν.

295 5452 423 5526 κϐὀ)
468 5452 1016 5526 luitium_BaSilian.:e
1084 5454 1471 5526 explanationis
1524 5456 1773 5508 tribuitur

217 5522 510 5581 Theodoro
569 5522 619 5574 in
692 5522 888 5577 Catena
960 5523 1300 5577 Corderiana.
1369 5525 1496 5576 lllud
1561 5542 1774 5592 qnotpte

217 5600 583 5663 fragmentum
618 5596 756 5658 quod
781 5593 1017 5663 proxime
1043 5595 1090 5644 in
1115 5608 1175 5645 ea
1203 5593 1462 5663 Anonymi
1499 5595 1771 5659 cujusdam

219 5661 440 5718 umnam:
474 5661 672 5714 editum
709 5674 809 5726 est,
838 5662 901 5714 ad
954 5673 1192 5716 nostrum
1240 5662 1489 5716 Basiliam
1529 5665 1776 5718 similiter

220 5738 475 5802 pertinet.

297 5804 407 5870 (65)
437 5803 523 5858 Sic
559 5817 686 5856 mss.
719 5811 768 5856 ct
796 5801 955 5856 editio
993 5801 1148 5853 Basil.
1193 5803 1258 5853 At.
1287 5801 1450 5856 editio
1482 5801 1650 5856 l’aris.
1685 5803 1773 5854 τοῦ

222 5875 404 5926 Δσίὶἷδ.

1450 4879 1490 4906 ’⁵
1525 4876 1538 4928 Ι
1571 4877 1743 4929 Parnl.
1781 4893 1902 4944 xxv,
1937 4879 1984 4929 Ι.

1893 4593 2042 4635 cetnr
2071 4579 2318 4649 ignobilis
2344 4588 2398 4631 et
2427 4579 2713 4638 obscurus,
2747 4576 2894 4642 prius
2917 4575 3016 4627 sibi
3061 4576 3110 4626 in
3149 4589 3248 4628 suo
3279 4575 3437 4626 corde

1892 4671 2139 4725 conscius
2177 4680 2282 4729 est,
2333 4675 2671 4735 procreatum
2710 4679 2828 4718 esse
2856 4679 2912 4716 se
2945 4679 3008 4717 ex
3043 4664 3168 4717 luto.
3200 4664 3438 4732 Quapro-

1895 4771 2009 4831 ptt-r
2037 4761 2141 4813 illic
2170 4759 2380 4827 quidem
2410 4757 2506 4819 ait,
2539 4755 2661 4808 Dixi
2686 4772 2703 4808 :
2733 4753 3031 4807 Custodiam
3063 4755 3166 4807 vias
3200 4770 3338 4806 mea:
3367 4753 3433 4816 ",

2058 4876 2102 4908 “
2122 4872 2262 4928 Psal.
2288 4885 2513 4934 xxxvm,
2543 4867 2598 4920 2.

1952 5036 2061 5103 (66)
2088 5035 2235 5088 Colh.
2264 5044 2486 5102 quartus
2509 5033 2602 5085 καὶ
2629 5033 2742 5103 μετ’
2765 5029 2951 5090 αὑτοῦ,
2972 5043 3065 5080 nec
3095 5027 3246 5078 aliter
3274 5025 3432 5103 LXX,

1879 5106 1893 5158 Ι
1935 5099 2170 5172 l’aralip.
2210 5099 2316 5168 xvi,
2354 5103 2443 5156 41.
2496 5105 2562 5155 Al
2607 5099 2734 5154 editi
2765 5116 2885 5153 cum
2921 5110 3150 5167 quatuor
3177 5113 3304 5149 mss.
3344 5099 3434 5148 καὶ

1878 5177 1992 5244 μετ’
2014 5174 2215 5229 αὐτῶν.

1954 5245 2064 5313 (67)
2097 5246 2147 5297 lu
2202 5244 2411 5318 Anglic.
2474 5241 2640 5318 Λίθάν
2680 5240 2917 5318 legitur”
2938 5252 3031 5318 pro
3075 5236 3264 5318 Αίμάνε
3331 5237 3432 5287 Sed

1883 5307 2143 5382 vulgatam
2212 5307 2488 5366 lectionem
2553 5311 2728 5382 Αίμάν
2763 5307 3032 5382 exhibent
3080 5315 3134 5358 et
3184 5307 3318 5359 Uliv.
3381 5319 3430 5382 et

1883 5376 2048 5435 nostri
2094 5399 2221 5438 mss.
2251 5400 2351 5436 una
2405 5397 2525 5436 cmn
2565 5376 2728 5434 LXX.
2761 5379 2875 5431 Mox
2919 5376 3065 5430 Coll).
3118 5387 3342 5442 quartus
3377 5379 3432 5427 ὲν

1881 5452 2092 5524 κινύρᾳ.

1951 5520 2059 5590 (68)
2087 5523 2158 5573 lla
2197 5538 2288 5575 sex
2318 5536 2444 5574 mss.
2470 5521 2532 5573 At
2562 5520 2687 5590 editi
2710 5521 2875 5590 ποιεῖ.

1951 5581 2064 5659 (69)
2101 5592 2229 5660 Heg.
2263 5593 2527 5660 secundus
2556 5588 2764 5660 ὲπιδεὲς
2793 5589 2881 5638 καὶ
2910 5587 3154 5656 ἔσχατον.
3195 5581 3309 5660 Nec
3355 5583 3431 5660 ita

1882 5652 2055 5712 multo,
2082 5652 2205 5729 post
2229 5661 2392 5712 editio
2441 5659 2604 5712 Basil.
2643 5674 2760 5711 cum
2787 5652 3010 5729 duobus
3071 5669 3201 5729 mss.
3254 5652 3435 5729 πλεῖον

1880 5723 2096 5784 ἑαυτοῦῖ
2132 5732 2301 5785 Editio
2335 5729 2501 5783 Paris.
2539 5744 2655 5783 cmn
2692 5727 2869 5782 multis
2905 5742 3030 5780 mss.
3061 5723 3275 5776 πλείονα
3314 5723 3428 5774 ἐαυ-

1881 5817 1991 5853 του.
