4230 6492
787 432 886 487 471

2110 425 2166 478 8.
2209 424 2451 478 nistrat
2490 421 2699 474 unm
3906 416 4004 469 r72

790 547 1198 622 peccatorisqtte
1229 543 1655 612 coniurationem
1697 548 1904 602 narrat,
1965 549 2019 593 et
2073 541 2341 610 propriam
2376 551 2416 603 Λ
2449 556 2460 589 τ

2331 558 2341 590 ι
2376 551 2416 603 Λ
2449 533 2879 606 προειλημμένον
2910 532 3018 602 ἔχει
3049 534 3104 584 ἐν
3133 535 3196 602 τῇ
3227 530 3414 584 ἑαυτοῦ
3451 529 3643 601 καρδίᾳ
3667 531 3727 582 τὸ
3750 533 3813 583 ἐκ
3841 530 4001 600 πηλοῦ

789 641 1127 710 patientiam.
1161 637 1291 692 Cum
1320 638 1493 699 enim,
1529 634 1721 704 inquit,
1773 635 2074 687 consisteret
2105 646 2344 700 peccator

793 732 1064 783 adversum
1103 744 1206 789 me,
1247 727 1480 779 obmutui
1519 735 1565 779 et
1608 725 1914 777 humiliatus
1958 740 2093 787 sum,
2137 731 2185 776 et
2221 724 2345 777 silui

792 840 823 873 α
870 822 1015 874 bonis
1055 820 1118 872 ".
1171 819 1358 872 Postea
1421 818 1765 887 progrediens
1822 818 1934 870 ait:
1984 813 2346 868 Verumtamen

795 911 969 962 omnia
1008 908 1229 971 vanitas,
1271 909 1439 961 omnis
1460 908 1611 960 homo
1653 907 1820 961 tinens
1860 908 1940 970 '7;
1969 904 2179 967 deinde,
2219 905 2348 958 Tlte-

793 1000 1052 1064 anurizat,
1090 1008 1138 1053 et
1169 1000 1370 1069 ignorat
1407 999 1490 1052 cui
1518 1000 1846 1068 congregabit
1870 1014 1929 1050 ea
1952 996 2018 1049 ³⁸.
2044 998 2114 1048 At
2140 996 2188 1050 irt
2216 1013 2346 1066 prte-

795 1092 939 1147 senti
965 1093 1172 1161 psalmo
1206 1091 1517 1146 dubitanter
1559 1095 1789 1157 orditur,
1822 1091 1966 1144 velut
2001 1089 2064 1143 ad
2114 1091 2346 1144 animam

797 1199 951 1238 suam
1001 1184 1244 1252 loquens,
1303 1191 1558 1252 tanquam
1590 1185 1633 1238 si
1678 1183 1859 1236 isthazc
1887 1196 1950 1235 ex
1987 1181 2136 1248 prius
2191 1179 2347 1235 diotis

799 1282 1276 1342 consequerentur.
1295 1273 1503 1328 Etenim
1528 1289 1592 1328 ne
1608 1273 1784 1327 anima
1814 1272 1990 1327 sensui
2019 1273 2199 1327 carnis
2228 1270 2351 1323 sub-

801 1365 932 1426 dita,
966 1363 1032 1416 ad
1061 1363 1168 1418 iras
1199 1373 1252 1418 et
1285 1365 1534 1419 tristitias
1560 1374 1877 1434 provocetur
1909 1382 1922 1417 :
1978 1365 2106 1428 Cur,
2157 1362 2347 1432 inquit,

800 1455 1137 1509 aﬂ'ectionum
1193 1457 1454 1510 malarum
1507 1472 1716 1512 servam
1755 1456 1892 1511 facio
1928 1459 2159 1511 animam
2188 1493 2203 1516 ,
2264 1455 2348 1508 cui

803 1547 1044 1613 corporis
1103 1547 1556 1617 all‘ectionumque
1605 1550 1719 1616 ejus
1754 1549 1912 1620 194
1959 1546 2290 1617 principatus
2322 1561 2351 1596 a

805 1639 936 1703 Deo,
966 1639 1056 1707 qui
1090 1653 1206 1693 eam
1255 1640 1519 1703 condidit,
1568 1643 1913 1697 concreditus
1960 1639 2082 1693 est?
2132 1639 2353 1707 Oportet

805 1729 984 1797 itaque
1017 1731 1283 1800 imperare
1322 1731 1622 1796 aﬂ'ectibus,
1667 1741 1721 1788 et
1778 1733 1982 1786 servire
2037 1731 2164 1786 Deo.
2213 1729 2354 1784 Fieri

803 1820 945 1874 enim
987 1836 1091 1875 non
1122 1833 1317 1890 potest,
1353 1835 1410 1875 ut
1438 1823 1552 1892 ipsa
1594 1836 1647 1878 et
1681 1840 1709 1877 a
1735 1832 1953 1891 peccato
1989 1832 2041 1876 et
2070 1837 2101 1877 a
2133 1822 2240 1877 Deo
2269 1838 2352 1875 re-

805 1922 999 1980 gatur:
1040 1914 1131 1967 sed
1185 1921 1242 1965 ut
1275 1914 1491 1969 malitia:
1536 1923 1745 1982 oportet
1795 1928 1911 1968 eam
1960 1915 2245 1976 dominari,
2285 1913 2354 1964 ita

808 2005 1032 2058 Domino
1085 2004 1459 2060 universorum
1505 2007 1801 2073 subjectam
1848 2020 1986 2060 esse.
2022 2006 2196 2072 Quare
2227 2004 2355 2056 Pro-

808 2094 965 2165 pheta
1015 2096 1295 2166 insurgens
1328 2097 1378 2149 in
1432 2109 1575 2159 eum,
1607 2097 1697 2164 qui
1750 2097 2071 2150 tentationes
2108 2094 2353 2156 inducit,

809 2188 1140 2259 multamque
1183 2189 1442 2242 malorum
1498 2189 1710 2242 turbam
1755 2204 1803 2244 et
1839 2191 2062 2250 excitat,
2100 2197 2152 2240 et
2201 2201 2354 2239 suum

810 2280 1043 2333 studium
1077 2281 1128 2333 in
1158 2279 1209 2333 id
1237 2280 1467 2345 confert,
1497 2291 1553 2334 ut
1585 2282 1806 2350 spiritus
1830 2280 2124 2334 celsitatem
2157 2278 2362 2347 redigat

810 2369 864 2422 in
891 2371 1206 2425 servitutem
1236 2373 1307 2436 ",
1333 2387 1394 2426 ac
1419 2372 1590 2442 ipsum
1614 2373 1764 2428 carni
1794 2372 2064 2442 subjiciat,
2102 2369 2244 2425 velut
2277 2386 2359 2425 re—

810 2459 1081 2530 dargueus
1102 2477 1291 2515 vanam
1322 2463 1466 2517 illius
1489 2465 1773 2518 adversum
1813 2477 1872 2518 se
1897 2463 2211 2526 versutiam,
2251 2463 2362 2518 lure

811 2552 940 2607 dicit
971 2569 986 2607 :
1019 2554 1155 2620 Quid
1178 2570 1262 2610 me
1292 2556 1494 2610 servire
1511 2555 1658 2626 cogis
1687 2555 1755 2612 iis
1783 2556 1975 2624 quibus
1999 2554 2078 2608 las
2110 2570 2211 2606 tton
2232 2554 2358 2608 est?

813 2641 942 2699 Mihi
973 2645 1225 2702 Dominus
1264 2658 1365 2711 est,
1399 2663 1632 2718 agnosco
1661 2664 1840 2702 verum
1879 2650 2097 2716 Rege-nt.

2446 628 2786 698 γεγενῆσθαι.
2814 627 2909 679 Διά
2935 625 3087 679 τοῦτο
3111 626 3224 676 ἐκεῖ
3243 625 3338 692 μὲν
3359 641 3538 694 φησιν,
3555 617 3729 681 Εἶπα,
3757 623 4008 683 φυλάξω

2449 723 2552 785 τὰς
2594 720 2770 788 ὁδούς
2815 737 2953 786 μου.
2986 718 3076 772 καὶ
3123 717 3384 786 διηγεῖται
3429 717 3519 769 τοῦ
3548 712 3874 786 ἀμαρτωλοῦ
3916 719 4009 782 τῂν

2448 813 2819 873 ὲπισύστασιν,
2861 812 2952 863 καὶ
2985 811 3078 881 τὴν
3122 810 3326 860 οἰκείαν
3365 807 3772 878 μακροθυμίαν·
3803 806 3899 857 Ἐν
3933 805 4010 869 τῷ

2449 905 2749 971 συστῆναι
2771 906 2900 973 γὰρ,
2918 905 3067 974 φησι,
3091 901 3194 956 τὸν
3217 901 3558 970 ἁμαρτωλὸν
3575 899 3855 954 ἐναντίον
3869 914 4006 963 μου,

2448 995 2765 1065 ἐκωφώθην
2786 995 2883 1048 καὶ
2912 993 3329 1059 ἑταπεινὼθην,
3362 990 3458 1043 καὶ
3487 990 3744 1058 ἐσίγησα
3775 989 3842 1053 ἐξ
3873 988 4008 1055 ἁγα-

2451 1091 2600 1146 θῶνσ
2635 1084 2752 1142 εἶτα
2786 1085 2986 1159 προῖὼν
3027 1087 3172 1154 λέγει
3195 1103 3206 1116 ·
3246 1084 3418 1151 Πλὴν
3449 1083 3519 1135 τὰ
3551 1085 3873 1150 σύμπαντα
3897 1097 4007 1151 μα-

2451 1181 2705 1246 ττιιότης,
2758 1177 2875 1244 πᾶς
2928 1177 3233 1244 ἄνθρωπος
3275 1173 3410 1236 ζῶν·
3458 1167 3594 1232 εἶτα,
3642 1170 4008 1239 Θησαυρίζει,

2451 1274 2644 1326 καίού
2689 1269 2960 1339 γινώσκει
3012 1270 3128 1320 τίνι
3166 1266 3412 1330 συνάξει
3466 1261 3631 1316 αὑτά.
3688 1264 3773 1314 Ἐν
3828 1265 3884 1316 δὲ
3936 1263 4012 1331 τῷ

2455 1363 2795 1433 προκειμένῳ
2825 1357 3021 1429 ψαλμῷ
3049 1359 3271 1427 ἄρχεται
3308 1353 3723 1426 διαπρητικῶς,
3759 1355 3921 1406 οἱονεὶ
3945 1358 4009 1423 τῇ

2455 1456 2643 1508 ἑαυτοῦ
2690 1456 2832 1525 ψυχῇ
2895 1451 3290 1518 διαλεγόμενος,
3322 1451 3393 1514 ὡς
3437 1447 3495 1512 ἐξ
3542 1445 3861 1507 ἀκολουθίας
3906 1449 4011 1497 τῶν

2454 1546 2877 1617 προειρημένων.
2936 1545 3049 1595 Ἵνα
3108 1539 3212 1609 γὰρ
3283 1542 3354 1611 μὴ
3412 1539 3486 1610 τῷ
3561 1538 3865 1606 φρονήματι
3913 1536 4011 1603 τῆς

2459 1635 2656 1708 σαρκὸς
2692 1639 2724 1704 ἡ
2770 1635 2912 1705 ψυχὴ
2960 1633 3308 1698 ὑποταγεῖάα,
3347 1631 3478 1701 πρὸς
3510 1628 3672 1702 ὀργὰς
3708 1627 3800 1679 καὶ
3839 1625 4011 1687 λύπας

2454 1727 2848 1799 διερεθίζηται,
2912 1727 2998 1778 ῖνα
3041 1724 3113 1785 τί,
3152 1723 3301 1791 φησὶ,
3356 1721 3545 1792 δούλην
3599 1718 3854 1788 ποιοῦμαι
3901 1716 4012 1784 (70)

2459 1820 2705 1892 πονηρῶν
2739 1817 2925 1869 παθῶν
2971 1817 3070 1886 τὴν
3095 1813 3289 1883 ψυχὴν,
3322 1831 3391 1864 πα
3402 1811 3470 1882 ρὰ
3496 1812 3586 1866 τοῦ
3612 1812 3895 1871 κτίσαντος
3919 1809 4014 1860 αὑ-

2459 1914 2554 1984 τὴν
2593 1911 2724 1965 Θεοῦ
2769 1909 2865 1979 τὴν
2910 1907 3200 1978 ἡγεμονίαν
3250 1903 3342 1957 τοῦ
3380 1903 3626 1973 σώματος
3673 1903 3764 1956 καὶ
3815 1901 3923 1954 τῶν
3960 1899 4013 1950 ἐν

2461 2005 2607 2073 αὑτῴ
2637 1999 2968 2071 παθημάτων
2998 1997 3469 2067 πεπιστευμένην;
3501 1998 3591 2047 Δεῖ
3620 1997 3800 2047 τοίνυν
3829 1996 4015 2065 ἄρχειν

2465 2097 2560 2166 μὲν
2584 2094 2690 2146 τῶν
2716 2090 2918 2156 παθῶν,
2940 2087 3203 2141 δουλεύειν
3223 2086 3276 2139 δὲ
3299 2085 3374 2155 τῷ
3401 2084 3536 2153 Θεῷ.
3576 2084 3878 2152 Ἀμήχανον
3912 2083 4015 2149 γὰρ

2462 2182 2627 2252 αὐτὴν
2661 2183 2753 2234 καὶ
2791 2179 2894 2231 ὑπὸ
2922 2176 3022 2247 τῆς
3060 2175 3327 2246 ἁμαρτίας
3363 2169 3756 2241 βασιλεύεσθαι,
3788 2171 3880 2220 καὶ
3915 2168 4018 2218 ὑπὸ

2464 2273 2554 2326 τοῦ
2583 2272 2749 2323 Θεοῦ·
2784 2270 2917 2323 ἀλλὰ
2959 2269 3039 2322 δεῖ
3087 2266 3281 2327 κακίας
3329 2263 3425 2332 μὲν
3458 2262 3789 2331 ἐπικρατεῖν,
3825 2258 3901 2328 τῷ
3927 2261 4017 2309 Δε-

2470 2365 2636 2433 σπὸτῃ
2657 2362 2712 2416 δὲ
2742 2363 2849 2416 τῶν
2876 2361 3009 2414 ὅλων
3053 2355 3428 2424 ὑποτετάχθαι.
3471 2353 3570 2406 Διά
3603 2352 3759 2406 τοῦτο
3799 2352 4016 2404 ἀποτει-

2466 2456 2734 2527 νόμενοςὸ
2772 2453 3055 2523 Προφήτης
3096 2447 3172 2518 τῷ
3204 2447 3456 2514 ὲπὰγοντι
3498 2447 3622 2508 τοὺς
3663 2444 4015 2514 πειρασμοῦς.

2467 2545 2556 2599 καὶ
2580 2543 2667 2596 τὸν
2696 2540 2859 2592 πολὺν
2898 2537 3049 2606 ὄχλον
3085 2535 3232 2605 αὐτῷ
3275 2534 3380 2587 τῶν
3426 2533 3610 2587 κακῶν
3655 2533 3766 2601 (Ἡ)
3806 2531 4022 2596 ἐπεγεί-

2473 2651 2634 2709 ροντι,
2662 2631 2755 2685 καὶ
2781 2627 3010 2698 σπουδὴν
3041 2627 3213 2697 ἔχοντι
3239 2624 3641 2692 ὼυλαγωγῆσαι
3682 2622 3740 2673 τὸ
3771 2621 4020 2690 φρόνημα

809 2734 901 2788 τοῦ
933 2737 1264 2806 πνεύματος,
1305 2741 1395 2792 καὶ
1441 2740 1739 2809 ὑπορρῖψαι
1781 2740 1912 2792 αὐτὸ
1976 2743 2039 2810 τῇ
2099 2740 2292 2811 σαρκὶ,
2323 2729 2431 2787 οἶον
2471 2729 2706 2798 ἐλέγχων
2756 2721 2918 2776 αὐτοῦ
2956 2721 3187 2791 ματαίαν
3217 2714 3378 2770 οὖσαν
3421 2717 3518 2785 τὴν
3553 2715 3671 2768 κατ’
3709 2714 3874 2766 αὑτοῦ
3905 2713 4021 2764 ἐπί’

810 2841 979 2890 νοιαν,
1009 2804 1180 2884 ταῦτά
1206 2847 1363 2900 φησι·
1391 2832 1453 2884 Τί
1491 2804 1556 2902 με
1584 2804 1748 2905 basim
1775 2804 2040 2886 δουλεύειν
2071 2827 2150 2896 οἷς
2171 2804 2246 2902 μὴ
2277 2829 2465 2898 Θέμις;
2502 2824 2650 2890 Ἔχω
2673 2815 2968 2886 Δεσπότην,
2998 2808 3245 2883 γνωρίζω
3273 2808 3371 2905 τὸν.
3390 2804 3877 2905 ἀληθῶς-Βασιᾈα.

879 2920 934 2973 2.
962 2919 1149 2975 Nonne
1174 2923 1281 2977 Deo
1305 2923 1538 2994 subjecta
1577 2928 1674 2978 erit
1723 2927 1898 2978 anima
1929 2928 2086 2981 mea?
2135 2925 2196 2976 ub
2250 2924 2360 2989 ipso

811 3013 946 3068 enim
986 3013 1217 3069 salutare
1251 3031 1441 3070 meum.
1482 3016 1710 3070 Causam
1738 3018 1873 3071 dixit
1903 3033 1996 3072 cur
2029 3017 2219 3086 subjici
2249 3026 2361 3070 stu-

2534 2913 2587 2965 2.
2623 2911 2766 2978 Οὐχὶ
2809 2907 2888 2973 τῷ
2942 2904 3060 2971 Θεῷ
3113 2900 3544 2971 ὑποταγήσεται
3588 2899 3626 2965 ἡ
3660 2898 3829 2967 ψυχή
3869 2912 4019 2964 μου;

2465 3001 2596 3071 παρ’
2632 2999 2813 3054 αὑτοῦ
2850 3000 2959 3066 γὰρ
2992 2997 3058 3048 τὸ
3094 2993 3385 3061 σωτήριόν
3406 3008 3543 3062 μου.
3576 2989 3683 3060 Τὴν
3709 2988 3883 3041 αἰτίαν
3905 2981 4019 3036 εἶπε

813 3106 939 3160 deat
966 3123 981 3160 :
1014 3107 1268 3175 quoniam
1301 3123 1331 3161 a
1357 3107 1467 3164 Deo
1501 3109 1740 3164 salutare
1767 3118 1868 3165 est.
1916 3078 2197 3179 Proprium
2219 3108 2360 3164 enim
2394 3131 2434 3188 ρ
2465 3114 2483 3149 ἰ

2350 3123 2360 3160 ι
2394 3131 2434 3188 C
2465 3096 2564 3165 τῆς
2597 3089 2724 3162 περὶ
2753 3089 2850 3160 τὴν
2894 3085 3169 3154 ὑποταγὴν
3218 3083 3475 3152 σπουδῆς
3524 3083 3604 3134 ὅτι
3653 3079 3712 3131 τὸ
3761 3078 4020 3146 σωτήριον

816 3196 1038 3267 Opiﬁcis
1062 3208 1163 3264 est,
1194 3199 1527 3269 opiliciorurn
1562 3216 1779 3257 suorum
1825 3201 2247 3256 incolumitatem
2276 3214 2368 3254 cu-

818 3303 962 3343 rare.
1016 3289 1132 3355 Vel,
1162 3291 1236 3344 Ab
1279 3293 1391 3359 ipso
1422 3292 1656 3346 salutare
1687 3301 1762 3347 est
1781 3309 1801 3359 ;
1856 3292 2111 3362 quoniam
2137 3291 2370 3360 prOphe-

817 3380 922 3433 tice
947 3381 1246 3448 prtevidens
1273 3381 1507 3435 futuram
1538 3397 1659 3436 esse
1701 3384 1928 3452 gratiam
1977 3382 2370 3437 incarnationis

818 3475 1050 3541 Domini,
1079 3476 1190 3530 haec
1224 3475 1394 3531 dicit:
1429 3477 1680 3530 nimirum
1719 3478 1824 3531 Deo
1865 3477 2068 3532 servire
2100 3487 2368 3545 oportere,

818 3578 876 3622 et
904 3569 1078 3637 ipsum
1105 3569 1347 3640 diligere,
1368 3568 1458 3639 qui
1481 3568 1797 3623 beneﬁcium
1835 3579 2038 3624 tantum
2073 3568 2222 3638 prior
2247 3583 2372 3623 con-

820 3657 1007 3712 tulerit
1039 3660 1090 3712 in
1129 3660 1403 3714 hominum
1459 3676 1651 3731 genus,
1683 3669 1740 3715 ut
1793 3677 1860 3717 ne
1911 3662 2126 3732 proprio
2161 3662 2371 3731 quidem

822 3748 963 3803 Filio
990 3752 1313 3819 pepercerit,
1357 3752 1448 3806 sed
1479 3766 1576 3821 pro
1605 3752 1759 3808 nobis
1791 3755 2040 3809 omnibus
2086 3754 2233 3808 illum
2268 3762 2374 3808 tra-

820 3840 1018 3896 diderit
1063 3842 1128 3897 “.
1160 3842 1272 3897 Mos
1313 3851 1397 3897 est
1445 3845 1587 3897 enim
1631 3845 1944 3910 Scripturaa,
2003 3856 2056 3897 ut
2101 3843 2372 3898 Christum

827 3932 943 3997 Dei,
967 3933 1202 3989 salutare
1233 3934 1496 4002 appellet;
1530 3933 1672 3987 sicut
1710 3932 1905 3987 alicubi
1957 3934 2120 3987 etiam
2157 3934 2372 3987 Simeon

825 4028 900 4081 ait
935 4046 950 4083 :
981 4028 1137 4082 Nunc
1176 4029 1396 4082 dimittis
1424 4044 1628 4082 servum
1662 4039 1832 4092 tuum,
1867 4027 2080 4080 Domine
2100 4017 2122 4090 ,’
2155 4027 2278 4096 quia
2298 4026 2374 4079 vi-

826 4121 1012 4172 derunt
1036 4121 1172 4172 oculi
1203 4121 1300 4173 mei
1328 4120 1561 4174 salutare
1607 4129 1755 4173 tuum
1782 4121 1846 4172 ³¹.
1883 4120 2240 4190 Suhjiciamur
2280 4119 2376 4188 igi-

825 4218 911 4263 tur
953 4211 1079 4275 Deo,
1118 4210 1258 4279 quod
1309 4212 1543 4265 salutare
1579 4212 1645 4265 ab
1676 4211 1796 4279 ipso
1846 4221 1948 4266 est.
2005 4213 2142 4278 Quid
2199 4221 2375 4267 autem

824 4300 893 4352 sit
925 4300 1180 4367 salutare,
1242 4301 1490 4370 explicat.
1540 4299 1655 4356 Non
1699 4301 1836 4354 nuda
1872 4301 2115 4369 qumdam
2142 4313 2377 4371 estope-

828 4389 969 4444 ratio
997 4433 1010 4454 ,
1065 4391 1295 4460 aliquam
1333 4391 1486 4446 nobis
1534 4391 1943 4446 beneﬁcentiam
1994 4391 2241 4453 aﬂerens,
2275 4409 2376 4462 qua

2465 3187 2613 3260 παρά
2641 3183 2730 3238 τοῦ
2751 3179 2902 3236 Θεοῦ.
2930 3178 3086 3238 Ἴδιον
3113 3175 3221 3246 γὰρ
3249 3169 3586 3244 Δημιουργοῦ
3614 3170 3672 3221 τὸ
3701 3167 3807 3221 τῶν
3833 3167 4021 3221 ἑαυτοῦ

2469 3281 2787 3350 ποιημάτων
2813 3273 2926 3343 (72)
2965 3272 3061 3340 τῆς
3089 3265 3382 3335 ἀσφαλείας
3404 3262 3726 3334 φροντίζειν.
3757 3261 3849 3326 Ἥ,
3884 3261 4023 3325 ΙΙαρ’

2468 3369 2650 3425 αὑτοῦ
2676 3369 2742 3421 τὸ
2773 3364 3063 3432 σωτήριον
3082 3380 3094 3392 ’
3118 3358 3302 3429 ἐπειδὴ
3328 3356 3676 3429 προφητικῶς
3707 3352 4022 3425 προορώμε-

2468 3477 2557 3523 νος
2576 3460 2672 3528 τὴν
2697 3457 2989 3528 μέλλουσαν
3010 3451 3224 3506 ἔσεσθαι
3262 3450 3421 3522 χάριν
3446 3450 3542 3518 τῆς
3568 3446 4024 3514 ὲνανθρωπήσεως

2470 3551 2560 3606 τοῦ
2585 3550 2808 3620 Κυρίου,
2833 3546 3005 3599 ταῦτά
3033 3561 3222 3616 φησιν·
3248 3543 3328 3596 ὅτι
3355 3540 3618 3594 δουλεύειν
3651 3537 3727 3587 δεῖ
3771 3535 3849 3604 τῷ
3886 3533 4023 3601 Θεῷ,

2473 3644 2566 3699 καὶ
2590 3643 2804 3712 ἀγαπᾷν
2829 3639 3009 3701 αὑτὸν,
3048 3638 3105 3700 ὃς
3145 3634 3470 3706 τηλικαύτην
3510 3626 3822 3697 εὐεργεσίαν
3865 3628 3942 3687 εἰς
3967 3624 4025 3675 τὸ

2474 3737 2626 3807 γένος
2667 3733 2771 3787 τῶν
2813 3729 3108 3802 ἀνθρώπων
3156 3721 3615 3794 προκατεϐἀλετο,
3665 3717 3739 3780 ὡς
3778 3717 3912 3786 μηδὲ
3934 3715 4026 3766 τοῦ

2479 3827 2604 3879 ίδίου
2638 3824 2766 3877 Υίοῦ
2793 3821 3096 3890 φείσασθαι,
3119 3815 3228 3868 ἀλλ’
3253 3810 3389 3881 ὑπὲρ
3426 3809 3639 3861 πάντων
3670 3810 3702 3878 ἡ
3713 3807 3827 3877 μῶν
3855 3823 4026 3876 παρα-

2474 3939 2670 3991 δοῦναι.
2707 3935 2970 4003 Σωτήριον
3002 3931 3109 4001 γὰρ
3158 3928 3273 3990 ἔθος
3307 3924 3587 3994 ὀνομάζειν
3628 3925 3693 3992 τῇ
3718 3923 3758 3972 Γ
3764 3924 3908 3991 ραφῇ
3939 3921 4026 3972 τὸν

2473 4025 2703 4096 Χριστὸν
2746 4023 2836 4075 τοῦ
2873 4021 3006 4074 Θεοῦ
3028 4039 3040 4051 ·
3076 4019 3150 4083 ὣς
3184 4035 3283 4070 που
3319 4017 3411 4068 καὶ
3451 4011 3672 4082 Συμεών
3704 4028 3837 4079 φησι
3860 4028 3873 4040 ·
3906 4011 4028 4064 Νῦν

2475 4117 2754 4181 ἀπολύεις
2781 4113 2887 4166 τὸν
2905 4112 3126 4166 δοῦλόν
3147 4125 3282 4172 σου,
3306 4105 3569 4160 Δέσποτα
3589 4104 3698 4173 (75)
3716 4119 3727 4130 ·
3756 4102 3841 4154 ὅτι
3871 4102 4028 4155 εἶδον

2478 4211 2529 4261 οί
2575 4206 2866 4275 ὀφθαλμοί
2901 4222 3018 4273 μου
3055 4202 3116 4255 τὸ
3152 4199 3441 4267 σωτήριόν
3476 4213 3608 4250 σου.
3649 4192 4028 4262 ’Υποταγησώ-

2485 4295 2618 4366 μεθα
2665 4291 2755 4348 οὖν
2803 4294 2881 4363 τῷ
2926 4292 3063 4362 Θεῷ,
3093 4291 3221 4344 διότι
3254 4289 3382 4359 παρ’
3426 4285 3586 4338 αὐτοῦ
3641 4283 3703 4336 τὸ
3746 4284 4026 4352 σωτήριον.

2482 4386 2546 4439 Τί
2595 4385 2650 4438 δέ
2695 4389 2806 4438 ἐστι
2859 4385 2920 4437 τὸ
2973 4385 3251 4453 σωτήριον,
3293 4378 3599 4449 ἐρμηνεύει.
3648 4375 3761 4428 Οὐκ
3789 4375 4030 4444 ἐνέργειά

830 4481 898 4534 ab
952 4482 1264 4537 inﬁrmitate
1309 4482 1615 4546 liberemur,
1667 4482 1911 4549 bonaque
1947 4481 2187 4550 corporis
2223 4483 2378 4536 habi-
2412 4477 2500 4532 [)1

2358 4512 2378 4524 .
2412 4477 2454 4532 Ι)
2481 4492 2562 4538 τις
2615 4474 2762 4544 ψιλὴ,
2815 4475 2970 4543 χάριν
3028 4471 3148 4523 τινὰ
3191 4471 3318 4539 ἡμῖν
3373 4466 3715 4535 παρεχομένη
3756 4471 3834 4529 είς
3863 4468 4028 4518 ἀπαλ-

833 4571 1018 4627 tndine
1037 4583 1268 4632 utamur.
1297 4577 1399 4631 Sed
1429 4575 1555 4644 quid
1581 4582 1665 4629 est
1707 4573 1982 4627 salutare?
2011 4570 2168 4626 Vens.
2199 4573 2253 4627 5.
2286 4570 2378 4624 Et-

831 4665 966 4716 em‘m
1013 4665 1118 4730 ipse
1173 4665 1310 4719 Deus
1358 4682 1498 4718 meus
1532 4674 1581 4716 et
1629 4662 1872 4717 Salvator
1907 4679 2068 4726 meus,
2115 4673 2376 4730 susceptor

832 4770 1004 4818 meus;
1040 4772 1141 4807 non
1177 4757 1411 4809 movebar
1439 4755 1680 4808 multant.
1709 4754 1893 4819 Filius,
1921 4756 2008 4821 qui
2043 4769 2108 4808 ex
2142 4753 2250 4808 Deo
2277 4763 2378 4818 est,

835 4843 974 4900 Deus
1008 4857 1188 4901 noster
1234 4857 1337 4902 est.
1389 4846 1530 4900 idem
1561 4847 1723 4900 etiam
1780 4845 2026 4898 Salvator
2055 4853 2131 4898 est
2175 4846 2384 4913 generis

831 4936 1077 5007 humani,
1121 4941 1450 4995 debilitatem
1499 4948 1733 4993 nostram
1779 4937 2024 5002 fulciens,
2050 4952 2110 4991 ac
2144 4951 2384 4990 connno-

2484 4571 2653 4640 λαγὴν
2706 4568 3001 4628 ἀσθενείας,
3041 4565 3132 4616 καὶ
3178 4562 3422 4632 σώματος
3472 4561 3700 4625 εὐεξίαν.
3772 4562 3929 4614 uuas
3981 4562 4028 4612 τί

2480 4661 2594 4712 ἐστι
2658 4660 2720 4710 τὸ
2790 4657 3080 4727 σωτήριον;
3148 4653 3254 4707 Καὶ
3306 4653 3412 4721 γὰρ
3469 4653 3648 4716 αὐτὸς
3713 4654 3856 4717 Θεός
3917 4669 4029 4719 μου

2478 4751 2576 4804 καὶ
2627 4747 2824 4816 Σωτήρ
2879 4764 3017 4816 μου,
3065 4742 3436 4812 ἀντιλήπτωρ
3477 4763 3594 4813 μου
3668 4745 3738 4795 οὐ
3790 4742 3876 4810 μὴ
3928 4757 4030 4794 σα-

2478 4844 2668 4898 λευθῶ
2710 4841 2804 4894 ἐπὶ
2849 4839 3056 4893 πλεῖον
3101 4839 3232 4908 (74).
3266 4837 3394 4900 Θεὸς
3433 4837 3585 4905 ἡμῶν
3621 4838 3766 4887 ἐστιν
3793 4838 3819 4887 ό
3849 4837 3911 4887 ὲκ
3942 4834 4029 4886 τοῦ

2483 4936 2615 4991 Θεοῦ
2666 4937 2807 4999 Υίὸς.
2865 4935 2923 4987 '0
2978 4933 3136 4996 αὐτὸς
3180 4931 3270 4985 καὶ
3319 4929 3503 4999 Σωτὴρ
3543 4928 3635 4980 τοῦ
3686 4928 3875 4996 γένους
3929 4928 4030 4978 τῶν

900 5050 945 5081 ⁸⁶
973 5049 1114 5105 Psal.
1162 5067 1387 5118 xxxviii,
1414 5052 1467 5106 5.
1541 5051 1584 5082 ⁸⁷
1612 5049 1740 5104 ibid.
1778 5049 1827 5102 6.
1902 5049 1946 5080 ’⁸
1965 5048 2088 5106 ibid.
2126 5050 2176 5102 7.
2233 5048 2314 5102 "l
2352 5048 2474 5103 Cor.
2506 5064 2570 5113 rx,

2174 5090 2176 5101 .
2233 5048 2314 5102 "l
2352 5048 2474 5103 Cor.
2506 5064 2581 5114 ιι,
2606 5045 2696 5101 27.
2772 5048 2813 5078 ³⁰
2833 5046 2985 5100 Rom.
3022 5059 3132 5109 vnt,
3155 5044 3243 5098 δὲ.
3318 5043 3358 5073 ³¹
3400 5040 3526 5095 Luc.
3553 5057 3609 5103 ιι,
3635 5041 3724 5104 ‘l‘J,
3758 5041 3844 5095 ὅθ.

1047 5184 1196 5264 ρυιυ.
1219 5182 1676 5264 ιιιιηιιιιε-δούλην,
1693 5180 1974 5264 ποιοῦμεν.

905 5251 1016 5324 (Ἡ)
1047 5255 1178 5326 Reg.
1225 5251 1410 5310 tertius
1436 5253 1589 5323 ὄχλον
1611 5251 1717 5304 τῶν
1741 5251 1943 5315 παθῶν,
1977 5253 2175 5304 turbant
2212 5251 2400 5317 cupidi-

837 5334 1026 5380 totum.

906 5394 1018 5460 (7‘2)
1042 5392 1194 5446 Colb.
1230 5401 1454 5459 quartus
1482 5391 1592 5444 τῶν
1624 5390 1813 5443 ἑαυτοῦ
1850 5389 2364 5460 δημιουργημάτων.

909 5464 1022 5535 (75)
1057 5462 1126 5515 Ita
1157 5462 1321 5515 editio
1353 5461 1517 5535 Basil.
1546 5471 1597 5513 et
1647 5473 1930 5535 oct_o__tnss.
1965 5462 2113 5535 Atia
2160 5461 2395 5535 editione

840 5528 1012 5586 Paris.
1045 5541 1163 5598 post
1189 5546 1370 5584 vocent
1400 5531 1646 5582 Δέσποτα
1676 5530 1853 5582 addita
1885 5537 2003 5581 sunt
2031 5529 2139 5592 illa,
2174 5528 2311 5581 κατά
2339 5528 2398 5579 τὸ

840 5602 1112 5675 ρἧἀμσου
1151 5603 1207 5675 εν
1237 5601 1427 5675 εἰρήνῃ
1461 5633 1472 5652 ι
1511 5601 1602 5654 sed
1660 5601 1784 5675 quin
1830 5613 1892 5651 ex
1953 5598 2239 5666 Evangelio
2297 5599 2397 5650 huc

843 5671 1100 5726 translata
1128 5671 1254 5734 sint,
1288 5672 1507 5724 dubium
1533 5685 1635 5723 non
1673 5671 1864 5722 habeo.

911 5742 1022 5811 (Ἡ)
1065 5739 1307 5794 Verterat
1334 5742 1601 5807 interpres
1625 5755 1690 5792 ex
1732 5737 1971 5811 Vulgata.
2005 5735 2125 5789 Non
2159 5737 2393 5811 ntorebor

845 5808 1088 5881 amplius.
1145 5811 1246 5867 Sed
1296 5826 1416 5868 cum
1447 5827 1547 5865 vox
1604 5808 1826 5877 amplius
1865 5808 2262 5862 accommodari
2304 5808 2386 5858 vix

2496 5193 2654 5248 posse
2676 5178 2929 5248 videatur
2962 5176 3025 5229 ad
3073 5174 3388 5248 Basilianam
3420 5172 3879 5248 explanationem,
3940 5188 4029 5248 nos

2497 5241 2617 5301 cum
2649 5247 2971 5300 Combelisio
2999 5245 3213 5296 multum
3245 5241 3587 5310 interpretari
3618 5241 3920 5310 maluimus.
3951 5242 4028 5310 Αι-

2497 5333 2599 5384 que
2655 5319 2792 5370 hanc
2823 5327 3060 5369 nostram
3091 5309 3473 5380 interpretandi
3502 5311 3776 5384 rationem
3812 5325 3839 5361 a
3888 5309 4027 5384 Scr-it

2499 5379 2667 5455 plura:
2699 5401 2854 5438 sensu
2911 5400 3011 5436 non
3063 5379 3331 5455 aberrare,
3373 5395 3463 5455 ex_
3493 5379 3743 5455 "exortis
3787 5379 4028 5455 cognosci

2501 5447 2689 5522 potest.
2727 5455 2778 5506 In
2814 5455 2877 5508 iis
2907 5455 3045 5506 enim
3077 5467 3140 5505 ex
3175 5450 3394 5504 Hebraeo
3422 5451 3499 5522 sic
3527 5451 3772 5522 vertitur,
3805 5447 4028 5522 Nauta-

2503 5519 2592 5576 bar
2633 5524 2870 5576 multum.
2935 5523 3042 5575 Hoc
3072 5523 3205 5573 idem
3240 5520 3471 5573 ostendit
3519 5528 3570 5572 et
3616 5519 3859 5584 Aquilas,
3913 5521 4028 5566 dum

2503 5595 2570 5645 ita
2612 5595 2992 5658 interpretatus
3031 5600 3113 5645 est
3163 5591 3220 5641 οὐ
3270 5590 3608 5660 σφαλήσομαι
3647 5588 3865 5660 πολλὴν,
3918 5584 4028 5660 δ’οΡ

2503 5663 2652 5714 labar
2705 5655 2942 5715 multum.
2977 5661 3096 5714 Mox
3134 5655 3774 5727 Operarntn'negligentia
3808 5655 4025 5727 proin:-

2500 5734 2714 5803 ερείδων
2743 5734 2938 5787 editum
2969 5725 3208 5786 lucratin
3237 5730 3468 5784 editione
3492 5725 3657 5782 Paris.
3697 5725 3980 5798 ὑπεριδών.
