4230 6500
277 493 386 546 475

1433 485 1714 542 HOMILIA
1754 483 1820 539 IN
1860 478 2191 536 PSALMUM
2231 479 2366 536 LXI.

3407 480 3511 534 ΓΗ

277 608 606 681 ἀνθρώπων,
664 607 693 658 6
740 606 800 660 τὸ
854 604 1078 668 ἀσθενὲς
1125 605 1280 677 ἡμῶν
1335 603 1654 673 ὑπερείδων,
1687 603 1716 654 6
1758 601 1846 655 τὸν
1874 612 1919 669 Α

1844 619 1846 640 ι
1874 612 1919 669 Α
1953 599 2149 654 tionem
2187 614 2253 654 ex
2292 596 2682 654 tentationibus
2735 596 2929 652 animis
2977 596 3177 652 nostris
3224 597 3514 657 advenient--

275 706 343 756 ἐκ
376 703 482 755 τῶν
520 698 843 775 πειρασμῶν
882 698 1229 771 ἐγγινόμενον
1293 697 1412 760 ταῖς
1456 696 1656 766 ψυχαῖς
1687 695 1844 766 ἡμῶν

275 797 439 851 σάλον
468 792 950 868 ἐπανορθούμενος.
970 795 1049 847 Οὐ
1070 792 1155 862 μὴ
1178 788 1454 846 σαλευθῶ
1480 789 1578 842 ἐπί
1615 788 1842 842 πλεῖον·

274 889 637 961 ἀνθρωπίνως
702 884 954 954 ὁμολογεῖ
1014 884 1106 936 τὸν
1172 881 1352 936 σάλον.
1427 879 1557 933 Ἐπὶ
1613 877 1846 939 πλεῖον.

292 981 596 1053 Ἀμήχανον
629 975 736 1048 γὰρ
771 977 828 1030 ἐν
859 975 1147 1048 ἀνθρώπου
1179 973 1292 1044 (75)
1323 973 1465 1044 ψυχῇ
1501 971 1573 1044 μὴ
1597 969 1847 1037 γενέσθαι

275 1076 402 1128 τινὰ
434 1074 591 1126 σάλον
635 1069 742 1123 ἀπὸ
787 1071 892 1125 τῶν
928 1067 1271 1141 πειρασμῶν.
1309 1067 1452 1130 Ἕως
1499 1065 1597 1135 μὲν
1624 1057 1716 1117 οὖν
1755 1083 1846 1135 μι-

277 1169 388 1239 κρά
426 1163 808 1235 ἁμαρτάνομεν
853 1163 944 1216 καὶ
986 1162 1161 1228 ὀλίγα,
1213 1158 1402 1232 ὥσπερ
1446 1158 1517 1211 τὰ
1561 1156 1702 1226 φυτὰ
1745 1156 1848 1209 ὑπὸ

277 1257 512 1328 πραείας
540 1254 712 1326 αὔρας
748 1251 1187 1325 περιδονούμενοι
1235 1250 1364 1322 (76),
1396 1249 1578 1320 ἡρέμα
1608 1265 1723 1312 πως
1754 1265 1848 1301 σα-

275 1347 545 1418 λευόμεθα
566 1367 579 1380 ⁸
615 1348 833 1402 ἐπειδὰν
861 1345 917 1398 δὲ
944 1345 1113 1397 πλείω
1141 1344 1233 1396 καὶ
1265 1343 1483 1416 μείζονα
1581 1340 1650 1393 τὰ
1680 1339 1844 1400 κακὰ,

275 1441 420 1494 κατὰ
448 1441 545 1511 τὴν
565 1439 854 1506 ἀναλογίαν
877 1437 978 1508 τῆς
1005 1436 1113 1490 τῶν
1139 1435 1552 1509 ἁμαρτημάτων
1572 1435 1848 1505 αὐξήσεως

275 1532 373 1585 καὶ
416 1534 444 1585 6
483 1535 639 1596 σάλος
674 1529 1039 1584 ἐπιτείνεσθαι
1091 1529 1322 1599 πέφυκε.
1374 1527 1482 1580 Καὶ
1531 1529 1579 1579 οἱ
1625 1527 1720 1598 μὲν
1756 1524 1848 1578 ἐπὶ

275 1625 460 1677 πλεῖον
495 1623 808 1678 σαλεύονται
835 1640 848 1652 ο
878 1624 926 1674 οἱ
957 1622 1010 1674 δὲ
1058 1624 1216 1694 μέχρι
1258 1621 1352 1673 τοῦ
1396 1619 1490 1672 καί
1537 1619 1847 1691 αὐτόρῤιζοι

273 1715 680 1788 ἀνατραπέντες
722 1712 1144 1783 καταϐληθῆναι,
1196 1715 1322 1765 ὅταν
1356 1709 1618 1773 λαίλαπος
1668 1711 1849 1778 πάσης

275 1807 582 1880 βιαιότερον
629 1807 697 1860 τὰ
744 1807 1088 1875 πνευματικὰ
1126 1806 1224 1874 τῆς
1251 1801 1514 1874 πονηρίας
1542 1803 1638 1863 τὶς
1687 1800 1850 1852 οἱονεὶ

277 1902 434 1972 ῥίζας
460 1902 560 1970 τῆς
581 1901 777 1972 ψυχῆς,
828 1893 914 1962 αἶς
941 1899 1299 1968 ὲπεστήρικτο
1337 1891 1445 1965 (77)
1477 1898 1540 1966 τῇ
1570 1893 1746 1946 πίστει
1781 1895 1844 1963 τῇ

1954 701 2059 746 tem
2084 691 2384 762 corrigens.
2425 691 2548 747 Non
2576 689 2817 746 movebor
2854 690 3096 746 multum.
3128 689 3372 746 Humano
3399 708 3514 746 mo-

1952 800 2011 839 re
2069 785 2357 839 contltetur
2393 785 2831 840 commotionem.
2889 783 3137 838 Multum.
3170 781 3313 838 Fieri
3367 787 3510 840 enini

1952 893 2056 931 non
2100 886 2272 948 potest
2323 886 2380 930 ιιι
2413 877 2464 930 in
2515 879 2748 935 hominis
2797 889 2988 932 natura
3038 879 3332 935 commotio
3367 880 3508 934 nulla

1950 971 2215 1023 excitetur
2247 984 2276 1022 a
2307 969 2709 1026 tentationibus.
2747 975 2878 1027 Dum
2911 971 3074 1042 igitur
3102 989 3261 1041 parva
3293 985 3346 1030 et
3375 989 3510 1044 pau-

1949 1076 2011 1116 εει
2043 1072 2263 1129 peccata
2296 1061 2706 1126 committimus,
2725 1064 2920 1120 leniter
2945 1065 3341 1135 quodammodo
3365 1083 3512 1124 com-

1951 1169 2251 1221 moventur,
2282 1156 2430 1210 velut
2465 1154 2659 1224 planitie
2685 1172 2804 1226 qua:
2831 1173 2860 1210 a
2894 1160 2995 1213 leni
3032 1173 3161 1213 aura
3199 1159 3507 1229 agitantur:

1951 1249 2040 1302 ubi
2077 1264 2202 1302 vero
2232 1250 2383 1318 plura
2409 1249 2719 1318 maioraque
2748 1249 2945 1304 fuerint
2977 1255 3110 1306 mala
3133 1296 3148 1320 ,
3178 1269 3275 1324 pro
3301 1253 3510 1308 ratione

1951 1341 2271 1394 incrementi
2307 1351 2675 1409 peccatorua...
2707 1341 2868 1395 etiam
2895 1347 3183 1398 commotio
3211 1349 3392 1416 augeri
3417 1362 3508 1402 so-

1952 1435 2041 1488 let.
2070 1434 2132 1486 Et
2167 1433 2253 1486 alii
2282 1435 2496 1502 quidem
2529 1435 2754 1490 multum
2794 1445 3204 1490 commoventur
3229 1438 3351 1492 :alii
3383 1455 3508 1496 vero

1950 1543 2121 1597 usque
2153 1526 2307 1586 adeo.
2335 1537 2389 1580 ιιι
2421 1528 2584 1581 etiam
2631 1529 2890 1584 radicitus
2929 1528 3104 1584 eversi
3160 1529 3505 1599 dejiciantur,

1949 1637 2070 1676 Cum
2115 1620 2427 1691 spirituales
2452 1621 2704 1690 nequitia:
2733 1623 2884 1692 quasi
2918 1622 3126 1678 radices
3159 1623 3373 1690 animae,
3399 1626 3512 1692 qui-

1951 1714 2047 1769 bus
2080 1729 2177 1783 per
2201 1713 2358 1765 [idem
2404 1713 2455 1765 in
2497 1713 2660 1767 Deum
2693 1716 2919 1769 subnixa
2942 1725 3077 1776 erat,
3108 1715 3258 1769 omni
3293 1715 3509 1770 turbine

1950 1806 2238 1862 violentius
2257 1806 2595 1876 abruperiut.
2617 1807 2727 1877 Ego
2754 1809 2956 1878 itaque,
2981 1810 3175 1879 inquit,
3207 1819 3509 1868 commotus

1950 1901 2165 1966 quidem
2189 1914 2308 1954 sum
2346 1909 2402 1953 ut
2426 1899 2613 1965 homo;
2646 1900 2738 1955 sed
2782 1900 3003 1954 multum
3044 1918 3148 1956 non
3196 1917 3509 1959 commove-

273 1996 418 2050 κατὰ
433 1996 586 2057 Θεὸν,
613 1992 919 2064 ἀπορρήξῃ.
947 1992 1086 2060 Ἐγὼ
1118 1992 1318 2053 τοίνυν,
1341 1991 1521 2059 φησὶν,
1547 1989 1845 2061 ἐσαλεύθην
1877 1999 1918 2052 Β

1835 2007 1845 2040 ρ
1877 1999 1918 2052 Β
1948 1993 2062 2056 bor,
2096 1991 2350 2061 quoniam
2397 1988 2673 2046 suﬂ‘ulcior
2725 1991 2946 2047 dextera
2991 2007 3148 2047 manu
3188 1993 3505 2051 Salvatoris.

275 2088 376 2157 μὲν
391 2087 465 2149 ὡς
504 2084 818 2156 ἄνθρωπος·
851 2084 942 2136 ἐπὶ
976 2083 1156 2136 πλεῖον
1178 2084 1232 2136 δὲ
1262 2082 1321 2135 ού
1350 2081 1423 2152 μὴ
1461 2082 1725 2147 σαλευθῶ,
1760 2082 1849 2136 διὰ

268 2177 334 2230 τὸ
366 2178 842 2250 ἀντιστηρίζεσθαι
870 2180 935 2250 τῇ
967 2177 1116 2248 δεξιᾷ
1139 2177 1280 2248 χειρὶ
1302 2175 1395 2227 τοῦ
1440 2176 1709 2248 Σωτῆρος.

344 2268 398 2322 5.
419 2268 571 2336 Ἕως
588 2270 731 2323 πότε
751 2271 1086 2324 ἐπιτίθεσθε
1102 2269 1192 2321 ἐπ’
1207 2268 1518 2335 ἄνθρωπον
1537 2266 1850 2336 φονεύετε

270 2360 497 2429 πάντες
538 2363 725 2432 ὑμεῖς,
757 2362 836 2427 ὡς
880 2362 1057 2429 τοίχῳ
1098 2359 1424 2428 κεκλιμένῳ
1474 2360 1571 2412 καὶ
1606 2357 1850 2428 φραγμῷ

267 2451 550 2522 ὠσμένῳ;
584 2452 752 2506 Πάλιν
801 2453 912 2514 τοῖς
958 2452 1213 2523 πονηροῖς
1260 2450 1558 2521 ὑπηρέταις
1597 2450 1689 2504 τοῦ
1717 2449 1848 2502 -δια-

269 2543 427 2596 δόλου
461 2544 714 2614 μάχεται,
755 2545 853 2615 τὴν
884 2544 1149 2616 ἀμετρίαν
1172 2543 1493 2614 αἰτιώμενος
1517 2544 1544 2595 6
1569 2543 1726 2610 λόγος
1750 2541 1849 2612 τῆς

270 2639 403 2706 παρ’
430 2636 608 2690 αὐτῶν
639 2637 986 2710 ὲπαγομένης
1016 2637 1328 2709 ἐπιϐουλῆς.
1363 2637 1484 2691 Ὀτι
1524 2639 1571 2690 oi
1618 2635 1715 2706 μὲν
1753 2634 1847 2688 ἀν-

271 2729 484 2801 θρωποί
511 2732 616 2784 είσι
646 2729 784 2796 (ζῶον
808 2730 1032 2795 ἀσθενές
1055 2748 1068 2761 ο
1109 2732 1264 2800 ὑμεῖς
1299 2729 1355 2782 δὲ
1384 2726 1688 2783 ἐπιτίθεσθε
1708 2767 1721 2790 ,
1750 2726 1850 2779 οὐκ

269 2822 607 2894 ἀρκούμενοι
637 2825 702 2894 τῇ
729 2821 922 2896 πρώτῃ
951 2823 1224 2895 προσϐολῇ
1255 2838 1267 2850 ·
1301 2821 1436 2875 ἀλλὰ
1478 2820 1570 2874 καὶ
1593 2818 1851 2890 δευτέραν

270 2915 366 2968 καὶ
390 2915 578 2995 τρίτην
600 2916 854 2982 ὲπάγετε,
882 2917 985 2979 ἕως
1017 2915 1081 2968 ἂν
1111 2914 1253 2968 οὕτω
1281 2915 1380 2985 τὴν
1408 2913 1585 2984 ψυχὴν
1611 2913 1704 2966 τοῦ
1746 2932 1850 2966 πα-

274 3006 606 3076 ραπεσόντος
633 3006 762 3077 ὑμῖν
792 3007 1205 3078 καταστρέψητε
1234 3007 1379 3076 (78),
1411 3005 1549 3058 ὥστε
1598 3004 1847 3073 γενέσθαι

271 3106 665 3178 παραπλησίαν
694 3107 859 3178 τοίχῳ
889 3107 1124 3160 κλιθέντι
1143 3107 1236 3160 καὶ
1254 3105 1493 3179 φραγμῷ
1514 3105 1849 3176 ἀνατραπέν-

268 3216 345 3253 τι.
366 3199 553 3270 Τοῖχος
579 3199 657 3265 δὲ,
685 3199 790 3263 ἓως
813 3200 909 3271 μὲν
933 3200 1020 3253 ὅτε
1049 3199 1148 3270 τὴν
1165 3199 1330 3270 ὀρθὴν
1354 3196 1705 3267 διαφυλάσσει
1731 3197 1850 3248 στάο

273 3307 379 3355 σιν,
431 3291 627 3359 πάγιος
662 3292 843 3361 μένει·
884 3292 1101 3344 ἐπειδὰν
1140 3291 1195 3343 δὲ
1223 3290 1404 3358 κλιθῇ,
1453 3287 1667 3355 ἀνάγκη
1699 3288 1848 3338 πᾶσα

269 3383 436 3436 αὑτὸν
471 3383 784 3436 διαλυθέντα
807 3388 1010 3435 πεσεῖν.
1052 3383 1132 3434 Td:
1165 3382 1262 3451 μὲν
1286 3380 1394 3450 γὰρ
1422 3378 1673 3448 ἡνωμένα
1707 3376 1846 3448 βάρη

275 3476 415 3545 μετὰ
440 3477 538 3548 τὴν
587 3477 761 3529 κλίσιν
811 3476 1064 3548 ὀρθοῦται
1114 3474 1245 3544 (79),
1296 3473 1363 3526 τὰ
1415 3471 1469 3524 δὲ
1498 3471 1561 3524 ὲκ
1591 3471 1846 3524 πλειόνων

272 3569 628 3639 συγκείμενα,
666 3569 879 3622 ἐπειδὰν
906 3571 991 3638 ἐφ’
1027 3569 1083 3620 ἓν
1111 3569 1207 3640 τὴν
1232 3567 1404 3638 ῥοπὴν
1432 3565 1581 3640 πάθῃ
1601 3607 1614 3631 ,
1664 3565 1847 3618 οὐκέτι

270 3659 485 3729 δέχεται
512 3659 611 3730 τὴν
637 3659 1024 3731 ἐπανόρθωσιν.
1054 3657 1648 3711 Ἐνδείκνυταιτοίνυνὸ
1669 3655 1845 3723 λόγος,

270 3753 406 3821 ὅτιή
433 3753 590 3818 φύσις
609 3753 640 3822 ή
659 3751 749 3804 τοῦ
772 3749 1082 3822 ἀνθρώπου,
1104 3749 1357 3813 σύνθετος
1370 3745 1522 3815 οὖσα,
1542 3748 1730 3817 ἐκλίθη
1753 3747 1848 3818 μὲν

272 3843 380 3895 ὑπὸ
397 3843 492 3912 τῆς
514 3843 803 3914 ἁμαρτίας,
819 3843 1044 3913 λυθῆναι
1058 3842 1113 3895 δὲ
1129 3841 1344 3904 πάντως
1364 3840 1530 3910 αὐτὴν
1546 3841 1669 3911 χρή·
1687 3838 1847 3903 ὥστε,

275 3935 381 3988 ὑπὸ
413 3933 506 3986 τοῦ
539 3935 595 3999 ἐξ
613 3936 786 4004 ἀρχῆς
815 3935 1265 4005 οἰκοδομήσαντος
1296 3932 1463 4004 αὐτὴν
1489 3931 1728 4001 τεχνίτου
1748 3929 1851 3983 πά·-

271 4029 356 4082 λιν
381 4027 898 4094 ἀνασκευασθεῖσαν,
931 4028 990 4079 τὸ
1007 4027 1242 4095 ἀσφαλὲς
1277 4027 1370 4079 καὶ
1397 4026 1729 4079 ἀκατάλυτον
1757 4025 1850 4077 καὶ

275 4131 414 4202 πρὸς
459 4129 719 4200 δευτέραν
769 4127 976 4181 πτῶσιν
1035 4125 1486 4180 ἀνεπιϐούλευτον
1535 4123 1848 4178 ἀπολαϐεῖν.

278 4221 428 4274 Θεοῦ
456 4220 754 4290 γεώργιον,
808 4220 963 4292 φησὶ,
1019 4219 1165 4274 Θεοῦ
1201 4218 1479 4287 οἰκοδομή
1527 4218 1684 4272 ἐστε.
1740 4216 1850 4287 Τὴν

274 4318 565 4388 οἰκοδομὴν
592 4319 795 4389 ταύτην
823 4320 1136 4372 κατέσεισεν
1173 4320 1201 4370 6
1229 4316 1420 4387 ἐχθρός
1441 4334 1453 4346 ο
1489 4317 1556 4370 τὰ
1588 4317 1850 4386 γενόμενα

275 4412 335 4461 ὲν
387 4411 524 4479 αὐτῇ
581 4413 836 4481 ῥήγματα
884 4413 1245 4464 ἀνεσκεύασεν
1293 4415 1320 4465 6
1360 4410 1713 4480 Δημιουργός.
1749 4409 1852 4461 Οὖ-

275 4518 387 4564 τως
418 4503 690 4569 ἀναγκαία
733 4503 830 4573 μὲν
876 4505 908 4574 ὴ
945 4502 1150 4566 πτῶσις
1179 4503 1266 4556 διὰ
1295 4502 1391 4572 τὴν
1419 4501 1712 4572 ἁμαρτίαν,
1752 4518 1848 4571 με-

277 4594 420 4665 γάλη
449 4595 505 4646 δὲ
537 4596 887 4666 ὴάνάστασις
911 4596 998 4649 διὰ
1027 4595 1124 4667 τὴν
1155 4595 1475 4649 ἀθανασίαν.
1521 4593 1694 4661 Πλὴν
1738 4591 1850 4660 τὴν

2019 2268 2071 2322 5.
2118 2269 2278 2325 Vens.
2303 2270 2356 2324 4.
2399 2268 2677 2340 Quousque
2704 2269 2905 2325 irruitis
2937 2271 2990 2323 in
3018 2270 3320 2326 hominem?
3343 2271 3509 2328 inter-

1948 2361 2102 2430 ficitis
2133 2363 2288 2434 195
2313 2364 2538 2419 universi
2560 2379 2647 2418 vos
2670 2372 2915 2433 tanquam
2953 2363 3138 2431 parieti
3181 2363 3432 2420 inclinato
3459 2375 3507 2420 et

1949 2458 2189 2508 maceria:
2215 2457 2480 2526 depulsae?
2515 2457 2726 2513 Rursus
2763 2458 3022 2512 adversus
3065 2472 3262 2528 pravos
3303 2459 3505 2514 diaboli

1952 2545 2228 2600 ministros
2272 2557 2471 2617 pugnat
2521 2547 2609 2602 ltic
2654 2564 2853 2612 sermo,
2915 2549 3230 2606 immodicas
3265 2565 3386 2621 qua:
3438 2551 3508 2605 ab

1951 2636 2083 2705 ipsis
2111 2649 2398 2696 struuntur
2448 2639 2671 2694 insidias
2701 2656 2983 2696 accusans.
3023 2641 3288 2698 Nimirum
3327 2644 3504 2699 homi-

1952 2752 2047 2793 nes
2087 2734 2286 2789 animal
2317 2732 2490 2787 debile
2526 2743 2684 2798 sunt;
2723 2748 2817 2787 vos
2846 2741 3024 2786 autem
3070 2735 3298 2803 irruitis,
3331 2736 3507 2805 primo

1949 2827 2153 2882 assultu
2187 2842 2290 2880 non
2325 2825 2563 2880 contenti
2594 2843 2609 2880 :
2642 2825 2735 2880 sed
2767 2834 2820 2879 et
2853 2825 3150 2879 secundum
3201 2834 3256 2880 et
3285 2826 3502 2880 tertium

1950 2921 2183 2983 infertis,
2215 2921 2386 2974 donec
2413 2918 2490 2973 sic
2527 2920 2762 2973 animam
2817 2917 2936 2989 ejus
2965 2917 3054 2988 qui
3087 2918 3140 2972 in
3183 2933 3276 2974 vos
3302 2917 3508 2974 incide-

1951 3017 2038 3075 rit,
2069 3010 2412 3072 subvertatis,
2448 3011 2520 3063 ita
2550 3019 2605 3062 ut
2636 3011 2828 3078 parieti
2867 3010 3127 3066 inclinato
3163 3019 3217 3065 et
3257 3013 3507 3065 maceriae

1951 3105 2140 3156 dirutae
2177 3103 2266 3155 liat
2300 3103 2618 3156 consimilis.
2652 3101 2835 3157 Paries
2872 3113 3050 3157 autem
3098 3103 3334 3171 quandiu
3384 3104 3508 3171 qui-

1950 3196 2070 3250 dem
2117 3195 2279 3250 situm
2328 3207 2532 3250 rectum
2579 3205 2881 3256 conservat,
2934 3194 3124 3249 ﬁrmus
3175 3203 3382 3260 manet;
3415 3195 3505 3249 ubi

1953 3305 2079 3344 vero
2127 3290 2417 3345 inclinatus
2474 3289 2658 3354 fuerit,
2707 3288 2880 3358 ipsum
2927 3287 3246 3343 dissolutum
3303 3287 3503 3343 cadere

1949 3385 2168 3438 Otttttino
2199 3398 2415 3437 necesse
2447 3393 2545 3435 est.
2582 3380 2710 3434 Nam
2750 3382 2979 3449 pondera
3017 3396 3080 3434 ex
3119 3395 3225 3434 uno
3249 3389 3505 3434 constan-

1950 3479 2021 3532 tia
2069 3487 2190 3546 post
2227 3475 2630 3529 inclinationem
2671 3474 2989 3542 eriguntur:
3027 3474 3119 3528 sed
3167 3489 3229 3528 ea
3277 3487 3396 3543 quas
3436 3487 3500 3526 ex

1949 3569 2191 3638 pluribus
2242 3575 2658 3634 componuntur,
2687 3575 2966 3635 postquam
3005 3564 3404 3620 inclinationem
3436 3565 3501 3618 ad

1950 3676 2106 3714 unam
2140 3669 2346 3729 partem
2404 3673 2657 3727 perpessa
2710 3658 2931 3720 fuerint,
2988 3658 3165 3712 denuo
3209 3657 3341 3726 erigi
3396 3672 3502 3710 nou

1948 3763 2192 3823 possunt.
2219 3752 2464 3807 Ostendit
2513 3753 2675 3820 igitur
2718 3764 2918 3815 sermo,
2973 3759 3218 3802 naturam
3271 3748 3503 3802 hominis

1949 3862 2069 3902 cum
2109 3847 2404 3915 composita
2431 3845 2521 3906 sit,
2552 3842 2864 3897 inclinatam
2893 3841 3106 3911 quidem
3132 3841 3298 3894 fuisse
3322 3857 3348 3894 a
3380 3855 3504 3908 pec-

1951 3949 2092 4003 cato,
2119 3939 2211 3993 sed
2239 3939 2406 4007 ipsam
2439 3935 2652 4006 penitus
2684 3933 2815 3988 solvi
2846 3945 3114 4001 oportere,
3142 3931 3278 3983 ntali
3299 3930 3505 3985 artiﬁce

1950 4031 2038 4099 qui
2067 4046 2185 4086 eam
2211 4029 2278 4084 ab
2302 4030 2455 4084 initio
2477 4025 2765 4083 tediﬁcavit
2795 4039 2979 4079 rursus
3013 4033 3278 4092 reparata,
3308 4030 3504 4078 statum

1950 4124 2181 4194 accipiat
2207 4132 2400 4186 tutum,
2431 4118 2993 4186 indissolubilemque,
3024 4129 3079 4172 et
3125 4117 3331 4171 insidiis
3371 4115 3507 4169 alte-

1949 4218 2060 4271 rius
2087 4231 2245 4271 casus
2275 4217 2627 4269 inaccessum.
2679 4212 2774 4264 Dei
2821 4208 3164 4280 agricultura,
3195 4207 3386 4276 inquit,
3412 4203 3506 4259 Dei

1949 4309 2230 4375 azdi/icatio
2276 4305 2402 4360 estis
2421 4305 2488 4358 ³³.
2534 4301 2971 4358 Ᾰέἀίίίοιιιίοιιειη
3027 4300 3183 4354 istam
3232 4295 3507 4352 CODCUSail

1951 4399 2227 4462 inimicus,
2257 4406 2313 4452 at
2336 4397 2602 4452 fracturas
2644 4394 2695 4448 in
2725 4408 2787 4448 ea
2821 4392 2997 4447 factas
3016 4390 3201 4460 Opifex
3233 4390 3504 4443 instaura-

1949 4493 2046 4546 vit.
2081 4491 2170 4546 Sic
2193 4489 2532 4546 necessarius
2554 4488 2768 4558 quidem
2789 4495 2871 4541 est
2909 4500 3088 4546 casus,
3127 4491 3349 4552 propter
3375 4494 3503 4549 pec-

1952 4595 2132 4640 catum
2165 4584 2297 4638 :sed
2335 4597 2524 4652 magna
2561 4589 2644 4636 est
2689 4577 3033 4640 resurrectio,
3080 4577 3149 4628 ob
3189 4572 3506 4627 immortali-

276 4688 457 4755 τιμήν
474 4706 592 4756 μου
612 4688 1049 4742 ἐϐουλεύσαντο
1077 4666 1446 4742 ἀπώσασθαι·
1469 4686 1723 4753 ἔδραμον
1740 4685 1848 4756 (80)
1883 4677 1926 4734 Ι)

1836 4687 1848 4754 )
1883 4677 1926 4734 D
1956 4687 2135 4734 tatem.
2162 4675 2322 4731 VERS.
2347 4675 2399 4729 5.
2432 4674 2794 4728 Verumtamen
2815 4671 3036 4725 uretium
3059 4683 3225 4722 meum
3253 4666 3506 4736 cogitare-

355 4802 400 4833 ³¹
439 4802 609 4857 ICor.
651 4819 731 4866 ιιι,
766 4803 820 4858 9.

357 4891 470 4961 (75)
503 4892 654 4947 coni.
725 4903 950 4962 quartus
1000 4891 1426 4963 ἐπ’ὰνθρώπου.
1485 4890 1692 4946 Ibidem
1745 4870 1856 4941 tres.

280 4977 418 5017 mss.
447 4963 712 5030 γίνεσθαι.

358 5026 471 5104 (76)
504 5034 678 5104 Editio
702 5031 862 5086 Basil.
900 5033 1344 5102 περιδονούμενα.
1384 5030 1562 5085 Editio
1590 5043 1719 5084 vero
1756 5026 1854 5082 Pii--

281 5103 388 5156 ris.
418 5103 470 5172 et
497 5103 708 5172 Anglic.
745 5113 797 5157 et
825 5104 966 5156 Oliv.
1001 5114 1055 5156 et
1086 5104 1255 5157 nostri
1297 5117 1493 5158 novem
1532 5115 1661 5155 mss.
1696 5114 1853 5168 περι-

277 5170 435 5227 δονού
445 5170 616 5240 μενοι.

361 5237 473 5314 (77)
497 5244 647 5314 Coll).
679 5254 901 5314 quartus
925 5244 1308 5314 ἀπεστήρικτο.
1341 5241 1531 5314 Statim
1552 5239 1678 5294 editi
1713 5237 1851 5314 Ἐγὼ

280 5310 466 5366 τοίνυν
493 5310 806 5384 ὲσαλεύθην,
837 5315 1020 5385 φησὶν,
1049 5310 1150 5376 ὼς.
1175 5317 1245 5367 At
1275 5326 1401 5367 mss.
1442 5311 1676 5380 quinque
1717 5320 1775 5362 ut
1794 5310 1847 5362 itt

281 5392 560 5438 contextu.

359 5452 472 5523 (78)
510 5453 582 5506 Ita
629 5452 925 5508 Colbertini
971 5455 1209 5523 quintus,
1264 5463 1449 5523 sextus
1493 5449 1846 5523 ethsept‘imtts

281 5539 409 5578 cum
443 5522 574 5593 Reg.
603 5525 759 5577 tertio
803 5535 855 5578 et
883 5518 1005 5576 cum
1033 5526 1266 5576 editione
1298 5520 1591 5593 BasiluAlii
1625 5518 1840 5588 quidam

283 5589 577 5664 inessent—tt
605 5595 837 5647 editione
868 5593 1036 5664 Paris.
1067 5589 1534 5664 καταστρέψησθε.

494 5663 620 5730 Reg.
657 5664 922 5733 secundus
943 5662 1245 5733 ὀρθοῦνται,

359 5728 470 5802 (80)
503 5728 653 5797 Illud,
683 5732 934 5802 ἔδραμον,
971 5728 1039 5786 ita
1074 5737 1122 5784 iu
1162 5732 1381 5799 Vulgata
1415 5740 1468 5784 et
1501 5730 1639 5802 apud
1683 5728 1832 5802 Lati-

283 5798 387 5855 ttns
442 5801 624 5855 Patres
653 5798 961 5869 evpreSStiut
1019 5798 1306 5862 invenitur,
1337 5801 1542 5853 cucurri
1591 5810 1712 5869 {et
1758 5798 1832 5851 ita

285 5886 524 5940 quoque,
584 5868 744 5924 invito
794 5871 1010 5934 Ba~ili0,
1069 5875 1446 5937 interpretatus
1483 5879 1567 5922 est
1596 5868 1834 5920 Tiltnau-

289 5959 414 5996 nus.
455 5941 663 5995 Etenim
712 5945 798 6010 qui
842 5958 943 5999 ιιοιι
980 5943 1139 6008 videt,
1175 5943 1274 5996 nisi
1315 5951 1551 5994 vertatur
1589 5954 1834 5993 cucurre-

1957 4890 2097 4943 runt,
2118 4875 2438 4932 ἀκολουθίαν
2468 4873 2730 4928 orationis
2760 4880 3013 4943 constare
3042 4884 3144 4924 non
3187 4883 3364 4937 posse,
3399 4883 3505 4922 cm-

1955 4941 2127 5006 cutiat
2175 4961 2394 5002 necesse
2417 4957 2518 4998 est.
2553 4944 2680 4997 Hem
2708 4953 2913 5012 gratam
2959 4941 3224 4995 facturum
3264 4954 3349 4991 tne
3394 4950 3505 4990 stu-

1954 5021 2122 5075 diosis
2153 5015 2480 5077 existimavi,
2519 5014 2563 5068 si
2602 5015 2700 5068 hoc
2729 5016 2846 5067 loco
2868 5012 3069 5066 edenda
3102 5023 3352 5063 curarem
3380 5023 3502 5076 qua:

1954 5090 2082 5145 olim
2107 5090 2158 5142 in
2205 5088 2345 5141 hunc
2370 5083 2544 5138 locum
2581 5084 2857 5137 annotavit
2892 5079 3303 5149 antiquissimus
3334 5077 3505 5132 inter-

1957 5176 2080 5230 pres
2103 5157 2380 5230 Eusebius.
2413 5155 2542 5230 Ejus
2574 5155 2733 5223 igitur
2763 5154 2875 5230 haec
2902 5160 3047 5230 sunt:
3070 5150 3330 5230 psalmum
3355 5163 3505 5230 getia-

1956 5217 2215 5299 gcsimtttn
2237 5217 2483 5299 pritttttnii
2505 5217 2914 5299 nlerprelant‘is:
2938 5219 3231 5299 :EQQayay
3343 5217 3504 5299 δίψει

1948 5288 2553 5368 ἶὴνέμὴναπῴλειςιν
2587 5288 2914 5368 θεάσασθαι
2936 5290 3248 5368 διψῶντες.
3272 5289 3420 5368 ξᾼν-τι
3448 5288 3503 5340 δὲ

1943 5357 2056 5432 τοῧ,
2080 5357 2149 5422 ἐν
2165 5357 2344 5434 diei-et;
2373 5367 2442 5418 ἐν
2465 5365 2862 5434 διαψεύσματι
2879 5365 2906 5414 6
2942 5359 3168 5434 Ἀκύλας
3179 5377 3205 5434 Ἀ
3220 5362 3248 5412 6
3267 5358 3322 5410 δὲ
3355 5357 3502 5434 μ.-

1941 5428 2134 5522 μαχος.
2152 5428 2546 5522 ἐν’ψεύσματι·
2688 5428 2963 5522 είὲζιδοσις,
2980 5428 3281 5522 ervere???
3303 5429 3395 5514 καὶ
3409 5429 3505 5513 παῖ

1941 5495 2203 5578 λινἿὲτέρα
2223 5495 2449 5569 ἕκδοσίς,
2468 5507 2536 5559 ἐν
2553 5495 2732 5578 δὸλῳ,
2752 5495 3284 5578 ὴρμήμνευσανΕίκδς
3305 5495 3396 5551 οὖν
3412 5499 3506 5578 καὶ

1940 5583 1996 5633 ὲν
2020 5584 2083 5651 τῇ
2114 5569 2235 5651 καθ’
2257 5576 2737 5651 ήμᾶςῌάναγνιὶισει
2767 5569 2979 5651 κεῖσθαι
3002 5573 3101 5642 μὲν
3131 5570 3392 5651 πρότερον
3404 5569 3503 5651 ⁸τὸ,

1938 5652 2006 5702 ἐν
2023 5636 2230 5719 ψεύδει
2250 5666 2261 5678 ·
2279 5636 2376 5720 ’ἵνα
2438 5647 2502 5720 τὸ
2527 5636 2814 5720 λεγόμενον
2828 5659 2848 5720 _'
2873 5636 3259 5720 ᾝδραιέοιξένς
3272 5636 3501 5717 ψεύδει,

1939 5709 2232 5780 τουτέστιν,
2287 5719 2336 5770 οἱ
2365 5709 2547 5787 ὲᾷξθροί
2587 5709 2727 5787 post
2757 5714 2850 5787 καί
2883 5715 2929 5765 oi
2978 5709 3412 5787 ἐπιϐουλεύοντες
3445 5711 3506 5786 οξ

1943 5793 2038 5845 σὺν
2071 5788 2314 5858 ἀληθεία.
2341 5780 2429 5858 τὸν
2462 5780 2734 5858 κατδὲμού-
2761 5784 2957 5858 δρομον
2980 5783 3074 5858 καί
3095 5782 3335 5858 “cavatae
3372 5780 3502 5846 ἐμοῦ

1943 5850 2174 5930 σπουδὴν
2200 5850 2494 5930 ἐποιοῦντο,
2523 5850 2675 5917 ὅλους
2695 5855 2750 5930 δε
2785 5850 3080 5930 αὐτοὺςτῷ
3106 5850 3304 5930 ψεύδει*
3325 5865 3500 5930 παρα.-

1939 5916 2144 5993 δόντεςί
2178 5929 2396 5997 σφάλμα
2435 5916 2489 5979 at
2527 5916 2790 5986 γοασικὸν
2817 5916 3094 5991 γεγονέναι
3122 5916 3184 5975 ⁷ἐν
3221 5925 3332 5975 τοῖς
3371 5916 3506 5975 μετὰ
