4230 6512
775 472 880 527 {75

2074 462 2129 515 S.
2173 457 2413 512 liASlLll
2451 454 2659 511 MACM

3888 453 3988 505 Uti

775 597 896 640 runt
921 583 1191 652 repellere;
1217 587 1556 634 cucurrerunt
1596 579 1648 631 in
1677 580 1785 645 siti,
1815 595 1901 631 ore
1939 595 2031 632 suo
2059 577 2320 632 benedice-
2351 581 2392 635 Α
2420 574 2443 624 ἐ

2319 611 2320 614 η
2351 581 2392 635 Α
2420 572 2677 640 ἐνδίψει,
2697 569 2774 635 τῷ
2789 574 3033 640 στόματι
3045 572 3557 640 (ιύτῶνεὺλόγουν,
3574 569 3669 621 καὶ
3688 567 3763 634 τῇ
3779 567 3989 634 καρδίᾳ

775 681 916 738 bant,
938 688 982 730 et
1007 674 1160 727 corde
1180 690 1272 726 suo
1294 673 1688 725 maledicebant.
1716 672 1956 726 Pretium
1992 670 2224 726 hominis
2241 681 2325 724 est

776 768 992 838 sanguis
1032 766 1232 820 Christi
1273 784 1284 818 :
1320 764 1498 818 Pretio
1533 765 1693 823 enim,
1741 764 1933 832 inquit,
1971 763 2126 830 empti
2169 763 2325 822 estis;

776 860 933 913 nolite
957 858 1070 925 ﬁeri
1098 860 1230 911 servi
1255 857 1518 909 hominum
1536 855 1600 908 ³³.
1639 854 1751 909 Hoc
1795 856 1958 925 igitur
1989 853 2216 926 pretium
2246 854 2324 906 in-

782 951 908 1004 utile
939 950 1089 1003 nobis
1117 949 1338 1002 reddere
1358 947 1728 1016 cogitaverunt
1756 949 1955 1003 milites
1989 945 2142 1010 hujus
2174 944 2327 998 inali—

779 1044 889 1110 gui,
925 1041 1086 1094 semel
1118 1040 1371 1094 liberatos
1403 1054 1589 1092 rursus
1624 1039 1675 1092 in
1711 1043 2024 1096 servitutem
2053 1038 2326 1091 adducen-

782 1142 877 1183 tes.
907 1129 1258 1183 Cucurrerunt
1286 1130 1339 1181 in
1369 1130 1478 1183 siti.
1504 1130 1930 1185 Concitationem
1956 1145 2017 1181 ae
2041 1129 2329 1182 vehemen—

781 1224 906 1276 tiam
939 1223 1252 1275 insidiarum
1279 1221 1578 1274 daemonum
1607 1225 1883 1276 enuntiat:
1910 1221 2108 1289 quippe
2137 1220 2327 1272 adver—

779 1327 895 1365 sum
926 1325 1021 1364 nos
1070 1320 1313 1370 currunt,
1348 1311 1626 1363 interitum
1661 1322 1900 1364 nostrum
1932 1310 2194 1362 sitientes.
2228 1307 2330 1361 Ore

777 1419 869 1456 suo
917 1402 1296 1466 benedicebant,
1337 1412 1383 1454 et
1417 1405 1570 1456 corde
1619 1419 1712 1455 suo
1752 1401 2148 1455 maledicebant.
2182 1399 2329 1452 Multi

781 1503 904 1545 sunt
931 1493 1019 1560 qui
1057 1508 1249 1560 pravas
1298 1496 1648 1562 comprobant
1703 1493 1976 1559 actiones;
2011 1503 2065 1547 et
2095 1492 2330 1546 dicacem

781 1585 991 1652 quidem
1018 1583 1254 1652 lepidum
1282 1586 1480 1647 dicunt,
1517 1598 1638 1637 eum
1681 1598 1806 1639 vero
1831 1587 1916 1654 qui
1946 1587 2173 1639 obscena
2207 1597 2330 1636 ver-

781 1673 844 1726 ba
885 1671 1110 1740 profert,
1145 1674 1414 1741 politicum
1449 1685 1464 1723 :
1497 1674 1887 1728 amarulentum
1915 1683 1968 1727 et
1990 1671 2329 1736 iracundum,

782 1780 886 1818 non
917 1763 1364 1818 contemnendum
1392 1765 1613 1819 dicunt:
1645 1767 1864 1820 laudant
1901 1779 2120 1830 parcum
2146 1773 2198 1818 et
2230 1761 2333 1816 illi-

783 1856 1014 1910 beralem
1043 1864 1100 1908 ut
1134 1857 1552 1921 meonomieum,
1600 1857 1877 1925 prodigum
1913 1864 2165 1922 tanquam
2195 1853 2330 1907 libe-

785 1947 971 2007 ralem,
1012 1943 1365 2002 seortatorem
1399 1959 1452 2003 et
1487 1948 1764 2010 lascivum,
1795 1947 2042 1999 utvirum
2074 1946 2229 2014 genio
2255 1946 2306 2000 in

783 2041 1106 2109 dulgentem,
1125 2052 1177 2094 et
1199 2043 1359 2094 animi
1385 2040 1659 2094 solutioris
1683 2062 1692 2093 :
1718 2042 1945 2109 denique
1974 2039 2156 2091 vitium
2179 2053 2336 2093 omne

786 2135 1027 2200 specioso
1056 2134 1272 2185 nomine
1293 2130 1503 2184 virtutis
1538 2131 1831 2198 adjacentis
1849 2129 2142 2197 appellant.
2181 2127 2338 2183 Tales

788 2239 883 2277 ore
919 2223 1129 2291 quidem
1177 2221 1522 2286 benedicunt,
1554 2223 1713 2276 corde
1749 2237 1876 2277 vero
1918 2220 2244 2275 maledicunt
2269 2219 2335 2272 ³⁸.

789 2313 919 2366 Nam
950 2315 1127 2367 verbis
1174 2314 1310 2368 bene
1345 2315 1597 2367 ominatis
1643 2329 1854 2368 omnem
1911 2313 2334 2368 exsecrationem

788 2406 910 2459 vita:
937 2405 1145 2459 illorum
1177 2406 1440 2475 ingerunt,
1470 2406 1717 2473 ipsosque
1740 2415 1953 2458 αξιοι-[ια’
1975 2403 2337 2458 damnationis

793 2510 909 2548 reos
936 2507 1027 2562 per
1047 2509 1107 2547 ea
1137 2509 1254 2561 quze
1274 2495 1592 2563 approbant,
1620 2497 1970 2550 constituunt.
1992 2495 2196 2549 Rursus
2209 2493 2339 2548 allo—

789 2585 971 2654 quitur
1000 2585 1256 2647 animam,
1286 2586 1399 2653 ejus
1429 2601 1555 2655 erga
1598 2585 1763 2640 Deum
1805 2585 2160 2642 obedientiam
2184 2586 2339 2656 196

792 2677 1078 2745 adaugens.
1123 2675 1282 2731 Vsas.
1323 2676 1376 2732 6.
1423 2676 1806 2742 Verumtamen,
1851 2679 2045 2749 inquit,
2079 2679 2185 2732 Deo
2220 2679 2336 2732 sub-

785 2765 927 2834 jecta
947 2779 1076 2832 esto,
1095 2769 1269 2821 anima
1294 2785 1425 2833 mea,
1450 2771 1691 2838 quoniam
1718 2770 1778 2821 ab
1802 2771 1912 2836 ipso
1934 2772 2184 2837 patientia
2204 2786 2335 2824 mea.

795 2858 992 2912 ludicat
1040 2860 1390 2912 tentationum
1438 2860 1875 2929 magnitudinem,
1931 2871 1984 2914 et
2017 2863 2142 2914 illud
2194 2866 2335 2930 Apo—

793 2948 913 3001 stoli
936 2947 1083 3011 dicit,
1113 2951 1252 3016 quod
1282 2964 1384 3001 non
1415 2949 1557 3002 sinet
1587 2949 1782 3003 tentari
1811 2965 1907 3004 nos
1939 2965 2096 3019 supra
2118 2951 2168 3004 id
2199 2952 2338 3021 quod

794 3040 1054 3095 sustinere
1087 3055 1368 3108 possumus
1387 3043 1452 3095 ³⁸.
1478 3041 1552 3094 Ab
1581 3042 1694 3112 ipso
1713 3044 1853 3098 enim
1882 3045 2138 3112 patientia
2170 3060 2303 3098 mea.

861 3310 915 3366 4.
957 3311 1118 3365 Vens.
1156 3313 1207 3366 8.
1251 3311 1314 3366 In
1379 3314 1481 3367 Deo
1526 3315 1759 3369 salutare
1823 3334 2025 3383 meum,
2068 3330 2112 3372 et
2171 3322 2339 3388 gloria

797 3422 910 3457 mea
943 3405 1117 3459 :Deus
1141 3408 1327 3460 auxilii
1366 3409 1485 3470 mei,
1515 3419 1559 3462 et
1589 3426 1700 3475 spes
1728 3426 1840 3463 mea
1866 3412 1919 3463 in
1947 3410 2052 3464 Deo
2084 3424 2178 3464 est.
2210 3411 2343 3466 Bea-

799 3509 882 3550 tus
910 3499 998 3564 qui
1037 3500 1103 3551 ob
1151 3500 1348 3552 nulla’m
1380 3501 1499 3553 vita:
1532 3516 1641 3554 rem
1677 3504 2017 3568 quantumvis
2059 3503 2338 3557 sublimem

797 3590 1045 3651 exsultat,
1078 3592 1170 3644 sed
1221 3606 1372 3643 suam
1434 3592 1656 3660 gloriam
1705 3595 1869 3647 Deum
1928 3596 2241 3664 habetzqni
2289 3596 2340 3650 in

796 3678 1008 3732 Christo
1044 3678 1325 3746 gloriatur,
1352 3694 1410 3733 ac
1451 3681 1748 3733 secundum
1799 3685 2114 3752 Apostolum
2163 3685 2342 3739 dicere

799 3780 974 3836 potest
1022 3787 1037 3823 :
1085 3769 1219 3823 Milli
1277 3784 1446 3824 autem
1486 3771 1620 3824 absit
1664 3772 1906 3839 gloriari,
1962 3777 2062 3829 nisi
2100 3778 2152 3829 in
2195 3793 2347 3830 cruce

798 3863 992 3914 Christi
1017 3862 1080 3914 ³³.
1112 3861 1261 3914 Nune
1299 3877 1427 3916 vero
1473 3863 1625 3916 multi
1654 3864 1717 3916 de
1753 3879 1976 3931 corpore
2023 3868 2345 3935 gloriantur,

797 3952 886 4020 qui
933 3967 1049 4006 sese
1092 3953 1142 4005 in
1195 3954 1456 4023 gymnicis
1499 3969 1792 4009 exercuere
1822 3957 2223 4019 certaminibus,
2257 3968 2349 4012 aut

799 4044 1017 4099 otnnino
1041 4046 1109 4099 ob
1143 4047 1315 4099 anatis
1363 4044 1547 4100 florem
1576 4047 1792 4118 vigent:
1825 4047 1972 4101 multi
2000 4048 2180 4102 itidem
2213 4049 2342 4103 eﬂ'e-

804 4145 993 4189 runtur
1023 4137 1088 4188 de
1135 4137 1325 4190 bellica
1377 4136 1705 4198 fortitudine.
1742 4139 2017 4207 quietiam
2064 4139 2342 4193 tribulium

800 4225 993 4277 (':l‘tleln
1041 4226 1292 4279 virtutem
1341 4242 1464 4282 esse
1517 4230 1740 4282 ducunt.
1772 4230 2054 4285 Enimvero
2085 4246 2258 4285 rerum
2292 4233 2342 4284 in

801 4314 949 4368 bellis
975 4315 1109 4368 bene
1157 4327 1427 4385 gestarum
1467 4321 1705 4385 pra‘miu,
1735 4336 1796 4374 ac
1824 4324 2054 4390 lropb:ea
2079 4324 2144 4377 ab
2180 4324 2350 4391 impe.

803 4416 980 4460 ratore
1025 4415 1078 4460 et
1103 4423 1130 4459 a
1157 4407 1463 4462 civitatibus
1494 4420 1696 4470 erecta,
1735 4426 1833 4476 pro
1874 4414 2032 4467 credis
2085 4417 2348 4482 magnitu-

801 4499 921 4551 dine
942 4497 1093 4550 linnt.
1123 4498 1222 4550 Alii
1259 4499 1641 4564 glorianturnb
1665 4500 1850 4554 ductos
1875 4503 2076 4555 circum
2105 4506 2348 4560 civitates

2423 665 2618 718 αὐτῶν
2648 664 3000 731 natm/(Erro.
3050 664 3193 733 Τιμὴ
3250 664 3529 736 ἀνθρώπου
3589 662 3648 713 τὸ
3696 654 3839 730 αἷμα
3894 660 3986 711 τοῦ

2423 758 2654 830 Χριστοῦ
2676 774 2689 787 ⁸
2749 757 2923 825 Τιμῆς
2959 759 3088 826 γὰρ,
3125 757 3307 825 φησιν,
3356 753 3756 826 ἠγοράσθητε’
3779 752 3868 823 μὴ
3907 752 3989 818 γί-

2424 855 2600 904 νεσθε
2649 849 2854 904 δοῦλοι
2910 852 3249 918 ἀνθρώπιον.
3287 849 3498 922 Ταύτην
3536 845 3628 902 οὖν
3670 849 3770 917 τὴν
3827 847 3988 918 τιμὴν

2424 943 2805 996 ἐϐουλεύσαντο
2877 944 3145 1015 ἄχρηστον
3207 943 3336 1010 ἡμῖν
3411 941 3791 1012 καταστῆσαι,
3863 940 3986 1000 τοὺς

2426 1035 2571 1098 ἅπαξ
2605 1034 3061 1104 ἐλευθερωθέντας
3084 1033 3242 1086 πάλιν
3277 1035 3352 1095 εις
3390 1033 3630 1087 δουλείαν
3681 1031 3984 1098 ἐνάγοντες,

2425 1123 2474 1174 οἱ
2512 1123 2832 1193 στρατιῶται
2861 1126 2952 1176 τοῦ
2979 1121 3234 1195 πονηροῦ.
3272 1122 3567 1190 Ἕδραμον
3606 1125 3674 1177 ἐν
3702 1124 3884 1192 δίψει.
3918 1117 3988 1171 Τὸ

2430 1215 2674 1270 σύντονον
2721 1217 2866 1283 λέγει
2918 1217 3016 1286 τῆς
3071 1217 3178 1270 τῶν
3220 1215 3486 1284 δαιμόνων
3543 1216 3858 1286 ἐπιϐουλῆς,
3909 1213 3988 1264 ὅτι

2428 1308 2680 1378 τρέχουσι
2705 1308 2825 1362 καθ’
2856 1308 3032 1376 ἡμῶν,
3082 1309 3337 1378 διψῶντες
3370 1306 3524 1376 ἡμῶν
3561 1307 3657 1376 τὴν
3693 1309 3989 1360 ἀπώλειαν.

2435 1399 2514 1464 Τῷ
2537 1401 2783 1466 στόματι
2808 1397 3003 1451 αὐτῶν
3029 1402 3341 1469 εὐλόγουν,
3361 1398 3455 1451 καὶ
3476 1396 3548 1464 τῇ
3566 1400 3777 1466 καρδίᾳ
3796 1394 3993 1454 αὐτῶν

2429 1489 2783 1556 κατηρῶντο.
2830 1488 3017 1542 Πολλοί
3069 1491 3174 1542 εἰσι
3210 1492 3320 1561 (81)
3349 1490 3448 1550 τὰς
3482 1487 3723 1556 πονηρὰς
3765 1491 3992 1560 πράξεις

2429 1580 2831 1650 ἀποδεχόμενοι,
2859 1581 2952 1632 καὶ
2983 1579 3240 1649 χαρίεντα
3284 1581 3379 1651 μὲν
3407 1577 3496 1629 τὸν
3531 1576 3868 1647 εὐτράπελον
3899 1578 3991 1631 λέ·

2431 1661 2643 1742 γοντες,
2691 1674 2779 1725 τὸν
2820 1673 2876 1726 δὲ
2913 1671 3262 1742 αἰσχρολόγον
3309 1670 3579 1725 πολιτικόν
3607 1685 3621 1699 ο
3663 1667 3756 1721 τὸν
3798 1671 3996 1740 πικρὸν

2433 1767 2522 1819 καὶ
2544 1765 2751 1835 ὀργίλον
2783 1763 3221 1834 ἀκαταφρόνητον
3255 1763 3580 1836 ὀνομάζουσι
3602 1778 3616 1792 ⁸
3668 1760 3760 1814 τὸν
3796 1764 3993 1829 φειδω-

2433 1860 2519 1911 λὸν
2558 1859 2648 1909 καὶ
2688 1857 3042 1928 ἀκοινώνητον
3078 1856 3152 1917 ὡς
3195 1855 3530 1926 οἰκονομικὸν
3572 1853 3875 1913 ἐπαινοῦσι,
3907 1854 3995 1905 τὸν

2434 1951 2636 2004 ἄσωτον
2692 1950 2765 2012 ὼς
2821 1950 3122 2020 ἐλευθέριον
3155 1988 3169 2010 ν
3245 1949 3332 2001 τὸν
3385 1949 3578 2019 πόρνον
3633 1945 3728 1998 καὶ
3791 1945 3996 2012 ἀσελγῆ

2434 2043 2824 2097 ἀπολαυστικόν
2866 2060 2983 2095 τινα
3016 2039 3107 2092 καὶ
3147 2040 3426 2109 ἀνειμένον
3451 2057 3464 2070 ο
3519 2039 3611 2092 καὶ
3662 2036 3997 2104 ἁπαξαπλῶς

2435 2137 2610 2188 πᾶσαν
2645 2135 2839 2187 κακίαν
2865 2138 2927 2188 ἐκ
2958 2132 3055 2201 τῆς
3097 2132 3513 2204 παρακειμένης
3545 2130 3746 2201 ἀρετῆς
3793 2130 3996 2181 ὑποκο-

2439 2227 2690 2298 ρίζονται.
2729 2229 2790 2278 Οἱ
2816 2227 3040 2281 τοιοῦτοι
3075 2223 3151 2293 τῷ
3193 2223 3417 2293 στόματι
3456 2223 3552 2291 μὲν
3593 2221 3900 2288 εὐλογοῦσι,
3929 2221 3995 2287 τῇ

2435 2319 2487 2371 δὲ
2532 2318 2725 2390 καρδίᾳ
2768 2316 3128 2387 καταρῶνται.
3186 2315 3274 2388 Ἐν
3309 2313 3417 2385 γὰρ
3470 2315 3535 2383 τῇ
3579 2313 3687 2363 τῶν
3737 2312 3998 2381 ῥημάτων

2436 2412 2676 2482 εὐφημία
2704 2412 2880 2463 πᾶσαν
2912 2409 3154 2479 κατάραν
3202 2408 3496 2474 ἐπάγουσιν
3539 2403 3718 2458 αὑτῶν
3755 2405 3821 2471 τῇ
3861 2401 3995 2470 ζωῇ,

2436 2506 2714 2565 ὑποδίκους
2757 2505 2951 2567 αὐτοὺς
2988 2505 3053 2573 τῇ
3085 2503 3279 2572 αἰωνία
3329 2499 3652 2569 κατακρίσει
3689 2496 3798 2568 (82)
3830 2495 3897 2548 δι’
3925 2487 3999 2547 ὧν

2436 2597 2780 2665 ἀποδέχονται
2832 2594 3212 2654 καθιστῶντες.
3270 2588 3435 2646 Πάλιν
3488 2594 3554 2661 τῇ
3613 2591 3759 2658 ψυχῇ
3821 2586 3998 2639 διαλέ-

2436 2705 2607 2755 γεται,
2641 2685 2738 2754 τὴν
2774 2685 3049 2754 ὑποταγὴν
3084 2685 3252 2752 αὑτῆς
3285 2682 3382 2751 τὴν
3425 2682 3558 2752 πρὸς
3591 2681 3680 2731 τὸν
3702 2680 3834 2731 Θεὸν
3882 2680 3999 2728 ἐπι-

2436 2780 2639 2832 τείνων.
2676 2777 2848 2844 Πλὴν
2879 2775 2958 2840 τῷ
2992 2775 3130 2839 Θεῷ,
3169 2773 3351 2844 φησιν,
3386 2770 3729 2839 ὺποτιὶγηθι,
3760 2772 3796 2835 ή
3829 2769 3995 2835 ψυχή

2430 2888 2570 2938 μου,
2620 2869 2707 2922 ὅτι
2756 2866 2888 2934 παρ’
2914 2864 3097 2918 αὐτοῦ
3123 2862 3232 2933 (85)
3259 2863 3295 2928 ἡ
3329 2857 3600 2928 ὑπομονὴ
3623 2876 3763 2925 μου.
3805 2854 3998 2907 Ἐνδεῐ-

2437 2979 2625 3013 κνυται
2651 2961 2711 3012 τὸ
2741 2957 2966 3029 μέγεθος
2996 2956 3101 3008 τῶν
3129 2952 3466 3024 πειρασμῶν,
3503 2951 3594 3004 καὶ
3619 2950 3678 3002 τὸ
3705 2947 3794 3000 τοῦ
3843 2947 3999 2999 Ἀπο-

2438 3052 2623 3106 στόλου
2682 3052 2874 3119 λέγει·
2935 3051 3015 3101 ὅτι
3073 3047 3171 3100 οὑκ
3235 3047 3381 3099 ἐάσει
3432 3045 3579 3114 ἡμᾶς
3637 3040 3998 3112 πειρασθῆναι

2437 3143 2572 3213 ὑπὲρ
2615 3141 2642 3193 ὃ
2689 3140 2962 3208 δυνάμεθα
3016 3139 3353 3206 ὑπενεγκεῖν.
3399 3136 3537 3201 Hap’
3583 3132 3769 3186 αὑτοῦ
3813 3131 3916 3199 γὰρ
3960 3131 3997 3196 ἠ

2365 3268 2406 3322 C
2438 3231 2704 3305 ὑπομονὴ
2734 3249 2851 3300 μου

2511 3329 2563 3380 4.
2596 3325 2722 3379 Ἐπὶ
2745 3322 2823 3388 τῷ
2852 3319 2970 3386 Θεῷ
2991 3319 3051 3373 τὸ
3075 3316 3370 3385 σωτήριόν
3394 3335 3511 3386 μου
3529 3315 3624 3368 καὶ
3642 3315 3676 3379 ἡ
3695 3313 3844 3376 δόξα
3860 3329 3996 3380 [rc-tr

2443 3423 2475 3471 ό
2506 3417 2647 3481 Θεὸς
2678 3416 2785 3483 τῆς
2799 3411 3081 3481 ,ϐοηθείας
3096 3427 3235 3479 μου,
3265 3407 3363 3460 καὶ
3392 3409 3428 3474 ἡ
3464 3407 3635 3471 ἐλπίς
3660 3423 3778 3473 μου
3803 3404 3898 3456 ἐπὶ
3923 3397 4003 3466 τῷ

2443 3508 2582 3572 Θεῷ.
2611 3506 2892 3576 Μακάριος
2930 3507 2957 3556 ὁ
2985 3502 3170 3573 μηδενὶ
3199 3501 3304 3570 (84)
3329 3499 3435 3552 τῶν
3458 3499 3598 3552 κατὰ
3619 3499 3708 3550 τὸν
3737 3497 3851 3566 βίον
3873 3494 4002 3563 frti/rp

2441 3600 2546 3653 λῶν
2591 3597 3049 3666 ἐπαγαλλόμενος,
3101 3592 3236 3646 ἀλλὰ
3287 3592 3418 3645 Θεὸν
3475 3591 3612 3660 ἔχων
3661 3591 3760 3659 τὴν
3810 3585 4001 3640 ἑαυτοῦ

2442 3693 2594 3758 δόξαν
2616 3707 2630 3721 ⁸
2665 3693 2692 3744 ὁ
2724 3691 2981 3761 καύχημα
3021 3687 3157 3757 ἔχων
3209 3683 3400 3737 ἑαυτοῦ
3430 3683 3520 3736 τὸν
3553 3681 3782 3749 Χριστόν
3809 3697 3821 3708 ·
3853 3679 3880 3728 ὁ
3917 3678 4003 3729 δυ-

2445 3782 2670 3850 νάμενος
2693 3779 2868 3846 λέγειν
2891 3775 3032 3828 κατὰ
3055 3775 3143 3826 τὸν
3173 3771 3511 3825 Ἀπόστολον·
3540 3768 3692 3835 Ἐμοὶ
3724 3767 3791 3817 δὲ
3807 3767 3892 3834 μὴ
3913 3767 4000 3834 γέ-

2444 3892 2603 3926 νοιτο
2625 3870 2956 3940 καυχᾶσθαι
2978 3869 3024 3919 εὶ
3045 3865 3127 3933 μὴ
3154 3865 3220 3916 ἐν
3240 3862 3317 3925 τῷ
3345 3858 3580 3927 σταυρῷ
3597 3860 3700 3911 τοῦ
3720 3858 3997 3926 Χριστοῦ.

2446 3965 2555 4016 Νῦν
2584 3964 2640 4015 δὲ
2675 3962 2855 4013 πολλοὶ
2887 3958 2985 4027 μὲν
3008 3954 3368 4017 ἐνδοξαζονται
3400 3949 3630 4022 σώματι,
3652 3954 3698 4004 οἱ
3729 3954 3855 4022 περὶ
3881 3953 4004 4014 τοὺς

2445 4054 2741 4123 γυμνικοὺς
2787 4047 3138 4119 ἐσχολακότες
3178 4045 3413 4112 ἀγῶνας,
3455 4045 3486 4114 ἢ
3531 4044 3666 4108 ὅλως
3720 4047 3766 4096 οἱ
3814 4046 3906 4097 ἐπὶ
3936 4048 4000 4114 τῇ

2445 4147 2592 4215 ἀκμῇ
2609 4145 2702 4213 τῆς
2732 4141 2944 4211 ἡλικίας
2963 4137 3294 4209 σφριγῶντες
3322 4136 3451 4204 (δειγ
3486 4136 3666 4188 πολλοὶ
3687 4136 3743 4187 δὲ
3772 4139 3837 4205 τῇ
3866 4137 4002 4189 κατὰ

2445 4238 2566 4298 τοὺς
2599 4234 2864 4304 πολέμους
2895 4230 3103 4300 ἀνδρία,
3140 4229 3188 4279 οἱ
3222 4229 3315 4281 καὶ
3345 4227 3402 4279 τὸ
3447 4229 3689 4294 φονεύειν
3722 4227 3847 4286 τοὺς
3879 4227 4003 4292 ὀμο-

2447 4329 2641 4397 φύλους
2672 4324 2870 4396 ἀρετὴν
2920 4321 3209 4390 τιθέμενοι.
3248 4317 3312 4370 Ἦ
3339 4319 3444 4388 γὰρ
3478 4318 3534 4369 ὲν
3582 4320 3691 4381 τοῖς
3747 4315 4000 4384 πολέμοις

2448 4420 2690 4493 ἀριστεία
2717 4418 2810 4471 καὶ
2836 4417 2904 4468 τὰ
2931 4415 3166 4486 τρόπαια
3204 4411 3309 4466 ὑπὸ
3342 4412 3648 4481 στρατηγοῦ
3673 4411 3767 4464 καί
3797 4409 4001 4462 πόλεων

2452 4512 2768 4582 ἐγειρόμενα
2806 4507 2944 4560 κατᾶ
2994 4507 3093 4576 τὴν
3120 4504 3210 4556 τοῦ
3244 4504 3486 4573 φονεύειν
3515 4503 3828 4572 περιουσίαν
3857 4502 4000 4568 γίνε-

803 4601 982 4640 muros
1011 4603 1024 4640 :
1057 4587 1146 4640 alii
1177 4589 1245 4642 ob
1267 4589 1670 4656 aqumductunm
1696 4600 2015 4657 structuras,
2050 4603 2103 4646 et
2130 4610 2348 4662 magno-
2383 4605 2423 4656 D
2452 4621 2473 4654 τ

2328 4625 2348 4635 ο
2383 4605 2423 4656 D
2452 4620 2560 4654 ται.
2603 4598 2781 4651 ’Ἄλλοι
2811 4595 3140 4657 δοξάζονται,
3168 4593 3320 4662 τείχη
3348 4593 3531 4644 πόλεσι
3566 4591 3998 4660 περιϐάλλοντες·

870 4747 915 4778 ³³
941 4746 961 4801 l
987 4746 1109 4801 Cor.
1149 4762 1242 4813 vn,
1270 4748 1361 4803 25.
1436 4752 1480 4784 ³⁵
1505 4751 1648 4807 Psal.
1690 4769 1800 4814 LXI,
1835 4754 1890 4808 5.

800 4944 967 4997 ταῦτα
991 4943 1181 5014 συνέϐη
1215 4944 1444 5013 χρόνοις,
1473 4943 1611 4996 ὥστε
1639 4944 1757 4997 ἀντὶ
1780 4944 1894 5006 τοῦ,
1925 4944 1992 4996 ἐν
2019 4944 2247 5012 ψεύδει,
2269 4944 2339 4998 ἐν

798 5015 956 5081 δίψει
983 5016 1276 5081 γραφῆναι.
1303 5032 1320 5062 ι
1354 5014 1704 5065 Cucurrerunt
1733 5017 1783 5065 in
1807 5016 1914 5077 siti,
1940 5031 2105 5065 meam
2133 5030 2339 5067 cernere

796 5083 1073 5152 perniciem
1099 5084 1342 5152 sitientes.
1381 5081 1487 5133 Pro
1519 5084 1608 5133 illo
1640 5093 1830 5146 autem,
1866 5103 1882 5133 ι
1918 5085 1964 5134 in
1990 5085 2100 5147 siti,
2127 5085 2338 5150 Aquila,

800 5155 851 5204 in
882 5151 1120 5216 fallacia;
1158 5151 1494 5219 Symmachus
1541 5168 1674 5211 vero,
1710 5153 1759 5204 in
1805 5152 2114 5214 mendacio;
2151 5154 2337 5218 quinta

798 5223 978 5281 editio,
1005 5223 1056 5274 in
1088 5221 1252 5283 falso;
1294 5231 1339 5272 et
1376 5221 1483 5271 alia
1505 5221 1623 5270 item
1646 5222 1822 5281 editio,
1847 5223 1898 5274 in
1926 5222 2337 5288 dolo,interpre-

799 5291 895 5340 tati
930 5300 1067 5345 sunt.
1111 5289 1401 5343 Verisimile
1426 5293 1602 5356 itaque
1633 5299 1705 5341 est
1747 5293 1799 5341 in
1831 5300 2008 5342 nostra
2038 5308 2236 5360 quoque
2266 5292 2338 5342 le-

799 5361 966 5410 ctione
993 5362 1214 5425 positunt
1250 5361 1414 5426 primo
1437 5359 1616 5426 fuisse,
1651 5361 1700 5411 in
1742 5359 2140 5425 mendacio,ita
2169 5372 2221 5412 ut
2259 5361 2339 5412 di-

798 5438 1013 5490 ceretur,
1053 5438 1403 5482 cucurrerunt
1431 5431 1480 5480 in
1522 5430 1816 5491 mendacio,
1844 5430 1894 5480 id
1933 5441 2030 5493 est,
2063 5432 2262 5481 inimici
2289 5441 2334 5481 et

799 5497 1133 5550 insidiatores
1164 5499 1281 5558 mei,
1315 5514 1416 5548 non
1442 5499 1569 5550 duce
1603 5499 1838 5561 veritate,
1875 5499 1964 5550 sed
1988 5515 2103 5550 cum
2134 5517 2241 5551 sese
2270 5510 2342 5551 to-

797 5578 877 5617 tos
915 5569 1184 5619 mendacio
1221 5567 1578 5629 tradidissent,
1615 5584 1820 5619 cursum
1844 5579 1886 5620 et
1920 5571 2150 5620 studium
2190 5585 2339 5619 suum

798 5647 979 5687 contra
1017 5653 1095 5688 me
1132 5637 1434 5689 direxerant
1474 5650 1492 5688 :
1531 5640 1619 5689 sed
1668 5637 1992 5704 sequentibus
2027 5641 2341 5705 temporibus

798 5709 949 5768 l'rpsu
975 5709 1217 5772 graphice
1244 5723 1336 5773 pro
1368 5708 1481 5768 illo,
1509 5707 1564 5757 ἐν
1597 5705 1798 5774 ψεύδει,
1854 5709 1904 5760 in
1946 5709 2246 5773 mendacio,
2288 5709 2343 5758 ἐν

797 5774 956 5841 ιέψει,
987 5776 1036 5826 in
1071 5777 1178 5834 siti.
1210 5780 1435 5837 positum
1466 5776 1644 5842 fuisse.

870 5846 976 5911 ttil)
1015 5844 1181 5897 Editio
1209 5844 1377 5899 Paris.
1414 5846 1592 5896 πολλοί
1618 5849 1749 5899 εἰσιν
1779 5849 1849 5902 οἱ.
1889 5846 2043 5902 Deest
2081 5848 2129 5898 οἱ
2167 5849 2214 5899 in
2241 5847 2347 5901 edi-

1967 4754 2012 4785 "
2051 4754 2218 4808 lCor.
2252 4755 2424 4818 x,15.

2501 4754 2545 4785 ³⁸
2577 4753 2754 4807 Gulat.
2799 4765 2871 4813 γι,
2908 4747 2995 4800 14.

2447 4944 2589 4995 tione
2621 4941 2780 4996 Basil.
2814 4951 2867 4996 et
2893 4943 2945 4996 in
2974 4943 3209 5011 quinque
3245 4957 3374 4997 mss.
3403 4941 3596 4997 Statim
3634 4942 3768 5013 Reg.
3813 4944 3996 4998 tertius

2445 5013 2872 5081 ἀκαταπόνητον.

2518 5084 2626 5149 (8‘2)
2665 5079 2895 5134 Ita'mss.
2933 5083 3170 5152 plerique
3211 5095 3417 5136 omnes.
3448 5079 3588 5134 Editi
3619 5082 3818 5151 κρίσει.

2515 5153 2622 5221 (85)
2654 5152 2743 5204 Sic
2772 5153 2896 5204 editi
2930 5170 3048 5205 cum
3084 5153 3215 5221 Reg.
3249 5163 3400 5206 sexto
3431 5162 3628 5204 etcum
3651 5152 3803 5205 Colb.
3824 5153 3996 5205 tertio.

2444 5223 2511 5274 At
2543 5222 2691 5274 multi
2720 5237 2847 5274 mss.
2882 5232 2935 5275 et
2969 5225 3054 5276 hic
3093 5233 3146 5276 et
3178 5223 3332 5289 paulo
3357 5230 3468 5286 post
3495 5223 3624 5291 παρ’
3653 5222 3826 5292 αὐτῷ.
3859 5223 4000 5275 Sub-

2445 5293 2565 5344 inde
2614 5292 2778 5344 eiitio
2841 5293 3005 5347 liasil.
3030 5302 3083 5345 et
3114 5305 3340 5359 quatuor
3367 5308 3492 5344 mss.
3525 5293 3619 5342 καὶ
3647 5292 3707 5342 τὸ
3731 5291 3846 5343 τοῦ.
3883 5292 4000 5344 Edi-

2447 5372 2519 5413 lIU
2560 5362 2730 5412 Paris.
2763 5377 2880 5412 cum
2906 5380 3010 5415 uno
3048 5372 3139 5413 aut
3163 5362 3331 5412 altero
3368 5378 3463 5411 Ius.
3496 5362 3590 5412 καὶ
3615 5362 3682 5412 τὰ
3711 5360 3826 5413 τοῦ.

2515 5430 2624 5498 t84)
2650 5431 2740 5482 Sic
2777 5445 2966 5483 novem
2991 5447 3117 5484 mss.
3147 5446 3266 5484 cum
3294 5432 3527 5484 editione
3555 5431 3715 5484 and.
3744 5431 3813 5482 At
3842 5431 4000 5483 editio

2444 5498 2515 5551 Pa
2527 5500 2617 5553 ris.
2648 5499 2739 5549 ἐπὶ
2777 5499 2980 5568 μηδενί.

2517 5571 2626 5636 (85)
2661 5570 2878 5639 Codices
2912 5582 3021 5624 tres
3049 5585 3143 5639 pro
3166 5570 3500 5639 σφριγῶντες
3531 5570 3730 5622 habent
3757 5568 4001 5637 φρονοῦν-

2445 5656 2554 5700 τες.
2587 5638 2737 5690 (Lolh.
2769 5649 2991 5709 quartus
3017 5638 3496 5709 μίεγαφρονοῦντες.
3536 5640 3648 5692 Vox
3678 5656 3795 5704 qme
3825 5652 4002 5702 sequw

2451 5720 2555 5765 tur.
2593 5707 2859 5778 ἀριστεία,
2893 5707 3003 5762 fere
3020 5707 3296 5778 'signiltcat
3324 5709 3714 5769 fortitudinem,
3739 5717 3830 5758 aut
3867 5723 3999 5774 pne-

2450 5779 2649 5830 claruui
2678 5776 2885 5848 facinus
2919 5796 2932 5829 :
2964 5780 3054 5832 sed
3080 5776 3150 5830 ita
3173 5778 3510 5848 interpretati
3544 5795 3756 5844 sumus,
3789 5788 3846 5829 ut
3873 5793 3993 5829 seu-

2450 5862 2541 5900 sus
2563 5844 2829 5915 postulare
2857 5848 3154 5902 videbatur.
