  <div class='ocr_page' id='page_1' title='image "/cluster/home/n/w/nwhite01/storage/ocr_20150623/29/uva.x004321530/658.png"; bbox 0 0 4230 6500; ppageno 0'>
   <div class='ocr_carea' id='block_1_1' title="bbox 281 467 1951 530">
    <p class='ocr_par' dir='ltr' id='par_1_1' title="bbox 281 467 1951 528">
     <span class='ocr_line' id='line_1_1' title="bbox 281 467 1951 528; baseline 0.005 -8"><span class='ocrx_word' id='word_1_1' title='bbox 281 467 384 520; x_wconf 74' lang='grc'><strong>477</strong></span> <span class='ocrx_word' id='word_1_2' title='bbox 1431 468 1706 528; x_wconf 76' lang='lat' dir='ltr'><strong>HOMILIA</strong></span> <span class='ocrx_word' id='word_1_3' title='bbox 1750 472 1814 527; x_wconf 87' lang='lat' dir='ltr'><strong>IN</strong></span> <span class='ocrx_word' id='word_1_4' title='bbox 1855 473 1951 528; x_wconf 90' lang='lat' dir='ltr'><strong>PS.</strong></span> 
     </span>
    </p>
   </div>
   <div class='ocr_carea' id='block_1_2' title="bbox 1823 467 3493 530">
    <p class='ocr_par' dir='ltr' id='par_1_2' title="bbox 1855 473 3493 530">
     <span class='ocr_line' id='line_1_2' title="bbox 1855 473 3493 530; baseline 0.001 -2"><span class='ocrx_word' id='word_1_5' title='bbox 1855 473 2184 530; x_wconf 80' lang='lat' dir='ltr'><strong>PSALMUM</strong></span> <span class='ocrx_word' id='word_1_6' title='bbox 2225 475 2358 530; x_wconf 78' lang='lat' dir='ltr'><strong>LXI.</strong></span> <span class='ocrx_word' id='word_1_7' title='bbox 3391 476 3493 530; x_wconf 66' lang='grc'>478</span> 
     </span>
    </p>
   </div>
   <div class='ocr_carea' id='block_1_3' title="bbox 281 581 1951 663">
    <p class='ocr_par' dir='ltr' id='par_1_3' title="bbox 281 581 1951 662">
     <span class='ocr_line' id='line_1_3' title="bbox 281 581 1951 662; baseline 0.005 -27"><span class='ocrx_word' id='word_1_8' title='bbox 281 584 376 636; x_wconf 78' lang='grc' dir='ltr'><strong>καὶ</strong></span> <span class='ocrx_word' id='word_1_9' title='bbox 400 582 547 636; x_wconf 70' lang='grc' dir='ltr'><strong>ἄλλοι</strong></span> <span class='ocrx_word' id='word_1_10' title='bbox 575 584 632 636; x_wconf 84' lang='grc' dir='ltr'><strong>ἐν</strong></span> <span class='ocrx_word' id='word_1_11' title='bbox 661 581 986 654; x_wconf 78' lang='grc' dir='ltr'><strong>ὑδραγωγῶν</strong></span> <span class='ocrx_word' id='word_1_12' title='bbox 1003 593 1380 650; x_wconf 74' lang='grc' dir='ltr'><strong>κατασκευαῖς.</strong></span> <span class='ocrx_word' id='word_1_13' title='bbox 1407 593 1500 644; x_wconf 71' lang='grc' dir='ltr'><strong>καὶ</strong></span> <span class='ocrx_word' id='word_1_14' title='bbox 1525 597 1836 662; x_wconf 82' lang='grc' dir='ltr'><strong>γυμνασίων</strong></span> <span class='ocrx_word' id='word_1_15' title='bbox 1865 598 1910 653; x_wconf 83' lang='grc' dir='ltr'><strong>Α</strong></span> <span class='ocrx_word' id='word_1_16' title='bbox 1941 609 1951 645; x_wconf 96' lang='lat' dir='ltr'><strong>I</strong></span> 
     </span>
    </p>
   </div>
   <div class='ocr_carea' id='block_1_4' title="bbox 1821 581 3491 663">
    <p class='ocr_par' dir='ltr' id='par_1_4' title="bbox 1821 591 3491 663">
     <span class='ocr_line' id='line_1_4' title="bbox 1821 591 3491 663; baseline 0.003 -19"><span class='ocrx_word' id='word_1_17' title='bbox 1821 611 1836 644; x_wconf 71' lang='grc' dir='ltr'><strong><em>ρ</em></strong></span> <span class='ocrx_word' id='word_1_18' title='bbox 1865 598 1910 653; x_wconf 83' lang='grc' dir='ltr'><strong>Α</strong></span> <span class='ocrx_word' id='word_1_19' title='bbox 1941 608 2056 646; x_wconf 92' lang='lat' dir='ltr'><strong>rum</strong></span> <span class='ocrx_word' id='word_1_20' title='bbox 2084 594 2486 663; x_wconf 78' lang='lat' dir='ltr'><strong>gymnasiorum</strong></span> <span class='ocrx_word' id='word_1_21' title='bbox 2513 591 2760 646; x_wconf 73' lang='lat' dir='ltr'><strong>mdilicia.</strong></span> <span class='ocrx_word' id='word_1_22' title='bbox 2793 591 2884 646; x_wconf 93' lang='lat' dir='ltr'><strong>llle</strong></span> <span class='ocrx_word' id='word_1_23' title='bbox 2917 605 3048 660; x_wconf 90' lang='lat' dir='ltr'><strong>opes</strong></span> <span class='ocrx_word' id='word_1_24' title='bbox 3062 606 3190 648; x_wconf 86' lang='lat' dir='ltr'><strong>suas</strong></span> <span class='ocrx_word' id='word_1_25' title='bbox 3209 608 3261 647; x_wconf 83' lang='lat' dir='ltr'><strong>In</strong></span> <span class='ocrx_word' id='word_1_26' title='bbox 3293 593 3491 649; x_wconf 85' lang='lat' dir='ltr'><strong>bestia-</strong></span> 
     </span>
    </p>
   </div>
   <div class='ocr_carea' id='block_1_5' title="bbox 283 675 1953 752">
    <p class='ocr_par' dir='ltr' id='par_1_5' title="bbox 283 675 1953 746">
     <span class='ocr_line' id='line_1_5' title="bbox 283 675 1953 746; baseline 0.005 -20"><span class='ocrx_word' id='word_1_27' title='bbox 283 675 534 742; x_wconf 81' lang='grc' dir='ltr'><strong>μεγάλων</strong></span> <span class='ocrx_word' id='word_1_28' title='bbox 564 676 1010 746; x_wconf 71' lang='grc' dir='ltr'><strong>οἰκοδομήμασιν.</strong></span> <span class='ocrx_word' id='word_1_29' title='bbox 1067 679 1123 730; x_wconf 84' lang='lat'><strong>&#39;0</strong></span> <span class='ocrx_word' id='word_1_30' title='bbox 1166 679 1314 732; x_wconf 85' lang='grc' dir='ltr'><strong>δεῖνα</strong></span> <span class='ocrx_word' id='word_1_31' title='bbox 1355 681 1412 734; x_wconf 84' lang='grc' dir='ltr'><strong>δὲ</strong></span> <span class='ocrx_word' id='word_1_32' title='bbox 1460 684 1552 735; x_wconf 77' lang='grc' dir='ltr'><strong>τὸν</strong></span> <span class='ocrx_word' id='word_1_33' title='bbox 1607 683 1836 738; x_wconf 88' lang='grc' dir='ltr'><strong>πλοῦτον</strong></span> <span class='ocrx_word' id='word_1_34' title='bbox 1940 698 1953 734; x_wconf 88' lang='grc'><strong>1</strong></span> 
     </span>
    </p>
   </div>
   <div class='ocr_carea' id='block_1_6' title="bbox 1823 675 3493 752">
    <p class='ocr_par' dir='ltr' id='par_1_6' title="bbox 1823 682 3493 752">
     <span class='ocr_line' id='line_1_6' title="bbox 1823 682 3493 752; baseline 0.002 -14"><span class='ocrx_word' id='word_1_35' title='bbox 1823 704 1836 738; x_wconf 71' lang='grc' dir='ltr'><strong>ρ</strong></span> <span class='ocrx_word' id='word_1_36' title='bbox 1940 682 2048 735; x_wconf 92' lang='lat' dir='ltr'><strong>rios</strong></span> <span class='ocrx_word' id='word_1_37' title='bbox 2079 682 2374 743; x_wconf 89' lang='lat' dir='ltr'><strong>insumens,</strong></span> <span class='ocrx_word' id='word_1_38' title='bbox 2401 691 2455 735; x_wconf 86' lang='lat' dir='ltr'><strong>et</strong></span> <span class='ocrx_word' id='word_1_39' title='bbox 2484 682 2639 735; x_wconf 82' lang='lat' dir='ltr'><strong>vanis</strong></span> <span class='ocrx_word' id='word_1_40' title='bbox 2662 683 2976 752; x_wconf 91' lang='lat' dir='ltr'><strong>populorum</strong></span> <span class='ocrx_word' id='word_1_41' title='bbox 3015 682 3493 743; x_wconf 74' lang='lat' dir='ltr'><strong>acclamationibus</strong></span> 
     </span>
    </p>
   </div>
   <div class='ocr_carea' id='block_1_7' title="bbox 279 765 1949 845">
    <p class='ocr_par' dir='ltr' id='par_1_7' title="bbox 279 765 1949 845">
     <span class='ocr_line' id='line_1_7' title="bbox 279 765 1949 845; baseline 0.007 -27"><span class='ocrx_word' id='word_1_42' title='bbox 279 765 474 818; x_wconf 80' lang='grc' dir='ltr'><strong>ἑαυτοῦ</strong></span> <span class='ocrx_word' id='word_1_43' title='bbox 493 766 841 836; x_wconf 83' lang='grc' dir='ltr'><strong>Θηριομάχοις</strong></span> <span class='ocrx_word' id='word_1_44' title='bbox 855 770 1316 839; x_wconf 84' lang='grc' dir='ltr'><strong>προσαναλίσκων,</strong></span> <span class='ocrx_word' id='word_1_45' title='bbox 1332 774 1424 827; x_wconf 79' lang='grc' dir='ltr'><strong>καὶ</strong></span> <span class='ocrx_word' id='word_1_46' title='bbox 1442 778 1560 838; x_wconf 85' lang='grc' dir='ltr'><strong>ταῖς</strong></span> <span class='ocrx_word' id='word_1_47' title='bbox 1585 777 1838 845; x_wconf 81' lang='grc' dir='ltr'><strong>ματαίαις</strong></span> <span class='ocrx_word' id='word_1_48' title='bbox 1937 790 1949 828; x_wconf 79' lang='grc'><strong><em>4</em></strong></span> 
     </span>
    </p>
   </div>
   <div class='ocr_carea' id='block_1_8' title="bbox 1824 765 3494 845">
    <p class='ocr_par' dir='ltr' id='par_1_8' title="bbox 1824 772 3494 844">
     <span class='ocr_line' id='line_1_8' title="bbox 1824 772 3494 844; baseline 0.002 -16"><span class='ocrx_word' id='word_1_49' title='bbox 1824 794 1838 840; x_wconf 73' lang='grc' dir='ltr'><strong>ς</strong></span> <span class='ocrx_word' id='word_1_50' title='bbox 1937 775 2232 838; x_wconf 78' lang='lat' dir='ltr'><strong>exsultans,</strong></span> <span class='ocrx_word' id='word_1_51' title='bbox 2259 774 2504 828; x_wconf 83' lang='lat' dir='ltr'><strong>laudibus</strong></span> <span class='ocrx_word' id='word_1_52' title='bbox 2536 772 2769 839; x_wconf 82' lang='lat' dir='ltr'><strong>inﬂatur,</strong></span> <span class='ocrx_word' id='word_1_53' title='bbox 2805 789 2867 828; x_wconf 87' lang='lat' dir='ltr'><strong>ac</strong></span> <span class='ocrx_word' id='word_1_54' title='bbox 2899 776 3179 844; x_wconf 79' lang='lat' dir='ltr'><strong>magniﬁce</strong></span> <span class='ocrx_word' id='word_1_55' title='bbox 3200 779 3265 830; x_wconf 88' lang='lat' dir='ltr'><strong>de</strong></span> <span class='ocrx_word' id='word_1_56' title='bbox 3288 792 3347 830; x_wconf 90' lang='lat' dir='ltr'><strong>se</strong></span> <span class='ocrx_word' id='word_1_57' title='bbox 3376 793 3494 832; x_wconf 81' lang='lat' dir='ltr'><strong>sen-</strong></span> 
     </span>
    </p>
   </div>
   <div class='ocr_carea' id='block_1_9' title="bbox 278 856 1948 935">
    <p class='ocr_par' dir='ltr' id='par_1_9' title="bbox 278 856 1948 931">
     <span class='ocr_line' id='line_1_9' title="bbox 278 856 1948 931; baseline 0.007 -23"><span class='ocrx_word' id='word_1_58' title='bbox 278 857 387 908; x_wconf 83' lang='grc' dir='ltr'><strong>τῶν</strong></span> <span class='ocrx_word' id='word_1_59' title='bbox 406 856 589 925; x_wconf 82' lang='grc' dir='ltr'><strong>δήμων</strong></span> <span class='ocrx_word' id='word_1_60' title='bbox 607 859 806 923; x_wconf 77' lang='grc' dir='ltr'><strong>φωναῖς</strong></span> <span class='ocrx_word' id='word_1_61' title='bbox 833 859 1281 930; x_wconf 88' lang='grc' dir='ltr'><strong>ἐπαγαλλόμενος,</strong></span> <span class='ocrx_word' id='word_1_62' title='bbox 1307 867 1537 931; x_wconf 78' lang='grc' dir='ltr'><strong>φυσᾶται</strong></span> <span class='ocrx_word' id='word_1_63' title='bbox 1553 870 1663 929; x_wconf 84' lang='grc' dir='ltr'><strong>τοῖς</strong></span> <span class='ocrx_word' id='word_1_64' title='bbox 1682 869 1786 918; x_wconf 90' lang='grc' dir='ltr'><strong>ἐπα</strong></span> <span class='ocrx_word' id='word_1_65' title='bbox 1795 868 1838 919; x_wconf 89' lang='grc' dir='ltr'><strong>ί-</strong></span> <span class='ocrx_word' id='word_1_66' title='bbox 1940 878 1948 921; x_wconf 98' lang='lat' dir='ltr'><strong>l</strong></span> 
     </span>
    </p>
   </div>
   <div class='ocr_carea' id='block_1_10' title="bbox 1821 856 3491 935">
    <p class='ocr_par' dir='ltr' id='par_1_10' title="bbox 1821 866 3491 935">
     <span class='ocr_line' id='line_1_10' title="bbox 1821 866 3491 935; baseline 0.002 -14"><span class='ocrx_word' id='word_1_67' title='bbox 1821 898 1838 908; x_wconf 94' lang='lat'><strong>-</strong></span> <span class='ocrx_word' id='word_1_68' title='bbox 1940 869 2004 921; x_wconf 88' lang='lat' dir='ltr'><strong>tit</strong></span> <span class='ocrx_word' id='word_1_69' title='bbox 2035 877 2306 928; x_wconf 89' lang='lat' dir='ltr'><strong>tum,cum</strong></span> <span class='ocrx_word' id='word_1_70' title='bbox 2331 866 2552 934; x_wconf 79' lang='lat' dir='ltr'><strong>gloriam</strong></span> <span class='ocrx_word' id='word_1_71' title='bbox 2583 866 2634 918; x_wconf 94' lang='lat' dir='ltr'><strong>in</strong></span> <span class='ocrx_word' id='word_1_72' title='bbox 2665 881 2760 920; x_wconf 90' lang='lat' dir='ltr'><strong>sua</strong></span> <span class='ocrx_word' id='word_1_73' title='bbox 2792 867 3123 935; x_wconf 89' lang='lat' dir='ltr'><strong>turpitudine</strong></span> <span class='ocrx_word' id='word_1_74' title='bbox 3155 868 3381 922; x_wconf 79' lang='lat' dir='ltr'><strong>collocat</strong></span> <span class='ocrx_word' id='word_1_75' title='bbox 3403 869 3448 902; x_wconf 84' lang='lat'><strong>&quot;&#39;</strong></span> <span class='ocrx_word' id='word_1_76' title='bbox 3474 883 3491 924; x_wconf 90' lang='lat'><strong>:</strong></span> 
     </span>
    </p>
   </div>
   <div class='ocr_carea' id='block_1_11' title="bbox 279 947 1949 1030">
    <p class='ocr_par' dir='ltr' id='par_1_11' title="bbox 279 947 1949 1030">
     <span class='ocr_line' id='line_1_11' title="bbox 279 947 1949 1030; baseline 0.01 -34"><span class='ocrx_word' id='word_1_77' title='bbox 279 963 412 1007; x_wconf 85' lang='grc' dir='ltr'>νοις,</span> <span class='ocrx_word' id='word_1_78' title='bbox 446 948 538 998; x_wconf 64' lang='grc' dir='ltr'><strong>καὶ</strong></span> <span class='ocrx_word' id='word_1_79' title='bbox 575 947 713 1015; x_wconf 83' lang='grc' dir='ltr'><strong>μέγα</strong></span> <span class='ocrx_word' id='word_1_80' title='bbox 734 951 935 1018; x_wconf 84' lang='grc' dir='ltr'><strong>φρονεῖ,</strong></span> <span class='ocrx_word' id='word_1_81' title='bbox 960 950 1057 1018; x_wconf 84' lang='grc' dir='ltr'><strong>τὴν</strong></span> <span class='ocrx_word' id='word_1_82' title='bbox 1086 951 1240 1016; x_wconf 77' lang='grc' dir='ltr'><strong>δόξαν</strong></span> <span class='ocrx_word' id='word_1_83' title='bbox 1275 953 1412 1024; x_wconf 74' lang='grc' dir='ltr'><strong>ἔχων</strong></span> <span class='ocrx_word' id='word_1_84' title='bbox 1434 958 1491 1008; x_wconf 89' lang='grc' dir='ltr'><strong>ἐν</strong></span> <span class='ocrx_word' id='word_1_85' title='bbox 1515 961 1578 1027; x_wconf 80' lang='grc' dir='ltr'><strong>τῇ</strong></span> <span class='ocrx_word' id='word_1_86' title='bbox 1605 958 1833 1030; x_wconf 83' lang='grc' dir='ltr'><strong>αίσχύνῃ</strong></span> <span class='ocrx_word' id='word_1_87' title='bbox 1936 976 1949 1012; x_wconf 85' lang='lat' dir='ltr'><strong>t</strong></span> 
     </span>
    </p>
   </div>
   <div class='ocr_carea' id='block_1_12' title="bbox 1819 947 3489 1030">
    <p class='ocr_par' dir='ltr' id='par_1_12' title="bbox 1819 957 3489 1030">
     <span class='ocr_line' id='line_1_12' title="bbox 1819 957 3489 1030; baseline 0.002 -19"><span class='ocrx_word' id='word_1_88' title='bbox 1819 977 1833 1030; x_wconf 64' lang='grc' dir='ltr'><strong>γ</strong></span> <span class='ocrx_word' id='word_1_89' title='bbox 1936 962 2028 1029; x_wconf 86' lang='lat' dir='ltr'><strong>qui</strong></span> <span class='ocrx_word' id='word_1_90' title='bbox 2061 959 2221 1011; x_wconf 88' lang='lat' dir='ltr'><strong>etiam</strong></span> <span class='ocrx_word' id='word_1_91' title='bbox 2257 957 2308 1010; x_wconf 93' lang='lat' dir='ltr'><strong>in</strong></span> <span class='ocrx_word' id='word_1_92' title='bbox 2355 958 2661 1026; x_wconf 87' lang='lat' dir='ltr'><strong>patentibus</strong></span> <span class='ocrx_word' id='word_1_93' title='bbox 2689 959 2838 1012; x_wconf 87' lang='lat' dir='ltr'><strong>urbis</strong></span> <span class='ocrx_word' id='word_1_94' title='bbox 2866 958 2999 1012; x_wconf 87' lang='lat' dir='ltr'><strong>locis</strong></span> <span class='ocrx_word' id='word_1_95' title='bbox 3029 974 3182 1013; x_wconf 88' lang='lat' dir='ltr'><strong>suum</strong></span> <span class='ocrx_word' id='word_1_96' title='bbox 3213 969 3489 1026; x_wconf 87' lang='lat' dir='ltr'><strong>peccatum</strong></span> 
     </span>
    </p>
   </div>
   <div class='ocr_carea' id='block_1_13' title="bbox 279 1037 1949 1122">
    <p class='ocr_par' dir='ltr' id='par_1_13' title="bbox 279 1037 1949 1122">
     <span class='ocr_line' id='line_1_13' title="bbox 279 1037 1949 1122; baseline 0.009 -32"><span class='ocrx_word' id='word_1_97' title='bbox 279 1037 444 1090; x_wconf 81' lang='grc' dir='ltr'><strong>αὑτοῦ</strong></span> <span class='ocrx_word' id='word_1_98' title='bbox 469 1054 480 1064; x_wconf 89' lang='grc'><strong>·</strong></span> <span class='ocrx_word' id='word_1_99' title='bbox 509 1038 565 1100; x_wconf 83' lang='grc' dir='ltr'><strong>ὃς</strong></span> <span class='ocrx_word' id='word_1_100' title='bbox 594 1055 654 1106; x_wconf 88' lang='grc' dir='ltr'><strong>γε</strong></span> <span class='ocrx_word' id='word_1_101' title='bbox 687 1040 776 1091; x_wconf 72' lang='grc' dir='ltr'><strong>καὶ</strong></span> <span class='ocrx_word' id='word_1_102' title='bbox 809 1041 1079 1110; x_wconf 78' lang='grc' dir='ltr'><strong>ἔγγραφον</strong></span> <span class='ocrx_word' id='word_1_103' title='bbox 1129 1046 1185 1096; x_wconf 91' lang='grc' dir='ltr'><strong>ἐν</strong></span> <span class='ocrx_word' id='word_1_104' title='bbox 1227 1049 1336 1110; x_wconf 80' lang='grc' dir='ltr'><strong>τοῖς</strong></span> <span class='ocrx_word' id='word_1_105' title='bbox 1369 1050 1689 1120; x_wconf 84' lang='grc' dir='ltr'><strong>περιφανέσι</strong></span> <span class='ocrx_word' id='word_1_106' title='bbox 1737 1053 1836 1122; x_wconf 82' lang='grc' dir='ltr'><strong>τῆς</strong></span> <span class='ocrx_word' id='word_1_107' title='bbox 1939 1061 1949 1104; x_wconf 87' lang='grc'><strong>1</strong></span> 
     </span>
    </p>
   </div>
   <div class='ocr_carea' id='block_1_14' title="bbox 1818 1037 3488 1122">
    <p class='ocr_par' dir='ltr' id='par_1_14' title="bbox 1818 1047 3488 1116">
     <span class='ocr_line' id='line_1_14' title="bbox 1818 1047 3488 1116; baseline 0.001 -13"><span class='ocrx_word' id='word_1_108' title='bbox 1818 1070 1836 1115; x_wconf 83' lang='lat'><strong>_:</strong></span> <span class='ocrx_word' id='word_1_109' title='bbox 1939 1051 2135 1104; x_wconf 88' lang='lat' dir='ltr'><strong>tabulis</strong></span> <span class='ocrx_word' id='word_1_110' title='bbox 2165 1049 2479 1116; x_wconf 91' lang='lat' dir='ltr'><strong>inscriptum</strong></span> <span class='ocrx_word' id='word_1_111' title='bbox 2514 1057 2764 1103; x_wconf 86' lang='lat' dir='ltr'><strong>ostentat.</strong></span> <span class='ocrx_word' id='word_1_112' title='bbox 2801 1047 3036 1103; x_wconf 78' lang='lat' dir='ltr'><strong>Eﬂertur</strong></span> <span class='ocrx_word' id='word_1_113' title='bbox 3074 1051 3213 1104; x_wconf 90' lang='lat' dir='ltr'><strong>alius</strong></span> <span class='ocrx_word' id='word_1_114' title='bbox 3255 1054 3324 1105; x_wconf 93' lang='lat' dir='ltr'><strong>ob</strong></span> <span class='ocrx_word' id='word_1_115' title='bbox 3351 1052 3488 1104; x_wconf 83' lang='lat' dir='ltr'><strong>divi-</strong></span> 
     </span>
    </p>
   </div>
   <div class='ocr_carea' id='block_1_15' title="bbox 279 1129 1949 1210">
    <p class='ocr_par' dir='ltr' id='par_1_15' title="bbox 279 1129 1949 1204">
     <span class='ocr_line' id='line_1_15' title="bbox 279 1129 1949 1204; baseline 0.008 -24"><span class='ocrx_word' id='word_1_116' title='bbox 279 1129 486 1192; x_wconf 89' lang='grc' dir='ltr'><strong>πόλεως</strong></span> <span class='ocrx_word' id='word_1_117' title='bbox 510 1130 605 1200; x_wconf 80' lang='grc' dir='ltr'><strong>τὴν</strong></span> <span class='ocrx_word' id='word_1_118' title='bbox 630 1130 818 1183; x_wconf 89' lang='grc' dir='ltr'><strong>ἑαυτοῦ</strong></span> <span class='ocrx_word' id='word_1_119' title='bbox 837 1133 1106 1204; x_wconf 84' lang='grc' dir='ltr'><strong>ἁμαρτίαν</strong></span> <span class='ocrx_word' id='word_1_120' title='bbox 1127 1137 1217 1189; x_wconf 81' lang='grc' dir='ltr'><strong>ἐπὶ</strong></span> <span class='ocrx_word' id='word_1_121' title='bbox 1241 1138 1349 1191; x_wconf 85' lang='grc' dir='ltr'><strong>τῶν</strong></span> <span class='ocrx_word' id='word_1_122' title='bbox 1372 1143 1612 1195; x_wconf 81' lang='grc' dir='ltr'><strong>πινάκων</strong></span> <span class='ocrx_word' id='word_1_123' title='bbox 1631 1143 1834 1196; x_wconf 89' lang='grc' dir='ltr'><strong>δείκνυ-</strong></span> <span class='ocrx_word' id='word_1_124' title='bbox 1939 1153 1949 1194; x_wconf 96' lang='lat' dir='ltr'><strong>l</strong></span> 
     </span>
    </p>
   </div>
   <div class='ocr_carea' id='block_1_16' title="bbox 1816 1129 3486 1210">
    <p class='ocr_par' dir='ltr' id='par_1_16' title="bbox 1816 1141 3486 1210">
     <span class='ocr_line' id='line_1_16' title="bbox 1816 1141 3486 1210; baseline 0.004 -17"><span class='ocrx_word' id='word_1_125' title='bbox 1816 1176 1834 1185; x_wconf 89' lang='lat'><strong>-</strong></span> <span class='ocrx_word' id='word_1_126' title='bbox 1939 1143 2038 1194; x_wconf 89' lang='lat' dir='ltr'><strong>tias</strong></span> <span class='ocrx_word' id='word_1_127' title='bbox 2066 1159 2078 1194; x_wconf 91' lang='lat'><strong>:</strong></span> <span class='ocrx_word' id='word_1_128' title='bbox 2103 1141 2260 1205; x_wconf 86' lang='lat' dir='ltr'><strong>alius,</strong></span> <span class='ocrx_word' id='word_1_129' title='bbox 2287 1141 2427 1210; x_wconf 91' lang='lat' dir='ltr'><strong>quod</strong></span> <span class='ocrx_word' id='word_1_130' title='bbox 2476 1141 2657 1196; x_wconf 86' lang='lat' dir='ltr'><strong>rhetor</strong></span> <span class='ocrx_word' id='word_1_131' title='bbox 2686 1142 2754 1194; x_wconf 87' lang='lat' dir='ltr'><strong>sit</strong></span> <span class='ocrx_word' id='word_1_132' title='bbox 2788 1142 3031 1204; x_wconf 87' lang='lat' dir='ltr'><strong>callidus,</strong></span> <span class='ocrx_word' id='word_1_133' title='bbox 3063 1154 3117 1197; x_wconf 92' lang='lat' dir='ltr'><strong>et</strong></span> <span class='ocrx_word' id='word_1_134' title='bbox 3147 1145 3486 1208; x_wconf 84' lang='lat' dir='ltr'><strong>invincihilis,</strong></span> 
     </span>
    </p>
   </div>
   <div class='ocr_carea' id='block_1_17' title="bbox 281 1222 1951 1304">
    <p class='ocr_par' dir='ltr' id='par_1_17' title="bbox 281 1222 1951 1300">
     <span class='ocr_line' id='line_1_17' title="bbox 281 1222 1951 1300; baseline 0.008 -28"><span class='ocrx_word' id='word_1_135' title='bbox 281 1239 384 1273; x_wconf 90' lang='grc' dir='ltr'><strong>σιν.</strong></span> <span class='ocrx_word' id='word_1_136' title='bbox 421 1222 609 1284; x_wconf 84' lang='grc' dir='ltr'><strong>Ἀλλος</strong></span> <span class='ocrx_word' id='word_1_137' title='bbox 643 1224 733 1274; x_wconf 72' lang='grc' dir='ltr'><strong>ἐπὶ</strong></span> <span class='ocrx_word' id='word_1_138' title='bbox 765 1223 976 1293; x_wconf 87' lang='grc' dir='ltr'><strong>πλούτῳ</strong></span> <span class='ocrx_word' id='word_1_139' title='bbox 1021 1227 1132 1296; x_wconf 81' lang='grc'>(86)</span> <span class='ocrx_word' id='word_1_140' title='bbox 1183 1228 1500 1295; x_wconf 75' lang='grc' dir='ltr'><strong>δοξάζεται·</strong></span> <span class='ocrx_word' id='word_1_141' title='bbox 1538 1235 1630 1286; x_wconf 69' lang='lat' dir='ltr'><strong>xui.</strong></span> <span class='ocrx_word' id='word_1_142' title='bbox 1657 1235 1831 1300; x_wconf 83' lang='grc' dir='ltr'><strong>ἄλλος,</strong></span> <span class='ocrx_word' id='word_1_143' title='bbox 1935 1250 1951 1285; x_wconf 67' lang='lat' dir='ltr'><strong>t</strong></span> 
     </span>
    </p>
   </div>
   <div class='ocr_carea' id='block_1_18' title="bbox 1817 1222 3487 1304">
    <p class='ocr_par' dir='ltr' id='par_1_18' title="bbox 1817 1234 3487 1304">
     <span class='ocr_line' id='line_1_18' title="bbox 1817 1234 3487 1304; baseline 0.001 -19"><span class='ocrx_word' id='word_1_144' title='bbox 1817 1277 1831 1300; x_wconf 93' lang='lat'><strong>,</strong></span> <span class='ocrx_word' id='word_1_145' title='bbox 1935 1245 2027 1286; x_wconf 88' lang='lat' dir='ltr'><strong>aut</strong></span> <span class='ocrx_word' id='word_1_146' title='bbox 2061 1234 2344 1288; x_wconf 64' lang='lat' dir='ltr'><strong>mundana:</strong></span> <span class='ocrx_word' id='word_1_147' title='bbox 2391 1235 2670 1303; x_wconf 69' lang='lat' dir='ltr'><strong>sapientia:</strong></span> <span class='ocrx_word' id='word_1_148' title='bbox 2719 1235 2941 1304; x_wconf 84' lang='lat' dir='ltr'><strong>peritus.</strong></span> <span class='ocrx_word' id='word_1_149' title='bbox 2976 1235 3214 1301; x_wconf 87' lang='lat' dir='ltr'><strong>Quorum</strong></span> <span class='ocrx_word' id='word_1_150' title='bbox 3248 1241 3487 1291; x_wconf 89' lang='lat' dir='ltr'><strong>omnium</strong></span> 
     </span>
    </p>
   </div>
   <div class='ocr_carea' id='block_1_19' title="bbox 277 1314 1947 1394">
    <p class='ocr_par' dir='ltr' id='par_1_19' title="bbox 277 1314 1947 1393">
     <span class='ocr_line' id='line_1_19' title="bbox 277 1314 1947 1393; baseline 0.011 -30"><span class='ocrx_word' id='word_1_151' title='bbox 277 1314 360 1365; x_wconf 78' lang='grc' dir='ltr'><strong>ὅτι</strong></span> <span class='ocrx_word' id='word_1_152' title='bbox 389 1314 567 1384; x_wconf 80' lang='grc' dir='ltr'><strong>ῥήτωρ</strong></span> <span class='ocrx_word' id='word_1_153' title='bbox 591 1315 706 1365; x_wconf 77' lang='grc' dir='ltr'><strong>ἐστὶ</strong></span> <span class='ocrx_word' id='word_1_154' title='bbox 734 1314 902 1378; x_wconf 87' lang='grc' dir='ltr'><strong>δεινός</strong></span> <span class='ocrx_word' id='word_1_155' title='bbox 934 1333 1016 1379; x_wconf 87' lang='grc' dir='ltr'><strong>τις</strong></span> <span class='ocrx_word' id='word_1_156' title='bbox 1036 1319 1128 1370; x_wconf 78' lang='grc' dir='ltr'><strong>καὶ</strong></span> <span class='ocrx_word' id='word_1_157' title='bbox 1155 1320 1390 1391; x_wconf 80' lang='grc' dir='ltr'><strong>ἄμαχος,</strong></span> <span class='ocrx_word' id='word_1_158' title='bbox 1415 1324 1446 1393; x_wconf 87' lang='grc' dir='ltr'>ἢ</span> <span class='ocrx_word' id='word_1_159' title='bbox 1479 1325 1573 1393; x_wconf 80' lang='grc' dir='ltr'><strong>τῆς</strong></span> <span class='ocrx_word' id='word_1_160' title='bbox 1590 1326 1726 1378; x_wconf 84' lang='grc' dir='ltr'><strong>κατὰ</strong></span> <span class='ocrx_word' id='word_1_161' title='bbox 1745 1327 1834 1379; x_wconf 82' lang='grc' dir='ltr'><strong>τὸν</strong></span> <span class='ocrx_word' id='word_1_162' title='bbox 1935 1339 1947 1390; x_wconf 80' lang='lat' dir='ltr'><strong>t</strong></span> 
     </span>
    </p>
   </div>
   <div class='ocr_carea' id='block_1_20' title="bbox 1817 1314 3487 1394">
    <p class='ocr_par' dir='ltr' id='par_1_20' title="bbox 1817 1323 3487 1394">
     <span class='ocr_line' id='line_1_20' title="bbox 1817 1323 3487 1394; baseline 0.002 -16"><span class='ocrx_word' id='word_1_163' title='bbox 1817 1347 1834 1378; x_wconf 71' lang='grc' dir='ltr'><strong>ιν</strong></span> <span class='ocrx_word' id='word_1_164' title='bbox 1935 1323 2118 1390; x_wconf 66' lang='lat' dir='ltr'><strong>gloriae</strong></span> <span class='ocrx_word' id='word_1_165' title='bbox 2143 1323 2387 1377; x_wconf 85' lang='lat' dir='ltr'><strong>misereri</strong></span> <span class='ocrx_word' id='word_1_166' title='bbox 2413 1341 2509 1394; x_wconf 85' lang='lat' dir='ltr'><strong>par</strong></span> <span class='ocrx_word' id='word_1_167' title='bbox 2546 1325 2726 1389; x_wconf 80' lang='lat' dir='ltr'><strong>fuerit,</strong></span> <span class='ocrx_word' id='word_1_168' title='bbox 2764 1336 2816 1379; x_wconf 89' lang='lat' dir='ltr'><strong>et</strong></span> <span class='ocrx_word' id='word_1_169' title='bbox 2842 1327 3025 1379; x_wconf 89' lang='lat' dir='ltr'><strong>heatos</strong></span> <span class='ocrx_word' id='word_1_170' title='bbox 3057 1327 3351 1392; x_wconf 74' lang='lat' dir='ltr'><strong>prazdicare</strong></span> <span class='ocrx_word' id='word_1_171' title='bbox 3374 1344 3487 1393; x_wconf 85' lang='lat' dir='ltr'><strong>eos,</strong></span> 
     </span>
    </p>
   </div>
   <div class='ocr_carea' id='block_1_21' title="bbox 279 1405 1949 1490">
    <p class='ocr_par' dir='ltr' id='par_1_21' title="bbox 279 1405 1949 1490">
     <span class='ocr_line' id='line_1_21' title="bbox 279 1405 1949 1490; baseline 0.011 -35"><span class='ocrx_word' id='word_1_172' title='bbox 279 1405 480 1474; x_wconf 82' lang='grc' dir='ltr'><strong>κόσμον</strong></span> <span class='ocrx_word' id='word_1_173' title='bbox 535 1406 723 1474; x_wconf 74' lang='grc' dir='ltr'><strong>σοφίας</strong></span> <span class='ocrx_word' id='word_1_174' title='bbox 772 1406 1051 1480; x_wconf 75' lang='grc' dir='ltr'><strong>ἔμπειρος.</strong></span> <span class='ocrx_word' id='word_1_175' title='bbox 1096 1408 1195 1464; x_wconf 83' lang='grc' dir='ltr'><strong>Ὧν</strong></span> <span class='ocrx_word' id='word_1_176' title='bbox 1254 1416 1466 1468; x_wconf 81' lang='grc' dir='ltr'><strong>πάντων</strong></span> <span class='ocrx_word' id='word_1_177' title='bbox 1520 1417 1688 1471; x_wconf 80' lang='grc' dir='ltr'><strong>ἐλεεῖν</strong></span> <span class='ocrx_word' id='word_1_178' title='bbox 1734 1421 1833 1490; x_wconf 79' lang='grc' dir='ltr'><strong>τὴν</strong></span> <span class='ocrx_word' id='word_1_179' title='bbox 1934 1429 1949 1465; x_wconf 73' lang='grc' dir='ltr'><strong><em>ε</em></strong></span> 
     </span>
    </p>
   </div>
   <div class='ocr_carea' id='block_1_22' title="bbox 1816 1405 3486 1490">
    <p class='ocr_par' dir='ltr' id='par_1_22' title="bbox 1816 1415 3486 1484">
     <span class='ocr_line' id='line_1_22' title="bbox 1816 1415 3486 1484; baseline 0.004 -19"><span class='ocrx_word' id='word_1_180' title='bbox 1816 1439 1833 1474; x_wconf 65' lang='grc' dir='ltr'><em>ν</em></span> <span class='ocrx_word' id='word_1_181' title='bbox 1934 1415 2024 1482; x_wconf 89' lang='lat' dir='ltr'><strong>qui</strong></span> <span class='ocrx_word' id='word_1_182' title='bbox 2055 1416 2216 1468; x_wconf 90' lang='lat' dir='ltr'><strong>Deum</strong></span> <span class='ocrx_word' id='word_1_183' title='bbox 2265 1430 2416 1469; x_wconf 88' lang='lat' dir='ltr'><strong>suam</strong></span> <span class='ocrx_word' id='word_1_184' title='bbox 2455 1416 2692 1484; x_wconf 82' lang='lat' dir='ltr'><strong>ipsorum</strong></span> <span class='ocrx_word' id='word_1_185' title='bbox 2730 1416 2956 1483; x_wconf 79' lang='lat' dir='ltr'><strong>gloriam</strong></span> <span class='ocrx_word' id='word_1_186' title='bbox 3010 1419 3358 1475; x_wconf 87' lang='lat' dir='ltr'><strong>constituunt.</strong></span> <span class='ocrx_word' id='word_1_187' title='bbox 3397 1420 3486 1474; x_wconf 80' lang='lat' dir='ltr'><strong>Et-</strong></span> 
     </span>
    </p>
   </div>
   <div class='ocr_carea' id='block_1_23' title="bbox 275 1496 1945 1576">
    <p class='ocr_par' dir='ltr' id='par_1_23' title="bbox 275 1496 1945 1571">
     <span class='ocr_line' id='line_1_23' title="bbox 275 1496 1945 1571; baseline 0.01 -22"><span class='ocrx_word' id='word_1_188' title='bbox 275 1496 432 1560; x_wconf 77' lang='grc' dir='ltr'><strong>δόξαν</strong></span> <span class='ocrx_word' id='word_1_189' title='bbox 462 1498 700 1567; x_wconf 86' lang='grc' dir='ltr'><strong>προσῆκε</strong></span> <span class='ocrx_word' id='word_1_190' title='bbox 723 1514 734 1527; x_wconf 87' lang='grc'><em>’</em></span> <span class='ocrx_word' id='word_1_191' title='bbox 775 1501 1100 1571; x_wconf 75' lang='grc' dir='ltr'><strong>μακαρίζειν</strong></span> <span class='ocrx_word' id='word_1_192' title='bbox 1130 1503 1185 1555; x_wconf 85' lang='grc' dir='ltr'><strong>δὲ</strong></span> <span class='ocrx_word' id='word_1_193' title='bbox 1202 1507 1326 1568; x_wconf 83' lang='grc' dir='ltr'><strong>τοὺς</strong></span> <span class='ocrx_word' id='word_1_194' title='bbox 1355 1509 1444 1560; x_wconf 86' lang='grc' dir='ltr'><strong>τὸν</strong></span> <span class='ocrx_word' id='word_1_195' title='bbox 1471 1509 1603 1562; x_wconf 85' lang='grc' dir='ltr'><strong>Θεόν</strong></span> <span class='ocrx_word' id='word_1_196' title='bbox 1625 1511 1834 1565; x_wconf 82' lang='grc' dir='ltr'><strong>ἑαυτῶν</strong></span> <span class='ocrx_word' id='word_1_197' title='bbox 1937 1526 1945 1556; x_wconf 75' lang='grc'><strong>1</strong></span> 
     </span>
    </p>
   </div>
   <div class='ocr_carea' id='block_1_24' title="bbox 1819 1496 3489 1576">
    <p class='ocr_par' dir='ltr' id='par_1_24' title="bbox 1819 1507 3489 1576">
     <span class='ocr_line' id='line_1_24' title="bbox 1819 1507 3489 1576; baseline 0.004 -17"><span class='ocrx_word' id='word_1_198' title='bbox 1819 1531 1834 1565; x_wconf 70' lang='grc' dir='ltr'><em>ι</em></span> <span class='ocrx_word' id='word_1_199' title='bbox 1937 1507 2079 1560; x_wconf 91' lang='lat' dir='ltr'><strong>enim</strong></span> <span class='ocrx_word' id='word_1_200' title='bbox 2112 1507 2156 1561; x_wconf 89' lang='lat' dir='ltr'><strong>si</strong></span> <span class='ocrx_word' id='word_1_201' title='bbox 2191 1507 2312 1576; x_wconf 90' lang='lat' dir='ltr'><strong>quis</strong></span> <span class='ocrx_word' id='word_1_202' title='bbox 2336 1522 2455 1560; x_wconf 89' lang='lat' dir='ltr'><strong>sese</strong></span> <span class='ocrx_word' id='word_1_203' title='bbox 2489 1507 3171 1576; x_wconf 82' lang='lat' dir='ltr'><strong>magnOperejactat,quod</strong></span> <span class='ocrx_word' id='word_1_204' title='bbox 3203 1524 3391 1565; x_wconf 86' lang='lat' dir='ltr'><strong>servns</strong></span> <span class='ocrx_word' id='word_1_205' title='bbox 3418 1512 3489 1566; x_wconf 88' lang='lat' dir='ltr'><strong>sit</strong></span> 
     </span>
    </p>
   </div>
   <div class='ocr_carea' id='block_1_25' title="bbox 273 1587 1943 1671">
    <p class='ocr_par' dir='ltr' id='par_1_25' title="bbox 273 1587 1943 1671">
     <span class='ocr_line' id='line_1_25' title="bbox 273 1587 1943 1671; baseline 0.012 -33"><span class='ocrx_word' id='word_1_206' title='bbox 273 1587 434 1653; x_wconf 83' lang='grc' dir='ltr'><strong>δόξαν</strong></span> <span class='ocrx_word' id='word_1_207' title='bbox 466 1589 834 1658; x_wconf 82' lang='grc' dir='ltr'><strong>ποιουμένους.</strong></span> <span class='ocrx_word' id='word_1_208' title='bbox 870 1593 930 1644; x_wconf 81' lang='grc' dir='ltr'><strong>Εἰ</strong></span> <span class='ocrx_word' id='word_1_209' title='bbox 963 1592 1070 1663; x_wconf 80' lang='grc' dir='ltr'><strong>γὰρ</strong></span> <span class='ocrx_word' id='word_1_210' title='bbox 1101 1596 1129 1646; x_wconf 89' lang='grc' dir='ltr'>ὁ</span> <span class='ocrx_word' id='word_1_211' title='bbox 1161 1596 1305 1649; x_wconf 74' lang='grc' dir='ltr'><strong>δεῖνα</strong></span> <span class='ocrx_word' id='word_1_212' title='bbox 1347 1599 1486 1667; x_wconf 86' lang='grc' dir='ltr'><strong>μέγα</strong></span> <span class='ocrx_word' id='word_1_213' title='bbox 1513 1607 1718 1671; x_wconf 78' lang='grc' dir='ltr'><strong>φρονεῖ,</strong></span> <span class='ocrx_word' id='word_1_214' title='bbox 1753 1604 1834 1656; x_wconf 85' lang='grc' dir='ltr'><strong>ὅτι</strong></span> <span class='ocrx_word' id='word_1_215' title='bbox 1938 1616 1943 1652; x_wconf 96' lang='grc'><strong>1</strong></span> 
     </span>
    </p>
   </div>
   <div class='ocr_carea' id='block_1_26' title="bbox 1815 1587 3485 1671">
    <p class='ocr_par' dir='ltr' id='par_1_26' title="bbox 1819 1600 3485 1670">
     <span class='ocr_line' id='line_1_26' title="bbox 1819 1600 3485 1670; baseline 0.004 -18"><span class='ocrx_word' id='word_1_216' title='bbox 1819 1622 1834 1656; x_wconf 88' lang='grc' dir='ltr'><strong>ι</strong></span> <span class='ocrx_word' id='word_1_217' title='bbox 1938 1600 2097 1668; x_wconf 81' lang='lat' dir='ltr'><strong>regis,</strong></span> <span class='ocrx_word' id='word_1_218' title='bbox 2129 1609 2287 1668; x_wconf 89' lang='lat' dir='ltr'><strong>atque</strong></span> <span class='ocrx_word' id='word_1_219' title='bbox 2313 1600 2363 1653; x_wconf 94' lang='lat' dir='ltr'><strong>in</strong></span> <span class='ocrx_word' id='word_1_220' title='bbox 2402 1615 2596 1670; x_wconf 88' lang='lat' dir='ltr'><strong>magno</strong></span> <span class='ocrx_word' id='word_1_221' title='bbox 2638 1600 2837 1654; x_wconf 84' lang='lat' dir='ltr'><strong>honore</strong></span> <span class='ocrx_word' id='word_1_222' title='bbox 2863 1602 3001 1667; x_wconf 94' lang='lat' dir='ltr'><strong>apud</strong></span> <span class='ocrx_word' id='word_1_223' title='bbox 3037 1617 3158 1655; x_wconf 88' lang='lat' dir='ltr'><strong>eum</strong></span> <span class='ocrx_word' id='word_1_224' title='bbox 3200 1604 3485 1659; x_wconf 88' lang='lat' dir='ltr'><strong>habeatur:</strong></span> 
     </span>
    </p>
   </div>
   <div class='ocr_carea' id='block_1_27' title="bbox 271 1673 1941 1762">
    <p class='ocr_par' dir='ltr' id='par_1_27' title="bbox 271 1673 1941 1761">
     <span class='ocr_line' id='line_1_27' title="bbox 271 1673 1941 1761; baseline 0.014 -38"><span class='ocrx_word' id='word_1_225' title='bbox 271 1673 456 1735; x_wconf 85' lang='grc' dir='ltr'><strong>δοῦλός</strong></span> <span class='ocrx_word' id='word_1_226' title='bbox 477 1675 590 1726; x_wconf 85' lang='grc' dir='ltr'><strong>ἐστι</strong></span> <span class='ocrx_word' id='word_1_227' title='bbox 617 1674 896 1743; x_wconf 82' lang='grc' dir='ltr'><strong>βασιλέως,</strong></span> <span class='ocrx_word' id='word_1_228' title='bbox 934 1680 1242 1751; x_wconf 76' lang='grc' dir='ltr'><strong>τιμώμενος</strong></span> <span class='ocrx_word' id='word_1_229' title='bbox 1272 1688 1398 1756; x_wconf 84' lang='grc' dir='ltr'><strong>παρ’</strong></span> <span class='ocrx_word' id='word_1_230' title='bbox 1429 1689 1594 1742; x_wconf 86' lang='grc' dir='ltr'><strong>αὑτοῦ</strong></span> <span class='ocrx_word' id='word_1_231' title='bbox 1641 1692 1707 1744; x_wconf 79' lang='grc' dir='ltr'><strong>τὰ</strong></span> <span class='ocrx_word' id='word_1_232' title='bbox 1741 1711 1835 1761; x_wconf 89' lang='grc' dir='ltr'><strong>με-</strong></span> <span class='ocrx_word' id='word_1_233' title='bbox 1936 1711 1941 1740; x_wconf 70' lang='grc'><strong>1</strong></span> 
     </span>
    </p>
   </div>
   <div class='ocr_carea' id='block_1_28' title="bbox 1817 1673 3487 1762">
    <p class='ocr_par' dir='ltr' id='par_1_28' title="bbox 1817 1690 3487 1762">
     <span class='ocr_line' id='line_1_28' title="bbox 1817 1690 3487 1762; baseline 0.006 -21"><span class='ocrx_word' id='word_1_234' title='bbox 1817 1724 1835 1734; x_wconf 91' lang='grc'><strong>-</strong></span> <span class='ocrx_word' id='word_1_235' title='bbox 1936 1701 2190 1758; x_wconf 87' lang='lat' dir='ltr'><strong>quantum</strong></span> <span class='ocrx_word' id='word_1_236' title='bbox 2249 1691 2500 1745; x_wconf 83' lang='lat' dir='ltr'><strong>convenit</strong></span> <span class='ocrx_word' id='word_1_237' title='bbox 2547 1690 2759 1760; x_wconf 88' lang='lat' dir='ltr'><strong>gloriari</strong></span> <span class='ocrx_word' id='word_1_238' title='bbox 2822 1700 2873 1745; x_wconf 92' lang='lat' dir='ltr'><strong>te</strong></span> <span class='ocrx_word' id='word_1_239' title='bbox 2925 1693 3061 1759; x_wconf 91' lang='lat' dir='ltr'><strong>apud</strong></span> <span class='ocrx_word' id='word_1_240' title='bbox 3119 1696 3487 1762; x_wconf 87' lang='lat' dir='ltr'><strong>temetipsum.</strong></span> 
     </span>
    </p>
   </div>
   <div class='ocr_carea' id='block_1_29' title="bbox 273 1764 1943 1851">
    <p class='ocr_par' dir='ltr' id='par_1_29' title="bbox 273 1764 1943 1848">
     <span class='ocr_line' id='line_1_29' title="bbox 273 1764 1943 1848; baseline 0.012 -33"><span class='ocrx_word' id='word_1_241' title='bbox 273 1764 411 1830; x_wconf 80' lang='grc' dir='ltr'><strong>γάλα</strong></span> <span class='ocrx_word' id='word_1_242' title='bbox 431 1779 443 1792; x_wconf 78' lang='grc'><strong><em>⁸</em></strong></span> <span class='ocrx_word' id='word_1_243' title='bbox 477 1765 638 1817; x_wconf 88' lang='grc' dir='ltr'><strong>πόσον</strong></span> <span class='ocrx_word' id='word_1_244' title='bbox 665 1783 746 1819; x_wconf 91' lang='grc' dir='ltr'><strong>σοι</strong></span> <span class='ocrx_word' id='word_1_245' title='bbox 775 1771 1046 1840; x_wconf 82' lang='grc' dir='ltr'><strong>προσῆκεν</strong></span> <span class='ocrx_word' id='word_1_246' title='bbox 1076 1774 1166 1826; x_wconf 71' lang='grc' dir='ltr'><strong>ἐπὶ</strong></span> <span class='ocrx_word' id='word_1_247' title='bbox 1203 1777 1386 1846; x_wconf 80' lang='grc' dir='ltr'><strong>σαυτῷ</strong></span> <span class='ocrx_word' id='word_1_248' title='bbox 1418 1780 1832 1848; x_wconf 86' lang='grc' dir='ltr'><strong>μεγαλύνεσθαι,</strong></span> <span class='ocrx_word' id='word_1_249' title='bbox 1936 1804 1943 1835; x_wconf 85' lang='lat' dir='ltr'><strong>t</strong></span> 
     </span>
    </p>
   </div>
   <div class='ocr_carea' id='block_1_30' title="bbox 1823 1764 3493 1851">
    <p class='ocr_par' dir='ltr' id='par_1_30' title="bbox 1823 1782 3493 1851">
     <span class='ocr_line' id='line_1_30' title="bbox 1823 1782 3493 1851; baseline 0.004 -15"><span class='ocrx_word' id='word_1_250' title='bbox 1823 1825 1832 1848; x_wconf 83' lang='lat'><strong>,</strong></span> <span class='ocrx_word' id='word_1_251' title='bbox 1936 1783 2075 1851; x_wconf 93' lang='lat' dir='ltr'><strong>quod</strong></span> <span class='ocrx_word' id='word_1_252' title='bbox 2095 1783 2254 1851; x_wconf 86' lang='lat' dir='ltr'><strong>Regis</strong></span> <span class='ocrx_word' id='word_1_253' title='bbox 2291 1782 2466 1850; x_wconf 82' lang='lat' dir='ltr'><strong>magni</strong></span> <span class='ocrx_word' id='word_1_254' title='bbox 2498 1797 2684 1837; x_wconf 88' lang='lat' dir='ltr'><strong>servus</strong></span> <span class='ocrx_word' id='word_1_255' title='bbox 2707 1799 2785 1845; x_wconf 89' lang='lat' dir='ltr'><strong>es,</strong></span> <span class='ocrx_word' id='word_1_256' title='bbox 2815 1784 2880 1837; x_wconf 92' lang='lat' dir='ltr'><strong>ab</strong></span> <span class='ocrx_word' id='word_1_257' title='bbox 2902 1783 3016 1850; x_wconf 89' lang='lat' dir='ltr'><strong>ipso</strong></span> <span class='ocrx_word' id='word_1_258' title='bbox 3033 1785 3236 1838; x_wconf 88' lang='lat' dir='ltr'><strong>accitus</strong></span> <span class='ocrx_word' id='word_1_259' title='bbox 3259 1787 3322 1838; x_wconf 89' lang='lat' dir='ltr'><strong>ad</strong></span> <span class='ocrx_word' id='word_1_260' title='bbox 3346 1803 3493 1842; x_wconf 90' lang='lat' dir='ltr'><strong>sum-</strong></span> 
     </span>
    </p>
   </div>
   <div class='ocr_carea' id='block_1_31' title="bbox 270 1855 1940 1945">
    <p class='ocr_par' dir='ltr' id='par_1_31' title="bbox 270 1855 1896 1945">
     <span class='ocr_line' id='line_1_31' title="bbox 270 1855 1896 1945; baseline 0.014 -40"><span class='ocrx_word' id='word_1_261' title='bbox 270 1856 353 1907; x_wconf 81' lang='grc' dir='ltr'><strong>ὃτι</strong></span> <span class='ocrx_word' id='word_1_262' title='bbox 377 1855 556 1919; x_wconf 81' lang='grc' dir='ltr'><strong>δοῦλος</strong></span> <span class='ocrx_word' id='word_1_263' title='bbox 573 1855 621 1910; x_wconf 82' lang='grc' dir='ltr'><strong>εἷ</strong></span> <span class='ocrx_word' id='word_1_264' title='bbox 638 1859 729 1910; x_wconf 83' lang='grc' dir='ltr'><strong>τοῦ</strong></span> <span class='ocrx_word' id='word_1_265' title='bbox 760 1863 992 1929; x_wconf 80' lang='grc' dir='ltr'><strong>μεγάλου</strong></span> <span class='ocrx_word' id='word_1_266' title='bbox 1019 1865 1307 1930; x_wconf 82' lang='grc' dir='ltr'><strong>Βασιλέως,</strong></span> <span class='ocrx_word' id='word_1_267' title='bbox 1329 1871 1688 1941; x_wconf 69' lang='grc' dir='ltr'><strong>προσκληθεὶς</strong></span> <span class='ocrx_word' id='word_1_268' title='bbox 1705 1878 1833 1945; x_wconf 83' lang='grc' dir='ltr'><strong>παρ’</strong></span> <span class='ocrx_word' id='word_1_269' title='bbox 1864 1939 1896 1945; x_wconf 80' lang='lat'><strong><em>_</em></strong></span> 
     </span>
    </p>
   </div>
   <div class='ocr_carea' id='block_1_32' title="bbox 1816 1855 3486 1945">
    <p class='ocr_par' dir='ltr' id='par_1_32' title="bbox 1821 1871 3486 1945">
     <span class='ocr_line' id='line_1_32' title="bbox 1821 1871 3486 1945; baseline 0.002 -20"><span class='ocrx_word' id='word_1_270' title='bbox 1821 1878 1833 1896; x_wconf 89' lang='lat'><strong><em>‘</em></strong></span> <span class='ocrx_word' id='word_1_271' title='bbox 1864 1939 1896 1945; x_wconf 81' lang='lat'><strong><em>_</em></strong></span> <span class='ocrx_word' id='word_1_272' title='bbox 1941 1888 2078 1925; x_wconf 90' lang='lat' dir='ltr'><strong>mam</strong></span> <span class='ocrx_word' id='word_1_273' title='bbox 2109 1871 2557 1935; x_wconf 80' lang='lat' dir='ltr'><strong>familiaritatem,</strong></span> <span class='ocrx_word' id='word_1_274' title='bbox 2597 1871 2969 1940; x_wconf 87' lang='lat' dir='ltr'><strong>promissionis</strong></span> <span class='ocrx_word' id='word_1_275' title='bbox 3000 1871 3199 1939; x_wconf 90' lang='lat' dir='ltr'><strong>Spiritu</strong></span> <span class='ocrx_word' id='word_1_276' title='bbox 3228 1886 3486 1943; x_wconf 89' lang='lat' dir='ltr'><strong>accepto:</strong></span> 
     </span>
    </p>
   </div>
   <div class='ocr_carea' id='block_1_33' title="bbox 271 1939 1941 2034">
    <p class='ocr_par' dir='ltr' id='par_1_33' title="bbox 271 1939 1941 2034">
     <span class='ocr_line' id='line_1_33' title="bbox 271 1939 1941 2034; baseline 0.01 -33"><span class='ocrx_word' id='word_1_277' title='bbox 271 1945 436 2001; x_wconf 71' lang='grc' dir='ltr'><strong>αὑτοῦ</strong></span> <span class='ocrx_word' id='word_1_278' title='bbox 464 1952 540 2011; x_wconf 77' lang='grc' dir='ltr'><strong>εἰς</strong></span> <span class='ocrx_word' id='word_1_279' title='bbox 570 1951 664 2022; x_wconf 79' lang='grc' dir='ltr'><strong>τὴν</strong></span> <span class='ocrx_word' id='word_1_280' title='bbox 699 1953 871 2023; x_wconf 84' lang='grc' dir='ltr'><strong>ἄκραν</strong></span> <span class='ocrx_word' id='word_1_281' title='bbox 903 1957 1191 2019; x_wconf 83' lang='grc' dir='ltr'><strong>οίκείωσιν,</strong></span> <span class='ocrx_word' id='word_1_282' title='bbox 1213 1959 1390 2010; x_wconf 82' lang='grc' dir='ltr'><strong>λαϐὼν</strong></span> <span class='ocrx_word' id='word_1_283' title='bbox 1410 1962 1468 2013; x_wconf 80' lang='grc' dir='ltr'><strong>τὸ</strong></span> <span class='ocrx_word' id='word_1_284' title='bbox 1492 1939 1710 2032; x_wconf 82' lang='grc' dir='ltr'><strong>Πνεῦμα</strong></span> <span class='ocrx_word' id='word_1_285' title='bbox 1735 1939 1832 2034; x_wconf 50' lang='lat' dir='ltr'><strong>ei};</strong></span> <span class='ocrx_word' id='word_1_286' title='bbox 1864 1939 1902 1993; x_wconf 73' lang='grc' dir='ltr'><strong>Β</strong></span> <span class='ocrx_word' id='word_1_287' title='bbox 1933 1979 1941 2015; x_wconf 90' lang='grc'><strong>1</strong></span> 
     </span>
    </p>
   </div>
   <div class='ocr_carea' id='block_1_34' title="bbox 1817 1939 3487 2034">
    <p class='ocr_par' dir='ltr' id='par_1_34' title="bbox 1817 1939 3487 2032">
     <span class='ocr_line' id='line_1_34' title="bbox 1817 1939 3487 2032; baseline 0.004 -18"><span class='ocrx_word' id='word_1_288' title='bbox 1817 1983 1832 2027; x_wconf 86' lang='lat'><strong><em>;</em></strong></span> <span class='ocrx_word' id='word_1_289' title='bbox 1864 1939 1902 1993; x_wconf 73' lang='grc' dir='ltr'><strong>Β</strong></span> <span class='ocrx_word' id='word_1_290' title='bbox 1933 1975 1988 2015; x_wconf 86' lang='grc' dir='ltr'><strong>ιιι</strong></span> <span class='ocrx_word' id='word_1_291' title='bbox 2019 1965 2068 2014; x_wconf 92' lang='lat' dir='ltr'><strong>in</strong></span> <span class='ocrx_word' id='word_1_292' title='bbox 2099 1963 2213 2030; x_wconf 89' lang='lat' dir='ltr'><strong>ipso</strong></span> <span class='ocrx_word' id='word_1_293' title='bbox 2235 1965 2562 2032; x_wconf 88' lang='lat' dir='ltr'><strong>obsignatns,</strong></span> <span class='ocrx_word' id='word_1_294' title='bbox 2589 1939 2676 2018; x_wconf 76' lang='lat' dir='ltr'><strong>Dei</strong></span> <span class='ocrx_word' id='word_1_295' title='bbox 2707 1962 3131 2017; x_wconf 81' lang='lat' dir='ltr'><strong>ﬁliuseliiciarc‘!</strong></span> <span class='ocrx_word' id='word_1_296' title='bbox 3151 1963 3280 2019; x_wconf 91' lang='lat' dir='ltr'><strong>Cum</strong></span> <span class='ocrx_word' id='word_1_297' title='bbox 3311 1939 3487 2020; x_wconf 76' lang='lat' dir='ltr'><strong>autem</strong></span> 
     </span>
    </p>
   </div>
   <div class='ocr_carea' id='block_1_35' title="bbox 271 2042 1941 2125">
    <p class='ocr_par' dir='ltr' id='par_1_35' title="bbox 271 2042 1941 2120">
     <span class='ocr_line' id='line_1_35' title="bbox 271 2042 1941 2120; baseline 0.007 -28"><span class='ocrx_word' id='word_1_298' title='bbox 271 2042 621 2110; x_wconf 87' lang='grc' dir='ltr'><strong>ἐπαγγελίας,</strong></span> <span class='ocrx_word' id='word_1_299' title='bbox 661 2044 799 2098; x_wconf 83' lang='grc' dir='ltr'><strong>ὥστε</strong></span> <span class='ocrx_word' id='word_1_300' title='bbox 835 2048 1185 2117; x_wconf 80' lang='grc' dir='ltr'><strong>σφραγισθεὶς</strong></span> <span class='ocrx_word' id='word_1_301' title='bbox 1209 2051 1264 2100; x_wconf 86' lang='grc' dir='ltr'><strong>ἐν</strong></span> <span class='ocrx_word' id='word_1_302' title='bbox 1286 2051 1432 2120; x_wconf 80' lang='grc' dir='ltr'><strong>αὐτῷ</strong></span> <span class='ocrx_word' id='word_1_303' title='bbox 1463 2053 1574 2115; x_wconf 73' lang='grc' dir='ltr'><strong>υίὸς</strong></span> <span class='ocrx_word' id='word_1_304' title='bbox 1613 2055 1828 2108; x_wconf 74' lang='grc' dir='ltr'><strong>ἀποδειο</strong></span> <span class='ocrx_word' id='word_1_305' title='bbox 1930 2067 1941 2104; x_wconf 76' lang='grc' dir='ltr'><strong>ε</strong></span> 
     </span>
    </p>
   </div>
   <div class='ocr_carea' id='block_1_36' title="bbox 1817 2042 3487 2125">
    <p class='ocr_par' dir='ltr' id='par_1_36' title="bbox 1817 2053 3487 2125">
     <span class='ocr_line' id='line_1_36' title="bbox 1817 2053 3487 2125; baseline 0.002 -20"><span class='ocrx_word' id='word_1_306' title='bbox 1817 2085 1828 2095; x_wconf 84' lang='grc'><strong>-</strong></span> <span class='ocrx_word' id='word_1_307' title='bbox 1930 2053 2157 2105; x_wconf 79' lang='lat' dir='ltr'><strong>sincera:</strong></span> <span class='ocrx_word' id='word_1_308' title='bbox 2189 2054 2238 2104; x_wconf 92' lang='lat' dir='ltr'><strong>in</strong></span> <span class='ocrx_word' id='word_1_309' title='bbox 2274 2053 2437 2106; x_wconf 90' lang='lat' dir='ltr'><strong>Deum</strong></span> <span class='ocrx_word' id='word_1_310' title='bbox 2474 2056 2587 2123; x_wconf 86' lang='lat' dir='ltr'><strong>spei</strong></span> <span class='ocrx_word' id='word_1_311' title='bbox 2618 2054 2906 2109; x_wconf 89' lang='lat' dir='ltr'><strong>utilitatem</strong></span> <span class='ocrx_word' id='word_1_312' title='bbox 2927 2056 2978 2108; x_wconf 90' lang='lat' dir='ltr'><strong>in</strong></span> <span class='ocrx_word' id='word_1_313' title='bbox 3011 2057 3300 2125; x_wconf 80' lang='lat' dir='ltr'><strong>semetipso</strong></span> <span class='ocrx_word' id='word_1_314' title='bbox 3325 2073 3487 2122; x_wconf 77' lang='lat' dir='ltr'><strong>agno-</strong></span> 
     </span>
    </p>
   </div>
   <div class='ocr_carea' id='block_1_37' title="bbox 270 2137 1940 2217">
    <p class='ocr_par' dir='ltr' id='par_1_37' title="bbox 270 2137 1940 2217">
     <span class='ocr_line' id='line_1_37' title="bbox 270 2137 1940 2217; baseline 0.005 -29"><span class='ocrx_word' id='word_1_315' title='bbox 270 2137 464 2207; x_wconf 80' lang='grc' dir='ltr'><strong>χθῆναι</strong></span> <span class='ocrx_word' id='word_1_316' title='bbox 477 2139 629 2206; x_wconf 86' lang='grc' dir='ltr'><strong>Θεοῦ;</strong></span> <span class='ocrx_word' id='word_1_317' title='bbox 649 2141 926 2210; x_wconf 69' lang='grc' dir='ltr'><strong>Ἐνέαυτῷ</strong></span> <span class='ocrx_word' id='word_1_318' title='bbox 939 2143 992 2193; x_wconf 82' lang='grc' dir='ltr'><strong>δὲ</strong></span> <span class='ocrx_word' id='word_1_319' title='bbox 1011 2142 1166 2207; x_wconf 80' lang='grc' dir='ltr'><strong>γνοὺς</strong></span> <span class='ocrx_word' id='word_1_320' title='bbox 1185 2140 1292 2210; x_wconf 81' lang='grc'>(87)</span> <span class='ocrx_word' id='word_1_321' title='bbox 1313 2142 1372 2194; x_wconf 81' lang='grc' dir='ltr'><strong>τὸ</strong></span> <span class='ocrx_word' id='word_1_322' title='bbox 1392 2143 1578 2210; x_wconf 75' lang='grc' dir='ltr'><strong>ὄφελος</strong></span> <span class='ocrx_word' id='word_1_323' title='bbox 1593 2144 1690 2214; x_wconf 82' lang='grc' dir='ltr'><strong>τῆς</strong></span> <span class='ocrx_word' id='word_1_324' title='bbox 1707 2162 1830 2217; x_wconf 80' lang='grc' dir='ltr'><strong>γνη-</strong></span> <span class='ocrx_word' id='word_1_325' title='bbox 1929 2159 1940 2197; x_wconf 81' lang='lat' dir='ltr'><strong>t</strong></span> 
     </span>
    </p>
   </div>
   <div class='ocr_carea' id='block_1_38' title="bbox 1817 2137 3487 2217">
    <p class='ocr_par' dir='ltr' id='par_1_38' title="bbox 1817 2141 3487 2212">
     <span class='ocr_line' id='line_1_38' title="bbox 1817 2141 3487 2212; baseline 0.002 -16"><span class='ocrx_word' id='word_1_326' title='bbox 1817 2177 1830 2186; x_wconf 88' lang='lat'><strong>-</strong></span> <span class='ocrx_word' id='word_1_327' title='bbox 1929 2153 2102 2197; x_wconf 85' lang='lat' dir='ltr'><strong>sceret</strong></span> <span class='ocrx_word' id='word_1_328' title='bbox 2127 2142 2416 2211; x_wconf 87' lang='lat' dir='ltr'><strong>Propheta,</strong></span> <span class='ocrx_word' id='word_1_329' title='bbox 2441 2141 2695 2212; x_wconf 92' lang='lat' dir='ltr'><strong>populum</strong></span> <span class='ocrx_word' id='word_1_330' title='bbox 2725 2144 2791 2197; x_wconf 91' lang='lat' dir='ltr'><strong>ad</strong></span> <span class='ocrx_word' id='word_1_331' title='bbox 2833 2157 3014 2212; x_wconf 90' lang='lat' dir='ltr'><strong>parem</strong></span> <span class='ocrx_word' id='word_1_332' title='bbox 3047 2159 3231 2199; x_wconf 88' lang='lat' dir='ltr'><strong>secum</strong></span> <span class='ocrx_word' id='word_1_333' title='bbox 3265 2147 3487 2200; x_wconf 69' lang='lat' dir='ltr'><strong>aemula-</strong></span> 
     </span>
    </p>
   </div>
   <div class='ocr_carea' id='block_1_39' title="bbox 271 2230 1941 2309">
    <p class='ocr_par' dir='ltr' id='par_1_39' title="bbox 271 2230 1941 2309">
     <span class='ocr_line' id='line_1_39' title="bbox 271 2230 1941 2309; baseline 0.005 -27"><span class='ocrx_word' id='word_1_334' title='bbox 271 2230 392 2292; x_wconf 92' lang='grc' dir='ltr'><strong>σίας</strong></span> <span class='ocrx_word' id='word_1_335' title='bbox 408 2232 498 2284; x_wconf 76' lang='grc' dir='ltr'><strong>ἐπὶ</strong></span> <span class='ocrx_word' id='word_1_336' title='bbox 522 2233 653 2284; x_wconf 86' lang='grc' dir='ltr'><strong>Θεὸν</strong></span> <span class='ocrx_word' id='word_1_337' title='bbox 666 2233 895 2294; x_wconf 83' lang='grc' dir='ltr'><strong>ἐλπίδος,</strong></span> <span class='ocrx_word' id='word_1_338' title='bbox 915 2234 1004 2285; x_wconf 82' lang='grc' dir='ltr'><strong>ἐπὶ</strong></span> <span class='ocrx_word' id='word_1_339' title='bbox 1024 2233 1111 2286; x_wconf 85' lang='grc' dir='ltr'><strong>τὸν</strong></span> <span class='ocrx_word' id='word_1_340' title='bbox 1133 2236 1244 2287; x_wconf 84' lang='grc' dir='ltr'><strong>ἴσον</strong></span> <span class='ocrx_word' id='word_1_341' title='bbox 1267 2236 1457 2288; x_wconf 89' lang='grc' dir='ltr'><strong>ἑαυτοῦ</strong></span> <span class='ocrx_word' id='word_1_342' title='bbox 1475 2235 1634 2306; x_wconf 78' lang='grc' dir='ltr'><strong>ζῆλον</strong></span> <span class='ocrx_word' id='word_1_343' title='bbox 1652 2257 1828 2309; x_wconf 78' lang='grc' dir='ltr'><strong>παρα·</strong></span> <span class='ocrx_word' id='word_1_344' title='bbox 1933 2247 1941 2290; x_wconf 97' lang='lat' dir='ltr'><strong>l</strong></span> 
     </span>
    </p>
   </div>
   <div class='ocr_carea' id='block_1_40' title="bbox 1815 2230 3485 2309">
    <p class='ocr_par' dir='ltr' id='par_1_40' title="bbox 1815 2232 3485 2303">
     <span class='ocr_line' id='line_1_40' title="bbox 1815 2232 3485 2303; baseline -0.001 -13"><span class='ocrx_word' id='word_1_345' title='bbox 1815 2270 1828 2280; x_wconf 94' lang='lat'><strong>-</strong></span> <span class='ocrx_word' id='word_1_346' title='bbox 1933 2237 2127 2291; x_wconf 89' lang='lat' dir='ltr'><strong>tionem</strong></span> <span class='ocrx_word' id='word_1_347' title='bbox 2155 2236 2344 2290; x_wconf 79' lang='lat' dir='ltr'><strong>invitat</strong></span> <span class='ocrx_word' id='word_1_348' title='bbox 2369 2235 2554 2289; x_wconf 90' lang='lat' dir='ltr'><strong>dicens</strong></span> <span class='ocrx_word' id='word_1_349' title='bbox 2583 2253 2596 2288; x_wconf 90' lang='lat'>:</span> <span class='ocrx_word' id='word_1_350' title='bbox 2631 2233 2792 2288; x_wconf 77' lang='lat' dir='ltr'><strong>Vens.</strong></span> <span class='ocrx_word' id='word_1_351' title='bbox 2824 2234 2876 2290; x_wconf 89' lang='lat'><strong>9.</strong></span> <span class='ocrx_word' id='word_1_352' title='bbox 2899 2232 3117 2303; x_wconf 80' lang='lat' dir='ltr'><strong>Sperate</strong></span> <span class='ocrx_word' id='word_1_353' title='bbox 3140 2237 3192 2287; x_wconf 84' lang='lat' dir='ltr'><strong>in</strong></span> <span class='ocrx_word' id='word_1_354' title='bbox 3213 2252 3294 2301; x_wconf 93' lang='lat' dir='ltr'><strong>eo,</strong></span> <span class='ocrx_word' id='word_1_355' title='bbox 3315 2238 3485 2290; x_wconf 78' lang='lat' dir='ltr'><strong>omnis</strong></span> 
     </span>
    </p>
   </div>
   <div class='ocr_carea' id='block_1_41' title="bbox 269 2321 1939 2397">
    <p class='ocr_par' dir='ltr' id='par_1_41' title="bbox 269 2321 1939 2391">
     <span class='ocr_line' id='line_1_41' title="bbox 269 2321 1939 2391; baseline 0.005 -18"><span class='ocrx_word' id='word_1_356' title='bbox 269 2321 424 2374; x_wconf 81' lang='grc' dir='ltr'><strong>καλεῖ</strong></span> <span class='ocrx_word' id='word_1_357' title='bbox 450 2323 538 2374; x_wconf 84' lang='grc' dir='ltr'><strong>τὸν</strong></span> <span class='ocrx_word' id='word_1_358' title='bbox 564 2323 708 2385; x_wconf 75' lang='grc' dir='ltr'><strong>λαὸν,</strong></span> <span class='ocrx_word' id='word_1_359' title='bbox 741 2322 930 2390; x_wconf 81' lang='grc' dir='ltr'><strong>λέγων·</strong></span> <span class='ocrx_word' id='word_1_360' title='bbox 959 2325 1277 2379; x_wconf 77' lang='grc' dir='ltr'><strong>Ἔλπίσατε</strong></span> <span class='ocrx_word' id='word_1_361' title='bbox 1301 2327 1393 2380; x_wconf 83' lang='grc' dir='ltr'><strong>ἐπ’</strong></span> <span class='ocrx_word' id='word_1_362' title='bbox 1422 2328 1624 2391; x_wconf 79' lang='grc' dir='ltr'><strong>αὑτὸν,</strong></span> <span class='ocrx_word' id='word_1_363' title='bbox 1663 2328 1830 2384; x_wconf 82' lang='grc' dir='ltr'><strong>πᾶσα</strong></span> <span class='ocrx_word' id='word_1_364' title='bbox 1929 2352 1939 2382; x_wconf 74' lang='grc' dir='ltr'><strong>ι</strong></span> 
     </span>
    </p>
   </div>
   <div class='ocr_carea' id='block_1_42' title="bbox 1813 2321 3483 2397">
    <p class='ocr_par' dir='ltr' id='par_1_42' title="bbox 1813 2327 3483 2397">
     <span class='ocr_line' id='line_1_42' title="bbox 1813 2327 3483 2397; baseline 0.001 -15"><span class='ocrx_word' id='word_1_365' title='bbox 1813 2347 1830 2382; x_wconf 80' lang='grc' dir='ltr'><strong>ι</strong></span> <span class='ocrx_word' id='word_1_366' title='bbox 1929 2331 2256 2397; x_wconf 79' lang='lat' dir='ltr'><strong>congregatio</strong></span> <span class='ocrx_word' id='word_1_367' title='bbox 2271 2327 2601 2396; x_wconf 87' lang='lat' dir='ltr'><strong>populorum,</strong></span> <span class='ocrx_word' id='word_1_368' title='bbox 2627 2328 2878 2396; x_wconf 71' lang='lat' dir='ltr'><strong>effundite</strong></span> <span class='ocrx_word' id='word_1_369' title='bbox 2897 2344 3072 2381; x_wconf 87' lang='lat' dir='ltr'><strong>coram</strong></span> <span class='ocrx_word' id='word_1_370' title='bbox 3097 2328 3188 2382; x_wconf 87' lang='lat' dir='ltr'><strong>illo</strong></span> <span class='ocrx_word' id='word_1_371' title='bbox 3206 2330 3363 2382; x_wconf 87' lang='lat' dir='ltr'><strong>corda</strong></span> <span class='ocrx_word' id='word_1_372' title='bbox 3398 2346 3483 2383; x_wconf 85' lang='lat' dir='ltr'><strong>ve-</strong></span> 
     </span>
    </p>
   </div>
   <div class='ocr_carea' id='block_1_43' title="bbox 267 2413 1937 2489">
    <p class='ocr_par' dir='ltr' id='par_1_43' title="bbox 267 2413 1937 2488">
     <span class='ocr_line' id='line_1_43' title="bbox 267 2413 1937 2488; baseline 0.006 -25"><span class='ocrx_word' id='word_1_373' title='bbox 267 2413 588 2480; x_wconf 63' lang='grc' dir='ltr'><strong>συναγωγὴ</strong></span> <span class='ocrx_word' id='word_1_374' title='bbox 623 2413 806 2479; x_wconf 75' lang='grc' dir='ltr'><strong>λαῶν,</strong></span> <span class='ocrx_word' id='word_1_375' title='bbox 836 2416 1078 2486; x_wconf 79' lang='grc' dir='ltr'><strong>ὲκχέατε</strong></span> <span class='ocrx_word' id='word_1_376' title='bbox 1100 2418 1209 2488; x_wconf 88' lang='grc'>(88)</span> <span class='ocrx_word' id='word_1_377' title='bbox 1235 2419 1488 2474; x_wconf 80' lang='grc' dir='ltr'><strong>ἐνώπιον</strong></span> <span class='ocrx_word' id='word_1_378' title='bbox 1512 2422 1694 2474; x_wconf 81' lang='grc' dir='ltr'><strong>αὐτοῦ</strong></span> <span class='ocrx_word' id='word_1_379' title='bbox 1725 2421 1829 2486; x_wconf 84' lang='grc' dir='ltr'><strong>τὰς</strong></span> <span class='ocrx_word' id='word_1_380' title='bbox 1926 2438 1937 2473; x_wconf 78' lang='lat' dir='ltr'><strong>t</strong></span> 
     </span>
    </p>
   </div>
   <div class='ocr_carea' id='block_1_44' title="bbox 1816 2413 3486 2489">
    <p class='ocr_par' dir='ltr' id='par_1_44' title="bbox 1816 2418 3486 2489">
     <span class='ocr_line' id='line_1_44' title="bbox 1816 2418 3486 2489; baseline 0.002 -16"><span class='ocrx_word' id='word_1_381' title='bbox 1816 2442 1829 2484; x_wconf 67' lang='grc' dir='ltr'><strong><em>π</em></strong></span> <span class='ocrx_word' id='word_1_382' title='bbox 1926 2432 2054 2473; x_wconf 73' lang='lat' dir='ltr'><strong>atra.</strong></span> <span class='ocrx_word' id='word_1_383' title='bbox 2091 2418 2230 2472; x_wconf 83' lang='lat' dir='ltr'><strong>Fieri</strong></span> <span class='ocrx_word' id='word_1_384' title='bbox 2282 2434 2386 2471; x_wconf 91' lang='lat' dir='ltr'><strong>non</strong></span> <span class='ocrx_word' id='word_1_385' title='bbox 2436 2429 2638 2486; x_wconf 88' lang='lat' dir='ltr'><strong>potest,</strong></span> <span class='ocrx_word' id='word_1_386' title='bbox 2685 2429 2744 2472; x_wconf 93' lang='lat' dir='ltr'><strong>nt</strong></span> <span class='ocrx_word' id='word_1_387' title='bbox 2792 2420 2987 2472; x_wconf 70' lang='lat' dir='ltr'><strong>divina:</strong></span> <span class='ocrx_word' id='word_1_388' title='bbox 3033 2421 3217 2488; x_wconf 76' lang='lat' dir='ltr'><strong>gratia:</strong></span> <span class='ocrx_word' id='word_1_389' title='bbox 3261 2435 3486 2489; x_wconf 75' lang='lat' dir='ltr'><strong>capaces</strong></span> 
     </span>
    </p>
   </div>
   <div class='ocr_carea' id='block_1_45' title="bbox 267 2506 1937 2586">
    <p class='ocr_par' dir='ltr' id='par_1_45' title="bbox 267 2506 1937 2586">
     <span class='ocr_line' id='line_1_45' title="bbox 267 2506 1937 2586; baseline 0.01 -30"><span class='ocrx_word' id='word_1_390' title='bbox 267 2506 710 2578; x_wconf 57' lang='grc' dir='ltr'><strong>γαρδίαςρμῶν.</strong></span> <span class='ocrx_word' id='word_1_391' title='bbox 730 2511 1028 2584; x_wconf 83' lang='grc' dir='ltr'><strong>Ἀμήχανόν</strong></span> <span class='ocrx_word' id='word_1_392' title='bbox 1041 2516 1154 2568; x_wconf 87' lang='grc' dir='ltr'><strong>ἐστι</strong></span> <span class='ocrx_word' id='word_1_393' title='bbox 1170 2518 1504 2586; x_wconf 79' lang='grc' dir='ltr'><strong>χωρητικοὺς</strong></span> <span class='ocrx_word' id='word_1_394' title='bbox 1519 2518 1662 2586; x_wconf 77' lang='grc' dir='ltr'><strong>ἡμᾶς</strong></span> <span class='ocrx_word' id='word_1_395' title='bbox 1679 2519 1828 2586; x_wconf 80' lang='grc' dir='ltr'><strong>γενέ·</strong></span> <span class='ocrx_word' id='word_1_396' title='bbox 1928 2527 1937 2564; x_wconf 92' lang='grc'><strong>1</strong></span> 
     </span>
    </p>
   </div>
   <div class='ocr_carea' id='block_1_46' title="bbox 1815 2506 3485 2586">
    <p class='ocr_par' dir='ltr' id='par_1_46' title="bbox 1815 2506 3485 2577">
     <span class='ocr_line' id='line_1_46' title="bbox 1815 2506 3485 2577; baseline 0.003 -18"><span class='ocrx_word' id='word_1_397' title='bbox 1815 2549 1828 2559; x_wconf 94' lang='grc'><em>.</em></span> <span class='ocrx_word' id='word_1_398' title='bbox 1928 2511 2235 2574; x_wconf 89' lang='lat' dir='ltr'><strong>reddamur,</strong></span> <span class='ocrx_word' id='word_1_399' title='bbox 2267 2508 2367 2561; x_wconf 88' lang='lat' dir='ltr'><strong>nisi</strong></span> <span class='ocrx_word' id='word_1_400' title='bbox 2401 2507 2619 2561; x_wconf 70' lang='lat' dir='ltr'><strong>malitiae</strong></span> <span class='ocrx_word' id='word_1_401' title='bbox 2649 2506 2984 2575; x_wconf 72' lang='lat' dir='ltr'><strong>affectiones,</strong></span> <span class='ocrx_word' id='word_1_402' title='bbox 3016 2524 3135 2577; x_wconf 63' lang='lat' dir='ltr'><strong>qua;</strong></span> <span class='ocrx_word' id='word_1_403' title='bbox 3155 2511 3366 2564; x_wconf 90' lang='lat' dir='ltr'><strong>animas</strong></span> <span class='ocrx_word' id='word_1_404' title='bbox 3390 2526 3485 2564; x_wconf 87' lang='lat' dir='ltr'><strong>no-</strong></span> 
     </span>
    </p>
   </div>
   <div class='ocr_carea' id='block_1_47' title="bbox 268 2597 1938 2680">
    <p class='ocr_par' dir='ltr' id='par_1_47' title="bbox 268 2599 1938 2680">
     <span class='ocr_line' id='line_1_47' title="bbox 268 2599 1938 2680; baseline 0.007 -29"><span class='ocrx_word' id='word_1_405' title='bbox 268 2599 392 2652; x_wconf 83' lang='grc' dir='ltr'><strong>σθαι</strong></span> <span class='ocrx_word' id='word_1_406' title='bbox 417 2604 515 2672; x_wconf 84' lang='grc' dir='ltr'><strong>τῆς</strong></span> <span class='ocrx_word' id='word_1_407' title='bbox 547 2601 695 2667; x_wconf 82' lang='grc' dir='ltr'><strong>θείας</strong></span> <span class='ocrx_word' id='word_1_408' title='bbox 720 2606 936 2676; x_wconf 85' lang='grc' dir='ltr'><strong>χάριτος</strong></span> <span class='ocrx_word' id='word_1_409' title='bbox 955 2607 1029 2677; x_wconf 85' lang='grc' dir='ltr'><strong>μὴ</strong></span> <span class='ocrx_word' id='word_1_410' title='bbox 1063 2608 1129 2660; x_wconf 81' lang='grc' dir='ltr'><strong>τὰ</strong></span> <span class='ocrx_word' id='word_1_411' title='bbox 1156 2609 1260 2660; x_wconf 80' lang='grc' dir='ltr'><strong>ἀπὸ</strong></span> <span class='ocrx_word' id='word_1_412' title='bbox 1299 2608 1494 2669; x_wconf 83' lang='grc' dir='ltr'><strong>κακίας</strong></span> <span class='ocrx_word' id='word_1_413' title='bbox 1527 2610 1671 2680; x_wconf 83' lang='grc' dir='ltr'><strong>πάθη</strong></span> <span class='ocrx_word' id='word_1_414' title='bbox 1699 2628 1828 2680; x_wconf 87' lang='grc' dir='ltr'><strong>προ-</strong></span> <span class='ocrx_word' id='word_1_415' title='bbox 1928 2617 1938 2655; x_wconf 75' lang='grc' dir='ltr'><strong>ε</strong></span> 
     </span>
    </p>
   </div>
   <div class='ocr_carea' id='block_1_48' title="bbox 1811 2597 3481 2680">
    <p class='ocr_par' dir='ltr' id='par_1_48' title="bbox 1811 2597 3481 2668">
     <span class='ocr_line' id='line_1_48' title="bbox 1811 2597 3481 2668; baseline 0.002 -18"><span class='ocrx_word' id='word_1_416' title='bbox 1811 2642 1828 2650; x_wconf 90' lang='grc'><strong>-</strong></span> <span class='ocrx_word' id='word_1_417' title='bbox 1928 2610 2067 2655; x_wconf 91' lang='lat' dir='ltr'><strong>stras</strong></span> <span class='ocrx_word' id='word_1_418' title='bbox 2112 2607 2529 2668; x_wconf 85' lang='lat' dir='ltr'><strong>occupaverant,</strong></span> <span class='ocrx_word' id='word_1_419' title='bbox 2577 2597 2963 2666; x_wconf 77' lang='lat' dir='ltr'><strong>expulerimus.</strong></span> <span class='ocrx_word' id='word_1_420' title='bbox 3009 2598 3145 2652; x_wconf 86' lang='lat' dir='ltr'><strong>Novi</strong></span> <span class='ocrx_word' id='word_1_421' title='bbox 3176 2613 3276 2668; x_wconf 87' lang='lat' dir='ltr'><strong>ego</strong></span> <span class='ocrx_word' id='word_1_422' title='bbox 3311 2601 3481 2653; x_wconf 88' lang='lat' dir='ltr'><strong>medi-</strong></span> 
     </span>
    </p>
   </div>
   <div class='ocr_carea' id='block_1_49' title="bbox 267 2688 1937 2768">
    <p class='ocr_par' dir='ltr' id='par_1_49' title="bbox 267 2695 1937 2768">
     <span class='ocr_line' id='line_1_49' title="bbox 267 2695 1937 2768; baseline 0.008 -23"><span class='ocrx_word' id='word_1_423' title='bbox 267 2695 608 2765; x_wconf 83' lang='grc' dir='ltr'><strong>κατασχόντα</strong></span> <span class='ocrx_word' id='word_1_424' title='bbox 650 2697 743 2758; x_wconf 80' lang='grc' dir='ltr'><strong>τὰς</strong></span> <span class='ocrx_word' id='word_1_425' title='bbox 801 2697 974 2764; x_wconf 73' lang='grc' dir='ltr'><strong>ψυχὰς</strong></span> <span class='ocrx_word' id='word_1_426' title='bbox 1024 2699 1179 2768; x_wconf 80' lang='grc' dir='ltr'><strong>ἡμῶν</strong></span> <span class='ocrx_word' id='word_1_427' title='bbox 1235 2699 1612 2765; x_wconf 79' lang='grc' dir='ltr'><strong>ἐξελάσαντας.</strong></span> <span class='ocrx_word' id='word_1_428' title='bbox 1672 2698 1826 2758; x_wconf 78' lang='grc' dir='ltr'><strong>Εἶδον</strong></span> <span class='ocrx_word' id='word_1_429' title='bbox 1929 2711 1937 2744; x_wconf 68' lang='grc' dir='ltr'><strong>ε</strong></span> 
     </span>
    </p>
   </div>
   <div class='ocr_carea' id='block_1_50' title="bbox 1812 2688 3482 2768">
    <p class='ocr_par' dir='ltr' id='par_1_50' title="bbox 1812 2688 3482 2760">
     <span class='ocr_line' id='line_1_50' title="bbox 1812 2688 3482 2760; baseline -0.003 -13"><span class='ocrx_word' id='word_1_430' title='bbox 1812 2725 1826 2758; x_wconf 59' lang='grc' dir='ltr'><em>ι</em></span> <span class='ocrx_word' id='word_1_431' title='bbox 1929 2708 2040 2756; x_wconf 87' lang='lat' dir='ltr'><strong>cos,</strong></span> <span class='ocrx_word' id='word_1_432' title='bbox 2074 2693 2164 2760; x_wconf 90' lang='lat' dir='ltr'><strong>qui</strong></span> <span class='ocrx_word' id='word_1_433' title='bbox 2191 2706 2296 2744; x_wconf 93' lang='lat' dir='ltr'><strong>non</strong></span> <span class='ocrx_word' id='word_1_434' title='bbox 2324 2690 2476 2759; x_wconf 90' lang='lat' dir='ltr'><strong>prius</strong></span> <span class='ocrx_word' id='word_1_435' title='bbox 2492 2688 2746 2743; x_wconf 83' lang='lat' dir='ltr'><strong>salutaria</strong></span> <span class='ocrx_word' id='word_1_436' title='bbox 2768 2688 3156 2742; x_wconf 88' lang='lat' dir='ltr'><strong>medicamenta</strong></span> <span class='ocrx_word' id='word_1_437' title='bbox 3179 2688 3482 2754; x_wconf 87' lang='lat' dir='ltr'><strong>tradebant,</strong></span> 
     </span>
    </p>
   </div>
   <div class='ocr_carea' id='block_1_51' title="bbox 269 2781 1939 2866">
    <p class='ocr_par' dir='ltr' id='par_1_51' title="bbox 269 2785 1939 2866">
     <span class='ocr_line' id='line_1_51' title="bbox 269 2785 1939 2866; baseline 0.008 -30"><span class='ocrx_word' id='word_1_438' title='bbox 269 2787 488 2856; x_wconf 76' lang='grc' dir='ltr'><strong>ίατροὺς</strong></span> <span class='ocrx_word' id='word_1_439' title='bbox 508 2785 616 2852; x_wconf 82' lang='grc' dir='ltr'><strong>ἐγὼ</strong></span> <span class='ocrx_word' id='word_1_440' title='bbox 652 2786 724 2856; x_wconf 83' lang='grc' dir='ltr'><strong>μὴ</strong></span> <span class='ocrx_word' id='word_1_441' title='bbox 753 2787 1012 2856; x_wconf 86' lang='grc' dir='ltr'><strong>πρότερον</strong></span> <span class='ocrx_word' id='word_1_442' title='bbox 1051 2789 1288 2853; x_wconf 84' lang='grc' dir='ltr'><strong>διδόντας</strong></span> <span class='ocrx_word' id='word_1_443' title='bbox 1325 2792 1392 2845; x_wconf 82' lang='grc' dir='ltr'><strong>τὰ</strong></span> <span class='ocrx_word' id='word_1_444' title='bbox 1432 2797 1669 2865; x_wconf 81' lang='grc' dir='ltr'><strong>σωτήρια</strong></span> <span class='ocrx_word' id='word_1_445' title='bbox 1698 2797 1828 2866; x_wconf 79' lang='grc' dir='ltr'><strong>φάρ-</strong></span> <span class='ocrx_word' id='word_1_446' title='bbox 1928 2801 1939 2836; x_wconf 79' lang='grc'><strong>¹</strong></span> 
     </span>
    </p>
   </div>
   <div class='ocr_carea' id='block_1_52' title="bbox 1814 2781 3484 2866">
    <p class='ocr_par' dir='ltr' id='par_1_52' title="bbox 1814 2781 3484 2852">
     <span class='ocr_line' id='line_1_52' title="bbox 1814 2781 3484 2852; baseline -0.001 -15"><span class='ocrx_word' id='word_1_447' title='bbox 1814 2827 1828 2837; x_wconf 94' lang='grc'><em>.</em></span> <span class='ocrx_word' id='word_1_448' title='bbox 1928 2799 2085 2852; x_wconf 87' lang='lat' dir='ltr'><strong>quam</strong></span> <span class='ocrx_word' id='word_1_449' title='bbox 2128 2783 2408 2837; x_wconf 89' lang='lat' dir='ltr'><strong>materiam</strong></span> <span class='ocrx_word' id='word_1_450' title='bbox 2465 2781 2761 2836; x_wconf 89' lang='lat' dir='ltr'><strong>morbidam</strong></span> <span class='ocrx_word' id='word_1_451' title='bbox 2795 2796 2890 2850; x_wconf 90' lang='lat' dir='ltr'><strong>per</strong></span> <span class='ocrx_word' id='word_1_452' title='bbox 2936 2783 3193 2836; x_wconf 82' lang='lat' dir='ltr'><strong>vomitum</strong></span> <span class='ocrx_word' id='word_1_453' title='bbox 3225 2798 3484 2836; x_wconf 87' lang='lat' dir='ltr'><strong>evacnas-</strong></span> 
     </span>
    </p>
   </div>
   <div class='ocr_carea' id='block_1_53' title="bbox 269 2872 1939 2958">
    <p class='ocr_par' dir='ltr' id='par_1_53' title="bbox 269 2878 1939 2958">
     <span class='ocr_line' id='line_1_53' title="bbox 269 2878 1939 2958; baseline 0.011 -33"><span class='ocrx_word' id='word_1_454' title='bbox 269 2893 441 2942; x_wconf 84' lang='grc' dir='ltr'><strong>μακα,</strong></span> <span class='ocrx_word' id='word_1_455' title='bbox 484 2878 611 2943; x_wconf 79' lang='grc' dir='ltr'><strong>πρὶν</strong></span> <span class='ocrx_word' id='word_1_456' title='bbox 639 2879 850 2947; x_wconf 84' lang='grc' dir='ltr'><strong>ὲμετοῖς</strong></span> <span class='ocrx_word' id='word_1_457' title='bbox 881 2881 1222 2936; x_wconf 86' lang='grc' dir='ltr'><strong>ἀποκενῶσαι</strong></span> <span class='ocrx_word' id='word_1_458' title='bbox 1255 2885 1351 2956; x_wconf 83' lang='grc' dir='ltr'><strong>τὴν</strong></span> <span class='ocrx_word' id='word_1_459' title='bbox 1377 2890 1648 2941; x_wconf 84' lang='grc' dir='ltr'><strong>νοσοποιὸν</strong></span> <span class='ocrx_word' id='word_1_460' title='bbox 1673 2889 1824 2958; x_wconf 79' lang='grc' dir='ltr'><strong>ὕλην,</strong></span> <span class='ocrx_word' id='word_1_461' title='bbox 1927 2893 1939 2928; x_wconf 72' lang='grc' dir='ltr'>ε</span> 
     </span>
    </p>
   </div>
   <div class='ocr_carea' id='block_1_54' title="bbox 1809 2872 3479 2958">
    <p class='ocr_par' dir='ltr' id='par_1_54' title="bbox 1809 2872 3479 2953">
     <span class='ocr_line' id='line_1_54' title="bbox 1809 2872 3479 2953; baseline -0.001 -24"><span class='ocrx_word' id='word_1_462' title='bbox 1809 2931 1824 2953; x_wconf 61' lang='grc'><strong>,</strong></span> <span class='ocrx_word' id='word_1_463' title='bbox 1927 2885 2064 2938; x_wconf 83' lang='lat' dir='ltr'><strong>sent,</strong></span> <span class='ocrx_word' id='word_1_464' title='bbox 2120 2889 2278 2943; x_wconf 90' lang='lat' dir='ltr'><strong>qnam</strong></span> <span class='ocrx_word' id='word_1_465' title='bbox 2319 2873 2743 2938; x_wconf 83' lang='lat' dir='ltr'><strong>intemperantes</strong></span> <span class='ocrx_word' id='word_1_466' title='bbox 2789 2872 2860 2924; x_wconf 93' lang='lat' dir='ltr'><strong>illi</strong></span> <span class='ocrx_word' id='word_1_467' title='bbox 2904 2886 2969 2924; x_wconf 81' lang='lat' dir='ltr'><strong>ex</strong></span> <span class='ocrx_word' id='word_1_468' title='bbox 3012 2876 3152 2927; x_wconf 90' lang='lat' dir='ltr'><strong>malo</strong></span> <span class='ocrx_word' id='word_1_469' title='bbox 3194 2873 3334 2926; x_wconf 82' lang='lat' dir='ltr'><strong>victu</strong></span> <span class='ocrx_word' id='word_1_470' title='bbox 3381 2874 3479 2927; x_wconf 89' lang='lat' dir='ltr'><strong>sibi</strong></span> 
     </span>
    </p>
   </div>
   <div class='ocr_carea' id='block_1_55' title="bbox 266 2961 1936 3038">
    <p class='ocr_par' dir='ltr' id='par_1_55' title="bbox 266 2965 1936 3038">
     <span class='ocr_line' id='line_1_55' title="bbox 266 2965 1936 3038; baseline 0.012 -25"><span class='ocrx_word' id='word_1_471' title='bbox 266 2965 334 3033; x_wconf 82' lang='grc' dir='ltr'><strong>ἣν</strong></span> <span class='ocrx_word' id='word_1_472' title='bbox 365 2965 430 3015; x_wconf 81' lang='grc' dir='ltr'><strong>ἐκ</strong></span> <span class='ocrx_word' id='word_1_473' title='bbox 470 2968 706 3035; x_wconf 80' lang='grc' dir='ltr'><strong>πονηρᾶς</strong></span> <span class='ocrx_word' id='word_1_474' title='bbox 735 2967 940 3038; x_wconf 81' lang='grc' dir='ltr'><strong>διαίτης</strong></span> <span class='ocrx_word' id='word_1_475' title='bbox 972 2971 1183 3035; x_wconf 78' lang='grc' dir='ltr'><strong>ἑαυτοῖς</strong></span> <span class='ocrx_word' id='word_1_476' title='bbox 1225 2976 1272 3027; x_wconf 81' lang='lat' dir='ltr'><strong>oi</strong></span> <span class='ocrx_word' id='word_1_477' title='bbox 1313 2975 1599 3030; x_wconf 83' lang='grc' dir='ltr'><strong>ἀκόλαστοι</strong></span> <span class='ocrx_word' id='word_1_478' title='bbox 1660 2979 1825 3030; x_wconf 85' lang='grc' dir='ltr'><strong>ἑναπ-</strong></span> <span class='ocrx_word' id='word_1_479' title='bbox 1925 2981 1936 3033; x_wconf 88' lang='lat' dir='ltr'><strong>l</strong></span> 
     </span>
    </p>
   </div>
   <div class='ocr_carea' id='block_1_56' title="bbox 1815 2961 3485 3038">
    <p class='ocr_par' dir='ltr' id='par_1_56' title="bbox 1815 2961 3485 3033">
     <span class='ocr_line' id='line_1_56' title="bbox 1815 2961 3485 3033; baseline -0.001 -16"><span class='ocrx_word' id='word_1_480' title='bbox 1815 3008 1825 3017; x_wconf 94' lang='lat'><strong>.</strong></span> <span class='ocrx_word' id='word_1_481' title='bbox 1925 2973 2266 3033; x_wconf 88' lang='lat' dir='ltr'><strong>pepererant.</strong></span> <span class='ocrx_word' id='word_1_482' title='bbox 2302 2962 2409 3016; x_wconf 86' lang='lat' dir='ltr'><strong>Sed</strong></span> <span class='ocrx_word' id='word_1_483' title='bbox 2441 2970 2494 3016; x_wconf 87' lang='lat' dir='ltr'><strong>et</strong></span> <span class='ocrx_word' id='word_1_484' title='bbox 2541 2961 2592 3014; x_wconf 90' lang='lat' dir='ltr'><strong>in</strong></span> <span class='ocrx_word' id='word_1_485' title='bbox 2621 2976 2717 3016; x_wconf 83' lang='lat' dir='ltr'><strong>vas</strong></span> <span class='ocrx_word' id='word_1_486' title='bbox 2758 2963 3086 3031; x_wconf 86' lang='lat' dir='ltr'><strong>graveolenti</strong></span> <span class='ocrx_word' id='word_1_487' title='bbox 3121 2963 3373 3032; x_wconf 83' lang='lat' dir='ltr'><strong>quopiam</strong></span> <span class='ocrx_word' id='word_1_488' title='bbox 3421 2965 3485 3016; x_wconf 90' lang='lat' dir='ltr'><strong>li-</strong></span> 
     </span>
    </p>
   </div>
   <div class='ocr_carea' id='block_1_57' title="bbox 268 3051 1938 3136">
    <p class='ocr_par' dir='ltr' id='par_1_57' title="bbox 268 3054 1938 3136">
     <span class='ocr_line' id='line_1_57' title="bbox 268 3054 1938 3136; baseline 0.01 -31"><span class='ocrx_word' id='word_1_489' title='bbox 268 3054 470 3107; x_wconf 85' lang='grc' dir='ltr'><strong>ἐθεντο.</strong></span> <span class='ocrx_word' id='word_1_490' title='bbox 527 3056 681 3110; x_wconf 79' lang='grc' dir='ltr'><strong>Ἀλλὰ</strong></span> <span class='ocrx_word' id='word_1_491' title='bbox 709 3058 801 3111; x_wconf 78' lang='grc' dir='ltr'><strong>καὶ</strong></span> <span class='ocrx_word' id='word_1_492' title='bbox 855 3059 1072 3128; x_wconf 79' lang='grc' dir='ltr'><strong>ἀγγεῖον</strong></span> <span class='ocrx_word' id='word_1_493' title='bbox 1131 3065 1667 3136; x_wconf 81' lang='grc' dir='ltr'><strong>προκατειλημμένον</strong></span> <span class='ocrx_word' id='word_1_494' title='bbox 1724 3068 1826 3120; x_wconf 80' lang='grc' dir='ltr'><strong>ὑπό</strong></span> <span class='ocrx_word' id='word_1_495' title='bbox 1926 3078 1938 3109; x_wconf 74' lang='grc' dir='ltr'>ι</span> 
     </span>
    </p>
   </div>
   <div class='ocr_carea' id='block_1_58' title="bbox 1811 3051 3481 3136">
    <p class='ocr_par' dir='ltr' id='par_1_58' title="bbox 1811 3051 3481 3126">
     <span class='ocr_line' id='line_1_58' title="bbox 1811 3051 3481 3126; baseline 0.001 -19"><span class='ocrx_word' id='word_1_496' title='bbox 1811 3068 1826 3120; x_wconf 76' lang='grc' dir='ltr'><strong>ς</strong></span> <span class='ocrx_word' id='word_1_497' title='bbox 1926 3069 2096 3126; x_wconf 85' lang='lat' dir='ltr'><strong>quore</strong></span> <span class='ocrx_word' id='word_1_498' title='bbox 2129 3055 2419 3117; x_wconf 86' lang='lat' dir='ltr'><strong>imbutum,</strong></span> <span class='ocrx_word' id='word_1_499' title='bbox 2450 3053 2549 3108; x_wconf 90' lang='lat' dir='ltr'><strong>nisi</strong></span> <span class='ocrx_word' id='word_1_500' title='bbox 2578 3051 2984 3119; x_wconf 88' lang='lat' dir='ltr'><strong>l&#39;ueritelotnm,</strong></span> <span class='ocrx_word' id='word_1_501' title='bbox 3017 3066 3347 3124; x_wconf 89' lang='lat' dir='ltr'><strong>unguentum</strong></span> <span class='ocrx_word' id='word_1_502' title='bbox 3377 3071 3481 3108; x_wconf 91' lang='lat' dir='ltr'><strong>non</strong></span> 
     </span>
    </p>
   </div>
   <div class='ocr_carea' id='block_1_59' title="bbox 264 3145 1934 3227">
    <p class='ocr_par' dir='ltr' id='par_1_59' title="bbox 264 3147 1934 3227">
     <span class='ocr_line' id='line_1_59' title="bbox 264 3147 1934 3227; baseline 0.009 -30"><span class='ocrx_word' id='word_1_503' title='bbox 264 3163 410 3209; x_wconf 89' lang='grc' dir='ltr'><strong>τινος</strong></span> <span class='ocrx_word' id='word_1_504' title='bbox 438 3147 699 3212; x_wconf 85' lang='grc' dir='ltr'><strong>δυσώδους</strong></span> <span class='ocrx_word' id='word_1_505' title='bbox 733 3150 918 3220; x_wconf 78' lang='grc' dir='ltr'><strong>ὑγροῦ,</strong></span> <span class='ocrx_word' id='word_1_506' title='bbox 953 3151 1024 3221; x_wconf 82' lang='grc' dir='ltr'><strong>μὴ</strong></span> <span class='ocrx_word' id='word_1_507' title='bbox 1049 3151 1364 3217; x_wconf 86' lang='grc' dir='ltr'><strong>ἐκπλυνθέν,</strong></span> <span class='ocrx_word' id='word_1_508' title='bbox 1407 3156 1468 3208; x_wconf 86' lang='grc' dir='ltr'><strong>ού</strong></span> <span class='ocrx_word' id='word_1_509' title='bbox 1498 3156 1570 3227; x_wconf 79' lang='grc' dir='ltr'><strong>μὴ</strong></span> <span class='ocrx_word' id='word_1_510' title='bbox 1612 3157 1826 3227; x_wconf 80' lang='grc' dir='ltr'><strong>δέξηται</strong></span> <span class='ocrx_word' id='word_1_511' title='bbox 1927 3149 1934 3200; x_wconf 76' lang='grc' dir='ltr'><strong>Ῐ</strong></span> 
     </span>
    </p>
   </div>
   <div class='ocr_carea' id='block_1_60' title="bbox 1809 3145 3479 3227">
    <p class='ocr_par' dir='ltr' id='par_1_60' title="bbox 1811 3145 3479 3215">
     <span class='ocr_line' id='line_1_60' title="bbox 1811 3145 3479 3215; baseline 0.001 -15"><span class='ocrx_word' id='word_1_512' title='bbox 1811 3177 1826 3211; x_wconf 77' lang='grc' dir='ltr'><strong>ι</strong></span> <span class='ocrx_word' id='word_1_513' title='bbox 1927 3147 2245 3200; x_wconf 79' lang='lat' dir='ltr'><strong>infunditur.</strong></span> <span class='ocrx_word' id='word_1_514' title='bbox 2303 3146 2374 3199; x_wconf 87' lang='lat' dir='ltr'><strong>Ea</strong></span> <span class='ocrx_word' id='word_1_515' title='bbox 2429 3159 2557 3215; x_wconf 92' lang='lat' dir='ltr'><strong>ergo</strong></span> <span class='ocrx_word' id='word_1_516' title='bbox 2613 3160 2733 3213; x_wconf 67' lang='lat' dir='ltr'><strong>quae</strong></span> <span class='ocrx_word' id='word_1_517' title='bbox 2804 3146 2955 3214; x_wconf 83' lang='lat' dir='ltr'><strong>prius</strong></span> <span class='ocrx_word' id='word_1_518' title='bbox 3008 3146 3240 3209; x_wconf 89' lang='lat' dir='ltr'><strong>inerant,</strong></span> <span class='ocrx_word' id='word_1_519' title='bbox 3284 3145 3479 3202; x_wconf 76' lang='lat' dir='ltr'><strong>eti‘undi</strong></span> 
     </span>
    </p>
   </div>
   <div class='ocr_carea' id='block_1_61' title="bbox 265 3235 1935 3320">
    <p class='ocr_par' dir='ltr' id='par_1_61' title="bbox 265 3236 1935 3320">
     <span class='ocr_line' id='line_1_61' title="bbox 265 3236 1935 3320; baseline 0.01 -31"><span class='ocrx_word' id='word_1_520' title='bbox 265 3237 360 3290; x_wconf 86' lang='grc' dir='ltr'><strong>τοῦ</strong></span> <span class='ocrx_word' id='word_1_521' title='bbox 396 3236 563 3306; x_wconf 82' lang='grc' dir='ltr'><strong>μύρου</strong></span> <span class='ocrx_word' id='word_1_522' title='bbox 611 3239 710 3312; x_wconf 79' lang='grc' dir='ltr'><strong>τὴν</strong></span> <span class='ocrx_word' id='word_1_523' title='bbox 757 3243 1034 3311; x_wconf 69' lang='grc' dir='ltr'><strong>ἐπιρροήν.</strong></span> <span class='ocrx_word' id='word_1_524' title='bbox 1082 3243 1171 3295; x_wconf 80' lang='grc' dir='ltr'><strong>Δεῖ</strong></span> <span class='ocrx_word' id='word_1_525' title='bbox 1217 3246 1394 3300; x_wconf 85' lang='grc' dir='ltr'><strong>τοίνυν</strong></span> <span class='ocrx_word' id='word_1_526' title='bbox 1433 3248 1723 3320; x_wconf 79' lang='grc' dir='ltr'><strong>ἐκχυθῆναι</strong></span> <span class='ocrx_word' id='word_1_527' title='bbox 1760 3251 1826 3304; x_wconf 82' lang='grc' dir='ltr'><strong>τὰ</strong></span> <span class='ocrx_word' id='word_1_528' title='bbox 1853 3291 1891 3320; x_wconf 71' lang='grc' dir='ltr'>ρ</span> <span class='ocrx_word' id='word_1_529' title='bbox 1926 3256 1935 3289; x_wconf 84' lang='grc'><em>⁴</em></span> 
     </span>
    </p>
   </div>
   <div class='ocr_carea' id='block_1_62' title="bbox 1809 3235 3479 3320">
    <p class='ocr_par' dir='ltr' id='par_1_62' title="bbox 1809 3235 3479 3320">
     <span class='ocr_line' id='line_1_62' title="bbox 1809 3235 3479 3320; baseline 0 -29"><span class='ocrx_word' id='word_1_530' title='bbox 1809 3254 1891 3320; x_wconf 52' lang='grc' dir='ltr'>(ρ</span> <span class='ocrx_word' id='word_1_531' title='bbox 1926 3246 2156 3306; x_wconf 85' lang='lat' dir='ltr'><strong>Oportet,</strong></span> <span class='ocrx_word' id='word_1_532' title='bbox 2195 3248 2255 3291; x_wconf 89' lang='lat' dir='ltr'><strong>ut</strong></span> <span class='ocrx_word' id='word_1_533' title='bbox 2280 3251 2398 3305; x_wconf 61' lang='lat' dir='ltr'><strong>quae</strong></span> <span class='ocrx_word' id='word_1_534' title='bbox 2443 3235 2827 3299; x_wconf 87' lang='lat' dir='ltr'><strong>immittuntur,</strong></span> <span class='ocrx_word' id='word_1_535' title='bbox 2859 3236 3019 3306; x_wconf 81' lang='lat' dir='ltr'><strong>recipi</strong></span> <span class='ocrx_word' id='word_1_536' title='bbox 3057 3239 3280 3306; x_wconf 87' lang='lat' dir='ltr'><strong>possint.</strong></span> <span class='ocrx_word' id='word_1_537' title='bbox 3323 3236 3479 3292; x_wconf 70' lang='lat' dir='ltr'><strong>Vens.</strong></span> 
     </span>
    </p>
   </div>
   <div class='ocr_carea' id='block_1_63' title="bbox 266 3291 1936 3411">
    <p class='ocr_par' dir='ltr' id='par_1_63' title="bbox 266 3291 1936 3411">
     <span class='ocr_line' id='line_1_63' title="bbox 266 3291 1936 3411; baseline 0.002 -33"><span class='ocrx_word' id='word_1_538' title='bbox 266 3291 705 3411; x_wconf 75' lang='grc' dir='ltr'><strong>προύπάρχοντά,</strong></span> <span class='ocrx_word' id='word_1_539' title='bbox 744 3331 827 3381; x_wconf 80' lang='grc' dir='ltr'><strong>ἵνα</strong></span> <span class='ocrx_word' id='word_1_540' title='bbox 851 3291 1079 3404; x_wconf 56' lang='grc' dir='ltr'><strong>⁸δυνηΘῇ</strong></span> <span class='ocrx_word' id='word_1_541' title='bbox 1138 3339 1452 3411; x_wconf 81' lang='grc' dir='ltr'><strong>χωρηθῆναι</strong></span> <span class='ocrx_word' id='word_1_542' title='bbox 1500 3291 1575 3394; x_wconf 47' lang='lat'><strong>:1</strong></span> <span class='ocrx_word' id='word_1_543' title='bbox 1624 3291 1825 3411; x_wconf 49' lang='grc' dir='ltr'><strong>ἔπαγό-</strong></span> <span class='ocrx_word' id='word_1_544' title='bbox 1853 3291 1893 3347; x_wconf 80' lang='lat' dir='ltr'><strong>C</strong></span> <span class='ocrx_word' id='word_1_545' title='bbox 1931 3343 1936 3382; x_wconf 56' lang='grc' dir='ltr'><strong><em>ἑ</em></strong></span> 
     </span>
    </p>
   </div>
   <div class='ocr_carea' id='block_1_64' title="bbox 1813 3291 3483 3411">
    <p class='ocr_par' dir='ltr' id='par_1_64' title="bbox 1813 3291 3483 3386">
     <span class='ocr_line' id='line_1_64' title="bbox 1813 3291 3483 3386; baseline 0.001 -4"><span class='ocrx_word' id='word_1_546' title='bbox 1813 3291 1893 3382; x_wconf 59' lang='lat' dir='ltr'><strong>:C</strong></span> <span class='ocrx_word' id='word_1_547' title='bbox 2065 3291 2427 3380; x_wconf 67' lang='lat' dir='ltr'><strong>Verumtamen</strong></span> <span class='ocrx_word' id='word_1_548' title='bbox 2469 3327 2587 3379; x_wconf 81' lang='lat' dir='ltr'><strong>vani</strong></span> <span class='ocrx_word' id='word_1_549' title='bbox 2643 3327 2740 3386; x_wconf 81' lang='lat' dir='ltr'><strong>ﬁlii</strong></span> <span class='ocrx_word' id='word_1_550' title='bbox 2804 3291 3089 3380; x_wconf 43' lang='lat' dir='ltr'><strong>hominum:</strong></span> <span class='ocrx_word' id='word_1_551' title='bbox 3162 3326 3319 3380; x_wconf 82' lang='lat' dir='ltr'><strong>Novit</strong></span> <span class='ocrx_word' id='word_1_552' title='bbox 3377 3291 3483 3383; x_wconf 84' lang='lat' dir='ltr'><strong>non</strong></span> 
     </span>
    </p>
   </div>
   <div class='ocr_carea' id='block_1_65' title="bbox 268 3408 1938 3503">
    <p class='ocr_par' dir='ltr' id='par_1_65' title="bbox 268 3408 1938 3503">
     <span class='ocr_line' id='line_1_65' title="bbox 268 3408 1938 3503; baseline 0.012 -36"><span class='ocrx_word' id='word_1_553' title='bbox 268 3435 424 3486; x_wconf 88' lang='grc' dir='ltr'><strong>μενα.</strong></span> <span class='ocrx_word' id='word_1_554' title='bbox 450 3408 619 3483; x_wconf 73' lang='grc' dir='ltr'><em>Πλὴν</em></span> <span class='ocrx_word' id='word_1_555' title='bbox 635 3419 865 3485; x_wconf 79' lang='grc' dir='ltr'><strong>μάταιοι</strong></span> <span class='ocrx_word' id='word_1_556' title='bbox 883 3426 934 3476; x_wconf 79' lang='grc' dir='ltr'><strong>οἱ</strong></span> <span class='ocrx_word' id='word_1_557' title='bbox 951 3425 1065 3477; x_wconf 64' lang='lat' dir='ltr'><strong>vlo!</strong></span> <span class='ocrx_word' id='word_1_558' title='bbox 1086 3426 1202 3480; x_wconf 81' lang='grc' dir='ltr'><strong>τῶν</strong></span> <span class='ocrx_word' id='word_1_559' title='bbox 1223 3408 1567 3498; x_wconf 61' lang='grc' dir='ltr'><strong>ακθρώπων.</strong></span> <span class='ocrx_word' id='word_1_560' title='bbox 1597 3429 1715 3485; x_wconf 77' lang='grc' dir='ltr'><strong>Είδε</strong></span> <span class='ocrx_word' id='word_1_561' title='bbox 1927 3437 1938 3473; x_wconf 83' lang='grc'><em>⁴</em></span> 
     </span>
    </p>
   </div>
   <div class='ocr_carea' id='block_1_66' title="bbox 1812 3408 3482 3503">
    <p class='ocr_par' dir='ltr' id='par_1_66' title="bbox 1812 3418 3482 3503">
     <span class='ocr_line' id='line_1_66' title="bbox 1812 3418 3482 3503; baseline -0.001 -29"><span class='ocrx_word' id='word_1_562' title='bbox 1812 3451 1821 3503; x_wconf 66' lang='grc' dir='ltr'><strong>ι</strong></span> <span class='ocrx_word' id='word_1_563' title='bbox 1927 3434 2113 3474; x_wconf 90' lang='lat' dir='ltr'><strong>omnes</strong></span> <span class='ocrx_word' id='word_1_564' title='bbox 2145 3433 2298 3471; x_wconf 90' lang='lat' dir='ltr'><strong>suum</strong></span> <span class='ocrx_word' id='word_1_565' title='bbox 2337 3419 2487 3486; x_wconf 89' lang='lat' dir='ltr'><strong>sequi</strong></span> <span class='ocrx_word' id='word_1_566' title='bbox 2517 3420 2799 3480; x_wconf 91' lang='lat' dir='ltr'><strong>monitum,</strong></span> <span class='ocrx_word' id='word_1_567' title='bbox 2832 3433 3002 3485; x_wconf 87' lang='lat' dir='ltr'><strong>neque</strong></span> <span class='ocrx_word' id='word_1_568' title='bbox 3047 3432 3194 3484; x_wconf 87' lang='lat' dir='ltr'><strong>spem</strong></span> <span class='ocrx_word' id='word_1_569' title='bbox 3232 3419 3283 3472; x_wconf 92' lang='lat' dir='ltr'><strong>in</strong></span> <span class='ocrx_word' id='word_1_570' title='bbox 3318 3418 3482 3473; x_wconf 91' lang='lat' dir='ltr'><strong>Deum</strong></span> 
     </span>
    </p>
   </div>
   <div class='ocr_carea' id='block_1_67' title="bbox 266 3509 1936 3594">
    <p class='ocr_par' dir='ltr' id='par_1_67' title="bbox 266 3509 1936 3594">
     <span class='ocr_line' id='line_1_67' title="bbox 266 3509 1936 3594; baseline 0.013 -36"><span class='ocrx_word' id='word_1_571' title='bbox 266 3509 472 3571; x_wconf 77' lang='grc' dir='ltr'><strong>πάντας</strong></span> <span class='ocrx_word' id='word_1_572' title='bbox 496 3509 917 3580; x_wconf 76' lang='grc' dir='ltr'><strong>ἀκολουθοῦντας</strong></span> <span class='ocrx_word' id='word_1_573' title='bbox 953 3518 1115 3571; x_wconf 77' lang='grc' dir='ltr'><strong>αὑτοῦ</strong></span> <span class='ocrx_word' id='word_1_574' title='bbox 1150 3521 1224 3591; x_wconf 80' lang='grc' dir='ltr'><strong>τῷ</strong></span> <span class='ocrx_word' id='word_1_575' title='bbox 1251 3524 1658 3592; x_wconf 80' lang='grc' dir='ltr'><strong>παραγγέλματι</strong></span> <span class='ocrx_word' id='word_1_576' title='bbox 1688 3523 1818 3594; x_wconf 89' lang='grc'>(89),</span> <span class='ocrx_word' id='word_1_577' title='bbox 1927 3527 1936 3565; x_wconf 72' lang='grc' dir='ltr'>ε</span> 
     </span>
    </p>
   </div>
   <div class='ocr_carea' id='block_1_68' title="bbox 1814 3509 3484 3594">
    <p class='ocr_par' dir='ltr' id='par_1_68' title="bbox 1814 3509 3484 3584">
     <span class='ocr_line' id='line_1_68' title="bbox 1814 3509 3484 3584; baseline -0.001 -18"><span class='ocrx_word' id='word_1_578' title='bbox 1814 3567 1818 3584; x_wconf 55' lang='grc'><strong>,</strong></span> <span class='ocrx_word' id='word_1_579' title='bbox 1927 3513 2217 3579; x_wconf 88' lang='lat' dir='ltr'><strong>suscipere,</strong></span> <span class='ocrx_word' id='word_1_580' title='bbox 2247 3511 2340 3564; x_wconf 88' lang='lat' dir='ltr'><strong>sed</strong></span> <span class='ocrx_word' id='word_1_581' title='bbox 2370 3526 2518 3580; x_wconf 88' lang='lat' dir='ltr'><strong>spem</strong></span> <span class='ocrx_word' id='word_1_582' title='bbox 2560 3524 2820 3579; x_wconf 83' lang='lat' dir='ltr'><strong>reponere</strong></span> <span class='ocrx_word' id='word_1_583' title='bbox 2847 3509 2900 3562; x_wconf 91' lang='lat' dir='ltr'><strong>in</strong></span> <span class='ocrx_word' id='word_1_584' title='bbox 2932 3509 3092 3577; x_wconf 85' lang='lat' dir='ltr'><strong>hujus</strong></span> <span class='ocrx_word' id='word_1_585' title='bbox 3120 3509 3245 3563; x_wconf 57' lang='lat' dir='ltr'><strong>vitae</strong></span> <span class='ocrx_word' id='word_1_586' title='bbox 3275 3510 3484 3564; x_wconf 83' lang='lat' dir='ltr'><strong>vanita-</strong></span> 
     </span>
    </p>
   </div>
   <div class='ocr_carea' id='block_1_69' title="bbox 262 3598 1932 3675">
    <p class='ocr_par' dir='ltr' id='par_1_69' title="bbox 262 3598 1932 3675">
     <span class='ocr_line' id='line_1_69' title="bbox 262 3598 1932 3675; baseline 0.011 -26"><span class='ocrx_word' id='word_1_587' title='bbox 262 3598 406 3668; x_wconf 82' lang='grc' dir='ltr'><strong>μηδὲ</strong></span> <span class='ocrx_word' id='word_1_588' title='bbox 448 3601 905 3674; x_wconf 82' lang='grc' dir='ltr'><strong>καταδεχομένους</strong></span> <span class='ocrx_word' id='word_1_589' title='bbox 959 3609 1194 3674; x_wconf 79' lang='grc' dir='ltr'><strong>ἐλπίζειν</strong></span> <span class='ocrx_word' id='word_1_590' title='bbox 1241 3611 1334 3662; x_wconf 72' lang='grc' dir='ltr'><strong>ἐπὶ</strong></span> <span class='ocrx_word' id='word_1_591' title='bbox 1369 3613 1457 3663; x_wconf 86' lang='grc' dir='ltr'><strong>τὸν</strong></span> <span class='ocrx_word' id='word_1_592' title='bbox 1498 3611 1651 3675; x_wconf 82' lang='grc' dir='ltr'><strong>Θεὸν,</strong></span> <span class='ocrx_word' id='word_1_593' title='bbox 1705 3613 1819 3666; x_wconf 66' lang='grc' dir='ltr'><strong>ἀλλ’</strong></span> <span class='ocrx_word' id='word_1_594' title='bbox 1930 3616 1932 3653; x_wconf 68' lang='grc'><strong>1</strong></span> 
     </span>
    </p>
   </div>
   <div class='ocr_carea' id='block_1_70' title="bbox 1813 3598 3483 3675">
    <p class='ocr_par' dir='ltr' id='par_1_70' title="bbox 1813 3599 3483 3668">
     <span class='ocr_line' id='line_1_70' title="bbox 1813 3599 3483 3668; baseline -0.001 -10"><span class='ocrx_word' id='word_1_595' title='bbox 1813 3636 1819 3657; x_wconf 73' lang='grc' dir='ltr'><strong>ι</strong></span> <span class='ocrx_word' id='word_1_596' title='bbox 1930 3605 2091 3658; x_wconf 87' lang='lat' dir='ltr'><strong>libus.</strong></span> <span class='ocrx_word' id='word_1_597' title='bbox 2121 3603 2326 3657; x_wconf 85' lang='lat' dir='ltr'><strong>Idcirco</strong></span> <span class='ocrx_word' id='word_1_598' title='bbox 2350 3603 2426 3655; x_wconf 90' lang='lat' dir='ltr'><strong>ait</strong></span> <span class='ocrx_word' id='word_1_599' title='bbox 2459 3618 2472 3652; x_wconf 92' lang='lat'>:</span> <span class='ocrx_word' id='word_1_600' title='bbox 2515 3599 2878 3655; x_wconf 79' lang='lat' dir='ltr'><strong>Verumtamen</strong></span> <span class='ocrx_word' id='word_1_601' title='bbox 2906 3604 3022 3654; x_wconf 81' lang='lat' dir='ltr'><strong>vani</strong></span> <span class='ocrx_word' id='word_1_602' title='bbox 3059 3603 3160 3668; x_wconf 78' lang='lat' dir='ltr'><strong>filii</strong></span> <span class='ocrx_word' id='word_1_603' title='bbox 3193 3603 3483 3668; x_wconf 79' lang='lat' dir='ltr'><strong>hominum,</strong></span> 
     </span>
    </p>
   </div>
   <div class='ocr_carea' id='block_1_71' title="bbox 265 3691 1935 3774">
    <p class='ocr_par' dir='ltr' id='par_1_71' title="bbox 265 3691 1935 3774">
     <span class='ocr_line' id='line_1_71' title="bbox 265 3691 1935 3774; baseline 0.011 -32"><span class='ocrx_word' id='word_1_604' title='bbox 265 3691 486 3760; x_wconf 78' lang='grc' dir='ltr'><strong>ἔχοντας</strong></span> <span class='ocrx_word' id='word_1_605' title='bbox 535 3695 631 3766; x_wconf 81' lang='grc' dir='ltr'><strong>τὴν</strong></span> <span class='ocrx_word' id='word_1_606' title='bbox 669 3697 858 3750; x_wconf 78' lang='grc' dir='ltr'><strong>ἐλπίδα</strong></span> <span class='ocrx_word' id='word_1_607' title='bbox 901 3701 991 3751; x_wconf 77' lang='grc' dir='ltr'><strong>ἐπὶ</strong></span> <span class='ocrx_word' id='word_1_608' title='bbox 1033 3701 1100 3753; x_wconf 78' lang='grc' dir='ltr'><strong>τὰ</strong></span> <span class='ocrx_word' id='word_1_609' title='bbox 1138 3703 1338 3770; x_wconf 79' lang='grc' dir='ltr'><strong>μάταια</strong></span> <span class='ocrx_word' id='word_1_610' title='bbox 1387 3702 1478 3755; x_wconf 86' lang='grc' dir='ltr'><strong>τοῦ</strong></span> <span class='ocrx_word' id='word_1_611' title='bbox 1535 3703 1670 3774; x_wconf 86' lang='grc' dir='ltr'><strong>βίου.</strong></span> <span class='ocrx_word' id='word_1_612' title='bbox 1725 3706 1822 3759; x_wconf 81' lang='grc' dir='ltr'><strong>Διά</strong></span> <span class='ocrx_word' id='word_1_613' title='bbox 1927 3715 1935 3750; x_wconf 81' lang='grc'><strong>1</strong></span> 
     </span>
    </p>
   </div>
   <div class='ocr_carea' id='block_1_72' title="bbox 1811 3691 3481 3774">
    <p class='ocr_par' dir='ltr' id='par_1_72' title="bbox 1811 3693 3481 3764">
     <span class='ocr_line' id='line_1_72' title="bbox 1811 3693 3481 3764; baseline -0.001 -13"><span class='ocrx_word' id='word_1_614' title='bbox 1811 3725 1822 3759; x_wconf 81' lang='grc' dir='ltr'><strong>ι</strong></span> <span class='ocrx_word' id='word_1_615' title='bbox 1927 3700 2199 3751; x_wconf 82' lang='lat' dir='ltr'><strong>mendaces</strong></span> <span class='ocrx_word' id='word_1_616' title='bbox 2227 3696 2325 3764; x_wconf 77' lang='lat' dir='ltr'><strong>ﬁlii</strong></span> <span class='ocrx_word' id='word_1_617' title='bbox 2363 3695 2645 3748; x_wconf 84' lang='lat' dir='ltr'><strong>hominum.</strong></span> <span class='ocrx_word' id='word_1_618' title='bbox 2675 3694 2783 3747; x_wconf 88' lang='lat' dir='ltr'><strong>Cur</strong></span> <span class='ocrx_word' id='word_1_619' title='bbox 2810 3693 2969 3745; x_wconf 83' lang='lat' dir='ltr'><strong>vani?</strong></span> <span class='ocrx_word' id='word_1_620' title='bbox 3007 3693 3140 3758; x_wconf 85' lang='lat' dir='ltr'><strong>Quia</strong></span> <span class='ocrx_word' id='word_1_621' title='bbox 3177 3696 3481 3750; x_wconf 81' lang='lat' dir='ltr'><strong>mendaces.</strong></span> 
     </span>
    </p>
   </div>
   <div class='ocr_carea' id='block_1_73' title="bbox 262 3782 1932 3862">
    <p class='ocr_par' dir='ltr' id='par_1_73' title="bbox 262 3782 1932 3862">
     <span class='ocr_line' id='line_1_73' title="bbox 262 3782 1932 3862; baseline 0.011 -29"><span class='ocrx_word' id='word_1_622' title='bbox 262 3782 421 3834; x_wconf 87' lang='grc' dir='ltr'><strong>τοῦτό</strong></span> <span class='ocrx_word' id='word_1_623' title='bbox 448 3802 598 3854; x_wconf 74' lang='grc' dir='ltr'><strong>φησιο</strong></span> <span class='ocrx_word' id='word_1_624' title='bbox 653 3788 826 3854; x_wconf 76' lang='grc' dir='ltr'><em>Πλὴν</em></span> <span class='ocrx_word' id='word_1_625' title='bbox 848 3789 1083 3857; x_wconf 83' lang='grc' dir='ltr'><strong>μάταιοι</strong></span> <span class='ocrx_word' id='word_1_626' title='bbox 1116 3795 1169 3843; x_wconf 81' lang='grc' dir='ltr'><strong>οί</strong></span> <span class='ocrx_word' id='word_1_627' title='bbox 1201 3793 1313 3844; x_wconf 82' lang='grc' dir='ltr'><strong>υίοὶ</strong></span> <span class='ocrx_word' id='word_1_628' title='bbox 1341 3792 1457 3844; x_wconf 81' lang='grc' dir='ltr'><strong>τῶν</strong></span> <span class='ocrx_word' id='word_1_629' title='bbox 1477 3795 1819 3862; x_wconf 75' lang='grc' dir='ltr'><strong>ἀνθρώπων,</strong></span> <span class='ocrx_word' id='word_1_630' title='bbox 1931 3790 1932 3793; x_wconf 19' lang='grc'><strong>¹</strong></span> 
     </span>
    </p>
   </div>
   <div class='ocr_carea' id='block_1_74' title="bbox 1805 3782 3475 3862">
    <p class='ocr_par' dir='ltr' id='par_1_74' title="bbox 1805 3783 3475 3860">
     <span class='ocr_line' id='line_1_74' title="bbox 1805 3783 3475 3860; baseline -0.001 -18"><span class='ocrx_word' id='word_1_631' title='bbox 1805 3838 1819 3860; x_wconf 85' lang='grc'><strong>,</strong></span> <span class='ocrx_word' id='word_1_632' title='bbox 1931 3788 2157 3842; x_wconf 86' lang='lat' dir='ltr'><strong>Ubinam</strong></span> <span class='ocrx_word' id='word_1_633' title='bbox 2190 3786 2420 3838; x_wconf 81' lang='lat' dir='ltr'><strong>maxime</strong></span> <span class='ocrx_word' id='word_1_634' title='bbox 2448 3783 2781 3837; x_wconf 82' lang='lat' dir='ltr'><strong>mendacium</strong></span> <span class='ocrx_word' id='word_1_635' title='bbox 2803 3798 2990 3838; x_wconf 89' lang='lat' dir='ltr'><strong>eorum</strong></span> <span class='ocrx_word' id='word_1_636' title='bbox 3013 3786 3475 3854; x_wconf 71' lang='lat' dir='ltr'><strong>deprehenditur?</strong></span> 
     </span>
    </p>
   </div>
   <div class='ocr_carea' id='block_1_75' title="bbox 263 3873 1933 3958">
    <p class='ocr_par' dir='ltr' id='par_1_75' title="bbox 263 3873 1933 3958">
     <span class='ocr_line' id='line_1_75' title="bbox 263 3873 1933 3958; baseline 0.011 -34"><span class='ocrx_word' id='word_1_637' title='bbox 263 3873 509 3941; x_wconf 72' lang='grc' dir='ltr'><strong>ψευδεῖς</strong></span> <span class='ocrx_word' id='word_1_638' title='bbox 554 3879 608 3928; x_wconf 76' lang='grc' dir='ltr'><strong>οἱ</strong></span> <span class='ocrx_word' id='word_1_639' title='bbox 646 3880 759 3931; x_wconf 78' lang='grc' dir='ltr'><strong>υἱοὶ</strong></span> <span class='ocrx_word' id='word_1_640' title='bbox 808 3881 925 3932; x_wconf 80' lang='grc' dir='ltr'><strong>τῶν</strong></span> <span class='ocrx_word' id='word_1_641' title='bbox 969 3881 1309 3949; x_wconf 80' lang='grc' dir='ltr'><strong>ἀνθρώπων.</strong></span> <span class='ocrx_word' id='word_1_642' title='bbox 1339 3887 1434 3938; x_wconf 74' lang='grc' dir='ltr'><strong>Διὰ</strong></span> <span class='ocrx_word' id='word_1_643' title='bbox 1477 3887 1529 3939; x_wconf 91' lang='grc' dir='ltr'><strong>τί</strong></span> <span class='ocrx_word' id='word_1_644' title='bbox 1561 3888 1818 3958; x_wconf 85' lang='grc' dir='ltr'><strong>μάταιοι;</strong></span> <span class='ocrx_word' id='word_1_645' title='bbox 1929 3926 1933 3932; x_wconf 67' lang='grc' dir='ltr'>ς</span> 
     </span>
    </p>
   </div>
   <div class='ocr_carea' id='block_1_76' title="bbox 1813 3873 3483 3958">
    <p class='ocr_par' dir='ltr' id='par_1_76' title="bbox 1813 3875 3483 3951">
     <span class='ocr_line' id='line_1_76' title="bbox 1813 3875 3483 3951; baseline 0 -18"><span class='ocrx_word' id='word_1_646' title='bbox 1813 3905 1818 3951; x_wconf 84' lang='grc'><strong>;</strong></span> <span class='ocrx_word' id='word_1_647' title='bbox 1929 3880 1992 3932; x_wconf 86' lang='lat' dir='ltr'><strong>In</strong></span> <span class='ocrx_word' id='word_1_648' title='bbox 2021 3878 2248 3942; x_wconf 77' lang='lat' dir='ltr'><strong>stateris,</strong></span> <span class='ocrx_word' id='word_1_649' title='bbox 2283 3875 2475 3945; x_wconf 87' lang='lat' dir='ltr'><strong>inquit,</strong></span> <span class='ocrx_word' id='word_1_650' title='bbox 2512 3875 2578 3927; x_wconf 85' lang='lat' dir='ltr'><strong>ad</strong></span> <span class='ocrx_word' id='word_1_651' title='bbox 2618 3877 2975 3942; x_wconf 76' lang='lat' dir='ltr'><strong>fraudandum</strong></span> <span class='ocrx_word' id='word_1_652' title='bbox 3005 3878 3178 3946; x_wconf 81' lang='lat' dir='ltr'><strong>factis.</strong></span> <span class='ocrx_word' id='word_1_653' title='bbox 3209 3880 3283 3933; x_wconf 86' lang='lat' dir='ltr'><strong>De</strong></span> <span class='ocrx_word' id='word_1_654' title='bbox 3307 3879 3483 3948; x_wconf 88' lang='lat' dir='ltr'><strong>quali-</strong></span> 
     </span>
    </p>
   </div>
   <div class='ocr_carea' id='block_1_77' title="bbox 277 3965 1947 4048">
    <p class='ocr_par' dir='ltr' id='par_1_77' title="bbox 277 3965 1947 4048">
     <span class='ocr_line' id='line_1_77' title="bbox 277 3965 1947 4048; baseline 0.013 -34"><span class='ocrx_word' id='word_1_655' title='bbox 277 3965 493 4036; x_wconf 83' lang='grc' dir='ltr'><strong>Ἐπειδὴ</strong></span> <span class='ocrx_word' id='word_1_656' title='bbox 546 3967 774 4035; x_wconf 71' lang='grc' dir='ltr'><strong>ψευδεῖς.</strong></span> <span class='ocrx_word' id='word_1_657' title='bbox 830 3971 939 4024; x_wconf 92' lang='grc' dir='ltr'><strong>Ποῦ</strong></span> <span class='ocrx_word' id='word_1_658' title='bbox 992 3973 1220 4042; x_wconf 84' lang='grc' dir='ltr'><strong>μάλιστα</strong></span> <span class='ocrx_word' id='word_1_659' title='bbox 1273 3979 1452 4030; x_wconf 76' lang='grc' dir='ltr'><strong>αὐτῶν</strong></span> <span class='ocrx_word' id='word_1_660' title='bbox 1503 3981 1563 4032; x_wconf 74' lang='grc' dir='ltr'><strong>τὸ</strong></span> <span class='ocrx_word' id='word_1_661' title='bbox 1629 3980 1821 4048; x_wconf 68' lang='grc' dir='ltr'><strong>ψεῦδος</strong></span> <span class='ocrx_word' id='word_1_662' title='bbox 1927 3973 1947 4024; x_wconf 67' lang='grc' dir='ltr'><strong>Ι</strong></span> 
     </span>
    </p>
   </div>
   <div class='ocr_carea' id='block_1_78' title="bbox 1809 3965 3479 4048">
    <p class='ocr_par' dir='ltr' id='par_1_78' title="bbox 1809 3966 3479 4044">
     <span class='ocr_line' id='line_1_78' title="bbox 1809 3966 3479 4044; baseline 0.001 -20"><span class='ocrx_word' id='word_1_663' title='bbox 1809 3999 1821 4044; x_wconf 76' lang='lat'><strong>;</strong></span> <span class='ocrx_word' id='word_1_664' title='bbox 1927 3973 2025 4025; x_wconf 91' lang='lat' dir='ltr'><strong>hus</strong></span> <span class='ocrx_word' id='word_1_665' title='bbox 2059 3969 2274 4024; x_wconf 89' lang='lat' dir='ltr'><strong>stateris</strong></span> <span class='ocrx_word' id='word_1_666' title='bbox 2319 3967 2591 4036; x_wconf 84' lang='lat' dir='ltr'><strong>loquitur?</strong></span> <span class='ocrx_word' id='word_1_667' title='bbox 2622 3966 2870 4036; x_wconf 79' lang='lat' dir='ltr'><strong>Nunquid</strong></span> <span class='ocrx_word' id='word_1_668' title='bbox 2911 3969 3054 4022; x_wconf 82' lang='lat' dir='ltr'><strong>enim</strong></span> <span class='ocrx_word' id='word_1_669' title='bbox 3106 3985 3294 4025; x_wconf 87' lang='lat' dir='ltr'><strong>omnes</strong></span> <span class='ocrx_word' id='word_1_670' title='bbox 3323 3971 3479 4042; x_wconf 77' lang='lat'><strong>197</strong></span> 
     </span>
    </p>
   </div>
   <div class='ocr_carea' id='block_1_79' title="bbox 261 4057 1931 4138">
    <p class='ocr_par' dir='ltr' id='par_1_79' title="bbox 261 4057 1931 4138">
     <span class='ocr_line' id='line_1_79' title="bbox 261 4057 1931 4138; baseline 0.011 -28"><span class='ocrx_word' id='word_1_671' title='bbox 261 4057 575 4127; x_wconf 81' lang='grc' dir='ltr'><strong>ἐλέγχεται;</strong></span> <span class='ocrx_word' id='word_1_672' title='bbox 619 4060 717 4112; x_wconf 81' lang='grc' dir='ltr'><strong>Ἑν</strong></span> <span class='ocrx_word' id='word_1_673' title='bbox 743 4061 953 4131; x_wconf 72' lang='grc' dir='ltr'><strong>ζυγοῖς,</strong></span> <span class='ocrx_word' id='word_1_674' title='bbox 983 4069 1132 4137; x_wconf 82' lang='grc' dir='ltr'><strong>φησὶ,</strong></span> <span class='ocrx_word' id='word_1_675' title='bbox 1168 4071 1270 4123; x_wconf 87' lang='grc' dir='ltr'><strong>τοῦ</strong></span> <span class='ocrx_word' id='word_1_676' title='bbox 1302 4069 1601 4138; x_wconf 80' lang='grc' dir='ltr'><strong>ἀδικῆσαι.</strong></span> <span class='ocrx_word' id='word_1_677' title='bbox 1644 4074 1820 4138; x_wconf 79' lang='grc' dir='ltr'><strong>Ποίοις</strong></span> <span class='ocrx_word' id='word_1_678' title='bbox 1928 4066 1931 4113; x_wconf 83' lang='grc'>¹</span> 
     </span>
    </p>
   </div>
   <div class='ocr_carea' id='block_1_80' title="bbox 1811 4057 3481 4138">
    <p class='ocr_par' dir='ltr' id='par_1_80' title="bbox 1811 4057 3481 4137">
     <span class='ocr_line' id='line_1_80' title="bbox 1811 4057 3481 4137; baseline 0.002 -23"><span class='ocrx_word' id='word_1_679' title='bbox 1811 4092 1820 4137; x_wconf 61' lang='grc' dir='ltr'><em>ς</em></span> <span class='ocrx_word' id='word_1_680' title='bbox 1928 4059 2169 4114; x_wconf 90' lang='lat' dir='ltr'><strong>homines</strong></span> <span class='ocrx_word' id='word_1_681' title='bbox 2197 4067 2421 4111; x_wconf 88' lang='lat' dir='ltr'><strong>utuntur</strong></span> <span class='ocrx_word' id='word_1_682' title='bbox 2446 4057 2709 4111; x_wconf 79' lang='lat' dir='ltr'><strong>stateris?</strong></span> <span class='ocrx_word' id='word_1_683' title='bbox 2744 4073 2870 4111; x_wconf 91' lang='lat' dir='ltr'><strong>num</strong></span> <span class='ocrx_word' id='word_1_684' title='bbox 2911 4073 3097 4114; x_wconf 75' lang='lat' dir='ltr'><strong>ornnes</strong></span> <span class='ocrx_word' id='word_1_685' title='bbox 3133 4061 3266 4115; x_wconf 66' lang='lat' dir='ltr'><strong>lanae</strong></span> <span class='ocrx_word' id='word_1_686' title='bbox 3290 4063 3481 4117; x_wconf 85' lang='lat' dir='ltr'><strong>&#39;vendi-</strong></span> 
     </span>
    </p>
   </div>
   <div class='ocr_carea' id='block_1_81' title="bbox 263 4147 1933 4228">
    <p class='ocr_par' dir='ltr' id='par_1_81' title="bbox 263 4147 1933 4228">
     <span class='ocr_line' id='line_1_81' title="bbox 263 4147 1933 4228; baseline 0.014 -32"><span class='ocrx_word' id='word_1_687' title='bbox 263 4148 398 4214; x_wconf 67' lang='grc' dir='ltr'><strong>φησὶ</strong></span> <span class='ocrx_word' id='word_1_688' title='bbox 425 4147 634 4216; x_wconf 76' lang='grc' dir='ltr'><strong>ζυγοῖς;</strong></span> <span class='ocrx_word' id='word_1_689' title='bbox 662 4150 750 4220; x_wconf 79' lang='grc' dir='ltr'><strong>Μὴ</strong></span> <span class='ocrx_word' id='word_1_690' title='bbox 789 4153 895 4222; x_wconf 70' lang='grc' dir='ltr'><strong>γὰρ</strong></span> <span class='ocrx_word' id='word_1_691' title='bbox 945 4157 1141 4219; x_wconf 83' lang='grc' dir='ltr'><strong>πάντες</strong></span> <span class='ocrx_word' id='word_1_692' title='bbox 1164 4158 1435 4224; x_wconf 79' lang='grc' dir='ltr'><strong>ἄνθρωποι</strong></span> <span class='ocrx_word' id='word_1_693' title='bbox 1462 4161 1820 4228; x_wconf 80' lang='grc' dir='ltr'><strong>ζυγοστατοῦ-</strong></span> <span class='ocrx_word' id='word_1_694' title='bbox 1929 4164 1933 4204; x_wconf 91' lang='grc'>¹</span> 
     </span>
    </p>
   </div>
   <div class='ocr_carea' id='block_1_82' title="bbox 1808 4147 3478 4228">
    <p class='ocr_par' dir='ltr' id='par_1_82' title="bbox 1808 4147 3478 4220">
     <span class='ocr_line' id='line_1_82' title="bbox 1808 4147 3478 4220; baseline 0.001 -16"><span class='ocrx_word' id='word_1_695' title='bbox 1808 4195 1820 4204; x_wconf 97' lang='grc'>.</span> <span class='ocrx_word' id='word_1_696' title='bbox 1929 4163 2070 4206; x_wconf 81' lang='lat' dir='ltr'><strong>tores</strong></span> <span class='ocrx_word' id='word_1_697' title='bbox 2096 4157 2241 4212; x_wconf 88' lang='lat' dir='ltr'><strong>sunt,</strong></span> <span class='ocrx_word' id='word_1_698' title='bbox 2272 4157 2362 4202; x_wconf 87' lang='lat' dir='ltr'><strong>aut</strong></span> <span class='ocrx_word' id='word_1_699' title='bbox 2395 4147 2716 4212; x_wconf 82' lang='lat' dir='ltr'><strong>macellarii;</strong></span> <span class='ocrx_word' id='word_1_700' title='bbox 2741 4157 2832 4201; x_wconf 88' lang='lat' dir='ltr'><strong>aut</strong></span> <span class='ocrx_word' id='word_1_701' title='bbox 2859 4163 3048 4203; x_wconf 91' lang='lat' dir='ltr'><strong>aurum</strong></span> <span class='ocrx_word' id='word_1_702' title='bbox 3082 4161 3171 4202; x_wconf 92' lang='lat' dir='ltr'><strong>aut</strong></span> <span class='ocrx_word' id='word_1_703' title='bbox 3201 4160 3478 4220; x_wconf 77' lang='lat' dir='ltr'><strong>argentum</strong></span> 
     </span>
    </p>
   </div>
   <div class='ocr_carea' id='block_1_83' title="bbox 267 4239 1937 4326">
    <p class='ocr_par' dir='ltr' id='par_1_83' title="bbox 267 4241 1937 4326">
     <span class='ocr_line' id='line_1_83' title="bbox 267 4241 1937 4326; baseline 0.013 -38"><span class='ocrx_word' id='word_1_704' title='bbox 267 4254 356 4302; x_wconf 88' lang='grc' dir='ltr'><strong>σι;</strong></span> <span class='ocrx_word' id='word_1_705' title='bbox 411 4241 482 4310; x_wconf 84' lang='grc' dir='ltr'><strong>μὴ</strong></span> <span class='ocrx_word' id='word_1_706' title='bbox 519 4242 716 4304; x_wconf 77' lang='grc' dir='ltr'><strong>πάντες</strong></span> <span class='ocrx_word' id='word_1_707' title='bbox 750 4243 1063 4313; x_wconf 78' lang='grc' dir='ltr'><strong>ἐριοπῶλαι,</strong></span> <span class='ocrx_word' id='word_1_708' title='bbox 1112 4248 1143 4318; x_wconf 77' lang='grc' dir='ltr'>ἢ</span> <span class='ocrx_word' id='word_1_709' title='bbox 1177 4250 1520 4320; x_wconf 81' lang='grc' dir='ltr'><strong>κρεωπῶλαι,</strong></span> <span class='ocrx_word' id='word_1_710' title='bbox 1557 4253 1588 4323; x_wconf 84' lang='grc' dir='ltr'>ἦ</span> <span class='ocrx_word' id='word_1_711' title='bbox 1624 4256 1819 4326; x_wconf 73' lang='grc' dir='ltr'><strong>χρυσὸν</strong></span> <span class='ocrx_word' id='word_1_712' title='bbox 1928 4253 1937 4295; x_wconf 85' lang='grc'>¹</span> 
     </span>
    </p>
   </div>
   <div class='ocr_carea' id='block_1_84' title="bbox 1809 4239 3479 4326">
    <p class='ocr_par' dir='ltr' id='par_1_84' title="bbox 1809 4239 3479 4310">
     <span class='ocr_line' id='line_1_84' title="bbox 1809 4239 3479 4310; baseline 0.001 -15"><span class='ocrx_word' id='word_1_713' title='bbox 1809 4275 1819 4305; x_wconf 78' lang='grc'><strong><em>,</em></strong></span> <span class='ocrx_word' id='word_1_714' title='bbox 1928 4250 2178 4306; x_wconf 87' lang='lat' dir='ltr'><strong>tractant,</strong></span> <span class='ocrx_word' id='word_1_715' title='bbox 2223 4248 2314 4292; x_wconf 93' lang='lat' dir='ltr'><strong>aut</strong></span> <span class='ocrx_word' id='word_1_716' title='bbox 2349 4239 2569 4292; x_wconf 90' lang='lat' dir='ltr'><strong>omnino</strong></span> <span class='ocrx_word' id='word_1_717' title='bbox 2598 4239 2649 4292; x_wconf 92' lang='lat' dir='ltr'><strong>in</strong></span> <span class='ocrx_word' id='word_1_718' title='bbox 2697 4239 2844 4292; x_wconf 82' lang='lat' dir='ltr'><strong>hisce</strong></span> <span class='ocrx_word' id='word_1_719' title='bbox 2881 4240 3122 4293; x_wconf 83' lang='lat' dir='ltr'><strong>materiis</strong></span> <span class='ocrx_word' id='word_1_720' title='bbox 3162 4255 3377 4310; x_wconf 86' lang='lat' dir='ltr'><strong>operam</strong></span> <span class='ocrx_word' id='word_1_721' title='bbox 3424 4253 3479 4296; x_wconf 88' lang='lat' dir='ltr'><strong>et</strong></span> 
     </span>
    </p>
   </div>
   <div class='ocr_carea' id='block_1_85' title="bbox 260 4329 1930 4411">
    <p class='ocr_par' dir='ltr' id='par_1_85' title="bbox 260 4329 1930 4411">
     <span class='ocr_line' id='line_1_85' title="bbox 260 4329 1930 4411; baseline 0.011 -29"><span class='ocrx_word' id='word_1_722' title='bbox 260 4329 294 4398; x_wconf 74' lang='grc' dir='ltr'><strong>ἢ</strong></span> <span class='ocrx_word' id='word_1_723' title='bbox 319 4329 556 4400; x_wconf 76' lang='grc' dir='ltr'><strong>ἄργυρον</strong></span> <span class='ocrx_word' id='word_1_724' title='bbox 584 4333 924 4398; x_wconf 81' lang='grc' dir='ltr'><strong>διατίθενται,</strong></span> <span class='ocrx_word' id='word_1_725' title='bbox 952 4336 985 4407; x_wconf 83' lang='grc' dir='ltr'>ἢ</span> <span class='ocrx_word' id='word_1_726' title='bbox 1018 4337 1151 4401; x_wconf 77' lang='grc' dir='ltr'><strong>ὅλως</strong></span> <span class='ocrx_word' id='word_1_727' title='bbox 1189 4341 1315 4411; x_wconf 73' lang='grc' dir='ltr'><strong>περ),</strong></span> <span class='ocrx_word' id='word_1_728' title='bbox 1336 4343 1535 4406; x_wconf 86' lang='grc' dir='ltr'><strong>ταύτας</strong></span> <span class='ocrx_word' id='word_1_729' title='bbox 1557 4345 1654 4407; x_wconf 73' lang='grc' dir='ltr'><strong>τὰς</strong></span> <span class='ocrx_word' id='word_1_730' title='bbox 1688 4345 1818 4409; x_wconf 79' lang='grc' dir='ltr'><strong>ὕλας</strong></span> <span class='ocrx_word' id='word_1_731' title='bbox 1924 4353 1930 4388; x_wconf 71' lang='grc'><strong>1</strong></span> 
     </span>
    </p>
   </div>
   <div class='ocr_carea' id='block_1_86' title="bbox 1808 4329 3478 4411">
    <p class='ocr_par' dir='ltr' id='par_1_86' title="bbox 1808 4335 3478 4408">
     <span class='ocr_line' id='line_1_86' title="bbox 1808 4335 3478 4408; baseline 0.003 -19"><span class='ocrx_word' id='word_1_732' title='bbox 1808 4364 1818 4408; x_wconf 77' lang='lat'><strong><em>;</em></strong></span> <span class='ocrx_word' id='word_1_733' title='bbox 1924 4335 2156 4389; x_wconf 90' lang='lat' dir='ltr'><strong>studium</strong></span> <span class='ocrx_word' id='word_1_734' title='bbox 2203 4344 2429 4404; x_wconf 90' lang='lat' dir='ltr'><strong>ponunt,</strong></span> <span class='ocrx_word' id='word_1_735' title='bbox 2456 4347 2590 4401; x_wconf 89' lang='lat' dir='ltr'><strong>quas</strong></span> <span class='ocrx_word' id='word_1_736' title='bbox 2628 4341 2958 4386; x_wconf 83' lang='lat' dir='ltr'><strong>mercatores</strong></span> <span class='ocrx_word' id='word_1_737' title='bbox 2998 4348 3116 4387; x_wconf 86' lang='lat' dir='ltr'><strong>cum</strong></span> <span class='ocrx_word' id='word_1_738' title='bbox 3151 4336 3368 4392; x_wconf 89' lang='lat' dir='ltr'><strong>stateris</strong></span> <span class='ocrx_word' id='word_1_739' title='bbox 3413 4352 3478 4394; x_wconf 91' lang='lat' dir='ltr'><strong>ac</strong></span> 
     </span>
    </p>
   </div>
   <div class='ocr_carea' id='block_1_87' title="bbox 260 4421 1930 4503">
    <p class='ocr_par' dir='ltr' id='par_1_87' title="bbox 260 4421 1930 4503">
     <span class='ocr_line' id='line_1_87' title="bbox 260 4421 1930 4503; baseline 0.01 -33"><span class='ocrx_word' id='word_1_740' title='bbox 260 4421 362 4489; x_wconf 85' lang='grc' dir='ltr'><strong>τὴν</strong></span> <span class='ocrx_word' id='word_1_741' title='bbox 397 4423 624 4493; x_wconf 80' lang='grc' dir='ltr'><strong>σπουδὴν</strong></span> <span class='ocrx_word' id='word_1_742' title='bbox 654 4424 883 4493; x_wconf 78' lang='grc' dir='ltr'><strong>ἔχουσιν,</strong></span> <span class='ocrx_word' id='word_1_743' title='bbox 912 4427 976 4490; x_wconf 72' lang='grc' dir='ltr'><strong>ἃς</strong></span> <span class='ocrx_word' id='word_1_744' title='bbox 1014 4427 1194 4497; x_wconf 83' lang='grc' dir='ltr'><strong>ζυγοῖς</strong></span> <span class='ocrx_word' id='word_1_745' title='bbox 1231 4432 1322 4484; x_wconf 74' lang='grc' dir='ltr'><strong>καὶ</strong></span> <span class='ocrx_word' id='word_1_746' title='bbox 1364 4433 1619 4502; x_wconf 81' lang='grc' dir='ltr'><strong>σταθμοῖς</strong></span> <span class='ocrx_word' id='word_1_747' title='bbox 1645 4435 1817 4503; x_wconf 70' lang='grc' dir='ltr'><strong>πεφύ-</strong></span> <span class='ocrx_word' id='word_1_748' title='bbox 1925 4445 1930 4497; x_wconf 66' lang='lat'>1</span> 
     </span>
    </p>
   </div>
   <div class='ocr_carea' id='block_1_88' title="bbox 1809 4421 3479 4503">
    <p class='ocr_par' dir='ltr' id='par_1_88' title="bbox 1809 4424 3479 4497">
     <span class='ocr_line' id='line_1_88' title="bbox 1809 4424 3479 4497; baseline 0.005 -22"><span class='ocrx_word' id='word_1_749' title='bbox 1809 4465 1817 4475; x_wconf 97' lang='lat'><strong>.</strong></span> <span class='ocrx_word' id='word_1_750' title='bbox 1925 4428 2247 4497; x_wconf 68' lang='lat' dir='ltr'><strong>ponderibus</strong></span> <span class='ocrx_word' id='word_1_751' title='bbox 2297 4425 2468 4478; x_wconf 83' lang='lat' dir='ltr'><strong>solent</strong></span> <span class='ocrx_word' id='word_1_752' title='bbox 2537 4424 2863 4478; x_wconf 78' lang='lat' dir='ltr'><strong>divendere?</strong></span> <span class='ocrx_word' id='word_1_753' title='bbox 2916 4426 3076 4495; x_wconf 84' lang='lat' dir='ltr'><strong>Atqui</strong></span> <span class='ocrx_word' id='word_1_754' title='bbox 3128 4427 3292 4482; x_wconf 91' lang='lat' dir='ltr'><strong>multa</strong></span> <span class='ocrx_word' id='word_1_755' title='bbox 3351 4440 3479 4484; x_wconf 86' lang='lat' dir='ltr'><strong>sunt</strong></span> 
     </span>
    </p>
   </div>
   <div class='ocr_carea' id='block_1_89' title="bbox 259 4516 1929 4597">
    <p class='ocr_par' dir='ltr' id='par_1_89' title="bbox 259 4516 1929 4597">
     <span class='ocr_line' id='line_1_89' title="bbox 259 4516 1929 4597; baseline 0.011 -35"><span class='ocrx_word' id='word_1_756' title='bbox 259 4528 422 4564; x_wconf 84' lang='grc' dir='ltr'><strong>κασιν</strong></span> <span class='ocrx_word' id='word_1_757' title='bbox 476 4516 524 4566; x_wconf 78' lang='lat' dir='ltr'><strong>oi</strong></span> <span class='ocrx_word' id='word_1_758' title='bbox 571 4516 797 4588; x_wconf 75' lang='grc' dir='ltr'><strong>ἔμποροι</strong></span> <span class='ocrx_word' id='word_1_759' title='bbox 855 4519 1186 4590; x_wconf 76' lang='grc' dir='ltr'><strong>διαμείϐεινς</strong></span> <span class='ocrx_word' id='word_1_760' title='bbox 1236 4525 1392 4577; x_wconf 68' lang='grc' dir='ltr'><strong>Ἀλλὰ</strong></span> <span class='ocrx_word' id='word_1_761' title='bbox 1438 4526 1570 4579; x_wconf 75' lang='grc' dir='ltr'><strong>πολὺ</strong></span> <span class='ocrx_word' id='word_1_762' title='bbox 1617 4527 1712 4597; x_wconf 84' lang='grc' dir='ltr'><strong>μὲν</strong></span> <span class='ocrx_word' id='word_1_763' title='bbox 1756 4527 1816 4579; x_wconf 85' lang='grc' dir='ltr'><strong>τὸ</strong></span> <span class='ocrx_word' id='word_1_764' title='bbox 1924 4542 1929 4588; x_wconf 83' lang='grc'><strong>;</strong></span> 
     </span>
    </p>
   </div>
   <div class='ocr_carea' id='block_1_90' title="bbox 1808 4516 3478 4597">
    <p class='ocr_par' dir='ltr' id='par_1_90' title="bbox 1808 4517 3478 4590">
     <span class='ocr_line' id='line_1_90' title="bbox 1808 4517 3478 4590; baseline -0.001 -13"><span class='ocrx_word' id='word_1_765' title='bbox 1808 4548 1816 4577; x_wconf 70' lang='grc' dir='ltr'><strong>ι</strong></span> <span class='ocrx_word' id='word_1_766' title='bbox 1924 4536 2116 4590; x_wconf 79' lang='lat' dir='ltr'><strong>genera</strong></span> <span class='ocrx_word' id='word_1_767' title='bbox 2161 4518 2556 4587; x_wconf 86' lang='lat' dir='ltr'><strong>operariorum,</strong></span> <span class='ocrx_word' id='word_1_768' title='bbox 2606 4517 2696 4586; x_wconf 92' lang='lat' dir='ltr'><strong>qni</strong></span> <span class='ocrx_word' id='word_1_769' title='bbox 2735 4517 2800 4569; x_wconf 87' lang='lat' dir='ltr'><strong>ad</strong></span> <span class='ocrx_word' id='word_1_770' title='bbox 2838 4531 3032 4584; x_wconf 84' lang='lat' dir='ltr'><strong>operas</strong></span> <span class='ocrx_word' id='word_1_771' title='bbox 3081 4532 3208 4570; x_wconf 91' lang='lat' dir='ltr'><strong>suas</strong></span> <span class='ocrx_word' id='word_1_772' title='bbox 3258 4522 3478 4576; x_wconf 90' lang='lat' dir='ltr'><strong>stateris</strong></span> 
     </span>
    </p>
   </div>
   <div class='ocr_carea' id='block_1_91' title="bbox 257 4605 1927 4696">
    <p class='ocr_par' dir='ltr' id='par_1_91' title="bbox 257 4605 1927 4696">
     <span class='ocr_line' id='line_1_91' title="bbox 257 4605 1927 4696; baseline 0.008 -39"><span class='ocrx_word' id='word_1_773' title='bbox 257 4605 368 4659; x_wconf 84' lang='grc' dir='ltr'><strong>τῶν</strong></span> <span class='ocrx_word' id='word_1_774' title='bbox 394 4605 674 4674; x_wconf 80' lang='grc' dir='ltr'><strong>βαναύσων</strong></span> <span class='ocrx_word' id='word_1_775' title='bbox 701 4613 874 4679; x_wconf 77' lang='grc' dir='ltr'><strong>γένος,</strong></span> <span class='ocrx_word' id='word_1_776' title='bbox 911 4614 1086 4682; x_wconf 79' lang='grc' dir='ltr'><strong>ζυγῶν</strong></span> <span class='ocrx_word' id='word_1_777' title='bbox 1117 4615 1267 4667; x_wconf 71' lang='grc' dir='ltr'><strong>οὐδὲν</strong></span> <span class='ocrx_word' id='word_1_778' title='bbox 1303 4617 1378 4677; x_wconf 84' lang='grc' dir='ltr'><strong>είς</strong></span> <span class='ocrx_word' id='word_1_779' title='bbox 1410 4617 1507 4685; x_wconf 79' lang='grc' dir='ltr'><strong>τὴν</strong></span> <span class='ocrx_word' id='word_1_780' title='bbox 1556 4618 1815 4688; x_wconf 81' lang='grc' dir='ltr'><strong>ἐργασίαν</strong></span> <span class='ocrx_word' id='word_1_781' title='bbox 1850 4643 1890 4696; x_wconf 80' lang='lat' dir='ltr'><strong>D</strong></span> <span class='ocrx_word' id='word_1_782' title='bbox 1925 4637 1927 4664; x_wconf 65' lang='grc'><strong>1</strong></span> 
     </span>
    </p>
   </div>
   <div class='ocr_carea' id='block_1_92' title="bbox 1809 4605 3479 4696">
    <p class='ocr_par' dir='ltr' id='par_1_92' title="bbox 1809 4607 3479 4696">
     <span class='ocr_line' id='line_1_92' title="bbox 1809 4607 3479 4696; baseline 0.002 -35"><span class='ocrx_word' id='word_1_783' title='bbox 1809 4635 1815 4661; x_wconf 77' lang='grc' dir='ltr'>ι</span> <span class='ocrx_word' id='word_1_784' title='bbox 1850 4643 1890 4696; x_wconf 78' lang='lat' dir='ltr'><strong>D</strong></span> <span class='ocrx_word' id='word_1_785' title='bbox 1925 4613 2049 4666; x_wconf 85' lang='lat' dir='ltr'><strong>nihil</strong></span> <span class='ocrx_word' id='word_1_786' title='bbox 2106 4627 2238 4680; x_wconf 90' lang='lat' dir='ltr'><strong>opus</strong></span> <span class='ocrx_word' id='word_1_787' title='bbox 2272 4609 2494 4666; x_wconf 83' lang='lat' dir='ltr'><strong>habent.</strong></span> <span class='ocrx_word' id='word_1_788' title='bbox 2536 4609 2684 4662; x_wconf 83' lang='lat' dir='ltr'><strong>Multi</strong></span> <span class='ocrx_word' id='word_1_789' title='bbox 2723 4609 2864 4660; x_wconf 88' lang='lat' dir='ltr'><strong>enim</strong></span> <span class='ocrx_word' id='word_1_790' title='bbox 2916 4607 3189 4661; x_wconf 87' lang='lat' dir='ltr'><strong>nauticam</strong></span> <span class='ocrx_word' id='word_1_791' title='bbox 3222 4623 3479 4666; x_wconf 86' lang='lat' dir='ltr'><strong>exercent</strong></span> 
     </span>
    </p>
   </div>
   <div class='ocr_carea' id='block_1_93' title="bbox 257 4697 1927 4778">
    <p class='ocr_par' dir='ltr' id='par_1_93' title="bbox 257 4697 1927 4778">
     <span class='ocr_line' id='line_1_93' title="bbox 257 4697 1927 4778; baseline 0.009 -31"><span class='ocrx_word' id='word_1_792' title='bbox 257 4697 438 4750; x_wconf 79' lang='grc' dir='ltr'><strong>αὐτῶν</strong></span> <span class='ocrx_word' id='word_1_793' title='bbox 471 4700 858 4770; x_wconf 84' lang='grc' dir='ltr'><strong>προσδεόμενον</strong></span> <span class='ocrx_word' id='word_1_794' title='bbox 877 4705 1005 4774; x_wconf 84' lang='grc' dir='ltr'>(9Ο)’</span> <span class='ocrx_word' id='word_1_795' title='bbox 1026 4705 1206 4757; x_wconf 74' lang='grc' dir='ltr'><strong>πολλοὶ</strong></span> <span class='ocrx_word' id='word_1_796' title='bbox 1243 4705 1297 4757; x_wconf 75' lang='grc' dir='ltr'><strong>δὲ</strong></span> <span class='ocrx_word' id='word_1_797' title='bbox 1328 4709 1372 4757; x_wconf 87' lang='grc' dir='ltr'><strong>οί</strong></span> <span class='ocrx_word' id='word_1_798' title='bbox 1394 4707 1814 4778; x_wconf 81' lang='grc' dir='ltr'><strong>ναυτιλλόμενοι’</strong></span> <span class='ocrx_word' id='word_1_799' title='bbox 1922 4725 1927 4756; x_wconf 71' lang='grc' dir='ltr'><strong><em>ὲ</em></strong></span> 
     </span>
    </p>
   </div>
   <div class='ocr_carea' id='block_1_94' title="bbox 1807 4697 3477 4778">
    <p class='ocr_par' dir='ltr' id='par_1_94' title="bbox 1807 4699 3477 4772">
     <span class='ocr_line' id='line_1_94' title="bbox 1807 4699 3477 4772; baseline 0.001 -15"><span class='ocrx_word' id='word_1_800' title='bbox 1807 4724 1814 4737; x_wconf 70' lang='grc' dir='ltr'><strong>ι</strong></span> <span class='ocrx_word' id='word_1_801' title='bbox 1922 4715 2088 4757; x_wconf 90' lang='lat' dir='ltr'><strong>artem</strong></span> <span class='ocrx_word' id='word_1_802' title='bbox 2129 4719 2142 4767; x_wconf 87' lang='lat'><strong>;</strong></span> <span class='ocrx_word' id='word_1_803' title='bbox 2179 4703 2328 4756; x_wconf 89' lang='lat' dir='ltr'><strong>multi</strong></span> <span class='ocrx_word' id='word_1_804' title='bbox 2368 4704 2528 4756; x_wconf 88' lang='lat' dir='ltr'><strong>etiam</strong></span> <span class='ocrx_word' id='word_1_805' title='bbox 2558 4701 2702 4756; x_wconf 91' lang='lat' dir='ltr'><strong>circa</strong></span> <span class='ocrx_word' id='word_1_806' title='bbox 2733 4699 2906 4754; x_wconf 82' lang='lat' dir='ltr'><strong>forum</strong></span> <span class='ocrx_word' id='word_1_807' title='bbox 2937 4709 2990 4756; x_wconf 91' lang='lat' dir='ltr'><strong>et</strong></span> <span class='ocrx_word' id='word_1_808' title='bbox 3019 4701 3362 4772; x_wconf 84' lang='lat' dir='ltr'><strong>magistratus</strong></span> <span class='ocrx_word' id='word_1_809' title='bbox 3387 4719 3477 4758; x_wconf 90' lang='lat' dir='ltr'><strong>oc-</strong></span> 
     </span>
    </p>
   </div>
   <div class='ocr_carea' id='block_1_95' title="bbox 257 4788 1927 4870">
    <p class='ocr_par' dir='ltr' id='par_1_95' title="bbox 257 4788 1927 4870">
     <span class='ocr_line' id='line_1_95' title="bbox 257 4788 1927 4870; baseline 0.007 -28"><span class='ocrx_word' id='word_1_810' title='bbox 257 4788 447 4843; x_wconf 72' lang='grc' dir='ltr'><strong>πολλοὶ</strong></span> <span class='ocrx_word' id='word_1_811' title='bbox 475 4789 529 4842; x_wconf 85' lang='grc' dir='ltr'><strong>δὲ</strong></span> <span class='ocrx_word' id='word_1_812' title='bbox 551 4791 600 4842; x_wconf 89' lang='grc' dir='ltr'><strong>οἱ</strong></span> <span class='ocrx_word' id='word_1_813' title='bbox 631 4792 756 4862; x_wconf 78' lang='grc' dir='ltr'><strong>περὶ</strong></span> <span class='ocrx_word' id='word_1_814' title='bbox 788 4795 854 4847; x_wconf 69' lang='grc' dir='ltr'><strong>τὰ</strong></span> <span class='ocrx_word' id='word_1_815' title='bbox 879 4796 1198 4868; x_wconf 78' lang='grc' dir='ltr'><strong>δικαστήρια</strong></span> <span class='ocrx_word' id='word_1_816' title='bbox 1236 4797 1326 4850; x_wconf 78' lang='grc' dir='ltr'><strong>καὶ</strong></span> <span class='ocrx_word' id='word_1_817' title='bbox 1357 4797 1415 4848; x_wconf 81' lang='grc' dir='ltr'><strong>τὸ</strong></span> <span class='ocrx_word' id='word_1_818' title='bbox 1442 4798 1632 4868; x_wconf 76' lang='grc' dir='ltr'><strong>ἄρχειν</strong></span> <span class='ocrx_word' id='word_1_819' title='bbox 1658 4817 1816 4870; x_wconf 85' lang='grc' dir='ltr'><strong>στρε-</strong></span> <span class='ocrx_word' id='word_1_820' title='bbox 1921 4816 1927 4846; x_wconf 71' lang='grc' dir='ltr'><strong>ε</strong></span> 
     </span>
    </p>
   </div>
   <div class='ocr_carea' id='block_1_96' title="bbox 1807 4788 3477 4870">
    <p class='ocr_par' dir='ltr' id='par_1_96' title="bbox 1807 4792 3477 4864">
     <span class='ocr_line' id='line_1_96' title="bbox 1807 4792 3477 4864; baseline -0.001 -14"><span class='ocrx_word' id='word_1_821' title='bbox 1807 4830 1816 4838; x_wconf 90' lang='grc'><strong>-</strong></span> <span class='ocrx_word' id='word_1_822' title='bbox 1921 4805 2205 4862; x_wconf 91' lang='lat' dir='ltr'><strong>cupantnr,</strong></span> <span class='ocrx_word' id='word_1_823' title='bbox 2235 4795 2370 4864; x_wconf 88' lang='lat' dir='ltr'><strong>apud</strong></span> <span class='ocrx_word' id='word_1_824' title='bbox 2415 4807 2552 4862; x_wconf 86' lang='lat' dir='ltr'><strong>quos</strong></span> <span class='ocrx_word' id='word_1_825' title='bbox 2589 4792 2803 4860; x_wconf 85' lang='lat' dir='ltr'><strong>quidem</strong></span> <span class='ocrx_word' id='word_1_826' title='bbox 2853 4803 2937 4848; x_wconf 90' lang='lat' dir='ltr'><strong>est</strong></span> <span class='ocrx_word' id='word_1_827' title='bbox 2990 4793 3350 4856; x_wconf 88' lang='lat' dir='ltr'><strong>mendacium,</strong></span> <span class='ocrx_word' id='word_1_828' title='bbox 3381 4809 3477 4848; x_wconf 89' lang='lat' dir='ltr'><strong>nec</strong></span> 
     </span>
    </p>
   </div>
   <div class='ocr_carea' id='block_1_97' title="bbox 257 4879 1927 4956">
    <p class='ocr_par' dir='ltr' id='par_1_97' title="bbox 257 4879 1810 4956">
     <span class='ocr_line' id='line_1_97' title="bbox 257 4879 1810 4956; baseline 0.007 -23"><span class='ocrx_word' id='word_1_829' title='bbox 257 4883 508 4951; x_wconf 69' lang='grc' dir='ltr'><strong>φάμενοι,</strong></span> <span class='ocrx_word' id='word_1_830' title='bbox 541 4885 669 4955; x_wconf 82' lang='grc' dir='ltr'><strong>παρ’</strong></span> <span class='ocrx_word' id='word_1_831' title='bbox 703 4879 782 4946; x_wconf 76' lang='grc' dir='ltr'><strong>οἷς</strong></span> <span class='ocrx_word' id='word_1_832' title='bbox 817 4886 914 4952; x_wconf 82' lang='grc' dir='ltr'><strong>μὲν</strong></span> <span class='ocrx_word' id='word_1_833' title='bbox 941 4888 1000 4940; x_wconf 71' lang='grc' dir='ltr'><strong>τὸ</strong></span> <span class='ocrx_word' id='word_1_834' title='bbox 1023 4889 1212 4956; x_wconf 78' lang='grc' dir='ltr'><strong>ψεῦδός</strong></span> <span class='ocrx_word' id='word_1_835' title='bbox 1244 4891 1408 4950; x_wconf 84' lang='grc' dir='ltr'><strong>ἐστιν,</strong></span> <span class='ocrx_word' id='word_1_836' title='bbox 1436 4889 1462 4938; x_wconf 79' lang='grc' dir='ltr'>ὁ</span> <span class='ocrx_word' id='word_1_837' title='bbox 1495 4889 1549 4942; x_wconf 87' lang='grc' dir='ltr'><strong>δὲ</strong></span> <span class='ocrx_word' id='word_1_838' title='bbox 1586 4890 1672 4944; x_wconf 76' lang='grc' dir='ltr'><strong>διὰ</strong></span> <span class='ocrx_word' id='word_1_839' title='bbox 1704 4892 1810 4943; x_wconf 82' lang='grc' dir='ltr'><strong>τῶν</strong></span> 
     </span>
    </p>
   </div>
   <div class='ocr_carea' id='block_1_98' title="bbox 1807 4879 3477 4956">
    <p class='ocr_par' dir='ltr' id='par_1_98' title="bbox 1807 4884 3477 4956">
     <span class='ocr_line' id='line_1_98' title="bbox 1807 4884 3477 4956; baseline -0.001 -17"><span class='ocrx_word' id='word_1_840' title='bbox 1807 4909 1810 4933; x_wconf 87' lang='grc' dir='ltr'>ι</span> <span class='ocrx_word' id='word_1_841' title='bbox 1927 4899 2101 4940; x_wconf 87' lang='lat' dir='ltr'><strong>tamen</strong></span> <span class='ocrx_word' id='word_1_842' title='bbox 2133 4901 2228 4954; x_wconf 90' lang='lat' dir='ltr'><strong>per</strong></span> <span class='ocrx_word' id='word_1_843' title='bbox 2249 4896 2476 4939; x_wconf 89' lang='lat' dir='ltr'><strong>stateras</strong></span> <span class='ocrx_word' id='word_1_844' title='bbox 2502 4884 2654 4937; x_wconf 88' lang='lat' dir='ltr'><strong>dolus</strong></span> <span class='ocrx_word' id='word_1_845' title='bbox 2687 4886 2981 4953; x_wconf 81' lang='lat' dir='ltr'><strong>perﬁcitur.</strong></span> <span class='ocrx_word' id='word_1_846' title='bbox 3013 4885 3150 4948; x_wconf 88' lang='lat' dir='ltr'><strong>Quid</strong></span> <span class='ocrx_word' id='word_1_847' title='bbox 3193 4885 3358 4956; x_wconf 82' lang='lat' dir='ltr'><strong>igitur</strong></span> <span class='ocrx_word' id='word_1_848' title='bbox 3394 4896 3477 4942; x_wconf 84' lang='lat' dir='ltr'><strong>est</strong></span> 
     </span>
    </p>
   </div>
   <div class='ocr_carea' id='block_1_99' title="bbox 257 4973 1927 5048">
    <p class='ocr_par' dir='ltr' id='par_1_99' title="bbox 257 4973 1927 5048">
     <span class='ocr_line' id='line_1_99' title="bbox 257 4973 1927 5048; baseline 0.007 -25"><span class='ocrx_word' id='word_1_849' title='bbox 257 4973 440 5039; x_wconf 76' lang='grc' dir='ltr'><strong>ζυγῶν</strong></span> <span class='ocrx_word' id='word_1_850' title='bbox 467 4975 610 5038; x_wconf 85' lang='grc' dir='ltr'><strong>δόλος</strong></span> <span class='ocrx_word' id='word_1_851' title='bbox 639 4975 738 5028; x_wconf 86' lang='grc' dir='ltr'><strong>ούκ</strong></span> <span class='ocrx_word' id='word_1_852' title='bbox 767 4976 1156 5044; x_wconf 71' lang='grc' dir='ltr'><strong>ἐπιτηδεύεται.</strong></span> <span class='ocrx_word' id='word_1_853' title='bbox 1193 4980 1255 5032; x_wconf 90' lang='grc' dir='ltr'><strong>Τί</strong></span> <span class='ocrx_word' id='word_1_854' title='bbox 1277 4977 1368 5033; x_wconf 77' lang='grc' dir='ltr'><strong>οὖν</strong></span> <span class='ocrx_word' id='word_1_855' title='bbox 1400 4981 1541 5032; x_wconf 87' lang='grc' dir='ltr'><strong>ἐστιν</strong></span> <span class='ocrx_word' id='word_1_856' title='bbox 1570 4981 1598 5032; x_wconf 85' lang='grc' dir='ltr'><strong>ὃ</strong></span> <span class='ocrx_word' id='word_1_857' title='bbox 1627 4983 1806 5048; x_wconf 84' lang='grc' dir='ltr'><strong>λέγει;</strong></span> <span class='ocrx_word' id='word_1_858' title='bbox 1920 4996 1927 5026; x_wconf 76' lang='grc'><strong>1</strong></span> 
     </span>
    </p>
   </div>
   <div class='ocr_carea' id='block_1_100' title="bbox 1806 4973 3476 5048">
    <p class='ocr_par' dir='ltr' id='par_1_100' title="bbox 1920 4974 3476 5045">
     <span class='ocr_line' id='line_1_100' title="bbox 1920 4974 3476 5045; baseline 0.002 -18"><span class='ocrx_word' id='word_1_859' title='bbox 1920 4977 2060 5045; x_wconf 89' lang='lat' dir='ltr'><strong>quod</strong></span> <span class='ocrx_word' id='word_1_860' title='bbox 2087 4974 2416 5040; x_wconf 86' lang='lat' dir='ltr'><strong>dicit?Quod</strong></span> <span class='ocrx_word' id='word_1_861' title='bbox 2436 4974 2486 5026; x_wconf 93' lang='lat' dir='ltr'><strong>in</strong></span> <span class='ocrx_word' id='word_1_862' title='bbox 2511 4989 2828 5042; x_wconf 86' lang='lat' dir='ltr'><strong>unoquoque</strong></span> <span class='ocrx_word' id='word_1_863' title='bbox 2853 4982 3092 5026; x_wconf 91' lang='lat' dir='ltr'><strong>nostrum</strong></span> <span class='ocrx_word' id='word_1_864' title='bbox 3113 4975 3252 5029; x_wconf 91' lang='lat' dir='ltr'><strong>intus</strong></span> <span class='ocrx_word' id='word_1_865' title='bbox 3271 4987 3476 5030; x_wconf 87' lang='lat' dir='ltr'><strong>statera</strong></span> 
     </span>
    </p>
   </div>
   <div class='ocr_carea' id='block_1_101' title="bbox 258 5063 1928 5143">
    <p class='ocr_par' dir='ltr' id='par_1_101' title="bbox 258 5063 1928 5143">
     <span class='ocr_line' id='line_1_101' title="bbox 258 5063 1928 5143; baseline 0.002 -26"><span class='ocrx_word' id='word_1_866' title='bbox 258 5066 384 5117; x_wconf 84' lang='grc' dir='ltr'><strong>Ὀτι</strong></span> <span class='ocrx_word' id='word_1_867' title='bbox 409 5063 634 5116; x_wconf 77' lang='grc' dir='ltr'><strong>ἑκάστου</strong></span> <span class='ocrx_word' id='word_1_868' title='bbox 665 5066 823 5137; x_wconf 73' lang='grc' dir='ltr'><strong>ἡμῶν</strong></span> <span class='ocrx_word' id='word_1_869' title='bbox 848 5065 957 5136; x_wconf 85' lang='grc'>(91)</span> <span class='ocrx_word' id='word_1_870' title='bbox 982 5069 1038 5120; x_wconf 80' lang='grc' dir='ltr'><strong>ἐν</strong></span> <span class='ocrx_word' id='word_1_871' title='bbox 1059 5071 1136 5141; x_wconf 84' lang='grc' dir='ltr'><strong>τῷ</strong></span> <span class='ocrx_word' id='word_1_872' title='bbox 1158 5071 1380 5143; x_wconf 84' lang='grc' dir='ltr'><strong>κρυπτῷ</strong></span> <span class='ocrx_word' id='word_1_873' title='bbox 1407 5070 1562 5138; x_wconf 72' lang='grc' dir='ltr'><strong>ζυγὸς</strong></span> <span class='ocrx_word' id='word_1_874' title='bbox 1578 5089 1660 5134; x_wconf 91' lang='grc' dir='ltr'><strong>τις</strong></span> <span class='ocrx_word' id='word_1_875' title='bbox 1696 5074 1810 5125; x_wconf 79' lang='grc' dir='ltr'><strong>ἐστὶ</strong></span> <span class='ocrx_word' id='word_1_876' title='bbox 1920 5086 1928 5120; x_wconf 73' lang='grc' dir='ltr'><strong>ι</strong></span> 
     </span>
    </p>
   </div>
   <div class='ocr_carea' id='block_1_102' title="bbox 1804 5063 3474 5143">
    <p class='ocr_par' dir='ltr' id='par_1_102' title="bbox 1804 5066 3474 5140">
     <span class='ocr_line' id='line_1_102' title="bbox 1804 5066 3474 5140; baseline -0.001 -16"><span class='ocrx_word' id='word_1_877' title='bbox 1804 5093 1810 5124; x_wconf 67' lang='grc' dir='ltr'><strong>ι</strong></span> <span class='ocrx_word' id='word_1_878' title='bbox 1920 5070 2159 5138; x_wconf 66' lang='lat' dir='ltr'><strong>(praedatur</strong></span> <span class='ocrx_word' id='word_1_879' title='bbox 2207 5082 2236 5119; x_wconf 92' lang='lat' dir='ltr'><strong>a</strong></span> <span class='ocrx_word' id='word_1_880' title='bbox 2272 5075 2460 5120; x_wconf 90' lang='lat' dir='ltr'><strong>nostro</strong></span> <span class='ocrx_word' id='word_1_881' title='bbox 2500 5066 2791 5121; x_wconf 88' lang='lat' dir='ltr'><strong>Conditore</strong></span> <span class='ocrx_word' id='word_1_882' title='bbox 2824 5074 3134 5122; x_wconf 88' lang='lat' dir='ltr'><strong>constructa</strong></span> <span class='ocrx_word' id='word_1_883' title='bbox 3176 5069 3340 5135; x_wconf 89' lang='lat' dir='ltr'><strong>sit,in</strong></span> <span class='ocrx_word' id='word_1_884' title='bbox 3369 5086 3474 5140; x_wconf 89' lang='lat' dir='ltr'><strong>qua</strong></span> 
     </span>
    </p>
   </div>
   <div class='ocr_carea' id='block_1_103' title="bbox 368 5223 904 5294">
    <p class='ocr_par' dir='ltr' id='par_1_103' title="bbox 368 5223 904 5294">
     <span class='ocr_line' id='line_1_103' title="bbox 368 5223 904 5294; baseline 0.004 -16"><span class='ocrx_word' id='word_1_885' title='bbox 368 5223 411 5254; x_wconf 87' lang='grc'><strong>³⁷</strong></span> <span class='ocrx_word' id='word_1_886' title='bbox 441 5223 668 5294; x_wconf 82' lang='lat' dir='ltr'><strong>Philipp.</strong></span> <span class='ocrx_word' id='word_1_887' title='bbox 699 5240 784 5290; x_wconf 85' lang='lat' dir='ltr'><strong>tn,</strong></span> <span class='ocrx_word' id='word_1_888' title='bbox 807 5225 904 5280; x_wconf 80' lang='grc'><strong>19.</strong></span> 
     </span>
    </p>
   </div>
   <div class='ocr_carea' id='block_1_104' title="bbox 330 5381 2000 5456">
    <p class='ocr_par' dir='ltr' id='par_1_104' title="bbox 330 5381 2000 5456">
     <span class='ocr_line' id='line_1_104' title="bbox 330 5381 2000 5456; baseline 0.005 -22"><span class='ocrx_word' id='word_1_889' title='bbox 330 5387 443 5452; x_wconf 79' lang='lat'><strong>(86)</strong></span> <span class='ocrx_word' id='word_1_890' title='bbox 471 5385 600 5452; x_wconf 76' lang='lat' dir='ltr'><strong>Reg.</strong></span> <span class='ocrx_word' id='word_1_891' title='bbox 633 5387 896 5456; x_wconf 87' lang='lat' dir='ltr'><strong>secundus</strong></span> <span class='ocrx_word' id='word_1_892' title='bbox 927 5386 982 5438; x_wconf 91' lang='grc' dir='ltr'><strong>ἐν</strong></span> <span class='ocrx_word' id='word_1_893' title='bbox 1021 5381 1249 5452; x_wconf 85' lang='grc' dir='ltr'><strong>πλούτῳ.</strong></span> <span class='ocrx_word' id='word_1_894' title='bbox 1423 5455 1427 5456; x_wconf 18' lang='grc' dir='ltr'><em>ν</em></span> <span class='ocrx_word' id='word_1_895' title='bbox 1556 5452 1578 5456; x_wconf 90' lang='lat'><em>_</em></span> <span class='ocrx_word' id='word_1_896' title='bbox 1728 5453 1737 5456; x_wconf 89' lang='lat'>_</span> <span class='ocrx_word' id='word_1_897' title='bbox 1987 5381 2000 5450; x_wconf 82' lang='lat'><strong>(</strong></span> 
     </span>
    </p>
   </div>
   <div class='ocr_carea' id='block_1_105' title="bbox 1805 5381 3475 5456">
    <p class='ocr_par' dir='ltr' id='par_1_105' title="bbox 1987 5381 3475 5456">
     <span class='ocr_line' id='line_1_105' title="bbox 1987 5381 3475 5456; baseline 0.002 -20"><span class='ocrx_word' id='word_1_898' title='bbox 1987 5381 2095 5451; x_wconf 89' lang='lat'><strong>(89)</strong></span> <span class='ocrx_word' id='word_1_899' title='bbox 2127 5381 2352 5451; x_wconf 81' lang='lat' dir='ltr'><strong>Legitur</strong></span> <span class='ocrx_word' id='word_1_900' title='bbox 2392 5383 2444 5437; x_wconf 92' lang='lat' dir='ltr'><strong>in</strong></span> <span class='ocrx_word' id='word_1_901' title='bbox 2494 5381 2695 5438; x_wconf 85' lang='lat' dir='ltr'><strong>Catena</strong></span> <span class='ocrx_word' id='word_1_902' title='bbox 2742 5383 2963 5439; x_wconf 90' lang='lat' dir='ltr'><strong>Corder.</strong></span> <span class='ocrx_word' id='word_1_903' title='bbox 2992 5384 3158 5438; x_wconf 81' lang='grc' dir='ltr'><strong>αὐτοῦ</strong></span> <span class='ocrx_word' id='word_1_904' title='bbox 3193 5385 3270 5454; x_wconf 82' lang='grc' dir='ltr'><strong>τῷ</strong></span> <span class='ocrx_word' id='word_1_905' title='bbox 3304 5388 3475 5456; x_wconf 67' lang='grc' dir='ltr'><strong>κηρύ-</strong></span> 
     </span>
    </p>
   </div>
   <div class='ocr_carea' id='block_1_106' title="bbox 333 5452 2103 5524">
    <p class='ocr_par' dir='ltr' id='par_1_106' title="bbox 333 5452 2103 5524">
     <span class='ocr_line' id='line_1_106' title="bbox 333 5452 2103 5524; baseline -0.002 -17"><span class='ocrx_word' id='word_1_906' title='bbox 333 5457 444 5524; x_wconf 83' lang='grc'>(87)</span> <span class='ocrx_word' id='word_1_907' title='bbox 481 5456 651 5509; x_wconf 86' lang='lat' dir='ltr'><strong>Editio</strong></span> <span class='ocrx_word' id='word_1_908' title='bbox 691 5455 850 5508; x_wconf 84' lang='lat' dir='ltr'><strong>Basil.</strong></span> <span class='ocrx_word' id='word_1_909' title='bbox 891 5466 945 5508; x_wconf 92' lang='lat' dir='ltr'><strong>et</strong></span> <span class='ocrx_word' id='word_1_910' title='bbox 977 5470 1064 5508; x_wconf 82' lang='lat' dir='ltr'><strong>sex</strong></span> <span class='ocrx_word' id='word_1_911' title='bbox 1117 5470 1241 5507; x_wconf 86' lang='lat' dir='ltr'><strong>mss.</strong></span> <span class='ocrx_word' id='word_1_912' title='bbox 1282 5456 1369 5507; x_wconf 84' lang='grc' dir='ltr'><strong>Ἐν</strong></span> <span class='ocrx_word' id='word_1_913' title='bbox 1414 5452 1590 5522; x_wconf 84' lang='grc' dir='ltr'><strong>ἑαυτῷ</strong></span> <span class='ocrx_word' id='word_1_914' title='bbox 1614 5453 1800 5520; x_wconf 85' lang='grc' dir='ltr'><strong>γνούς.</strong></span> <span class='ocrx_word' id='word_1_915' title='bbox 1916 5468 2103 5524; x_wconf 78' lang='grc' dir='ltr'><strong>γματι.</strong></span> 
     </span>
    </p>
   </div>
   <div class='ocr_carea' id='block_1_107' title="bbox 252 5522 1922 5594">
    <p class='ocr_par' dir='ltr' id='par_1_107' title="bbox 252 5522 1800 5594">
     <span class='ocr_line' id='line_1_107' title="bbox 252 5522 1800 5594; baseline -0.003 -13"><span class='ocrx_word' id='word_1_916' title='bbox 252 5522 513 5594; x_wconf 71' lang='grc' dir='ltr'><strong>Λῑοίιὶιὶο</strong></span> <span class='ocrx_word' id='word_1_917' title='bbox 561 5526 729 5580; x_wconf 81' lang='lat' dir='ltr'><strong>Paris.</strong></span> <span class='ocrx_word' id='word_1_918' title='bbox 755 5537 806 5578; x_wconf 88' lang='lat' dir='ltr'><strong>et</strong></span> <span class='ocrx_word' id='word_1_919' title='bbox 851 5525 977 5594; x_wconf 86' lang='lat' dir='ltr'><strong>Reg.</strong></span> <span class='ocrx_word' id='word_1_920' title='bbox 1015 5535 1197 5580; x_wconf 80' lang='lat' dir='ltr'><strong>sextus</strong></span> <span class='ocrx_word' id='word_1_921' title='bbox 1241 5526 1496 5578; x_wconf 88' lang='lat' dir='ltr'><strong>secundis</strong></span> <span class='ocrx_word' id='word_1_922' title='bbox 1549 5524 1696 5579; x_wconf 88' lang='lat' dir='ltr'><strong>curis</strong></span> <span class='ocrx_word' id='word_1_923' title='bbox 1744 5526 1800 5576; x_wconf 89' lang='grc' dir='ltr'><strong>ἐν</strong></span> 
     </span>
    </p>
   </div>
   <div class='ocr_carea' id='block_1_108' title="bbox 1802 5522 3472 5594">
    <p class='ocr_par' dir='ltr' id='par_1_108' title="bbox 1989 5522 3472 5594">
     <span class='ocr_line' id='line_1_108' title="bbox 1989 5522 3472 5594; baseline 0.003 -19"><span class='ocrx_word' id='word_1_924' title='bbox 1989 5522 2268 5594; x_wconf 61' lang='lat' dir='ltr'><strong>\90)_Reg.</strong></span> <span class='ocrx_word' id='word_1_925' title='bbox 2311 5531 2536 5590; x_wconf 85' lang='lat' dir='ltr'><strong>quartus</strong></span> <span class='ocrx_word' id='word_1_926' title='bbox 2577 5523 3003 5594; x_wconf 85' lang='grc' dir='ltr'><strong>προσδεομένων.</strong></span> <span class='ocrx_word' id='word_1_927' title='bbox 3051 5524 3130 5578; x_wconf 82' lang='lat' dir='ltr'><strong>Ad</strong></span> <span class='ocrx_word' id='word_1_928' title='bbox 3179 5527 3472 5593; x_wconf 85' lang='lat' dir='ltr'><strong>marginem</strong></span> 
     </span>
    </p>
   </div>
   <div class='ocr_carea' id='block_1_109' title="bbox 251 5592 1921 5665">
    <p class='ocr_par' dir='ltr' id='par_1_109' title="bbox 251 5592 1222 5665">
     <span class='ocr_line' id='line_1_109' title="bbox 251 5592 1222 5665; baseline 0.002 -16"><span class='ocrx_word' id='word_1_929' title='bbox 251 5593 436 5659; x_wconf 79' lang='grc' dir='ltr'><strong>ἑαυτῷ</strong></span> <span class='ocrx_word' id='word_1_930' title='bbox 462 5595 538 5648; x_wconf 84' lang='grc' dir='ltr'><strong>δέ.</strong></span> <span class='ocrx_word' id='word_1_931' title='bbox 939 5592 954 5594; x_wconf 49' lang='grc'>⁷</span> <span class='ocrx_word' id='word_1_932' title='bbox 1217 5664 1222 5665; x_wconf 15' lang='grc' dir='ltr'><strong>γ</strong></span> 
     </span>
    </p>
   </div>
   <div class='ocr_carea' id='block_1_110' title="bbox 1800 5592 3470 5665">
    <p class='ocr_par' dir='ltr' id='par_1_110' title="bbox 1921 5592 3470 5665">
     <span class='ocr_line' id='line_1_110' title="bbox 1921 5592 3470 5665; baseline 0.004 -22"><span class='ocrx_word' id='word_1_933' title='bbox 1921 5605 2056 5665; x_wconf 48' lang='lat' dir='ltr'><strong>gero</strong></span> <span class='ocrx_word' id='word_1_934' title='bbox 2102 5592 2230 5665; x_wconf 79' lang='lat' dir='ltr'><strong>Reg.</strong></span> <span class='ocrx_word' id='word_1_935' title='bbox 2279 5596 2414 5647; x_wconf 81' lang='lat' dir='ltr'><strong>sexti</strong></span> <span class='ocrx_word' id='word_1_936' title='bbox 2451 5592 2706 5664; x_wconf 83' lang='lat' dir='ltr'><strong>scriptum</strong></span> <span class='ocrx_word' id='word_1_937' title='bbox 2753 5592 3022 5647; x_wconf 82' lang='lat' dir='ltr'><strong>invenitur</strong></span> <span class='ocrx_word' id='word_1_938' title='bbox 3065 5592 3470 5665; x_wconf 82' lang='grc' dir='ltr'><strong>προσδεόμενοι.</strong></span> 
     </span>
    </p>
   </div>
   <div class='ocr_carea' id='block_1_111' title="bbox 329 5660 1999 5734">
    <p class='ocr_par' dir='ltr' id='par_1_111' title="bbox 329 5661 1999 5734">
     <span class='ocr_line' id='line_1_111' title="bbox 329 5661 1999 5734; baseline -0.004 -17"><span class='ocrx_word' id='word_1_939' title='bbox 329 5669 442 5734; x_wconf 79' lang='grc'>(88)</span> <span class='ocrx_word' id='word_1_940' title='bbox 479 5666 614 5717; x_wconf 77' lang='lat' dir='ltr'><strong>Editi</strong></span> <span class='ocrx_word' id='word_1_941' title='bbox 642 5674 694 5718; x_wconf 88' lang='lat' dir='ltr'><strong>et</strong></span> <span class='ocrx_word' id='word_1_942' title='bbox 717 5679 842 5717; x_wconf 87' lang='lat' dir='ltr'><strong>mss.</strong></span> <span class='ocrx_word' id='word_1_943' title='bbox 870 5665 1069 5733; x_wconf 84' lang='lat' dir='ltr'><strong>aliquot</strong></span> <span class='ocrx_word' id='word_1_944' title='bbox 1104 5664 1348 5732; x_wconf 81' lang='grc' dir='ltr'><strong>ἑκχέατε.</strong></span> <span class='ocrx_word' id='word_1_945' title='bbox 1392 5665 1493 5718; x_wconf 79' lang='lat' dir='ltr'><strong>Alii</strong></span> <span class='ocrx_word' id='word_1_946' title='bbox 1531 5673 1636 5717; x_wconf 86' lang='lat' dir='ltr'><strong>tres</strong></span> <span class='ocrx_word' id='word_1_947' title='bbox 1667 5677 1794 5717; x_wconf 86' lang='lat' dir='ltr'><strong>mss.</strong></span> <span class='ocrx_word' id='word_1_948' title='bbox 1925 5661 1999 5734; x_wconf 85' lang='lat' dir='ltr'><strong>St:</strong></span> 
     </span>
    </p>
   </div>
   <div class='ocr_carea' id='block_1_112' title="bbox 1799 5660 3469 5734">
    <p class='ocr_par' dir='ltr' id='par_1_112' title="bbox 1925 5660 3469 5734">
     <span class='ocr_line' id='line_1_112' title="bbox 1925 5660 3469 5734; baseline 0.004 -22"><span class='ocrx_word' id='word_1_949' title='bbox 1925 5661 2114 5734; x_wconf 83' lang='lat' dir='ltr'><strong>Statim</strong></span> <span class='ocrx_word' id='word_1_950' title='bbox 2153 5660 2282 5734; x_wconf 86' lang='lat' dir='ltr'><strong>Reg.</strong></span> <span class='ocrx_word' id='word_1_951' title='bbox 2311 5675 2534 5730; x_wconf 88' lang='lat' dir='ltr'><strong>quartus</strong></span> <span class='ocrx_word' id='word_1_952' title='bbox 2563 5660 2684 5717; x_wconf 75' lang='lat' dir='ltr'><strong>eum</strong></span> <span class='ocrx_word' id='word_1_953' title='bbox 2726 5665 2877 5718; x_wconf 87' lang='lat' dir='ltr'><strong>Colb.</strong></span> <span class='ocrx_word' id='word_1_954' title='bbox 2916 5660 3120 5730; x_wconf 55' lang='lat' dir='ltr'><strong>quarto&#39;</strong></span> <span class='ocrx_word' id='word_1_955' title='bbox 3150 5660 3469 5734; x_wconf 81' lang='grc' dir='ltr'><strong>δικαστήρια</strong></span> 
     </span>
    </p>
   </div>
   <div class='ocr_carea' id='block_1_113' title="bbox 251 5731 1921 5804">
    <p class='ocr_par' dir='ltr' id='par_1_113' title="bbox 251 5731 1921 5804">
     <span class='ocr_line' id='line_1_113' title="bbox 251 5731 1921 5804; baseline -0.001 -17"><span class='ocrx_word' id='word_1_956' title='bbox 251 5731 496 5804; x_wconf 46' lang='lat' dir='ltr'><strong>rges-.5.</strong></span> <span class='ocrx_word' id='word_1_957' title='bbox 523 5734 716 5787; x_wconf 88' lang='lat' dir='ltr'><strong>lhidem</strong></span> <span class='ocrx_word' id='word_1_958' title='bbox 761 5745 936 5787; x_wconf 84' lang='lat' dir='ltr'><strong>nostra</strong></span> <span class='ocrx_word' id='word_1_959' title='bbox 959 5731 1129 5787; x_wconf 49' lang='lat' dir='ltr'><strong>&#39;editio</strong></span> <span class='ocrx_word' id='word_1_960' title='bbox 1158 5731 1322 5788; x_wconf 81' lang='lat' dir='ltr'><strong>l’aris.</strong></span> <span class='ocrx_word' id='word_1_961' title='bbox 1368 5734 1642 5804; x_wconf 84' lang='grc' dir='ltr'><strong>ἀμήχανόν</strong></span> <span class='ocrx_word' id='word_1_962' title='bbox 1685 5735 1797 5786; x_wconf 90' lang='grc' dir='ltr'><strong>ἐστι</strong></span> <span class='ocrx_word' id='word_1_963' title='bbox 1906 5748 1921 5804; x_wconf 57' lang='grc' dir='ltr'>ξ</span> 
     </span>
    </p>
   </div>
   <div class='ocr_carea' id='block_1_114' title="bbox 1803 5731 3473 5804">
    <p class='ocr_par' dir='ltr' id='par_1_114' title="bbox 1906 5731 3473 5804">
     <span class='ocr_line' id='line_1_114' title="bbox 1906 5731 3473 5804; baseline 0.004 -23"><span class='ocrx_word' id='word_1_964' title='bbox 1906 5731 1998 5804; x_wconf 62' lang='grc' dir='ltr'><strong>καὶ</strong></span> <span class='ocrx_word' id='word_1_965' title='bbox 2037 5732 2104 5783; x_wconf 74' lang='grc' dir='ltr'><strong>τὰ</strong></span> <span class='ocrx_word' id='word_1_966' title='bbox 2157 5733 2370 5800; x_wconf 83' lang='grc' dir='ltr'><strong>ἀρχεῖα.</strong></span> <span class='ocrx_word' id='word_1_967' title='bbox 2417 5734 2554 5787; x_wconf 82' lang='lat' dir='ltr'><strong>Etliti</strong></span> <span class='ocrx_word' id='word_1_968' title='bbox 2587 5748 2710 5787; x_wconf 84' lang='lat' dir='ltr'><strong>vero</strong></span> <span class='ocrx_word' id='word_1_969' title='bbox 2743 5750 2862 5789; x_wconf 87' lang='lat' dir='ltr'><strong>cum</strong></span> <span class='ocrx_word' id='word_1_970' title='bbox 2908 5735 3087 5788; x_wconf 84' lang='lat' dir='ltr'><strong>multis</strong></span> <span class='ocrx_word' id='word_1_971' title='bbox 3119 5750 3248 5789; x_wconf 82' lang='lat' dir='ltr'><strong>mss.</strong></span> <span class='ocrx_word' id='word_1_972' title='bbox 3288 5731 3473 5788; x_wconf 61' lang='lat' dir='ltr'><strong>mito</strong></span> 
     </span>
    </p>
   </div>
   <div class='ocr_carea' id='block_1_115' title="bbox 252 5801 2108 5874">
    <p class='ocr_par' dir='ltr' id='par_1_115' title="bbox 252 5801 2108 5874">
     <span class='ocr_line' id='line_1_115' title="bbox 252 5801 2108 5874; baseline -0.002 -17"><span class='ocrx_word' id='word_1_973' title='bbox 252 5801 666 5874; x_wconf 48' lang='lat' dir='ltr'><strong>:‘ijmpn-ctxo-‘J;</strong></span> <span class='ocrx_word' id='word_1_974' title='bbox 701 5805 859 5872; x_wconf 78' lang='grc' dir='ltr'><strong>ὑμᾶς.</strong></span> <span class='ocrx_word' id='word_1_975' title='bbox 887 5803 1060 5859; x_wconf 81' lang='lat' dir='ltr'><strong>Editio</strong></span> <span class='ocrx_word' id='word_1_976' title='bbox 1095 5816 1216 5856; x_wconf 84' lang='lat' dir='ltr'><strong>vero</strong></span> <span class='ocrx_word' id='word_1_977' title='bbox 1265 5801 1424 5861; x_wconf 80' lang='lat' dir='ltr'><strong>Basil.</strong></span> <span class='ocrx_word' id='word_1_978' title='bbox 1467 5801 1588 5860; x_wconf 80' lang='lat' dir='ltr'><strong>cum</strong></span> <span class='ocrx_word' id='word_1_979' title='bbox 1618 5805 1799 5858; x_wconf 90' lang='lat' dir='ltr'><strong>multis</strong></span> <span class='ocrx_word' id='word_1_980' title='bbox 1906 5801 2108 5874; x_wconf 72' lang='grc' dir='ltr'><strong>ἄρχειν.</strong></span> 
     </span>
    </p>
   </div>
   <div class='ocr_carea' id='block_1_116' title="bbox 254 5871 3463 5945">
    <p class='ocr_par' dir='ltr' id='par_1_116' title="bbox 254 5871 3463 5945">
     <span class='ocr_line' id='line_1_116' title="bbox 254 5871 3463 5945; baseline -0 -16"><span class='ocrx_word' id='word_1_981' title='bbox 254 5871 390 5929; x_wconf 78' lang='lat' dir='ltr'><strong>mss.</strong></span> <span class='ocrx_word' id='word_1_982' title='bbox 418 5871 479 5926; x_wconf 83' lang='lat' dir='ltr'><strong>ut</strong></span> <span class='ocrx_word' id='word_1_983' title='bbox 501 5875 551 5928; x_wconf 89' lang='lat' dir='ltr'><strong>in</strong></span> <span class='ocrx_word' id='word_1_984' title='bbox 571 5871 837 5928; x_wconf 65' lang='lat' dir='ltr'><strong>centemu.</strong></span> <span class='ocrx_word' id='word_1_985' title='bbox 1975 5872 2084 5941; x_wconf 77' lang='lat'><strong>(9|)</strong></span> <span class='ocrx_word' id='word_1_986' title='bbox 2121 5871 2412 5928; x_wconf 83' lang='lat' dir='ltr'><strong>Colbertini</strong></span> <span class='ocrx_word' id='word_1_987' title='bbox 2441 5884 2664 5943; x_wconf 86' lang='lat' dir='ltr'><strong>quartus</strong></span> <span class='ocrx_word' id='word_1_988' title='bbox 2689 5883 2741 5930; x_wconf 87' lang='lat' dir='ltr'><strong>et</strong></span> <span class='ocrx_word' id='word_1_989' title='bbox 2783 5873 3003 5942; x_wconf 86' lang='lat' dir='ltr'><strong>quintus</strong></span> <span class='ocrx_word' id='word_1_990' title='bbox 3031 5875 3245 5945; x_wconf 79' lang='grc' dir='ltr'><strong>ἑκάστῳ</strong></span> <span class='ocrx_word' id='word_1_991' title='bbox 3280 5875 3463 5945; x_wconf 72' lang='grc' dir='ltr'><strong>ἡμῶν.</strong></span> 
     </span>
    </p>
   </div>
  </div>
