  <div class='ocr_page' id='page_1' title='image "/cluster/home/n/w/nwhite01/storage/ocr_20150623/29/uva.x004321530/659.png"; bbox 0 0 4230 6528; ppageno 0'>
   <div class='ocr_carea' id='block_1_1' title="bbox 767 457 872 512">
    <p class='ocr_par' dir='ltr' id='par_1_1' title="bbox 767 457 872 512">
     <span class='ocr_line' id='line_1_1' title="bbox 767 457 872 512; baseline -0.019 -2"><span class='ocrx_word' id='word_1_1' title='bbox 767 457 872 512; x_wconf 68' lang='grc' dir='ltr'><strong>ΗΞ)</strong></span> 
     </span>
    </p>
   </div>
   <div class='ocr_carea' id='block_1_2' title="bbox 2073 453 2663 510">
    <p class='ocr_par' dir='ltr' id='par_1_2' title="bbox 2073 453 2663 510">
     <span class='ocr_line' id='line_1_2' title="bbox 2073 453 2663 510; baseline 0.007 -5"><span class='ocrx_word' id='word_1_2' title='bbox 2073 455 2127 506; x_wconf 83' lang='lat' dir='ltr'><strong>S.</strong></span> <span class='ocrx_word' id='word_1_3' title='bbox 2167 453 2410 508; x_wconf 71' lang='lat' dir='ltr'><strong>BASlLll</strong></span> <span class='ocrx_word' id='word_1_4' title='bbox 2454 454 2663 510; x_wconf 74' lang='lat' dir='ltr'><strong>MAGNI</strong></span> 
     </span>
    </p>
   </div>
   <div class='ocr_carea' id='block_1_3' title="bbox 3916 456 4016 510">
    <p class='ocr_par' dir='ltr' id='par_1_3' title="bbox 3916 456 4016 510">
     <span class='ocr_line' id='line_1_3' title="bbox 3916 456 4016 510; baseline 0.02 -2"><span class='ocrx_word' id='word_1_5' title='bbox 3916 456 4016 510; x_wconf 72' lang='grc'><strong>430</strong></span> 
     </span>
    </p>
   </div>
   <div class='ocr_carea' id='block_1_4' title="bbox 769 568 2439 642">
    <p class='ocr_par' dir='ltr' id='par_1_4' title="bbox 769 569 2439 638">
     <span class='ocr_line' id='line_1_4' title="bbox 769 569 2439 638; baseline 0 -16"><span class='ocrx_word' id='word_1_6' title='bbox 769 587 944 623; x_wconf 87' lang='lat' dir='ltr'><strong>rerum</strong></span> <span class='ocrx_word' id='word_1_7' title='bbox 967 579 1213 623; x_wconf 74' lang='lat' dir='ltr'><strong>naturam</strong></span> <span class='ocrx_word' id='word_1_8' title='bbox 1246 569 1554 625; x_wconf 90' lang='lat' dir='ltr'><strong>discernere</strong></span> <span class='ocrx_word' id='word_1_9' title='bbox 1589 583 1648 622; x_wconf 92' lang='lat' dir='ltr'><strong>ac</strong></span> <span class='ocrx_word' id='word_1_10' title='bbox 1683 569 1930 638; x_wconf 87' lang='lat' dir='ltr'><strong>judicare</strong></span> <span class='ocrx_word' id='word_1_11' title='bbox 1949 578 2131 635; x_wconf 90' lang='lat' dir='ltr'><strong>queat.</strong></span> <span class='ocrx_word' id='word_1_12' title='bbox 2173 569 2332 624; x_wconf 78' lang='grc' dir='ltr'><strong>Ροευὶ</strong></span> <span class='ocrx_word' id='word_1_13' title='bbox 2364 576 2406 630; x_wconf 78' lang='grc' dir='ltr'>Α</span> <span class='ocrx_word' id='word_1_14' title='bbox 2438 597 2439 600; x_wconf 58' lang='grc' dir='ltr'><strong>η</strong></span> 
     </span>
    </p>
   </div>
   <div class='ocr_carea' id='block_1_5' title="bbox 2346 568 4016 642">
    <p class='ocr_par' dir='ltr' id='par_1_5' title="bbox 2364 568 4016 642">
     <span class='ocr_line' id='line_1_5' title="bbox 2364 568 4016 642; baseline 0.002 -20"><span class='ocrx_word' id='word_1_15' title='bbox 2364 576 2406 630; x_wconf 78' lang='grc' dir='ltr'>Α</span> <span class='ocrx_word' id='word_1_16' title='bbox 2438 571 2586 642; x_wconf 75' lang='grc' dir='ltr'>παρὰ</span> <span class='ocrx_word' id='word_1_17' title='bbox 2636 571 2727 624; x_wconf 87' lang='grc' dir='ltr'><strong>τοῦ</strong></span> <span class='ocrx_word' id='word_1_18' title='bbox 2777 569 3054 631; x_wconf 77' lang='grc' dir='ltr'>κτίσαντος</span> <span class='ocrx_word' id='word_1_19' title='bbox 3086 569 3230 640; x_wconf 76' lang='grc' dir='ltr'>ἡμᾶς</span> <span class='ocrx_word' id='word_1_20' title='bbox 3258 568 3810 636; x_wconf 72' lang='grc' dir='ltr'>ὲγκατασκευασθεὶς,</span> <span class='ocrx_word' id='word_1_21' title='bbox 3852 570 3939 638; x_wconf 67' lang='grc' dir='ltr'><strong>ἐφ’</strong></span> <span class='ocrx_word' id='word_1_22' title='bbox 3961 569 4016 627; x_wconf 70' lang='grc' dir='ltr'>οὗ</span> 
     </span>
    </p>
   </div>
   <div class='ocr_carea' id='block_1_6' title="bbox 767 662 2335 728">
    <p class='ocr_par' dir='ltr' id='par_1_6' title="bbox 767 662 2335 728">
     <span class='ocr_line' id='line_1_6' title="bbox 767 662 2335 728; baseline 0.002 -14"><span class='ocrx_word' id='word_1_23' title='bbox 767 672 885 716; x_wconf 85' lang='lat' dir='ltr'><strong>ante</strong></span> <span class='ocrx_word' id='word_1_24' title='bbox 919 674 1061 715; x_wconf 88' lang='lat' dir='ltr'><strong>(nam</strong></span> <span class='ocrx_word' id='word_1_25' title='bbox 1105 662 1292 728; x_wconf 80' lang='lat' dir='ltr'><strong>[aciem</strong></span> <span class='ocrx_word' id='word_1_26' title='bbox 1335 665 1497 716; x_wconf 84' lang='lat' dir='ltr'><strong>vitam</strong></span> <span class='ocrx_word' id='word_1_27' title='bbox 1550 673 1594 713; x_wconf 86' lang='lat' dir='ltr'><strong>et</strong></span> <span class='ocrx_word' id='word_1_28' title='bbox 1641 672 1876 727; x_wconf 85' lang='lat' dir='ltr'><strong>mortem,</strong></span> <span class='ocrx_word' id='word_1_29' title='bbox 1913 663 2100 714; x_wconf 89' lang='lat' dir='ltr'><strong>bonum</strong></span> <span class='ocrx_word' id='word_1_30' title='bbox 2141 673 2187 717; x_wconf 90' lang='lat' dir='ltr'><strong>et</strong></span> <span class='ocrx_word' id='word_1_31' title='bbox 2226 680 2335 717; x_wconf 85' lang='lat' dir='ltr'><strong>nta-</strong></span> 
     </span>
    </p>
   </div>
   <div class='ocr_carea' id='block_1_7' title="bbox 787 754 2335 822">
    <p class='ocr_par' dir='ltr' id='par_1_7' title="bbox 787 754 2335 822">
     <span class='ocr_line' id='line_1_7' title="bbox 787 754 2335 822; baseline 0.001 -15"><span class='ocrx_word' id='word_1_32' title='bbox 787 773 870 807; x_wconf 89' lang='lat' dir='ltr'><strong>um</strong></span> <span class='ocrx_word' id='word_1_33' title='bbox 893 756 957 816; x_wconf 64' lang='lat'><strong>3“,</strong></span> <span class='ocrx_word' id='word_1_34' title='bbox 1005 756 1139 808; x_wconf 89' lang='lat' dir='ltr'><strong>duas</strong></span> <span class='ocrx_word' id='word_1_35' title='bbox 1184 766 1407 808; x_wconf 85' lang='lat' dir='ltr'><strong>naturas</strong></span> <span class='ocrx_word' id='word_1_36' title='bbox 1465 754 1565 807; x_wconf 80' lang='lat' dir='ltr'><strong>sibi</strong></span> <span class='ocrx_word' id='word_1_37' title='bbox 1616 754 1844 808; x_wconf 78' lang='lat' dir='ltr'><strong>invicem</strong></span> <span class='ocrx_word' id='word_1_38' title='bbox 1893 757 2206 822; x_wconf 88' lang='lat' dir='ltr'><strong>oppositas:</strong></span> <span class='ocrx_word' id='word_1_39' title='bbox 2239 771 2335 808; x_wconf 82' lang='lat' dir='ltr'><strong>ex-</strong></span> 
     </span>
    </p>
   </div>
   <div class='ocr_carea' id='block_1_8' title="bbox 767 845 2337 914">
    <p class='ocr_par' dir='ltr' id='par_1_8' title="bbox 767 845 2337 914">
     <span class='ocr_line' id='line_1_8' title="bbox 767 845 2337 914; baseline 0.003 -18"><span class='ocrx_word' id='word_1_40' title='bbox 767 848 938 913; x_wconf 81' lang='lat' dir='ltr'><strong>pende</strong></span> <span class='ocrx_word' id='word_1_41' title='bbox 979 845 1122 914; x_wconf 81' lang='lat' dir='ltr'><strong>ipsas</strong></span> <span class='ocrx_word' id='word_1_42' title='bbox 1167 847 1216 900; x_wconf 93' lang='lat' dir='ltr'><strong>in</strong></span> <span class='ocrx_word' id='word_1_43' title='bbox 1267 857 1356 899; x_wconf 90' lang='lat' dir='ltr'><strong>tuo</strong></span> <span class='ocrx_word' id='word_1_44' title='bbox 1395 846 1562 914; x_wconf 79' lang='lat' dir='ltr'><strong>Ipsius</strong></span> <span class='ocrx_word' id='word_1_45' title='bbox 1609 847 1865 900; x_wconf 86' lang='lat' dir='ltr'><strong>tribunali</strong></span> <span class='ocrx_word' id='word_1_46' title='bbox 1898 864 1910 898; x_wconf 91' lang='lat'><strong>:</strong></span> <span class='ocrx_word' id='word_1_47' title='bbox 1943 850 2180 914; x_wconf 91' lang='lat' dir='ltr'><strong>pondera</strong></span> <span class='ocrx_word' id='word_1_48' title='bbox 2217 848 2337 901; x_wconf 91' lang='lat' dir='ltr'><strong>dili-</strong></span> 
     </span>
    </p>
   </div>
   <div class='ocr_carea' id='block_1_9' title="bbox 764 938 2334 1009">
    <p class='ocr_par' dir='ltr' id='par_1_9' title="bbox 764 938 2334 1009">
     <span class='ocr_line' id='line_1_9' title="bbox 764 938 2334 1009; baseline 0.002 -20"><span class='ocrx_word' id='word_1_49' title='bbox 764 947 952 1006; x_wconf 77' lang='lat' dir='ltr'><strong>genter</strong></span> <span class='ocrx_word' id='word_1_50' title='bbox 997 941 1122 1009; x_wconf 90' lang='lat' dir='ltr'><strong>quid</strong></span> <span class='ocrx_word' id='word_1_51' title='bbox 1172 940 1242 991; x_wconf 88' lang='lat' dir='ltr'><strong>sit.</strong></span> <span class='ocrx_word' id='word_1_52' title='bbox 1281 939 1374 991; x_wconf 89' lang='lat' dir='ltr'><strong>tibi</strong></span> <span class='ocrx_word' id='word_1_53' title='bbox 1428 938 1844 1002; x_wconf 89' lang='lat' dir='ltr'><strong>conducibilius,</strong></span> <span class='ocrx_word' id='word_1_54' title='bbox 1885 949 2062 994; x_wconf 89' lang='lat' dir='ltr'><strong>utrum</strong></span> <span class='ocrx_word' id='word_1_55' title='bbox 2125 951 2334 1006; x_wconf 89' lang='lat' dir='ltr'><strong>tempo-</strong></span> 
     </span>
    </p>
   </div>
   <div class='ocr_carea' id='block_1_10' title="bbox 767 1029 2336 1098">
    <p class='ocr_par' dir='ltr' id='par_1_10' title="bbox 767 1029 2336 1098">
     <span class='ocr_line' id='line_1_10' title="bbox 767 1029 2336 1098; baseline 0 -18"><span class='ocrx_word' id='word_1_56' title='bbox 767 1030 960 1091; x_wconf 81' lang='lat' dir='ltr'><strong>rariam</strong></span> <span class='ocrx_word' id='word_1_57' title='bbox 1009 1031 1206 1098; x_wconf 79' lang='lat' dir='ltr'><strong>eligere</strong></span> <span class='ocrx_word' id='word_1_58' title='bbox 1250 1029 1607 1096; x_wconf 79' lang='lat' dir='ltr'><strong>voluptatem,</strong></span> <span class='ocrx_word' id='word_1_59' title='bbox 1663 1037 1715 1082; x_wconf 82' lang='lat' dir='ltr'><strong>et</strong></span> <span class='ocrx_word' id='word_1_60' title='bbox 1779 1045 1873 1097; x_wconf 85' lang='lat' dir='ltr'><strong>per</strong></span> <span class='ocrx_word' id='word_1_61' title='bbox 1914 1044 2030 1083; x_wconf 89' lang='lat' dir='ltr'><strong>eam</strong></span> <span class='ocrx_word' id='word_1_62' title='bbox 2090 1030 2336 1098; x_wconf 79' lang='lat' dir='ltr'><strong>accipere</strong></span> 
     </span>
    </p>
   </div>
   <div class='ocr_carea' id='block_1_11' title="bbox 761 1120 2332 1176">
    <p class='ocr_par' dir='ltr' id='par_1_11' title="bbox 761 1120 2332 1176">
     <span class='ocr_line' id='line_1_11' title="bbox 761 1120 2332 1176; baseline -0.001 -1"><span class='ocrx_word' id='word_1_63' title='bbox 761 1130 1017 1175; x_wconf 70' lang='lat' dir='ltr'><strong>mternam</strong></span> <span class='ocrx_word' id='word_1_64' title='bbox 1051 1132 1399 1176; x_wconf 79' lang='lat' dir='ltr'><strong>mortemzan</strong></span> <span class='ocrx_word' id='word_1_65' title='bbox 1443 1124 1492 1176; x_wconf 94' lang='lat' dir='ltr'><strong>in</strong></span> <span class='ocrx_word' id='word_1_66' title='bbox 1531 1123 1746 1174; x_wconf 73' lang='lat' dir='ltr'><strong>virtutis</strong></span> <span class='ocrx_word' id='word_1_67' title='bbox 1791 1123 2050 1176; x_wconf 83' lang='lat' dir='ltr'><strong>exercitio</strong></span> <span class='ocrx_word' id='word_1_68' title='bbox 2086 1120 2332 1175; x_wconf 83' lang='lat' dir='ltr'><strong>alllictio-</strong></span> 
     </span>
    </p>
   </div>
   <div class='ocr_carea' id='block_1_12' title="bbox 764 1214 2336 1281">
    <p class='ocr_par' dir='ltr' id='par_1_12' title="bbox 764 1214 2336 1281">
     <span class='ocr_line' id='line_1_12' title="bbox 764 1214 2336 1281; baseline 0.002 -18"><span class='ocrx_word' id='word_1_69' title='bbox 764 1228 880 1267; x_wconf 83' lang='lat' dir='ltr'><strong>nent</strong></span> <span class='ocrx_word' id='word_1_70' title='bbox 923 1214 1140 1281; x_wconf 84' lang='lat' dir='ltr'><strong>eligere,</strong></span> <span class='ocrx_word' id='word_1_71' title='bbox 1181 1223 1234 1266; x_wconf 89' lang='lat' dir='ltr'><strong>et</strong></span> <span class='ocrx_word' id='word_1_72' title='bbox 1269 1214 1412 1269; x_wconf 86' lang='lat' dir='ltr'><strong>illius</strong></span> <span class='ocrx_word' id='word_1_73' title='bbox 1453 1229 1556 1281; x_wconf 88' lang='lat' dir='ltr'><strong>ope</strong></span> <span class='ocrx_word' id='word_1_74' title='bbox 1607 1214 1829 1268; x_wconf 82' lang='lat' dir='ltr'><strong>delicias</strong></span> <span class='ocrx_word' id='word_1_75' title='bbox 1875 1227 2106 1268; x_wconf 69' lang='lat' dir='ltr'><strong>aeternas</strong></span> <span class='ocrx_word' id='word_1_76' title='bbox 2145 1228 2336 1266; x_wconf 80' lang='lat' dir='ltr'><strong>conse-</strong></span> 
     </span>
    </p>
   </div>
   <div class='ocr_carea' id='block_1_13' title="bbox 761 1304 2334 1376">
    <p class='ocr_par' dir='ltr' id='par_1_13' title="bbox 761 1304 2334 1376">
     <span class='ocr_line' id='line_1_13' title="bbox 761 1304 2334 1376; baseline 0.001 -23"><span class='ocrx_word' id='word_1_77' title='bbox 761 1304 1196 1373; x_wconf 61' lang='lat' dir='ltr'><strong>qui?.‘tlendacots</strong></span> <span class='ocrx_word' id='word_1_78' title='bbox 1229 1307 1393 1376; x_wconf 86' lang='lat' dir='ltr'><strong>igitur</strong></span> <span class='ocrx_word' id='word_1_79' title='bbox 1439 1316 1566 1359; x_wconf 93' lang='lat' dir='ltr'><strong>sunt</strong></span> <span class='ocrx_word' id='word_1_80' title='bbox 1619 1306 1889 1368; x_wconf 83' lang='lat' dir='ltr'><strong>homines,</strong></span> <span class='ocrx_word' id='word_1_81' title='bbox 1947 1314 2199 1372; x_wconf 81' lang='lat' dir='ltr'><strong>corrupta</strong></span> <span class='ocrx_word' id='word_1_82' title='bbox 2241 1305 2334 1357; x_wconf 86' lang='lat' dir='ltr'><strong>lta-</strong></span> 
     </span>
    </p>
   </div>
   <div class='ocr_carea' id='block_1_14' title="bbox 762 1391 2331 1465">
    <p class='ocr_par' dir='ltr' id='par_1_14' title="bbox 762 1391 2331 1465">
     <span class='ocr_line' id='line_1_14' title="bbox 762 1391 2331 1465; baseline 0.001 -17"><span class='ocrx_word' id='word_1_83' title='bbox 762 1397 949 1450; x_wconf 82' lang='lat' dir='ltr'><strong>ln-ntes</strong></span> <span class='ocrx_word' id='word_1_84' title='bbox 1006 1398 1199 1453; x_wconf 67' lang='lat' dir='ltr'><strong>anima:</strong></span> <span class='ocrx_word' id='word_1_85' title='bbox 1243 1399 1449 1465; x_wconf 75' lang='lat' dir='ltr'><strong>judicia</strong></span> <span class='ocrx_word' id='word_1_86' title='bbox 1496 1412 1509 1449; x_wconf 89' lang='lat'><strong>:</strong></span> <span class='ocrx_word' id='word_1_87' title='bbox 1549 1411 1775 1465; x_wconf 88' lang='lat' dir='ltr'><strong>quorum</strong></span> <span class='ocrx_word' id='word_1_88' title='bbox 1825 1400 1986 1452; x_wconf 83' lang='lat' dir='ltr'><strong>etiam</strong></span> <span class='ocrx_word' id='word_1_89' title='bbox 2035 1391 2331 1451; x_wconf 74' lang='lat' dir='ltr'><strong>&#39;tniseretur</strong></span> 
     </span>
    </p>
   </div>
   <div class='ocr_carea' id='block_1_15' title="bbox 762 1487 2332 1559">
    <p class='ocr_par' dir='ltr' id='par_1_15' title="bbox 762 1487 2332 1559">
     <span class='ocr_line' id='line_1_15' title="bbox 762 1487 2332 1559; baseline 0.001 -19"><span class='ocrx_word' id='word_1_90' title='bbox 762 1487 1021 1557; x_wconf 79' lang='lat' dir='ltr'><strong>Propheta</strong></span> <span class='ocrx_word' id='word_1_91' title='bbox 1063 1493 1241 1545; x_wconf 79' lang='lat' dir='ltr'><strong>dicens</strong></span> <span class='ocrx_word' id='word_1_92' title='bbox 1275 1509 1285 1542; x_wconf 92' lang='lat'>:</span> <span class='ocrx_word' id='word_1_93' title='bbox 1326 1488 1436 1552; x_wconf 62' lang='lat' dir='ltr'><strong>Var,</strong></span> <span class='ocrx_word' id='word_1_94' title='bbox 1468 1491 1557 1559; x_wconf 81' lang='lat' dir='ltr'><strong>qui</strong></span> <span class='ocrx_word' id='word_1_95' title='bbox 1591 1493 1768 1544; x_wconf 80' lang='lat' dir='ltr'><strong>dicunt</strong></span> <span class='ocrx_word' id='word_1_96' title='bbox 1795 1491 2032 1543; x_wconf 80' lang='lat' dir='ltr'><strong>tenebras</strong></span> <span class='ocrx_word' id='word_1_97' title='bbox 2068 1490 2254 1551; x_wconf 85' lang='lat' dir='ltr'><strong>lucem,</strong></span> <span class='ocrx_word' id='word_1_98' title='bbox 2286 1500 2332 1545; x_wconf 88' lang='lat' dir='ltr'><strong>et</strong></span> 
     </span>
    </p>
   </div>
   <div class='ocr_carea' id='block_1_16' title="bbox 757 1582 2334 1650">
    <p class='ocr_par' dir='ltr' id='par_1_16' title="bbox 757 1582 2334 1650">
     <span class='ocr_line' id='line_1_16' title="bbox 757 1582 2334 1650; baseline 0.002 -17"><span class='ocrx_word' id='word_1_99' title='bbox 757 1582 920 1636; x_wconf 86' lang='lat' dir='ltr'><strong>lucem</strong></span> <span class='ocrx_word' id='word_1_100' title='bbox 961 1587 1193 1638; x_wconf 78' lang='lat' dir='ltr'><strong>tenebras</strong></span> <span class='ocrx_word' id='word_1_101' title='bbox 1228 1601 1244 1636; x_wconf 91' lang='lat'><strong><em>:</em></strong></span> <span class='ocrx_word' id='word_1_102' title='bbox 1274 1587 1360 1650; x_wconf 82' lang='lat' dir='ltr'><strong>qui</strong></span> <span class='ocrx_word' id='word_1_103' title='bbox 1400 1585 1580 1638; x_wconf 82' lang='lat' dir='ltr'><strong>dicunt</strong></span> <span class='ocrx_word' id='word_1_104' title='bbox 1616 1601 1856 1639; x_wconf 84' lang='lat' dir='ltr'><strong>amarunt</strong></span> <span class='ocrx_word' id='word_1_105' title='bbox 1888 1585 2057 1648; x_wconf 79' lang='lat' dir='ltr'><strong>dulce,</strong></span> <span class='ocrx_word' id='word_1_106' title='bbox 2091 1591 2140 1636; x_wconf 82' lang='lat' dir='ltr'><strong>et</strong></span> <span class='ocrx_word' id='word_1_107' title='bbox 2184 1584 2334 1636; x_wconf 85' lang='lat' dir='ltr'><strong>dulce</strong></span> 
     </span>
    </p>
   </div>
   <div class='ocr_carea' id='block_1_17' title="bbox 758 1674 2330 1744">
    <p class='ocr_par' dir='ltr' id='par_1_17' title="bbox 758 1674 2330 1744">
     <span class='ocr_line' id='line_1_17' title="bbox 758 1674 2330 1744; baseline 0.001 -18"><span class='ocrx_word' id='word_1_108' title='bbox 758 1691 995 1728; x_wconf 84' lang='lat' dir='ltr'><strong>amarum</strong></span> <span class='ocrx_word' id='word_1_109' title='bbox 1021 1677 1084 1728; x_wconf 72' lang='grc'>³³.</span> <span class='ocrx_word' id='word_1_110' title='bbox 1139 1674 1283 1738; x_wconf 65' lang='lat' dir='ltr'><strong>Alibi,</strong></span> <span class='ocrx_word' id='word_1_111' title='bbox 1327 1676 1521 1742; x_wconf 90' lang='lat' dir='ltr'><strong>inquit,</strong></span> <span class='ocrx_word' id='word_1_112' title='bbox 1566 1686 1763 1744; x_wconf 76' lang='lat' dir='ltr'><strong>przesto</strong></span> <span class='ocrx_word' id='word_1_113' title='bbox 1809 1684 1932 1729; x_wconf 87' lang='lat' dir='ltr'><strong>sunt</strong></span> <span class='ocrx_word' id='word_1_114' title='bbox 1987 1674 2273 1742; x_wconf 81' lang='lat' dir='ltr'><strong>praesentia</strong></span> <span class='ocrx_word' id='word_1_115' title='bbox 2316 1691 2330 1735; x_wconf 86' lang='lat'><strong>;</strong></span> 
     </span>
    </p>
   </div>
   <div class='ocr_carea' id='block_1_18' title="bbox 757 1767 2330 1837">
    <p class='ocr_par' dir='ltr' id='par_1_18' title="bbox 757 1767 2330 1837">
     <span class='ocr_line' id='line_1_18' title="bbox 757 1767 2330 1837; baseline 0.001 -18"><span class='ocrx_word' id='word_1_116' title='bbox 757 1767 877 1835; x_wconf 86' lang='lat' dir='ltr'><strong>quis</strong></span> <span class='ocrx_word' id='word_1_117' title='bbox 920 1782 1042 1820; x_wconf 84' lang='lat' dir='ltr'><strong>vero</strong></span> <span class='ocrx_word' id='word_1_118' title='bbox 1075 1767 1222 1821; x_wconf 88' lang='lat' dir='ltr'><strong>novit</strong></span> <span class='ocrx_word' id='word_1_119' title='bbox 1271 1768 1449 1822; x_wconf 79' lang='lat' dir='ltr'><strong>futura</strong></span> <span class='ocrx_word' id='word_1_120' title='bbox 1481 1771 1504 1820; x_wconf 87' lang='lat'><strong>?</strong></span> <span class='ocrx_word' id='word_1_121' title='bbox 1542 1769 1675 1821; x_wconf 84' lang='lat' dir='ltr'><strong>Male</strong></span> <span class='ocrx_word' id='word_1_122' title='bbox 1722 1768 2012 1837; x_wconf 81' lang='lat' dir='ltr'><strong>ponderas,</strong></span> <span class='ocrx_word' id='word_1_123' title='bbox 2038 1783 2157 1820; x_wconf 93' lang='lat' dir='ltr'><strong>cum</strong></span> <span class='ocrx_word' id='word_1_124' title='bbox 2196 1767 2330 1821; x_wconf 80' lang='lat' dir='ltr'><strong>mala</strong></span> 
     </span>
    </p>
   </div>
   <div class='ocr_carea' id='block_1_19' title="bbox 756 1858 2330 1928">
    <p class='ocr_par' dir='ltr' id='par_1_19' title="bbox 756 1858 2330 1928">
     <span class='ocr_line' id='line_1_19' title="bbox 756 1858 2330 1928; baseline 0.001 -18"><span class='ocrx_word' id='word_1_125' title='bbox 756 1858 909 1911; x_wconf 89' lang='lat' dir='ltr'><strong>bouis</strong></span> <span class='ocrx_word' id='word_1_126' title='bbox 935 1858 1208 1926; x_wconf 80' lang='lat' dir='ltr'><strong>pra-feras,</strong></span> <span class='ocrx_word' id='word_1_127' title='bbox 1241 1877 1374 1915; x_wconf 88' lang='lat' dir='ltr'><strong>vana</strong></span> <span class='ocrx_word' id='word_1_128' title='bbox 1413 1859 1555 1913; x_wconf 91' lang='lat' dir='ltr'><strong>veris</strong></span> <span class='ocrx_word' id='word_1_129' title='bbox 1598 1861 1765 1914; x_wconf 88' lang='lat' dir='ltr'><strong>ducas</strong></span> <span class='ocrx_word' id='word_1_130' title='bbox 1798 1861 2027 1928; x_wconf 83' lang='lat' dir='ltr'><strong>potiora,</strong></span> <span class='ocrx_word' id='word_1_131' title='bbox 2059 1870 2330 1927; x_wconf 85' lang='lat' dir='ltr'><strong>tempora-</strong></span> 
     </span>
    </p>
   </div>
   <div class='ocr_carea' id='block_1_20' title="bbox 754 1948 2329 2019">
    <p class='ocr_par' dir='ltr' id='par_1_20' title="bbox 754 1948 2329 2019">
     <span class='ocr_line' id='line_1_20' title="bbox 754 1948 2329 2019; baseline 0.002 -18"><span class='ocrx_word' id='word_1_132' title='bbox 754 1948 822 2001; x_wconf 93' lang='lat' dir='ltr'><strong>lia</strong></span> <span class='ocrx_word' id='word_1_133' title='bbox 875 1951 1092 2004; x_wconf 57' lang='lat' dir='ltr'><strong>aeternis</strong></span> <span class='ocrx_word' id='word_1_134' title='bbox 1127 1962 1445 2019; x_wconf 85' lang='lat' dir='ltr'><strong>anteponas,</strong></span> <span class='ocrx_word' id='word_1_135' title='bbox 1477 1952 1802 2019; x_wconf 75' lang='lat' dir='ltr'><strong>voluptatem</strong></span> <span class='ocrx_word' id='word_1_136' title='bbox 1835 1950 2032 2003; x_wconf 81' lang='lat' dir='ltr'><strong>ﬂuxam</strong></span> <span class='ocrx_word' id='word_1_137' title='bbox 2066 1965 2162 2019; x_wconf 91' lang='lat' dir='ltr'><strong>pro</strong></span> <span class='ocrx_word' id='word_1_138' title='bbox 2197 1949 2329 2004; x_wconf 69' lang='lat' dir='ltr'><strong>laeti-</strong></span> 
     </span>
    </p>
   </div>
   <div class='ocr_carea' id='block_1_21' title="bbox 755 2041 2326 2114">
    <p class='ocr_par' dir='ltr' id='par_1_21' title="bbox 755 2041 2326 2114">
     <span class='ocr_line' id='line_1_21' title="bbox 755 2041 2326 2114; baseline 0.001 -21"><span class='ocrx_word' id='word_1_139' title='bbox 755 2041 824 2093; x_wconf 88' lang='lat' dir='ltr'><strong>tia</strong></span> <span class='ocrx_word' id='word_1_140' title='bbox 868 2053 1118 2111; x_wconf 83' lang='lat' dir='ltr'><strong>perpetua</strong></span> <span class='ocrx_word' id='word_1_141' title='bbox 1167 2059 1227 2094; x_wconf 87' lang='lat' dir='ltr'><strong>ac</strong></span> <span class='ocrx_word' id='word_1_142' title='bbox 1277 2043 1480 2110; x_wconf 80' lang='lat' dir='ltr'><strong>perpeti</strong></span> <span class='ocrx_word' id='word_1_143' title='bbox 1523 2043 1708 2110; x_wconf 81' lang='lat' dir='ltr'><strong>eligas.</strong></span> <span class='ocrx_word' id='word_1_144' title='bbox 1750 2041 2026 2096; x_wconf 80' lang='lat' dir='ltr'><strong>Mendaces</strong></span> <span class='ocrx_word' id='word_1_145' title='bbox 2070 2060 2192 2114; x_wconf 84' lang='lat' dir='ltr'><strong>ergo</strong></span> <span class='ocrx_word' id='word_1_146' title='bbox 2229 2043 2326 2112; x_wconf 81' lang='lat' dir='ltr'><strong>ﬁlii</strong></span> 
     </span>
    </p>
   </div>
   <div class='ocr_carea' id='block_1_22' title="bbox 750 2134 2326 2207">
    <p class='ocr_par' dir='ltr' id='par_1_22' title="bbox 750 2134 2326 2207">
     <span class='ocr_line' id='line_1_22' title="bbox 750 2134 2326 2207; baseline 0.003 -22"><span class='ocrx_word' id='word_1_147' title='bbox 750 2135 1015 2188; x_wconf 78' lang='lat' dir='ltr'><strong>hominum</strong></span> <span class='ocrx_word' id='word_1_148' title='bbox 1044 2137 1095 2187; x_wconf 84' lang='lat' dir='ltr'><strong>in</strong></span> <span class='ocrx_word' id='word_1_149' title='bbox 1129 2136 1339 2188; x_wconf 75' lang='lat' dir='ltr'><strong>stateris</strong></span> <span class='ocrx_word' id='word_1_150' title='bbox 1377 2135 1445 2188; x_wconf 82' lang='lat' dir='ltr'><strong>ad</strong></span> <span class='ocrx_word' id='word_1_151' title='bbox 1486 2134 1846 2203; x_wconf 76' lang='lat' dir='ltr'><strong>fraudandunt</strong></span> <span class='ocrx_word' id='word_1_152' title='bbox 1879 2136 2150 2192; x_wconf 77' lang='lat' dir='ltr'><strong>adhibitis.</strong></span> <span class='ocrx_word' id='word_1_153' title='bbox 2187 2137 2326 2207; x_wconf 84' lang='lat' dir='ltr'><strong>lnju-</strong></span> 
     </span>
    </p>
   </div>
   <div class='ocr_carea' id='block_1_23' title="bbox 753 2227 2326 2296">
    <p class='ocr_par' dir='ltr' id='par_1_23' title="bbox 753 2227 2326 2296">
     <span class='ocr_line' id='line_1_23' title="bbox 753 2227 2326 2296; baseline 0.001 -17"><span class='ocrx_word' id='word_1_154' title='bbox 753 2227 830 2280; x_wconf 87' lang='lat' dir='ltr'><strong>ria</strong></span> <span class='ocrx_word' id='word_1_155' title='bbox 860 2228 1096 2282; x_wconf 86' lang='lat' dir='ltr'><strong>alliciunt</strong></span> <span class='ocrx_word' id='word_1_156' title='bbox 1128 2228 1358 2280; x_wconf 86' lang='lat' dir='ltr'><strong>maxime</strong></span> <span class='ocrx_word' id='word_1_157' title='bbox 1399 2228 1614 2296; x_wconf 80' lang='lat' dir='ltr'><strong>quidem</strong></span> <span class='ocrx_word' id='word_1_158' title='bbox 1661 2242 1718 2280; x_wconf 89' lang='lat' dir='ltr'><strong>se</strong></span> <span class='ocrx_word' id='word_1_159' title='bbox 1769 2227 1935 2296; x_wconf 90' lang='lat' dir='ltr'><strong>ipsos,</strong></span> <span class='ocrx_word' id='word_1_160' title='bbox 1969 2228 2164 2282; x_wconf 90' lang='lat' dir='ltr'><strong>deinde</strong></span> <span class='ocrx_word' id='word_1_161' title='bbox 2198 2243 2326 2282; x_wconf 90' lang='lat' dir='ltr'><strong>vero</strong></span> 
     </span>
    </p>
   </div>
   <div class='ocr_carea' id='block_1_24' title="bbox 751 2319 2324 2389">
    <p class='ocr_par' dir='ltr' id='par_1_24' title="bbox 751 2319 2324 2389">
     <span class='ocr_line' id='line_1_24' title="bbox 751 2319 2324 2389; baseline 0.001 -17"><span class='ocrx_word' id='word_1_162' title='bbox 751 2319 1276 2389; x_wconf 81' lang='lat' dir='ltr'><strong>proximoszquippe</strong></span> <span class='ocrx_word' id='word_1_163' title='bbox 1311 2320 1402 2388; x_wconf 90' lang='lat' dir='ltr'><strong>qui</strong></span> <span class='ocrx_word' id='word_1_164' title='bbox 1427 2332 1478 2372; x_wconf 89' lang='lat' dir='ltr'><strong>et</strong></span> <span class='ocrx_word' id='word_1_165' title='bbox 1516 2319 1616 2373; x_wconf 86' lang='lat' dir='ltr'><strong>sibi</strong></span> <span class='ocrx_word' id='word_1_166' title='bbox 1640 2320 1767 2388; x_wconf 78' lang='lat' dir='ltr'><strong>ipsis</strong></span> <span class='ocrx_word' id='word_1_167' title='bbox 1803 2320 1854 2373; x_wconf 91' lang='lat' dir='ltr'><strong>in</strong></span> <span class='ocrx_word' id='word_1_168' title='bbox 1890 2319 2324 2375; x_wconf 87' lang='lat' dir='ltr'><strong>suisactiouibus</strong></span> 
     </span>
    </p>
   </div>
   <div class='ocr_carea' id='block_1_25' title="bbox 751 2411 2323 2482">
    <p class='ocr_par' dir='ltr' id='par_1_25' title="bbox 751 2411 2323 2482">
     <span class='ocr_line' id='line_1_25' title="bbox 751 2411 2323 2482; baseline 0 -18"><span class='ocrx_word' id='word_1_169' title='bbox 751 2411 888 2465; x_wconf 88' lang='lat' dir='ltr'><strong>male</strong></span> <span class='ocrx_word' id='word_1_170' title='bbox 919 2412 1225 2476; x_wconf 89' lang='lat' dir='ltr'><strong>consulunt,</strong></span> <span class='ocrx_word' id='word_1_171' title='bbox 1259 2422 1312 2467; x_wconf 88' lang='lat' dir='ltr'><strong>et</strong></span> <span class='ocrx_word' id='word_1_172' title='bbox 1348 2413 1469 2466; x_wconf 86' lang='lat' dir='ltr'><strong>aliis</strong></span> <span class='ocrx_word' id='word_1_173' title='bbox 1520 2421 1646 2466; x_wconf 90' lang='lat' dir='ltr'><strong>sunt</strong></span> <span class='ocrx_word' id='word_1_174' title='bbox 1690 2413 1939 2482; x_wconf 83' lang='lat' dir='ltr'><strong>exemplo</strong></span> <span class='ocrx_word' id='word_1_175' title='bbox 1994 2412 2156 2469; x_wconf 84' lang='lat' dir='ltr'><strong>malo.</strong></span> <span class='ocrx_word' id='word_1_176' title='bbox 2208 2412 2323 2466; x_wconf 85' lang='lat' dir='ltr'><strong>Non</strong></span> 
     </span>
    </p>
   </div>
   <div class='ocr_carea' id='block_1_26' title="bbox 750 2503 2326 2574">
    <p class='ocr_par' dir='ltr' id='par_1_26' title="bbox 750 2503 2326 2574">
     <span class='ocr_line' id='line_1_26' title="bbox 750 2503 2326 2574; baseline 0.001 -18"><span class='ocrx_word' id='word_1_177' title='bbox 750 2503 932 2558; x_wconf 88' lang='lat' dir='ltr'><strong>licebit</strong></span> <span class='ocrx_word' id='word_1_178' title='bbox 962 2504 1056 2559; x_wconf 89' lang='lat' dir='ltr'><strong>tibi</strong></span> <span class='ocrx_word' id='word_1_179' title='bbox 1103 2506 1285 2560; x_wconf 86' lang='lat' dir='ltr'><strong>dicere</strong></span> <span class='ocrx_word' id='word_1_180' title='bbox 1315 2507 1364 2560; x_wconf 91' lang='lat' dir='ltr'><strong>in</strong></span> <span class='ocrx_word' id='word_1_181' title='bbox 1400 2507 1485 2561; x_wconf 91' lang='lat' dir='ltr'><strong>die</strong></span> <span class='ocrx_word' id='word_1_182' title='bbox 1523 2506 1710 2574; x_wconf 81' lang='lat' dir='ltr'><strong>judicii</strong></span> <span class='ocrx_word' id='word_1_183' title='bbox 1744 2525 1757 2561; x_wconf 92' lang='lat'><strong>:</strong></span> <span class='ocrx_word' id='word_1_184' title='bbox 1793 2506 1910 2561; x_wconf 78' lang='lat' dir='ltr'><strong>Non</strong></span> <span class='ocrx_word' id='word_1_185' title='bbox 1943 2521 2198 2561; x_wconf 88' lang='lat' dir='ltr'><strong>noveram</strong></span> <span class='ocrx_word' id='word_1_186' title='bbox 2233 2506 2326 2558; x_wconf 88' lang='lat' dir='ltr'><strong>bo-</strong></span> 
     </span>
    </p>
   </div>
   <div class='ocr_carea' id='block_1_27' title="bbox 752 2596 2325 2669">
    <p class='ocr_par' dir='ltr' id='par_1_27' title="bbox 752 2596 2325 2669">
     <span class='ocr_line' id='line_1_27' title="bbox 752 2596 2325 2669; baseline -0.002 -17"><span class='ocrx_word' id='word_1_187' title='bbox 752 2613 896 2652; x_wconf 87' lang='lat' dir='ltr'><strong>num.</strong></span> <span class='ocrx_word' id='word_1_188' title='bbox 932 2596 1310 2666; x_wconf 88' lang='lat' dir='ltr'><strong>Proponuntur</strong></span> <span class='ocrx_word' id='word_1_189' title='bbox 1345 2599 1435 2652; x_wconf 91' lang='lat' dir='ltr'><strong>tibi</strong></span> <span class='ocrx_word' id='word_1_190' title='bbox 1466 2608 1569 2653; x_wconf 62' lang='lat' dir='ltr'><strong>tua</strong></span> <span class='ocrx_word' id='word_1_191' title='bbox 1598 2600 1766 2669; x_wconf 84' lang='lat' dir='ltr'><strong>ipsius</strong></span> <span class='ocrx_word' id='word_1_192' title='bbox 1791 2600 1994 2664; x_wconf 87' lang='lat' dir='ltr'><strong>lances,</strong></span> <span class='ocrx_word' id='word_1_193' title='bbox 2031 2600 2230 2653; x_wconf 90' lang='lat' dir='ltr'><strong>bonum</strong></span> <span class='ocrx_word' id='word_1_194' title='bbox 2263 2613 2325 2650; x_wconf 91' lang='lat' dir='ltr'><strong>ac</strong></span> 
     </span>
    </p>
   </div>
   <div class='ocr_carea' id='block_1_28' title="bbox 750 2689 2324 2762">
    <p class='ocr_par' dir='ltr' id='par_1_28' title="bbox 750 2689 2324 2762">
     <span class='ocr_line' id='line_1_28' title="bbox 750 2689 2324 2762; baseline 0.001 -21"><span class='ocrx_word' id='word_1_195' title='bbox 750 2691 947 2743; x_wconf 87' lang='lat' dir='ltr'><strong>malum</strong></span> <span class='ocrx_word' id='word_1_196' title='bbox 974 2689 1299 2746; x_wconf 82' lang='lat' dir='ltr'><strong>sullicienler</strong></span> <span class='ocrx_word' id='word_1_197' title='bbox 1326 2690 1722 2748; x_wconf 88' lang='lat' dir='ltr'><strong>discernentes.</strong></span> <span class='ocrx_word' id='word_1_198' title='bbox 1755 2689 1889 2746; x_wconf 85' lang='lat' dir='ltr'><strong>Nam</strong></span> <span class='ocrx_word' id='word_1_199' title='bbox 1922 2689 2168 2762; x_wconf 88' lang='lat' dir='ltr'><strong>corporis</strong></span> <span class='ocrx_word' id='word_1_200' title='bbox 2191 2704 2324 2759; x_wconf 92' lang='lat' dir='ltr'><strong>pou-</strong></span> 
     </span>
    </p>
   </div>
   <div class='ocr_carea' id='block_1_29' title="bbox 749 2783 2323 2854">
    <p class='ocr_par' dir='ltr' id='par_1_29' title="bbox 749 2783 2323 2854">
     <span class='ocr_line' id='line_1_29' title="bbox 749 2783 2323 2854; baseline 0.003 -22"><span class='ocrx_word' id='word_1_201' title='bbox 749 2784 874 2834; x_wconf 84' lang='lat' dir='ltr'><strong>dera</strong></span> <span class='ocrx_word' id='word_1_202' title='bbox 910 2798 974 2835; x_wconf 83' lang='lat' dir='ltr'><strong>ex</strong></span> <span class='ocrx_word' id='word_1_203' title='bbox 1011 2785 1224 2836; x_wconf 68' lang='lat' dir='ltr'><strong>trutinm</strong></span> <span class='ocrx_word' id='word_1_204' title='bbox 1258 2787 1544 2839; x_wconf 88' lang='lat' dir='ltr'><strong>momentis</strong></span> <span class='ocrx_word' id='word_1_205' title='bbox 1576 2788 1944 2840; x_wconf 82' lang='lat' dir='ltr'><strong>aestimamus:</strong></span> <span class='ocrx_word' id='word_1_206' title='bbox 1983 2786 2077 2840; x_wconf 91' lang='lat' dir='ltr'><strong>sed</strong></span> <span class='ocrx_word' id='word_1_207' title='bbox 2120 2799 2235 2854; x_wconf 60' lang='lat' dir='ltr'><strong>qua}</strong></span> <span class='ocrx_word' id='word_1_208' title='bbox 2273 2783 2323 2837; x_wconf 93' lang='lat' dir='ltr'><strong>iu</strong></span> 
     </span>
    </p>
   </div>
   <div class='ocr_carea' id='block_1_30' title="bbox 750 2872 2324 2940">
    <p class='ocr_par' dir='ltr' id='par_1_30' title="bbox 750 2872 2324 2940">
     <span class='ocr_line' id='line_1_30' title="bbox 750 2872 2324 2940; baseline 0.003 -17"><span class='ocrx_word' id='word_1_209' title='bbox 750 2872 855 2925; x_wconf 89' lang='lat' dir='ltr'><strong>vita</strong></span> <span class='ocrx_word' id='word_1_210' title='bbox 896 2873 1137 2940; x_wconf 77' lang='lat' dir='ltr'><strong>eligenda</strong></span> <span class='ocrx_word' id='word_1_211' title='bbox 1181 2884 1324 2938; x_wconf 89' lang='lat' dir='ltr'><strong>sunt,</strong></span> <span class='ocrx_word' id='word_1_212' title='bbox 1369 2874 1540 2930; x_wconf 89' lang='lat' dir='ltr'><strong>libero</strong></span> <span class='ocrx_word' id='word_1_213' title='bbox 1572 2876 1766 2929; x_wconf 70' lang='lat' dir='ltr'><strong>anima:</strong></span> <span class='ocrx_word' id='word_1_214' title='bbox 1817 2877 2044 2931; x_wconf 85' lang='lat' dir='ltr'><strong>arbitrio</strong></span> <span class='ocrx_word' id='word_1_215' title='bbox 2083 2877 2324 2930; x_wconf 87' lang='lat' dir='ltr'><strong>secerni-</strong></span> 
     </span>
    </p>
   </div>
   <div class='ocr_carea' id='block_1_31' title="bbox 750 2967 2324 3040">
    <p class='ocr_par' dir='ltr' id='par_1_31' title="bbox 750 2967 2324 3040">
     <span class='ocr_line' id='line_1_31' title="bbox 750 2967 2324 3040; baseline 0.004 -25"><span class='ocrx_word' id='word_1_216' title='bbox 750 2979 867 3017; x_wconf 91' lang='lat' dir='ltr'><strong>mus</strong></span> <span class='ocrx_word' id='word_1_217' title='bbox 910 2980 925 3016; x_wconf 89' lang='lat'><strong>:</strong></span> <span class='ocrx_word' id='word_1_218' title='bbox 975 2967 1116 3034; x_wconf 85' lang='lat' dir='ltr'><strong>quod</strong></span> <span class='ocrx_word' id='word_1_219' title='bbox 1157 2975 1211 3019; x_wconf 88' lang='lat' dir='ltr'><strong>et</strong></span> <span class='ocrx_word' id='word_1_220' title='bbox 1270 2977 1526 3022; x_wconf 80' lang='lat' dir='ltr'><strong>stateram</strong></span> <span class='ocrx_word' id='word_1_221' title='bbox 1581 2970 1916 3034; x_wconf 81' lang='lat' dir='ltr'><strong>nominavit,</strong></span> <span class='ocrx_word' id='word_1_222' title='bbox 1953 2971 2149 3040; x_wconf 88' lang='lat' dir='ltr'><strong>quippe</strong></span> <span class='ocrx_word' id='word_1_223' title='bbox 2199 2971 2324 3038; x_wconf 88' lang='lat' dir='ltr'><strong>quia</strong></span> 
     </span>
    </p>
   </div>
   <div class='ocr_carea' id='block_1_32' title="bbox 748 3059 2324 3134">
    <p class='ocr_par' dir='ltr' id='par_1_32' title="bbox 748 3059 2324 3134">
     <span class='ocr_line' id='line_1_32' title="bbox 748 3059 2324 3134; baseline 0.006 -24"><span class='ocrx_word' id='word_1_224' title='bbox 748 3059 1004 3126; x_wconf 60' lang='lat' dir='ltr'><strong>aequalem</strong></span> <span class='ocrx_word' id='word_1_225' title='bbox 1032 3059 1094 3112; x_wconf 90' lang='lat' dir='ltr'><strong>ad</strong></span> <span class='ocrx_word' id='word_1_226' title='bbox 1116 3068 1400 3129; x_wconf 90' lang='lat' dir='ltr'><strong>utrumque</strong></span> <span class='ocrx_word' id='word_1_227' title='bbox 1427 3062 1828 3118; x_wconf 88' lang='lat' dir='ltr'><strong>inclinationem</strong></span> <span class='ocrx_word' id='word_1_228' title='bbox 1861 3065 2100 3132; x_wconf 87' lang='lat' dir='ltr'><strong>recipere</strong></span> <span class='ocrx_word' id='word_1_229' title='bbox 2127 3072 2324 3134; x_wconf 89' lang='lat' dir='ltr'><strong>potest.</strong></span> 
     </span>
    </p>
   </div>
   <div class='ocr_carea' id='block_1_33' title="bbox 2436 658 4017 732">
    <p class='ocr_par' dir='ltr' id='par_1_33' title="bbox 2436 658 4017 732">
     <span class='ocr_line' id='line_1_33' title="bbox 2436 658 4017 732; baseline 0.001 -20"><span class='ocrx_word' id='word_1_230' title='bbox 2436 662 2533 732; x_wconf 82' lang='grc' dir='ltr'>τὴν</span> <span class='ocrx_word' id='word_1_231' title='bbox 2566 662 2724 729; x_wconf 77' lang='grc' dir='ltr'>φύσιν</span> <span class='ocrx_word' id='word_1_232' title='bbox 2766 660 2872 713; x_wconf 84' lang='grc' dir='ltr'><strong>τῶν</strong></span> <span class='ocrx_word' id='word_1_233' title='bbox 2918 660 3256 729; x_wconf 79' lang='grc' dir='ltr'><strong>πραγμάτων</strong></span> <span class='ocrx_word' id='word_1_234' title='bbox 3296 658 3520 712; x_wconf 77' lang='grc' dir='ltr'>δυνατὸν</span> <span class='ocrx_word' id='word_1_235' title='bbox 3576 661 3691 710; x_wconf 79' lang='grc' dir='ltr'>ἐστι</span> <span class='ocrx_word' id='word_1_236' title='bbox 3743 660 4017 728; x_wconf 71' lang='grc' dir='ltr'>διακρίνε-</span> 
     </span>
    </p>
   </div>
   <div class='ocr_carea' id='block_1_34' title="bbox 2439 748 4016 817">
    <p class='ocr_par' dir='ltr' id='par_1_34' title="bbox 2439 748 4016 817">
     <span class='ocr_line' id='line_1_34' title="bbox 2439 748 4016 817; baseline 0.001 -14"><span class='ocrx_word' id='word_1_237' title='bbox 2439 751 2580 804; x_wconf 83' lang='grc' dir='ltr'>σθαι.</span> <span class='ocrx_word' id='word_1_238' title='bbox 2603 753 2826 817; x_wconf 78' lang='grc' dir='ltr'>Ἔθηκα</span> <span class='ocrx_word' id='word_1_239' title='bbox 2857 750 2969 817; x_wconf 81' lang='grc' dir='ltr'>πρὸ</span> <span class='ocrx_word' id='word_1_240' title='bbox 2991 749 3313 816; x_wconf 76' lang='grc' dir='ltr'><strong>προσώπου</strong></span> <span class='ocrx_word' id='word_1_241' title='bbox 3332 765 3447 804; x_wconf 82' lang='grc' dir='ltr'><strong>σου</strong></span> <span class='ocrx_word' id='word_1_242' title='bbox 3467 748 3582 815; x_wconf 71' lang='grc' dir='ltr'><strong>τὴν</strong></span> <span class='ocrx_word' id='word_1_243' title='bbox 3603 748 3758 816; x_wconf 62' lang='grc' dir='ltr'><strong>ζωὴν</strong></span> <span class='ocrx_word' id='word_1_244' title='bbox 3787 753 3887 804; x_wconf 76' lang='grc' dir='ltr'>καὶ</span> <span class='ocrx_word' id='word_1_245' title='bbox 3916 753 4016 804; x_wconf 72' lang='grc' dir='ltr'><strong>τὸν</strong></span> 
     </span>
    </p>
   </div>
   <div class='ocr_carea' id='block_1_35' title="bbox 2437 839 4014 911">
    <p class='ocr_par' dir='ltr' id='par_1_35' title="bbox 2437 839 4014 911">
     <span class='ocr_line' id='line_1_35' title="bbox 2437 839 4014 911; baseline -0.001 -16"><span class='ocrx_word' id='word_1_246' title='bbox 2437 843 2714 905; x_wconf 76' lang='grc' dir='ltr'>θάνατον,</span> <span class='ocrx_word' id='word_1_247' title='bbox 2758 843 2822 896; x_wconf 84' lang='grc' dir='ltr'>τὸ</span> <span class='ocrx_word' id='word_1_248' title='bbox 2843 841 3064 911; x_wconf 75' lang='grc' dir='ltr'>ἀγαθὸν</span> <span class='ocrx_word' id='word_1_249' title='bbox 3099 840 3196 893; x_wconf 74' lang='grc' dir='ltr'>καὶ</span> <span class='ocrx_word' id='word_1_250' title='bbox 3226 842 3291 892; x_wconf 84' lang='grc' dir='ltr'>τὸ</span> <span class='ocrx_word' id='word_1_251' title='bbox 3327 841 3534 896; x_wconf 80' lang='grc' dir='ltr'>κακόν·</span> <span class='ocrx_word' id='word_1_252' title='bbox 3554 839 3646 893; x_wconf 86' lang='grc' dir='ltr'><strong>δύο</strong></span> <span class='ocrx_word' id='word_1_253' title='bbox 3674 841 3866 909; x_wconf 75' lang='grc' dir='ltr'>φύσεις</span> <span class='ocrx_word' id='word_1_254' title='bbox 3882 843 4014 896; x_wconf 68' lang='grc' dir='ltr'>ἀντία</span> 
     </span>
    </p>
   </div>
   <div class='ocr_carea' id='block_1_36' title="bbox 2437 932 4010 1005">
    <p class='ocr_par' dir='ltr' id='par_1_36' title="bbox 2437 932 4010 1005">
     <span class='ocr_line' id='line_1_36' title="bbox 2437 932 4010 1005; baseline 0.001 -17"><span class='ocrx_word' id='word_1_255' title='bbox 2437 935 2694 1005; x_wconf 77' lang='grc' dir='ltr'><strong>κειμένας</strong></span> <span class='ocrx_word' id='word_1_256' title='bbox 2744 935 3033 1004; x_wconf 72' lang='grc' dir='ltr'><strong>ἀλλήλαις·</strong></span> <span class='ocrx_word' id='word_1_257' title='bbox 3084 932 3517 1005; x_wconf 75' lang='grc' dir='ltr'>ἀντιστάθμησον</span> <span class='ocrx_word' id='word_1_258' title='bbox 3563 935 3734 999; x_wconf 76' lang='grc' dir='ltr'>αὑτὰς</span> <span class='ocrx_word' id='word_1_259' title='bbox 3782 938 3880 988; x_wconf 76' lang='grc' dir='ltr'>ἐπὶ</span> <span class='ocrx_word' id='word_1_260' title='bbox 3922 936 4010 989; x_wconf 80' lang='grc' dir='ltr'><strong>τοῦ</strong></span> 
     </span>
    </p>
   </div>
   <div class='ocr_carea' id='block_1_37' title="bbox 2435 1026 4008 1098">
    <p class='ocr_par' dir='ltr' id='par_1_37' title="bbox 2435 1026 4008 1098">
     <span class='ocr_line' id='line_1_37' title="bbox 2435 1026 4008 1098; baseline 0.001 -20"><span class='ocrx_word' id='word_1_261' title='bbox 2435 1027 2634 1078; x_wconf 77' lang='grc' dir='ltr'>οἰκείου</span> <span class='ocrx_word' id='word_1_262' title='bbox 2684 1026 2910 1080; x_wconf 75' lang='grc' dir='ltr'><strong>σεαυτοῦ</strong></span> <span class='ocrx_word' id='word_1_263' title='bbox 2943 1026 3258 1097; x_wconf 61' lang='grc' dir='ltr'>κριτηρίων</span> <span class='ocrx_word' id='word_1_264' title='bbox 3294 1027 3695 1098; x_wconf 72' lang='grc' dir='ltr'>ζυγοστάτησον</span> <span class='ocrx_word' id='word_1_265' title='bbox 3743 1029 4008 1098; x_wconf 71' lang='grc' dir='ltr'>ἀκριϐῶς,</span> 
     </span>
    </p>
   </div>
   <div class='ocr_carea' id='block_1_38' title="bbox 2433 1117 4011 1190">
    <p class='ocr_par' dir='ltr' id='par_1_38' title="bbox 2433 1117 4011 1190">
     <span class='ocr_line' id='line_1_38' title="bbox 2433 1117 4011 1190; baseline 0 -18"><span class='ocrx_word' id='word_1_266' title='bbox 2433 1120 2486 1172; x_wconf 84' lang='grc' dir='ltr'><strong>τί</strong></span> <span class='ocrx_word' id='word_1_267' title='bbox 2533 1137 2612 1173; x_wconf 92' lang='grc' dir='ltr'><strong>σοι</strong></span> <span class='ocrx_word' id='word_1_268' title='bbox 2657 1121 3110 1190; x_wconf 80' lang='grc' dir='ltr'>λυσιτελέστερον,</span> <span class='ocrx_word' id='word_1_269' title='bbox 3150 1117 3247 1189; x_wconf 78' lang='grc' dir='ltr'>τὴν</span> <span class='ocrx_word' id='word_1_270' title='bbox 3276 1119 3606 1189; x_wconf 83' lang='grc' dir='ltr'>πρόσκαιρον</span> <span class='ocrx_word' id='word_1_271' title='bbox 3635 1120 3857 1174; x_wconf 76' lang='grc' dir='ltr'>ἑλέσθαι</span> <span class='ocrx_word' id='word_1_272' title='bbox 3895 1121 4011 1190; x_wconf 78' lang='grc' dir='ltr'>ἡδο-</span> 
     </span>
    </p>
   </div>
   <div class='ocr_carea' id='block_1_39' title="bbox 2435 1209 4008 1282">
    <p class='ocr_par' dir='ltr' id='par_1_39' title="bbox 2435 1209 4008 1282">
     <span class='ocr_line' id='line_1_39' title="bbox 2435 1209 4008 1282; baseline 0 -19"><span class='ocrx_word' id='word_1_273' title='bbox 2435 1211 2550 1282; x_wconf 83' lang='grc' dir='ltr'>νὴν,</span> <span class='ocrx_word' id='word_1_274' title='bbox 2608 1213 2701 1264; x_wconf 75' lang='grc' dir='ltr'><strong>καὶ</strong></span> <span class='ocrx_word' id='word_1_275' title='bbox 2748 1212 2814 1264; x_wconf 85' lang='grc' dir='ltr'>δι’</span> <span class='ocrx_word' id='word_1_276' title='bbox 2849 1212 3015 1282; x_wconf 72' lang='grc' dir='ltr'>αὐτῆς</span> <span class='ocrx_word' id='word_1_277' title='bbox 3059 1210 3150 1263; x_wconf 74' lang='grc' dir='ltr'>τὸν</span> <span class='ocrx_word' id='word_1_278' title='bbox 3201 1209 3415 1264; x_wconf 81' lang='grc' dir='ltr'>αἰώνιον</span> <span class='ocrx_word' id='word_1_279' title='bbox 3462 1209 3645 1262; x_wconf 81' lang='grc' dir='ltr'>λαϐεῖν</span> <span class='ocrx_word' id='word_1_280' title='bbox 3691 1210 4008 1282; x_wconf 80' lang='grc' dir='ltr'>θάνατον,ῆ</span> 
     </span>
    </p>
   </div>
   <div class='ocr_carea' id='block_1_40' title="bbox 2433 1302 4012 1375">
    <p class='ocr_par' dir='ltr' id='par_1_40' title="bbox 2433 1302 4012 1375">
     <span class='ocr_line' id='line_1_40' title="bbox 2433 1302 4012 1375; baseline 0.003 -20"><span class='ocrx_word' id='word_1_281' title='bbox 2433 1304 2531 1373; x_wconf 76' lang='grc' dir='ltr'><strong>τὴν</strong></span> <span class='ocrx_word' id='word_1_282' title='bbox 2584 1305 2642 1355; x_wconf 85' lang='grc' dir='ltr'><strong>ὲν</strong></span> <span class='ocrx_word' id='word_1_283' title='bbox 2693 1307 2756 1375; x_wconf 79' lang='grc' dir='ltr'>τῇ</span> <span class='ocrx_word' id='word_1_284' title='bbox 2813 1305 3039 1375; x_wconf 79' lang='grc' dir='ltr'>ἀσκήσει</span> <span class='ocrx_word' id='word_1_285' title='bbox 3080 1304 3177 1374; x_wconf 80' lang='grc' dir='ltr'>τῆς</span> <span class='ocrx_word' id='word_1_286' title='bbox 3220 1303 3420 1374; x_wconf 77' lang='grc' dir='ltr'>ἀρετῆς</span> <span class='ocrx_word' id='word_1_287' title='bbox 3468 1302 3721 1373; x_wconf 80' lang='grc' dir='ltr'>ἑλόμενον</span> <span class='ocrx_word' id='word_1_288' title='bbox 3766 1307 4012 1358; x_wconf 72' lang='grc' dir='ltr'>κακοπάο</span> 
     </span>
    </p>
   </div>
   <div class='ocr_carea' id='block_1_41' title="bbox 2435 1396 4011 1469">
    <p class='ocr_par' dir='ltr' id='par_1_41' title="bbox 2435 1396 4011 1469">
     <span class='ocr_line' id='line_1_41' title="bbox 2435 1396 4011 1469; baseline -0.001 -20"><span class='ocrx_word' id='word_1_289' title='bbox 2435 1396 2602 1457; x_wconf 81' lang='grc' dir='ltr'>θειαν,</span> <span class='ocrx_word' id='word_1_290' title='bbox 2637 1398 2808 1469; x_wconf 80' lang='grc' dir='ltr'>ταύτῃ</span> <span class='ocrx_word' id='word_1_291' title='bbox 2852 1399 3095 1468; x_wconf 79' lang='grc' dir='ltr'>προξένῳ</span> <span class='ocrx_word' id='word_1_292' title='bbox 3129 1396 3434 1467; x_wconf 83' lang='grc' dir='ltr'>χρήσασθαι</span> <span class='ocrx_word' id='word_1_293' title='bbox 3483 1399 3580 1467; x_wconf 79' lang='grc' dir='ltr'>τῆς</span> <span class='ocrx_word' id='word_1_294' title='bbox 3618 1398 3840 1449; x_wconf 74' lang='grc' dir='ltr'>αἰωνίου</span> <span class='ocrx_word' id='word_1_295' title='bbox 3887 1416 4011 1468; x_wconf 77' lang='grc' dir='ltr'>τρν-</span> 
     </span>
    </p>
   </div>
   <div class='ocr_carea' id='block_1_42' title="bbox 2435 1487 4008 1560">
    <p class='ocr_par' dir='ltr' id='par_1_42' title="bbox 2435 1487 4008 1560">
     <span class='ocr_line' id='line_1_42' title="bbox 2435 1487 4008 1560; baseline -0.01 -2"><span class='ocrx_word' id='word_1_296' title='bbox 2435 1493 2539 1557; x_wconf 72' lang='grc' dir='ltr'><strong>φῆς</strong></span> <span class='ocrx_word' id='word_1_297' title='bbox 2557 1491 2687 1559; x_wconf 65' lang='grc'>(92).</span> <span class='ocrx_word' id='word_1_298' title='bbox 2709 1492 2933 1554; x_wconf 76' lang='grc' dir='ltr'>Ψευδεῖς</span> <span class='ocrx_word' id='word_1_299' title='bbox 2957 1487 3048 1544; x_wconf 75' lang='grc' dir='ltr'><strong>οὖν</strong></span> <span class='ocrx_word' id='word_1_300' title='bbox 3073 1492 3121 1544; x_wconf 90' lang='grc' dir='ltr'>οἱ</span> <span class='ocrx_word' id='word_1_301' title='bbox 3139 1489 3433 1560; x_wconf 84' lang='grc' dir='ltr'>ἄνθρωποι,</span> <span class='ocrx_word' id='word_1_302' title='bbox 3465 1489 3835 1560; x_wconf 69' lang='grc' dir='ltr'>διεφθαρμένα</span> <span class='ocrx_word' id='word_1_303' title='bbox 3862 1490 4008 1559; x_wconf 78' lang='grc' dir='ltr'>ἔχονο</span> 
     </span>
    </p>
   </div>
   <div class='ocr_carea' id='block_1_43' title="bbox 2433 1584 4013 1657">
    <p class='ocr_par' dir='ltr' id='par_1_43' title="bbox 2433 1584 4013 1657">
     <span class='ocr_line' id='line_1_43' title="bbox 2433 1584 4013 1657; baseline -0.006 -10"><span class='ocrx_word' id='word_1_304' title='bbox 2433 1600 2523 1646; x_wconf 82' lang='grc' dir='ltr'>τες</span> <span class='ocrx_word' id='word_1_305' title='bbox 2564 1584 2662 1654; x_wconf 76' lang='grc' dir='ltr'><strong>τῆς</strong></span> <span class='ocrx_word' id='word_1_306' title='bbox 2705 1585 2883 1655; x_wconf 66' lang='grc' dir='ltr'>ψυχῆς</span> <span class='ocrx_word' id='word_1_307' title='bbox 2926 1586 2991 1639; x_wconf 76' lang='grc' dir='ltr'>τὰ</span> <span class='ocrx_word' id='word_1_308' title='bbox 3030 1586 3321 1657; x_wconf 81' lang='grc' dir='ltr'>κριτήρια⁶</span> <span class='ocrx_word' id='word_1_309' title='bbox 3375 1585 3467 1648; x_wconf 79' lang='grc' dir='ltr'><strong>οὓς</strong></span> <span class='ocrx_word' id='word_1_310' title='bbox 3515 1585 3612 1638; x_wconf 78' lang='grc' dir='ltr'><strong>καὶ</strong></span> <span class='ocrx_word' id='word_1_311' title='bbox 3665 1584 3944 1648; x_wconf 80' lang='grc' dir='ltr'>ταλανίζει</span> <span class='ocrx_word' id='word_1_312' title='bbox 3985 1587 4013 1637; x_wconf 84' lang='grc' dir='ltr'>ὁ</span> 
     </span>
    </p>
   </div>
   <div class='ocr_carea' id='block_1_44' title="bbox 2434 1675 4008 1750">
    <p class='ocr_par' dir='ltr' id='par_1_44' title="bbox 2434 1675 4008 1750">
     <span class='ocr_line' id='line_1_44' title="bbox 2434 1675 4008 1750; baseline -0.002 -19"><span class='ocrx_word' id='word_1_313' title='bbox 2434 1681 2722 1750; x_wconf 76' lang='grc' dir='ltr'><strong>Προφήτης</strong></span> <span class='ocrx_word' id='word_1_314' title='bbox 2748 1679 2940 1746; x_wconf 78' lang='grc' dir='ltr'>λέγων’</span> <span class='ocrx_word' id='word_1_315' title='bbox 2967 1677 3111 1731; x_wconf 78' lang='grc' dir='ltr'><strong>Οὐαὶ</strong></span> <span class='ocrx_word' id='word_1_316' title='bbox 3143 1681 3196 1731; x_wconf 80' lang='grc' dir='ltr'><em>οὶ</em></span> <span class='ocrx_word' id='word_1_317' title='bbox 3217 1677 3498 1745; x_wconf 72' lang='grc' dir='ltr'>λέγοντες</span> <span class='ocrx_word' id='word_1_318' title='bbox 3513 1677 3578 1730; x_wconf 82' lang='grc' dir='ltr'>τὸ</span> <span class='ocrx_word' id='word_1_319' title='bbox 3612 1677 3838 1742; x_wconf 81' lang='grc' dir='ltr'><em>σκότος</em></span> <span class='ocrx_word' id='word_1_320' title='bbox 3863 1675 4008 1745; x_wconf 70' lang='grc' dir='ltr'>φῶς,</span> 
     </span>
    </p>
   </div>
   <div class='ocr_carea' id='block_1_45' title="bbox 2434 1769 4006 1840">
    <p class='ocr_par' dir='ltr' id='par_1_45' title="bbox 2434 1769 4006 1840">
     <span class='ocr_line' id='line_1_45' title="bbox 2434 1769 4006 1840; baseline -0.003 -16"><span class='ocrx_word' id='word_1_321' title='bbox 2434 1771 2530 1824; x_wconf 77' lang='grc' dir='ltr'>καὶ</span> <span class='ocrx_word' id='word_1_322' title='bbox 2553 1772 2617 1824; x_wconf 84' lang='grc' dir='ltr'>τὸ</span> <span class='ocrx_word' id='word_1_323' title='bbox 2652 1770 2773 1840; x_wconf 63' lang='grc' dir='ltr'>φῶς</span> <span class='ocrx_word' id='word_1_324' title='bbox 2796 1772 3015 1834; x_wconf 73' lang='grc' dir='ltr'>σκότος</span> <span class='ocrx_word' id='word_1_325' title='bbox 3033 1785 3045 1799; x_wconf 88' lang='grc'>·</span> <span class='ocrx_word' id='word_1_326' title='bbox 3081 1774 3132 1823; x_wconf 77' lang='grc' dir='ltr'><strong>οἱ</strong></span> <span class='ocrx_word' id='word_1_327' title='bbox 3153 1769 3431 1839; x_wconf 72' lang='grc' dir='ltr'>λέγοντες</span> <span class='ocrx_word' id='word_1_328' title='bbox 3457 1769 3521 1822; x_wconf 83' lang='grc' dir='ltr'>τὸ</span> <span class='ocrx_word' id='word_1_329' title='bbox 3553 1771 3767 1836; x_wconf 75' lang='grc' dir='ltr'>πικρὸν</span> <span class='ocrx_word' id='word_1_330' title='bbox 3792 1769 4006 1839; x_wconf 68' lang='grc' dir='ltr'>γλυκὺ,</span> 
     </span>
    </p>
   </div>
   <div class='ocr_carea' id='block_1_46' title="bbox 2434 1859 4006 1932">
    <p class='ocr_par' dir='ltr' id='par_1_46' title="bbox 2434 1859 4006 1932">
     <span class='ocr_line' id='line_1_46' title="bbox 2434 1859 4006 1932; baseline -0.003 -17"><span class='ocrx_word' id='word_1_331' title='bbox 2434 1864 2529 1916; x_wconf 79' lang='grc' dir='ltr'>καὶ</span> <span class='ocrx_word' id='word_1_332' title='bbox 2569 1863 2634 1915; x_wconf 84' lang='grc' dir='ltr'>τὸ</span> <span class='ocrx_word' id='word_1_333' title='bbox 2686 1861 2879 1931; x_wconf 75' lang='grc' dir='ltr'>γλυκὺ</span> <span class='ocrx_word' id='word_1_334' title='bbox 2916 1862 3150 1929; x_wconf 77' lang='grc' dir='ltr'>πικρόν.</span> <span class='ocrx_word' id='word_1_335' title='bbox 3211 1862 3383 1932; x_wconf 77' lang='grc' dir='ltr'>Ἐμοὶ,</span> <span class='ocrx_word' id='word_1_336' title='bbox 3435 1861 3588 1931; x_wconf 77' lang='grc' dir='ltr'>φησὶ,</span> <span class='ocrx_word' id='word_1_337' title='bbox 3625 1859 3694 1912; x_wconf 80' lang='grc' dir='ltr'>τὰ</span> <span class='ocrx_word' id='word_1_338' title='bbox 3729 1862 4006 1932; x_wconf 79' lang='grc' dir='ltr'>παρόντα·</span> 
     </span>
    </p>
   </div>
   <div class='ocr_carea' id='block_1_47' title="bbox 2429 1949 4009 2024">
    <p class='ocr_par' dir='ltr' id='par_1_47' title="bbox 2429 1949 4009 2024">
     <span class='ocr_line' id='line_1_47' title="bbox 2429 1949 4009 2024; baseline -0.002 -17"><span class='ocrx_word' id='word_1_339' title='bbox 2429 1956 2509 2018; x_wconf 87' lang='grc' dir='ltr'><strong>τίς</strong></span> <span class='ocrx_word' id='word_1_340' title='bbox 2533 1955 2588 2006; x_wconf 79' lang='grc' dir='ltr'>δὲ</span> <span class='ocrx_word' id='word_1_341' title='bbox 2621 1949 2727 2007; x_wconf 83' lang='grc' dir='ltr'>οἶδε</span> <span class='ocrx_word' id='word_1_342' title='bbox 2755 1954 2822 2007; x_wconf 74' lang='grc' dir='ltr'>τὰ</span> <span class='ocrx_word' id='word_1_343' title='bbox 2854 1953 3144 2024; x_wconf 82' lang='grc' dir='ltr'>μέλλοντα;</span> <span class='ocrx_word' id='word_1_344' title='bbox 3179 1952 3380 2015; x_wconf 85' lang='grc' dir='ltr'>Κακῶς</span> <span class='ocrx_word' id='word_1_345' title='bbox 3403 1951 3770 2020; x_wconf 81' lang='grc' dir='ltr'>ζυγοστατεῖς,</span> <span class='ocrx_word' id='word_1_346' title='bbox 3800 1953 4009 2022; x_wconf 76' lang='grc' dir='ltr'>πονηρά</span> 
     </span>
    </p>
   </div>
   <div class='ocr_carea' id='block_1_48' title="bbox 2428 2043 4010 2116">
    <p class='ocr_par' dir='ltr' id='par_1_48' title="bbox 2428 2043 4010 2116">
     <span class='ocr_line' id='line_1_48' title="bbox 2428 2043 4010 2116; baseline -0.001 -18"><span class='ocrx_word' id='word_1_347' title='bbox 2428 2048 2533 2099; x_wconf 86' lang='grc' dir='ltr'><strong>τῶν</strong></span> <span class='ocrx_word' id='word_1_348' title='bbox 2577 2046 2794 2115; x_wconf 80' lang='grc' dir='ltr'>ἀγαθῶν</span> <span class='ocrx_word' id='word_1_349' title='bbox 2835 2046 3280 2116; x_wconf 82' lang='grc' dir='ltr'>ἀνθαιρούμενος,</span> <span class='ocrx_word' id='word_1_350' title='bbox 3327 2045 3395 2098; x_wconf 85' lang='grc' dir='ltr'>τὰ</span> <span class='ocrx_word' id='word_1_351' title='bbox 3432 2045 3633 2115; x_wconf 81' lang='grc' dir='ltr'>μάταια</span> <span class='ocrx_word' id='word_1_352' title='bbox 3677 2044 3782 2096; x_wconf 85' lang='grc' dir='ltr'><strong>τῶν</strong></span> <span class='ocrx_word' id='word_1_353' title='bbox 3825 2043 4010 2115; x_wconf 86' lang='grc' dir='ltr'>ἀληθι-</span> 
     </span>
    </p>
   </div>
   <div class='ocr_carea' id='block_1_49' title="bbox 2428 2134 4011 2208">
    <p class='ocr_par' dir='ltr' id='par_1_49' title="bbox 2428 2134 4011 2208">
     <span class='ocr_line' id='line_1_49' title="bbox 2428 2134 4011 2208; baseline -0.003 -17"><span class='ocrx_word' id='word_1_354' title='bbox 2428 2138 2532 2191; x_wconf 90' lang='grc' dir='ltr'><strong>νῶν</strong></span> <span class='ocrx_word' id='word_1_355' title='bbox 2564 2137 2673 2208; x_wconf 79' lang='grc'>(95)</span> <span class='ocrx_word' id='word_1_356' title='bbox 2705 2136 3009 2208; x_wconf 84' lang='grc' dir='ltr'>προτιμῶν,</span> <span class='ocrx_word' id='word_1_357' title='bbox 3035 2135 3103 2188; x_wconf 81' lang='grc' dir='ltr'>τὰ</span> <span class='ocrx_word' id='word_1_358' title='bbox 3130 2136 3435 2206; x_wconf 82' lang='grc' dir='ltr'>πρόσκαιρα</span> <span class='ocrx_word' id='word_1_359' title='bbox 3473 2135 3581 2188; x_wconf 88' lang='grc' dir='ltr'><strong>τῶν</strong></span> <span class='ocrx_word' id='word_1_360' title='bbox 3613 2134 3849 2188; x_wconf 86' lang='grc' dir='ltr'>αἰωνίων</span> <span class='ocrx_word' id='word_1_361' title='bbox 3879 2152 4011 2205; x_wconf 83' lang='grc' dir='ltr'>προ-</span> 
     </span>
    </p>
   </div>
   <div class='ocr_carea' id='block_1_50' title="bbox 2427 2227 4010 2300">
    <p class='ocr_par' dir='ltr' id='par_1_50' title="bbox 2427 2227 4010 2300">
     <span class='ocr_line' id='line_1_50' title="bbox 2427 2227 4010 2300; baseline -0.003 -16"><span class='ocrx_word' id='word_1_362' title='bbox 2427 2231 2660 2290; x_wconf 81' lang='grc' dir='ltr'>τάσσων,</span> <span class='ocrx_word' id='word_1_363' title='bbox 2689 2231 2788 2300; x_wconf 80' lang='grc' dir='ltr'>τὴν</span> <span class='ocrx_word' id='word_1_364' title='bbox 2844 2228 3256 2300; x_wconf 82' lang='grc' dir='ltr'>παρερχομένην</span> <span class='ocrx_word' id='word_1_365' title='bbox 3284 2227 3475 2298; x_wconf 77' lang='grc' dir='ltr'>ἡδονὴν</span> <span class='ocrx_word' id='word_1_366' title='bbox 3519 2227 3637 2279; x_wconf 72' lang='grc' dir='ltr'>ἀντὶ</span> <span class='ocrx_word' id='word_1_367' title='bbox 3683 2227 3782 2297; x_wconf 79' lang='grc' dir='ltr'>τῆς</span> <span class='ocrx_word' id='word_1_368' title='bbox 3835 2227 4010 2280; x_wconf 84' lang='grc' dir='ltr'>ἀπαύ-</span> 
     </span>
    </p>
   </div>
   <div class='ocr_carea' id='block_1_51' title="bbox 2430 2318 4004 2394">
    <p class='ocr_par' dir='ltr' id='par_1_51' title="bbox 2430 2318 4004 2394">
     <span class='ocr_line' id='line_1_51' title="bbox 2430 2318 4004 2394; baseline -0.003 -18"><span class='ocrx_word' id='word_1_369' title='bbox 2430 2341 2552 2384; x_wconf 88' lang='grc' dir='ltr'>στου</span> <span class='ocrx_word' id='word_1_370' title='bbox 2590 2320 2928 2394; x_wconf 82' lang='grc' dir='ltr'>εὐφροσύνης</span> <span class='ocrx_word' id='word_1_371' title='bbox 2974 2321 3067 2373; x_wconf 62' lang='grc' dir='ltr'><strong>καί¹</strong></span> <span class='ocrx_word' id='word_1_372' title='bbox 3117 2318 3398 2390; x_wconf 79' lang='grc' dir='ltr'>διηνεκοῦς</span> <span class='ocrx_word' id='word_1_373' title='bbox 3441 2318 3819 2388; x_wconf 77' lang='grc' dir='ltr'>ἐκλεγόμενος.</span> <span class='ocrx_word' id='word_1_374' title='bbox 3853 2322 4004 2372; x_wconf 79' lang='grc' dir='ltr'><strong>Ψευ-</strong></span> 
     </span>
    </p>
   </div>
   <div class='ocr_carea' id='block_1_52' title="bbox 2426 2411 4007 2481">
    <p class='ocr_par' dir='ltr' id='par_1_52' title="bbox 2426 2411 4007 2481">
     <span class='ocr_line' id='line_1_52' title="bbox 2426 2411 4007 2481; baseline -0.001 -14"><span class='ocrx_word' id='word_1_375' title='bbox 2426 2415 2550 2481; x_wconf 82' lang='grc' dir='ltr'>δεῖς</span> <span class='ocrx_word' id='word_1_376' title='bbox 2601 2411 2714 2468; x_wconf 82' lang='grc' dir='ltr'><strong>οὖν</strong></span> <span class='ocrx_word' id='word_1_377' title='bbox 2752 2418 2805 2468; x_wconf 83' lang='lat' dir='ltr'><strong>ol</strong></span> <span class='ocrx_word' id='word_1_378' title='bbox 2855 2413 2974 2470; x_wconf 75' lang='grc' dir='ltr'><strong>υἱοὶ</strong></span> <span class='ocrx_word' id='word_1_379' title='bbox 3020 2411 3136 2467; x_wconf 79' lang='grc' dir='ltr'>τῶν</span> <span class='ocrx_word' id='word_1_380' title='bbox 3175 2412 3500 2481; x_wconf 81' lang='grc' dir='ltr'>ἀνθρώπων</span> <span class='ocrx_word' id='word_1_381' title='bbox 3551 2412 3622 2465; x_wconf 80' lang='grc' dir='ltr'><strong>ἐν</strong></span> <span class='ocrx_word' id='word_1_382' title='bbox 3668 2411 3865 2479; x_wconf 78' lang='grc' dir='ltr'><strong>ζυγοῖς</strong></span> <span class='ocrx_word' id='word_1_383' title='bbox 3903 2413 4007 2467; x_wconf 83' lang='grc' dir='ltr'><strong>τοῦ</strong></span> 
     </span>
    </p>
   </div>
   <div class='ocr_carea' id='block_1_53' title="bbox 2427 2504 4002 2576">
    <p class='ocr_par' dir='ltr' id='par_1_53' title="bbox 2427 2504 4002 2576">
     <span class='ocr_line' id='line_1_53' title="bbox 2427 2504 4002 2576; baseline -0.003 -13"><span class='ocrx_word' id='word_1_384' title='bbox 2427 2507 2728 2576; x_wconf 80' lang='grc' dir='ltr'>ἀδικῆσαι.</span> <span class='ocrx_word' id='word_1_385' title='bbox 2775 2507 3039 2558; x_wconf 82' lang='grc' dir='ltr'>Ἀδικοῦσι</span> <span class='ocrx_word' id='word_1_386' title='bbox 3078 2507 3135 2558; x_wconf 78' lang='grc' dir='ltr'>δὲ</span> <span class='ocrx_word' id='word_1_387' title='bbox 3173 2504 3596 2576; x_wconf 79' lang='grc' dir='ltr'>προηγουμένως</span> <span class='ocrx_word' id='word_1_388' title='bbox 3628 2505 3727 2576; x_wconf 81' lang='grc' dir='ltr'><strong>μὲν</strong></span> <span class='ocrx_word' id='word_1_389' title='bbox 3757 2506 4002 2568; x_wconf 68' lang='grc' dir='ltr'>ἑαυτοὺς,</span> 
     </span>
    </p>
   </div>
   <div class='ocr_carea' id='block_1_54' title="bbox 2428 2597 4002 2668">
    <p class='ocr_par' dir='ltr' id='par_1_54' title="bbox 2428 2597 4002 2668">
     <span class='ocr_line' id='line_1_54' title="bbox 2428 2597 4002 2668; baseline 0 -16"><span class='ocrx_word' id='word_1_390' title='bbox 2428 2599 2616 2652; x_wconf 83' lang='grc' dir='ltr'>ἔπειτα</span> <span class='ocrx_word' id='word_1_391' title='bbox 2647 2598 2701 2651; x_wconf 85' lang='grc' dir='ltr'>δὲ</span> <span class='ocrx_word' id='word_1_392' title='bbox 2737 2598 2827 2650; x_wconf 73' lang='grc' dir='ltr'><strong>καὶ</strong></span> <span class='ocrx_word' id='word_1_393' title='bbox 2854 2598 2976 2660; x_wconf 78' lang='grc' dir='ltr'>τοὺς</span> <span class='ocrx_word' id='word_1_394' title='bbox 3008 2597 3424 2668; x_wconf 76' lang='grc' dir='ltr'><strong>πλησιάζοντας,</strong></span> <span class='ocrx_word' id='word_1_395' title='bbox 3451 2599 3499 2649; x_wconf 84' lang='grc' dir='ltr'>οἱ</span> <span class='ocrx_word' id='word_1_396' title='bbox 3528 2599 3620 2650; x_wconf 68' lang='grc' dir='ltr'><strong>καὶ</strong></span> <span class='ocrx_word' id='word_1_397' title='bbox 3659 2599 3873 2660; x_wconf 77' lang='grc' dir='ltr'>ἑαυτοῖς</span> <span class='ocrx_word' id='word_1_398' title='bbox 3897 2599 4002 2666; x_wconf 70' lang='grc'>(94)</span> 
     </span>
    </p>
   </div>
   <div class='ocr_carea' id='block_1_55' title="bbox 2431 2687 4008 2762">
    <p class='ocr_par' dir='ltr' id='par_1_55' title="bbox 2431 2687 4008 2762">
     <span class='ocr_line' id='line_1_55' title="bbox 2431 2687 4008 2762; baseline -0.004 -16"><span class='ocrx_word' id='word_1_399' title='bbox 2431 2691 2656 2762; x_wconf 71' lang='grc' dir='ltr'>πονηροὶ</span> <span class='ocrx_word' id='word_1_400' title='bbox 2681 2688 2971 2760; x_wconf 76' lang='grc' dir='ltr'>σύμϐουλοι</span> <span class='ocrx_word' id='word_1_401' title='bbox 3012 2689 3104 2741; x_wconf 77' lang='grc' dir='ltr'><strong>ἐπὶ</strong></span> <span class='ocrx_word' id='word_1_402' title='bbox 3143 2687 3253 2740; x_wconf 85' lang='grc' dir='ltr'><strong>τῶν</strong></span> <span class='ocrx_word' id='word_1_403' title='bbox 3294 2687 3545 2758; x_wconf 81' lang='grc' dir='ltr'>πράξεων</span> <span class='ocrx_word' id='word_1_404' title='bbox 3592 2687 3888 2756; x_wconf 84' lang='grc' dir='ltr'>γινόμενοι,</span> <span class='ocrx_word' id='word_1_405' title='bbox 3915 2689 4008 2739; x_wconf 77' lang='grc' dir='ltr'>καὶ</span> 
     </span>
    </p>
   </div>
   <div class='ocr_carea' id='block_1_56' title="bbox 2431 2777 4009 2855">
    <p class='ocr_par' dir='ltr' id='par_1_56' title="bbox 2431 2777 4009 2855">
     <span class='ocr_line' id='line_1_56' title="bbox 2431 2777 4009 2855; baseline -0.006 -17"><span class='ocrx_word' id='word_1_406' title='bbox 2431 2784 2637 2855; x_wconf 80' lang='grc' dir='ltr'>ἑτέροις</span> <span class='ocrx_word' id='word_1_407' title='bbox 2675 2781 2944 2853; x_wconf 85' lang='grc' dir='ltr'>μοχθηρὸν</span> <span class='ocrx_word' id='word_1_408' title='bbox 2981 2779 3131 2842; x_wconf 75' lang='grc' dir='ltr'>ὅντες</span> <span class='ocrx_word' id='word_1_409' title='bbox 3164 2778 3489 2848; x_wconf 81' lang='grc' dir='ltr'>ὑπόδειγμα.</span> <span class='ocrx_word' id='word_1_410' title='bbox 3523 2777 3636 2830; x_wconf 84' lang='grc' dir='ltr'>Οὐκ</span> <span class='ocrx_word' id='word_1_411' title='bbox 3671 2777 3787 2830; x_wconf 72' lang='grc' dir='ltr'>ἐστι</span> <span class='ocrx_word' id='word_1_412' title='bbox 3819 2795 3901 2830; x_wconf 90' lang='grc' dir='ltr'><strong>σοι</strong></span> <span class='ocrx_word' id='word_1_413' title='bbox 3934 2780 4009 2830; x_wconf 81' lang='grc' dir='ltr'>εί-</span> 
     </span>
    </p>
   </div>
   <div class='ocr_carea' id='block_1_57' title="bbox 2429 2870 4004 2947">
    <p class='ocr_par' dir='ltr' id='par_1_57' title="bbox 2429 2870 4004 2947">
     <span class='ocr_line' id='line_1_57' title="bbox 2429 2870 4004 2947; baseline -0.003 -17"><span class='ocrx_word' id='word_1_414' title='bbox 2429 2881 2549 2930; x_wconf 87' lang='grc' dir='ltr'>πεῖν</span> <span class='ocrx_word' id='word_1_415' title='bbox 2576 2878 2632 2929; x_wconf 86' lang='grc' dir='ltr'>ὲν</span> <span class='ocrx_word' id='word_1_416' title='bbox 2658 2879 2722 2947; x_wconf 78' lang='grc' dir='ltr'>τῇ</span> <span class='ocrx_word' id='word_1_417' title='bbox 2758 2875 2943 2946; x_wconf 75' lang='grc' dir='ltr'>ἡμέρᾳ</span> <span class='ocrx_word' id='word_1_418' title='bbox 2974 2872 3071 2943; x_wconf 84' lang='grc' dir='ltr'><strong>τῆς</strong></span> <span class='ocrx_word' id='word_1_419' title='bbox 3101 2871 3351 2941; x_wconf 86' lang='grc' dir='ltr'>κρίσεως·</span> <span class='ocrx_word' id='word_1_420' title='bbox 3390 2871 3501 2925; x_wconf 77' lang='grc' dir='ltr'>Οὐκ</span> <span class='ocrx_word' id='word_1_421' title='bbox 3526 2871 3671 2940; x_wconf 81' lang='grc' dir='ltr'>ᾔδειν</span> <span class='ocrx_word' id='word_1_422' title='bbox 3693 2870 3752 2923; x_wconf 84' lang='grc' dir='ltr'>τὺ</span> <span class='ocrx_word' id='word_1_423' title='bbox 3781 2870 4004 2939; x_wconf 82' lang='grc' dir='ltr'>ἀγαθόν.</span> 
     </span>
    </p>
   </div>
   <div class='ocr_carea' id='block_1_58' title="bbox 2427 2961 4007 3037">
    <p class='ocr_par' dir='ltr' id='par_1_58' title="bbox 2427 2961 4007 3037">
     <span class='ocr_line' id='line_1_58' title="bbox 2427 2961 4007 3037; baseline -0.004 -17"><span class='ocrx_word' id='word_1_424' title='bbox 2427 2967 2765 3037; x_wconf 83' lang='grc' dir='ltr'>Προφέρεταί</span> <span class='ocrx_word' id='word_1_425' title='bbox 2794 2968 2902 3035; x_wconf 78' lang='grc'>(95)</span> <span class='ocrx_word' id='word_1_426' title='bbox 2949 2983 3029 3018; x_wconf 91' lang='grc' dir='ltr'><strong>σοι</strong></span> <span class='ocrx_word' id='word_1_427' title='bbox 3067 2964 3134 3017; x_wconf 77' lang='grc' dir='ltr'><strong>τὰ</strong></span> <span class='ocrx_word' id='word_1_428' title='bbox 3168 2963 3274 3017; x_wconf 75' lang='grc' dir='ltr'>ἴδιά</span> <span class='ocrx_word' id='word_1_429' title='bbox 3315 2980 3408 3016; x_wconf 87' lang='grc' dir='ltr'><strong>σου</strong></span> <span class='ocrx_word' id='word_1_430' title='bbox 3471 2961 3609 3030; x_wconf 81' lang='grc' dir='ltr'>ζυγὰ</span> <span class='ocrx_word' id='word_1_431' title='bbox 3641 2963 3830 3032; x_wconf 77' lang='grc' dir='ltr'>ἱκανὴν</span> <span class='ocrx_word' id='word_1_432' title='bbox 3867 2979 4007 3032; x_wconf 84' lang='grc' dir='ltr'>παρ-</span> 
     </span>
    </p>
   </div>
   <div class='ocr_carea' id='block_1_59' title="bbox 2425 3047 4003 3129">
    <p class='ocr_par' dir='ltr' id='par_1_59' title="bbox 2425 3047 4003 3129">
     <span class='ocr_line' id='line_1_59' title="bbox 2425 3047 4003 3129; baseline -0.007 -18"><span class='ocrx_word' id='word_1_433' title='bbox 2425 3059 2656 3129; x_wconf 85' lang='grc' dir='ltr'>εχόμενα</span> <span class='ocrx_word' id='word_1_434' title='bbox 2685 3056 2951 3125; x_wconf 81' lang='grc' dir='ltr'>διάκρισιν</span> <span class='ocrx_word' id='word_1_435' title='bbox 2977 3052 3180 3120; x_wconf 78' lang='grc' dir='ltr'>ἀγαθοῦ</span> <span class='ocrx_word' id='word_1_436' title='bbox 3197 3053 3290 3105; x_wconf 64' lang='grc' dir='ltr'><strong>καὶ</strong></span> <span class='ocrx_word' id='word_1_437' title='bbox 3316 3051 3508 3105; x_wconf 84' lang='grc' dir='ltr'>κακοῦ.</span> <span class='ocrx_word' id='word_1_438' title='bbox 3541 3051 3621 3105; x_wconf 79' lang='grc' dir='ltr'><strong>Τὰ</strong></span> <span class='ocrx_word' id='word_1_439' title='bbox 3654 3051 3752 3121; x_wconf 83' lang='grc' dir='ltr'><strong>μὲν</strong></span> <span class='ocrx_word' id='word_1_440' title='bbox 3778 3051 3889 3120; x_wconf 82' lang='grc' dir='ltr'>γὰρ</span> <span class='ocrx_word' id='word_1_441' title='bbox 3911 3047 4003 3101; x_wconf 83' lang='grc' dir='ltr'><strong>τοῦ</strong></span> 
     </span>
    </p>
   </div>
   <div class='ocr_carea' id='block_1_60' title="bbox 750 3138 4002 3228">
    <p class='ocr_par' dir='ltr' id='par_1_60' title="bbox 750 3138 4002 3228">
     <span class='ocr_line' id='line_1_60' title="bbox 750 3138 4002 3228; baseline -0.002 -29"><span class='ocrx_word' id='word_1_442' title='bbox 750 3147 996 3217; x_wconf 80' lang='grc' dir='ltr'>σώματος</span> <span class='ocrx_word' id='word_1_443' title='bbox 1032 3149 1171 3222; x_wconf 77' lang='grc' dir='ltr'>βάρη</span> <span class='ocrx_word' id='word_1_444' title='bbox 1200 3155 1318 3216; x_wconf 83' lang='grc' dir='ltr'>ταῖς</span> <span class='ocrx_word' id='word_1_445' title='bbox 1343 3153 1432 3206; x_wconf 72' lang='grc' dir='ltr'>ἐπὶ</span> <span class='ocrx_word' id='word_1_446' title='bbox 1483 3155 1582 3226; x_wconf 83' lang='grc' dir='ltr'>τῆς</span> <span class='ocrx_word' id='word_1_447' title='bbox 1637 3158 1903 3228; x_wconf 81' lang='grc' dir='ltr'>τρυτάνης</span> <span class='ocrx_word' id='word_1_448' title='bbox 1938 3159 2129 3227; x_wconf 78' lang='grc' dir='ltr'>ῥοπαῖς</span> <span class='ocrx_word' id='word_1_449' title='bbox 2195 3143 2590 3224; x_wconf 74' lang='grc' dir='ltr'>δοκιμάζομεν,</span> <span class='ocrx_word' id='word_1_450' title='bbox 2630 3149 2698 3201; x_wconf 77' lang='grc' dir='ltr'>τὰ</span> <span class='ocrx_word' id='word_1_451' title='bbox 2743 3147 2800 3200; x_wconf 80' lang='grc' dir='ltr'>δὲ</span> <span class='ocrx_word' id='word_1_452' title='bbox 2845 3145 2940 3198; x_wconf 87' lang='grc' dir='ltr'><strong>τοῦ</strong></span> <span class='ocrx_word' id='word_1_453' title='bbox 2989 3144 3101 3215; x_wconf 85' lang='grc' dir='ltr'>βίου</span> <span class='ocrx_word' id='word_1_454' title='bbox 3149 3143 3380 3196; x_wconf 73' lang='grc' dir='ltr'>ἐκλεκτά</span> <span class='ocrx_word' id='word_1_455' title='bbox 3419 3143 3497 3212; x_wconf 85' lang='grc' dir='ltr'>τῷ</span> <span class='ocrx_word' id='word_1_456' title='bbox 3546 3143 3880 3212; x_wconf 78' lang='grc' dir='ltr'>αὖτεξουσίῳ</span> <span class='ocrx_word' id='word_1_457' title='bbox 3905 3138 4002 3206; x_wconf 77' lang='grc' dir='ltr'>τῆς</span> 
     </span>
    </p>
   </div>
   <div class='ocr_carea' id='block_1_61' title="bbox 745 3237 3970 3324">
    <p class='ocr_par' dir='ltr' id='par_1_61' title="bbox 745 3237 3970 3324">
     <span class='ocr_line' id='line_1_61' title="bbox 745 3237 3970 3324; baseline -0.005 -17"><span class='ocrx_word' id='word_1_458' title='bbox 745 3245 922 3315; x_wconf 62' lang='grc' dir='ltr'><strong>’Ῑλυζίῆς</strong></span> <span class='ocrx_word' id='word_1_459' title='bbox 945 3245 1285 3317; x_wconf 58' lang='grc' dir='ltr'>διακρίνομεν</span> <span class='ocrx_word' id='word_1_460' title='bbox 1308 3267 1320 3278; x_wconf 74' lang='grc' dir='ltr'><strong>ο</strong></span> <span class='ocrx_word' id='word_1_461' title='bbox 1371 3250 1397 3301; x_wconf 83' lang='grc' dir='ltr'><strong><em>ὃ</em></strong></span> <span class='ocrx_word' id='word_1_462' title='bbox 1426 3251 1515 3302; x_wconf 68' lang='grc' dir='ltr'><strong>καὶ</strong></span> <span class='ocrx_word' id='word_1_463' title='bbox 1570 3251 1731 3319; x_wconf 79' lang='grc' dir='ltr'>ζυγὸν</span> <span class='ocrx_word' id='word_1_464' title='bbox 1789 3255 2036 3324; x_wconf 82' lang='grc' dir='ltr'>ὠνόμασε</span> <span class='ocrx_word' id='word_1_465' title='bbox 2078 3253 2211 3322; x_wconf 82' lang='grc'>(96),</span> <span class='ocrx_word' id='word_1_466' title='bbox 2251 3251 2338 3303; x_wconf 74' lang='grc' dir='ltr'>διὰ</span> <span class='ocrx_word' id='word_1_467' title='bbox 2377 3249 2438 3302; x_wconf 80' lang='grc' dir='ltr'><strong>τὸ</strong></span> <span class='ocrx_word' id='word_1_468' title='bbox 2475 3248 2597 3318; x_wconf 76' lang='grc' dir='ltr'>ἴσην</span> <span class='ocrx_word' id='word_1_469' title='bbox 2627 3241 2882 3297; x_wconf 86' lang='grc' dir='ltr'>δύνασθαι</span> <span class='ocrx_word' id='word_1_470' title='bbox 2911 3240 3208 3310; x_wconf 74' lang='grc' dir='ltr'>λαμϐάνειν</span> <span class='ocrx_word' id='word_1_471' title='bbox 3257 3237 3356 3309; x_wconf 82' lang='grc' dir='ltr'>τὴν</span> <span class='ocrx_word' id='word_1_472' title='bbox 3398 3238 3567 3310; x_wconf 78' lang='grc' dir='ltr'>ῥοπὴν</span> <span class='ocrx_word' id='word_1_473' title='bbox 3601 3238 3685 3308; x_wconf 76' lang='grc' dir='ltr'><strong>ἐφ’</strong></span> <span class='ocrx_word' id='word_1_474' title='bbox 3713 3237 3970 3309; x_wconf 81' lang='grc' dir='ltr'>ἑκάτερα.</span> 
     </span>
    </p>
   </div>
   <div class='ocr_carea' id='block_1_62' title="bbox 817 3335 2322 3415">
    <p class='ocr_par' dir='ltr' id='par_1_62' title="bbox 817 3335 2322 3415">
     <span class='ocr_line' id='line_1_62' title="bbox 817 3335 2322 3415; baseline 0.004 -25"><span class='ocrx_word' id='word_1_475' title='bbox 817 3336 870 3390; x_wconf 83' lang='grc'>5.</span> <span class='ocrx_word' id='word_1_476' title='bbox 911 3335 1069 3389; x_wconf 64' lang='lat' dir='ltr'><strong>Vens.</strong></span> <span class='ocrx_word' id='word_1_477' title='bbox 1101 3339 1181 3390; x_wconf 83' lang='grc'><strong>11.</strong></span> <span class='ocrx_word' id='word_1_478' title='bbox 1220 3337 1397 3392; x_wconf 84' lang='lat' dir='ltr'><strong>Nolite</strong></span> <span class='ocrx_word' id='word_1_479' title='bbox 1433 3357 1644 3410; x_wconf 80' lang='lat' dir='ltr'><strong>sperare</strong></span> <span class='ocrx_word' id='word_1_480' title='bbox 1681 3346 1733 3397; x_wconf 88' lang='lat' dir='ltr'><strong>in</strong></span> <span class='ocrx_word' id='word_1_481' title='bbox 1765 3346 2067 3415; x_wconf 81' lang='lat' dir='ltr'><strong>iniquitate,</strong></span> <span class='ocrx_word' id='word_1_482' title='bbox 2104 3357 2149 3399; x_wconf 89' lang='lat' dir='ltr'><strong>et</strong></span> <span class='ocrx_word' id='word_1_483' title='bbox 2178 3347 2322 3411; x_wconf 85' lang='lat' dir='ltr'><strong>rapi-</strong></span> 
     </span>
    </p>
   </div>
   <div class='ocr_carea' id='block_1_63' title="bbox 748 3428 2318 3506">
    <p class='ocr_par' dir='ltr' id='par_1_63' title="bbox 748 3428 2318 3506">
     <span class='ocr_line' id='line_1_63' title="bbox 748 3428 2318 3506; baseline 0.009 -27"><span class='ocrx_word' id='word_1_484' title='bbox 748 3445 841 3480; x_wconf 84' lang='lat' dir='ltr'><strong>nas</strong></span> <span class='ocrx_word' id='word_1_485' title='bbox 874 3428 1032 3482; x_wconf 88' lang='lat' dir='ltr'><strong>nolite</strong></span> <span class='ocrx_word' id='word_1_486' title='bbox 1069 3432 1450 3499; x_wconf 82' lang='lat' dir='ltr'><strong>concupiscere.</strong></span> <span class='ocrx_word' id='word_1_487' title='bbox 1494 3434 1757 3504; x_wconf 88' lang='lat' dir='ltr'><strong>Superius</strong></span> <span class='ocrx_word' id='word_1_488' title='bbox 1798 3438 1932 3491; x_wconf 80' lang='lat' dir='ltr'><strong>dixit</strong></span> <span class='ocrx_word' id='word_1_489' title='bbox 1965 3457 1977 3492; x_wconf 92' lang='lat'><strong>:</strong></span> <span class='ocrx_word' id='word_1_490' title='bbox 2008 3437 2225 3506; x_wconf 82' lang='lat' dir='ltr'><strong>Sperate</strong></span> <span class='ocrx_word' id='word_1_491' title='bbox 2264 3440 2318 3494; x_wconf 85' lang='lat' dir='ltr'><strong>in</strong></span> 
     </span>
    </p>
   </div>
   <div class='ocr_carea' id='block_1_64' title="bbox 747 3525 2317 3601">
    <p class='ocr_par' dir='ltr' id='par_1_64' title="bbox 747 3525 2317 3601">
     <span class='ocr_line' id='line_1_64' title="bbox 747 3525 2317 3601; baseline 0.008 -29"><span class='ocrx_word' id='word_1_492' title='bbox 747 3538 826 3588; x_wconf 79' lang='lat' dir='ltr'><strong>eo,</strong></span> <span class='ocrx_word' id='word_1_493' title='bbox 861 3525 1024 3575; x_wconf 85' lang='lat' dir='ltr'><strong>omnis</strong></span> <span class='ocrx_word' id='word_1_494' title='bbox 1054 3528 1383 3594; x_wconf 80' lang='lat' dir='ltr'><strong>congregatio</strong></span> <span class='ocrx_word' id='word_1_495' title='bbox 1413 3528 1741 3595; x_wconf 80' lang='lat' dir='ltr'><strong>populorum.</strong></span> <span class='ocrx_word' id='word_1_496' title='bbox 1785 3531 1926 3584; x_wconf 82' lang='lat' dir='ltr'><strong>Vidit</strong></span> <span class='ocrx_word' id='word_1_497' title='bbox 1967 3548 2166 3585; x_wconf 89' lang='lat' dir='ltr'><strong>morem</strong></span> <span class='ocrx_word' id='word_1_498' title='bbox 2205 3533 2317 3601; x_wconf 78' lang='lat' dir='ltr'><strong>geri</strong></span> 
     </span>
    </p>
   </div>
   <div class='ocr_carea' id='block_1_65' title="bbox 751 3615 2318 3688">
    <p class='ocr_par' dir='ltr' id='par_1_65' title="bbox 751 3615 2318 3688">
     <span class='ocr_line' id='line_1_65' title="bbox 751 3615 2318 3688; baseline 0.01 -26"><span class='ocrx_word' id='word_1_499' title='bbox 751 3615 901 3666; x_wconf 81' lang='lat' dir='ltr'><strong>tarde</strong></span> <span class='ocrx_word' id='word_1_500' title='bbox 950 3617 1323 3685; x_wconf 71' lang='lat' dir='ltr'><strong>segniterque,</strong></span> <span class='ocrx_word' id='word_1_501' title='bbox 1370 3629 1424 3672; x_wconf 88' lang='lat' dir='ltr'><strong>et</strong></span> <span class='ocrx_word' id='word_1_502' title='bbox 1480 3621 1845 3688; x_wconf 85' lang='lat' dir='ltr'><strong>pronuntiavit</strong></span> <span class='ocrx_word' id='word_1_503' title='bbox 1893 3642 1904 3676; x_wconf 95' lang='lat'>:</span> <span class='ocrx_word' id='word_1_504' title='bbox 1954 3621 2318 3678; x_wconf 80' lang='lat' dir='ltr'><strong>Verumtamen</strong></span> 
     </span>
    </p>
   </div>
   <div class='ocr_carea' id='block_1_66' title="bbox 747 3706 2316 3784">
    <p class='ocr_par' dir='ltr' id='par_1_66' title="bbox 747 3706 2316 3784">
     <span class='ocr_line' id='line_1_66' title="bbox 747 3706 2316 3784; baseline 0.007 -27"><span class='ocrx_word' id='word_1_505' title='bbox 747 3706 866 3758; x_wconf 79' lang='lat' dir='ltr'><strong>vani</strong></span> <span class='ocrx_word' id='word_1_506' title='bbox 921 3707 1019 3774; x_wconf 79' lang='lat' dir='ltr'><strong>ﬁlii</strong></span> <span class='ocrx_word' id='word_1_507' title='bbox 1068 3706 1353 3766; x_wconf 83' lang='lat' dir='ltr'><strong>hominum.</strong></span> <span class='ocrx_word' id='word_1_508' title='bbox 1387 3709 1594 3765; x_wconf 79' lang='lat' dir='ltr'><strong>Rursus</strong></span> <span class='ocrx_word' id='word_1_509' title='bbox 1631 3722 1775 3766; x_wconf 80' lang='lat' dir='ltr'><strong>vetat</strong></span> <span class='ocrx_word' id='word_1_510' title='bbox 1817 3729 1883 3768; x_wconf 90' lang='lat' dir='ltr'><strong>ne</strong></span> <span class='ocrx_word' id='word_1_511' title='bbox 1937 3731 2214 3784; x_wconf 84' lang='lat' dir='ltr'><strong>speremus</strong></span> <span class='ocrx_word' id='word_1_512' title='bbox 2264 3716 2316 3768; x_wconf 97' lang='lat' dir='ltr'><strong>in</strong></span> 
     </span>
    </p>
   </div>
   <div class='ocr_carea' id='block_1_67' title="bbox 748 3801 2317 3872">
    <p class='ocr_par' dir='ltr' id='par_1_67' title="bbox 748 3801 2317 3872">
     <span class='ocr_line' id='line_1_67' title="bbox 748 3801 2317 3872; baseline 0.007 -20"><span class='ocrx_word' id='word_1_513' title='bbox 748 3801 1051 3866; x_wconf 88' lang='lat' dir='ltr'><strong>iniquitate.</strong></span> <span class='ocrx_word' id='word_1_514' title='bbox 1098 3801 1198 3867; x_wconf 77' lang='lat' dir='ltr'><strong>Qui</strong></span> <span class='ocrx_word' id='word_1_515' title='bbox 1241 3814 1458 3856; x_wconf 81' lang='lat' dir='ltr'><strong>coactus</strong></span> <span class='ocrx_word' id='word_1_516' title='bbox 1491 3820 1556 3857; x_wconf 76' lang='lat' dir='ltr'><strong>ex</strong></span> <span class='ocrx_word' id='word_1_517' title='bbox 1593 3806 1878 3872; x_wconf 90' lang='lat' dir='ltr'><strong>iniquitate</strong></span> <span class='ocrx_word' id='word_1_518' title='bbox 1912 3809 2128 3863; x_wconf 85' lang='lat' dir='ltr'><strong>divitias</strong></span> <span class='ocrx_word' id='word_1_519' title='bbox 2172 3809 2317 3863; x_wconf 83' lang='lat' dir='ltr'><strong>sulli-</strong></span> 
     </span>
    </p>
   </div>
   <div class='ocr_carea' id='block_1_68' title="bbox 746 3889 2317 3966">
    <p class='ocr_par' dir='ltr' id='par_1_68' title="bbox 746 3889 2317 3966">
     <span class='ocr_line' id='line_1_68' title="bbox 746 3889 2317 3966; baseline 0.008 -24"><span class='ocrx_word' id='word_1_520' title='bbox 746 3889 895 3943; x_wconf 86' lang='lat' dir='ltr'><strong>eiens</strong></span> <span class='ocrx_word' id='word_1_521' title='bbox 936 3891 1036 3942; x_wconf 88' lang='lat' dir='ltr'><strong>sibi</strong></span> <span class='ocrx_word' id='word_1_522' title='bbox 1084 3891 1448 3958; x_wconf 85' lang='lat' dir='ltr'><strong>adjumeutnm</strong></span> <span class='ocrx_word' id='word_1_523' title='bbox 1483 3896 1547 3948; x_wconf 87' lang='lat' dir='ltr'><strong>ad</strong></span> <span class='ocrx_word' id='word_1_524' title='bbox 1587 3897 1748 3949; x_wconf 84' lang='lat' dir='ltr'><strong>robur</strong></span> <span class='ocrx_word' id='word_1_525' title='bbox 1782 3907 1835 3950; x_wconf 90' lang='lat' dir='ltr'><strong>et</strong></span> <span class='ocrx_word' id='word_1_526' title='bbox 1866 3902 2156 3966; x_wconf 83' lang='lat' dir='ltr'><strong>potentiam</strong></span> <span class='ocrx_word' id='word_1_527' title='bbox 2196 3914 2317 3954; x_wconf 79' lang='lat' dir='ltr'><strong>esse</strong></span> 
     </span>
    </p>
   </div>
   <div class='ocr_carea' id='block_1_69' title="bbox 743 3979 2318 4058">
    <p class='ocr_par' dir='ltr' id='par_1_69' title="bbox 743 3979 2318 4058">
     <span class='ocr_line' id='line_1_69' title="bbox 743 3979 2318 4058; baseline 0.008 -26"><span class='ocrx_word' id='word_1_528' title='bbox 743 3979 967 4045; x_wconf 73' lang='lat' dir='ltr'><strong>iudicat.</strong></span> <span class='ocrx_word' id='word_1_529' title='bbox 1021 3983 1271 4036; x_wconf 83' lang='lat' dir='ltr'><strong>assimilis</strong></span> <span class='ocrx_word' id='word_1_530' title='bbox 1318 3996 1400 4037; x_wconf 86' lang='lat' dir='ltr'><strong>est</strong></span> <span class='ocrx_word' id='word_1_531' title='bbox 1434 3996 1655 4052; x_wconf 62' lang='lat' dir='ltr'><strong>mgroto,</strong></span> <span class='ocrx_word' id='word_1_532' title='bbox 1707 3990 1794 4054; x_wconf 90' lang='lat' dir='ltr'><strong>qui</strong></span> <span class='ocrx_word' id='word_1_533' title='bbox 1839 3990 1888 4040; x_wconf 92' lang='lat' dir='ltr'><strong>iu</strong></span> <span class='ocrx_word' id='word_1_534' title='bbox 1928 3992 2096 4043; x_wconf 87' lang='lat' dir='ltr'><strong>morbi</strong></span> <span class='ocrx_word' id='word_1_535' title='bbox 2143 3992 2318 4058; x_wconf 73' lang='lat' dir='ltr'><strong>gravi-</strong></span> 
     </span>
    </p>
   </div>
   <div class='ocr_carea' id='block_1_70' title="bbox 751 4075 2317 4152">
    <p class='ocr_par' dir='ltr' id='par_1_70' title="bbox 751 4075 2317 4152">
     <span class='ocr_line' id='line_1_70' title="bbox 751 4075 2317 4152; baseline 0.01 -30"><span class='ocrx_word' id='word_1_536' title='bbox 751 4081 856 4125; x_wconf 73' lang='lat' dir='ltr'><strong>tate</strong></span> <span class='ocrx_word' id='word_1_537' title='bbox 904 4075 1270 4127; x_wconf 87' lang='lat' dir='ltr'><strong>habitudinem</strong></span> <span class='ocrx_word' id='word_1_538' title='bbox 1325 4077 1513 4131; x_wconf 80' lang='lat' dir='ltr'><strong>bonum</strong></span> <span class='ocrx_word' id='word_1_539' title='bbox 1556 4081 1851 4134; x_wconf 87' lang='lat' dir='ltr'><strong>constituit.</strong></span> <span class='ocrx_word' id='word_1_540' title='bbox 1886 4081 2065 4135; x_wconf 85' lang='lat' dir='ltr'><strong>Nolite</strong></span> <span class='ocrx_word' id='word_1_541' title='bbox 2105 4099 2317 4152; x_wconf 81' lang='lat' dir='ltr'><strong>sperare</strong></span> 
     </span>
    </p>
   </div>
   <div class='ocr_carea' id='block_1_71' title="bbox 747 4161 2317 4234">
    <p class='ocr_par' dir='ltr' id='par_1_71' title="bbox 747 4161 2317 4234">
     <span class='ocr_line' id='line_1_71' title="bbox 747 4161 2317 4234; baseline 0.01 -23"><span class='ocrx_word' id='word_1_542' title='bbox 747 4162 800 4214; x_wconf 85' lang='lat' dir='ltr'><strong>in</strong></span> <span class='ocrx_word' id='word_1_543' title='bbox 833 4161 1122 4231; x_wconf 78' lang='lat' dir='ltr'><strong>iniquitate.</strong></span> <span class='ocrx_word' id='word_1_544' title='bbox 1144 4165 1264 4218; x_wconf 73' lang='lat' dir='ltr'><strong>llazc</strong></span> <span class='ocrx_word' id='word_1_545' title='bbox 1291 4167 1674 4234; x_wconf 86' lang='lat' dir='ltr'><strong>impedimento</strong></span> <span class='ocrx_word' id='word_1_546' title='bbox 1701 4170 1790 4223; x_wconf 86' lang='lat' dir='ltr'><strong>tibi</strong></span> <span class='ocrx_word' id='word_1_547' title='bbox 1815 4172 1879 4221; x_wconf 90' lang='lat' dir='ltr'><strong>ad</strong></span> <span class='ocrx_word' id='word_1_548' title='bbox 1909 4186 2119 4224; x_wconf 90' lang='lat' dir='ltr'><strong>omnem</strong></span> <span class='ocrx_word' id='word_1_549' title='bbox 2151 4173 2317 4226; x_wconf 87' lang='lat' dir='ltr'><strong>actio-</strong></span> 
     </span>
    </p>
   </div>
   <div class='ocr_carea' id='block_1_72' title="bbox 747 4253 2314 4326">
    <p class='ocr_par' dir='ltr' id='par_1_72' title="bbox 747 4253 2314 4326">
     <span class='ocr_line' id='line_1_72' title="bbox 747 4253 2314 4326; baseline 0.007 -22"><span class='ocrx_word' id='word_1_550' title='bbox 747 4267 888 4306; x_wconf 88' lang='lat' dir='ltr'><strong>nem.</strong></span> <span class='ocrx_word' id='word_1_551' title='bbox 927 4253 989 4304; x_wconf 73' lang='lat' dir='ltr'><strong>Et</strong></span> <span class='ocrx_word' id='word_1_552' title='bbox 1016 4270 1170 4321; x_wconf 80' lang='lat' dir='ltr'><strong>super</strong></span> <span class='ocrx_word' id='word_1_553' title='bbox 1193 4258 1430 4322; x_wconf 76' lang='lat' dir='ltr'><strong>rapinam</strong></span> <span class='ocrx_word' id='word_1_554' title='bbox 1457 4259 1613 4312; x_wconf 82' lang='lat' dir='ltr'><strong>nolite</strong></span> <span class='ocrx_word' id='word_1_555' title='bbox 1631 4261 2007 4326; x_wconf 77' lang='lat' dir='ltr'><strong>concupiscere.</strong></span> <span class='ocrx_word' id='word_1_556' title='bbox 2028 4261 2212 4315; x_wconf 85' lang='lat' dir='ltr'><strong>Aliena</strong></span> <span class='ocrx_word' id='word_1_557' title='bbox 2250 4278 2314 4315; x_wconf 84' lang='lat' dir='ltr'><strong>ne</strong></span> 
     </span>
    </p>
   </div>
   <div class='ocr_carea' id='block_1_73' title="bbox 747 4348 2313 4422">
    <p class='ocr_par' dir='ltr' id='par_1_73' title="bbox 747 4348 2313 4422">
     <span class='ocr_line' id='line_1_73' title="bbox 747 4348 2313 4422; baseline 0.006 -24"><span class='ocrx_word' id='word_1_558' title='bbox 747 4348 1211 4415; x_wconf 84' lang='lat' dir='ltr'><strong>concupiscamus,</strong></span> <span class='ocrx_word' id='word_1_559' title='bbox 1244 4349 1514 4403; x_wconf 87' lang='lat' dir='ltr'><strong>admonet.</strong></span> <span class='ocrx_word' id='word_1_560' title='bbox 1546 4351 1752 4406; x_wconf 70' lang='lat' dir='ltr'><strong>Divina:</strong></span> <span class='ocrx_word' id='word_1_561' title='bbox 1784 4355 1828 4406; x_wconf 84' lang='lat' dir='ltr'><strong>si</strong></span> <span class='ocrx_word' id='word_1_562' title='bbox 1872 4353 2080 4422; x_wconf 75' lang='lat' dir='ltr'><strong>afﬂuant</strong></span> <span class='ocrx_word' id='word_1_563' title='bbox 2105 4394 2119 4417; x_wconf 95' lang='lat'><strong>,</strong></span> <span class='ocrx_word' id='word_1_564' title='bbox 2157 4357 2313 4408; x_wconf 81' lang='lat' dir='ltr'><strong>nolite</strong></span> 
     </span>
    </p>
   </div>
   <div class='ocr_carea' id='block_1_74' title="bbox 747 4443 2312 4515">
    <p class='ocr_par' dir='ltr' id='par_1_74' title="bbox 747 4443 2312 4515">
     <span class='ocr_line' id='line_1_74' title="bbox 747 4443 2312 4515; baseline 0.007 -23"><span class='ocrx_word' id='word_1_565' title='bbox 747 4455 838 4492; x_wconf 76' lang='lat' dir='ltr'><strong>cor</strong></span> <span class='ocrx_word' id='word_1_566' title='bbox 870 4457 1141 4508; x_wconf 85' lang='lat' dir='ltr'><strong>apponere.</strong></span> <span class='ocrx_word' id='word_1_567' title='bbox 1181 4443 1234 4496; x_wconf 90' lang='lat' dir='ltr'><strong>Si</strong></span> <span class='ocrx_word' id='word_1_568' title='bbox 1284 4443 1481 4498; x_wconf 87' lang='lat' dir='ltr'><strong>videris</strong></span> <span class='ocrx_word' id='word_1_569' title='bbox 1525 4447 1827 4515; x_wconf 86' lang='lat' dir='ltr'><strong>quempiam</strong></span> <span class='ocrx_word' id='word_1_570' title='bbox 1880 4448 2312 4514; x_wconf 61' lang='lat' dir='ltr'><strong>prmdivitemme</strong></span> 
     </span>
    </p>
   </div>
   <div class='ocr_carea' id='block_1_75' title="bbox 747 4530 2310 4604">
    <p class='ocr_par' dir='ltr' id='par_1_75' title="bbox 747 4530 2310 4604">
     <span class='ocr_line' id='line_1_75' title="bbox 747 4530 2310 4604; baseline 0.008 -25"><span class='ocrx_word' id='word_1_571' title='bbox 747 4530 911 4583; x_wconf 79' lang='lat' dir='ltr'><strong>vitam</strong></span> <span class='ocrx_word' id='word_1_572' title='bbox 938 4531 1101 4599; x_wconf 88' lang='lat' dir='ltr'><strong>ipsius</strong></span> <span class='ocrx_word' id='word_1_573' title='bbox 1132 4533 1291 4603; x_wconf 80' lang='lat'><strong>198</strong></span> <span class='ocrx_word' id='word_1_574' title='bbox 1319 4537 1528 4588; x_wconf 81' lang='lat' dir='ltr'><strong>beatam</strong></span> <span class='ocrx_word' id='word_1_575' title='bbox 1567 4539 1967 4604; x_wconf 71' lang='lat' dir='ltr'><strong>prmdicaveris.</strong></span> <span class='ocrx_word' id='word_1_576' title='bbox 2005 4537 2058 4592; x_wconf 88' lang='lat' dir='ltr'><strong>Si</strong></span> <span class='ocrx_word' id='word_1_577' title='bbox 2108 4540 2310 4591; x_wconf 76' lang='lat' dir='ltr'><strong>undeli-</strong></span> 
     </span>
    </p>
   </div>
   <div class='ocr_carea' id='block_1_76' title="bbox 2490 3331 4000 3404">
    <p class='ocr_par' dir='ltr' id='par_1_76' title="bbox 2490 3331 4000 3404">
     <span class='ocr_line' id='line_1_76' title="bbox 2490 3331 4000 3404; baseline -0.005 -12"><span class='ocrx_word' id='word_1_578' title='bbox 2490 3339 2543 3392; x_wconf 81' lang='lat'><strong>5.</strong></span> <span class='ocrx_word' id='word_1_579' title='bbox 2578 3336 2673 3404; x_wconf 74' lang='grc' dir='ltr'><strong>Μὴ</strong></span> <span class='ocrx_word' id='word_1_580' title='bbox 2701 3334 2964 3394; x_wconf 79' lang='grc' dir='ltr'>ἐλπίζετε</span> <span class='ocrx_word' id='word_1_581' title='bbox 2988 3334 3079 3386; x_wconf 76' lang='grc' dir='ltr'><strong>ἐπ’</strong></span> <span class='ocrx_word' id='word_1_582' title='bbox 3109 3332 3347 3387; x_wconf 76' lang='grc' dir='ltr'>ἀδικίαν</span> <span class='ocrx_word' id='word_1_583' title='bbox 3370 3331 3468 3385; x_wconf 78' lang='grc' dir='ltr'>καὶ</span> <span class='ocrx_word' id='word_1_584' title='bbox 3493 3331 3590 3384; x_wconf 77' lang='grc' dir='ltr'><strong>ἐπὶ</strong></span> <span class='ocrx_word' id='word_1_585' title='bbox 3613 3332 3892 3402; x_wconf 72' lang='grc' dir='ltr'>ἅρπαγμα</span> <span class='ocrx_word' id='word_1_586' title='bbox 3916 3332 4000 3401; x_wconf 73' lang='grc' dir='ltr'>μὴ</span> 
     </span>
    </p>
   </div>
   <div class='ocr_carea' id='block_1_77' title="bbox 2417 3422 3999 3485">
    <p class='ocr_par' dir='ltr' id='par_1_77' title="bbox 2417 3422 3999 3485">
     <span class='ocr_line' id='line_1_77' title="bbox 2417 3422 3999 3485; baseline -0.005 0"><span class='ocrx_word' id='word_1_587' title='bbox 2417 3430 2768 3485; x_wconf 75' lang='grc' dir='ltr'>ἐπιποθεῖτε.</span> <span class='ocrx_word' id='word_1_588' title='bbox 2819 3430 2964 3480; x_wconf 81' lang='grc' dir='ltr'><strong>Ἀνω</strong></span> <span class='ocrx_word' id='word_1_589' title='bbox 3021 3422 3204 3479; x_wconf 75' lang='grc' dir='ltr'>εἶπενο</span> <span class='ocrx_word' id='word_1_590' title='bbox 3261 3426 3580 3479; x_wconf 80' lang='grc' dir='ltr'>Ἐλπίσατε</span> <span class='ocrx_word' id='word_1_591' title='bbox 3632 3426 3724 3478; x_wconf 77' lang='grc' dir='ltr'><strong>ἐπ’</strong></span> <span class='ocrx_word' id='word_1_592' title='bbox 3790 3427 3999 3485; x_wconf 80' lang='grc' dir='ltr'>αὐτὸν.</span> 
     </span>
    </p>
   </div>
   <div class='ocr_carea' id='block_1_78' title="bbox 2419 3513 3998 3590">
    <p class='ocr_par' dir='ltr' id='par_1_78' title="bbox 2419 3513 3998 3590">
     <span class='ocr_line' id='line_1_78' title="bbox 2419 3513 3998 3590; baseline -0.006 -13"><span class='ocrx_word' id='word_1_593' title='bbox 2419 3523 2583 3579; x_wconf 83' lang='grc' dir='ltr'>πᾶσα</span> <span class='ocrx_word' id='word_1_594' title='bbox 2626 3519 2947 3590; x_wconf 71' lang='grc' dir='ltr'>συναγωγὴ</span> <span class='ocrx_word' id='word_1_595' title='bbox 2995 3519 3179 3572; x_wconf 68' lang='grc' dir='ltr'>λαῶν.</span> <span class='ocrx_word' id='word_1_596' title='bbox 3251 3513 3372 3569; x_wconf 82' lang='grc' dir='ltr'>Εἷδε</span> <span class='ocrx_word' id='word_1_597' title='bbox 3411 3517 3469 3568; x_wconf 79' lang='grc' dir='ltr'>τὸ</span> <span class='ocrx_word' id='word_1_598' title='bbox 3501 3516 3732 3587; x_wconf 75' lang='grc' dir='ltr'>ὀκνηρὸν</span> <span class='ocrx_word' id='word_1_599' title='bbox 3772 3516 3872 3586; x_wconf 78' lang='grc' dir='ltr'><strong>τῆς</strong></span> <span class='ocrx_word' id='word_1_600' title='bbox 3899 3517 3998 3569; x_wconf 78' lang='grc' dir='ltr'>ὐπ-</span> 
     </span>
    </p>
   </div>
   <div class='ocr_carea' id='block_1_79' title="bbox 2418 3608 3998 3688">
    <p class='ocr_par' dir='ltr' id='par_1_79' title="bbox 2418 3608 3998 3688">
     <span class='ocr_line' id='line_1_79' title="bbox 2418 3608 3998 3688; baseline -0.006 -17"><span class='ocrx_word' id='word_1_601' title='bbox 2418 3619 2606 3688; x_wconf 81' lang='grc' dir='ltr'>ακοῆς,</span> <span class='ocrx_word' id='word_1_602' title='bbox 2635 3615 2726 3669; x_wconf 70' lang='grc' dir='ltr'><strong>καὶ</strong></span> <span class='ocrx_word' id='word_1_603' title='bbox 2745 3614 3078 3684; x_wconf 75' lang='grc' dir='ltr'>ἀπεφήνατο,</span> <span class='ocrx_word' id='word_1_604' title='bbox 3112 3612 3192 3663; x_wconf 78' lang='grc' dir='ltr'>ὅτι</span> <span class='ocrx_word' id='word_1_605' title='bbox 3209 3609 3383 3678; x_wconf 76' lang='grc' dir='ltr'><em>Πλὴν</em></span> <span class='ocrx_word' id='word_1_606' title='bbox 3394 3608 3631 3678; x_wconf 80' lang='grc' dir='ltr'>μάταιοι</span> <span class='ocrx_word' id='word_1_607' title='bbox 3655 3611 3709 3663; x_wconf 76' lang='grc' dir='ltr'><strong>οἱ</strong></span> <span class='ocrx_word' id='word_1_608' title='bbox 3733 3611 3847 3664; x_wconf 79' lang='lat' dir='ltr'><strong>vlol</strong></span> <span class='ocrx_word' id='word_1_609' title='bbox 3885 3609 3998 3662; x_wconf 79' lang='grc' dir='ltr'>τῶν</span> 
     </span>
    </p>
   </div>
   <div class='ocr_carea' id='block_1_80' title="bbox 2416 3701 3998 3776">
    <p class='ocr_par' dir='ltr' id='par_1_80' title="bbox 2416 3701 3998 3776">
     <span class='ocr_line' id='line_1_80' title="bbox 2416 3701 3998 3776; baseline -0.004 -15"><span class='ocrx_word' id='word_1_610' title='bbox 2416 3708 2760 3776; x_wconf 76' lang='grc' dir='ltr'>ἀνθρώπων.</span> <span class='ocrx_word' id='word_1_611' title='bbox 2795 3705 2963 3759; x_wconf 86' lang='grc' dir='ltr'>Πάλιν</span> <span class='ocrx_word' id='word_1_612' title='bbox 3013 3701 3346 3774; x_wconf 82' lang='grc' dir='ltr'>ἀπαγορεύει</span> <span class='ocrx_word' id='word_1_613' title='bbox 3395 3702 3746 3774; x_wconf 65' lang='grc' dir='ltr'>μὴ’ἐλπίζειν</span> <span class='ocrx_word' id='word_1_614' title='bbox 3773 3703 3860 3755; x_wconf 80' lang='grc' dir='ltr'><strong>ἐπ’</strong></span> <span class='ocrx_word' id='word_1_615' title='bbox 3893 3702 3998 3754; x_wconf 81' lang='grc' dir='ltr'>ἀδι-</span> 
     </span>
    </p>
   </div>
   <div class='ocr_carea' id='block_1_81' title="bbox 2417 3795 3994 3868">
    <p class='ocr_par' dir='ltr' id='par_1_81' title="bbox 2417 3795 3994 3868">
     <span class='ocr_line' id='line_1_81' title="bbox 2417 3795 3994 3868; baseline -0.004 -12"><span class='ocrx_word' id='word_1_616' title='bbox 2417 3803 2559 3858; x_wconf 84' lang='grc' dir='ltr'>κίαν.</span> <span class='ocrx_word' id='word_1_617' title='bbox 2597 3801 2652 3853; x_wconf 87' lang='grc' dir='ltr'><strong>Ὀ</strong></span> <span class='ocrx_word' id='word_1_618' title='bbox 2683 3799 2772 3852; x_wconf 78' lang='grc' dir='ltr'><strong>τὸν</strong></span> <span class='ocrx_word' id='word_1_619' title='bbox 2811 3798 2868 3862; x_wconf 78' lang='grc' dir='ltr'><strong>ἐξ</strong></span> <span class='ocrx_word' id='word_1_620' title='bbox 2906 3797 3116 3860; x_wconf 81' lang='grc' dir='ltr'>ἀδικίας</span> <span class='ocrx_word' id='word_1_621' title='bbox 3153 3796 3510 3868; x_wconf 74' lang='grc' dir='ltr'>ἠθροισμένον</span> <span class='ocrx_word' id='word_1_622' title='bbox 3544 3795 3774 3848; x_wconf 82' lang='grc' dir='ltr'>πλοῦτον</span> <span class='ocrx_word' id='word_1_623' title='bbox 3806 3797 3994 3866; x_wconf 71' lang='grc' dir='ltr'>ἱκανὴν</span> 
     </span>
    </p>
   </div>
   <div class='ocr_carea' id='block_1_82' title="bbox 2416 3885 3991 3966">
    <p class='ocr_par' dir='ltr' id='par_1_82' title="bbox 2416 3885 3991 3966">
     <span class='ocr_line' id='line_1_82' title="bbox 2416 3885 3991 3966; baseline -0.006 -17"><span class='ocrx_word' id='word_1_624' title='bbox 2416 3895 2591 3966; x_wconf 79' lang='grc' dir='ltr'>ἐαυτῷ</span> <span class='ocrx_word' id='word_1_625' title='bbox 2627 3893 2759 3965; x_wconf 80' lang='grc' dir='ltr'>πρὸς</span> <span class='ocrx_word' id='word_1_626' title='bbox 2798 3892 2858 3945; x_wconf 86' lang='grc' dir='ltr'>τὸ</span> <span class='ocrx_word' id='word_1_627' title='bbox 2913 3892 3115 3961; x_wconf 79' lang='grc' dir='ltr'>ἰσχύειν</span> <span class='ocrx_word' id='word_1_628' title='bbox 3162 3892 3254 3943; x_wconf 73' lang='grc' dir='ltr'><strong>καὶ</strong></span> <span class='ocrx_word' id='word_1_629' title='bbox 3294 3892 3518 3960; x_wconf 86' lang='grc' dir='ltr'>κρατεῖν</span> <span class='ocrx_word' id='word_1_630' title='bbox 3558 3888 3811 3959; x_wconf 60' lang='grc' dir='ltr'>ἀφορμὴν</span> <span class='ocrx_word' id='word_1_631' title='bbox 3858 3885 3991 3942; x_wconf 78' lang='grc' dir='ltr'>εἶναι</span> 
     </span>
    </p>
   </div>
   <div class='ocr_carea' id='block_1_83' title="bbox 2416 3981 3991 4061">
    <p class='ocr_par' dir='ltr' id='par_1_83' title="bbox 2416 3981 3991 4061">
     <span class='ocr_line' id='line_1_83' title="bbox 2416 3981 3991 4061; baseline -0.005 -20"><span class='ocrx_word' id='word_1_632' title='bbox 2416 3991 2615 4061; x_wconf 88' lang='grc' dir='ltr'>κρίνων</span> <span class='ocrx_word' id='word_1_633' title='bbox 2667 3986 2848 4056; x_wconf 78' lang='grc' dir='ltr'>ὅμοιός</span> <span class='ocrx_word' id='word_1_634' title='bbox 2878 3988 3023 4038; x_wconf 78' lang='grc' dir='ltr'>ἐστιν</span> <span class='ocrx_word' id='word_1_635' title='bbox 3056 3981 3320 4054; x_wconf 72' lang='grc' dir='ltr'>ἀρρώστῳ</span> <span class='ocrx_word' id='word_1_636' title='bbox 3354 3985 3411 4034; x_wconf 80' lang='grc' dir='ltr'><strong>ἐν</strong></span> <span class='ocrx_word' id='word_1_637' title='bbox 3458 3983 3522 4052; x_wconf 84' lang='grc' dir='ltr'>τῇ</span> <span class='ocrx_word' id='word_1_638' title='bbox 3561 3981 3844 4053; x_wconf 77' lang='grc' dir='ltr'>περιουσία</span> <span class='ocrx_word' id='word_1_639' title='bbox 3894 3983 3991 4051; x_wconf 76' lang='grc' dir='ltr'>τῆς</span> 
     </span>
    </p>
   </div>
   <div class='ocr_carea' id='block_1_84' title="bbox 2414 4071 3990 4148">
    <p class='ocr_par' dir='ltr' id='par_1_84' title="bbox 2414 4071 3990 4148">
     <span class='ocr_line' id='line_1_84' title="bbox 2414 4071 3990 4148; baseline -0.006 -15"><span class='ocrx_word' id='word_1_640' title='bbox 2414 4081 2569 4134; x_wconf 82' lang='grc' dir='ltr'>νόσου</span> <span class='ocrx_word' id='word_1_641' title='bbox 2609 4079 2707 4148; x_wconf 81' lang='grc' dir='ltr'><strong>τὴν</strong></span> <span class='ocrx_word' id='word_1_642' title='bbox 2737 4076 2947 4140; x_wconf 79' lang='grc' dir='ltr'>εὐεξίαν</span> <span class='ocrx_word' id='word_1_643' title='bbox 2982 4075 3270 4144; x_wconf 84' lang='grc' dir='ltr'>τιθεμένῳ.</span> <span class='ocrx_word' id='word_1_644' title='bbox 3305 4074 3400 4141; x_wconf 78' lang='grc' dir='ltr'><strong>Μὴ</strong></span> <span class='ocrx_word' id='word_1_645' title='bbox 3434 4071 3701 4134; x_wconf 67' lang='grc' dir='ltr'>ἐλπίζετε</span> <span class='ocrx_word' id='word_1_646' title='bbox 3725 4074 3817 4125; x_wconf 77' lang='grc' dir='ltr'><strong>ἐπ’</strong></span> <span class='ocrx_word' id='word_1_647' title='bbox 3868 4073 3990 4127; x_wconf 82' lang='grc' dir='ltr'>ἀδι-</span> 
     </span>
    </p>
   </div>
   <div class='ocr_carea' id='block_1_85' title="bbox 2415 4165 3985 4238">
    <p class='ocr_par' dir='ltr' id='par_1_85' title="bbox 2415 4165 3985 4238">
     <span class='ocr_line' id='line_1_85' title="bbox 2415 4165 3985 4238; baseline -0.004 -15"><span class='ocrx_word' id='word_1_648' title='bbox 2415 4171 2571 4223; x_wconf 77' lang='grc' dir='ltr'>κίαν.</span> <span class='ocrx_word' id='word_1_649' title='bbox 2621 4168 2765 4238; x_wconf 78' lang='grc' dir='ltr'>Λῦτη</span> <span class='ocrx_word' id='word_1_650' title='bbox 2809 4185 2890 4220; x_wconf 79' lang='grc' dir='ltr'><strong>σοι</strong></span> <span class='ocrx_word' id='word_1_651' title='bbox 2942 4165 3219 4238; x_wconf 76' lang='grc' dir='ltr'>ἐμποδίζει</span> <span class='ocrx_word' id='word_1_652' title='bbox 3273 4165 3408 4236; x_wconf 76' lang='grc' dir='ltr'>πρὸς</span> <span class='ocrx_word' id='word_1_653' title='bbox 3455 4165 3632 4218; x_wconf 82' lang='grc' dir='ltr'>πᾶσαν</span> <span class='ocrx_word' id='word_1_654' title='bbox 3686 4166 3985 4236; x_wconf 83' lang='grc' dir='ltr'>ἐνέργειαν.</span> 
     </span>
    </p>
   </div>
   <div class='ocr_carea' id='block_1_86' title="bbox 2414 4253 3986 4330">
    <p class='ocr_par' dir='ltr' id='par_1_86' title="bbox 2414 4253 3986 4330">
     <span class='ocr_line' id='line_1_86' title="bbox 2414 4253 3986 4330; baseline -0.005 -14"><span class='ocrx_word' id='word_1_655' title='bbox 2414 4263 2520 4316; x_wconf 76' lang='lat' dir='ltr'><strong>Kal</strong></span> <span class='ocrx_word' id='word_1_656' title='bbox 2569 4261 2668 4314; x_wconf 78' lang='grc' dir='ltr'><strong>ἐπὶ</strong></span> <span class='ocrx_word' id='word_1_657' title='bbox 2710 4261 2986 4329; x_wconf 73' lang='grc' dir='ltr'>ἅρπαγμα</span> <span class='ocrx_word' id='word_1_658' title='bbox 3017 4260 3124 4330; x_wconf 88' lang='grc'>(97)</span> <span class='ocrx_word' id='word_1_659' title='bbox 3171 4257 3257 4327; x_wconf 78' lang='grc' dir='ltr'>μὴ</span> <span class='ocrx_word' id='word_1_660' title='bbox 3306 4256 3656 4311; x_wconf 76' lang='grc' dir='ltr'>ἐπιποθεῖτε.</span> <span class='ocrx_word' id='word_1_661' title='bbox 3713 4257 3804 4328; x_wconf 83' lang='grc' dir='ltr'><strong>Μὴ</strong></span> <span class='ocrx_word' id='word_1_662' title='bbox 3852 4253 3986 4309; x_wconf 73' lang='grc' dir='ltr'>εἶναι</span> 
     </span>
    </p>
   </div>
   <div class='ocr_carea' id='block_1_87' title="bbox 2413 4339 3985 4425">
    <p class='ocr_par' dir='ltr' id='par_1_87' title="bbox 2413 4339 3985 4425">
     <span class='ocr_line' id='line_1_87' title="bbox 2413 4339 3985 4425; baseline -0.004 -18"><span class='ocrx_word' id='word_1_663' title='bbox 2413 4356 2519 4407; x_wconf 85' lang='grc' dir='ltr'><strong>τῶν</strong></span> <span class='ocrx_word' id='word_1_664' title='bbox 2553 4354 2845 4425; x_wconf 80' lang='grc' dir='ltr'>ἀλλοτρίων</span> <span class='ocrx_word' id='word_1_665' title='bbox 2885 4350 3227 4423; x_wconf 76' lang='grc' dir='ltr'>ἐπιθυμητὰς</span> <span class='ocrx_word' id='word_1_666' title='bbox 3267 4351 3542 4422; x_wconf 78' lang='grc' dir='ltr'>παραινεῖ.</span> <span class='ocrx_word' id='word_1_667' title='bbox 3579 4339 3847 4414; x_wconf 73' lang='grc' dir='ltr'>Πλοῦτος</span> <span class='ocrx_word' id='word_1_668' title='bbox 3878 4348 3985 4401; x_wconf 75' lang='grc' dir='ltr'><strong>ἐὰν</strong></span> 
     </span>
    </p>
   </div>
   <div class='ocr_carea' id='block_1_88' title="bbox 2405 4439 3980 4513">
    <p class='ocr_par' dir='ltr' id='par_1_88' title="bbox 2405 4439 3980 4513">
     <span class='ocr_line' id='line_1_88' title="bbox 2405 4439 3980 4513; baseline -0.001 -20"><span class='ocrx_word' id='word_1_669' title='bbox 2405 4446 2536 4513; x_wconf 72' lang='grc' dir='ltr'><strong>ῥέῃ,</strong></span> <span class='ocrx_word' id='word_1_670' title='bbox 2564 4445 2648 4513; x_wconf 78' lang='grc' dir='ltr'>μὴ</span> <span class='ocrx_word' id='word_1_671' title='bbox 2689 4445 3082 4512; x_wconf 77' lang='grc' dir='ltr'>προστίθεσθε</span> <span class='ocrx_word' id='word_1_672' title='bbox 3113 4442 3321 4510; x_wconf 77' lang='grc' dir='ltr'>καρδίᾳ</span> <span class='ocrx_word' id='word_1_673' title='bbox 3359 4442 3490 4512; x_wconf 89' lang='grc'>(98).</span> <span class='ocrx_word' id='word_1_674' title='bbox 3534 4441 3658 4493; x_wconf 82' lang='grc' dir='ltr'>Ἐἀν</span> <span class='ocrx_word' id='word_1_675' title='bbox 3700 4439 3816 4512; x_wconf 75' lang='grc' dir='ltr'>ἴδῃς</span> <span class='ocrx_word' id='word_1_676' title='bbox 3861 4440 3980 4493; x_wconf 66' lang='grc' dir='ltr'>τινα</span> 
     </span>
    </p>
   </div>
   <div class='ocr_carea' id='block_1_89' title="bbox 2412 4534 3978 4611">
    <p class='ocr_par' dir='ltr' id='par_1_89' title="bbox 2412 4534 3978 4611">
     <span class='ocr_line' id='line_1_89' title="bbox 2412 4534 3978 4611; baseline -0.005 -19"><span class='ocrx_word' id='word_1_677' title='bbox 2412 4541 2518 4592; x_wconf 81' lang='grc' dir='ltr'><strong>τῶν</strong></span> <span class='ocrx_word' id='word_1_678' title='bbox 2575 4540 3108 4611; x_wconf 82' lang='grc' dir='ltr'>ὑπερπλουτούντων,</span> <span class='ocrx_word' id='word_1_679' title='bbox 3169 4538 3242 4607; x_wconf 82' lang='grc' dir='ltr'>μὴ</span> <span class='ocrx_word' id='word_1_680' title='bbox 3299 4535 3608 4606; x_wconf 79' lang='grc' dir='ltr'>μακαρίσῃς</span> <span class='ocrx_word' id='word_1_681' title='bbox 3662 4534 3826 4586; x_wconf 73' lang='grc' dir='ltr'>αὑτοῦ</span> <span class='ocrx_word' id='word_1_682' title='bbox 3884 4535 3978 4603; x_wconf 74' lang='grc' dir='ltr'><strong>τὴν</strong></span> 
     </span>
    </p>
   </div>
   <div class='ocr_carea' id='block_1_90' title="bbox 748 4613 2418 4702">
    <p class='ocr_par' dir='ltr' id='par_1_90' title="bbox 748 4613 2418 4692">
     <span class='ocr_line' id='line_1_90' title="bbox 748 4613 2418 4692; baseline 0.007 -18"><span class='ocrx_word' id='word_1_683' title='bbox 748 4620 856 4683; x_wconf 88' lang='lat' dir='ltr'><strong>bet,</strong></span> <span class='ocrx_word' id='word_1_684' title='bbox 892 4632 944 4676; x_wconf 92' lang='lat' dir='ltr'><strong>et</strong></span> <span class='ocrx_word' id='word_1_685' title='bbox 977 4640 1040 4677; x_wconf 80' lang='lat' dir='ltr'><strong>ex</strong></span> <span class='ocrx_word' id='word_1_686' title='bbox 1071 4625 1322 4681; x_wconf 84' lang='lat' dir='ltr'><strong>uberibus</strong></span> <span class='ocrx_word' id='word_1_687' title='bbox 1353 4625 1587 4681; x_wconf 75' lang='lat' dir='ltr'><strong>fontibus</strong></span> <span class='ocrx_word' id='word_1_688' title='bbox 1620 4629 1710 4680; x_wconf 90' lang='lat' dir='ltr'><strong>tibi</strong></span> <span class='ocrx_word' id='word_1_689' title='bbox 1747 4628 1965 4682; x_wconf 82' lang='lat' dir='ltr'><strong>allluaut</strong></span> <span class='ocrx_word' id='word_1_690' title='bbox 1993 4630 2214 4692; x_wconf 64' lang='lat' dir='ltr'><strong>divitite,</strong></span> <span class='ocrx_word' id='word_1_691' title='bbox 2245 4647 2306 4684; x_wconf 92' lang='lat' dir='ltr'><strong>ne</strong></span> <span class='ocrx_word' id='word_1_692' title='bbox 2341 4613 2384 4669; x_wconf 75' lang='grc' dir='ltr'><strong>θ</strong></span> <span class='ocrx_word' id='word_1_693' title='bbox 2412 4652 2418 4680; x_wconf 66' lang='grc' dir='ltr'><strong>ι</strong></span> 
     </span>
    </p>
   </div>
   <div class='ocr_carea' id='block_1_91' title="bbox 2310 4613 3980 4702">
    <p class='ocr_par' dir='ltr' id='par_1_91' title="bbox 2341 4613 3980 4702">
     <span class='ocr_line' id='line_1_91' title="bbox 2341 4613 3980 4702; baseline -0.006 -17"><span class='ocrx_word' id='word_1_694' title='bbox 2341 4613 2384 4669; x_wconf 78' lang='lat' dir='ltr'><strong>D</strong></span> <span class='ocrx_word' id='word_1_695' title='bbox 2412 4633 2575 4702; x_wconf 78' lang='grc' dir='ltr'>ζωήν.</span> <span class='ocrx_word' id='word_1_696' title='bbox 2638 4633 2760 4685; x_wconf 83' lang='grc' dir='ltr'>Ἐάν</span> <span class='ocrx_word' id='word_1_697' title='bbox 2795 4650 2876 4684; x_wconf 88' lang='grc' dir='ltr'><strong>σοι</strong></span> <span class='ocrx_word' id='word_1_698' title='bbox 2926 4629 3252 4699; x_wconf 78' lang='grc' dir='ltr'>πολλαχόθεν</span> <span class='ocrx_word' id='word_1_699' title='bbox 3290 4628 3384 4680; x_wconf 74' lang='grc' dir='ltr'><strong>καὶ</strong></span> <span class='ocrx_word' id='word_1_700' title='bbox 3418 4627 3475 4692; x_wconf 75' lang='grc' dir='ltr'>ἐξ</span> <span class='ocrx_word' id='word_1_701' title='bbox 3505 4625 3748 4694; x_wconf 67' lang='grc' dir='ltr'>ἀφθόνων</span> <span class='ocrx_word' id='word_1_702' title='bbox 3792 4626 3980 4696; x_wconf 84' lang='grc' dir='ltr'>πηγῶν</span> 
     </span>
    </p>
   </div>
   <div class='ocr_carea' id='block_1_92' title="bbox 751 4712 2306 4791">
    <p class='ocr_par' dir='ltr' id='par_1_92' title="bbox 751 4712 2306 4791">
     <span class='ocr_line' id='line_1_92' title="bbox 751 4712 2306 4791; baseline 0.007 -30"><span class='ocrx_word' id='word_1_703' title='bbox 751 4712 800 4762; x_wconf 92' lang='lat' dir='ltr'><strong>in</strong></span> <span class='ocrx_word' id='word_1_704' title='bbox 837 4726 1018 4766; x_wconf 87' lang='lat' dir='ltr'><strong>earum</strong></span> <span class='ocrx_word' id='word_1_705' title='bbox 1049 4717 1200 4782; x_wconf 88' lang='lat' dir='ltr'><strong>copia</strong></span> <span class='ocrx_word' id='word_1_706' title='bbox 1251 4718 1582 4786; x_wconf 84' lang='lat' dir='ltr'><strong>acquiescas.</strong></span> <span class='ocrx_word' id='word_1_707' title='bbox 1636 4717 1840 4773; x_wconf 75' lang='lat' dir='ltr'><strong>Dll‘llla.’</strong></span> <span class='ocrx_word' id='word_1_708' title='bbox 1872 4721 1916 4773; x_wconf 83' lang='lat' dir='ltr'><strong>si</strong></span> <span class='ocrx_word' id='word_1_709' title='bbox 1945 4722 2175 4791; x_wconf 68' lang='lat' dir='ltr'><strong>affluant.</strong></span> <span class='ocrx_word' id='word_1_710' title='bbox 2202 4722 2306 4772; x_wconf 79' lang='lat' dir='ltr'><strong>Ad-</strong></span> 
     </span>
    </p>
   </div>
   <div class='ocr_carea' id='block_1_93' title="bbox 748 4802 2306 4874">
    <p class='ocr_par' dir='ltr' id='par_1_93' title="bbox 748 4802 2306 4874">
     <span class='ocr_line' id='line_1_93' title="bbox 748 4802 2306 4874; baseline 0.007 -20"><span class='ocrx_word' id='word_1_711' title='bbox 748 4802 945 4855; x_wconf 87' lang='lat' dir='ltr'><strong>mirare</strong></span> <span class='ocrx_word' id='word_1_712' title='bbox 1001 4820 1202 4860; x_wconf 80' lang='lat' dir='ltr'><strong>vocent.</strong></span> <span class='ocrx_word' id='word_1_713' title='bbox 1262 4807 1426 4864; x_wconf 79' lang='lat' dir='ltr'><strong>Fluxa</strong></span> <span class='ocrx_word' id='word_1_714' title='bbox 1472 4822 1557 4865; x_wconf 90' lang='lat' dir='ltr'><strong>est</strong></span> <span class='ocrx_word' id='word_1_715' title='bbox 1605 4811 1909 4864; x_wconf 82' lang='lat' dir='ltr'><strong>divitiarum</strong></span> <span class='ocrx_word' id='word_1_716' title='bbox 1950 4823 2156 4874; x_wconf 85' lang='lat' dir='ltr'><strong>natura,</strong></span> <span class='ocrx_word' id='word_1_717' title='bbox 2199 4824 2306 4865; x_wconf 89' lang='lat' dir='ltr'><strong>tor-</strong></span> 
     </span>
    </p>
   </div>
   <div class='ocr_carea' id='block_1_94' title="bbox 751 4894 2305 4968">
    <p class='ocr_par' dir='ltr' id='par_1_94' title="bbox 751 4894 2305 4968">
     <span class='ocr_line' id='line_1_94' title="bbox 751 4894 2305 4968; baseline 0.01 -26"><span class='ocrx_word' id='word_1_718' title='bbox 751 4903 899 4947; x_wconf 88' lang='lat' dir='ltr'><strong>rente</strong></span> <span class='ocrx_word' id='word_1_719' title='bbox 933 4894 1090 4948; x_wconf 90' lang='lat' dir='ltr'><strong>citius</strong></span> <span class='ocrx_word' id='word_1_720' title='bbox 1137 4899 1530 4965; x_wconf 76' lang='lat' dir='ltr'><strong>przeterlabitnr</strong></span> <span class='ocrx_word' id='word_1_721' title='bbox 1574 4916 1929 4968; x_wconf 86' lang='lat' dir='ltr'><strong>possessores,</strong></span> <span class='ocrx_word' id='word_1_722' title='bbox 1971 4902 2103 4954; x_wconf 83' lang='lat' dir='ltr'><strong>alios</strong></span> <span class='ocrx_word' id='word_1_723' title='bbox 2149 4905 2305 4958; x_wconf 89' lang='lat' dir='ltr'><strong>aliter</strong></span> 
     </span>
    </p>
   </div>
   <div class='ocr_carea' id='block_1_95' title="bbox 747 4986 2302 5054">
    <p class='ocr_par' dir='ltr' id='par_1_95' title="bbox 747 4986 2302 5054">
     <span class='ocr_line' id='line_1_95' title="bbox 747 4986 2302 5054; baseline 0.01 -18"><span class='ocrx_word' id='word_1_724' title='bbox 747 4986 881 5039; x_wconf 78' lang='lat' dir='ltr'><strong>solet</strong></span> <span class='ocrx_word' id='word_1_725' title='bbox 932 4998 1157 5043; x_wconf 88' lang='lat' dir='ltr'><strong>mutare.</strong></span> <span class='ocrx_word' id='word_1_726' title='bbox 1181 4989 1636 5054; x_wconf 76' lang='lat' dir='ltr'><strong>Quemadmodum</strong></span> <span class='ocrx_word' id='word_1_727' title='bbox 1667 4991 1855 5047; x_wconf 68' lang='lat' dir='ltr'><strong>ﬂuvius</strong></span> <span class='ocrx_word' id='word_1_728' title='bbox 1880 4997 1944 5046; x_wconf 87' lang='lat' dir='ltr'><strong>ab</strong></span> <span class='ocrx_word' id='word_1_729' title='bbox 1975 4996 2081 5047; x_wconf 86' lang='lat' dir='ltr'><strong>altu</strong></span> <span class='ocrx_word' id='word_1_730' title='bbox 2112 4996 2302 5052; x_wconf 76' lang='lat' dir='ltr'><strong>labens</strong></span> 
     </span>
    </p>
   </div>
   <div class='ocr_carea' id='block_1_96' title="bbox 818 5126 1794 5192">
    <p class='ocr_par' dir='ltr' id='par_1_96' title="bbox 818 5126 1794 5192">
     <span class='ocr_line' id='line_1_96' title="bbox 818 5126 1794 5192; baseline 0.007 -15"><span class='ocrx_word' id='word_1_731' title='bbox 818 5126 860 5155; x_wconf 76' lang='grc'><strong>³⁸</strong></span> <span class='ocrx_word' id='word_1_732' title='bbox 881 5127 1030 5181; x_wconf 86' lang='lat' dir='ltr'><strong>Deut.</strong></span> <span class='ocrx_word' id='word_1_733' title='bbox 1075 5146 1203 5191; x_wconf 76' lang='lat' dir='ltr'><strong>xxx,</strong></span> <span class='ocrx_word' id='word_1_734' title='bbox 1251 5130 1335 5182; x_wconf 76' lang='lat'><strong>15.</strong></span> <span class='ocrx_word' id='word_1_735' title='bbox 1411 5130 1454 5160; x_wconf 73' lang='lat'><strong>’9</strong></span> <span class='ocrx_word' id='word_1_736' title='bbox 1483 5129 1580 5182; x_wconf 89' lang='lat' dir='ltr'><strong>lsa.</strong></span> <span class='ocrx_word' id='word_1_737' title='bbox 1624 5145 1674 5192; x_wconf 86' lang='grc' dir='ltr'>ν,</span> <span class='ocrx_word' id='word_1_738' title='bbox 1705 5131 1794 5184; x_wconf 73' lang='lat'><strong>9.0.</strong></span> 
     </span>
    </p>
   </div>
   <div class='ocr_carea' id='block_1_97' title="bbox 815 5289 2296 5359">
    <p class='ocr_par' dir='ltr' id='par_1_97' title="bbox 815 5289 2296 5359">
     <span class='ocr_line' id='line_1_97' title="bbox 815 5289 2296 5359; baseline -0.001 -12"><span class='ocrx_word' id='word_1_739' title='bbox 815 5289 924 5357; x_wconf 69' lang='lat'><strong>(9&#39;2)</strong></span> <span class='ocrx_word' id='word_1_740' title='bbox 959 5291 1034 5344; x_wconf 83' lang='lat' dir='ltr'><strong>lla</strong></span> <span class='ocrx_word' id='word_1_741' title='bbox 1061 5294 1223 5347; x_wconf 86' lang='lat' dir='ltr'><strong>editio</strong></span> <span class='ocrx_word' id='word_1_742' title='bbox 1251 5293 1411 5347; x_wconf 81' lang='lat' dir='ltr'><strong>Basil.</strong></span> <span class='ocrx_word' id='word_1_743' title='bbox 1445 5302 1498 5345; x_wconf 91' lang='lat' dir='ltr'><strong>et</strong></span> <span class='ocrx_word' id='word_1_744' title='bbox 1531 5295 1668 5350; x_wconf 81' lang='lat' dir='ltr'><strong>Oliv.</strong></span> <span class='ocrx_word' id='word_1_745' title='bbox 1698 5303 1751 5346; x_wconf 90' lang='lat' dir='ltr'><strong>et</strong></span> <span class='ocrx_word' id='word_1_746' title='bbox 1783 5293 1992 5359; x_wconf 83' lang='lat' dir='ltr'><strong>Anglic.</strong></span> <span class='ocrx_word' id='word_1_747' title='bbox 2026 5308 2146 5344; x_wconf 91' lang='lat' dir='ltr'><strong>cum</strong></span> <span class='ocrx_word' id='word_1_748' title='bbox 2175 5293 2296 5345; x_wconf 81' lang='lat' dir='ltr'><strong>aliis</strong></span> 
     </span>
    </p>
   </div>
   <div class='ocr_carea' id='block_1_98' title="bbox 746 5363 2294 5429">
    <p class='ocr_par' dir='ltr' id='par_1_98' title="bbox 746 5363 2294 5429">
     <span class='ocr_line' id='line_1_98' title="bbox 746 5363 2294 5429; baseline 0.003 -21"><span class='ocrx_word' id='word_1_749' title='bbox 746 5365 977 5427; x_wconf 88' lang='lat' dir='ltr'><strong>quinque</strong></span> <span class='ocrx_word' id='word_1_750' title='bbox 1014 5380 1139 5419; x_wconf 88' lang='lat' dir='ltr'><strong>mss.</strong></span> <span class='ocrx_word' id='word_1_751' title='bbox 1167 5369 1232 5417; x_wconf 81' lang='lat' dir='ltr'><strong>At</strong></span> <span class='ocrx_word' id='word_1_752' title='bbox 1252 5364 1414 5416; x_wconf 90' lang='lat' dir='ltr'><strong>editio</strong></span> <span class='ocrx_word' id='word_1_753' title='bbox 1441 5363 1608 5418; x_wconf 82' lang='lat' dir='ltr'><strong>Paris.</strong></span> <span class='ocrx_word' id='word_1_754' title='bbox 1643 5379 1764 5417; x_wconf 90' lang='lat' dir='ltr'><strong>cum</strong></span> <span class='ocrx_word' id='word_1_755' title='bbox 1789 5365 1971 5429; x_wconf 87' lang='lat' dir='ltr'><strong>paucis</strong></span> <span class='ocrx_word' id='word_1_756' title='bbox 2005 5379 2129 5414; x_wconf 83' lang='lat' dir='ltr'><strong>mss.</strong></span> <span class='ocrx_word' id='word_1_757' title='bbox 2157 5365 2294 5413; x_wconf 78' lang='grc' dir='ltr'>αίω-</span> 
     </span>
    </p>
   </div>
   <div class='ocr_carea' id='block_1_99' title="bbox 745 5429 2288 5501">
    <p class='ocr_par' dir='ltr' id='par_1_99' title="bbox 745 5429 2288 5501">
     <span class='ocr_line' id='line_1_99' title="bbox 745 5429 2288 5501; baseline 0 -18"><span class='ocrx_word' id='word_1_758' title='bbox 745 5429 859 5492; x_wconf 78' lang='grc' dir='ltr'>νίας</span> <span class='ocrx_word' id='word_1_759' title='bbox 899 5430 1062 5501; x_wconf 76' lang='grc' dir='ltr'>ζωῆς,</span> <span class='ocrx_word' id='word_1_760' title='bbox 1106 5436 1260 5486; x_wconf 77' lang='lat' dir='ltr'><strong>ritum</strong></span> <span class='ocrx_word' id='word_1_761' title='bbox 1293 5444 1555 5486; x_wconf 71' lang='lat' dir='ltr'><strong>a&#39;ternam.</strong></span> <span class='ocrx_word' id='word_1_762' title='bbox 1589 5433 1737 5487; x_wconf 90' lang='lat' dir='ltr'><strong>Colb.</strong></span> <span class='ocrx_word' id='word_1_763' title='bbox 1787 5435 2044 5501; x_wconf 73' lang='lat' dir='ltr'><strong>septimus</strong></span> <span class='ocrx_word' id='word_1_764' title='bbox 2074 5434 2288 5483; x_wconf 77' lang='grc' dir='ltr'>αἰωνίου</span> 
     </span>
    </p>
   </div>
   <div class='ocr_carea' id='block_1_100' title="bbox 734 5498 2295 5572">
    <p class='ocr_par' dir='ltr' id='par_1_100' title="bbox 734 5498 2295 5572">
     <span class='ocr_line' id='line_1_100' title="bbox 734 5498 2295 5572; baseline 0.001 -20"><span class='ocrx_word' id='word_1_765' title='bbox 734 5502 969 5572; x_wconf 61' lang='grc' dir='ltr'>γερνφῆς.</span> <span class='ocrx_word' id='word_1_766' title='bbox 1001 5498 1224 5558; x_wconf 74' lang='lat' dir='ltr'><strong>ibidem.</strong></span> <span class='ocrx_word' id='word_1_767' title='bbox 1256 5504 1405 5559; x_wconf 86' lang='lat' dir='ltr'><strong>Colb.</strong></span> <span class='ocrx_word' id='word_1_768' title='bbox 1449 5513 1670 5572; x_wconf 84' lang='lat' dir='ltr'><strong>quartus</strong></span> <span class='ocrx_word' id='word_1_769' title='bbox 1697 5503 1921 5563; x_wconf 67' lang='grc' dir='ltr'>Ὶλέυδεῖς</span> <span class='ocrx_word' id='word_1_770' title='bbox 1967 5498 2057 5554; x_wconf 83' lang='grc' dir='ltr'><strong>οῦν</strong></span> <span class='ocrx_word' id='word_1_771' title='bbox 2107 5504 2154 5552; x_wconf 90' lang='grc' dir='ltr'>οἱ</span> <span class='ocrx_word' id='word_1_772' title='bbox 2192 5503 2295 5554; x_wconf 75' lang='grc' dir='ltr'>υἱοὶ</span> 
     </span>
    </p>
   </div>
   <div class='ocr_carea' id='block_1_101' title="bbox 742 5571 1204 5644">
    <p class='ocr_par' dir='ltr' id='par_1_101' title="bbox 742 5571 1204 5644">
     <span class='ocr_line' id='line_1_101' title="bbox 742 5571 1204 5644; baseline 0.013 -23"><span class='ocrx_word' id='word_1_773' title='bbox 742 5571 850 5644; x_wconf 76' lang='grc' dir='ltr'><strong>τῶν</strong></span> <span class='ocrx_word' id='word_1_774' title='bbox 870 5573 982 5644; x_wconf 31' lang='grc' dir='ltr'><strong>ῌάνθ</strong></span> <span class='ocrx_word' id='word_1_775' title='bbox 993 5575 1184 5644; x_wconf 83' lang='grc' dir='ltr'>ρώπων</span> <span class='ocrx_word' id='word_1_776' title='bbox 1194 5617 1204 5627; x_wconf 94' lang='grc'><strong>.</strong></span> 
     </span>
    </p>
   </div>
   <div class='ocr_carea' id='block_1_102' title="bbox 813 5641 2299 5707">
    <p class='ocr_par' dir='ltr' id='par_1_102' title="bbox 813 5641 2299 5707">
     <span class='ocr_line' id='line_1_102' title="bbox 813 5641 2299 5707; baseline 0 -15"><span class='ocrx_word' id='word_1_777' title='bbox 813 5641 920 5707; x_wconf 82' lang='grc'>(95)</span> <span class='ocrx_word' id='word_1_778' title='bbox 959 5641 1030 5697; x_wconf 77' lang='lat' dir='ltr'><strong>Ita</strong></span> <span class='ocrx_word' id='word_1_779' title='bbox 1084 5662 1172 5700; x_wconf 72' lang='lat' dir='ltr'><strong>sex</strong></span> <span class='ocrx_word' id='word_1_780' title='bbox 1219 5659 1347 5698; x_wconf 89' lang='lat' dir='ltr'><strong>mss.</strong></span> <span class='ocrx_word' id='word_1_781' title='bbox 1379 5647 1446 5697; x_wconf 78' lang='lat' dir='ltr'><strong>At</strong></span> <span class='ocrx_word' id='word_1_782' title='bbox 1491 5643 1618 5696; x_wconf 83' lang='lat' dir='ltr'><strong>editi</strong></span> <span class='ocrx_word' id='word_1_783' title='bbox 1659 5652 1712 5696; x_wconf 89' lang='lat' dir='ltr'><strong>et</strong></span> <span class='ocrx_word' id='word_1_784' title='bbox 1756 5659 1882 5697; x_wconf 90' lang='lat' dir='ltr'><strong>mss.</strong></span> <span class='ocrx_word' id='word_1_785' title='bbox 1920 5642 2156 5696; x_wconf 82' lang='lat' dir='ltr'><strong>nonnulli</strong></span> <span class='ocrx_word' id='word_1_786' title='bbox 2193 5641 2299 5694; x_wconf 83' lang='grc' dir='ltr'><strong>τῶν</strong></span> 
     </span>
    </p>
   </div>
   <div class='ocr_carea' id='block_1_103' title="bbox 743 5707 975 5778">
    <p class='ocr_par' dir='ltr' id='par_1_103' title="bbox 743 5707 975 5778">
     <span class='ocr_line' id='line_1_103' title="bbox 743 5707 975 5778; baseline 0.017 -17"><span class='ocrx_word' id='word_1_787' title='bbox 743 5707 842 5778; x_wconf 67' lang='grc' dir='ltr'><strong>ἀλη</strong></span> <span class='ocrx_word' id='word_1_788' title='bbox 851 5711 954 5762; x_wconf 83' lang='grc' dir='ltr'><strong>θῶν</strong></span> <span class='ocrx_word' id='word_1_789' title='bbox 965 5754 975 5765; x_wconf 94' lang='grc'><strong>.</strong></span> 
     </span>
    </p>
   </div>
   <div class='ocr_carea' id='block_1_104' title="bbox 815 5780 2300 5852">
    <p class='ocr_par' dir='ltr' id='par_1_104' title="bbox 815 5780 2300 5852">
     <span class='ocr_line' id='line_1_104' title="bbox 815 5780 2300 5852; baseline 0.006 -27"><span class='ocrx_word' id='word_1_790' title='bbox 815 5780 922 5847; x_wconf 59' lang='grc'>(9.4)</span> <span class='ocrx_word' id='word_1_791' title='bbox 953 5785 1040 5836; x_wconf 74' lang='lat' dir='ltr'><strong>Sic</strong></span> <span class='ocrx_word' id='word_1_792' title='bbox 1072 5802 1199 5836; x_wconf 65' lang='grc' dir='ltr'>ηιςς.</span> <span class='ocrx_word' id='word_1_793' title='bbox 1230 5794 1476 5852; x_wconf 81' lang='lat' dir='ltr'><strong>quatuor.</strong></span> <span class='ocrx_word' id='word_1_794' title='bbox 1524 5783 1662 5836; x_wconf 82' lang='lat' dir='ltr'><strong>Editi</strong></span> <span class='ocrx_word' id='word_1_795' title='bbox 1709 5783 1756 5834; x_wconf 84' lang='grc' dir='ltr'>οἱ</span> <span class='ocrx_word' id='word_1_796' title='bbox 1801 5785 1893 5836; x_wconf 72' lang='grc' dir='ltr'><strong>καὶ</strong></span> <span class='ocrx_word' id='word_1_797' title='bbox 1927 5784 2130 5847; x_wconf 75' lang='grc' dir='ltr'>αὐτοῖς.</span> <span class='ocrx_word' id='word_1_798' title='bbox 2183 5783 2300 5836; x_wconf 84' lang='lat' dir='ltr'><strong>Cul-</strong></span> 
     </span>
    </p>
   </div>
   <div class='ocr_carea' id='block_1_105' title="bbox 747 5847 1858 5923">
    <p class='ocr_par' dir='ltr' id='par_1_105' title="bbox 747 5847 1858 5923">
     <span class='ocr_line' id='line_1_105' title="bbox 747 5847 1858 5923; baseline 0.006 -24"><span class='ocrx_word' id='word_1_799' title='bbox 747 5847 934 5904; x_wconf 82' lang='lat' dir='ltr'><strong>bertini</strong></span> <span class='ocrx_word' id='word_1_800' title='bbox 962 5867 1180 5923; x_wconf 80' lang='lat' dir='ltr'><strong>quartus</strong></span> <span class='ocrx_word' id='word_1_801' title='bbox 1207 5847 1258 5907; x_wconf 64' lang='lat' dir='ltr'><strong>et</strong></span> <span class='ocrx_word' id='word_1_802' title='bbox 1279 5866 1462 5909; x_wconf 69' lang='lat' dir='ltr'><strong>sextus</strong></span> <span class='ocrx_word' id='word_1_803' title='bbox 1489 5857 1534 5906; x_wconf 79' lang='grc' dir='ltr'>οἱ</span> <span class='ocrx_word' id='word_1_804' title='bbox 1573 5854 1662 5904; x_wconf 74' lang='grc' dir='ltr'><strong>καὶ</strong></span> <span class='ocrx_word' id='word_1_805' title='bbox 1686 5853 1858 5906; x_wconf 76' lang='grc' dir='ltr'>αὐτοί.</span> 
     </span>
    </p>
   </div>
   <div class='ocr_carea' id='block_1_106' title="bbox 2415 4720 3980 4797">
    <p class='ocr_par' dir='ltr' id='par_1_106' title="bbox 2415 4720 3980 4797">
     <span class='ocr_line' id='line_1_106' title="bbox 2415 4720 3980 4797; baseline -0.003 -21"><span class='ocrx_word' id='word_1_806' title='bbox 2415 4725 2677 4797; x_wconf 74' lang='grc' dir='ltr'>περιῤῥέῃ</span> <span class='ocrx_word' id='word_1_807' title='bbox 2716 4725 2780 4778; x_wconf 72' lang='grc' dir='ltr'>τὰ</span> <span class='ocrx_word' id='word_1_808' title='bbox 2813 4725 3092 4794; x_wconf 82' lang='grc' dir='ltr'>χρήματα,</span> <span class='ocrx_word' id='word_1_809' title='bbox 3138 4722 3210 4792; x_wconf 84' lang='grc' dir='ltr'><strong>μὴ</strong></span> <span class='ocrx_word' id='word_1_810' title='bbox 3248 4720 3514 4792; x_wconf 82' lang='grc' dir='ltr'>προσδέξῃ</span> <span class='ocrx_word' id='word_1_811' title='bbox 3539 4720 3715 4772; x_wconf 73' lang='grc' dir='ltr'>αὐτῶν</span> <span class='ocrx_word' id='word_1_812' title='bbox 3752 4721 3846 4791; x_wconf 78' lang='grc' dir='ltr'>τὴν</span> <span class='ocrx_word' id='word_1_813' title='bbox 3882 4739 3980 4772; x_wconf 85' lang='grc' dir='ltr'>πε-</span> 
     </span>
    </p>
   </div>
   <div class='ocr_carea' id='block_1_107' title="bbox 2415 4811 3974 4886">
    <p class='ocr_par' dir='ltr' id='par_1_107' title="bbox 2415 4811 3974 4886">
     <span class='ocr_line' id='line_1_107' title="bbox 2415 4811 3974 4886; baseline -0.003 -18"><span class='ocrx_word' id='word_1_814' title='bbox 2415 4817 2674 4886; x_wconf 83' lang='grc' dir='ltr'>ριουσίαν.</span> <span class='ocrx_word' id='word_1_815' title='bbox 2709 4817 2977 4880; x_wconf 73' lang='grc' dir='ltr'>Πλοῦτος</span> <span class='ocrx_word' id='word_1_816' title='bbox 3008 4815 3115 4867; x_wconf 78' lang='grc' dir='ltr'><strong>ἐὰν</strong></span> <span class='ocrx_word' id='word_1_817' title='bbox 3141 4813 3273 4880; x_wconf 73' lang='grc' dir='ltr'>ρἐ.</span> <span class='ocrx_word' id='word_1_818' title='bbox 3313 4811 3603 4882; x_wconf 84' lang='grc' dir='ltr'>Θαύμασον</span> <span class='ocrx_word' id='word_1_819' title='bbox 3650 4812 3748 4882; x_wconf 78' lang='grc' dir='ltr'>τὴν</span> <span class='ocrx_word' id='word_1_820' title='bbox 3776 4814 3974 4883; x_wconf 74' lang='grc' dir='ltr'>φωνήν.</span> 
     </span>
    </p>
   </div>
   <div class='ocr_carea' id='block_1_108' title="bbox 2423 4902 3980 4979">
    <p class='ocr_par' dir='ltr' id='par_1_108' title="bbox 2423 4902 3980 4979">
     <span class='ocr_line' id='line_1_108' title="bbox 2423 4902 3980 4979; baseline -0.004 -19"><span class='ocrx_word' id='word_1_821' title='bbox 2423 4908 2704 4979; x_wconf 81' lang='grc' dir='ltr'>Ῥευστὴή</span> <span class='ocrx_word' id='word_1_822' title='bbox 2745 4908 2903 4976; x_wconf 67' lang='grc' dir='ltr'>φύσις</span> <span class='ocrx_word' id='word_1_823' title='bbox 2927 4906 3019 4959; x_wconf 86' lang='grc' dir='ltr'><strong>τοῦ</strong></span> <span class='ocrx_word' id='word_1_824' title='bbox 3069 4905 3296 4958; x_wconf 85' lang='grc' dir='ltr'>πλούτου</span> <span class='ocrx_word' id='word_1_825' title='bbox 3321 4921 3335 4934; x_wconf 91' lang='grc'><strong>·</strong></span> <span class='ocrx_word' id='word_1_826' title='bbox 3381 4903 3684 4974; x_wconf 68' lang='grc' dir='ltr'>χειμάρρου</span> <span class='ocrx_word' id='word_1_827' title='bbox 3728 4902 3980 4972; x_wconf 81' lang='grc' dir='ltr'>ὀξύτερον</span> 
     </span>
    </p>
   </div>
   <div class='ocr_carea' id='block_1_109' title="bbox 2407 4994 3978 5070">
    <p class='ocr_par' dir='ltr' id='par_1_109' title="bbox 2407 4994 3978 5070">
     <span class='ocr_line' id='line_1_109' title="bbox 2407 4994 3978 5070; baseline -0.005 -18"><span class='ocrx_word' id='word_1_828' title='bbox 2407 5001 2531 5063; x_wconf 69' lang='grc' dir='ltr'>τοὺς</span> <span class='ocrx_word' id='word_1_829' title='bbox 2558 5001 2774 5070; x_wconf 80' lang='grc' dir='ltr'>ἔχοντας</span> <span class='ocrx_word' id='word_1_830' title='bbox 2808 4999 3142 5070; x_wconf 82' lang='grc' dir='ltr'>παρατρέχει</span> <span class='ocrx_word' id='word_1_831' title='bbox 3166 5015 3180 5029; x_wconf 89' lang='grc'><strong>·</strong></span> <span class='ocrx_word' id='word_1_832' title='bbox 3220 4996 3405 5050; x_wconf 81' lang='grc' dir='ltr'>ἄλλοτε</span> <span class='ocrx_word' id='word_1_833' title='bbox 3439 4995 3594 5048; x_wconf 84' lang='grc' dir='ltr'>ἄλλον</span> <span class='ocrx_word' id='word_1_834' title='bbox 3639 4994 3846 5046; x_wconf 66' lang='grc' dir='ltr'>πέφυκε</span> <span class='ocrx_word' id='word_1_835' title='bbox 3880 5024 3978 5058; x_wconf 67' lang='grc' dir='ltr'><strong>πα-</strong></span> 
     </span>
    </p>
   </div>
   <div class='ocr_carea' id='block_1_110' title="bbox 2478 5293 3972 5360">
    <p class='ocr_par' dir='ltr' id='par_1_110' title="bbox 2478 5293 3972 5360">
     <span class='ocr_line' id='line_1_110' title="bbox 2478 5293 3972 5360; baseline -0.001 -12"><span class='ocrx_word' id='word_1_836' title='bbox 2478 5295 2589 5360; x_wconf 78' lang='lat'><strong>(95)</strong></span> <span class='ocrx_word' id='word_1_837' title='bbox 2623 5293 2711 5347; x_wconf 90' lang='lat' dir='ltr'><strong>Sic</strong></span> <span class='ocrx_word' id='word_1_838' title='bbox 2737 5293 2872 5348; x_wconf 89' lang='lat' dir='ltr'><strong>Oliv.</strong></span> <span class='ocrx_word' id='word_1_839' title='bbox 2908 5302 2960 5346; x_wconf 87' lang='lat' dir='ltr'><strong>et</strong></span> <span class='ocrx_word' id='word_1_840' title='bbox 2988 5294 3198 5358; x_wconf 74' lang='lat' dir='ltr'><strong>Anglic.</strong></span> <span class='ocrx_word' id='word_1_841' title='bbox 3234 5302 3289 5347; x_wconf 86' lang='lat' dir='ltr'><strong>et</strong></span> <span class='ocrx_word' id='word_1_842' title='bbox 3311 5293 3554 5349; x_wconf 83' lang='lat' dir='ltr'><strong>Combef.</strong></span> <span class='ocrx_word' id='word_1_843' title='bbox 3588 5309 3708 5348; x_wconf 87' lang='lat' dir='ltr'><strong>cum</strong></span> <span class='ocrx_word' id='word_1_844' title='bbox 3733 5294 3852 5348; x_wconf 85' lang='lat' dir='ltr'><strong>aliis</strong></span> <span class='ocrx_word' id='word_1_845' title='bbox 3883 5308 3972 5347; x_wconf 68' lang='lat' dir='ltr'><strong>sex</strong></span> 
     </span>
    </p>
   </div>
   <div class='ocr_carea' id='block_1_111' title="bbox 2405 5363 3206 5433">
    <p class='ocr_par' dir='ltr' id='par_1_111' title="bbox 2405 5363 3206 5433">
     <span class='ocr_line' id='line_1_111' title="bbox 2405 5363 3206 5433; baseline -0.001 -16"><span class='ocrx_word' id='word_1_846' title='bbox 2405 5379 2533 5417; x_wconf 79' lang='lat' dir='ltr'><strong>mss.</strong></span> <span class='ocrx_word' id='word_1_847' title='bbox 2568 5364 2780 5417; x_wconf 78' lang='lat' dir='ltr'><strong>Atediti</strong></span> <span class='ocrx_word' id='word_1_848' title='bbox 2818 5363 3206 5433; x_wconf 81' lang='grc' dir='ltr'>προσφέρεται.</span> 
     </span>
    </p>
   </div>
   <div class='ocr_carea' id='block_1_112' title="bbox 2476 5433 3972 5506">
    <p class='ocr_par' dir='ltr' id='par_1_112' title="bbox 2476 5433 3972 5506">
     <span class='ocr_line' id='line_1_112' title="bbox 2476 5433 3972 5506; baseline 0.001 -19"><span class='ocrx_word' id='word_1_849' title='bbox 2476 5435 2584 5502; x_wconf 76' lang='lat'><strong>(96)</strong></span> <span class='ocrx_word' id='word_1_850' title='bbox 2616 5433 2743 5488; x_wconf 86' lang='lat' dir='ltr'><strong>Coll)</strong></span> <span class='ocrx_word' id='word_1_851' title='bbox 2814 5444 3036 5506; x_wconf 80' lang='lat' dir='ltr'><strong>quartus</strong></span> <span class='ocrx_word' id='word_1_852' title='bbox 3081 5435 3361 5504; x_wconf 80' lang='grc' dir='ltr'>ὠνόμασεν</span> <span class='ocrx_word' id='word_1_853' title='bbox 3406 5434 3433 5484; x_wconf 86' lang='grc' dir='ltr'>ὁ</span> <span class='ocrx_word' id='word_1_854' title='bbox 3481 5434 3795 5506; x_wconf 78' lang='grc' dir='ltr'>Προφήτης.</span> <span class='ocrx_word' id='word_1_855' title='bbox 3855 5435 3972 5488; x_wconf 76' lang='grc' dir='ltr'><strong>Μοι</strong></span> 
     </span>
    </p>
   </div>
   <div class='ocr_carea' id='block_1_113' title="bbox 2405 5503 3336 5574">
    <p class='ocr_par' dir='ltr' id='par_1_113' title="bbox 2405 5503 3336 5574">
     <span class='ocr_line' id='line_1_113' title="bbox 2405 5503 3336 5574; baseline 0.002 -19"><span class='ocrx_word' id='word_1_856' title='bbox 2405 5504 2543 5555; x_wconf 92' lang='lat' dir='ltr'><strong>idem</strong></span> <span class='ocrx_word' id='word_1_857' title='bbox 2578 5506 2743 5574; x_wconf 81' lang='lat' dir='ltr'><strong>codex</strong></span> <span class='ocrx_word' id='word_1_858' title='bbox 2769 5505 2857 5556; x_wconf 76' lang='grc' dir='ltr'><strong>ἐπὶ</strong></span> <span class='ocrx_word' id='word_1_859' title='bbox 2887 5503 2953 5556; x_wconf 77' lang='grc' dir='ltr'>τὰ</span> <span class='ocrx_word' id='word_1_860' title='bbox 2977 5503 3336 5574; x_wconf 85' lang='grc' dir='ltr'>ἁρπάγματα.</span> 
     </span>
    </p>
   </div>
   <div class='ocr_carea' id='block_1_114' title="bbox 2475 5573 3614 5644">
    <p class='ocr_par' dir='ltr' id='par_1_114' title="bbox 2475 5573 3614 5644">
     <span class='ocr_line' id='line_1_114' title="bbox 2475 5573 3614 5644; baseline 0 -18"><span class='ocrx_word' id='word_1_861' title='bbox 2475 5574 2584 5640; x_wconf 87' lang='grc'>(97)</span> <span class='ocrx_word' id='word_1_862' title='bbox 2621 5573 2822 5628; x_wconf 82' lang='lat' dir='ltr'><strong>Rursus</strong></span> <span class='ocrx_word' id='word_1_863' title='bbox 2851 5575 2978 5639; x_wconf 73' lang='lat' dir='ltr'><strong>Reg.</strong></span> <span class='ocrx_word' id='word_1_864' title='bbox 3003 5573 3227 5640; x_wconf 88' lang='lat' dir='ltr'><strong>quartus</strong></span> <span class='ocrx_word' id='word_1_865' title='bbox 3251 5574 3614 5644; x_wconf 83' lang='grc' dir='ltr'>ἁρπάγματα.</span> 
     </span>
    </p>
   </div>
   <div class='ocr_carea' id='block_1_115' title="bbox 2476 5644 3972 5715">
    <p class='ocr_par' dir='ltr' id='par_1_115' title="bbox 2476 5644 3972 5715">
     <span class='ocr_line' id='line_1_115' title="bbox 2476 5644 3972 5715; baseline -0.001 -21"><span class='ocrx_word' id='word_1_866' title='bbox 2476 5646 2584 5715; x_wconf 69' lang='grc' dir='ltr'>(ἴιὸ)</span> <span class='ocrx_word' id='word_1_867' title='bbox 2625 5646 2714 5694; x_wconf 73' lang='lat' dir='ltr'><strong>Sic</strong></span> <span class='ocrx_word' id='word_1_868' title='bbox 2743 5656 2944 5710; x_wconf 86' lang='lat' dir='ltr'><strong>septem</strong></span> <span class='ocrx_word' id='word_1_869' title='bbox 2981 5661 3110 5715; x_wconf 77' lang='lat' dir='ltr'><strong>mss.</strong></span> <span class='ocrx_word' id='word_1_870' title='bbox 3144 5654 3253 5696; x_wconf 92' lang='lat' dir='ltr'><strong>tum</strong></span> <span class='ocrx_word' id='word_1_871' title='bbox 3277 5645 3394 5715; x_wconf 22' lang='lat' dir='ltr'><strong>Aboc</strong></span> <span class='ocrx_word' id='word_1_872' title='bbox 3421 5646 3534 5715; x_wconf 76' lang='lat' dir='ltr'><strong>loco</strong></span> <span class='ocrx_word' id='word_1_873' title='bbox 3565 5656 3677 5696; x_wconf 93' lang='lat' dir='ltr'><strong>tum</strong></span> <span class='ocrx_word' id='word_1_874' title='bbox 3697 5644 3972 5712; x_wconf 89' lang='lat' dir='ltr'><strong>aliquanto</strong></span> 
     </span>
    </p>
   </div>
   <div class='ocr_carea' id='block_1_116' title="bbox 2402 5713 3967 5784">
    <p class='ocr_par' dir='ltr' id='par_1_116' title="bbox 2402 5713 3967 5784">
     <span class='ocr_line' id='line_1_116' title="bbox 2402 5713 3967 5784; baseline -0.001 -20"><span class='ocrx_word' id='word_1_875' title='bbox 2402 5724 2540 5781; x_wconf 55' lang='lat' dir='ltr'><strong>post.</strong></span> <span class='ocrx_word' id='word_1_876' title='bbox 2569 5713 2723 5766; x_wconf 42' lang='lat' dir='ltr'><strong>&#39;Etliti</strong></span> <span class='ocrx_word' id='word_1_877' title='bbox 2754 5730 2878 5765; x_wconf 76' lang='lat' dir='ltr'><strong>vero</strong></span> <span class='ocrx_word' id='word_1_878' title='bbox 2903 5724 2955 5766; x_wconf 90' lang='lat' dir='ltr'><strong>et</strong></span> <span class='ocrx_word' id='word_1_879' title='bbox 2990 5713 3128 5767; x_wconf 73' lang='lat' dir='ltr'><strong>LXX</strong></span> <span class='ocrx_word' id='word_1_880' title='bbox 3160 5713 3408 5784; x_wconf 84' lang='grc' dir='ltr'>καρδίαν.</span> <span class='ocrx_word' id='word_1_881' title='bbox 3446 5713 3598 5770; x_wconf 83' lang='lat' dir='ltr'><strong>Haud</strong></span> <span class='ocrx_word' id='word_1_882' title='bbox 3644 5715 3799 5784; x_wconf 67' lang='lat' dir='ltr'><strong>longe</strong></span> <span class='ocrx_word' id='word_1_883' title='bbox 3837 5732 3967 5768; x_wconf 67' lang='lat' dir='ltr'><strong>nisa.</strong></span> 
     </span>
    </p>
   </div>
   <div class='ocr_carea' id='block_1_117' title="bbox 2403 5783 3504 5856">
    <p class='ocr_par' dir='ltr' id='par_1_117' title="bbox 2403 5783 3504 5856">
     <span class='ocr_line' id='line_1_117' title="bbox 2403 5783 3504 5856; baseline -0.003 -18"><span class='ocrx_word' id='word_1_884' title='bbox 2403 5796 2603 5853; x_wconf 78' lang='lat' dir='ltr'><strong>septem</strong></span> <span class='ocrx_word' id='word_1_885' title='bbox 2632 5784 2794 5837; x_wconf 82' lang='grc' dir='ltr'>αὑτοῦ</span> <span class='ocrx_word' id='word_1_886' title='bbox 2821 5787 2936 5856; x_wconf 79' lang='grc' dir='ltr'>τήν.</span> <span class='ocrx_word' id='word_1_887' title='bbox 2982 5785 3119 5839; x_wconf 71' lang='lat' dir='ltr'><strong>Editi</strong></span> <span class='ocrx_word' id='word_1_888' title='bbox 3151 5783 3274 5839; x_wconf 82' lang='lat' dir='ltr'><strong>vero</strong></span> <span class='ocrx_word' id='word_1_889' title='bbox 3304 5783 3504 5836; x_wconf 73' lang='grc' dir='ltr'>αὐτῶν.</span> 
     </span>
    </p>
   </div>
  </div>
