4230 6512
271 468 372 521 481

1430 475 1707 531 llOMlLlA
1746 476 1811 530 IN
1849 476 2176 535 PSALPJUM
2215 480 2349 540 LXI.

3382 490 3488 547 482

270 585 641 655 ραμείϐεσθαι.
690 588 896 659 ’Ὠσπερ
942 591 1182 658 ποταμὸς
1225 594 1314 662 ἀφ’
1366 594 1567 664 ὑψηλοῦ
1600 596 1831 667 φερόμε-
1859 598 1940 656 Ai

1814 627 1831 637 -
1859 601 1903 656 Δ
1932 598 1998 653 iis
2028 598 2243 667 quidem
2271 599 2363 669 qui
2408 599 2474 655 ad
2506 601 2675 671 ripam
2731 610 2910 658 astant
2954 603 3365 675 appropinquat,
3389 607 3484 661 sed

267 692 357 738 νος
386 676 589 744 ἐγγίζει
643 678 742 747 μὲν
767 683 875 740 τοῖς
905 683 1212 752 παρεστῶσι
1261 688 1325 755 τῇ
1371 685 1524 759 ὄχθῃ,
1583 687 1716 756 ὁμοῦ
1772 688 1827 740 δὲ

263 766 460 835 ἥψατο,
497 769 588 819 καὶ
609 769 767 832 εὐθὺς
803 771 1173 843 ἀνεχώρησεν·
1200 776 1339 828 οὕτω
1361 779 1451 829 καὶ
1479 780 1509 848 ἡ
1544 779 1635 831 τοῦ
1664 779 1825 832 πλού-

263 874 360 909 του
390 858 603 910 εὐκολία
640 858 902 931 ὀξυτάτην
924 864 1032 934 ἔχει
1064 869 1155 917 καὶ
1185 866 1473 938 ὀλισθηρὰν
1500 869 1595 939 τὴν
1622 888 1824 942 παρου-

265 946 409 1007 σίαν,
471 945 658 1010 ἄλλους
716 948 772 1014 ἐξ
820 951 991 1004 ἄλλων
1052 956 1481 1024 παραμείϐεσθαι
1531 962 1819 1027 πεφυκυῖα.

271 1036 518 1105 Σήμερον
564 1037 715 1090 τοῦδε
757 1040 785 1091 ὁ
839 1041 1003 1113 ἀγρὸς
1063 1042 1192 1111 (99),
1251 1045 1343 1097 καὶ
1376 1045 1562 1116 αὔριον
1611 1048 1818 1121 ἑτέρου,

258 1126 357 1177 καὶ
432 1129 545 1195 μετ’
600 1128 775 1186 ὀλίγον
852 1132 1029 1187 ἄλλον.
1114 1134 1436 1207 Ἀπόϐλεψον
1516 1139 1651 1210 πρὸς
1723 1141 1822 1206 τὰς

272 1220 333 1269 ἐν
396 1221 460 1288 τῇ
530 1220 678 1271 πόλει
742 1223 935 1285 οἱκίας,
1002 1225 1143 1278 πόσα
1190 1227 1311 1298 ἤδη,
1357 1230 1448 1298 ἀφ’
1488 1227 1548 1284 οὗ
1596 1233 1819 1300 γεγόνα-

261 1324 370 1370 σιν,
427 1309 661 1380 ὀνόματα
710 1311 1110 1383 μετειλήφασιν,
1154 1316 1337 1371 ἄλλοτε
1386 1322 1483 1374 ἀπ’
1514 1322 1669 1376 ἄλλου
1709 1325 1816 1377 τῶν

258 1399 613 1469 κεκτημένων
652 1401 1066 1473 ὀνομαζόμεναι.
1096 1408 1202 1460 Καὶ
1239 1410 1434 1480 χρυσὸς
1476 1414 1561 1465 ἀεὶ
1594 1414 1689 1477 τὰς
1720 1415 1812 1469 τοῦ

250 1486 467 1557 ἔχοντος
493 1494 674 1561 χεῖρας
717 1492 1001 1565 διαρρέων,
1036 1497 1120 1565 ἐφ’
1150 1498 1330 1569 ἕτερον
1360 1503 1685 1571 μεταϐαίνει,
1722 1508 1812 1560 καὶ

248 1581 349 1632 ἀπ’
381 1582 582 1633 ἐκείνου
626 1583 761 1654 πρὸς
808 1586 984 1639 ἄλλον.
1034 1587 1247 1641 Μᾶλλον
1302 1590 1525 1646 δύνασαι
1560 1594 1700 1667 ὕδωρ
1746 1601 1808 1669 τῇ

247 1672 395 1741 χειρὶ
422 1672 726 1744 περιλαῦὼν
756 1681 1062 1747 κατασχεῖν,
1099 1680 1129 1750 ἢ
1166 1680 1390 1736 πλοῦτον
1425 1685 1632 1755 σεαυτῷ
1662 1687 1811 1762 διαρ-

246 1763 363 1825 κῶς
403 1767 753 1837 συν-τηρῆσαι.
809 1772 1001 1834 Καλῶς
1050 1769 1143 1829 οὖν
1193 1775 1406 1847 εἴρηται
1435 1778 1809 1846 τὸ,11.ιοῦτος

242 1852 501 1922 ἐὰνρέῃ,
524 1855 607 1924 μὴ
630 1860 1020 1925 προστίθεσθε
1041 1862 1273 1932 καρδίᾳ,
1310 1868 1399 1937 Μὴ
1428 1871 1492 1937 τῇ
1532 1869 1672 1939 ψυχῇ
1714 1887 1807 1923 σου

1926 689 2083 743 simul
2135 699 2193 743 ut
2240 692 2480 761 contigit,
2517 694 2700 747 statim
2732 695 2939 749 secedit
2977 716 2990 750 :
3036 695 3105 749 ita
3156 697 3319 752 etiam
3351 696 3486 751 dit-i-

1926 778 2120 833 tiarum
2162 780 2480 836 instabilitas
2528 783 2919 838 velocissunatu
2950 785 3321 856 lubricamque
3347 801 3484 855 pra--

1922 870 2148 923 sentiam
2177 871 2353 932 habet.
2374 871 2508 927 alios
2533 888 2597 928 ex
2629 875 2748 929 aliis
2773 886 3080 943 permutare
3121 877 3483 934 solita.liodie

1924 958 2082 1027 huius
2130 971 2214 1015 est
2251 977 2397 1032 ager,
2441 979 2564 1019 cras
2604 966 2845 1032 alterius,
2877 977 2929 1020 et
2965 968 3123 1036 paulo
3156 980 3278 1039 post
3322 970 3477 1031 alius.

1920 1049 2149 1120 Respice
2189 1052 2253 1105 ad
2299 1053 2532 1107 civitatis
2575 1055 2803 1122 domos;
2833 1064 2963 1127 quot
2998 1055 3110 1124 jam
3148 1059 3478 1125 nomine,“

1920 1157 2027 1212 quo
2055 1154 2346 1199 exstructa:
2375 1156 2522 1207 sunt,
2554 1159 2831 1216 accepere,
2857 1146 3013 1203 aliter
3045 1148 3112 1202 ab
3137 1149 3242 1205 alio
3268 1164 3481 1219 posses-

1917 1249 2039 1288 sore
2065 1234 2357 1303 appellata.
2376 1235 2513 1301 Quin
2543 1238 2704 1291 etiam
2730 1254 2919 1293 aurum
2941 1255 3152 1307 semper
3176 1255 3208 1297 ε
3233 1231 3478 1299 manilius

1913 1321 2054 1393 ejus,
2079 1338 2238 1393 quem
2271 1338 2435 1393 penes
2466 1335 2570 1390 est,
2607 1327 2847 1395 elabens,
2880 1331 2951 1385 ad
2990 1328 3215 1386 alterum
3258 1335 3471 1400 transit,

1911 1423 1965 1466 et
1996 1412 2063 1468 ab
2106 1413 2195 1469 illo
2229 1415 2295 1468 ad
2342 1415 2528 1471 alium.
2560 1415 3019 1487 Comprehensam
3062 1436 3223 1478 manu
3275 1439 3469 1494 aquam

1913 1502 2122 1558 facilius
2148 1504 2320 1574 possis
2352 1506 2646 1572 continere,
2665 1523 2825 1578 quam
2856 1509 3072 1567 divitias
3106 1513 3199 1568 tibi
3218 1524 3475 1573 constan-

1913 1604 1993 1647 ter
2020 1610 2256 1649 servare.
2286 1594 2462 1662 Quare
2487 1608 2629 1653 recte
2660 1600 2861 1655 dictum
2901 1612 2984 1656 est
3017 1622 3031 1656 :
3057 1604 3268 1662 Diuitia:
3305 1610 3353 1663 si
3391 1595 3473 1679 ἇῙ-

1907 1685 2094 1753 ﬂuant,
2126 1685 2283 1740 nolite
2309 1702 2401 1739 cor
2419 1705 2693 1757 apponere.
2712 1690 2787 1745 Ne
2820 1690 2884 1746 iis
2904 1691 2978 1750 sis
3005 1694 3187 1750 animo
3221 1698 3467 1756 deditus:

1907 1777 1999 1831 sed
2030 1776 2094 1830 de
2126 1777 2257 1846 ipsis
2290 1779 2628 1833 commodum
2657 1795 2810 1850 cape,
2842 1797 2947 1838 non
2971 1784 3092 1840 illas
3120 1785 3265 1842 velut
3299 1804 3463 1845 unum

1907 1868 2191 1937 quodpiam
2218 1871 2413 1924 bonum
2453 1870 2748 1940 impensius
2778 1872 3023 1945 diligens,
3052 1885 3143 1930 aut
3170 1879 3462 1947 admirans,

243 1946 568 2019 προσπάθης
588 1966 601 1977 ·
638 1948 770 2001 ἀλλὰ
804 1951 867 2003 τὸ
898 1953 989 2005 ἀπ’
1015 1955 1177 2008 αὐτοῦ
1199 1958 1462 2027 χρήσιμον
1486 1962 1796 2031 καταδέχου,
1835 1954 1873 2007 Β
1902 1974 1913 2011 ε

1792 2006 1796 2024 _
1835 1954 1873 2007 Β
1902 1960 1993 2013 sed
2018 1974 2199 2012 earum
2223 1958 2539 2015 famulatum
2574 1970 2822 2031 tanquam
2847 1965 3259 2023 instrumentum
3297 1946 3462 2041 quod?

242 2038 323 2107 μὴ
353 2036 429 2100 ὡς
458 2039 516 2089 ἓν
558 2057 609 2093 τι
647 2041 752 2093 τῶν
791 2044 1006 2110 ἀγαθῶν
1054 2046 1417 2115 ὑπεραγαπῶν
1462 2050 1555 2100 καὶ
1589 2049 1797 2121 θαυμά-

239 2130 374 2192 ζων,
416 2130 526 2183 ἀλλ’
555 2131 629 2195 ὡς
661 2134 951 2204 ὀργανικὴν
980 2136 1142 2189 αὑτοῦ
1176 2138 1272 2207 τὴν
1296 2140 1594 2210 ὑπηρεσίαν
1625 2145 1799 2216 αἱρού-

240 2238 423 2289 μενος.
465 2218 595 2274 Εἶτα
628 2224 821 2291 ἐπάγει
848 2228 978 2278 πᾶσι
1018 2231 1128 2291 τοῖς
1162 2231 1469 2301 εἰρημένοις
1506 2236 1796 2305 ἀπόφασιν,

236 2312 421 2364 οὐκέτι
468 2313 609 2365 ἰδίων
636 2316 916 2385 ῥημάτων,
959 2318 1072 2373 ἀλλ’
1107 2320 1172 2392 ἢν
1224 2326 1350 2393 παρ’
1394 2328 1556 2380 αὑτοῦ
1598 2330 1793 2398 ἤκουσε

241 2402 331 2455 τοῦ
380 2403 532 2458 Θεοῦ.
584 2407 767 2472 ’Άπιιξ
822 2410 950 2479 γὰρ,
1002 2415 1183 2485 φησὶν,
1232 2416 1536 2484 ἐλάλησεν
1572 2422 1602 2474 ό
1631 2422 1792 2489 Θεὸς,

235 2493 346 2546 δύο
372 2495 553 2550 ταῦτα
572 2497 822 2567 ἤκουσα.
860 2504 966 2556 Καὶ
1007 2504 1203 2574 μηδένα
1235 2510 1553 2579 ταρασσέτω
1584 2511 1657 2572 ὡς
1688 2531 1791 2566 πα-

238 2586 458 2655 ράδοξον
498 2591 558 2643 τὸ
589 2594 891 2664 εἰρημένον,
928 2596 1043 2659 πῶς
1076 2600 1104 2649 ὁ
1137 2600 1233 2668 μὲν
1269 2600 1397 2662 Θεὸς
1432 2600 1574 2668 ἅπαξ
1604 2604 1792 2676 ἐλάλη-

236 2694 348 2741 σεν,
383 2682 409 2731 ὁ
440 2681 495 2733 δὲ
526 2684 815 2754 Προφήτης
855 2686 946 2737 δύο
981 2688 1196 2755 ἤκουσε.
1233 2691 1463 2743 Δυνατὸν
1500 2693 1606 2764 γὰρ
1648 2695 1791 2763 ἅπαξ

234 2770 337 2839 μέν
362 2788 479 2822 τινα
514 2771 757 2843 λαλῆσαι,
793 2778 848 2825 ἐν
872 2776 926 2827 δὲ
962 2776 1036 2847 τῷ
1070 2778 1214 2843 ἅπαξ
1240 2780 1405 2835 πολλὰ
1430 2778 1566 2837 εἶναι
1597 2785 1664 2839 τὰ
1697 2790 1789 2841 λα-

232 2859 485 2930 ληθέντα.
524 2863 836 2934 Ἀνθρωπος
870 2869 976 2939 γάρ
1024 2889 1124 2934 τις,
1178 2875 1447 2944 συντυχὼν
1478 2894 1578 2928 τινι
1623 2875 1787 2942 ἅπαξ,

232 2952 364 3021 περὶ
396 2952 601 3006 πολλῶν
627 2956 869 3032 διελέχθη
892 2979 904 2990 ’
941 2964 1033 3016 καὶ
1061 2963 1278 3018 δύναται
1302 2968 1329 3017 ὀ
1356 2968 1590 3029 ἀκούσας
1624 2969 1785 3021 αὑτοῦ

228 3041 340 3093 τῶν
368 3046 622 3115 ῥημάτων
664 3051 836 3102 εἰπεῖν
861 3053 963 3119 ὅτι,
992 3055 1167 3117 ’Ἅπαξ
1216 3058 1311 3125 μέν
1350 3075 1437 3126 μοι
1468 3058 1782 3127 ἐφθέγξατο,

228 3136 361 3206 περὶ
402 3138 606 3190 πολλῶν
656 3140 710 3192 δὲ
756 3143 998 3211 ἐλάλησε.
1036 3147 1202 3198 Τοῦτό
1231 3150 1343 3200 ἐστι
1390 3149 1449 3201 τὸ
1501 3152 1786 3222 εἰρημένον

226 3226 323 3278 νῦν
349 3245 361 3257 ·
400 3227 457 3281 Ἥ
615 3232 747 3284 Θεοῦ
778 3237 1060 3303 ἐπιφάνεια
1096 3238 1240 3305 ἅπαξ
1276 3259 1363 3310 μοι
1383 3243 1589 3311 γέγονε,
1617 3245 1708 3299 δύο
1728 3247 1784 3299 δὲ

225 3316 527 3385 πράγματα
550 3321 693 3370 ἐστιν
730 3320 764 3372 ἆ
794 3323 1066 3393 ἐλάλησεν.
1101 3329 1211 3381 Οὐκ
1254 3328 1430 3385 εἷπεν’
1474 3336 1568 3386 ’Ἐν
1597 3334 1786 3407 ἐλάλη-

226 3423 319 3459 σεν
354 3408 380 3458 ὁ
405 3407 552 3473 Θεὸς,
585 3410 676 3462 δύο
708 3412 762 3464 δὲ
787 3415 955 3469 ταῦτα
982 3420 1188 3487 ἥκουσα
1208 3438 1220 3451 ·
1252 3423 1391 3476 οὕτω
1426 3425 1531 3497 γὰρ
1558 3427 1621 3479 ἂν
1642 3427 1783 3493 ἔδοξέ

221 3513 345 3548 τινα
369 3495 508 3566 ἔχειν
536 3502 564 3553 ὁ
595 3500 747 3569 λόγος
776 3505 909 3575 πρὸς
942 3509 1129 3562 ἑαυτὸν
1159 3512 1488 3569 ἐναντίωσιν.
1530 3516 1661 3569 Τίνα
1692 3514 1785 3570 οὖν

219 3581 290 3656 ἦν
320 3587 387 3641 τὰ
414 3589 504 3642 δύο
526 3590 559 3644 ἂ
578 3592 651 3661 (Ι)
680 3595 937 3664 ἤκουσεν;
972 3600 1109 3666 Ὅτι,
1142 3602 1210 3652 Τὸ
1242 3602 1454 3669 κράτος
1486 3606 1588 3658 τοῦ
1616 3608 1780 3670 Θεοῦ,

219 3679 323 3731 καὶ
373 3681 510 3745 σοῦ,
541 3685 735 3751 Κύριε,
778 3686 842 3738 τὸ
889 3689 1077 3753 ἕλεος.
1111 3691 1229 3742 Ὅτι
1258 3692 1495 3758 δυνατὸς,
1532 3698 1715 3765 φησὶν,
1754 3698 1783 3751 ὁ

219 3769 357 3835 Θεὸς
384 3775 441 3825 ὲν
483 3776 546 3842 τῇ
580 3777 774 3845 κρίσει,
811 3780 901 3832 καὶ
931 3782 959 3833 ὁ
987 3782 1143 3845 αὑτὸς
1186 3782 1445 3855 ἐλεήμων.
1492 3790 1643 3861 Μήτε
1689 3788 1781 3845 οὖν

219 3862 468 3925 ἐλπίζετε
496 3864 579 3913 ἐπ’
608 3866 836 3932 ἀδικίαν,
864 3872 998 3942 μήτε
1031 3873 1241 3945 πλούτῳ
1278 3880 1649 3948 προστίθεσθε,
1686 3884 1782 3955 μή·

216 3969 280 4004 τε
322 3953 555 4023 αἱρεῖσθε
585 3960 933 4029 ματαιότητα,
981 3966 1117 4033 μήτε
1156 3967 1212 4018 τὸ
1244 3967 1340 4036 τῆς
1385 3970 1561 4040 ψυχῆς
1592 3977 1780 4045 κριτη-

222 4061 340 4115 ριον
375 4043 756 4116 διεφθαρμένον
789 4054 1125 4123 περιφέρετε.
1159 4056 1366 4121 Είδὸτες
1401 4060 1498 4129 (2),
1535 4063 1614 4114 ὅτι
1649 4081 1780 4133 κρα-

214 4138 371 4198 ταιὸς
396 4139 426 4205 η
438 4137 549 4205 μῶν
577 4141 604 4191 ὁ
640 4142 927 4213 Δεσπότης,
966 4144 1234 4217 φοϐήθητε
1263 4150 1424 4202 αὑτοῦ
1448 4151 1506 4203 τὸ
1538 4153 1774 4225 ἰσχυρὸν,

214 4229 313 4281 καὶ
361 4228 434 4298 μὴ
488 4230 765 4299 ἀπογνῶτε
811 4234 972 4287 αὐτοῦ
1018 4238 1116 4307 τῆς
1158 4240 1574 4311 φιλανθρωπίας.
1635 4246 1775 4319 Πρὸς

217 4320 321 4392 μὲν
349 4316 439 4374 οὖν
469 4322 528 4375 τὸ
568 4324 640 4395 μὴ
676 4325 899 4390 ἀδικεῖν,
930 4328 1131 4395 ἀγαθὸς
1152 4331 1178 4380 ό
1208 4332 1370 4399 φόϐος
1390 4351 1401 4363 ·
1441 4336 1574 4406 πρὸς
1598 4337 1652 4390 δὲ
1686 4316 1775 4394 τὸν

213 4414 367 4480 ἅπαξ
392 4416 468 4478 είς
498 4417 766 4487 ἁμαρτίαν
804 4418 1159 4490 ὀλισθήσαντα
1191 4422 1264 4494 μὴ
1304 4425 1489 4478 ἑαυτὸν
1516 4428 1772 4499 προέσθαι

208 4506 302 4558 διὰ
334 4506 431 4573 τῆς
455 4506 816 4572 ἀνελπιστίας,
858 4509 1031 4580 ἀγαθὴ
1071 4512 1101 4580 ἡ
1141 4511 1291 4575 ἐλπὶς
1324 4513 1415 4566 τοῦ
1462 4514 1658 4580 ἐλέους.
1702 4520 1773 4573 Τὸ

1901 2051 2020 2104 dam
2074 2052 2383 2108 admittens.
2412 2053 2611 2108 Deinde
2648 2054 2734 2111 his
2766 2055 2923 2120 dictis
2973 2060 3222 2117 omnibus
3247 2070 3464 2120 senten-

1901 2141 2025 2194 tiam
2040 2140 2239 2207 subdit,
2268 2157 2370 2196 nou
2388 2157 2453 2197 ex
2488 2144 2603 2199 suis
2632 2144 2799 2215 ipsius
2823 2146 2998 2201 verbis
3020 2149 3353 2221 adornatam,
3368 2157 3460 2209 sed

1897 2248 2054 2302 quam
2086 2233 2152 2288 ab
2187 2234 2299 2302 ipso
2334 2233 2442 2290 Deo
2474 2236 2689 2290 audivit.
2708 2234 2869 2292 Vens.
2890 2239 2976 2294 ιε.
3001 2237 3349 2313 διανοηθήτω,
3377 2245 3460 2299 iu-

1896 2327 2029 2393 quit,
2049 2326 2249 2380 locutus
2265 2336 2336 2380 est
2360 2325 2519 2391 Deus,
2540 2327 2642 2381 duo
2665 2328 2774 2381 hac
2798 2328 2989 2382 audivi.
3009 2329 3117 2385 Nec
3138 2346 3455 2403 quemquam

1898 2415 1997 2469 hoc
2030 2416 2231 2470 dictum
2283 2417 2434 2485 quasi
2484 2410 2812 2482 paradoxum
2856 2421 3148 2487 perturbet,
3188 2425 3458 2491 quomodo

1896 2506 2034 2559 Deus
2048 2508 2258 2574 quidem
2278 2508 2442 2562 semel
2464 2510 2665 2563 locutus
2681 2510 2723 2563 si
2734 2507 3037 2578 t,Pr0pueta
3052 2526 3177 2568 vero
3189 2512 3455 2569 duoaudi-

1894 2594 2049 2649 verit.
2076 2595 2217 2650 Fieri
2248 2598 2389 2651 enim
2424 2607 2599 2666 potest
2626 2610 2678 2651 ut
2708 2599 2829 2667 quis
2855 2600 3018 2653 semel
3048 2600 3255 2657 locutus
3279 2604 3371 2664 sit.
3390 2616 3452 2660 et

1892 2684 2029 2740 inter
2058 2687 2222 2742 semel
2250 2687 2569 2759 loquendum
2599 2689 2740 2746 dicta
2762 2690 2869 2745 sint
2902 2692 3089 2747 multa.
3131 2692 3262 2749 Nam
3290 2694 3449 2751 homo

1890 2778 2177 2847 quispiam,
2208 2779 2373 2833 semel
2419 2795 2540 2834 cum
2577 2780 2756 2850 aliquo
2799 2797 3144 2852 congressus,
3172 2786 3239 2841 de
3268 2789 3449 2844 multis

1890 2870 2143 2923 disseruit
2163 2886 2176 2934 ;
2196 2872 2265 2923 ita
2297 2871 2389 2940 qui
2416 2871 2582 2941 ipsius
2610 2871 2768 2925 verba
2798 2851 3018 2941 audivit,
3046 2885 3219 2945 potest
3240 2879 3447 2935 dicere:

1889 2958 2065 3015 Semel
2100 2963 2315 3030 quidem
2347 2978 2431 3017 me
2462 2961 2726 3017 allocutus
2754 2973 2857 3029 est,
2884 2966 2977 3020 sed
3022 2967 3088 3022 de
3120 2968 3300 3024 multis
3342 2986 3451 3026 ser.

1888 3066 2098 3106 monem
2156 3053 2363 3107 habuit.
2403 3052 2512 3108 lioc
2537 3064 2640 3120 est,
2690 3056 2832 3125 quod
2878 3058 3034 3115 modo
3065 3060 3263 3115 dictum
3296 3061 3393 3118 l'uit
3428 3084 3445 3122 :

1886 3141 2013 3197 Mzhi
2062 3144 2276 3212 quidem
2329 3143 2493 3198 semel
2546 3147 2790 3213 apparuit
2845 3147 3002 3213 Deus,
3052 3152 3147 3205 sed
3200 3166 3285 3208 res
3328 3157 3445 3211 dua:

1885 3243 2028 3297 sunt,
2058 3249 2193 3302 quas
2229 3233 2382 3287 dixit.
2414 3232 2526 3288 Non
2557 3237 2633 3287 ait
2672 3248 2687 3286 :
2723 3234 2897 3289 Unum
2928 3236 3134 3294 locutus
3167 3251 3249 3296 est
3277 3241 3441 3309 Deus,

1886 3334 1939 3379 et
1968 3333 2142 3378 tamen
2173 3324 2289 3378 haec
2318 3324 2422 3378 duo
2454 3323 2631 3378 audivi
2662 3342 2678 3391 ;
2706 3326 2785 3380 sic
2817 3328 2958 3382 enim
2988 3344 3165 3385 sermo
3191 3336 3446 3400 quodam-

1886 3414 2045 3467 modo
2073 3429 2250 3469 secum
2267 3428 2502 3483 pugnare
2521 3414 2809 3469 videretur.
2826 3414 2953 3483 Quae
2975 3418 3135 3488 igitur
3154 3433 3308 3477 erant
3334 3427 3441 3480 duo

1886 3501 2000 3555 haec
2020 3517 2139 3571 qua:
2167 3502 2408 3557 audivit?
2431 3500 2673 3558 Potestas
2696 3502 2794 3558 Dei
2822 3515 2920 3571 est,
2949 3514 3121 3577 (vus.
3141 3510 3229 3585 i3)
3252 3522 3301 3567 et
3327 3525 3440 3579 tua,

1883 3596 2141 3664 Domine,
2176 3597 2551 3654 misericordia.
2592 3596 2762 3661 Deus,
2800 3601 2995 3670 inquit,
3033 3613 3222 3671 potens
3264 3607 3314 3661 in
3356 3608 3445 3676 ju-

1883 3686 2047 3750 dicio,
2102 3695 2155 3741 et
2201 3686 2340 3740 idem
2371 3686 2696 3741 misericors.
2730 3687 2913 3759 Neque
2944 3690 3105 3760 igitur
3146 3705 3357 3763 sperate
3388 3701 3441 3753 iu

1883 3779 2183 3848 iniquitate,
2224 3792 2399 3848 neque
2433 3776 2635 3834 divitiis
2668 3783 2864 3837 addicti
2906 3795 3098 3850 estote,
3126 3801 3299 3859 neque
3320 3804 3439 3844 atu-

1884 3868 2189 3938 plcctamini
2230 3869 2542 3936 vanitatem,
2576 3886 2748 3940 neque
2768 3873 2935 3929 animi
2957 3873 3217 3944 judicium
3250 3894 3441 3934 corru-

1880 3975 2025 4031 ptum
2059 3960 2417 4015 circumfertc.
2440 3961 2723 4017 Dominum
2754 3976 2995 4020 nostrum
3028 3977 3295 4035 potentem
3321 3984 3440 4027 esse

1878 4068 1999 4107 cum
2046 4066 2151 4105 non
2204 4050 2482 4121 ignoretis,
2518 4053 2701 4108 timete
2753 4052 2871 4123 eius
2920 4054 3308 4125 fortitudinem,
3339 4076 3438 4117 nec

1878 4149 2058 4197 tamen
2083 4143 2381 4212 desperetis
2408 4143 2475 4198 ale
2516 4143 2682 4214 ipsius
2720 4143 3071 4215 benignitate.
3111 4148 3178 4203 Et
3220 4150 3433 4219 quidem

1879 4239 2046 4290 bonus
2078 4245 2161 4291 est
2212 4236 2391 4299 timor,
2440 4245 2497 4290 ut
2540 4252 2605 4291 ne
2637 4236 2765 4306 quid
2817 4238 3163 4295 adtuittamus
3215 4242 3379 4313 iniqui
3416 4262 3430 4298 :

1875 4339 1997 4395 spes
2029 4340 2157 4381 vero
2204 4325 2582 4381 misericordia:
2627 4328 2765 4380 bona
2795 4336 2899 4396 est,
2931 4338 2989 4383 ut
3030 4344 3096 4386 ne
3145 4333 3237 4402 qui
3269 4335 3437 4389 semel

1875 4419 1928 4474 in
1968 4429 2246 4487 peccatum
2298 4418 2573 4486 prolapsus
2603 4427 2704 4482 est,
2752 4434 2811 4474 se
2839 4404 2951 4489 ipse
2976 4436 3071 4489 per
3102 4423 3436 4491 desperatio-

1875 4526 1995 4565 nem
2045 4510 2251 4579 perdat.
2294 4508 2427 4563 Nam
2474 4509 2567 4565 Dei
2614 4523 2696 4565 est
2733 4520 2988 4580 potestas,
3017 4514 3167 4569 etab
3202 4516 3317 4584 ipso
3352 4528 3434 4573 est

210 4595 324 4664 γὰρ
366 4594 562 4664 κράτος
590 4595 679 4645 τοῦ
711 4596 863 4658 Θεοῦ,
902 4600 993 4650 καὶ
1036 4600 1161 4669 παρ’
1195 4600 1357 4653 αὖτοῦ
1396 4603 1467 4672 (5)
1504 4603 1562 4655 τὸ
1604 4604 1765 4669 ἕλεος.
1801 4613 1845 4668 Ῑ)
1876 4619 1880 4656 1

1761 4646 1765 4658 .
1801 4613 1845 4668 ι)
1876 4600 2267 4656 misericordia.
2295 4598 2431 4667 Quia
2462 4612 2516 4655 tu
2551 4604 2729 4656 reddes
2763 4603 3042 4677 unicuique
3085 4604 3236 4670 iuxta
3277 4622 3431 4676 opera

212 4688 338 4737 Ὅτι
377 4685 456 4738 σὺ
499 4686 824 4753 ἀποδώσεις
855 4688 1086 4756 ἑκάστῳ
1118 4692 1263 4745 κατὰ
1296 4693 1366 4746 τὰ
1392 4696 1535 4764 ἔργα
1563 4698 1768 4751 αὐτοῦ.

208 4772 287 4845 ’ᾫ
327 4777 435 4843 γὰρ
469 4778 659 4846 μέτρῳ
690 4782 966 4846 μετρεῖτε,
1012 4783 1566 4851 ἀντιμετρηθήσεται
1608 4790 1765 4857 ὑμῖν.

213 4865 474 4932 Ἔθλιψας
510 4870 601 4921 τὸν
640 4868 899 4937 ἀδελφόν;
944 4873 1163 4943 ὲκδέχου,
1216 4875 1277 4927 τὸ
1311 4875 1440 4929 ἴσον.
1480 4878 1769 4949 Ἦρπασας

206 4955 281 5008 τὰ
309 4954 417 5006 τῶν
468 4957 883 5031 ὑποδεεστέρων,
929 4965 1369 5019 κατεκονδύλισας
1406 4967 1642 5040 πένητας
1668 4970 1765 5041 (4),

208 5048 555 5119 κατῄσχυνας
580 5053 635 5103 ὲν
671 5053 973 5123 λοιδορίαις,
1010 5057 1468 5129 ἐσυκοφάντησαςν
1502 5062 1767 5131 κατεψεύ-

210 5158 311 5202 σω,
368 5138 661 5209 ἀλλοτρίοις
715 5144 1103 5207 ὲπεεούλευσας
1150 5148 1365 5217 γάμοις,
1397 5150 1764 5223 ἐπιώρκησας,

207 5231 335 5299 ὅρια
400 5230 645 5301 πατέρων
702 5235 1001 5305 μετέθηκας
1043 5236 1140 5303 (ὅ),
1195 5240 1462 5307 κτήμασιν
1521 5242 1768 5311 ὀρφανῶν

205 5321 464 5389 ἐπῆλθες,
496 5323 664 5393 χήρας
691 5323 989 5395 ἐξέθλιψας,
1017 5327 1113 5396 τὴν
1142 5329 1417 5401 παροῦσαν
1448 5331 1637 5401 ἡδονὴν
1662 5333 1768 5385 τῶν

204 5412 264 5462 ἐν
304 5412 653 5480 ἐπαγγελίαις
685 5413 901 5481 ἀγαθῶν
940 5419 1343 5488 προετίμησας;
1393 5422 1609 5497 ὲκδέχου
1654 5428 1770 5477 τού-

276 5504 322 5535 ⁴⁰
352 5505 534 5560 Matth.
567 5525 659 5574 vu,
688 5513 744 5564 ο.

276 5602 391 5664 (99)
422 5601 495 5655 Ita
530 5607 691 5661 editio
726 5606 886 5661 Basil.
916 5617 969 5661 et
998 5625 1127 5664 mss.
1162 5611 1330 5664 multi.
1378 5606 1554 5662 Elitin
1585 5604 1757 5663 Paris.

198 5672 355 5726 τοῦδε
381 5672 565 5742 ἀγρός.

275 5743 352 5812 (1)
392 5742 461 5793 Ita
498 5753 697 5808 septem
733 5762 859 5800 mss.
904 5748 970 5800 At
1006 5749 1133 5801 editi
1187 5750 1278 5802 δύο
1323 5747 1492 5800 ταῦτα
1544 5746 1597 5798 ἃ.
1639 5747 1757 5801 Mox

200 5829 331 5865 mss.
356 5812 393 5889 _6
442 5812 600 5889 αὐτὸς
635 5814 897 5885 ἐλεήμων.
943 5818 1082 5871 Editi
1119 5821 1332 5874 inverso
1373 5820 1558 5873 ordine
1603 5816 1756 5889 ἐλεή-

202 5900 323 5954 μων
346 5884 373 5934 ὀ
400 5882 577 5944 αὑτός.

519 5977 786 6037 ΡΑτιιοι..
821 5979 935 6040 Gn.
976 5981 1203 6042 XXIX.

1868 4711 1985 4749 sua.
2017 4692 2217 4747 Etenim
2256 4709 2358 4764 qua
2386 4711 2627 4748 mensura
2669 4697 2829 4749 mensi
2873 4696 3098 4763 fueritis,
3138 4703 3434 4754 remouetur

1868 4785 2085 4840 vobis“.
2105 4784 2351 4840 Alnixisti
2377 4785 2633 4840 fratrem?
2652 4803 2749 4857 par
2775 4798 3047 4857 exspecta.
3076 4790 3315 4857 Rapuisti
3350 4793 3432 4845 iu-

1866 4877 2121 4932 feriorum
2146 4878 2431 4933 facultates
2466 4895 2479 4945 ;
2514 4881 2704 4950 pugnis
2745 4894 3006 4949 pauperes
3050 4881 3209 4953 199
3232 4885 3430 4940 cecidi-

1865 4970 1965 5035 sti;
1986 4986 2079 5038 per
2098 4972 2339 5025 convicia
2363 4971 2631 5026 incussisti
2665 4971 2938 5040 pudorem,
2965 4975 3320 5031 calumniatus
3345 4991 3423 5042 es,

1865 5062 2117 5116 mentitus
2143 5076 2225 5130 es,
2252 5063 2441 5118 alienis
2472 5064 2668 5132 nuptiis
2702 5068 2907 5133 parasti
2938 5068 3178 5129 insidias,
3211 5068 3421 5137 pejera-

1867 5154 1958 5218 sti,
1987 5155 2247 5209 terminos
2272 5165 2479 5223 patrum
2511 5157 2911 5225 transposuisti,
2944 5159 3307 5225 orphanorum
3341 5162 3426 5215 iu-

1866 5244 2051 5299 vasisti
2090 5247 2452 5314 possessiones
2472 5286 2488 5311 ,
2526 5245 2716 5302 viduas
2750 5249 3091 5315 Oppressisti,
3123 5251 3274 5305 bouis
3296 5267 3425 5321 pro-

1869 5335 2044 5389 missis
2076 5336 2355 5405 przetulisti
2401 5349 2714 5405 praesentem
2747 5336 3109 5405 voluptatem?
3132 5338 3309 5394 Vicetn
3342 5346 3425 5398 his

1868 5427 2077 5495 dignam
2121 5437 2390 5495 exspecta.
2438 5428 2623 5497 Qualia
2659 5428 2798 5482 enim
2849 5432 3210 5500 unusquisque
3247 5436 3416 5489 semi-

1939 5608 2014 5686 (εξ.)
2050 5608 2370 5686 §ic__septem
2411 5630 2535 5668 mss.
2569 5617 2632 5669 At
2657 5618 2783 5673 editi
2813 5618 2929 5678 ἀλλ’
2958 5619 3178 5686 εἰδότες.

1939 5681 2014 5756 (5)
2042 5681 2270 5756 βοιιίεεε
2310 5695 2415 5737 tres
2438 5687 2565 5756 παρ’
2588 5687 2753 5756 αὐτῷ.

2042 5750 2165 5826 ᾖξε-ις.
2196 5756 2459 5808 secundus
2484 5742 2717 5826 πένητα.⁸

1937 5820 2011 5888 (5)
2027 5820 2352 5898 ξΓιΙιιιιιιιιιιις
2373 5828 2547 5881 verbis
2572 5820 2979 5883 l’i'overbiot'um
3002 5848 3133 5896 χχιι,
3152 5831 3241 5894 98,
3266 5834 3415 5898 usu’s,

1870 5889 1977 5953 illa,
2022 5891 2144 5960 ὅρια
2183 5895 2459 5964 πατέρων,
2490 5911 2623 5963 etc.,
2649 5898 2724 5955 sic
2753 5889 3142 5971 inter-promtus
3178 5889 3255 5957 ,t'u'.
3279 5915 3366 5958 t'at
3399 5889 3415 5957 ξ

3065 5994 3136 6052 ιο
