4230 6542
209 497 318 554 683

1380 503 1662 560 llOMlLlA
1702 503 1768 559 IN
1809 499 2137 557 PSALMUM
2177 498 2356 554 CXIV.

3350 499 3455 556 490

209 626 332 686 τίας
379 623 475 692 τὴν
509 622 571 674 ἐκ
622 621 722 691 τῆς
763 623 1049 692 μετανοίας
1109 624 1346 676 κάκωσιν
1409 625 1629 695 ἐμαυτῷ
1681 626 1780 676 ἐπ·
1809 635 1855 686 Α

1809 624 2204 686 Αῡιιιαιὶοηεηι
2274 633 2320 676 et
2379 623 2613 677 dolorem
2674 621 2847 677 inveni
2899 636 2994 692 per
3058 622 3450 692 paenitentiam.

210 717 434 784 ἐνόησα,
469 715 562 767 καὶ
591 713 762 776 οὕτως
790 715 1062 784 ἐτόλμησα
1085 716 1147 767 τὸ
1176 716 1344 784 δνομα
1362 716 1564 784 Κυρίου
1595 719 1784 770 ἐπικα-

209 806 492 861 λέσασθαι.
547 806 680 859 Τίνα
729 807 784 858 δὲ
822 802 888 876 ἦν
931 807 966 860 ἃ
1008 802 1192 870 εἶπον;
1246 803 1312 858 Ὠ
1365 809 1559 874 Κιζοιε,
1601 807 1785 874 ῥῦσαι

210 897 328 961 τὴν
392 899 602 965 ψυχήν
653 916 791 967 μου.
848 899 1161 968 Κατέχθμαι
1209 899 1266 949 ἐν
1325 901 1388 967 τῇ
1443 900 1784 970 αἰχμαλωσίᾳ

211 1008 237 1040 τ
261 991 406 1063 ιύτῃ,
439 993 500 1043 σὺ
537 992 627 1054 δὸς
672 992 732 1043 τὸ
767 990 1069 1062 ὺπέριέμοῦ
1111 990 1322 1060 λύτρον,
1355 990 1446 1042 καὶ
1483 989 1641 1060 ῥῦσαι
1689 993 1786 1061 τὴν

210 1082 395 1152 ψυχήν
431 1100 552 1152 μου.

289 1261 341 1314 5.
395 1261 691 1331 Ἐλεήιιων
738 1265 771 1316 ὁ
811 1261 1024 1328 Κύριος
1070 1262 1449 1332 «alebat/oc.
1505 1261 1786 1333 Πανταχοῦ

218 1354 476 1406 συνάπτει
506 1359 537 1424 ή
581 1353 768 1424 Γραφὴ
802 1356 910 1415 τοῖς
943 1356 1242 1425 οίκτιρμοῖς
1276 1354 1366 1406 τοῦ
1403 1353 1536 1407 Θεοῦ
1570 1355 1667 1423 τὴν
1708 1353 1786 1406 δι-

215 1446 528 1516 καιοσύνην,
579 1438 897 1499 διδάσκουσα
937 1447 1113 1514 ἡμᾶς,
1156 1448 1236 1499 ὅτι
1276 1446 1398 1500 οὔτε
1427 1450 1455 1501 ὁ
1497 1449 1644 1512 ἕλεος
1693 1447 1787 1500 106

217 1539 355 1590 Θεοῦ
385 1539 620 1608 ἄκριτος,
661 1536 784 1589 οὔτε
825 1538 1068 1607 ἠκρίσις
1099 1538 1430 1610 ἀνελεήμων.
1491 1539 1653 1593 Ἀλλά
1697 1541 1789 1592 καὶ

217 1629 414 1693 ἐλεῶν,
465 1629 798 1698 κεκριμένως
847 1631 959 1692 τοῖς
1002 1629 1168 1694 ἀξίοις
1210 1632 1494 1702 ἐπιμετρεῖ
1536 1632 1662 1695 τοὺς
1710 1633 1788 1684 oi-

218 1719 511 1789 κτιρμούςο
555 1721 646 1772 καὶ
676 1720 895 1790 κρίνων,
932 1721 1339 1791 ἐστοχασμένως
1368 1723 1467 1792 τῆς
1510 1723 1793 1787 ἀσθενείας

218 1810 377 1881 ἡμῶν
407 1809 596 1878 ἐπάγει
627 1810 725 1881 τὴν
759 1811 962 1882 κρίσιν,
1007 1811 1387 1883 φιλανθρωπίᾳ
1425 1814 1620 1883 μᾶλλον
1651 1815 1682 1884 ἢ
1725 1817 1789 1883 τῇ

216 1899 314 1954 106
350 1900 462 1983 ἴσου
497 1902 876 1972 ἀντιμετρήσει
901 1902 1238 1973 ἀμυνόμενος
1263 1905 1427 1972 ἡμᾶς.
1455 1903 1563 1956 Καὶ
1592 1907 1623 1956 ό
1648 1904 1790 1968 Θεὸς

1890 714 2179 768 Enimvero
2213 714 2371 767 talem
2406 714 2736 783 pmtiitentiae
2767 712 3089 778 cruciatum,
3124 714 3214 782 qui
3247 716 3453 782 peccati

1888 803 2240 873 magnitudini
2277 805 2607 866 conveniret,
2638 803 2767 856 mihi
2798 803 2910 872 ipse
2945 803 3268 872 excogitavi,
3296 813 3346 857 et
3376 803 3457 858 sic

1888 912 2082 950 nomen
2132 895 2338 949 Domini
2393 910 2558 951 ausus
2609 912 2722 950 sum
2779 896 3058 952 invocare.
3110 895 3237 963 Qua:
3275 904 3453 950 autem

1890 1000 2045 1043 erant
2075 1002 2193 1057 qua:
2230 988 2376 1041 dixi?
2413 990 2573 1042 Vens.
2607 989 2660 1043 4.
2695 987 2738 1042 0
2771 987 3012 1054 Domine,
3037 989 3205 1042 libera
3225 989 3462 1042 animum

1892 1097 2078 1134 meam.
2120 1080 2173 1134 In
2218 1082 2317 1133 hac
2349 1080 2599 1133 dctintor
2629 1080 2967 1150 captivitate,
3002 1089 3055 1133 tu
3085 1095 3182 1147 pro
3215 1095 3300 1134 me
3337 1095 3458 1149 pre-

1892 1170 2022 1219 tium
2060 1168 2125 1219 da
2169 1167 2582 1235 redemptionis,
2611 1177 2663 1222 et
2700 1169 2868 1223 libera
2911 1169 3147 1224 animam
3185 1185 3384 1225 meam.

1963 1259 2014 1312 5.
2059 1258 2221 1313 Vens.
2261 1259 2314 1317 5.
2357 1259 2661 1314 Misericors
2705 1260 2954 1314 Dominus
2988 1273 3035 1315 et
3063 1262 3261 1331 justus.
3305 1262 3458 1317 Scri-

1892 1362 2051 1420 ptura
2089 1352 2288 1421 ubique
2320 1351 2412 1405 Dei
2459 1351 2902 1407 miserationibus
2930 1353 3197 1422 justitiam
3233 1357 3457 1421 conjun-

1894 1442 1969 1510 git
2013 1459 2026 1495 :
2075 1441 2270 1510 quippe
2316 1444 2471 1495 docet
2515 1455 2633 1507 nos,
2678 1457 2852 1512 neque
2898 1442 2991 1495 Dei
3039 1443 3456 1499 misericordiam

1889 1531 2092 1600 judicio
2132 1544 2338 1596 carere,
2373 1546 2549 1601 neque
2580 1531 2839 1600 judicium
2877 1547 3069 1600 expers
3099 1548 3218 1588 esse
3250 1534 3462 1588 miseri-

1893 1623 2109 1678 cordizc.
2144 1623 2247 1676 Sed
2292 1635 2345 1676 et
2378 1623 2503 1677 dum
2543 1624 2861 1686 miseretur,
2904 1623 2971 1677 iis
3001 1623 3089 1693 qui
3125 1623 3270 1692 digni
3301 1633 3458 1688 sunt,

1895 1730 2017 1769 suas
2043 1730 2158 1768 cum
2177 1713 2381 1784 judicio
2401 1715 2780 1770 miserationes
2799 1715 3089 1770 admetitur
3112 1732 3125 1768 :
3149 1725 3311 1782 atque
3332 1714 3492 1770 dum.

1889 1805 2114 1875 judicat,
2150 1805 2332 1859 habita
2367 1805 2700 1862 inﬁrmitatis
2729 1815 2926 1861 nostra.-
2952 1807 3160 1862 ratione
3187 1807 3348 1860 infert
3375 1807 3461 1876 ju-

1895 1895 2118 1961 dicium,
2148 1896 2484 1964 benignitate
2508 1899 2697 1967 magis,
2724 1912 2883 1966 quam
2909 1913 3006 1968 par
3027 1899 3145 1967 pari
3176 1899 3460 1954 referendo

218 1992 389 2060 ἡμῶν
418 1994 588 2046 ἐλεεῖ.
629 1993 815 2058 Ἐλεός
857 1995 970 2047 ἐστι
1003 1995 1173 2057 πάθος
1203 1997 1294 2047 ἐπὶ
1324 1997 1446 2057 τοὺς
1474 1997 1602 2064 παρ’
1634 1993 1790 2058 ἀξίαν
1823 1985 1866 2040 Β

1823 1985 1866 2040 Β
1893 1986 2130 2055 plectens
2161 2003 2280 2043 nos.
2332 1988 2402 2043 Et
2441 1988 2580 2043 Deus
2618 2000 2793 2043 noster
2820 1990 3114 2044 miseretur.
3149 1991 3461 2047 Misericor-

218 2085 740 2156 τεταπεινωμένους,
773 2087 920 2155 παρά
943 2087 1049 2139 τῶν
1082 2084 1378 2156 συμπαθῶς
1403 2085 1788 2155 διατιθεμένων

218 2178 523 2247 γινόμενον.
543 2177 720 2230 Ἐλεοῦ
728 2194 824 2246 μεν
843 2177 932 2228 τὸν
951 2178 1012 2228 ἐκ
1031 2174 1261 2245 μεγάλου
1287 2175 1512 2228 πλούτου
1535 2176 1672 2246 πρὸς
1692 2177 1788 2249 τὴν

223 2270 341 2337 (24)
373 2268 601 2338 ἐσχάτην
634 2267 817 2318 πενίαν
854 2266 1246 2336 μεταπεσόντα,
1272 2265 1363 2319 τὸν
1401 2269 1462 2319 ἐκ
1489 2268 1587 2338 τῆς
1616 2270 1789 2338 ἄκρας

219 2360 436 2426 εὐεξίας
469 2358 560 2412 106
594 2357 840 2428 σώματος
872 2359 948 2420 εἰς
980 2357 1075 2428 τὴν
1109 2359 1342 2429 ἐσχάτην
1377 2359 1658 2414 ἀσθένειαν
1686 2375 1790 2410 κα-

219 2451 578 2522 ταῦληθέντα,
609 2449 698 2502 τὸν
728 2450 818 2502 ἐπὶ
847 2450 1031 2504 κάλλει
1064 2451 1153 2503 καὶ
1185 2450 1303 2520 ap;
1342 2450 1590 2520 σώματος
1621 2451 1791 2519 ἀγαλ-

222 2545 468 2614 λόμενον,
495 2543 585 2613 καὶ
614 2542 716 2596 ὑπὸ
746 2543 850 2596 τῶν
880 2543 1169 2611 αἰσχίστων
1194 2540 1380 2593 παθῶν
1401 2542 1788 2614 διαφθαρέντα.

239 2637 392 2688 Ἐπεὶ
429 2631 520 2689 οὖν
547 2636 638 2689 καὶ
662 2637 820 2705 ἡμεῖς
851 2631 991 2703 ἦμέν
1023 2649 1150 2685 ποτε
1197 2632 1397 2698 ἔνδοξοι
1437 2635 1528 2690 ἐπὶ
1555 2638 1657 2706 τῆς
1700 2635 1792 2688 106

225 2726 555 2796 παραδείσου
579 2724 871 2791 διαγωγῆς,
901 2723 1196 2794 ἐγενόμεθα
1218 2724 1272 2777 δὲ
1297 2724 1469 2789 ἄδοξοι
1493 2727 1584 2778 καὶ
1606 2744 1795 2779 ταπει-

223 2819 308 2870 νοὶ
338 2816 424 2868 διὰ
465 2816 562 2885 τὴν
602 2813 890 2877 ἔκπτωσιν,
950 2815 1010 2866 '0
1057 2815 1199 2880 Θεὸς
1243 2815 1409 2884 ἡμῶν
1452 2816 1625 2883 ἐλεεῖ,
1656 2818 1795 2889 ὀρῶν

221 2907 374 2976 ἡμᾶς
417 2901 516 2958 οἷοι
570 2904 683 2957 ἀνθ’
725 2905 850 2958 οἴων
898 2906 1218 2976 γεγόναμεν.
1257 2906 1355 2960 Διά
1391 2908 1549 2964 τοῦτο
1582 2909 1794 2963 καὶτὸν

236 2998 410 3068 Ἀδὶμ
437 2997 750 3050 ἀνεκαλεῖτο
780 3000 845 3068 τῇ
884 2997 993 3068 (25)
1038 2998 1130 3052 106
1173 2999 1320 3052 ἐλέου
1377 3004 1550 3070 φωνῇ,
1593 3000 1793 3068 λέγων’

236 3088 431 3158 Ἀδὰμ,
459 3089 577 3143 ποῦ
607 3088 689 3151 εἷ;
729 3089 802 3140 Οὐ
840 3088 946 3160 γὰρ
987 3088 1291 3160 διδαχθῆναι
1327 3090 1503 3159 ἐζήτει
1545 3091 1572 3142 ό
1620 3091 1797 3144 πάντα

225 3178 417 3241 εἰδὼς,
467 3177 605 3231 ἀλλά
650 3178 839 3246 νοῆσαι
877 3178 1036 3231 αὑτὸν
1080 3177 1325 3230 ἐϐούλετο
1377 3173 1486 3240 οἷος
1533 3176 1648 3230 ἀνθ’
1685 3178 1795 3231 οἴου

224 3272 435 3339 γέγονε.
467 3269 589 3324 Ποῦ
619 3265 706 3332 ei;
733 3270 849 3322 ἀντὶ
871 3267 985 3332 τοῦ,
1018 3269 1110 3331 Εἰς
1137 3265 1246 3322 οἷον
1275 3269 1474 3340 πτῶμα
1503 3269 1798 3342 κατελήλυ-

226 3365 324 3427 θας
371 3363 478 3416 ἀπὸ
502 3360 815 3433 τηλικούτου
844 3358 1043 3430 ὕψους

1889 2080 1976 2134 dla
2007 2079 2219 2136 affectio
2257 2091 2339 2136 est
2381 2096 2507 2152 erga
2551 2097 2646 2138 eos
2693 2085 2784 2154 qui
2827 2093 3022 2152 praeter
3064 2083 3311 2140 meritum
3361 2085 3461 2139 de-

1891 2173 2060 2241 pressi
2087 2183 2244 2238 sunt,
2288 2174 2356 2227 ab
2386 2173 2450 2227 iis
2477 2175 2568 2242 qui
2607 2175 2961 2230 miseratione
2988 2175 3148 2246 202
3181 2183 3461 2232 moventur

1893 2262 2263 2330 proficiscens.
2308 2263 2632 2318 Miseramur
2662 2279 2810 2330 eum,
2844 2265 2933 2334 qui
2969 2281 3034 2322 ex
3070 2269 3279 2335 magnis
3321 2267 3463 2322 diviv

1894 2354 1981 2407 tiis
2015 2353 2066 2408 in
2096 2365 2395 2410 extremam
2428 2357 2616 2412 incidit
2654 2368 3065 2428 paupertatem:
3097 2373 3245 2424 eum,
3278 2361 3369 2429 qui
3395 2375 3461 2416 ex

1892 2447 2095 2516 optima
2140 2449 2388 2517 corporis
2433 2448 2748 2505 habitudine
2783 2451 2848 2505 ad
2892 2466 3160 2506 summam
3210 2453 3461 2509 redactus

1893 2551 1978 2594 est
2014 2539 2345 2594 debilitatem
2395 2558 2408 2594 :
2447 2555 2606 2606 eum,
2645 2542 2735 2612 qui
2784 2543 2854 2596 ob
2897 2541 3353 2612 pulchritudinem
3397 2561 3461 2602 ac

1894 2631 2216 2702 elegantiam
2248 2632 2493 2702 corporis
2525 2633 2924 2702 praegestiebat,
2956 2631 3111 2690 sed'a
3146 2635 3461 2693 foedissimis

1896 2738 1958 2776 ac
1994 2723 2321 2793 turpissimis
2360 2724 2562 2778 morbis
2600 2735 2888 2794 corruptus
2924 2736 3028 2781 est.
3063 2726 3325 2794 Quoniam
3359 2729 3460 2799 igi—

1897 2826 1983 2868 tur
2017 2825 2069 2868 et
2105 2829 2202 2868 nos
2239 2814 2289 2867 in
2325 2815 2581 2882 paradiso
2612 2814 2894 2884 degentes,
2923 2832 3143 2874 eramus
3173 2819 3462 2890 aliquando

1896 2907 2025 2959 clari
2067 2920 2129 2960 ac
2178 2906 2534 2976 spectabiles,
2567 2915 2622 2961 et
2675 2917 2850 2962 tamen
2888 2910 2956 2964 ob
2991 2910 3465 2979 ejectionem,'in-

1897 2998 2054 3067 glorii
2091 3007 2144 3053 et
2177 2999 2372 3070 abjecti
2416 2998 2723 3065 evasimus,
2769 2999 2913 3056 Deus
2945 3013 3120 3058 noster
3166 3004 3461 3071 miseretur,

1898 3089 2023 3144 dum
2080 3090 2264 3160 quales
2321 3105 2420 3145 nos
2465 3106 2530 3146 ex
2572 3091 2822 3160 qualibus
2874 3095 3003 3148 facti
3056 3097 3264 3162 simus,
3295 3096 3462 3152 videt.

1900 3184 2236 3252 Quapropter
2266 3193 2319 3237 et
2363 3184 2629 3239 Adamum
2664 3185 2768 3240 hac
2797 3186 3182 3244 misericordiae
3218 3204 3352 3245 voce
3381 3204 3468 3244 re-

1899 3275 2148 3337 vocabat,
2181 3273 2365 3328 dicens
2392 3289 2405 3327 :
2441 3273 2635 3342 Adam,
2668 3275 2758 3328 ubi
2797 3292 2850 3330 es
2879 3276 2962 3330 ‘7?
2993 3276 3107 3332 Non
3141 3278 3284 3333 enim
3330 3279 3463 3333 edo-

1827 3348 1869 3408 C
1903 3363 2012 3418 ceri
2039 3363 2314 3434 qttmrebat
2335 3364 2574 3419 omnium
2602 3380 2822 3436 gnarus,
2850 3368 2943 3423 sed
2967 3367 3270 3440 intelligere
3290 3369 3462 3439 ipsum

228 3455 464 3522 volebat,
491 3453 665 3524 qualis
695 3466 762 3506 ex
793 3452 935 3517 quali
966 3452 1137 3508 factus
1162 3463 1324 3509 esset.
1360 3452 1459 3508 Ubi
1500 3456 1594 3509 es?
1632 3455 1785 3525 quasi
1827 3454 1974 3509 dicat
2008 3473 2022 3508 :
2056 3457 2111 3510 ln
2147 3471 2308 3526 quam
2377 3456 2588 3510 ruinam
2625 3471 2694 3512 ex
2742 3467 2891 3513 tanta
2952 3461 3287 3518 sublimitate
3329 3463 3465 3522 inci-

228 3545 391 3604 disti?

301 3643 358 3696 4.
429 3639 770 3695 Φυλάσσων
801 3641 872 3696 τὰ
909 3642 1095 3706 νήπια
1125 3642 1158 3692 ὁ
1195 3639 1435 3707 Κύριος⁸
1488 3637 1800 3692 ἐταπεινώ-

230 3743 366 3809 θην,
399 3737 495 3791 καὶ
525 3736 721 3792 ἔσωσέ
748 3753 843 3806 με.
889 3735 1014 3789 Εἴτε
1059 3732 1199 3787 κατὰ
1235 3733 1325 3786 τὸν
1362 3733 1587 3803 φυσικὸν
1625 3732 1804 3802 λόγον,

230 3835 331 3886 οὐκ
363 3829 430 3884 ἂν
462 3829 690 3899 συνέστη
729 3829 763 3900 ὴ
796 3826 1110 3899 ἀνθρωπίνη
1145 3823 1322 3894 φύσις,
1363 3826 1437 3896 μὴ
1469 3825 1576 3878 τῶν
1608 3826 1803 3897 κομιδῆ

230 3924 439 3994 νηπίων
467 3924 560 3977 καὶ
575 3925 653 3975 ἔτι
672 3920 882 3991 βρεφῶν
904 3921 1006 3973 ὑπὸ
1025 3920 1117 3972 τοῦ
1140 3920 1342 3992 Κυρίου
1362 3920 1802 3991 φυλασσομένων.

234 4012 359 4073 Πῶς
387 4009 492 4080 γὰρ
517 4009 550 4078 ἢ
586 4009 697 4077 (26)
725 4010 792 4061 τὰ
821 4011 877 4060 ἐν
904 4011 969 4078 τῇ
1005 4009 1188 4079 μήτρᾳ
1228 4009 1638 4079 κυοφορούμενα
1680 4005 1807 4076 ἡδύ-

235 4121 366 4157 νατο
397 4101 688 4174 τρέφεσθαι
714 4100 746 4172 ἢ
777 4099 1041 4154 κινεῖσθαι
1068 4101 1124 4152 ἐν
1148 4100 1289 4153 οὕτω
1323 4102 1528 4163 στενοῖς
1565 4099 1804 4169 χωρίοις,

235 4197 330 4252 καὶ
350 4192 616 4267 μηδεμίαν
638 4195 846 4265 ἔχουσιν
870 4193 1210 4265 ἀναστροφὴν
1233 4190 1363 4265 (27),
1383 4191 1495 4245 ἀλλ’
1519 4193 1574 4244 ἐν
1597 4208 1808 4244 σκοτειςι

236 4292 348 4353 νοῖς
377 4288 560 4350 τόποις
586 4289 682 4341 καὶ
720 4286 968 4359 ἐνύγροις
996 4286 1092 4357 τὴν
1122 4285 1264 4356 (ζωὴν
1304 4284 1512 4353 ἔχοντα,
1551 4284 1644 4337 καὶ
1685 4281 1808 4335 οὗτε

235 4381 494 4434 ἀναπνεῖν
516 4379 802 4450 δυνάμενα,
834 4379 954 4432 οὗτε
977 4380 1073 4450 ζῇν
1089 4378 1185 4450 τὴν
1204 4376 1310 4430 τῶν
1325 4376 1620 4447 ἀνθρώπων
1642 4375 1805 4445 ζωὴν,

242 4471 378 4526 ἀλλά
405 4472 558 4540 δίκην
589 4471 784 4541 ἰχθύων
812 4473 921 4533 τοῖς
955 4471 1138 4540 ὑγροῖς
1166 4470 1531 4540 ἐμφερόμενα,
1565 4469 1612 4522 εί
1642 4468 1716 4540 μὴ
1739 4471 1804 4539 τῇ

239 4563 393 4635 παρά
424 4563 518 4616 106
561 4563 695 4616 Θεοῦ
735 4565 946 4634 φυλακῇ
984 4561 1350 4632 διεκρατεῖτο;
1391 4561 1513 4624 Πῶς
1555 4562 1596 4614 δ’
1630 4562 1695 4614 ἂν
1729 4563 1808 4624 εἰς

237 4657 330 4711 τόν
370 4654 513 4726 ἀήθη
539 4653 724 4707 τοῦτον
753 4654 1052 4708 ἐκπεσόντα
1071 4653 1256 4718 τόπον,
1288 4653 1381 4705 καὶ
1404 4651 1510 4705 ἀπὸ
1536 4652 1632 4722 τῆς
1655 4653 1713 4704 ἐν
1739 4655 1803 4722 τῇ

243 4752 431 4820 μήτρᾳ
466 4745 794 4818 θερμότητος
833 4747 908 4817 τῷ
942 4747 1062 4818 ἀέρι
1097 4745 1503 4818 περιψυχόμενα
1537 4743 1637 4798 κᾶν
1672 4743 1806 4812 πρὸς

241 4845 305 4898 τὸ
351 4840 522 4914 βραχὺ
568 4837 872 4909 διήρκεσεν,
917 4839 965 4891 εἰ
1011 4839 1085 4909 μὴ
1120 4839 1270 4909 παρά
1309 4837 1443 4891 Θεοῦ
1486 4835 1800 4902 διεσώζετος

1974 3639 2028 3694 4.
2085 3639 2250 3696 Vens.
2293 3641 2346 3700 6.
2388 3641 2707 3701 Custodieus
2746 3643 2998 3714 parvulos
3031 3641 3326 3712 Dominus;
3370 3645 3469 3700 Int-

1905 3727 2142 3782 miliatus
2175 3746 2321 3797 sum,
2351 3743 2399 3786 et
2429 3733 2636 3788 salvum
2679 3750 2759 3788 me
2789 3735 2934 3803 fecit.
2969 3735 3094 3790 Sive
3117 3735 3348 3790 naturali
3378 3751 3469 3790 ra-

1907 3823 2049 3877 tione
2076 3822 2126 3876 id
2161 3823 2431 3892 accipias,
2464 3840 2570 3879 non
2604 3827 2930 3882 consisteret
2970 3828 3204 3883 humana
3246 3840 3466 3898 natura,

1905 3913 1948 3967 si
1986 3913 2022 3967 ii
2052 3913 2142 3984 qui
2174 3923 2298 3968 sunt
2332 3928 2556 3984 prorsus
2593 3917 2802 3986 parvuli
2842 3926 2897 3970 et
2930 3917 3104 3974 adhuc
3137 3918 3406 3987 infantes,
3436 3938 3467 3976 a

1907 4004 2135 4060 Domino
2168 4020 2274 4060 non
2309 4007 2732 4064 custodirentur.
2769 4010 3048 4076 Quomodo
3085 4011 3226 4066 enim
3273 4013 3365 4083 qui
3414 4013 3467 4068 in

1906 4106 2062 4152 utero
2085 4107 2386 4169 gestantur,
2416 4100 2609 4154 nutriri
2640 4109 2733 4154 aut
2759 4103 2962 4155 moveri
2991 4111 3234 4172 possent,
3260 4119 3382 4158 cum
3415 4104 3468 4160 in

1907 4190 2094 4259 spatiis
2119 4191 2250 4246 adeo
2281 4191 2544 4260 angustis,
2579 4191 2632 4246 in
2660 4192 2856 4262 quibus
2888 4193 3033 4249 nullo
3064 4194 3224 4249 modo
3254 4211 3312 4251 se
3339 4211 3468 4250 con-

1909 4293 2119 4337 vertere
2151 4298 2214 4337 ac
2241 4288 2459 4338 vc‘rsare
2489 4285 2665 4351 liceat,
2704 4285 3072 4351 diversentur,
3100 4288 3194 4342 sed
3230 4288 3281 4341 in
3320 4297 3471 4342 tene-

1910 4375 2086 4429 brosis
2116 4385 2170 4429 et
2201 4376 2432 4430 humidis
2464 4374 2595 4430 locis
2619 4376 2822 4442 vivant,
2851 4391 3028 4446 neque
3060 4378 3355 4450 respirare,
3383 4395 3472 4436 ne-

1910 4481 2014 4535 que
2039 4467 2315 4521 hominum
2348 4470 2513 4522 vitam
2549 4469 2731 4525 vivere
2757 4468 3022 4537 valentes,
3060 4473 3153 4527 sed
3193 4474 3363 4528 instar
3391 4474 3472 4542 pi-

1911 4560 2080 4614 scium
2106 4557 2281 4615 ﬂuidis
2304 4561 2628 4627 innatantes,
2660 4562 2762 4618 nisi
2797 4563 2888 4617 Dei
2917 4565 3159 4618 custodia
3185 4580 3470 4621 servaren-

1912 4654 2036 4707 tur?
2087 4652 2365 4720 Quomodo
2421 4669 2607 4709 rursus
2657 4657 2722 4710 ad
2768 4655 3046 4712 insolitum
3101 4657 3244 4714 hunc
3294 4659 3470 4714 locum

1910 4745 2100 4817 elapsi,
2135 4755 2188 4800 et
2213 4756 2332 4814 post
2361 4749 2496 4802 uteri
2525 4748 2759 4803 calorem
2791 4763 2915 4801 aere
2941 4748 3264 4820 refrigerati,
3296 4751 3379 4806 vel
3405 4752 3472 4807 ad

1912 4837 2070 4891 breve
2121 4845 2330 4906 tempus
2379 4839 2768 4907 persisterent,
2816 4838 2918 4893 nisi
2960 4855 2987 4894 a
3037 4840 3144 4895 Deo
3186 4855 3473 4895 conserva-

244 4934 588 4990 Φυλάσσων
624 4924 716 4985 οὖν
747 4927 817 4982 τὰ
844 4930 1028 4998 νήπια
1053 4934 1084 4984 ὀ
1111 4933 1354 5000 Κύριος·
1386 4931 1805 5000 ἐταπεινώθην,
1837 4929 1883 4984 D

1802 4974 1805 4990 ,
1837 4929 1883 4984 D
1916 4927 2146 4983 rentur?
2175 4928 2484 4984 Custodiens
2522 4945 2649 5000 ergo
2691 4933 2936 4999 parvulos
2967 4931 3256 4997 Dominus;
3299 4932 3472 4987 humi-

243 5028 344 5083 καὶ
377 5025 572 5078 ἔσωσέ
598 5041 692 5093 με.
723 5023 793 5076 Ἦ
821 5024 914 5075 καὶ
950 5023 1091 5077 οὕτω
1120 5025 1328 5095 νοήσεις
1366 5024 1456 5077 τὸν
1486 5023 1656 5094 λόγον·
1685 5026 1807 5077 Ὅτι

245 5117 436 5185 ἐπειδὴ
479 5117 773 5185 ἐστράφην,
810 5112 903 5166 καὶ
942 5115 1206 5185 ἐγενόμην
1248 5114 1323 5177 ὡς
1363 5114 1423 5169 τὸ
1456 5117 1666 5186 νήπιον,
1716 5115 1809 5167 καὶ

245 5205 515 5277 ἐδεξάμην
538 5205 633 5275 τὴν
663 5203 929 5273 βασιλείαν
958 5205 1063 5256 τῶν
1089 5207 1328 5277 οὐρανῶν
1355 5205 1428 5268 ὡς
1462 5208 1688 5269 παιδίον,
1713 5207 1807 5260 καὶ

245 5300 336 5352 διὰ
365 5301 462 5362 τῆς
487 5297 719 5361 ἀκακίας
747 5296 980 5367 ἐμαυτὸν
1015 5297 1094 5360 είς
1119 5299 1217 5370 τὴν
1243 5298 1348 5351 τῶν
1374 5297 1598 5351 παιδίων
1626 5297 1808 5352 ταπεί-

327 5479 371 5509 ‘7
410 5477 544 5534 Gen.
582 5493 663 5544 ιιι,
693 5476 744 5532 9.

327 5656 440 5726 (24)
474 5654 562 5708 Sic
591 5662 790 5726 septem
809 5668 955 5726 mss.
986 5653 1318 5726 Ateditiﬂem
1345 5673 1461 5726 την.
1483 5653 1632 5708 llaud
1657 5651 1816 5716 longe

253 5719 388 5784 Ruﬁ.
424 5719 693 5795 secundus
727 5723 1006 5795 ἀσθένειαν
1043 5719 1460 5795 μεταϐληθέντα.

327 5797 439 5864 (15)
474 5794 603 5866 Reg.
635 5795 902 5849 secundus
933 5793 1407 5850 évaxa).et1o.'alox
1454 5796 1584 5866 lleg.
1618 5793 1811 5849 tertius

251 5868 365 5920 οἴου
392 5865 696 5934 γεγένηται.

331 5935 443 5994 (26)
475 5932 587 5989 διο
613 5947 743 5989 mss.
781 5942 910 5991 tres.
968 5932 1128 5992 Dccst
1166 5935 1200 6003 ἡ
1246 5934 1297 5989 in
1329 5935 1483 5992 editis
1515 5944 1567 5990 et
1597 5937 1648 5991 in
1688 5934 1805 5992 aliis

1915 5027 2074 5080 liatus
2123 5043 2260 5091 sum,
2310 5035 2356 5080 et
2401 5027 2614 5079 servavit
2672 5043 2771 5081 me.
2829 5027 2936 5080 Aut
2989 5029 3150 5081 etiam
3196 5027 3276 5082 sic
3309 5027 3471 5082 verba

1919 5114 2105 5168 isthme
2137 5113 2439 5181 intelligere
2472 5112 2677 5182 poteris
2711 5132 2724 5167 ι
2761 5114 3206 5184 Quandoquidem
3241 5132 3470 5171 conver-

1915 5221 2007 5260 sus
2054 5221 2208 5268 sum,
2244 5215 2297 5259 et
2332 5202 2505 5260 factus
2550 5220 2667 5260 sum
2722 5217 2779 5260 ut
2819 5205 3106 5275 parvulus,
3141 5221 3204 5262 ac
3249 5223 3472 5276 regnum

1915 5297 2171 5352 etmalorum
2208 5296 2354 5352 velut
2384 5311 2517 5368 puer
2546 5297 2778 5368 suscepi,
2808 5310 3002 5368 meque
3044 5298 3159 5368 ipse
3192 5312 3288 5369 per
3319 5298 3473 5352 inno-

1921 5659 2237 5725 quibusdam
2276 5673 2402 5712 mss.

1990 5728 2102 5797 (27)
2133 5728 2204 5781 Ita
2249 5730 2411 5782 editio
2469 5727 2628 5782 Basil.
2657 5734 2712 5781 et
2759 5725 2897 5782 Oliv.
2947 5733 3000 5797 et
3027 5723 3268 5797 Combef.
3298 5723 3470 5797 ct_alii

1920 5795 2144 5866 septeni.
2213 5799 2382 5853 Etlilio
2436 5798 2606 5853 Paris.
2653 5797 2746 5850 καὶ
2786 5796 3052 5867 μηδεμίαν
3104 5795 3315 5867 ἔχουσιν
3345 5795 3473 5847 ἀνα-

1924 5869 2113 5938 πνοήν,
2147 5868 2207 5923 1η
2240 5871 2420 5938 quibus
2452 5886 2540 5923 nec
2570 5871 2825 5940 respirare
2855 5869 3028 5922 liceat.
