4230 6508
268 478 376 531 495

1427 474 1717 533 IIOMILIA
1756 478 1822 533 1N
1855 480 2187 537 PSALMUM
2226 485 2414 545 CXIV.

3398 496 3500 549 491

265 603 407 669 φανῇ
434 598 543 668 (35)
568 616 647 652 σοι
668 598 726 651 τὸ
747 600 1057 669 λεγόμενον,
1081 598 1218 651 ἀλλά
1243 598 1433 652 σκόπει
1459 601 1553 655 τοῦ
1582 604 1839 674 πράγμα-
1864 614 1910 665 Α

1831 614 1910 665 -Α
1938 610 2092 665 dibus
2135 620 2245 667 tres
2288 614 2465 670 aetatis
2508 630 2572 671 ac
2618 615 2745 670 vitae
2791 613 3192 670 vicissitudines
3224 629 3288 669 ac
3325 625 3501 667 muta-

263 712 355 755 τος
400 694 498 765 τὴν
550 692 826 763 ἀληθειαν.
881 692 967 743 Ἐν
1020 693 1167 764 τρισὶ
1218 691 1325 761 γὰρ
1360 694 1647 765 ἑϐδομάσιν
1698 694 1832 746 ἐτῶν

265 787 414 853 τρεῖς
445 783 767 855 ὑφίστασθαι
795 784 1035 849 πέφυκεν
1065 782 1373 846 ἀλλοιώσεις
1405 786 1498 837 καὶ
1532 784 1831 856 μεταϐολὰς

262 874 487 944 ἡλικιῶν
526 876 619 927 καὶ
670 873 797 941 βίων
852 874 880 925 ὁ
922 874 1237 945 ἄνθρωπος,
1289 875 1382 924 καὶ
1437 875 1555 926 καθ’
1597 878 1832 945 ἑκάστην

262 968 529 1038 ἑϐδομάδα
564 965 692 1027 ἴδιος
720 965 842 1035 ὄρος
876 966 1225 1037 περιγράφων
1255 964 1321 1017 τὰ
1348 966 1703 1035 παρελθόντα,
1738 970 1832 1022 καὶ

263 1056 469 1125 ἐναργῆ
495 1054 741 1123 παρέχων
765 1055 861 1125 τὴν
891 1052 1261 1124 μεταποίησιν.
1291 1052 1396 1105 Τοῦ
1426 1054 1637 1107 παιδίου
1662 1059 1694 1126 ή
1718 1057 1831 1127 ἡλι-

264 1149 357 1201 κία
389 1147 445 1196 ὲν
478 1148 540 1215 τῇ
568 1145 673 1197 τῶν
704 1147 926 1198 ὀδόντων
955 1143 1187 1213 ἀποϐολῇ
1222 1143 1330 1212 (56)
1378 1144 1518 1200 κατά
1562 1144 1657 1213 τὴν
1684 1147 1832 1215 πρώ-

261 1254 363 1304 την
396 1235 664 1305 ἑϐδομάδα
715 1231 1099 1303 περιορίζεται.
1146 1233 1250 1285 Τοῦ
1290 1234 1475 1296 παιδὸς
1507 1234 1690 1287 λοιπὸν
1735 1236 1829 1287 τοῦ

264 1328 403 1400 πρὸς
454 1328 551 1389 τάς
606 1324 866 1395 μαθήσεις
921 1324 1221 1394 ἐπιτηδείου
1276 1323 1308 1392 ή
1365 1324 1669 1394 προθεσμία
1718 1326 1833 1378 ἐστὶ

268 1421 432 1489 μέχρι
475 1418 573 1485 τῆς
606 1416 879 1487 ἐφηϐείας.
928 1416 985 1468 ὐ
1014 1416 1243 1485 ἒυηϐος,
1292 1414 1451 1485 μέχρι
1483 1416 1697 1488 πρώτου
1738 1418 1833 1470 καὶ

265 1508 510 1563 εἰκοστοῦ
544 1510 691 1571 ἔτους
720 1509 1135 1579 συμπληρωθεὶς
1162 1545 1177 1568 .
1211 1508 1337 1558 ὅταν
1384 1508 1576 1573 ἰούλοις
1603 1510 1832 1579 ἄρξηται

266 1602 646 1666 κατασκιὰζειν
698 1601 797 1661 τὰς
842 1599 1107 1667 παρειὰς,
1144 1599 1462 1666 ἀφανίζεται
1506 1601 1828 1671 λεληθότως,

266 1695 402 1763 πρὸς
433 1694 522 1746 τὸν
568 1693 732 1759 ἄνδρα
784 1692 884 1760 ἤδη
936 1690 1027 1742 τοῦ
1081 1691 1360 1744 νεανίσκου
1415 1692 1828 1763 μεθισταμένου.

265 1785 433 1840 Ὅταν
466 1788 640 1837 τοίνυν
677 1783 791 1853 ἴδῃς
823 1782 986 1853 ἄνδρα
1013 1784 1347 1852 ἀποθέμενον
1393 1785 1489 1853 μὲν
1528 1786 1623 1854 τήν
1655 1785 1833 1837 ἐπίδο-

266 1894 351 1929 σιν
382 1877 480 1945 τῆς
511 1875 629 1928 καθ’
654 1875 865 1945 ἠλικίαν
889 1876 1189 1945 αὐξήσεως,
1220 1874 1487 1945 βεϐηκότα
1512 1876 1567 1928 δὲ
1597 1878 1694 1947 ήδη
1721 1879 1832 1939 τοῖς

1936 704 2108 758 tiones
2161 706 2445 768 sustineat,
2487 723 2659 778 eoque
2710 722 2804 776 per
2856 706 3097 777 singulas
3141 706 3502 760 hebdmnudes

1934 798 2196 851 terminus
2234 799 2483 867 proprius
2527 801 2800 867 praeterita
2841 798 3261 861 circumscribit,
3290 807 3343 851 et
3383 813 3500 849 ma-

1933 884 2183 940 nifestam
2218 892 2435 945 exhibet
2477 896 2945 959 permutationem.
2988 888 3333 945 Terminatur
3365 888 3499 942 dun-

1934 978 2124 1030 titione
2152 989 2283 1032 tetas
2309 982 2456 1049 pueri
2488 982 2633 1035 circa
2665 986 2891 1051 primum
2919 980 3335 1037 hebdomadetn.
3363 975 3502 1034 Prae-

1931 1069 2140 1123 linitum
2195 1079 2403 1137 tempus
2451 1072 2603 1137 pueri
2637 1074 2725 1141 qui
2764 1075 2873 1140 jam
2913 1074 2978 1128 ad
3018 1070 3335 1141 disciplinas
3379 1073 3497 1125 ldo-

1932 1176 2064 1215 neus
2112 1174 2216 1228 est,
2250 1162 2315 1214 ad
2363 1164 2698 1230 pubertatem
2747 1180 2913 1232 usque
2956 1165 3287 1220 extenditur.
3320 1163 3497 1218 Pubes

1931 1267 2071 1305 anno
2103 1252 2361 1307 vicesimo
2393 1253 2565 1320 primo
2590 1255 2909 1323 completus,
2945 1269 3061 1307 cum
3090 1255 3297 1310 scilicet
3325 1254 3497 1323 prima

1932 1352 2182 1420 lanugine
2224 1366 2390 1423 genas
2440 1349 2638 1403 vestire
2693 1359 2746 1402 et
2796 1347 3115 1401 adumbrare
3175 1346 3498 1417 incwperit,

1931 1445 2129 1497 sensim
2160 1446 2374 1510 desinit,
2405 1441 2744 1496 adolescente
2770 1441 2879 1511 jam
2916 1442 2967 1495 in
3004 1442 3178 1493 virum
3212 1452 3496 1497 transeun-

1932 1543 2005 1586 te.
2042 1532 2172 1586 Cum
2212 1532 2369 1601 igitur
2405 1532 2604 1587 videris
2648 1531 2819 1584 virum
2848 1532 2937 1600 qui
2973 1546 3071 1600 per
3112 1538 3323 1585 mtatem
3372 1550 3493 1587 cre-

1929 1638 2082 1679 scere
2115 1634 2169 1679 et
2205 1627 2387 1693 augeri
2428 1624 2713 1689 destiterit,
2741 1623 2962 1694 jamque
3005 1623 3157 1676 ﬁrma
3207 1622 3279 1676 sit
3323 1626 3490 1675 ratio-

1929 1713 2225 1779 cinatione,
2261 1728 2361 1767 nec
2405 1714 2567 1767 ullum
2618 1712 2919 1781 iuventutis
2967 1713 3249 1781 vestigium
3290 1728 3397 1781 prae
3437 1728 3495 1766 se

1930 1807 2089 1868 ferat,
2120 1819 2187 1857 an
2230 1818 2335 1857 non
2374 1819 2437 1857 ea
2477 1817 2594 1872 qua:
2624 1804 2891 1870 prmterita
2925 1811 3071 1866 sunt,
3116 1804 3166 1855 in
3203 1804 3317 1872 ipso
3348 1817 3496 1857 mor-

1935 1907 2020 1952 tua
2067 1911 2189 1953 esse
2237 1895 2613 1951 existimabis?
2644 1895 2818 1950 Senex
2864 1910 3055 1950 rursus
3089 1896 3141 1949 in
3182 1896 3337 1949 aliam
3388 1895 3496 1950 for-

261 1971 560 2039 λογισμοῖς,
609 1971 701 2021 καὶ
745 1970 906 2038 μηδὲν
956 1969 1097 2036 ἴχνος
1134 1967 1231 2038 τῆς
1282 1968 1529 2038 νεότητος
1573 1968 1827 2039 φέροντα,
1861 1958 1903 2012 Β

1861 1958 1903 2012 Β
1934 2003 2073 2041 mam
2114 1996 2169 2041 et
2209 1986 2261 2040 in
2294 1985 2455 2039 alium
2499 1985 2664 2039 animi
2702 1986 2948 2041 allectum
2980 2001 3293 2052 conversus,
3326 1986 3498 2040 mani-

262 2066 384 2135 οὐχὶ
431 2065 745 2134 τεθνηκέναι
800 2066 857 2118 ὲν
904 2062 1051 2133 αὑτῷ
1107 2064 1296 2138 λογίσῃ
1343 2064 1408 2117 τά
1457 2064 1827 2136 παρελθόντα;

264 2158 431 2211 Πάλιν
464 2161 491 2211 6
529 2156 871 2230 πρεσϐύτης,
922 2158 1058 2230 πρὸς
1104 2157 1288 2225 ἕτερον
1324 2159 1505 2226 σχῆμα
1539 2158 1631 2209 καὶ
1654 2156 1833 2225 ψυχῆς

260 2252 497 2306 διάθεσιν
532 2251 945 2323 μεθαρμοσθεὶς,
993 2249 1175 2317 ἕτερός
1210 2250 1322 2299 ἑστι
1360 2248 1637 2317 προδήλως
1683 2247 1831 2316 παρὰ

264 2345 390 2405 τοὺς
419 2345 733 2413 προτέρους.
775 2343 937 2393 Ὥστε
969 2339 1055 2392 καὶ
1082 2341 1113 2409 ἡ
1146 2340 1256 2409 ζωὴ
1285 2338 1391 2392 τῶν
1420 2338 1717 2411 ἀνθρώπων
1745 2340 1832 2393 διὰ

265 2435 472 2487 πολλῶν
504 2418 743 2486 θανάτων
782 2431 1223 2502 συμπληροῦσθαι
1270 2432 1528 2501 πέφυκεν,
1573 2434 1633 2485 οὺ
1674 2433 1831 2502 μόνον

265 2528 323 2578 ἑν
368 2529 433 2595 τῇ
467 2524 603 2577 κατά
628 2526 723 2587 τὰς
758 2522 1165 2595 μεθηλικιώσεις
1222 2523 1487 2593 μεταϐολῇ
1509 2563 1523 2585 ,
1574 2521 1708 2574 ἀλλά
1738 2522 1833 2574 καὶ

263 2620 321 2671 ἑν
362 2619 473 2681 τοῖς
522 2616 641 2669 καθ’
685 2614 954 2688 ἁμαρτίαν
984 2615 1236 2685 πτώμασι
1278 2616 1384 2667 τῶν
1425 2611 1628 2682 ψυχῶν.
1661 2614 1830 2666 Ὅπου

261 2712 318 2764 δὲ
369 2711 468 2763 οὐκ
525 2711 666 2762 ἔστιν
717 2709 996 2771 ἀλλοίωσις
1040 2708 1159 2762 οὔτε
1194 2706 1440 2775 σώματος
1487 2704 1609 2759 οὔτε
1654 2705 1833 2777 ψυχῆς

266 2801 407 2867 (οὐδὲ
433 2804 537 2870 γάρ
571 2803 683 2852 ἑστι
716 2800 972 2869 λογισμοῦ
1000 2798 1357 2870 παρατροπὴ,
1394 2800 1513 2852 οὐδὲ
1549 2800 1833 2870 μετάθεσις

262 2890 505 2960 γνώμης,
537 2891 787 2959 οὐδεμιᾶς
826 2891 1189 2960 περιστάσεως
1215 2890 1274 2941 τὸ
1306 2890 1561 2953 εὐσταθὲς
1588 2892 1679 2943 καὶ
1711 2892 1836 2943 ἀτά-

266 2999 430 3053 ραχον
462 2981 568 3035 τῶν
596 2984 867 3053 λογισμων
897 2982 1345 3053 ἀφαιρουμένης),
1377 2981 1525 3052 χώρα
1550 2985 1696 3035 ἑστιν
1723 2981 1832 3055 (57)

262 3077 445 3146 ἐκείνη
487 3076 564 3147 τῷ
602 3077 712 3130 ὄντι
767 3075 1011 3141 ζώντων,
1064 3075 1263 3146 ὁμοίων
1304 3075 1469 3129 ὄντων
1522 3076 1610 3130 ἀεὶ
1656 3078 1834 3131 αὐτῶν

262 3172 490 3232 ἑαυτοῖς.
547 3171 631 3222 Ἐν
750 3171 979 3241 μάλιστα
1026 3170 1407 3239 εῦαρεστήσειν
1456 3170 1534 3240 τῷ
1562 3170 1679 3241 Θεῷ
1722 3171 1832 3223 τῶν

261 3262 398 3314 ὅλων
444 3263 471 3312 6
514 3262 794 3331 Προφήτης
838 3260 1350 3327 κατεπαγγέλλεται,
1390 3262 1464 3323 ώς
1509 3262 1599 3312 ὑπ’
1625 3262 1833 3325 οὐδενὸς

266 3353 473 3422 μέλλων
503 3352 609 3407 τῶν
633 3352 824 3415 ἔξωθεν
840 3351 1217 3403 διακόπτεσθαι
1248 3352 1382 3422 πρὸς
1407 3351 1495 3403 τὸν
1515 3350 1711 3403 σκοπὸν
1737 3352 1835 3422 τῆς

263 3441 522 3513 ἀληθινῆς
547 3443 637 3501 καὶ
665 3442 924 3512 ὁμοτίμου
958 3445 1066 3504 τοῖς
1094 3441 1342 3510 ἀγγέλοις
1369 3441 1632 3505 δουλείας.
1660 3445 1833 3496 Φιλο-

262 3537 597 3604 τιμούμεθα,
627 3536 807 3604 φησὶν,
833 3536 949 3588 εἴτε
969 3534 1365 3602 ἐνδημοῦντες
1400 3535 1457 3585 ὲν
1493 3533 1570 3603 τῷ
1602 3534 1833 3603 σώματι,

261 3628 384 3681 εἴτε
432 3628 826 3696 ἐκδημοῦντες
871 3628 977 3677 ἀπὸ
1030 3625 1121 3676 τοῦ
1175 3623 1459 3693 σώματος,
1526 3623 1834 3691 εὐάρεστοι

262 3721 425 3785 αὐτῷ
455 3718 624 3776 εἶναι.
668 3719 888 3772 Ζώντων
916 3718 1089 3788 ἐκείνη
1129 3720 1298 3788 χώρα,
1330 3719 1386 3771 ἑν
1474 3717 1571 3769 οὐκ
1603 3716 1680 3769 ἔνι
1716 3716 1829 3781 νὺξ,

263 3812 365 3865 οὐκ
392 3812 467 3863 ἔνι
497 3812 658 3872 ὕπνος
682 3810 741 3861 τὸ
772 3809 863 3861 τοῦ
888 3809 1109 3861 θανάτου
1149 3792 1369 3879 μίμημα
1395 3826 1407 3839 ·
1460 3808 1517 3861 ὲν
1617 3809 1715 3861 οὐκ
1751 3808 1829 3861 ἔνι

266 3901 490 3972 βρῶσις,
520 3902 617 3953 οὐκ
646 3901 721 3952 ἔνι
753 3902 928 3962 πόσις,
974 3899 1040 3951 τὰ
1064 3900 1158 3967 τῆς
1200 3899 1479 3961 ἀσθενείας
1528 3900 1682 3968 ἡμῶν
1729 3899 1830 3951 ὐπ-

265 3994 583 4063 ερείσματα,
613 3996 709 4046 οὐκ
732 3992 806 4043 ἔνι
839 3992 1008 4053 νόσος,
1036 3990 1132 4041 οὑκ
1158 3990 1233 4041 ἔνι
1252 3990 1539 4060 ἀλγήματα
1570 3990 1700 4056 (58),
1721 3990 1830 4063 οὐκ

270 4084 501 4157 ἰατρεία,
535 4085 593 4135 οὐ
623 4063 962 4151 δίκαατήρια,
1006 4080 1104 4133 οὐκ
1137 4081 1413 4152 ἐμπορίαι,
1447 4083 1507 4134 οὐ
1537 4061 1739 4150 τέχναι,
1766 4080 1827 4133 οὑ

264 4180 541 4248 χρήματα,
590 4176 695 4229 τῶν
727 4175 910 4229 κακῶν
940 4175 973 4245 ἡ
1019 4176 1177 4246 ἀρχὴ,
1207 4177 1239 4244 ή
1274 4174 1383 4226 τῶν
1418 4174 1663 4245 πολέμων
1698 4175 1828 4228 ὑπό-

1930 2075 2066 2132 feste
2095 2078 2234 2133 alius
2261 2087 2363 2145 est,
2397 2077 2439 2131 si
2467 2092 2591 2131 eum
2624 2076 2897 2145 prioribus
2929 2085 3291 2147 comparetur.
3318 2076 3497 2145 Quare

1931 2166 2039 2220 vita
2082 2166 2359 2222 hominum
2405 2184 2510 2224 non
2550 2168 2722 2222 solum
2764 2182 2885 2221 eum
2938 2177 3069 2222 tetas
3102 2177 3358 2235 mutatur,
3398 2168 3495 2223 sed

1931 2258 2091 2313 etiam
2118 2274 2240 2313 cum
2278 2260 2471 2314 animae
2507 2259 2561 2314 in
2602 2270 2882 2328 peccatum
2933 2259 3208 2321 labuntur,
3241 2273 3335 2327 per
3359 2259 3496 2313 mul-

1932 2360 2016 2407 tas
2058 2362 2260 2407 mortes
2307 2362 2494 2421 suapte
2546 2361 2739 2407 natura
2771 2350 3039 2420 expletur.
3090 2348 3189 2403 Ubi
3222 2363 3349 2403 vero
3390 2362 3495 2401 non

1930 2450 2012 2495 est
2042 2443 2392 2495 commutatio
2428 2456 2602 2509 neque
2648 2440 2895 2512 corporis
2942 2453 3116 2509 neque
3156 2436 3348 2492 animae
3376 2436 3497 2509 (ne-

1931 2546 2037 2598 que
2057 2532 2201 2585 enim
2228 2540 2307 2585 est
2336 2532 2560 2586 rationis
2589 2534 2825 2597 eversio,
2851 2542 2944 2586 aut
2970 2530 3252 2587 sententiae
3282 2544 3498 2598 permu-

1934 2626 2087 2691 tatio,
2126 2626 2171 2679 si
2218 2624 2515 2679 adversitas
2566 2623 2708 2677 nulla
2762 2622 2960 2678 mentis
3008 2621 3373 2678 ceustantiam
3432 2633 3497 2674 ac

1934 2719 2379 2790 tranquillitatem
2413 2717 2631 2786 aufert),
2669 2715 2755 2772 illa
2789 2726 2872 2772 est
2916 2730 3041 2772 vere
3083 2713 3376 2770 viventium
3408 2726 3496 2767 re-

1932 2815 2041 2885 gio,
2077 2814 2274 2884 quippe
2322 2813 2412 2883 qui
2450 2812 2552 2867 sibi
2603 2811 2735 2880 ipsis
2765 2824 2977 2879 semper
3012 2809 3121 2866 sint
3163 2805 3492 2863 consimiles.

1932 2903 1988 2957 ln
2040 2918 2146 2971 qua
2190 2904 2561 2958 universorum
2611 2901 2722 2955 Deo
2766 2900 3000 2954 maxime
3046 2898 3491 2969 complaciturum

1934 2991 2096 3063 204
2134 3007 2192 3045 se
2231 2993 2511 3060 pollicetur
2557 2990 2847 3060 Propheta,
2876 3003 2998 3043 cum
3045 2988 3180 3042 nihil
3211 2996 3493 3043 externum

1935 3084 2312 3155 impediturum
2345 3084 2436 3147 sit,
2460 3083 2748 3152 quominus
2777 3095 2996 3150 scepnm
3026 3094 3165 3135 verae
3194 3087 3249 3133 et
3276 3076 3495 3147 aequalis

1933 3191 2052 3231 cum
2104 3174 2309 3244 angelis
2355 3173 2633 3228 servitutis
2689 3180 3011 3239 assequatur
3046 3187 3060 3223 :
3098 3167 3489 3230 Contendimus,

1937 3264 2128 3334 inquit,
2162 3263 2265 3318 sive
2318 3273 2593 3331 prwsentes
2648 3262 2701 3315 in
2752 3274 2999 3330 corpore,
3032 3258 3137 3312 sive
3185 3272 3215 3312 a
3266 3270 3494 3326 corpore

1935 3357 2337 3422 peregrinantes,
2361 3354 2564 3421 placere
2590 3353 2665 3406 illi
2691 3351 3067 3407 ".Viventium
3098 3349 3185 3404 illa
3214 3359 3295 3405 est
3322 3347 3491 3418 regio,

1937 3446 1990 3499 in
2020 3459 2123 3514 qua
2152 3460 2256 3501 non
2283 3454 2366 3499 est
2396 3460 2521 3510 nox,
2553 3461 2657 3497 non
2698 3452 2782 3497 est
2807 3457 3026 3499 somnus
3056 3440 3245 3494 mortis
3277 3439 3489 3509 imago:

1936 3536 1991 3590 in
2021 3551 2126 3605 qua
2165 3551 2268 3590 non
2310 3545 2393 3590 est
2437 3537 2610 3602 cibus,
2646 3550 2747 3591 non
2799 3545 2881 3592 est
2926 3542 3112 3605 potus,
3164 3532 3493 3589 inﬁrmitatis

1936 3637 2133 3683 nostra:
2176 3627 2508 3696 fulcimenta,
2542 3644 2643 3683 non
2691 3637 2775 3683 est
2820 3628 3059 3691 morbus,
3090 3639 3193 3679 non
3239 3633 3363 3679 sunt
3395 3626 3491 3677 do-

1932 3721 2097 3785 lores,
2126 3737 2231 3776 non
2263 3722 2550 3783 medicina,
2579 3737 2682 3774 non
2711 3720 2850 3781 fora,
2883 3734 2985 3773 non
3016 3725 3351 3780 mercatum,
3384 3730 3489 3770 non

1934 3823 2102 3881 artes,
2126 3831 2229 3870 non
2254 3816 2518 3884 pecuniae,
2538 3812 2798 3866 malorum
2829 3810 3277 3879 origo,bellorum
3307 3824 3486 3873 causa,

1936 3905 2230 3959 inimicitia:
2279 3904 2432 3959 radix
2481 3921 2494 3957 :
2541 3903 2636 3959 sed
2691 3913 2769 3958 est
2816 3904 2964 3973 regio
3016 3902 3337 3964 viventium,
3387 3915 3488 3953 non

1938 3996 2282 4050 morientium
2312 4010 2408 4065 per
2436 4004 2737 4064 peccatum,
2764 3995 2855 4048 sed
2899 4008 3079 4049 veram
3110 3992 3273 4045 vitam
3306 3992 3486 4044 viven-

1936 4084 2066 4139 tium
2114 4085 2166 4140 in
2210 4084 2425 4141 Christo
2464 4084 2609 4151 Jesu,
2658 4086 2742 4140 cui
2796 4086 2962 4157 gloria
3012 4094 3065 4138 et
3116 4082 3395 4154 imperium
3436 4082 3487 4132 in

1933 4177 2125 4232 saecula
2158 4179 2494 4234 saeculorum.
2535 4180 2725 4234 Amen.

267 4272 436 4333 θετις,
470 4275 502 4341 ἡ
534 4273 654 4339 ῥίζα
695 4273 790 4342 τῆς
834 4272 1049 4342 ἔχθρας·
1084 4270 1219 4323 ἀλλὰ
1260 4271 1412 4341 χώρα
1458 4240 1692 4336 ζώντων,
1732 4273 1830 4324 οὐκ
1868 4273 2315 4343 ἀποθνησκόντων
2342 4274 2429 4327 διὰ
2462 4275 2562 4345 τῆς
2612 4275 2897 4347 ἁμαρτίας,
2933 4273 3067 4327 ἀλλά
3125 4240 3335 4337 ζώντων
3388 4270 3483 4341 τὴν

268 4366 443 4437 ἁληθῆ
478 4366 615 4436 ζωὴν
649 4367 743 4436 τὴν
786 4368 841 4419 ἐν
876 4365 1093 4435 Χριστῷ
1137 4366 1309 4437 Ἰησοῦ
1355 4365 1463 4436 (39)
1486 4407 1500 4431 ,
1642 4369 1675 4437 ή
1714 4366 1836 4435 δόξα
1880 4384 1973 4420 και
2000 4368 2059 4420 τὸ
2083 4367 2280 4440 κράτος
2307 4370 2387 4433 είς
2412 4369 2539 4433 τοὺς
2561 4370 2760 4434 αἰῶνας
2781 4369 2889 4425 τῶν
2919 4370 3145 4427 αἰώνων.
3190 4366 3376 4438 Ἀμήν.

345 4594 387 4624 δι
426 4592 463 4645 ll
492 4593 612 4647 Cor.
644 4608 695 4657 ν,
733 4594 784 4648 9.

270 4780 375 4829 dent
419 4776 556 4827 idem
587 4778 641 4826 ὲν
670 4792 743 4843 τῳ
765 4774 951 4843 κόσμῳ
990 4773 1206 4837 ζῶντες.
1240 4775 1361 4830 "(ec
1387 4777 1597 4831 aliunde
1618 4784 1825 4845 sumpta
1858 4767 1901 4823 Ῐ)
1930 4776 1940 4831 l

1813 4792 1825 4829 ι
1858 4767 1901 4823 D
1930 4776 2209 4840 Basilium,
2239 4776 2283 4829 si
2316 4774 2441 4829 talia
2474 4775 2539 4829 de
2563 4771 2744 4841 pueris
2780 4784 3006 4845 narrare
3028 4770 3326 4845 statuisset,
3351 4786 3483 4842 προ-

271 4864 418 4907 esse,
445 4859 543 4962 πνεξο
574 4848 636 4896 ao
667 4845 915 4897 liasilitttlt
951 4847 1218 4912 pertinere
1250 4858 1396 4916 putet
1420 4864 1485 4901 ex
1513 4847 1831 4902 Prmfatione

274 4932 426 4962 num.
456 4932 487 4962 ι’)
530 4952 544 4962 .

273 4932 426 4969 “Ulli.
456 4932 544 4966 Ol.

342 4986 453 5052 (35;
479 4983 611 5051 Reg.
641 4984 831 5035 tertius
864 4986 1085 5051 φανήτω
1109 4999 1189 5035 σοι
1228 4985 1309 5037 τό.

348 5056 459 5123 (ὃϋ)
492 5052 646 5116 Illud,
680 5054 904 5105 ὀδόντων
928 5052 1190 5121 ἀποϐολῇ.
1228 5057 1307 5108 sie
1340 5056 1569 5110 reddidit
1597 5056 1833 5110 Tilman-

275 5143 401 5183 nus,
427 5124 653 5174 dentium
716 5123 1004 5190 abjectioue
1034 5138 1051 5174 :
1081 5126 1176 5193 sed
1216 5126 1340 5193 quid
1392 5128 1492 5179 hac
1524 5141 1653 5180 voce
1689 5127 1835 5193 abje-

275 5198 448 5250 ctione
482 5192 831 5265 intellexerit,
856 5207 939 5265 ex,
976 5206 1062 5254 eo,
1104 5192 1146 5245 si
1182 5192 1407 5259 viveret,
1439 5196 1664 5249 libenter
1688 5211 1833 5265 quaa-

276 5280 476 5321 rerem.
511 5262 716 5314 Etenim
762 5264 1116 5334 amissionem
1156 5272 1217 5334 et
1272 5265 1557 5331 jacturatn,
1592 5262 1717 5334 quze
1752 5278 1835 5321 est

278 5334 493 5405 propria
521 5341 575 5385 et
602 5334 776 5405 nativa
804 5332 947 5385 vocis
978 5332 1216 5405 ἀποϐολή
1257 5332 1620 5405 signiﬁcatio,
1640 5336 1683 5389 si
1736 5352 1829 5389 ex—

278 5400 516 5476 primere
548 5400 733 5476 voluit,
764 5416 953 5476 sopore
974 5402 1127 5476 gravi
1153 5400 1428 5476 correptus
1448 5404 1612 5458 fuisse
1640 5414 1826 5476 putati:

278 5469 379 5527 ilus
412 5482 515 5532 est,
539 5469 581 5523 si
618 5486 681 5523 ex
705 5472 815 5523 suis
843 5471 1016 5524 verbis
1040 5469 1357 5526 sententiain
1388 5469 1667 5527 absurdam
1689 5473 1821 5527 ellici

278 5559 387 5597 non
437 5540 832 5594 animadvertit.
865 5541 1153 5594 Cornarius
1187 5555 1333 5607 vero,
1370 5553 1424 5597 ut
1473 5547 1572 5597 hoc
1618 5544 1821 5597 incom-

278 5612 425 5667 modi
482 5614 692 5668 vitaret.
735 5609 1072 5675 interpretari
1130 5611 1336 5674 maluit,
1373 5614 1601 5665 dentium
1655 5615 1819 5677 iactu,

288 5688 384 5736 huc
424 5690 525 5743 est,
564 5681 791 5730 dentium
819 5691 957 5741 ortu,
982 5682 1288 5733 dentitione.
1326 5682 1525 5747 Quibus
1548 5699 1613 5736 ex
1646 5685 1821 5737 verbis

295 5748 685 5820 iptamquidetn
712 5750 1033 5820 sententiam
1056 5748 1212 5820 ellici,
1236 5754 1635 5820 nemo,opinor,
1664 5754 1821 5805 homo

296 5820 499 5887 negabit
538 5818 1030 5891 :_sed,Ani_s.i_valde
1070 5818 1245 5891 fallor,
1286 5822 1390 5873 vim
1419 5818 1557 5875 vecis
1586 5821 1821 5891 ἀποϐολῇ

284 5886 391 5944 non
425 5887 677 5956 exprimi,
704 5886 955 5943 facillime
985 5902 1170 5945 omnes
1210 5888 1537 5947 fatebuntur.
1567 5892 1700 5948 Puto
1725 5886 1825 5951 ego

1934 4847 2060 4916 ϐολῇ
2093 4861 2193 4899 non
2228 4846 2465 4916 ἀποϐολῇ
2494 4845 2819 4912 scripturum
2854 4842 3038 4916 fuisse.
3070 4841 3198 4916 sed,
3222 4851 3277 4894 ut
3302 4841 3485 4893 verum

1935 4910 2134 4977 dicam,
2159 4916 2272 4969 haec
2298 4924 2352 4967 et
2381 4910 2486 4968 alia
2531 4910 2635 4965 non
2673 4928 2841 4982 pauca
2868 4910 3155 4965 Basilianis
3185 4911 3363 4979 inepte
3392 4926 3486 4982 an-

1936 5000 2071 5039 nexa
2124 4999 2243 5039 esse
2299 4987 2563 5051 suspicor.
2596 4981 2733 5053 Lege
2785 4982 3273 5053 Pra‘fationem.——
3314 4981 3485 5033 Stabit

1935 5067 2080 5109 certe
2109 5054 2269 5124 hujus
2292 5054 2389 5124 loci
2431 5052 2717 5117 αὐθεντία,
2747 5054 2849 5108 nisi
2896 5052 3138 5105 validiori
3173 5058 3487 5124 argumento

1936 5120 2297 5194 impugne'tur.
2332 5123 2463 5179 Mire
2496 5125 2637 5177 enim
2684 5124 2737 5177 in
2798 5123 3034 5194 auctoris
3066 5120 3234 5174 nostri
3267 5128 3486 5194 senten-

1938 5191 2065 5248 tiam
2097 5196 2324 5263 quadrat
2352 5208 2450 5247 vox
2484 5194 2741 5265 ἀποϐολή,
2779 5192 3041 5265 siquidem
3082 5204 3270 5244 revera
3311 5191 3489 5241 terrui.

1933 5277 2092 5317 natur
2115 5262 2330 5333 puerilis
2360 5274 2486 5317 telas
2511 5262 2841 5331 (primorum)
2885 5262 3115 5333 dentium
3146 5273 3488 5324 Αωεοτιοκε,

1931 5337 2068 5387 circa
2096 5329 2316 5401 primum
2356 5329 2749 5387 hebdoinadem.
2788 5329 2942 5401 Entr.
2976 5329 3210 5401 Parnm"

2000 5405 2109 5468 {57)
2141 5405 2211 5456 Ita
2241 5413 2362 5457 octo
2388 5418 2518 5458 mss.
2556 5407 2623 5456 At
2652 5402 2779 5456 editi
2810 5400 2963 5472 χώρα
2992 5400 3137 5453 ἐστὶν
3168 5401 3296 5453 ἐκεῖ.

2002 5474 2112 5539 (58)
2138 5473 2283 5543 νυΙῐν.
2318 5472 2560 5543 ἄλγημα.
2592 5473 2732 5525 Editi
2776 5469 2906 5525 cum
2933 5472 3115 5525 multis
3131 5486 3282 5543 juss.
3314 5469 3488 5543 ἀλγή-

1933 5560 2096 5627 ματα.
2130 5542 2318 5597 Statim
2366 5539 2513 5598 Coll).
2550 5552 2735 5597 sextus
2787 5543 3074 5612 ἑμπορεῖα.
3121 5539 3262 5597 Oliv.
3314 5541 3486 5610 ἐμπο-

1970 5630 2039 5665 ια.

1933 5631 2111 5761 έίῗξᾷθ)
2143 5681 2290 5761 ριίν.
2342 5692 2391 5736 et
2428 5682 2529 5761 alii
2587 5690 2694 5736 tres
2741 5696 2871 5761 mss.
2935 5676 3245 5761 Ἰησοῦ-’τῷ
3302 5677 3489 5761 Κρρίῳ

1930 5747 2105 5823 ήμῶνζ
2143 5752 2270 5806 Illud
2302 5753 2441 5820 quod
2476 5768 2597 5807 mox
2644 5754 2909 5823 sequitur,
2945 5747 3053 5802 τῶν
3078 5747 3314 5823 αἰώνων,
3338 5747 3485 5823 deest

1930 5819 2143 5890 quidem
2180 5825 2233 5875 in
2260 5819 2415 5877 editis
2449 5823 2571 5876 etin
2599 5836 2703 5875 uno
2733 5830 2827 5877 aut
2848 5819 3017 5878 aftero
3047 5819 3231 5875 codice
3265 5835 3279 5871 :
3314 5820 3406 5873 sed
3436 5821 3488 5871 iu

1933 5892 2115 5948 multis
2144 5892 2261 5947 aliis
2291 5906 2420 5948 mss.
2443 5891 2726 5952 reperitur.
