  <div class='ocr_page' id='page_1' title='image "/cluster/home/n/w/nwhite01/storage/ocr_20150623/29/uva.x004321530/667.png"; bbox 0 0 4230 6490; ppageno 0'>
   <div class='ocr_carea' id='block_1_1' title="bbox 780 424 2450 490">
    <p class='ocr_par' dir='ltr' id='par_1_1' title="bbox 780 427 2450 490">
     <span class='ocr_line' id='line_1_1' title="bbox 780 427 2450 490; baseline -0.005 0"><span class='ocrx_word' id='word_1_1' title='bbox 780 438 887 490; x_wconf 65' lang='grc'><strong>693</strong></span> <span class='ocrx_word' id='word_1_2' title='bbox 2122 430 2177 485; x_wconf 87' lang='lat' dir='ltr'><strong>S.</strong></span> <span class='ocrx_word' id='word_1_3' title='bbox 2218 427 2450 483; x_wconf 84' lang='lat' dir='ltr'><strong>BASlLl]</strong></span> 
     </span>
    </p>
   </div>
   <div class='ocr_carea' id='block_1_2' title="bbox 2346 424 4016 490">
    <p class='ocr_par' dir='ltr' id='par_1_2' title="bbox 2349 424 4016 483">
     <span class='ocr_line' id='line_1_2' title="bbox 2349 424 4016 483; baseline -0.005 1"><span class='ocrx_word' id='word_1_4' title='bbox 2349 426 2461 483; x_wconf 88' lang='lat' dir='ltr'><strong>lLlI</strong></span> <span class='ocrx_word' id='word_1_5' title='bbox 2492 424 2702 483; x_wconf 81' lang='lat' dir='ltr'><strong>MAGNI</strong></span> <span class='ocrx_word' id='word_1_6' title='bbox 3921 424 4016 477; x_wconf 63' lang='lat'><strong>496</strong></span> 
     </span>
    </p>
   </div>
   <div class='ocr_carea' id='block_1_3' title="bbox 2089 766 2710 860">
    <p class='ocr_par' dir='ltr' id='par_1_3' title="bbox 2089 766 2710 860">
     <span class='ocr_line' id='line_1_3' title="bbox 2089 766 2710 860; baseline -0.002 -1"><span class='ocrx_word' id='word_1_7' title='bbox 2089 766 2710 860; x_wconf 85' lang='lat' dir='ltr'><strong>MONITUM.</strong></span> 
     </span>
    </p>
   </div>
   <div class='ocr_carea' id='block_1_4' title="bbox 2358 948 2430 963">
    <p class='ocr_par' dir='ltr' id='par_1_4' title="bbox 2358 948 2430 963">
     <span class='ocr_line' id='line_1_4' title="bbox 2358 948 2430 963; baseline 0 -3"><span class='ocrx_word' id='word_1_8' title='bbox 2358 948 2430 963; x_wconf 52' lang='grc'><strong>’-</strong></span> 
     </span>
    </p>
   </div>
   <div class='ocr_carea' id='block_1_5' title="bbox 848 1080 4018 1154">
    <p class='ocr_par' dir='ltr' id='par_1_5' title="bbox 848 1080 4018 1154">
     <span class='ocr_line' id='line_1_5' title="bbox 848 1080 4018 1154; baseline 0.001 -15"><span class='ocrx_word' id='word_1_9' title='bbox 848 1080 1008 1153; x_wconf 74' lang='grc'><strong>205</strong></span> <span class='ocrx_word' id='word_1_10' title='bbox 1049 1084 1102 1139; x_wconf 69' lang='grc' dir='ltr'><strong>ί.</strong></span> <span class='ocrx_word' id='word_1_11' title='bbox 1146 1081 1326 1138; x_wconf 82' lang='lat' dir='ltr'><strong>Basilii</strong></span> <span class='ocrx_word' id='word_1_12' title='bbox 1372 1082 1425 1135; x_wconf 85' lang='lat' dir='ltr'><strong>in</strong></span> <span class='ocrx_word' id='word_1_13' title='bbox 1462 1081 1782 1140; x_wconf 76' lang='lat' dir='ltr'><strong>Eunomium</strong></span> <span class='ocrx_word' id='word_1_14' title='bbox 1828 1082 1997 1138; x_wconf 91' lang='lat' dir='ltr'><strong>libros</strong></span> <span class='ocrx_word' id='word_1_15' title='bbox 2039 1082 2342 1151; x_wconf 89' lang='lat' dir='ltr'><strong>antiquitus</strong></span> <span class='ocrx_word' id='word_1_16' title='bbox 2371 1081 2754 1138; x_wconf 86' lang='lat' dir='ltr'><strong>celeberrimos</strong></span> <span class='ocrx_word' id='word_1_17' title='bbox 2790 1083 2973 1145; x_wconf 81' lang='lat' dir='ltr'><strong>luisse,</strong></span> <span class='ocrx_word' id='word_1_18' title='bbox 3008 1085 3233 1150; x_wconf 83' lang='lat' dir='ltr'><strong>nemini,</strong></span> <span class='ocrx_word' id='word_1_19' title='bbox 3266 1085 3353 1153; x_wconf 88' lang='lat' dir='ltr'><strong>qui</strong></span> <span class='ocrx_word' id='word_1_20' title='bbox 3388 1087 3603 1154; x_wconf 87' lang='lat' dir='ltr'><strong>paulum</strong></span> <span class='ocrx_word' id='word_1_21' title='bbox 3647 1089 3809 1143; x_wconf 90' lang='lat' dir='ltr'><strong>modo</strong></span> <span class='ocrx_word' id='word_1_22' title='bbox 3839 1104 4018 1143; x_wconf 71' lang='lat' dir='ltr'><strong>versa-</strong></span> 
     </span>
    </p>
   </div>
   <div class='ocr_carea' id='block_1_6' title="bbox 778 1171 4021 1245">
    <p class='ocr_par' dir='ltr' id='par_1_6' title="bbox 778 1171 4021 1245">
     <span class='ocr_line' id='line_1_6' title="bbox 778 1171 4021 1245; baseline 0.005 -25"><span class='ocrx_word' id='word_1_23' title='bbox 778 1191 867 1236; x_wconf 66' lang='grc' dir='ltr'>ως</span> <span class='ocrx_word' id='word_1_24' title='bbox 900 1182 973 1236; x_wconf 60' lang='lat' dir='ltr'><strong>si;</strong></span> <span class='ocrx_word' id='word_1_25' title='bbox 1007 1183 1060 1236; x_wconf 77' lang='lat' dir='ltr'><strong>in</strong></span> <span class='ocrx_word' id='word_1_26' title='bbox 1096 1181 1196 1236; x_wconf 77' lang='lat' dir='ltr'><strong>hoc</strong></span> <span class='ocrx_word' id='word_1_27' title='bbox 1230 1179 1533 1235; x_wconf 62' lang='lat' dir='ltr'><strong>mter-arum</strong></span> <span class='ocrx_word' id='word_1_28' title='bbox 1565 1188 1785 1245; x_wconf 70' lang='lat' dir='ltr'><strong>genere,</strong></span> <span class='ocrx_word' id='word_1_29' title='bbox 1816 1174 2056 1243; x_wconf 82' lang='lat' dir='ltr'><strong>ignotum</strong></span> <span class='ocrx_word' id='word_1_30' title='bbox 2091 1182 2195 1227; x_wconf 89' lang='lat' dir='ltr'><strong>est.</strong></span> <span class='ocrx_word' id='word_1_31' title='bbox 2225 1171 2434 1225; x_wconf 83' lang='lat' dir='ltr'><strong>Passim</strong></span> <span class='ocrx_word' id='word_1_32' title='bbox 2470 1173 2614 1225; x_wconf 89' lang='lat' dir='ltr'><strong>enim</strong></span> <span class='ocrx_word' id='word_1_33' title='bbox 2654 1173 2957 1237; x_wconf 84' lang='lat' dir='ltr'><strong>laudantur,</strong></span> <span class='ocrx_word' id='word_1_34' title='bbox 2985 1174 3182 1242; x_wconf 88' lang='lat' dir='ltr'><strong>passim</strong></span> <span class='ocrx_word' id='word_1_35' title='bbox 3212 1179 3655 1231; x_wconf 78' lang='lat' dir='ltr'><strong>commendantur</strong></span> <span class='ocrx_word' id='word_1_36' title='bbox 3698 1184 3841 1245; x_wconf 87' lang='lat' dir='ltr'><strong>apud</strong></span> <span class='ocrx_word' id='word_1_37' title='bbox 3886 1184 4021 1235; x_wconf 86' lang='lat' dir='ltr'><strong>anti-</strong></span> 
     </span>
    </p>
   </div>
   <div class='ocr_carea' id='block_1_7' title="bbox 773 1261 2443 1341">
    <p class='ocr_par' dir='ltr' id='par_1_7' title="bbox 773 1261 2443 1341">
     <span class='ocr_line' id='line_1_7' title="bbox 773 1261 2443 1341; baseline -0.004 -18"><span class='ocrx_word' id='word_1_38' title='bbox 773 1287 930 1341; x_wconf 83' lang='lat' dir='ltr'><strong>quos.</strong></span> <span class='ocrx_word' id='word_1_39' title='bbox 977 1270 1181 1327; x_wconf 80' lang='lat' dir='ltr'><strong>Horum</strong></span> <span class='ocrx_word' id='word_1_40' title='bbox 1244 1270 1491 1327; x_wconf 89' lang='lat' dir='ltr'><strong>meminit</strong></span> <span class='ocrx_word' id='word_1_41' title='bbox 1538 1266 1897 1337; x_wconf 79' lang='lat' dir='ltr'><strong>Hieronymus</strong></span> <span class='ocrx_word' id='word_1_42' title='bbox 1942 1261 2077 1333; x_wconf 69' lang='grc'><strong>(40).</strong></span> <span class='ocrx_word' id='word_1_43' title='bbox 2131 1262 2443 1329; x_wconf 81' lang='lat' dir='ltr'><strong>Amphiloch</strong></span> 
     </span>
    </p>
   </div>
   <div class='ocr_carea' id='block_1_8' title="bbox 2347 1261 4017 1341">
    <p class='ocr_par' dir='ltr' id='par_1_8' title="bbox 2352 1263 4017 1335">
     <span class='ocr_line' id='line_1_8' title="bbox 2352 1263 4017 1335; baseline 0.008 -21"><span class='ocrx_word' id='word_1_44' title='bbox 2352 1263 2543 1317; x_wconf 87' lang='lat' dir='ltr'><strong>ochius</strong></span> <span class='ocrx_word' id='word_1_45' title='bbox 2581 1264 2719 1334; x_wconf 73' lang='grc'><strong>(41),</strong></span> <span class='ocrx_word' id='word_1_46' title='bbox 2768 1265 3134 1319; x_wconf 84' lang='lat' dir='ltr'><strong>Theodoretus</strong></span> <span class='ocrx_word' id='word_1_47' title='bbox 3187 1266 3319 1335; x_wconf 68' lang='lat'><strong>(49.),</strong></span> <span class='ocrx_word' id='word_1_48' title='bbox 3379 1269 3665 1322; x_wconf 85' lang='lat' dir='ltr'><strong>concilium</strong></span> <span class='ocrx_word' id='word_1_49' title='bbox 3722 1270 4017 1327; x_wconf 71' lang='lat' dir='ltr'><strong>Chalceth</strong></span> 
     </span>
    </p>
   </div>
   <div class='ocr_carea' id='block_1_9' title="bbox 772 1356 2442 1439">
    <p class='ocr_par' dir='ltr' id='par_1_9' title="bbox 772 1356 2440 1439">
     <span class='ocr_line' id='line_1_9' title="bbox 772 1356 2440 1439; baseline -0.006 -18"><span class='ocrx_word' id='word_1_50' title='bbox 772 1380 943 1422; x_wconf 86' lang='lat' dir='ltr'><strong>nense</strong></span> <span class='ocrx_word' id='word_1_51' title='bbox 972 1366 1108 1439; x_wconf 67' lang='grc' dir='ltr'><strong>(ιδ),</strong></span> <span class='ocrx_word' id='word_1_52' title='bbox 1140 1366 1395 1423; x_wconf 76' lang='lat' dir='ltr'><strong>Leontius</strong></span> <span class='ocrx_word' id='word_1_53' title='bbox 1441 1361 1769 1432; x_wconf 78' lang='lat' dir='ltr'><strong>Byzantinus</strong></span> <span class='ocrx_word' id='word_1_54' title='bbox 1804 1356 1938 1430; x_wconf 71' lang='grc'><strong>(44),</strong></span> <span class='ocrx_word' id='word_1_55' title='bbox 1978 1358 2272 1425; x_wconf 79' lang='lat' dir='ltr'><strong>imperator</strong></span> <span class='ocrx_word' id='word_1_56' title='bbox 2322 1356 2440 1411; x_wconf 83' lang='lat' dir='ltr'><strong>Just</strong></span> 
     </span>
    </p>
   </div>
   <div class='ocr_carea' id='block_1_10' title="bbox 2345 1356 4015 1439">
    <p class='ocr_par' dir='ltr' id='par_1_10' title="bbox 2345 1356 4015 1431">
     <span class='ocr_line' id='line_1_10' title="bbox 2345 1356 4015 1431; baseline 0.004 -20"><span class='ocrx_word' id='word_1_57' title='bbox 2345 1356 2660 1412; x_wconf 71' lang='lat' dir='ltr'><strong>iustinianus</strong></span> <span class='ocrx_word' id='word_1_58' title='bbox 2699 1360 2835 1430; x_wconf 73' lang='grc'><strong>(45),</strong></span> <span class='ocrx_word' id='word_1_59' title='bbox 2878 1357 3190 1427; x_wconf 71' lang='grc' dir='ltr'><strong>Εριιττεπιιιε</strong></span> <span class='ocrx_word' id='word_1_60' title='bbox 3229 1362 3607 1416; x_wconf 82' lang='lat' dir='ltr'><strong>Antiochensis</strong></span> <span class='ocrx_word' id='word_1_61' title='bbox 3653 1362 3791 1431; x_wconf 63' lang='grc'>(46),</span> <span class='ocrx_word' id='word_1_62' title='bbox 3832 1377 3886 1419; x_wconf 89' lang='lat' dir='ltr'><strong>et</strong></span> <span class='ocrx_word' id='word_1_63' title='bbox 3932 1367 4015 1419; x_wconf 88' lang='lat' dir='ltr'><strong>alii</strong></span> 
     </span>
    </p>
   </div>
   <div class='ocr_carea' id='block_1_11' title="bbox 774 1448 4014 1531">
    <p class='ocr_par' dir='ltr' id='par_1_11' title="bbox 774 1448 4014 1531">
     <span class='ocr_line' id='line_1_11' title="bbox 774 1448 4014 1531; baseline -0.001 -18"><span class='ocrx_word' id='word_1_64' title='bbox 774 1459 955 1527; x_wconf 82' lang='lat' dir='ltr'><strong>nudti,</strong></span> <span class='ocrx_word' id='word_1_65' title='bbox 983 1476 1117 1531; x_wconf 87' lang='lat' dir='ltr'><strong>quos</strong></span> <span class='ocrx_word' id='word_1_66' title='bbox 1152 1460 1370 1528; x_wconf 74' lang='lat' dir='ltr'><strong>longum</strong></span> <span class='ocrx_word' id='word_1_67' title='bbox 1405 1463 1551 1509; x_wconf 90' lang='lat' dir='ltr'><strong>esset</strong></span> <span class='ocrx_word' id='word_1_68' title='bbox 1582 1465 1865 1508; x_wconf 89' lang='lat' dir='ltr'><strong>recensere</strong></span> <span class='ocrx_word' id='word_1_69' title='bbox 1898 1464 2104 1504; x_wconf 88' lang='lat' dir='ltr'><strong>omnes.</strong></span> <span class='ocrx_word' id='word_1_70' title='bbox 2140 1448 2252 1502; x_wconf 91' lang='lat' dir='ltr'><strong>lmo</strong></span> <span class='ocrx_word' id='word_1_71' title='bbox 2286 1451 2594 1504; x_wconf 89' lang='lat' dir='ltr'><strong>eorumdem</strong></span> <span class='ocrx_word' id='word_1_72' title='bbox 2628 1452 2955 1505; x_wconf 90' lang='lat' dir='ltr'><strong>mentionem</strong></span> <span class='ocrx_word' id='word_1_73' title='bbox 2994 1449 3186 1505; x_wconf 83' lang='lat' dir='ltr'><strong>fecisse</strong></span> <span class='ocrx_word' id='word_1_74' title='bbox 3222 1452 3431 1509; x_wconf 79' lang='lat' dir='ltr'><strong>videtur</strong></span> <span class='ocrx_word' id='word_1_75' title='bbox 3462 1455 3691 1509; x_wconf 77' lang='lat' dir='ltr'><strong>Basilius</strong></span> <span class='ocrx_word' id='word_1_76' title='bbox 3725 1456 3856 1523; x_wconf 84' lang='lat' dir='ltr'><strong>ipse.</strong></span> <span class='ocrx_word' id='word_1_77' title='bbox 3886 1459 4014 1511; x_wconf 90' lang='lat' dir='ltr'><strong>Cum</strong></span> 
     </span>
    </p>
   </div>
   <div class='ocr_carea' id='block_1_12' title="bbox 773 1543 4016 1621">
    <p class='ocr_par' dir='ltr' id='par_1_12' title="bbox 773 1543 4016 1621">
     <span class='ocr_line' id='line_1_12' title="bbox 773 1543 4016 1621; baseline -0.002 -12"><span class='ocrx_word' id='word_1_78' title='bbox 773 1555 918 1609; x_wconf 62' lang='lat' dir='ltr'><strong>enim</strong></span> <span class='ocrx_word' id='word_1_79' title='bbox 972 1554 1282 1610; x_wconf 81' lang='lat' dir='ltr'><strong>rescivisset</strong></span> <span class='ocrx_word' id='word_1_80' title='bbox 1308 1557 1617 1621; x_wconf 79' lang='lat' dir='ltr'><strong>suspectum</strong></span> <span class='ocrx_word' id='word_1_81' title='bbox 1652 1560 1710 1602; x_wconf 85' lang='lat' dir='ltr'><strong>se</strong></span> <span class='ocrx_word' id='word_1_82' title='bbox 1745 1544 1936 1600; x_wconf 87' lang='lat' dir='ltr'><strong>haberi</strong></span> <span class='ocrx_word' id='word_1_83' title='bbox 1969 1543 2325 1615; x_wconf 89' lang='lat' dir='ltr'><strong>quorumdam</strong></span> <span class='ocrx_word' id='word_1_84' title='bbox 2373 1560 2619 1599; x_wconf 89' lang='lat' dir='ltr'><strong>errorum</strong></span> <span class='ocrx_word' id='word_1_85' title='bbox 2656 1545 2724 1599; x_wconf 90' lang='lat' dir='ltr'><strong>ah</strong></span> <span class='ocrx_word' id='word_1_86' title='bbox 2754 1546 3051 1601; x_wconf 82' lang='lat' dir='ltr'><strong>Athanasio</strong></span> <span class='ocrx_word' id='word_1_87' title='bbox 3096 1546 3403 1617; x_wconf 80' lang='lat' dir='ltr'><strong>Ancyrano,</strong></span> <span class='ocrx_word' id='word_1_88' title='bbox 3435 1548 3514 1602; x_wconf 79' lang='lat' dir='ltr'><strong>vel</strong></span> <span class='ocrx_word' id='word_1_89' title='bbox 3546 1548 3722 1615; x_wconf 86' lang='lat' dir='ltr'><strong>potius</strong></span> <span class='ocrx_word' id='word_1_90' title='bbox 3762 1563 3821 1601; x_wconf 92' lang='lat' dir='ltr'><strong>se</strong></span> <span class='ocrx_word' id='word_1_91' title='bbox 3857 1549 3925 1600; x_wconf 89' lang='lat' dir='ltr'><strong>ab</strong></span> <span class='ocrx_word' id='word_1_92' title='bbox 3956 1566 4016 1603; x_wconf 87' lang='lat' dir='ltr'><strong>eo</strong></span> 
     </span>
    </p>
   </div>
   <div class='ocr_carea' id='block_1_13' title="bbox 774 1641 4017 1716">
    <p class='ocr_par' dir='ltr' id='par_1_13' title="bbox 774 1641 4017 1716">
     <span class='ocr_line' id='line_1_13' title="bbox 774 1641 4017 1716; baseline 0 -18"><span class='ocrx_word' id='word_1_93' title='bbox 774 1656 959 1714; x_wconf 80' lang='lat' dir='ltr'><strong>aperte</strong></span> <span class='ocrx_word' id='word_1_94' title='bbox 1000 1646 1183 1716; x_wconf 77' lang='lat' dir='ltr'><strong>argui;</strong></span> <span class='ocrx_word' id='word_1_95' title='bbox 1219 1645 1581 1713; x_wconf 81' lang='lat' dir='ltr'><strong>suspicionem</strong></span> <span class='ocrx_word' id='word_1_96' title='bbox 1616 1643 1965 1709; x_wconf 81' lang='lat' dir='ltr'><strong>immeritam,</strong></span> <span class='ocrx_word' id='word_1_97' title='bbox 2011 1658 2077 1697; x_wconf 91' lang='lat' dir='ltr'><strong>ne</strong></span> <span class='ocrx_word' id='word_1_98' title='bbox 2114 1641 2287 1696; x_wconf 89' lang='lat' dir='ltr'><strong>dicam</strong></span> <span class='ocrx_word' id='word_1_99' title='bbox 2336 1641 2682 1698; x_wconf 83' lang='lat' dir='ltr'><strong>falsissimam</strong></span> <span class='ocrx_word' id='word_1_100' title='bbox 2729 1646 3187 1709; x_wconf 85' lang='lat' dir='ltr'><strong>criminationem,</strong></span> <span class='ocrx_word' id='word_1_101' title='bbox 3223 1646 3379 1715; x_wconf 82' lang='lat' dir='ltr'><strong>longe</strong></span> <span class='ocrx_word' id='word_1_102' title='bbox 3423 1649 3489 1702; x_wconf 91' lang='lat' dir='ltr'><strong>ah</strong></span> <span class='ocrx_word' id='word_1_103' title='bbox 3539 1665 3595 1702; x_wconf 89' lang='lat' dir='ltr'><strong>se</strong></span> <span class='ocrx_word' id='word_1_104' title='bbox 3637 1656 3901 1707; x_wconf 77' lang='lat' dir='ltr'><strong>removet,</strong></span> <span class='ocrx_word' id='word_1_105' title='bbox 3937 1648 4017 1699; x_wconf 83' lang='lat' dir='ltr'><strong>his</strong></span> 
     </span>
    </p>
   </div>
   <div class='ocr_carea' id='block_1_14' title="bbox 771 1736 4018 1816">
    <p class='ocr_par' dir='ltr' id='par_1_14' title="bbox 771 1736 4018 1816">
     <span class='ocr_line' id='line_1_14' title="bbox 771 1736 4018 1816; baseline -0.002 -21"><span class='ocrx_word' id='word_1_106' title='bbox 771 1743 951 1798; x_wconf 85' lang='lat' dir='ltr'><strong>verbis</strong></span> <span class='ocrx_word' id='word_1_107' title='bbox 973 1760 988 1798; x_wconf 90' lang='lat'><strong>:</strong></span> <span class='ocrx_word' id='word_1_108' title='bbox 1013 1745 1088 1798; x_wconf 83' lang='grc' dir='ltr'><strong>Οὐ</strong></span> <span class='ocrx_word' id='word_1_109' title='bbox 1120 1744 1228 1816; x_wconf 76' lang='grc' dir='ltr'><strong>γὰρ</strong></span> <span class='ocrx_word' id='word_1_110' title='bbox 1251 1742 1314 1814; x_wconf 79' lang='grc' dir='ltr'><strong>δὴ</strong></span> <span class='ocrx_word' id='word_1_111' title='bbox 1338 1744 1447 1805; x_wconf 84' lang='grc' dir='ltr'>τοῖς</span> <span class='ocrx_word' id='word_1_112' title='bbox 1460 1740 1864 1813; x_wconf 78' lang='grc' dir='ltr'><strong>γεγραμμένοις</strong></span> <span class='ocrx_word' id='word_1_113' title='bbox 1896 1741 1985 1809; x_wconf 79' lang='grc' dir='ltr'><strong>ὑφ’</strong></span> <span class='ocrx_word' id='word_1_114' title='bbox 2016 1738 2172 1809; x_wconf 74' lang='grc' dir='ltr'>ἡμῶν</span> <span class='ocrx_word' id='word_1_115' title='bbox 2202 1736 2335 1810; x_wconf 79' lang='grc' dir='ltr'>πρὸς</span> <span class='ocrx_word' id='word_1_116' title='bbox 2349 1739 2474 1801; x_wconf 75' lang='grc' dir='ltr'>τοὺς</span> <span class='ocrx_word' id='word_1_117' title='bbox 2492 1737 2740 1806; x_wconf 82' lang='grc' dir='ltr'><strong>ἀνόμοιον</strong></span> <span class='ocrx_word' id='word_1_118' title='bbox 2765 1740 2883 1793; x_wconf 75' lang='grc' dir='ltr'><strong>κατ’</strong></span> <span class='ocrx_word' id='word_1_119' title='bbox 2900 1738 3082 1791; x_wconf 74' lang='grc' dir='ltr'>οὐσίαν</span> <span class='ocrx_word' id='word_1_120' title='bbox 3100 1739 3475 1809; x_wconf 76' lang='grc' dir='ltr'>τολμήσαντας</span> <span class='ocrx_word' id='word_1_121' title='bbox 3490 1744 3659 1795; x_wconf 78' lang='grc' dir='ltr'><strong>εἰπεῖν</strong></span> <span class='ocrx_word' id='word_1_122' title='bbox 3680 1742 3769 1794; x_wconf 72' lang='grc' dir='ltr'><strong>τὸν</strong></span> <span class='ocrx_word' id='word_1_123' title='bbox 3786 1741 4018 1792; x_wconf 66' lang='grc' dir='ltr'>Υξὸνκαὶ</span> 
     </span>
    </p>
   </div>
   <div class='ocr_carea' id='block_1_15' title="bbox 771 1824 4019 1907">
    <p class='ocr_par' dir='ltr' id='par_1_15' title="bbox 771 1824 4019 1907">
     <span class='ocr_line' id='line_1_15' title="bbox 771 1824 4019 1907; baseline -0.002 -18"><span class='ocrx_word' id='word_1_124' title='bbox 771 1836 905 1889; x_wconf 76' lang='grc' dir='ltr'>Θεὸν</span> <span class='ocrx_word' id='word_1_125' title='bbox 936 1835 1012 1906; x_wconf 82' lang='grc' dir='ltr'><strong>τῷ</strong></span> <span class='ocrx_word' id='word_1_126' title='bbox 1038 1835 1157 1907; x_wconf 85' lang='grc' dir='ltr'>Θεῷ</span> <span class='ocrx_word' id='word_1_127' title='bbox 1191 1837 1284 1890; x_wconf 70' lang='grc' dir='ltr'><strong>καὶ</strong></span> <span class='ocrx_word' id='word_1_128' title='bbox 1311 1834 1508 1906; x_wconf 66' lang='lat' dir='ltr'><strong>Ila-:91,</strong></span> <span class='ocrx_word' id='word_1_129' title='bbox 1531 1832 1565 1903; x_wconf 77' lang='grc' dir='ltr'>ἢ</span> <span class='ocrx_word' id='word_1_130' title='bbox 1588 1831 1725 1902; x_wconf 81' lang='grc' dir='ltr'>πρὸς</span> <span class='ocrx_word' id='word_1_131' title='bbox 1757 1831 1884 1893; x_wconf 81' lang='grc' dir='ltr'>τοὺς</span> <span class='ocrx_word' id='word_1_132' title='bbox 1911 1828 2119 1907; x_wconf 74' lang='grc' dir='ltr'>κτίομα</span> <span class='ocrx_word' id='word_1_133' title='bbox 2151 1827 2245 1880; x_wconf 69' lang='grc' dir='ltr'>καὶ</span> <span class='ocrx_word' id='word_1_134' title='bbox 2275 1826 2488 1899; x_wconf 75' lang='grc' dir='ltr'>ποίημα</span> <span class='ocrx_word' id='word_1_135' title='bbox 2519 1824 2661 1881; x_wconf 77' lang='grc' dir='ltr'>εἶναι</span> <span class='ocrx_word' id='word_1_136' title='bbox 2692 1831 2752 1884; x_wconf 78' lang='grc' dir='ltr'><strong>τὸ</strong></span> <span class='ocrx_word' id='word_1_137' title='bbox 2782 1829 3002 1901; x_wconf 75' lang='grc' dir='ltr'><strong>Πνεῦμα</strong></span> <span class='ocrx_word' id='word_1_138' title='bbox 3028 1831 3087 1883; x_wconf 79' lang='grc' dir='ltr'>τὸ</span> <span class='ocrx_word' id='word_1_139' title='bbox 3135 1832 3288 1900; x_wconf 78' lang='grc' dir='ltr'>ἅγιον</span> <span class='ocrx_word' id='word_1_140' title='bbox 3332 1831 3621 1905; x_wconf 63' lang='grc' dir='ltr'><strong>βλασφημή</strong></span> <span class='ocrx_word' id='word_1_141' title='bbox 3634 1853 3851 1898; x_wconf 66' lang='grc' dir='ltr'><strong>ταυτας,</strong></span> <span class='ocrx_word' id='word_1_142' title='bbox 3892 1833 4019 1885; x_wconf 63' lang='grc' dir='ltr'><strong>ταί-</strong></span> 
     </span>
    </p>
   </div>
   <div class='ocr_carea' id='block_1_16' title="bbox 770 1904 4019 2001">
    <p class='ocr_par' dir='ltr' id='par_1_16' title="bbox 770 1904 4019 2001">
     <span class='ocr_line' id='line_1_16' title="bbox 770 1904 4019 2001; baseline -0.001 -18"><span class='ocrx_word' id='word_1_143' title='bbox 770 1948 873 2000; x_wconf 72' lang='grc' dir='ltr'><strong>την</strong></span> <span class='ocrx_word' id='word_1_144' title='bbox 897 1929 964 1983; x_wconf 81' lang='grc' dir='ltr'>ἂν</span> <span class='ocrx_word' id='word_1_145' title='bbox 985 1904 1310 1997; x_wconf 14' lang='grc' dir='ltr'><strong>ήὲπενέγκεῖν</strong></span> <span class='ocrx_word' id='word_1_146' title='bbox 1470 1926 1738 1998; x_wconf 78' lang='grc' dir='ltr'>λοιδορίαν</span> <span class='ocrx_word' id='word_1_147' title='bbox 1776 1904 2030 1993; x_wconf 54' lang='grc' dir='ltr'><strong>ἡνέσχουξ</strong></span> <span class='ocrx_word' id='word_1_148' title='bbox 2064 1924 2091 1974; x_wconf 83' lang='grc' dir='ltr'>ὁ</span> <span class='ocrx_word' id='word_1_149' title='bbox 2126 1922 2250 1984; x_wconf 80' lang='grc' dir='ltr'>τοὺς</span> <span class='ocrx_word' id='word_1_150' title='bbox 2291 1924 2556 1993; x_wconf 77' lang='grc' dir='ltr'><strong>μεγάλους</strong></span> <span class='ocrx_word' id='word_1_151' title='bbox 2584 1922 2776 1987; x_wconf 71' lang='grc' dir='ltr'>ἄθλους</span> <span class='ocrx_word' id='word_1_152' title='bbox 2806 1926 3045 1989; x_wconf 78' lang='grc' dir='ltr'>ἐκείνους</span> <span class='ocrx_word' id='word_1_153' title='bbox 3076 1927 3167 1978; x_wconf 74' lang='grc' dir='ltr'><strong>καὶ</strong></span> <span class='ocrx_word' id='word_1_154' title='bbox 3192 1928 3545 1998; x_wconf 75' lang='grc' dir='ltr'>περιϐοήτους</span> <span class='ocrx_word' id='word_1_155' title='bbox 3576 1930 3712 2000; x_wconf 75' lang='grc' dir='ltr'>ὑπὲρ</span> <span class='ocrx_word' id='word_1_156' title='bbox 3745 1932 3845 2000; x_wconf 68' lang='grc' dir='ltr'>τῆς</span> <span class='ocrx_word' id='word_1_157' title='bbox 3868 1930 4019 2001; x_wconf 79' lang='grc' dir='ltr'>ὀρθο-</span> 
     </span>
    </p>
   </div>
   <div class='ocr_carea' id='block_1_17' title="bbox 770 2016 2440 2093">
    <p class='ocr_par' dir='ltr' id='par_1_17' title="bbox 770 2016 2411 2093">
     <span class='ocr_line' id='line_1_17' title="bbox 770 2016 2411 2093; baseline -0.005 -14"><span class='ocrx_word' id='word_1_158' title='bbox 770 2027 948 2093; x_wconf 76' lang='grc' dir='ltr'>δοξίσς</span> <span class='ocrx_word' id='word_1_159' title='bbox 973 2022 1283 2093; x_wconf 72' lang='grc' dir='ltr'><strong>διενεγκών.</strong></span> <span class='ocrx_word' id='word_1_160' title='bbox 1325 2021 1449 2077; x_wconf 84' lang='lat' dir='ltr'><strong>Non</strong></span> <span class='ocrx_word' id='word_1_161' title='bbox 1477 2022 1612 2077; x_wconf 87' lang='lat' dir='ltr'><strong>enim</strong></span> <span class='ocrx_word' id='word_1_162' title='bbox 1650 2020 1711 2072; x_wconf 89' lang='lat' dir='ltr'><strong>ob</strong></span> <span class='ocrx_word' id='word_1_163' title='bbox 1742 2033 1801 2071; x_wconf 87' lang='lat' dir='ltr'><strong>ea</strong></span> <span class='ocrx_word' id='word_1_164' title='bbox 1830 2033 1946 2085; x_wconf 77' lang='lat' dir='ltr'><strong>qua:</strong></span> <span class='ocrx_word' id='word_1_165' title='bbox 1976 2034 2006 2069; x_wconf 85' lang='grc' dir='ltr'><em>α</em></span> <span class='ocrx_word' id='word_1_166' title='bbox 2042 2016 2189 2070; x_wconf 86' lang='lat' dir='ltr'><strong>nobis</strong></span> <span class='ocrx_word' id='word_1_167' title='bbox 2218 2018 2411 2087; x_wconf 87' lang='lat' dir='ltr'><strong>scripta</strong></span> 
     </span>
    </p>
   </div>
   <div class='ocr_carea' id='block_1_18' title="bbox 2343 2016 4013 2093">
    <p class='ocr_par' dir='ltr' id='par_1_18' title="bbox 2343 2018 4013 2089">
     <span class='ocr_line' id='line_1_18' title="bbox 2343 2018 4013 2089; baseline 0.005 -19"><span class='ocrx_word' id='word_1_168' title='bbox 2343 2029 2411 2071; x_wconf 74' lang='lat' dir='ltr'><strong>ita</strong></span> <span class='ocrx_word' id='word_1_169' title='bbox 2447 2028 2565 2071; x_wconf 84' lang='lat' dir='ltr'><strong>sunt</strong></span> <span class='ocrx_word' id='word_1_170' title='bbox 2600 2018 2846 2072; x_wconf 76' lang='lat' dir='ltr'><strong>adversus</strong></span> <span class='ocrx_word' id='word_1_171' title='bbox 2880 2035 2966 2072; x_wconf 82' lang='lat' dir='ltr'><strong>eos</strong></span> <span class='ocrx_word' id='word_1_172' title='bbox 3005 2023 3094 2089; x_wconf 97' lang='lat' dir='ltr'><strong>qui</strong></span> <span class='ocrx_word' id='word_1_173' title='bbox 3129 2020 3324 2074; x_wconf 81' lang='lat' dir='ltr'><strong>Filium</strong></span> <span class='ocrx_word' id='word_1_174' title='bbox 3356 2034 3403 2078; x_wconf 87' lang='lat' dir='ltr'><strong>et</strong></span> <span class='ocrx_word' id='word_1_175' title='bbox 3441 2024 3603 2077; x_wconf 87' lang='lat' dir='ltr'><strong>Deum</strong></span> <span class='ocrx_word' id='word_1_176' title='bbox 3636 2025 3741 2079; x_wconf 85' lang='lat' dir='ltr'><strong>Deo</strong></span> <span class='ocrx_word' id='word_1_177' title='bbox 3777 2036 3827 2079; x_wconf 90' lang='lat' dir='ltr'><strong>et</strong></span> <span class='ocrx_word' id='word_1_178' title='bbox 3863 2027 4013 2079; x_wconf 88' lang='lat' dir='ltr'><strong>Patri</strong></span> 
     </span>
    </p>
   </div>
   <div class='ocr_carea' id='block_1_19' title="bbox 768 2114 4013 2188">
    <p class='ocr_par' dir='ltr' id='par_1_19' title="bbox 768 2114 4013 2188">
     <span class='ocr_line' id='line_1_19' title="bbox 768 2114 4013 2188; baseline -0.003 -8"><span class='ocrx_word' id='word_1_179' title='bbox 768 2128 1052 2180; x_wconf 72' lang='lat' dir='ltr'><strong>secundum</strong></span> <span class='ocrx_word' id='word_1_180' title='bbox 1087 2114 1435 2179; x_wconf 75' lang='lat' dir='ltr'><strong>subslantiam</strong></span> <span class='ocrx_word' id='word_1_181' title='bbox 1474 2116 1787 2187; x_wconf 79' lang='lat' dir='ltr'><strong>inrcqualem</strong></span> <span class='ocrx_word' id='word_1_182' title='bbox 1829 2114 1997 2170; x_wconf 80' lang='lat' dir='ltr'><strong>dicere</strong></span> <span class='ocrx_word' id='word_1_183' title='bbox 2041 2117 2158 2169; x_wconf 87' lang='lat' dir='ltr'><strong>ausi</strong></span> <span class='ocrx_word' id='word_1_184' title='bbox 2201 2126 2345 2181; x_wconf 85' lang='lat' dir='ltr'><strong>sunt,</strong></span> <span class='ocrx_word' id='word_1_185' title='bbox 2380 2124 2471 2168; x_wconf 89' lang='lat' dir='ltr'><strong>aut</strong></span> <span class='ocrx_word' id='word_1_186' title='bbox 2510 2116 2758 2171; x_wconf 69' lang='lat' dir='ltr'><strong>adversus</strong></span> <span class='ocrx_word' id='word_1_187' title='bbox 2809 2133 2896 2170; x_wconf 90' lang='lat' dir='ltr'><strong>eos</strong></span> <span class='ocrx_word' id='word_1_188' title='bbox 2926 2119 3015 2188; x_wconf 87' lang='lat' dir='ltr'><strong>qui</strong></span> <span class='ocrx_word' id='word_1_189' title='bbox 3051 2115 3305 2185; x_wconf 74' lang='lat' dir='ltr'><strong>Spiritum</strong></span> <span class='ocrx_word' id='word_1_190' title='bbox 3348 2130 3581 2171; x_wconf 81' lang='lat' dir='ltr'><strong>sanetum</strong></span> <span class='ocrx_word' id='word_1_191' title='bbox 3631 2130 3929 2174; x_wconf 76' lang='lat' dir='ltr'><strong>creaturam</strong></span> <span class='ocrx_word' id='word_1_192' title='bbox 3969 2130 4013 2173; x_wconf 87' lang='lat' dir='ltr'><strong>et</strong></span> 
     </span>
    </p>
   </div>
   <div class='ocr_carea' id='block_1_20' title="bbox 771 2212 4013 2285">
    <p class='ocr_par' dir='ltr' id='par_1_20' title="bbox 771 2212 4013 2285">
     <span class='ocr_line' id='line_1_20' title="bbox 771 2212 4013 2285; baseline -0.001 -17"><span class='ocrx_word' id='word_1_193' title='bbox 771 2218 1036 2285; x_wconf 77' lang='lat' dir='ltr'><strong>opiﬁcium</strong></span> <span class='ocrx_word' id='word_1_194' title='bbox 1074 2233 1185 2271; x_wconf 87' lang='lat' dir='ltr'><strong>esse</strong></span> <span class='ocrx_word' id='word_1_195' title='bbox 1220 2215 1513 2282; x_wconf 73' lang='lat' dir='ltr'><strong>blaspheme</strong></span> <span class='ocrx_word' id='word_1_196' title='bbox 1544 2228 1632 2267; x_wconf 92' lang='lat' dir='ltr'><strong>ore</strong></span> <span class='ocrx_word' id='word_1_197' title='bbox 1666 2215 1979 2278; x_wconf 84' lang='lat' dir='ltr'><strong>docuerunt,</strong></span> <span class='ocrx_word' id='word_1_198' title='bbox 2011 2215 2327 2265; x_wconf 80' lang='lat' dir='ltr'><strong>calumniam</strong></span> <span class='ocrx_word' id='word_1_199' title='bbox 2380 2214 2533 2265; x_wconf 86' lang='lat' dir='ltr'><strong>istam</strong></span> <span class='ocrx_word' id='word_1_200' title='bbox 2580 2212 2776 2281; x_wconf 78' lang='lat' dir='ltr'><strong>inferre</strong></span> <span class='ocrx_word' id='word_1_201' title='bbox 2822 2212 3089 2277; x_wconf 77' lang='lat' dir='ltr'><strong>voluisses,</strong></span> <span class='ocrx_word' id='word_1_202' title='bbox 3120 2225 3175 2265; x_wconf 89' lang='lat' dir='ltr'><strong>tu</strong></span> <span class='ocrx_word' id='word_1_203' title='bbox 3206 2213 3295 2283; x_wconf 89' lang='lat' dir='ltr'><strong>qui</strong></span> <span class='ocrx_word' id='word_1_204' title='bbox 3333 2230 3520 2282; x_wconf 85' lang='lat' dir='ltr'><strong>magna</strong></span> <span class='ocrx_word' id='word_1_205' title='bbox 3560 2214 3652 2268; x_wconf 88' lang='lat' dir='ltr'><strong>illa</strong></span> <span class='ocrx_word' id='word_1_206' title='bbox 3693 2232 3754 2268; x_wconf 89' lang='lat' dir='ltr'><strong>ac</strong></span> <span class='ocrx_word' id='word_1_207' title='bbox 3791 2215 4013 2267; x_wconf 80' lang='lat' dir='ltr'><strong>celebria</strong></span> 
     </span>
    </p>
   </div>
   <div class='ocr_carea' id='block_1_21' title="bbox 773 2305 4015 2381">
    <p class='ocr_par' dir='ltr' id='par_1_21' title="bbox 773 2305 4015 2381">
     <span class='ocr_line' id='line_1_21' title="bbox 773 2305 4015 2381; baseline -0.002 -16"><span class='ocrx_word' id='word_1_208' title='bbox 773 2313 1059 2366; x_wconf 74' lang='lat' dir='ltr'><strong>certamina</strong></span> <span class='ocrx_word' id='word_1_209' title='bbox 1082 2328 1178 2381; x_wconf 89' lang='lat' dir='ltr'><strong>pro</strong></span> <span class='ocrx_word' id='word_1_210' title='bbox 1207 2320 1349 2365; x_wconf 88' lang='lat' dir='ltr'><strong>recta</strong></span> <span class='ocrx_word' id='word_1_211' title='bbox 1374 2312 1481 2380; x_wconf 79' lang='lat' dir='ltr'><strong>ﬁde</strong></span> <span class='ocrx_word' id='word_1_212' title='bbox 1506 2308 1793 2377; x_wconf 72' lang='lat' dir='ltr'><strong>pertulisti.</strong></span> <span class='ocrx_word' id='word_1_213' title='bbox 1830 2308 2037 2372; x_wconf 88' lang='lat' dir='ltr'><strong>Quibus</strong></span> <span class='ocrx_word' id='word_1_214' title='bbox 2069 2305 2272 2371; x_wconf 75' lang='lat' dir='ltr'><strong>verbis,</strong></span> <span class='ocrx_word' id='word_1_215' title='bbox 2306 2315 2367 2360; x_wconf 90' lang='lat' dir='ltr'><strong>ut</strong></span> <span class='ocrx_word' id='word_1_216' title='bbox 2398 2308 2526 2360; x_wconf 89' lang='lat' dir='ltr'><strong>mihi</strong></span> <span class='ocrx_word' id='word_1_217' title='bbox 2561 2309 2777 2377; x_wconf 89' lang='lat' dir='ltr'><strong>quidem</strong></span> <span class='ocrx_word' id='word_1_218' title='bbox 2809 2310 3041 2373; x_wconf 79' lang='lat' dir='ltr'><strong>videtur,</strong></span> <span class='ocrx_word' id='word_1_219' title='bbox 3069 2308 3297 2364; x_wconf 86' lang='lat' dir='ltr'><strong>Basilius</strong></span> <span class='ocrx_word' id='word_1_220' title='bbox 3323 2306 3433 2379; x_wconf 64' lang='lat'><strong>(47)</strong></span> <span class='ocrx_word' id='word_1_221' title='bbox 3469 2322 3562 2365; x_wconf 90' lang='lat' dir='ltr'><strong>eos</strong></span> <span class='ocrx_word' id='word_1_222' title='bbox 3591 2323 3725 2377; x_wconf 90' lang='lat' dir='ltr'><strong>quos</strong></span> <span class='ocrx_word' id='word_1_223' title='bbox 3755 2309 4015 2359; x_wconf 73' lang='lat' dir='ltr'><strong>adversus</strong></span> 
     </span>
    </p>
   </div>
   <div class='ocr_carea' id='block_1_22' title="bbox 772 2397 3485 2469">
    <p class='ocr_par' dir='ltr' id='par_1_22' title="bbox 772 2397 3485 2469">
     <span class='ocr_line' id='line_1_22' title="bbox 772 2397 3485 2469; baseline -0 -14"><span class='ocrx_word' id='word_1_224' title='bbox 772 2402 1092 2456; x_wconf 70' lang='lat' dir='ltr'><strong>Eunotuiutn</strong></span> <span class='ocrx_word' id='word_1_225' title='bbox 1128 2402 1422 2469; x_wconf 87' lang='lat' dir='ltr'><strong>scripserat</strong></span> <span class='ocrx_word' id='word_1_226' title='bbox 1448 2402 1618 2455; x_wconf 89' lang='lat' dir='ltr'><strong>libros</strong></span> <span class='ocrx_word' id='word_1_227' title='bbox 1651 2408 1760 2453; x_wconf 90' lang='lat' dir='ltr'><strong>tam</strong></span> <span class='ocrx_word' id='word_1_228' title='bbox 1791 2398 1937 2453; x_wconf 88' lang='lat' dir='ltr'><strong>clare</strong></span> <span class='ocrx_word' id='word_1_229' title='bbox 1965 2397 2229 2468; x_wconf 83' lang='lat' dir='ltr'><strong>designat,</strong></span> <span class='ocrx_word' id='word_1_230' title='bbox 2260 2406 2317 2451; x_wconf 91' lang='lat' dir='ltr'><strong>ut</strong></span> <span class='ocrx_word' id='word_1_231' title='bbox 2346 2397 2490 2467; x_wconf 88' lang='lat' dir='ltr'><strong>ipsos</strong></span> <span class='ocrx_word' id='word_1_232' title='bbox 2528 2407 2736 2451; x_wconf 90' lang='lat' dir='ltr'><strong>tantum</strong></span> <span class='ocrx_word' id='word_1_233' title='bbox 2768 2412 2872 2452; x_wconf 90' lang='lat' dir='ltr'><strong>non</strong></span> <span class='ocrx_word' id='word_1_234' title='bbox 2907 2400 3189 2454; x_wconf 88' lang='lat' dir='ltr'><strong>nominare</strong></span> <span class='ocrx_word' id='word_1_235' title='bbox 3219 2401 3485 2455; x_wconf 82' lang='lat' dir='ltr'><strong>videatur.</strong></span> 
     </span>
    </p>
   </div>
   <div class='ocr_carea' id='block_1_23' title="bbox 839 2490 4010 2564">
    <p class='ocr_par' dir='ltr' id='par_1_23' title="bbox 839 2490 4010 2564">
     <span class='ocr_line' id='line_1_23' title="bbox 839 2490 4010 2564; baseline -0.004 -12"><span class='ocrx_word' id='word_1_236' title='bbox 839 2497 895 2552; x_wconf 75' lang='lat'><strong>2.</strong></span> <span class='ocrx_word' id='word_1_237' title='bbox 936 2498 1163 2553; x_wconf 83' lang='lat' dir='ltr'><strong>Causam</strong></span> <span class='ocrx_word' id='word_1_238' title='bbox 1212 2505 1389 2551; x_wconf 89' lang='lat' dir='ltr'><strong>autem</strong></span> <span class='ocrx_word' id='word_1_239' title='bbox 1432 2512 1529 2552; x_wconf 89' lang='lat' dir='ltr'><strong>cur</strong></span> <span class='ocrx_word' id='word_1_240' title='bbox 1571 2496 1739 2553; x_wconf 89' lang='lat' dir='ltr'><strong>libros</strong></span> <span class='ocrx_word' id='word_1_241' title='bbox 1781 2494 1902 2552; x_wconf 85' lang='lat' dir='ltr'><strong>illos</strong></span> <span class='ocrx_word' id='word_1_242' title='bbox 1932 2494 2296 2564; x_wconf 87' lang='lat' dir='ltr'><strong>composuerit</strong></span> <span class='ocrx_word' id='word_1_243' title='bbox 2328 2493 2581 2560; x_wconf 87' lang='lat' dir='ltr'><strong>Basilius,</strong></span> <span class='ocrx_word' id='word_1_244' title='bbox 2606 2508 2727 2549; x_wconf 91' lang='lat' dir='ltr'><strong>cum</strong></span> <span class='ocrx_word' id='word_1_245' title='bbox 2757 2507 2915 2548; x_wconf 90' lang='lat' dir='ltr'><strong>nemo</strong></span> <span class='ocrx_word' id='word_1_246' title='bbox 2948 2493 3143 2551; x_wconf 84' lang='lat' dir='ltr'><strong>melius</strong></span> <span class='ocrx_word' id='word_1_247' title='bbox 3188 2496 3398 2549; x_wconf 65' lang='lat' dir='ltr'><strong>noverit</strong></span> <span class='ocrx_word' id='word_1_248' title='bbox 3433 2507 3589 2564; x_wconf 89' lang='lat' dir='ltr'><strong>quam</strong></span> <span class='ocrx_word' id='word_1_249' title='bbox 3625 2490 3760 2558; x_wconf 88' lang='lat' dir='ltr'><strong>ipse,</strong></span> <span class='ocrx_word' id='word_1_250' title='bbox 3796 2502 3919 2542; x_wconf 89' lang='lat' dir='ltr'><strong>eum</strong></span> <span class='ocrx_word' id='word_1_251' title='bbox 3954 2501 4010 2541; x_wconf 85' lang='lat' dir='ltr'><strong>ea</strong></span> 
     </span>
    </p>
   </div>
   <div class='ocr_carea' id='block_1_24' title="bbox 772 2583 4008 2661">
    <p class='ocr_par' dir='ltr' id='par_1_24' title="bbox 772 2583 4008 2661">
     <span class='ocr_line' id='line_1_24' title="bbox 772 2583 4008 2661; baseline -0.004 -18"><span class='ocrx_word' id='word_1_252' title='bbox 772 2595 842 2646; x_wconf 74' lang='lat' dir='ltr'><strong>de</strong></span> <span class='ocrx_word' id='word_1_253' title='bbox 876 2606 933 2646; x_wconf 87' lang='lat' dir='ltr'><strong>re</strong></span> <span class='ocrx_word' id='word_1_254' title='bbox 968 2590 1273 2661; x_wconf 87' lang='lat' dir='ltr'><strong>loquentem</strong></span> <span class='ocrx_word' id='word_1_255' title='bbox 1306 2588 1493 2644; x_wconf 88' lang='lat' dir='ltr'><strong>audire</strong></span> <span class='ocrx_word' id='word_1_256' title='bbox 1531 2598 1770 2659; x_wconf 62' lang='lat' dir='ltr'><strong>praestat.</strong></span> <span class='ocrx_word' id='word_1_257' title='bbox 1812 2588 1987 2644; x_wconf 75' lang='lat' dir='ltr'><strong>Verba</strong></span> <span class='ocrx_word' id='word_1_258' title='bbox 2037 2587 2205 2657; x_wconf 79' lang='lat' dir='ltr'><strong>igitur</strong></span> <span class='ocrx_word' id='word_1_259' title='bbox 2236 2587 2377 2642; x_wconf 87' lang='lat' dir='ltr'><strong>illius</strong></span> <span class='ocrx_word' id='word_1_260' title='bbox 2423 2586 2536 2642; x_wconf 64' lang='lat' dir='ltr'><strong>haec</strong></span> <span class='ocrx_word' id='word_1_261' title='bbox 2580 2595 2705 2643; x_wconf 91' lang='lat' dir='ltr'><strong>sunt</strong></span> <span class='ocrx_word' id='word_1_262' title='bbox 2749 2601 2897 2641; x_wconf 91' lang='lat' dir='ltr'><strong>num.</strong></span> <span class='ocrx_word' id='word_1_263' title='bbox 2936 2584 2971 2638; x_wconf 77' lang='lat'><strong><em>2</em></strong></span> <span class='ocrx_word' id='word_1_264' title='bbox 3003 2602 3016 2639; x_wconf 89' lang='lat'><strong>:</strong></span> <span class='ocrx_word' id='word_1_265' title='bbox 3054 2584 3160 2639; x_wconf 86' lang='lat' dir='ltr'><strong>Sed</strong></span> <span class='ocrx_word' id='word_1_266' title='bbox 3185 2585 3325 2655; x_wconf 86' lang='lat' dir='ltr'><strong>jam,</strong></span> <span class='ocrx_word' id='word_1_267' title='bbox 3358 2589 3550 2655; x_wconf 87' lang='lat' dir='ltr'><strong>inquit,</strong></span> <span class='ocrx_word' id='word_1_268' title='bbox 3579 2583 3647 2637; x_wconf 82' lang='lat' dir='ltr'><strong>ad</strong></span> <span class='ocrx_word' id='word_1_269' title='bbox 3686 2583 4008 2647; x_wconf 75' lang='lat' dir='ltr'><strong>urguendum</strong></span> 
     </span>
    </p>
   </div>
   <div class='ocr_carea' id='block_1_25' title="bbox 770 2668 4011 2750">
    <p class='ocr_par' dir='ltr' id='par_1_25' title="bbox 770 2668 4011 2750">
     <span class='ocr_line' id='line_1_25' title="bbox 770 2668 4011 2750; baseline -0.006 -17"><span class='ocrx_word' id='word_1_270' title='bbox 770 2684 1043 2750; x_wconf 80' lang='lat' dir='ltr'><strong>accedam,</strong></span> <span class='ocrx_word' id='word_1_271' title='bbox 1071 2699 1137 2736; x_wconf 73' lang='lat' dir='ltr'><strong>ex</strong></span> <span class='ocrx_word' id='word_1_272' title='bbox 1178 2685 1293 2748; x_wconf 88' lang='lat' dir='ltr'><strong>ipsa</strong></span> <span class='ocrx_word' id='word_1_273' title='bbox 1336 2682 1675 2748; x_wconf 77' lang='lat' dir='ltr'><strong>inscriptione</strong></span> <span class='ocrx_word' id='word_1_274' title='bbox 1724 2696 1932 2733; x_wconf 86' lang='lat' dir='ltr'><strong>sumens</strong></span> <span class='ocrx_word' id='word_1_275' title='bbox 1974 2678 2274 2732; x_wconf 69' lang='lat' dir='ltr'><strong>exordium.</strong></span> <span class='ocrx_word' id='word_1_276' title='bbox 2312 2678 2525 2731; x_wconf 81' lang='lat' dir='ltr'><strong>Primus</strong></span> <span class='ocrx_word' id='word_1_277' title='bbox 2577 2678 2715 2732; x_wconf 84' lang='lat' dir='ltr'><strong>enim</strong></span> <span class='ocrx_word' id='word_1_278' title='bbox 2760 2681 2990 2733; x_wconf 87' lang='lat' dir='ltr'><strong>omnium</strong></span> <span class='ocrx_word' id='word_1_279' title='bbox 3031 2676 3204 2739; x_wconf 87' lang='lat' dir='ltr'><strong>dolus,</strong></span> <span class='ocrx_word' id='word_1_280' title='bbox 3242 2677 3325 2728; x_wconf 84' lang='lat' dir='ltr'><strong>hic</strong></span> <span class='ocrx_word' id='word_1_281' title='bbox 3371 2674 3459 2726; x_wconf 89' lang='lat' dir='ltr'><strong>ille</strong></span> <span class='ocrx_word' id='word_1_282' title='bbox 3498 2668 3901 2740; x_wconf 72' lang='lat' dir='ltr'><strong>eiexcogitatus</strong></span> <span class='ocrx_word' id='word_1_283' title='bbox 3941 2674 4011 2716; x_wconf 87' lang='lat' dir='ltr'><strong>est</strong></span> 
     </span>
    </p>
   </div>
   <div class='ocr_carea' id='block_1_26' title="bbox 772 2756 4009 2842">
    <p class='ocr_par' dir='ltr' id='par_1_26' title="bbox 772 2756 4009 2842">
     <span class='ocr_line' id='line_1_26' title="bbox 772 2756 4009 2842; baseline -0.006 -16"><span class='ocrx_word' id='word_1_284' title='bbox 772 2777 981 2828; x_wconf 68' lang='lat' dir='ltr'><strong>dicendi</strong></span> <span class='ocrx_word' id='word_1_285' title='bbox 1013 2776 1219 2836; x_wconf 79' lang='lat' dir='ltr'><strong>modus,</strong></span> <span class='ocrx_word' id='word_1_286' title='bbox 1253 2781 1310 2825; x_wconf 89' lang='lat' dir='ltr'><strong>ut</strong></span> <span class='ocrx_word' id='word_1_287' title='bbox 1340 2775 1396 2825; x_wconf 88' lang='lat' dir='ltr'><strong>in</strong></span> <span class='ocrx_word' id='word_1_288' title='bbox 1428 2771 1646 2842; x_wconf 76' lang='lat' dir='ltr'><strong>speciem</strong></span> <span class='ocrx_word' id='word_1_289' title='bbox 1687 2768 1943 2839; x_wconf 66' lang='lat' dir='ltr'><strong>apologia‘</strong></span> <span class='ocrx_word' id='word_1_290' title='bbox 1988 2783 2051 2819; x_wconf 89' lang='lat' dir='ltr'><strong>ac</strong></span> <span class='ocrx_word' id='word_1_291' title='bbox 2094 2767 2413 2835; x_wconf 73' lang='lat' dir='ltr'><strong>defensionis</strong></span> <span class='ocrx_word' id='word_1_292' title='bbox 2457 2769 2749 2821; x_wconf 86' lang='lat' dir='ltr'><strong>doctrinam</strong></span> <span class='ocrx_word' id='word_1_293' title='bbox 2792 2785 2944 2822; x_wconf 90' lang='lat' dir='ltr'><strong>suam</strong></span> <span class='ocrx_word' id='word_1_294' title='bbox 2974 2766 3338 2836; x_wconf 80' lang='lat' dir='ltr'><strong>composuerit,</strong></span> <span class='ocrx_word' id='word_1_295' title='bbox 3366 2780 3427 2818; x_wconf 90' lang='lat' dir='ltr'><strong>ne</strong></span> <span class='ocrx_word' id='word_1_296' title='bbox 3456 2763 3592 2817; x_wconf 77' lang='lat' dir='ltr'><strong>velut</strong></span> <span class='ocrx_word' id='word_1_297' title='bbox 3627 2774 3901 2830; x_wconf 84' lang='lat' dir='ltr'><strong>aggressor</strong></span> <span class='ocrx_word' id='word_1_298' title='bbox 3934 2756 4009 2809; x_wconf 81' lang='lat' dir='ltr'><strong>ri-</strong></span> 
     </span>
    </p>
   </div>
   <div class='ocr_carea' id='block_1_27' title="bbox 772 2852 4009 2937">
    <p class='ocr_par' dir='ltr' id='par_1_27' title="bbox 772 2852 4009 2937">
     <span class='ocr_line' id='line_1_27' title="bbox 772 2852 4009 2937; baseline -0.006 -15"><span class='ocrx_word' id='word_1_299' title='bbox 772 2870 960 2922; x_wconf 70' lang='lat' dir='ltr'><strong>deatur</strong></span> <span class='ocrx_word' id='word_1_300' title='bbox 986 2869 1231 2937; x_wconf 84' lang='lat' dir='ltr'><strong>dogmata</strong></span> <span class='ocrx_word' id='word_1_301' title='bbox 1262 2866 1422 2934; x_wconf 86' lang='lat' dir='ltr'><strong>impia</strong></span> <span class='ocrx_word' id='word_1_302' title='bbox 1453 2880 1731 2935; x_wconf 73' lang='lat' dir='ltr'><strong>exponere,</strong></span> <span class='ocrx_word' id='word_1_303' title='bbox 1764 2864 1852 2916; x_wconf 91' lang='lat' dir='ltr'><strong>sed</strong></span> <span class='ocrx_word' id='word_1_304' title='bbox 1883 2873 2092 2916; x_wconf 86' lang='lat' dir='ltr'><strong>coactus</strong></span> <span class='ocrx_word' id='word_1_305' title='bbox 2134 2863 2202 2914; x_wconf 80' lang='lat' dir='ltr'><strong>ad</strong></span> <span class='ocrx_word' id='word_1_306' title='bbox 2245 2862 2339 2915; x_wconf 73' lang='lat' dir='ltr'><strong>nos</strong></span> <span class='ocrx_word' id='word_1_307' title='bbox 2371 2877 2633 2915; x_wconf 87' lang='lat' dir='ltr'><strong>sermones</strong></span> <span class='ocrx_word' id='word_1_308' title='bbox 2675 2864 2961 2918; x_wconf 84' lang='lat' dir='ltr'><strong>devenisse.</strong></span> <span class='ocrx_word' id='word_1_309' title='bbox 3001 2864 3250 2933; x_wconf 79' lang='lat' dir='ltr'><strong>Cupiebat</strong></span> <span class='ocrx_word' id='word_1_310' title='bbox 3288 2859 3494 2930; x_wconf 84' lang='lat' dir='ltr'><strong>quidem</strong></span> <span class='ocrx_word' id='word_1_311' title='bbox 3529 2855 3667 2908; x_wconf 85' lang='lat' dir='ltr'><strong>omni</strong></span> <span class='ocrx_word' id='word_1_312' title='bbox 3708 2852 3861 2905; x_wconf 87' lang='lat' dir='ltr'><strong>modo</strong></span> <span class='ocrx_word' id='word_1_313' title='bbox 3889 2866 4009 2917; x_wconf 86' lang='lat' dir='ltr'><strong>pra-</strong></span> 
     </span>
    </p>
   </div>
   <div class='ocr_carea' id='block_1_28' title="bbox 774 2943 4008 3028">
    <p class='ocr_par' dir='ltr' id='par_1_28' title="bbox 774 2943 4008 3028">
     <span class='ocr_line' id='line_1_28' title="bbox 774 2943 4008 3028; baseline -0.006 -16"><span class='ocrx_word' id='word_1_314' title='bbox 774 2976 893 3013; x_wconf 70' lang='lat' dir='ltr'><strong>vum</strong></span> <span class='ocrx_word' id='word_1_315' title='bbox 920 2958 1050 3013; x_wconf 82' lang='lat' dir='ltr'><strong>illud</strong></span> <span class='ocrx_word' id='word_1_316' title='bbox 1083 2975 1144 3013; x_wconf 84' lang='lat' dir='ltr'><strong>ac</strong></span> <span class='ocrx_word' id='word_1_317' title='bbox 1172 2959 1394 3028; x_wconf 86' lang='lat' dir='ltr'><strong>impium</strong></span> <span class='ocrx_word' id='word_1_318' title='bbox 1427 2958 1615 3027; x_wconf 86' lang='lat' dir='ltr'><strong>dogma</strong></span> <span class='ocrx_word' id='word_1_319' title='bbox 1643 2953 2018 3025; x_wconf 81' lang='lat' dir='ltr'><strong>promulgare;</strong></span> <span class='ocrx_word' id='word_1_320' title='bbox 2050 2964 2098 3008; x_wconf 87' lang='lat' dir='ltr'><strong>et</strong></span> <span class='ocrx_word' id='word_1_321' title='bbox 2130 2970 2284 3023; x_wconf 88' lang='lat' dir='ltr'><strong>quam</strong></span> <span class='ocrx_word' id='word_1_322' title='bbox 2334 2953 2455 3006; x_wconf 89' lang='lat' dir='ltr'><strong>olim</strong></span> <span class='ocrx_word' id='word_1_323' title='bbox 2503 2966 2805 3016; x_wconf 85' lang='lat' dir='ltr'><strong>conceperat</strong></span> <span class='ocrx_word' id='word_1_324' title='bbox 2848 2973 2910 3008; x_wconf 87' lang='lat' dir='ltr'><strong>ac</strong></span> <span class='ocrx_word' id='word_1_325' title='bbox 2954 2966 3224 3025; x_wconf 80' lang='lat' dir='ltr'><strong>pepererat</strong></span> <span class='ocrx_word' id='word_1_326' title='bbox 3262 2949 3654 3019; x_wconf 80' lang='lat' dir='ltr'><strong>blasphemiam,</strong></span> <span class='ocrx_word' id='word_1_327' title='bbox 3690 2945 3921 3015; x_wconf 80' lang='lat' dir='ltr'><strong>proferre</strong></span> <span class='ocrx_word' id='word_1_328' title='bbox 3958 2943 4008 2993; x_wconf 83' lang='lat' dir='ltr'><strong>in</strong></span> 
     </span>
    </p>
   </div>
   <div class='ocr_carea' id='block_1_29' title="bbox 773 3041 4007 3116">
    <p class='ocr_par' dir='ltr' id='par_1_29' title="bbox 773 3041 4007 3116">
     <span class='ocr_line' id='line_1_29' title="bbox 773 3041 4007 3116; baseline -0.005 -13"><span class='ocrx_word' id='word_1_329' title='bbox 773 3053 999 3104; x_wconf 80' lang='lat' dir='ltr'><strong>medium</strong></span> <span class='ocrx_word' id='word_1_330' title='bbox 1033 3067 1051 3103; x_wconf 93' lang='lat'><em>:</em></span> <span class='ocrx_word' id='word_1_331' title='bbox 1082 3052 1172 3105; x_wconf 86' lang='lat' dir='ltr'><strong>sed</strong></span> <span class='ocrx_word' id='word_1_332' title='bbox 1211 3049 1412 3103; x_wconf 76' lang='lat' dir='ltr'><strong>videbat</strong></span> <span class='ocrx_word' id='word_1_333' title='bbox 1444 3049 1579 3116; x_wconf 78' lang='lat' dir='ltr'><strong>fore,</strong></span> <span class='ocrx_word' id='word_1_334' title='bbox 1611 3059 1663 3099; x_wconf 87' lang='lat' dir='ltr'><strong>ut</strong></span> <span class='ocrx_word' id='word_1_335' title='bbox 1702 3050 1745 3099; x_wconf 88' lang='lat' dir='ltr'><strong>si</strong></span> <span class='ocrx_word' id='word_1_336' title='bbox 1785 3059 1961 3116; x_wconf 83' lang='lat' dir='ltr'><strong>aperte</strong></span> <span class='ocrx_word' id='word_1_337' title='bbox 1995 3047 2224 3099; x_wconf 87' lang='lat' dir='ltr'><strong>doctoris</strong></span> <span class='ocrx_word' id='word_1_338' title='bbox 2256 3044 2423 3097; x_wconf 86' lang='lat' dir='ltr'><strong>locum</strong></span> <span class='ocrx_word' id='word_1_339' title='bbox 2463 3044 2729 3110; x_wconf 82' lang='lat' dir='ltr'><strong>arriperet,</strong></span> <span class='ocrx_word' id='word_1_340' title='bbox 2758 3056 3100 3115; x_wconf 75' lang='lat' dir='ltr'><strong>prttterquam</strong></span> <span class='ocrx_word' id='word_1_341' title='bbox 3132 3047 3269 3111; x_wconf 89' lang='lat' dir='ltr'><strong>quod</strong></span> <span class='ocrx_word' id='word_1_342' title='bbox 3298 3047 3352 3095; x_wconf 97' lang='lat' dir='ltr'><strong>id</strong></span> <span class='ocrx_word' id='word_1_343' title='bbox 3381 3058 3534 3111; x_wconf 81' lang='lat' dir='ltr'><strong>grave</strong></span> <span class='ocrx_word' id='word_1_344' title='bbox 3564 3041 3845 3092; x_wconf 80' lang='lat' dir='ltr'><strong>admodum</strong></span> <span class='ocrx_word' id='word_1_345' title='bbox 3883 3045 4007 3088; x_wconf 80' lang='lat' dir='ltr'><strong>esset</strong></span> 
     </span>
    </p>
   </div>
   <div class='ocr_carea' id='block_1_30' title="bbox 774 3134 4007 3212">
    <p class='ocr_par' dir='ltr' id='par_1_30' title="bbox 774 3134 4007 3212">
     <span class='ocr_line' id='line_1_30' title="bbox 774 3134 4007 3212; baseline -0.005 -12"><span class='ocrx_word' id='word_1_346' title='bbox 774 3163 839 3200; x_wconf 76' lang='lat' dir='ltr'><strong>ac</strong></span> <span class='ocrx_word' id='word_1_347' title='bbox 867 3145 1142 3200; x_wconf 86' lang='lat' dir='ltr'><strong>molestum</strong></span> <span class='ocrx_word' id='word_1_348' title='bbox 1174 3144 1530 3207; x_wconf 82' lang='lat' dir='ltr'><strong>audientibus,</strong></span> <span class='ocrx_word' id='word_1_349' title='bbox 1553 3151 1806 3212; x_wconf 73' lang='lat' dir='ltr'><strong>pra&#39;terea</strong></span> <span class='ocrx_word' id='word_1_350' title='bbox 1832 3158 1885 3195; x_wconf 89' lang='lat' dir='ltr'><strong>se</strong></span> <span class='ocrx_word' id='word_1_351' title='bbox 1917 3144 2070 3193; x_wconf 89' lang='lat' dir='ltr'><strong>etiam</strong></span> <span class='ocrx_word' id='word_1_352' title='bbox 2114 3141 2216 3207; x_wconf 80' lang='lat' dir='ltr'><strong>ﬁde</strong></span> <span class='ocrx_word' id='word_1_353' title='bbox 2242 3140 2514 3207; x_wconf 85' lang='lat' dir='ltr'><strong>indignum</strong></span> <span class='ocrx_word' id='word_1_354' title='bbox 2550 3155 2613 3192; x_wconf 83' lang='lat' dir='ltr'><strong>ac</strong></span> <span class='ocrx_word' id='word_1_355' title='bbox 2652 3152 2945 3205; x_wconf 76' lang='lat' dir='ltr'><strong>suspectum</strong></span> <span class='ocrx_word' id='word_1_356' title='bbox 2978 3142 3117 3209; x_wconf 88' lang='lat' dir='ltr'><strong>apud</strong></span> <span class='ocrx_word' id='word_1_357' title='bbox 3156 3140 3426 3211; x_wconf 86' lang='lat' dir='ltr'><strong>plerosque</strong></span> <span class='ocrx_word' id='word_1_358' title='bbox 3462 3138 3720 3196; x_wconf 78' lang='lat' dir='ltr'><strong>redderet,</strong></span> <span class='ocrx_word' id='word_1_359' title='bbox 3746 3134 3835 3202; x_wconf 86' lang='lat' dir='ltr'><strong>qui</strong></span> <span class='ocrx_word' id='word_1_360' title='bbox 3867 3134 4007 3184; x_wconf 74' lang='lat' dir='ltr'><strong>ride-</strong></span> 
     </span>
    </p>
   </div>
   <div class='ocr_carea' id='block_1_31' title="bbox 772 3224 4007 3317">
    <p class='ocr_par' dir='ltr' id='par_1_31' title="bbox 772 3224 4007 3317">
     <span class='ocr_line' id='line_1_31' title="bbox 772 3224 4007 3317; baseline -0.004 -21"><span class='ocrx_word' id='word_1_361' title='bbox 772 3248 890 3300; x_wconf 86' lang='lat' dir='ltr'><strong>h’eet</strong></span> <span class='ocrx_word' id='word_1_362' title='bbox 922 3246 1106 3317; x_wconf 76' lang='lat' dir='ltr'><strong>glorise</strong></span> <span class='ocrx_word' id='word_1_363' title='bbox 1136 3247 1423 3315; x_wconf 87' lang='lat' dir='ltr'><strong>cupiditate</strong></span> <span class='ocrx_word' id='word_1_364' title='bbox 1453 3259 1728 3313; x_wconf 82' lang='lat' dir='ltr'><strong>aggressus</strong></span> <span class='ocrx_word' id='word_1_365' title='bbox 1763 3251 1893 3296; x_wconf 86' lang='lat' dir='ltr'><strong>esset</strong></span> <span class='ocrx_word' id='word_1_366' title='bbox 1942 3243 2213 3296; x_wconf 64' lang='lat' dir='ltr'><strong>innovare.</strong></span> <span class='ocrx_word' id='word_1_367' title='bbox 2250 3240 2347 3296; x_wconf 87' lang='lat' dir='ltr'><strong>Sin</strong></span> <span class='ocrx_word' id='word_1_368' title='bbox 2387 3252 2560 3295; x_wconf 85' lang='lat' dir='ltr'><strong>autem</strong></span> <span class='ocrx_word' id='word_1_369' title='bbox 2594 3243 2842 3297; x_wconf 79' lang='lat' dir='ltr'><strong>simulata</strong></span> <span class='ocrx_word' id='word_1_370' title='bbox 2884 3244 3123 3315; x_wconf 85' lang='lat' dir='ltr'><strong>apologia</strong></span> <span class='ocrx_word' id='word_1_371' title='bbox 3154 3240 3305 3298; x_wconf 78' lang='lat' dir='ltr'><strong>verba</strong></span> <span class='ocrx_word' id='word_1_372' title='bbox 3342 3236 3555 3305; x_wconf 77' lang='lat' dir='ltr'><strong>faceret,</strong></span> <span class='ocrx_word' id='word_1_373' title='bbox 3585 3240 3630 3282; x_wconf 87' lang='lat' dir='ltr'><strong>et</strong></span> <span class='ocrx_word' id='word_1_374' title='bbox 3666 3224 4007 3278; x_wconf 70' lang='grc' dir='ltr'><strong>ἱηηοναιὶυηὶε</strong></span> 
     </span>
    </p>
   </div>
   <div class='ocr_carea' id='block_1_32' title="bbox 772 3325 4006 3411">
    <p class='ocr_par' dir='ltr' id='par_1_32' title="bbox 772 3325 4006 3411">
     <span class='ocr_line' id='line_1_32' title="bbox 772 3325 4006 3411; baseline -0.007 -19"><span class='ocrx_word' id='word_1_375' title='bbox 772 3354 827 3391; x_wconf 81' lang='lat' dir='ltr'><strong>se</strong></span> <span class='ocrx_word' id='word_1_376' title='bbox 854 3338 1201 3407; x_wconf 74' lang='lat' dir='ltr'><strong>suspicionem</strong></span> <span class='ocrx_word' id='word_1_377' title='bbox 1244 3352 1515 3393; x_wconf 73' lang='lat' dir='ltr'><strong>erasurum</strong></span> <span class='ocrx_word' id='word_1_378' title='bbox 1559 3334 1801 3409; x_wconf 76' lang='lat' dir='ltr'><strong>putabat,</strong></span> <span class='ocrx_word' id='word_1_379' title='bbox 1833 3350 1878 3394; x_wconf 89' lang='lat' dir='ltr'><strong>et</strong></span> <span class='ocrx_word' id='word_1_380' title='bbox 1919 3339 2017 3393; x_wconf 84' lang='lat' dir='ltr'><strong>hoc</strong></span> <span class='ocrx_word' id='word_1_381' title='bbox 2052 3350 2207 3411; x_wconf 88' lang='lat' dir='ltr'><strong>pacto</strong></span> <span class='ocrx_word' id='word_1_382' title='bbox 2249 3341 2519 3395; x_wconf 77' lang='lat' dir='ltr'><strong>auditores</strong></span> <span class='ocrx_word' id='word_1_383' title='bbox 2566 3343 2733 3411; x_wconf 81' lang='lat' dir='ltr'><strong>magis</strong></span> <span class='ocrx_word' id='word_1_384' title='bbox 2789 3342 3121 3405; x_wconf 85' lang='lat' dir='ltr'><strong>allecturum,</strong></span> <span class='ocrx_word' id='word_1_385' title='bbox 3154 3356 3268 3393; x_wconf 87' lang='lat' dir='ltr'><strong>cum</strong></span> <span class='ocrx_word' id='word_1_386' title='bbox 3312 3336 3512 3389; x_wconf 78' lang='lat' dir='ltr'><strong>soleant</strong></span> <span class='ocrx_word' id='word_1_387' title='bbox 3560 3325 3792 3379; x_wconf 83' lang='lat' dir='ltr'><strong>homines</strong></span> <span class='ocrx_word' id='word_1_388' title='bbox 3836 3334 4006 3374; x_wconf 83' lang='lat' dir='ltr'><strong>omnes</strong></span> 
     </span>
    </p>
   </div>
   <div class='ocr_carea' id='block_1_33' title="bbox 773 3414 4005 3502">
    <p class='ocr_par' dir='ltr' id='par_1_33' title="bbox 773 3414 4005 3502">
     <span class='ocr_line' id='line_1_33' title="bbox 773 3414 4005 3502; baseline -0.006 -21"><span class='ocrx_word' id='word_1_389' title='bbox 773 3438 959 3495; x_wconf 70' lang='lat' dir='ltr'><strong>suapte</strong></span> <span class='ocrx_word' id='word_1_390' title='bbox 992 3438 1184 3484; x_wconf 84' lang='lat' dir='ltr'><strong>natura</strong></span> <span class='ocrx_word' id='word_1_391' title='bbox 1218 3431 1473 3485; x_wconf 85' lang='lat' dir='ltr'><strong>lacessitis</strong></span> <span class='ocrx_word' id='word_1_392' title='bbox 1498 3432 1692 3501; x_wconf 59' lang='lat' dir='ltr'><strong>fatere.</strong></span> <span class='ocrx_word' id='word_1_393' title='bbox 1734 3431 1896 3487; x_wconf 84' lang='lat' dir='ltr'><strong>Plura</strong></span> <span class='ocrx_word' id='word_1_394' title='bbox 1928 3432 2017 3502; x_wconf 87' lang='lat' dir='ltr'><strong>qui</strong></span> <span class='ocrx_word' id='word_1_395' title='bbox 2065 3432 2230 3498; x_wconf 85' lang='lat' dir='ltr'><strong>volet,</strong></span> <span class='ocrx_word' id='word_1_396' title='bbox 2264 3447 2545 3486; x_wconf 88' lang='lat' dir='ltr'><strong>numerum</strong></span> <span class='ocrx_word' id='word_1_397' title='bbox 2592 3433 2885 3485; x_wconf 88' lang='lat' dir='ltr'><strong>secundum</strong></span> <span class='ocrx_word' id='word_1_398' title='bbox 2922 3448 3025 3501; x_wconf 91' lang='lat' dir='ltr'><strong>quo</strong></span> <span class='ocrx_word' id='word_1_399' title='bbox 3055 3430 3283 3485; x_wconf 83' lang='lat' dir='ltr'><strong>Basilius</strong></span> <span class='ocrx_word' id='word_1_400' title='bbox 3317 3424 3513 3480; x_wconf 89' lang='lat' dir='ltr'><strong>malam</strong></span> <span class='ocrx_word' id='word_1_401' title='bbox 3545 3414 3795 3472; x_wconf 80' lang='lat' dir='ltr'><strong>Funomii</strong></span> <span class='ocrx_word' id='word_1_402' title='bbox 3837 3420 4005 3466; x_wconf 79' lang='lat' dir='ltr'><strong>artem</strong></span> 
     </span>
    </p>
   </div>
   <div class='ocr_carea' id='block_1_34' title="bbox 778 3521 1631 3590">
    <p class='ocr_par' dir='ltr' id='par_1_34' title="bbox 778 3521 1631 3590">
     <span class='ocr_line' id='line_1_34' title="bbox 778 3521 1631 3590; baseline 0.011 -24"><span class='ocrx_word' id='word_1_403' title='bbox 778 3522 894 3572; x_wconf 86' lang='lat' dir='ltr'><strong>tuse</strong></span> <span class='ocrx_word' id='word_1_404' title='bbox 920 3521 1180 3590; x_wconf 73' lang='lat' dir='ltr'><strong>exagitat,</strong></span> <span class='ocrx_word' id='word_1_405' title='bbox 1214 3522 1389 3589; x_wconf 74' lang='lat' dir='ltr'><strong>legere</strong></span> <span class='ocrx_word' id='word_1_406' title='bbox 1413 3523 1631 3590; x_wconf 90' lang='lat' dir='ltr'><strong>poterit.</strong></span> 
     </span>
    </p>
   </div>
   <div class='ocr_carea' id='block_1_35' title="bbox 844 3603 4003 3683">
    <p class='ocr_par' dir='ltr' id='par_1_35' title="bbox 844 3603 4003 3683">
     <span class='ocr_line' id='line_1_35' title="bbox 844 3603 4003 3683; baseline -0.002 -21"><span class='ocrx_word' id='word_1_407' title='bbox 844 3609 897 3662; x_wconf 79' lang='lat'><strong>5.</strong></span> <span class='ocrx_word' id='word_1_408' title='bbox 938 3609 1014 3663; x_wconf 89' lang='lat' dir='ltr'><strong>De</strong></span> <span class='ocrx_word' id='word_1_409' title='bbox 1044 3622 1283 3681; x_wconf 89' lang='lat' dir='ltr'><strong>tempore</strong></span> <span class='ocrx_word' id='word_1_410' title='bbox 1314 3622 1492 3667; x_wconf 86' lang='lat' dir='ltr'><strong>autem</strong></span> <span class='ocrx_word' id='word_1_411' title='bbox 1530 3626 1636 3682; x_wconf 90' lang='lat' dir='ltr'><strong>quo</strong></span> <span class='ocrx_word' id='word_1_412' title='bbox 1665 3613 1738 3666; x_wconf 91' lang='lat' dir='ltr'><strong>illi</strong></span> <span class='ocrx_word' id='word_1_413' title='bbox 1770 3612 1892 3667; x_wconf 88' lang='lat' dir='ltr'><strong>libri</strong></span> <span class='ocrx_word' id='word_1_414' title='bbox 1923 3613 2215 3683; x_wconf 85' lang='lat' dir='ltr'><strong>conscripti</strong></span> <span class='ocrx_word' id='word_1_415' title='bbox 2243 3614 2351 3669; x_wconf 89' lang='lat' dir='ltr'><strong>sint</strong></span> <span class='ocrx_word' id='word_1_416' title='bbox 2378 3629 2407 3667; x_wconf 89' lang='lat' dir='ltr'><strong>a</strong></span> <span class='ocrx_word' id='word_1_417' title='bbox 2445 3613 2661 3678; x_wconf 84' lang='lat' dir='ltr'><strong>Basilio,</strong></span> <span class='ocrx_word' id='word_1_418' title='bbox 2697 3614 2829 3669; x_wconf 90' lang='lat' dir='ltr'><strong>nihil</strong></span> <span class='ocrx_word' id='word_1_419' title='bbox 2865 3614 3007 3669; x_wconf 88' lang='lat' dir='ltr'><strong>aliud</strong></span> <span class='ocrx_word' id='word_1_420' title='bbox 3037 3614 3214 3670; x_wconf 85' lang='lat' dir='ltr'><strong>dicere</strong></span> <span class='ocrx_word' id='word_1_421' title='bbox 3244 3614 3526 3676; x_wconf 88' lang='lat' dir='ltr'><strong>habemus,</strong></span> <span class='ocrx_word' id='word_1_422' title='bbox 3558 3609 3658 3663; x_wconf 91' lang='lat' dir='ltr'><strong>nisi</strong></span> <span class='ocrx_word' id='word_1_423' title='bbox 3697 3603 3840 3676; x_wconf 87' lang='lat' dir='ltr'><strong>quod</strong></span> <span class='ocrx_word' id='word_1_424' title='bbox 3876 3617 4003 3657; x_wconf 83' lang='lat' dir='ltr'><strong>con-</strong></span> 
     </span>
    </p>
   </div>
   <div class='ocr_carea' id='block_1_36' title="bbox 774 3696 4007 3775">
    <p class='ocr_par' dir='ltr' id='par_1_36' title="bbox 774 3696 4007 3775">
     <span class='ocr_line' id='line_1_36' title="bbox 774 3696 4007 3775; baseline -0.002 -21"><span class='ocrx_word' id='word_1_425' title='bbox 774 3697 947 3757; x_wconf 77' lang='lat' dir='ltr'><strong>iectas</strong></span> <span class='ocrx_word' id='word_1_426' title='bbox 974 3716 1099 3759; x_wconf 89' lang='lat' dir='ltr'><strong>esse</strong></span> <span class='ocrx_word' id='word_1_427' title='bbox 1125 3719 1215 3758; x_wconf 89' lang='lat' dir='ltr'><strong>eos</strong></span> <span class='ocrx_word' id='word_1_428' title='bbox 1245 3704 1313 3758; x_wconf 91' lang='lat' dir='ltr'><strong>ab</strong></span> <span class='ocrx_word' id='word_1_429' title='bbox 1339 3704 1455 3774; x_wconf 87' lang='lat' dir='ltr'><strong>ipso</strong></span> <span class='ocrx_word' id='word_1_430' title='bbox 1483 3712 1696 3761; x_wconf 88' lang='lat' dir='ltr'><strong>constet</strong></span> <span class='ocrx_word' id='word_1_431' title='bbox 1723 3715 1849 3759; x_wconf 85' lang='lat' dir='ltr'><strong>ante</strong></span> <span class='ocrx_word' id='word_1_432' title='bbox 1872 3705 2265 3775; x_wconf 87' lang='lat' dir='ltr'><strong>episcopatum,</strong></span> <span class='ocrx_word' id='word_1_433' title='bbox 2302 3706 2344 3759; x_wconf 91' lang='lat' dir='ltr'><strong>si</strong></span> <span class='ocrx_word' id='word_1_434' title='bbox 2373 3706 2531 3760; x_wconf 92' lang='lat' dir='ltr'><strong>modo</strong></span> <span class='ocrx_word' id='word_1_435' title='bbox 2556 3704 2747 3762; x_wconf 83' lang='lat' dir='ltr'><strong>Photio</strong></span> <span class='ocrx_word' id='word_1_436' title='bbox 2770 3708 2989 3761; x_wconf 87' lang='lat' dir='ltr'><strong>credere</strong></span> <span class='ocrx_word' id='word_1_437' title='bbox 3016 3708 3261 3761; x_wconf 77' lang='lat' dir='ltr'><strong>velimus.</strong></span> <span class='ocrx_word' id='word_1_438' title='bbox 3296 3706 3478 3761; x_wconf 76' lang='lat' dir='ltr'><strong>ltelert</strong></span> <span class='ocrx_word' id='word_1_439' title='bbox 3510 3705 3651 3757; x_wconf 89' lang='lat' dir='ltr'><strong>enim</strong></span> <span class='ocrx_word' id='word_1_440' title='bbox 3682 3696 4007 3768; x_wconf 81' lang='lat' dir='ltr'><strong>olympiades</strong></span> 
     </span>
    </p>
   </div>
   <div class='ocr_carea' id='block_1_37' title="bbox 775 3791 4006 3866">
    <p class='ocr_par' dir='ltr' id='par_1_37' title="bbox 775 3791 4006 3866">
     <span class='ocr_line' id='line_1_37' title="bbox 775 3791 4006 3866; baseline -0.003 -22"><span class='ocrx_word' id='word_1_441' title='bbox 775 3791 971 3849; x_wconf 80' lang='lat' dir='ltr'><strong>multas</strong></span> <span class='ocrx_word' id='word_1_442' title='bbox 996 3794 1346 3865; x_wconf 87' lang='lat' dir='ltr'><strong>iusumpsisse</strong></span> <span class='ocrx_word' id='word_1_443' title='bbox 1373 3795 1690 3852; x_wconf 84' lang='lat' dir='ltr'><strong>Eunomium</strong></span> <span class='ocrx_word' id='word_1_444' title='bbox 1726 3796 1777 3850; x_wconf 90' lang='lat' dir='ltr'><strong>in</strong></span> <span class='ocrx_word' id='word_1_445' title='bbox 1810 3796 1877 3851; x_wconf 82' lang='lat' dir='ltr'><strong>iis</strong></span> <span class='ocrx_word' id='word_1_446' title='bbox 1902 3796 2267 3863; x_wconf 81' lang='lat' dir='ltr'><strong>conlutundis,</strong></span> <span class='ocrx_word' id='word_1_447' title='bbox 2292 3796 2544 3866; x_wconf 87' lang='lat' dir='ltr'><strong>illamque</strong></span> <span class='ocrx_word' id='word_1_448' title='bbox 2566 3812 2717 3851; x_wconf 89' lang='lat' dir='ltr'><strong>suam</strong></span> <span class='ocrx_word' id='word_1_449' title='bbox 2749 3798 3157 3866; x_wconf 88' lang='lat' dir='ltr'><strong>responsionem</strong></span> <span class='ocrx_word' id='word_1_450' title='bbox 3195 3798 3377 3849; x_wconf 90' lang='lat' dir='ltr'><strong>statim</strong></span> <span class='ocrx_word' id='word_1_451' title='bbox 3412 3804 3530 3864; x_wconf 90' lang='lat' dir='ltr'><strong>post</strong></span> <span class='ocrx_word' id='word_1_452' title='bbox 3562 3792 3743 3846; x_wconf 85' lang='lat' dir='ltr'><strong>Basilii</strong></span> <span class='ocrx_word' id='word_1_453' title='bbox 3781 3795 4006 3842; x_wconf 87' lang='lat' dir='ltr'><strong>mortem</strong></span> 
     </span>
    </p>
   </div>
   <div class='ocr_carea' id='block_1_38' title="bbox 770 3888 4004 3966">
    <p class='ocr_par' dir='ltr' id='par_1_38' title="bbox 770 3888 4004 3966">
     <span class='ocr_line' id='line_1_38' title="bbox 770 3888 4004 3966; baseline -0.003 -22"><span class='ocrx_word' id='word_1_454' title='bbox 770 3892 1162 3964; x_wconf 68' lang='lat' dir='ltr'><strong>promulgasse.</strong></span> <span class='ocrx_word' id='word_1_455' title='bbox 1196 3892 1319 3949; x_wconf 65' lang='grc' dir='ltr'>Πίος</span> <span class='ocrx_word' id='word_1_456' title='bbox 1359 3904 1538 3949; x_wconf 83' lang='lat' dir='ltr'><strong>autem</strong></span> <span class='ocrx_word' id='word_1_457' title='bbox 1591 3908 1927 3965; x_wconf 82' lang='lat' dir='ltr'><strong>nequaquam</strong></span> <span class='ocrx_word' id='word_1_458' title='bbox 1967 3894 2083 3949; x_wconf 85' lang='lat' dir='ltr'><strong>fieri</strong></span> <span class='ocrx_word' id='word_1_459' title='bbox 2133 3895 2455 3966; x_wconf 85' lang='lat' dir='ltr'><strong>potuissent,</strong></span> <span class='ocrx_word' id='word_1_460' title='bbox 2486 3893 2587 3949; x_wconf 89' lang='lat' dir='ltr'><strong>nisi</strong></span> <span class='ocrx_word' id='word_1_461' title='bbox 2637 3910 2771 3966; x_wconf 84' lang='lat' dir='ltr'><strong>epus</strong></span> <span class='ocrx_word' id='word_1_462' title='bbox 2813 3909 2967 3950; x_wconf 91' lang='lat' dir='ltr'><strong>suum</strong></span> <span class='ocrx_word' id='word_1_463' title='bbox 3008 3894 3238 3949; x_wconf 85' lang='lat' dir='ltr'><strong>Basilius</strong></span> <span class='ocrx_word' id='word_1_464' title='bbox 3276 3893 3326 3945; x_wconf 92' lang='lat' dir='ltr'><strong>in</strong></span> <span class='ocrx_word' id='word_1_465' title='bbox 3368 3893 3542 3945; x_wconf 91' lang='lat' dir='ltr'><strong>lucem</strong></span> <span class='ocrx_word' id='word_1_466' title='bbox 3576 3888 3836 3944; x_wconf 88' lang='lat' dir='ltr'><strong>edidisset</strong></span> <span class='ocrx_word' id='word_1_467' title='bbox 3882 3892 4004 3936; x_wconf 86' lang='lat' dir='ltr'><strong>ante</strong></span> 
     </span>
    </p>
   </div>
   <div class='ocr_carea' id='block_1_39' title="bbox 773 3977 4002 4065">
    <p class='ocr_par' dir='ltr' id='par_1_39' title="bbox 773 3977 4002 4065">
     <span class='ocr_line' id='line_1_39' title="bbox 773 3977 4002 4065; baseline -0.005 -23"><span class='ocrx_word' id='word_1_468' title='bbox 773 3987 1136 4059; x_wconf 75' lang='lat' dir='ltr'><strong>episcopatum</strong></span> <span class='ocrx_word' id='word_1_469' title='bbox 1168 4004 1183 4042; x_wconf 92' lang='lat'><strong>:</strong></span> <span class='ocrx_word' id='word_1_470' title='bbox 1215 4001 1374 4058; x_wconf 87' lang='lat' dir='ltr'><strong>quem</strong></span> <span class='ocrx_word' id='word_1_471' title='bbox 1403 3991 1586 4049; x_wconf 85' lang='lat' dir='ltr'><strong>multis</strong></span> <span class='ocrx_word' id='word_1_472' title='bbox 1618 3992 2013 4065; x_wconf 84' lang='lat' dir='ltr'><strong>olympiadibus</strong></span> <span class='ocrx_word' id='word_1_473' title='bbox 2040 3992 2346 4049; x_wconf 86' lang='lat' dir='ltr'><strong>breviorem</strong></span> <span class='ocrx_word' id='word_1_474' title='bbox 2388 3990 2554 4047; x_wconf 88' lang='lat' dir='ltr'><strong>fuisse</strong></span> <span class='ocrx_word' id='word_1_475' title='bbox 2586 4004 2774 4046; x_wconf 87' lang='lat' dir='ltr'><strong>omnes</strong></span> <span class='ocrx_word' id='word_1_476' title='bbox 2810 3990 3152 4044; x_wconf 87' lang='lat' dir='ltr'><strong>conlitentur.</strong></span> <span class='ocrx_word' id='word_1_477' title='bbox 3188 3985 3410 4042; x_wconf 82' lang='lat' dir='ltr'><strong>Accedit</strong></span> <span class='ocrx_word' id='word_1_478' title='bbox 3454 3983 3639 4046; x_wconf 90' lang='lat' dir='ltr'><strong>etiam,</strong></span> <span class='ocrx_word' id='word_1_479' title='bbox 3667 3978 3809 4047; x_wconf 85' lang='lat' dir='ltr'><strong>quod</strong></span> <span class='ocrx_word' id='word_1_480' title='bbox 3855 3977 4002 4030; x_wconf 85' lang='lat' dir='ltr'><strong>Basi-</strong></span> 
     </span>
    </p>
   </div>
   <div class='ocr_carea' id='block_1_40' title="bbox 775 4071 4003 4159">
    <p class='ocr_par' dir='ltr' id='par_1_40' title="bbox 775 4071 4003 4159">
     <span class='ocr_line' id='line_1_40' title="bbox 775 4071 4003 4159; baseline -0.003 -23"><span class='ocrx_word' id='word_1_481' title='bbox 775 4082 897 4145; x_wconf 82' lang='lat' dir='ltr'><strong>lius,</strong></span> <span class='ocrx_word' id='word_1_482' title='bbox 926 4091 985 4136; x_wconf 88' lang='lat' dir='ltr'><strong>ut</strong></span> <span class='ocrx_word' id='word_1_483' title='bbox 1018 4097 1081 4138; x_wconf 80' lang='lat' dir='ltr'><strong>ex</strong></span> <span class='ocrx_word' id='word_1_484' title='bbox 1116 4082 1271 4138; x_wconf 75' lang='lat' dir='ltr'><strong>iultio</strong></span> <span class='ocrx_word' id='word_1_485' title='bbox 1298 4083 1421 4139; x_wconf 85' lang='lat' dir='ltr'><strong>libri</strong></span> <span class='ocrx_word' id='word_1_486' title='bbox 1454 4088 1613 4154; x_wconf 84' lang='lat' dir='ltr'><strong>primi</strong></span> <span class='ocrx_word' id='word_1_487' title='bbox 1649 4098 1816 4159; x_wconf 84' lang='lat' dir='ltr'><strong>patet,</strong></span> <span class='ocrx_word' id='word_1_488' title='bbox 1848 4088 2111 4144; x_wconf 88' lang='lat' dir='ltr'><strong>nihildum</strong></span> <span class='ocrx_word' id='word_1_489' title='bbox 2159 4088 2454 4157; x_wconf 84' lang='lat' dir='ltr'><strong>scripserat</strong></span> <span class='ocrx_word' id='word_1_490' title='bbox 2495 4088 2757 4141; x_wconf 84' lang='lat' dir='ltr'><strong>adversus</strong></span> <span class='ocrx_word' id='word_1_491' title='bbox 2791 4083 3075 4140; x_wconf 59' lang='lat' dir='ltr'><strong>haereticos</strong></span> <span class='ocrx_word' id='word_1_492' title='bbox 3107 4094 3237 4147; x_wconf 93' lang='lat' dir='ltr'><strong>tum,</strong></span> <span class='ocrx_word' id='word_1_493' title='bbox 3274 4096 3397 4135; x_wconf 92' lang='lat' dir='ltr'><strong>cum</strong></span> <span class='ocrx_word' id='word_1_494' title='bbox 3430 4079 3779 4134; x_wconf 73' lang='lat' dir='ltr'><strong>Eunomiauze</strong></span> <span class='ocrx_word' id='word_1_495' title='bbox 3812 4071 4003 4129; x_wconf 69' lang='lat' dir='ltr'><strong>haeresi</strong></span> 
     </span>
    </p>
   </div>
   <div class='ocr_carea' id='block_1_41' title="bbox 773 4172 4002 4253">
    <p class='ocr_par' dir='ltr' id='par_1_41' title="bbox 773 4172 4002 4253">
     <span class='ocr_line' id='line_1_41' title="bbox 773 4172 4002 4253; baseline -0.002 -24"><span class='ocrx_word' id='word_1_496' title='bbox 773 4174 1117 4246; x_wconf 66' lang='lat' dir='ltr'><strong>proﬂiganda:</strong></span> <span class='ocrx_word' id='word_1_497' title='bbox 1146 4190 1366 4243; x_wconf 83' lang='lat' dir='ltr'><strong>operam</strong></span> <span class='ocrx_word' id='word_1_498' title='bbox 1411 4180 1651 4234; x_wconf 83' lang='lat' dir='ltr'><strong>navavit.</strong></span> <span class='ocrx_word' id='word_1_499' title='bbox 1685 4182 1837 4248; x_wconf 87' lang='lat' dir='ltr'><strong>Quod</strong></span> <span class='ocrx_word' id='word_1_500' title='bbox 1868 4191 2188 4253; x_wconf 75' lang='lat' dir='ltr'><strong>argumento</strong></span> <span class='ocrx_word' id='word_1_501' title='bbox 2223 4190 2327 4249; x_wconf 91' lang='lat' dir='ltr'><strong>est,</strong></span> <span class='ocrx_word' id='word_1_502' title='bbox 2356 4197 2502 4247; x_wconf 90' lang='lat' dir='ltr'><strong>eum,</strong></span> <span class='ocrx_word' id='word_1_503' title='bbox 2533 4196 2656 4235; x_wconf 90' lang='lat' dir='ltr'><strong>cum</strong></span> <span class='ocrx_word' id='word_1_504' title='bbox 2704 4187 2847 4233; x_wconf 83' lang='lat' dir='ltr'><strong>esset</strong></span> <span class='ocrx_word' id='word_1_505' title='bbox 2876 4180 3080 4246; x_wconf 88' lang='lat' dir='ltr'><strong>junior,</strong></span> <span class='ocrx_word' id='word_1_506' title='bbox 3110 4179 3209 4231; x_wconf 89' lang='lat' dir='ltr'><strong>hoc</strong></span> <span class='ocrx_word' id='word_1_507' title='bbox 3244 4176 3422 4246; x_wconf 78' lang='lat' dir='ltr'><strong>Operis</strong></span> <span class='ocrx_word' id='word_1_508' title='bbox 3471 4174 3791 4244; x_wconf 83' lang='lat' dir='ltr'><strong>suscepisse.</strong></span> <span class='ocrx_word' id='word_1_509' title='bbox 3829 4172 4002 4236; x_wconf 81' lang='lat' dir='ltr'><strong>Quan—</strong></span> 
     </span>
    </p>
   </div>
   <div class='ocr_carea' id='block_1_42' title="bbox 772 4271 4001 4345">
    <p class='ocr_par' dir='ltr' id='par_1_42' title="bbox 772 4271 4001 4345">
     <span class='ocr_line' id='line_1_42' title="bbox 772 4271 4001 4345; baseline 0 -23"><span class='ocrx_word' id='word_1_510' title='bbox 772 4284 933 4338; x_wconf 76' lang='lat' dir='ltr'><strong>quam</strong></span> <span class='ocrx_word' id='word_1_511' title='bbox 976 4277 1181 4335; x_wconf 85' lang='lat' dir='ltr'><strong>autem,</strong></span> <span class='ocrx_word' id='word_1_512' title='bbox 1215 4280 1271 4325; x_wconf 88' lang='lat' dir='ltr'><strong>ut</strong></span> <span class='ocrx_word' id='word_1_513' title='bbox 1320 4271 1435 4342; x_wconf 80' lang='lat' dir='ltr'><strong>ipse</strong></span> <span class='ocrx_word' id='word_1_514' title='bbox 1486 4273 1579 4338; x_wconf 86' lang='lat' dir='ltr'><strong>ait,</strong></span> <span class='ocrx_word' id='word_1_515' title='bbox 1609 4272 1664 4329; x_wconf 81' lang='lat' dir='ltr'><strong>in</strong></span> <span class='ocrx_word' id='word_1_516' title='bbox 1708 4274 1812 4330; x_wconf 85' lang='lat' dir='ltr'><strong>hoc</strong></span> <span class='ocrx_word' id='word_1_517' title='bbox 1857 4276 2127 4330; x_wconf 77' lang='lat' dir='ltr'><strong>scribendi</strong></span> <span class='ocrx_word' id='word_1_518' title='bbox 2167 4290 2364 4345; x_wconf 70' lang='lat' dir='ltr'><strong>genere</strong></span> <span class='ocrx_word' id='word_1_519' title='bbox 2398 4275 2787 4329; x_wconf 81' lang='lat' dir='ltr'><strong>inexercitatus</strong></span> <span class='ocrx_word' id='word_1_520' title='bbox 2818 4282 2957 4336; x_wconf 89' lang='lat' dir='ltr'><strong>erat,</strong></span> <span class='ocrx_word' id='word_1_521' title='bbox 2987 4286 3053 4325; x_wconf 91' lang='lat' dir='ltr'><strong>eo</strong></span> <span class='ocrx_word' id='word_1_522' title='bbox 3086 4281 3260 4325; x_wconf 90' lang='lat' dir='ltr'><strong>tamen</strong></span> <span class='ocrx_word' id='word_1_523' title='bbox 3292 4288 3543 4328; x_wconf 86' lang='lat' dir='ltr'><strong>successu</strong></span> <span class='ocrx_word' id='word_1_524' title='bbox 3574 4289 3684 4326; x_wconf 91' lang='lat' dir='ltr'><strong>rem</strong></span> <span class='ocrx_word' id='word_1_525' title='bbox 3716 4273 3902 4342; x_wconf 76' lang='lat' dir='ltr'><strong>gessit,</strong></span> <span class='ocrx_word' id='word_1_526' title='bbox 3930 4280 4001 4332; x_wconf 86' lang='lat' dir='ltr'><strong>ut,</strong></span> 
     </span>
    </p>
   </div>
   <div class='ocr_carea' id='block_1_43' title="bbox 774 4365 4002 4439">
    <p class='ocr_par' dir='ltr' id='par_1_43' title="bbox 774 4365 4002 4439">
     <span class='ocr_line' id='line_1_43' title="bbox 774 4365 4002 4439; baseline -0.001 -20"><span class='ocrx_word' id='word_1_527' title='bbox 774 4365 879 4421; x_wconf 82' lang='lat' dir='ltr'><strong>nisi</strong></span> <span class='ocrx_word' id='word_1_528' title='bbox 926 4366 1342 4423; x_wconf 72' lang='lat' dir='ltr'><strong>inexercitatum</strong></span> <span class='ocrx_word' id='word_1_529' title='bbox 1382 4382 1442 4424; x_wconf 86' lang='lat' dir='ltr'><strong>se</strong></span> <span class='ocrx_word' id='word_1_530' title='bbox 1486 4372 1811 4437; x_wconf 84' lang='lat' dir='ltr'><strong>monuisset,</strong></span> <span class='ocrx_word' id='word_1_531' title='bbox 1854 4371 2365 4427; x_wconf 82' lang='lat' dir='ltr'><strong>exercitatissimum</strong></span> <span class='ocrx_word' id='word_1_532' title='bbox 2421 4387 2543 4426; x_wconf 90' lang='lat' dir='ltr'><strong>eum</strong></span> <span class='ocrx_word' id='word_1_533' title='bbox 2595 4371 2646 4425; x_wconf 90' lang='lat' dir='ltr'><strong>in</strong></span> <span class='ocrx_word' id='word_1_534' title='bbox 2706 4369 3040 4424; x_wconf 89' lang='lat' dir='ltr'><strong>debellandis</strong></span> <span class='ocrx_word' id='word_1_535' title='bbox 3091 4368 3357 4423; x_wconf 72' lang='lat' dir='ltr'><strong>haereticis</strong></span> <span class='ocrx_word' id='word_1_536' title='bbox 3404 4379 3565 4439; x_wconf 89' lang='lat' dir='ltr'><strong>atque</strong></span> <span class='ocrx_word' id='word_1_537' title='bbox 3609 4366 4002 4437; x_wconf 82' lang='lat' dir='ltr'><strong>paratissimum</strong></span> 
     </span>
    </p>
   </div>
   <div class='ocr_carea' id='block_1_44' title="bbox 773 4457 4003 4529">
    <p class='ocr_par' dir='ltr' id='par_1_44' title="bbox 773 4457 4003 4529">
     <span class='ocr_line' id='line_1_44' title="bbox 773 4457 4003 4529; baseline -0.001 -19"><span class='ocrx_word' id='word_1_538' title='bbox 773 4458 939 4515; x_wconf 81' lang='lat' dir='ltr'><strong>fuisse</strong></span> <span class='ocrx_word' id='word_1_539' title='bbox 993 4459 1164 4515; x_wconf 86' lang='lat' dir='ltr'><strong>dicas.</strong></span> <span class='ocrx_word' id='word_1_540' title='bbox 1208 4458 1542 4528; x_wconf 70' lang='lat' dir='ltr'><strong>NihiHenim</strong></span> <span class='ocrx_word' id='word_1_541' title='bbox 1594 4474 1758 4529; x_wconf 89' lang='lat' dir='ltr'><strong>opere</strong></span> <span class='ocrx_word' id='word_1_542' title='bbox 1796 4459 1979 4514; x_wconf 86' lang='lat' dir='ltr'><strong>Basilii</strong></span> <span class='ocrx_word' id='word_1_543' title='bbox 2028 4459 2278 4529; x_wconf 89' lang='lat' dir='ltr'><strong>solidius,</strong></span> <span class='ocrx_word' id='word_1_544' title='bbox 2317 4460 2453 4515; x_wconf 89' lang='lat' dir='ltr'><strong>nihil</strong></span> <span class='ocrx_word' id='word_1_545' title='bbox 2502 4460 2821 4525; x_wconf 88' lang='lat' dir='ltr'><strong>absolutius,</strong></span> <span class='ocrx_word' id='word_1_546' title='bbox 2858 4458 2990 4513; x_wconf 90' lang='lat' dir='ltr'><strong>nihil</strong></span> <span class='ocrx_word' id='word_1_547' title='bbox 3036 4458 3207 4527; x_wconf 79' lang='lat' dir='ltr'><strong>magis</strong></span> <span class='ocrx_word' id='word_1_548' title='bbox 3256 4458 3506 4513; x_wconf 91' lang='lat' dir='ltr'><strong>idoneum</strong></span> <span class='ocrx_word' id='word_1_549' title='bbox 3556 4458 3621 4511; x_wconf 91' lang='lat' dir='ltr'><strong>ad</strong></span> <span class='ocrx_word' id='word_1_550' title='bbox 3673 4457 4003 4511; x_wconf 78' lang='lat' dir='ltr'><strong>divinitatem</strong></span> 
     </span>
    </p>
   </div>
   <div class='ocr_carea' id='block_1_45' title="bbox 776 4546 4005 4625">
    <p class='ocr_par' dir='ltr' id='par_1_45' title="bbox 776 4546 4005 4625">
     <span class='ocr_line' id='line_1_45' title="bbox 776 4546 4005 4625; baseline -0.003 -17"><span class='ocrx_word' id='word_1_551' title='bbox 776 4552 939 4608; x_wconf 81' lang='lat' dir='ltr'><strong>Verbi</strong></span> <span class='ocrx_word' id='word_1_552' title='bbox 978 4563 1033 4610; x_wconf 86' lang='lat' dir='ltr'><strong>et</strong></span> <span class='ocrx_word' id='word_1_553' title='bbox 1076 4554 1310 4625; x_wconf 85' lang='lat' dir='ltr'><strong>Spiritus</strong></span> <span class='ocrx_word' id='word_1_554' title='bbox 1354 4556 1548 4622; x_wconf 74' lang='lat' dir='ltr'><strong>sancti,</strong></span> <span class='ocrx_word' id='word_1_555' title='bbox 1583 4570 1744 4625; x_wconf 88' lang='lat' dir='ltr'><strong>quam</strong></span> <span class='ocrx_word' id='word_1_556' title='bbox 1777 4555 2076 4611; x_wconf 87' lang='lat' dir='ltr'><strong>Eunomius</strong></span> <span class='ocrx_word' id='word_1_557' title='bbox 2125 4555 2498 4625; x_wconf 77' lang='lat' dir='ltr'><strong>impugnabat,</strong></span> <span class='ocrx_word' id='word_1_558' title='bbox 2534 4555 3014 4625; x_wconf 87' lang='lat' dir='ltr'><strong>comprobandam.</strong></span> <span class='ocrx_word' id='word_1_559' title='bbox 3050 4552 3163 4622; x_wconf 87' lang='lat' dir='ltr'><strong>Ipsa</strong></span> <span class='ocrx_word' id='word_1_560' title='bbox 3204 4551 3454 4606; x_wconf 84' lang='lat' dir='ltr'><strong>Eunomii</strong></span> <span class='ocrx_word' id='word_1_561' title='bbox 3484 4551 3665 4616; x_wconf 70' lang='lat' dir='ltr'><strong>verba,</strong></span> <span class='ocrx_word' id='word_1_562' title='bbox 3697 4564 3805 4620; x_wconf 86' lang='lat' dir='ltr'><strong>quo</strong></span> <span class='ocrx_word' id='word_1_563' title='bbox 3838 4546 4005 4614; x_wconf 77' lang='lat' dir='ltr'><strong>magis</strong></span> 
     </span>
    </p>
   </div>
   <div class='ocr_carea' id='block_1_46' title="bbox 773 4645 4001 4720">
    <p class='ocr_par' dir='ltr' id='par_1_46' title="bbox 773 4645 4001 4720">
     <span class='ocr_line' id='line_1_46' title="bbox 773 4645 4001 4720; baseline -0.001 -19"><span class='ocrx_word' id='word_1_564' title='bbox 773 4646 893 4716; x_wconf 73' lang='lat' dir='ltr'><strong>eius</strong></span> <span class='ocrx_word' id='word_1_565' title='bbox 924 4662 1140 4704; x_wconf 82' lang='lat' dir='ltr'><strong>errores</strong></span> <span class='ocrx_word' id='word_1_566' title='bbox 1187 4650 1611 4718; x_wconf 82' lang='lat' dir='ltr'><strong>innotescerent,</strong></span> <span class='ocrx_word' id='word_1_567' title='bbox 1649 4647 1929 4705; x_wconf 87' lang='lat' dir='ltr'><strong>referenda</strong></span> <span class='ocrx_word' id='word_1_568' title='bbox 1978 4664 2098 4706; x_wconf 88' lang='lat' dir='ltr'><strong>esse</strong></span> <span class='ocrx_word' id='word_1_569' title='bbox 2148 4652 2358 4705; x_wconf 86' lang='lat' dir='ltr'><strong>censuit</strong></span> <span class='ocrx_word' id='word_1_570' title='bbox 2401 4649 2563 4705; x_wconf 86' lang='lat' dir='ltr'><strong>Pater</strong></span> <span class='ocrx_word' id='word_1_571' title='bbox 2597 4650 2987 4720; x_wconf 76' lang='lat' dir='ltr'><strong>gravissimus;</strong></span> <span class='ocrx_word' id='word_1_572' title='bbox 3040 4657 3203 4718; x_wconf 88' lang='lat' dir='ltr'><strong>atque</strong></span> <span class='ocrx_word' id='word_1_573' title='bbox 3254 4647 3356 4701; x_wconf 90' lang='lat' dir='ltr'><strong>hoc</strong></span> <span class='ocrx_word' id='word_1_574' title='bbox 3410 4657 3568 4716; x_wconf 87' lang='lat' dir='ltr'><strong>pacto</strong></span> <span class='ocrx_word' id='word_1_575' title='bbox 3621 4645 3736 4712; x_wconf 88' lang='lat' dir='ltr'><strong>ejus</strong></span> <span class='ocrx_word' id='word_1_576' title='bbox 3784 4646 4001 4700; x_wconf 87' lang='lat' dir='ltr'><strong>audacia</strong></span> 
     </span>
    </p>
   </div>
   <div class='ocr_carea' id='block_1_47' title="bbox 775 4738 4000 4816">
    <p class='ocr_par' dir='ltr' id='par_1_47' title="bbox 775 4738 4000 4816">
     <span class='ocr_line' id='line_1_47' title="bbox 775 4738 4000 4816; baseline -0.001 -20"><span class='ocrx_word' id='word_1_577' title='bbox 775 4743 1163 4816; x_wconf 76' lang='lat' dir='ltr'><strong>temeritasque</strong></span> <span class='ocrx_word' id='word_1_578' title='bbox 1207 4744 1281 4799; x_wconf 89' lang='lat' dir='ltr'><strong>ita</strong></span> <span class='ocrx_word' id='word_1_579' title='bbox 1323 4761 1567 4815; x_wconf 74' lang='lat' dir='ltr'><strong>repressa</strong></span> <span class='ocrx_word' id='word_1_580' title='bbox 1605 4754 1709 4811; x_wconf 90' lang='lat' dir='ltr'><strong>est,</strong></span> <span class='ocrx_word' id='word_1_581' title='bbox 1742 4755 1801 4800; x_wconf 90' lang='lat' dir='ltr'><strong>ut</strong></span> <span class='ocrx_word' id='word_1_582' title='bbox 1831 4746 2236 4816; x_wconf 87' lang='lat' dir='ltr'><strong>responsionem</strong></span> <span class='ocrx_word' id='word_1_583' title='bbox 2274 4761 2451 4811; x_wconf 87' lang='lat' dir='ltr'><strong>suam,</strong></span> <span class='ocrx_word' id='word_1_584' title='bbox 2479 4746 2653 4814; x_wconf 88' lang='lat' dir='ltr'><strong>quoad</strong></span> <span class='ocrx_word' id='word_1_585' title='bbox 2685 4743 2915 4798; x_wconf 88' lang='lat' dir='ltr'><strong>Basilius</strong></span> <span class='ocrx_word' id='word_1_586' title='bbox 2946 4742 3101 4806; x_wconf 80' lang='lat' dir='ltr'><strong>vixit,</strong></span> <span class='ocrx_word' id='word_1_587' title='bbox 3135 4741 3412 4811; x_wconf 89' lang='lat' dir='ltr'><strong>publicare</strong></span> <span class='ocrx_word' id='word_1_588' title='bbox 3441 4755 3605 4795; x_wconf 89' lang='lat' dir='ltr'><strong>ausus</strong></span> <span class='ocrx_word' id='word_1_589' title='bbox 3636 4755 3741 4795; x_wconf 89' lang='lat' dir='ltr'><strong>non</strong></span> <span class='ocrx_word' id='word_1_590' title='bbox 3775 4740 3868 4795; x_wconf 91' lang='lat' dir='ltr'><strong>sit.</strong></span> <span class='ocrx_word' id='word_1_591' title='bbox 3902 4738 4000 4793; x_wconf 87' lang='lat' dir='ltr'><strong>Sed</strong></span> 
     </span>
    </p>
   </div>
   <div class='ocr_carea' id='block_1_48' title="bbox 773 4833 3999 4908">
    <p class='ocr_par' dir='ltr' id='par_1_48' title="bbox 773 4833 3999 4908">
     <span class='ocr_line' id='line_1_48' title="bbox 773 4833 3999 4908; baseline -0 -21"><span class='ocrx_word' id='word_1_592' title='bbox 773 4834 954 4894; x_wconf 78' lang='lat' dir='ltr'><strong>statim</strong></span> <span class='ocrx_word' id='word_1_593' title='bbox 996 4843 1159 4907; x_wconf 82' lang='lat' dir='ltr'><strong>atque</strong></span> <span class='ocrx_word' id='word_1_594' title='bbox 1203 4846 1448 4894; x_wconf 79' lang='lat' dir='ltr'><strong>mortuus</strong></span> <span class='ocrx_word' id='word_1_595' title='bbox 1489 4846 1572 4894; x_wconf 83' lang='lat' dir='ltr'><strong>est</strong></span> <span class='ocrx_word' id='word_1_596' title='bbox 1617 4839 1699 4893; x_wconf 87' lang='lat' dir='ltr'><strong>vir</strong></span> <span class='ocrx_word' id='word_1_597' title='bbox 1740 4839 2143 4903; x_wconf 88' lang='lat' dir='ltr'><strong>sanctissimus,</strong></span> <span class='ocrx_word' id='word_1_598' title='bbox 2192 4839 2389 4908; x_wconf 88' lang='lat' dir='ltr'><strong>impius</strong></span> <span class='ocrx_word' id='word_1_599' title='bbox 2436 4838 2527 4893; x_wconf 92' lang='lat' dir='ltr'><strong>ille</strong></span> <span class='ocrx_word' id='word_1_600' title='bbox 2572 4852 2705 4907; x_wconf 88' lang='lat' dir='ltr'><strong>quos</strong></span> <span class='ocrx_word' id='word_1_601' title='bbox 2736 4837 2822 4891; x_wconf 92' lang='lat' dir='ltr'><strong>diu</strong></span> <span class='ocrx_word' id='word_1_602' title='bbox 2860 4842 3253 4905; x_wconf 82' lang='lat' dir='ltr'><strong>praeparaverat</strong></span> <span class='ocrx_word' id='word_1_603' title='bbox 3285 4834 3450 4888; x_wconf 90' lang='lat' dir='ltr'><strong>libros</strong></span> <span class='ocrx_word' id='word_1_604' title='bbox 3482 4834 3533 4888; x_wconf 90' lang='lat' dir='ltr'><strong>in</strong></span> <span class='ocrx_word' id='word_1_605' title='bbox 3570 4833 3743 4888; x_wconf 91' lang='lat' dir='ltr'><strong>lucem</strong></span> <span class='ocrx_word' id='word_1_606' title='bbox 3772 4833 3999 4887; x_wconf 88' lang='lat' dir='ltr'><strong>edendos</strong></span> 
     </span>
    </p>
   </div>
   <div class='ocr_carea' id='block_1_49' title="bbox 774 4929 3998 5004">
    <p class='ocr_par' dir='ltr' id='par_1_49' title="bbox 774 4929 3998 5004">
     <span class='ocr_line' id='line_1_49' title="bbox 774 4929 3998 5004; baseline -0.002 -19"><span class='ocrx_word' id='word_1_607' title='bbox 774 4931 1019 4987; x_wconf 74' lang='lat' dir='ltr'><strong>curavit-</strong></span> <span class='ocrx_word' id='word_1_608' title='bbox 1037 4931 1324 5001; x_wconf 86' lang='lat' dir='ltr'><strong>Sperabat,</strong></span> <span class='ocrx_word' id='word_1_609' title='bbox 1359 4931 1465 4988; x_wconf 85' lang='lat' dir='ltr'><strong>nisi</strong></span> <span class='ocrx_word' id='word_1_610' title='bbox 1503 4936 1660 4989; x_wconf 83' lang='lat' dir='ltr'><strong>valde</strong></span> <span class='ocrx_word' id='word_1_611' title='bbox 1692 4933 1874 5002; x_wconf 77' lang='lat' dir='ltr'><strong>fallor,</strong></span> <span class='ocrx_word' id='word_1_612' title='bbox 1906 4950 2011 4989; x_wconf 92' lang='lat' dir='ltr'><strong>non</strong></span> <span class='ocrx_word' id='word_1_613' title='bbox 2060 4946 2328 5004; x_wconf 80' lang='lat' dir='ltr'><strong>repertum</strong></span> <span class='ocrx_word' id='word_1_614' title='bbox 2363 4934 2425 4988; x_wconf 90' lang='lat' dir='ltr'><strong>iri</strong></span> <span class='ocrx_word' id='word_1_615' title='bbox 2455 4934 2544 5004; x_wconf 90' lang='lat' dir='ltr'><strong>qui</strong></span> <span class='ocrx_word' id='word_1_616' title='bbox 2591 4932 2787 4987; x_wconf 91' lang='lat' dir='ltr'><strong>mortui</strong></span> <span class='ocrx_word' id='word_1_617' title='bbox 2823 4930 3184 4986; x_wconf 86' lang='lat' dir='ltr'><strong>defensionem</strong></span> <span class='ocrx_word' id='word_1_618' title='bbox 3237 4929 3536 4998; x_wconf 87' lang='lat' dir='ltr'><strong>susciperet</strong></span> <span class='ocrx_word' id='word_1_619' title='bbox 3569 4946 3583 4981; x_wconf 91' lang='lat'><strong>:</strong></span> <span class='ocrx_word' id='word_1_620' title='bbox 3617 4932 3711 4982; x_wconf 90' lang='lat' dir='ltr'><strong>sed</strong></span> <span class='ocrx_word' id='word_1_621' title='bbox 3752 4942 3850 4980; x_wconf 87' lang='lat' dir='ltr'><strong>sua</strong></span> <span class='ocrx_word' id='word_1_622' title='bbox 3882 4940 3998 4980; x_wconf 88' lang='lat' dir='ltr'><strong>eum</strong></span> 
     </span>
    </p>
   </div>
   <div class='ocr_carea' id='block_1_50' title="bbox 772 5024 3997 5101">
    <p class='ocr_par' dir='ltr' id='par_1_50' title="bbox 772 5024 3997 5101">
     <span class='ocr_line' id='line_1_50' title="bbox 772 5024 3997 5101; baseline -0.001 -20"><span class='ocrx_word' id='word_1_623' title='bbox 772 5042 899 5096; x_wconf 85' lang='lat' dir='ltr'><strong>spes</strong></span> <span class='ocrx_word' id='word_1_624' title='bbox 935 5027 1142 5085; x_wconf 85' lang='lat' dir='ltr'><strong>fefellit.</strong></span> <span class='ocrx_word' id='word_1_625' title='bbox 1183 5028 1318 5084; x_wconf 81' lang='lat' dir='ltr'><strong>Nam</strong></span> <span class='ocrx_word' id='word_1_626' title='bbox 1368 5039 1567 5100; x_wconf 68' lang='lat' dir='ltr'><strong>praeter</strong></span> <span class='ocrx_word' id='word_1_627' title='bbox 1616 5030 1935 5099; x_wconf 82' lang='lat' dir='ltr'><strong>Gregorium</strong></span> <span class='ocrx_word' id='word_1_628' title='bbox 1985 5029 2310 5101; x_wconf 84' lang='lat' dir='ltr'><strong>Nysscnum,</strong></span> <span class='ocrx_word' id='word_1_629' title='bbox 2340 5030 2496 5099; x_wconf 87' lang='lat' dir='ltr'><strong>cujus</strong></span> <span class='ocrx_word' id='word_1_630' title='bbox 2544 5030 2836 5083; x_wconf 84' lang='lat' dir='ltr'><strong>etiamnum</strong></span> <span class='ocrx_word' id='word_1_631' title='bbox 2888 5036 3101 5081; x_wconf 82' lang='lat' dir='ltr'><strong>exstant</strong></span> <span class='ocrx_word' id='word_1_632' title='bbox 3149 5025 3291 5091; x_wconf 91' lang='lat' dir='ltr'><strong>libri,</strong></span> <span class='ocrx_word' id='word_1_633' title='bbox 3324 5024 3639 5080; x_wconf 88' lang='lat' dir='ltr'><strong>Theodorus</strong></span> <span class='ocrx_word' id='word_1_634' title='bbox 3672 5024 3997 5093; x_wconf 68' lang='lat' dir='ltr'><strong>Mopsueste-</strong></span> 
     </span>
    </p>
   </div>
   <div class='ocr_carea' id='block_1_51' title="bbox 771 5119 3997 5199">
    <p class='ocr_par' dir='ltr' id='par_1_51' title="bbox 771 5119 3997 5199">
     <span class='ocr_line' id='line_1_51' title="bbox 771 5119 3997 5199; baseline -0.002 -23"><span class='ocrx_word' id='word_1_635' title='bbox 771 5123 1020 5195; x_wconf 65' lang='lat' dir='ltr'><strong>nuslb8)</strong></span> <span class='ocrx_word' id='word_1_636' title='bbox 1051 5134 1211 5195; x_wconf 86' lang='lat' dir='ltr'><strong>atque</strong></span> <span class='ocrx_word' id='word_1_637' title='bbox 1258 5122 1593 5193; x_wconf 79' lang='lat' dir='ltr'><strong>Sophronias</strong></span> <span class='ocrx_word' id='word_1_638' title='bbox 1639 5123 1822 5180; x_wconf 85' lang='lat' dir='ltr'><strong>Basilii</strong></span> <span class='ocrx_word' id='word_1_639' title='bbox 1854 5126 1990 5199; x_wconf 74' lang='grc'><strong>(49),</strong></span> <span class='ocrx_word' id='word_1_640' title='bbox 2030 5136 2144 5194; x_wconf 89' lang='lat' dir='ltr'><strong>aut,</strong></span> <span class='ocrx_word' id='word_1_641' title='bbox 2175 5137 2234 5181; x_wconf 91' lang='lat' dir='ltr'><strong>ut</strong></span> <span class='ocrx_word' id='word_1_642' title='bbox 2286 5127 2475 5181; x_wconf 88' lang='lat' dir='ltr'><strong>melius</strong></span> <span class='ocrx_word' id='word_1_643' title='bbox 2522 5127 2722 5187; x_wconf 87' lang='lat' dir='ltr'><strong>dicam,</strong></span> <span class='ocrx_word' id='word_1_644' title='bbox 2758 5122 2915 5179; x_wconf 83' lang='lat' dir='ltr'><strong>Verbi</strong></span> <span class='ocrx_word' id='word_1_645' title='bbox 2964 5123 3133 5192; x_wconf 89' lang='lat' dir='ltr'><strong>ipsius</strong></span> <span class='ocrx_word' id='word_1_646' title='bbox 3181 5130 3235 5175; x_wconf 91' lang='lat' dir='ltr'><strong>et</strong></span> <span class='ocrx_word' id='word_1_647' title='bbox 3284 5119 3517 5188; x_wconf 86' lang='lat' dir='ltr'><strong>Spiritus</strong></span> <span class='ocrx_word' id='word_1_648' title='bbox 3565 5120 3735 5174; x_wconf 90' lang='lat' dir='ltr'><strong>sancti</strong></span> <span class='ocrx_word' id='word_1_649' title='bbox 3784 5133 3997 5173; x_wconf 86' lang='lat' dir='ltr'><strong>causam</strong></span> 
     </span>
    </p>
   </div>
   <div class='ocr_carea' id='block_1_52' title="bbox 772 5217 1365 5287">
    <p class='ocr_par' dir='ltr' id='par_1_52' title="bbox 772 5217 1365 5287">
     <span class='ocr_line' id='line_1_52' title="bbox 772 5217 1365 5287; baseline 0.01 -21"><span class='ocrx_word' id='word_1_650' title='bbox 772 5217 947 5287; x_wconf 73' lang='lat' dir='ltr'><strong>egisse</strong></span> <span class='ocrx_word' id='word_1_651' title='bbox 979 5225 1365 5272; x_wconf 83' lang='lat' dir='ltr'><strong>memorantur.</strong></span> 
     </span>
    </p>
   </div>
   <div class='ocr_carea' id='block_1_53' title="bbox 842 5305 3997 5387">
    <p class='ocr_par' dir='ltr' id='par_1_53' title="bbox 842 5305 3997 5387">
     <span class='ocr_line' id='line_1_53' title="bbox 842 5305 3997 5387; baseline -0.003 -21"><span class='ocrx_word' id='word_1_652' title='bbox 842 5313 896 5366; x_wconf 69' lang='grc'><strong>4.</strong></span> <span class='ocrx_word' id='word_1_653' title='bbox 940 5310 1219 5369; x_wconf 81' lang='lat' dir='ltr'><strong>Traditum</strong></span> <span class='ocrx_word' id='word_1_654' title='bbox 1260 5314 1476 5383; x_wconf 90' lang='lat' dir='ltr'><strong>quidem</strong></span> <span class='ocrx_word' id='word_1_655' title='bbox 1526 5323 1610 5371; x_wconf 86' lang='lat' dir='ltr'><strong>est</strong></span> <span class='ocrx_word' id='word_1_656' title='bbox 1651 5315 1719 5371; x_wconf 91' lang='lat' dir='ltr'><strong>ab</strong></span> <span class='ocrx_word' id='word_1_657' title='bbox 1768 5316 2006 5385; x_wconf 85' lang='lat' dir='ltr'><strong>antiquis</strong></span> <span class='ocrx_word' id='word_1_658' title='bbox 2054 5316 2259 5387; x_wconf 88' lang='lat' dir='ltr'><strong>aliquot</strong></span> <span class='ocrx_word' id='word_1_659' title='bbox 2292 5318 2343 5369; x_wconf 85' lang='lat' dir='ltr'><strong>in</strong></span> <span class='ocrx_word' id='word_1_660' title='bbox 2383 5314 2701 5369; x_wconf 86' lang='lat' dir='ltr'><strong>Euuomium</strong></span> <span class='ocrx_word' id='word_1_661' title='bbox 2749 5312 2918 5367; x_wconf 84' lang='lat' dir='ltr'><strong>libros</strong></span> <span class='ocrx_word' id='word_1_662' title='bbox 2962 5326 2989 5365; x_wconf 90' lang='lat' dir='ltr'><strong>a</strong></span> <span class='ocrx_word' id='word_1_663' title='bbox 3039 5309 3237 5365; x_wconf 89' lang='lat' dir='ltr'><strong>Basilio</strong></span> <span class='ocrx_word' id='word_1_664' title='bbox 3284 5309 3621 5375; x_wconf 87' lang='lat' dir='ltr'><strong>conscriptos</strong></span> <span class='ocrx_word' id='word_1_665' title='bbox 3663 5308 3877 5362; x_wconf 89' lang='lat' dir='ltr'><strong>fuisse:</strong></span> <span class='ocrx_word' id='word_1_666' title='bbox 3912 5305 3997 5359; x_wconf 87' lang='lat' dir='ltr'><strong>sed</strong></span> 
     </span>
    </p>
   </div>
   <div class='ocr_carea' id='block_1_54' title="bbox 776 5397 3998 5478">
    <p class='ocr_par' dir='ltr' id='par_1_54' title="bbox 776 5397 3998 5478">
     <span class='ocr_line' id='line_1_54' title="bbox 776 5397 3998 5478; baseline -0.002 -22"><span class='ocrx_word' id='word_1_667' title='bbox 776 5410 907 5475; x_wconf 85' lang='lat' dir='ltr'><strong>quot</strong></span> <span class='ocrx_word' id='word_1_668' title='bbox 930 5405 1321 5473; x_wconf 86' lang='lat' dir='ltr'><strong>composuerit,</strong></span> <span class='ocrx_word' id='word_1_669' title='bbox 1354 5414 1466 5461; x_wconf 85' lang='lat' dir='ltr'><strong>tres</strong></span> <span class='ocrx_word' id='word_1_670' title='bbox 1494 5422 1563 5461; x_wconf 85' lang='lat' dir='ltr'><strong>an</strong></span> <span class='ocrx_word' id='word_1_671' title='bbox 1591 5409 1849 5478; x_wconf 85' lang='lat' dir='ltr'><strong>quinque,</strong></span> <span class='ocrx_word' id='word_1_672' title='bbox 1879 5424 1945 5463; x_wconf 80' lang='lat' dir='ltr'><strong>ex</strong></span> <span class='ocrx_word' id='word_1_673' title='bbox 1979 5409 2182 5465; x_wconf 82' lang='lat' dir='ltr'><strong>eisdem</strong></span> <span class='ocrx_word' id='word_1_674' title='bbox 2217 5418 2364 5464; x_wconf 88' lang='lat' dir='ltr'><strong>certo</strong></span> <span class='ocrx_word' id='word_1_675' title='bbox 2397 5407 2645 5478; x_wconf 79' lang='lat' dir='ltr'><strong>cognosci</strong></span> <span class='ocrx_word' id='word_1_676' title='bbox 2678 5421 2783 5459; x_wconf 87' lang='lat' dir='ltr'><strong>non</strong></span> <span class='ocrx_word' id='word_1_677' title='bbox 2817 5412 3012 5473; x_wconf 90' lang='lat' dir='ltr'><strong>potest.</strong></span> <span class='ocrx_word' id='word_1_678' title='bbox 3046 5401 3196 5467; x_wconf 87' lang='lat' dir='ltr'><strong>Quod</strong></span> <span class='ocrx_word' id='word_1_679' title='bbox 3226 5400 3267 5456; x_wconf 87' lang='lat' dir='ltr'><strong>si</strong></span> <span class='ocrx_word' id='word_1_680' title='bbox 3306 5401 3466 5473; x_wconf 75' lang='lat'><strong>206</strong></span> <span class='ocrx_word' id='word_1_681' title='bbox 3487 5400 3740 5455; x_wconf 89' lang='lat' dir='ltr'><strong>librorum</strong></span> <span class='ocrx_word' id='word_1_682' title='bbox 3788 5397 3998 5468; x_wconf 72' lang='grc' dir='ltr'><strong>γνησιό-</strong></span> 
     </span>
    </p>
   </div>
   <div class='ocr_carea' id='block_1_55' title="bbox 844 5583 2514 5661">
    <p class='ocr_par' dir='ltr' id='par_1_55' title="bbox 844 5586 1394 5661">
     <span class='ocr_line' id='line_1_55' title="bbox 844 5586 1394 5661; baseline 0 -18"><span class='ocrx_word' id='word_1_683' title='bbox 844 5586 955 5661; x_wconf 69' lang='lat' dir='ltr'><strong>(te)</strong></span> <span class='ocrx_word' id='word_1_684' title='bbox 986 5587 1045 5661; x_wconf 62' lang='lat' dir='ltr'><strong>if.</strong></span> <span class='ocrx_word' id='word_1_685' title='bbox 1072 5587 1242 5661; x_wconf 81' lang='lat' dir='ltr'><strong>ill.,_e.</strong></span> <span class='ocrx_word' id='word_1_686' title='bbox 1274 5588 1394 5643; x_wconf 76' lang='lat' dir='ltr'><strong>tto.</strong></span> 
     </span>
    </p>
   </div>
   <div class='ocr_carea' id='block_1_56' title="bbox 2247 5583 3917 5661">
    <p class='ocr_par' dir='ltr' id='par_1_56' title="bbox 2514 5583 3917 5661">
     <span class='ocr_line' id='line_1_56' title="bbox 2514 5583 3917 5661; baseline -0.005 -20"><span class='ocrx_word' id='word_1_687' title='bbox 2514 5589 2622 5661; x_wconf 53' lang='lat'><strong>(55)</strong></span> <span class='ocrx_word' id='word_1_688' title='bbox 2656 5588 2819 5661; x_wconf 64' lang='lat' dir='ltr'><strong>Cone.</strong></span> <span class='ocrx_word' id='word_1_689' title='bbox 2856 5599 2981 5661; x_wconf 76' lang='lat' dir='ltr'><strong>tom.</strong></span> <span class='ocrx_word' id='word_1_690' title='bbox 3015 5585 3079 5653; x_wconf 72' lang='grc' dir='ltr'>γ,</span> <span class='ocrx_word' id='word_1_691' title='bbox 3112 5603 3229 5657; x_wconf 79' lang='lat' dir='ltr'><strong>pag.</strong></span> <span class='ocrx_word' id='word_1_692' title='bbox 3267 5583 3389 5638; x_wconf 81' lang='lat'><strong>697.</strong></span> <span class='ocrx_word' id='word_1_693' title='bbox 3432 5651 3529 5661; x_wconf 44' lang='lat' dir='ltr'><strong>MA</strong></span> <span class='ocrx_word' id='word_1_694' title='bbox 3595 5649 3697 5661; x_wconf 54' lang='lat' dir='ltr'><strong>mm</strong></span> <span class='ocrx_word' id='word_1_695' title='bbox 3786 5658 3795 5661; x_wconf 24' lang='grc' dir='ltr'><strong>Α</strong></span> <span class='ocrx_word' id='word_1_696' title='bbox 3858 5646 3917 5661; x_wconf 48' lang='grc' dir='ltr'><em>ω</em></span> 
     </span>
    </p>
   </div>
   <div class='ocr_carea' id='block_1_57' title="bbox 842 5646 2512 5729">
    <p class='ocr_par' dir='ltr' id='par_1_57' title="bbox 842 5646 1487 5729">
     <span class='ocr_line' id='line_1_57' title="bbox 842 5646 1487 5729; baseline 0.008 -19"><span class='ocrx_word' id='word_1_697' title='bbox 842 5646 952 5726; x_wconf 60' lang='lat' dir='ltr'><strong>(bl)</strong></span> <span class='ocrx_word' id='word_1_698' title='bbox 986 5646 1219 5729; x_wconf 38' lang='lat' dir='ltr'><strong>()ratffz,</strong></span> <span class='ocrx_word' id='word_1_699' title='bbox 1253 5661 1487 5729; x_wconf 72' lang='lat' dir='ltr'><strong>pag.18.</strong></span> 
     </span>
    </p>
   </div>
   <div class='ocr_carea' id='block_1_58' title="bbox 2305 5646 3975 5729">
    <p class='ocr_par' dir='ltr' id='par_1_58' title="bbox 2513 5646 3975 5729">
     <span class='ocr_line' id='line_1_58' title="bbox 2513 5646 3975 5729; baseline -0.007 -17"><span class='ocrx_word' id='word_1_700' title='bbox 2513 5646 2623 5727; x_wconf 51' lang='lat'><strong>(46’)</strong></span> <span class='ocrx_word' id='word_1_701' title='bbox 2655 5660 2805 5729; x_wconf 66' lang='lat' dir='ltr'><strong>Phot.</strong></span> <span class='ocrx_word' id='word_1_702' title='bbox 2841 5658 2960 5729; x_wconf 72' lang='lat' dir='ltr'><strong>cod.</strong></span> <span class='ocrx_word' id='word_1_703' title='bbox 2998 5646 3214 5729; x_wconf 41' lang='lat' dir='ltr'><strong>coniti,</strong></span> <span class='ocrx_word' id='word_1_704' title='bbox 3252 5670 3369 5725; x_wconf 77' lang='lat' dir='ltr'><strong>pag.</strong></span> <span class='ocrx_word' id='word_1_705' title='bbox 3430 5651 3553 5719; x_wconf 63' lang='lat'><strong>820,</strong></span> <span class='ocrx_word' id='word_1_706' title='bbox 3594 5649 3699 5705; x_wconf 72' lang='lat'><strong>89.5</strong></span> <span class='ocrx_word' id='word_1_707' title='bbox 3747 5658 3800 5704; x_wconf 82' lang='lat' dir='ltr'><strong>el.</strong></span> <span class='ocrx_word' id='word_1_708' title='bbox 3856 5646 3975 5704; x_wconf 70' lang='lat'><strong>8‘28.</strong></span> 
     </span>
    </p>
   </div>
   <div class='ocr_carea' id='block_1_59' title="bbox 842 5727 2512 5799">
    <p class='ocr_par' dir='ltr' id='par_1_59' title="bbox 842 5727 1401 5799">
     <span class='ocr_line' id='line_1_59' title="bbox 842 5727 1401 5799; baseline 0.007 -19"><span class='ocrx_word' id='word_1_709' title='bbox 842 5730 953 5799; x_wconf 74' lang='lat' dir='ltr'><strong>(te)</strong></span> <span class='ocrx_word' id='word_1_710' title='bbox 990 5727 1125 5780; x_wconf 90' lang='lat' dir='ltr'><strong>Dial.</strong></span> <span class='ocrx_word' id='word_1_711' title='bbox 1155 5727 1209 5791; x_wconf 64' lang='grc' dir='ltr'><strong>ε,</strong></span> <span class='ocrx_word' id='word_1_712' title='bbox 1238 5727 1289 5797; x_wconf 73' lang='grc' dir='ltr'><strong>ῤ.</strong></span> <span class='ocrx_word' id='word_1_713' title='bbox 1316 5730 1401 5784; x_wconf 86' lang='lat'><strong>97.</strong></span> 
     </span>
    </p>
   </div>
   <div class='ocr_carea' id='block_1_60' title="bbox 1440 5727 3110 5799">
    <p class='ocr_par' dir='ltr' id='par_1_60' title="bbox 2514 5727 3110 5799">
     <span class='ocr_line' id='line_1_60' title="bbox 2514 5727 3110 5799; baseline -0.003 -16"><span class='ocrx_word' id='word_1_714' title='bbox 2514 5731 2623 5798; x_wconf 66' lang='grc'><strong>(67)</strong></span> <span class='ocrx_word' id='word_1_715' title='bbox 2656 5727 2823 5799; x_wconf 74' lang='lat' dir='ltr'><strong>Epist.</strong></span> <span class='ocrx_word' id='word_1_716' title='bbox 2865 5728 2989 5781; x_wconf 89' lang='lat' dir='ltr'><strong>olim</strong></span> <span class='ocrx_word' id='word_1_717' title='bbox 3023 5728 3110 5781; x_wconf 77' lang='grc'><strong>55.</strong></span> 
     </span>
    </p>
   </div>
   <div class='ocr_carea' id='block_1_61' title="bbox 840 5796 3266 5872">
    <p class='ocr_par' dir='ltr' id='par_1_61' title="bbox 840 5796 3266 5872">
     <span class='ocr_line' id='line_1_61' title="bbox 840 5796 3266 5872; baseline -0.005 -10"><span class='ocrx_word' id='word_1_718' title='bbox 840 5796 953 5872; x_wconf 51' lang='lat' dir='ltr'><strong>(uti</strong></span> <span class='ocrx_word' id='word_1_719' title='bbox 978 5799 1142 5872; x_wconf 61' lang='lat'><strong>9000-</strong></span> <span class='ocrx_word' id='word_1_720' title='bbox 1181 5796 1307 5872; x_wconf 61' lang='lat' dir='ltr'><strong>loti}.</strong></span> <span class='ocrx_word' id='word_1_721' title='bbox 1342 5800 1431 5864; x_wconf 81' lang='lat' dir='ltr'><strong>IV,</strong></span> <span class='ocrx_word' id='word_1_722' title='bbox 1453 5817 1578 5872; x_wconf 74' lang='lat' dir='ltr'><strong>pag.</strong></span> <span class='ocrx_word' id='word_1_723' title='bbox 1612 5802 1735 5859; x_wconf 75' lang='grc'><strong>828.</strong></span> <span class='ocrx_word' id='word_1_724' title='bbox 2513 5796 2622 5872; x_wconf 65' lang='grc'><strong>(48)</strong></span> <span class='ocrx_word' id='word_1_725' title='bbox 2656 5798 2833 5872; x_wconf 46' lang='lat' dir='ltr'><strong>Plini”</strong></span> <span class='ocrx_word' id='word_1_726' title='bbox 2868 5812 2919 5850; x_wconf 87' lang='lat' dir='ltr'><strong>c.</strong></span> <span class='ocrx_word' id='word_1_727' title='bbox 2957 5812 3030 5861; x_wconf 81' lang='lat' dir='ltr'><strong>Iv,</strong></span> <span class='ocrx_word' id='word_1_728' title='bbox 3066 5812 3184 5867; x_wconf 81' lang='lat' dir='ltr'><strong>pag.</strong></span> <span class='ocrx_word' id='word_1_729' title='bbox 3204 5796 3266 5872; x_wconf 16' lang='lat' dir='ltr'><strong>A6.</strong></span> 
     </span>
    </p>
   </div>
   <div class='ocr_carea' id='block_1_62' title="bbox 844 5808 3389 5938">
    <p class='ocr_par' dir='ltr' id='par_1_62' title="bbox 844 5808 3389 5938">
     <span class='ocr_line' id='line_1_62' title="bbox 844 5808 3266 5872; baseline -0.002 -19"><span class='ocrx_word' id='word_1_730' title='bbox 844 5808 953 5862; x_wconf 65' lang='grc'><strong>145)</strong></span> <span class='ocrx_word' id='word_1_731' title='bbox 978 5808 1142 5853; x_wconf 72' lang='lat' dir='ltr'><strong>Uonc.</strong></span> <span class='ocrx_word' id='word_1_732' title='bbox 1181 5808 1307 5853; x_wconf 87' lang='lat' dir='ltr'><strong>tom.</strong></span> <span class='ocrx_word' id='word_1_733' title='bbox 1342 5808 1431 5864; x_wconf 83' lang='lat' dir='ltr'><strong>IV,</strong></span> <span class='ocrx_word' id='word_1_734' title='bbox 1496 5818 1578 5872; x_wconf 77' lang='lat' dir='ltr'><strong>ag.</strong></span> <span class='ocrx_word' id='word_1_735' title='bbox 1612 5808 1735 5859; x_wconf 77' lang='lat'><strong>828.</strong></span> <span class='ocrx_word' id='word_1_736' title='bbox 2536 5808 2622 5863; x_wconf 62' lang='lat' dir='ltr'><strong>lix)</strong></span> <span class='ocrx_word' id='word_1_737' title='bbox 2657 5808 2833 5859; x_wconf 71' lang='lat' dir='ltr'><strong>t’tiot.,</strong></span> <span class='ocrx_word' id='word_1_738' title='bbox 2868 5812 2919 5850; x_wconf 92' lang='lat' dir='ltr'><strong>c.</strong></span> <span class='ocrx_word' id='word_1_739' title='bbox 2957 5812 3030 5861; x_wconf 83' lang='lat' dir='ltr'><strong>iv,</strong></span> <span class='ocrx_word' id='word_1_740' title='bbox 3066 5812 3184 5867; x_wconf 82' lang='lat' dir='ltr'><strong>pag.</strong></span> <span class='ocrx_word' id='word_1_741' title='bbox 3215 5808 3266 5849; x_wconf 79' lang='grc' dir='ltr'><strong>υ.</strong></span> 
     </span>
     <span class='ocr_line' id='line_1_63' title="bbox 844 5808 3389 5938; baseline -0.003 -12"><span class='ocrx_word' id='word_1_742' title='bbox 844 5871 952 5938; x_wconf 74' lang='lat' dir='ltr'><strong>(il)</strong></span> <span class='ocrx_word' id='word_1_743' title='bbox 988 5868 1154 5924; x_wconf 80' lang='lat' dir='ltr'><strong>Leon.</strong></span> <span class='ocrx_word' id='word_1_744' title='bbox 1188 5874 1237 5922; x_wconf 87' lang='lat' dir='ltr'><strong>in</strong></span> <span class='ocrx_word' id='word_1_745' title='bbox 1267 5868 1329 5922; x_wconf 83' lang='grc' dir='ltr'><strong>Ν.</strong></span> <span class='ocrx_word' id='word_1_746' title='bbox 1366 5880 1415 5924; x_wconf 86' lang='lat' dir='ltr'><strong>et</strong></span> <span class='ocrx_word' id='word_1_747' title='bbox 1450 5817 1511 5930; x_wconf 61' lang='grc' dir='ltr'><strong>ἓ.</strong></span> <span class='ocrx_word' id='word_1_748' title='bbox 2513 5808 2623 5935; x_wconf 55' lang='grc' dir='ltr'><strong>ξω)</strong></span> <span class='ocrx_word' id='word_1_749' title='bbox 2657 5867 2835 5933; x_wconf 73' lang='lat' dir='ltr'><strong>PboL,</strong></span> <span class='ocrx_word' id='word_1_750' title='bbox 2876 5884 2923 5923; x_wconf 86' lang='lat' dir='ltr'><strong>c.</strong></span> <span class='ocrx_word' id='word_1_751' title='bbox 2956 5880 3005 5931; x_wconf 71' lang='grc' dir='ltr'><strong>ν,</strong></span> <span class='ocrx_word' id='word_1_752' title='bbox 3031 5883 3149 5937; x_wconf 79' lang='lat' dir='ltr'><strong>pag.</strong></span> <span class='ocrx_word' id='word_1_753' title='bbox 3194 5870 3223 5923; x_wconf 91' lang='lat'><strong>8</strong></span> <span class='ocrx_word' id='word_1_754' title='bbox 3253 5876 3304 5922; x_wconf 90' lang='lat' dir='ltr'><strong>et</strong></span> <span class='ocrx_word' id='word_1_755' title='bbox 3338 5868 3389 5920; x_wconf 77' lang='lat'><strong>9.</strong></span> 
     </span>
    </p>
   </div>
  </div>
