4230 6542
236 484 340 537 40'.’
1369 483 1732 541 ADVERSCS
1766 486 2126 543 EUNOMIUM
2163 487 2287 541 LIB.
2323 487 2361 543 I.
3361 490 3462 543 498

245 597 334 646 της
369 587 456 630 aut
487 576 662 631 νοθεῐα
697 594 758 632 ex
793 577 1134 634 multitudine
1185 587 1276 632 aut
1322 593 1386 630 ex
1433 581 1702 646 paucitate
1735 584 1953 637 testium
1984 585 2263 652 penderet,
2292 582 2676 637 controversia:
2703 584 2846 637 omni
2881 586 3037 640 linem
3085 587 3359 655 imponere
3388 586 3466 636 la-

241 675 497 726 riltimum
531 686 692 730 esset.
726 673 857 728 Cum
898 674 1040 729 enim
1075 691 1178 728 non
1217 673 1444 743 amplius
1487 685 1596 728 tres
1627 686 1717 730 aut
1745 685 1976 747 quatuor
2019 678 2293 730 numerari
2327 678 2483 748 vulgo
2510 677 2739 742 soleant,
2769 677 2858 744 qui
2899 680 3032 732 duos
3077 681 3242 735 libros
3285 686 3464 750 poste-

241 772 412 824 riores
444 786 538 841 pro
571 771 720 824 falsis
754 769 1040 825 habuerint
1075 779 1300 826 :contra
1329 769 1638 825 innumeros
1662 787 1723 827 ac
1750 772 2131 827 celeberrimos
2157 772 2300 826 viros
2328 776 2650 842 eosdemque
2693 772 3036 826 doctissimos
3083 777 3338 842 reperias,
3373 775 3465 844 qui

241 864 374 916 duos
400 863 724 930 posteriores
751 859 915 917 libros
946 862 1167 931 perinde
1197 871 1254 914 ut
1287 870 1394 916 tres
1437 862 1645 930 priores
1686 862 1880 918 Basilio
1920 862 2112 932 Magno
2158 863 2453 917 aseribant.
2489 864 2644 928 Nam,
2681 872 2733 915 ut
2785 862 2998 916 interim
3043 861 3109 916 de
3149 866 3464 931 antiquiori-

241 953 341 1004 bus
371 949 721 1020 scriptoribus
760 958 984 1014 taceam,
1019 949 1391 1014 Bellarininus,
1421 951 1622 1004 Fronto
1653 951 1895 1016 Ducmus,
1931 952 2253 1007 Franciscus
2290 951 2666 1018 Combelisius,
2700 953 3093 1016 Tillemontius,
3126 952 3270 1005 Elias
3302 954 3465 1020 Impi-

240 1061 343 1101 nus
385 1056 438 1100 et
469 1045 555 1097 alii
593 1046 836 1112 permulti
867 1044 1118 1098 Basilium
1167 1046 1354 1100 horum
1401 1046 1638 1112 quinque
1680 1045 1732 1098 in
1777 1045 2098 1098 Eunomium
2148 1047 2406 1100 librorum
2445 1054 2716 1099 auctorem
2747 1045 2974 1100 faciunt.
3009 1044 3074 1098 Et
3106 1044 3246 1113 quod
3293 1044 3468 1113 majus

240 1147 348 1201 est,
380 1137 453 1190 illi
498 1135 734 1207 quinque
781 1137 901 1190 libri
950 1135 1004 1188 in
1036 1139 1262 1191 concilio
1290 1136 1602 1191 Florentino
1649 1148 1703 1191 ut
1748 1155 1776 1192 a
1824 1137 2051 1200 Latinis,
2085 1137 2157 1191 ita
2185 1153 2213 1189 a
2243 1137 2445 1194 Grmcis
2487 1137 2669 1193 Basilii
2719 1142 2934 1194 nomine
2973 1138 3174 1210 pariter
3212 1138 3466 1190 citantur.

242 1227 507 1294 Quoniam
542 1238 718 1283 tamen
747 1228 1006 1295 ejusmodi
1035 1228 1358 1298 quaestiones
1402 1242 1467 1281 ex
1511 1229 1799 1283 tutioribus
1826 1228 2105 1297 principiis
2139 1227 2419 1295 diiudicari
2450 1232 2661 1291 debent,
2691 1244 2778 1284 res
2821 1245 3033 1299 semper
3065 1230 3117 1284 iu
3151 1239 3471 1285 controver-

242 1324 322 1376 sia
351 1324 672 1387 versabitur,
702 1324 870 1376 donec
897 1323 1096 1393 aliquid
1129 1322 1330 1378 certius
1361 1324 1427 1378 ad
1459 1338 1673 1378 omnem
1717 1324 2106 1380 dubitationem
2139 1324 2430 1379 tollendam
2479 1321 2758 1378 aﬂeratur.
2791 1322 2889 1378 llic
2922 1332 3064 1378 esset
3102 1338 3163 1377 ea
3192 1324 3256 1378 de
3298 1337 3356 1377 re
3395 1321 3473 1375 lo-

241 1420 442 1486 quendi
475 1419 606 1474 satis
644 1419 869 1475 idoneus
914 1420 1095 1487 locus;
1133 1421 1224 1475 sed
1258 1430 1432 1477 tamen
1479 1422 1580 1477 hoc
1627 1430 2031 1489 argumentum,
2061 1432 2120 1476 ut
2149 1426 2324 1489 decet,
2357 1430 2592 1476 tractare
2621 1436 2742 1476 cum
2791 1421 3048 1492 longioris
3079 1419 3148 1475 sit
3187 1434 3382 1488 operae,
3417 1417 3470 1471 id

245 1512 584 1565 commodius
611 1513 777 1566 multo
807 1513 859 1568 in
885 1513 1204 1569 Prmiatione
1234 1515 1473 1572 facturos
1513 1531 1610 1570 nos
1655 1513 2004 1571 credidimus.
2040 1515 2225 1585 Neque
2268 1524 2471 1579 tamen,
2505 1513 2717 1583 opinor,
2747 1514 3014 1568 videbitur
3047 1514 3297 1573 alienum,
3331 1524 3469 1581 prte-

243 1608 432 1674 cipnas
460 1608 592 1663 duas
620 1623 830 1675 causas,
866 1627 962 1665 cur
1001 1612 1325 1678 posteriores
1355 1612 1459 1666 duo
1489 1613 1610 1666 libri
1644 1612 1875 1682 suspecti
1909 1611 2040 1675 sint,
2072 1612 2171 1666 hoc
2195 1609 2311 1665 loco
2342 1611 2393 1663 in
2423 1611 2653 1666 medium
2679 1608 3132 1681 proferreJ'rima
3168 1609 3328 1678 igitur
3357 1607 3472 1662 hzec

251 1715 359 1769 est,
391 1704 531 1772 quod
577 1706 883 1774 scriptionis
915 1722 1081 1775 genus
1121 1716 1226 1762 tam
1276 1717 1459 1775 aperte
1491 1709 1759 1761 diversum
1798 1710 1888 1772 sit,
1922 1717 1978 1761 ut
2007 1709 2072 1761 de
2111 1708 2210 1763 hoc
2245 1707 2388 1762 inter
2418 1709 2698 1776 utriusque
2729 1705 2998 1776 opinionis
3032 1715 3286 1773 patronos
3314 1703 3474 1770 plane

226 1797 534 1856 _cnnveniat
569 1815 582 1852 :
621 1796 810 1867 altera,
841 1799 981 1868 quod
1035 1801 1360 1868 posteriores
1403 1800 1534 1855 duos
1581 1799 1748 1855 libros
1792 1801 1844 1853 in
1892 1801 2060 1856 veteri
2092 1802 2327 1857 editione
2360 1799 2562 1854 Veneta
2613 1809 2666 1852 et
2715 1803 2766 1854 in
2815 1797 3084 1870 aliquibus
3129 1813 3256 1850 mss.
3288 1797 3476 1854 deesse

245 1901 480 1944 constet.
526 1892 595 1945 De
627 1891 730 1957 his,
757 1900 814 1945 ut
850 1890 976 1952 dixi,
1021 1892 1236 1946 uberius
1268 1891 1319 1945 in
1351 1890 1670 1945 Prml‘atione
1701 1892 2026 1962 disputatur.
2061 1890 2122 1964 §§
2161 1893 2230 1946 XI
2261 1903 2313 1948 et
2343 1894 2458 1948 XII.

323 1987 377 2038 5.
422 1986 693 2040 llactenus
724 1987 790 2041 de
817 1985 1000 2041 Basilii
1046 1986 1202 2041 libris
1235 2006 1248 2042 :
1277 2001 1419 2041 nunc
1460 2001 1625 2055 pauca
1677 1988 1741 2042 de
1780 2003 1940 2058 opere
1971 1988 2243 2044 Ennomii.
2289 1989 2524 2057 Conligit
2560 1999 2736 2044 autem
2783 2004 2886 2043 non
2937 1988 3227 2049 immerito,
3261 1995 3318 2041 ut
3360 1986 3479 2040 luce

248 2079 500 2146 indignus
536 2079 739 2133 libellus
768 2080 854 2133 diu
887 2080 938 2133 in
966 2080 1201 2136 tenebris
1229 2079 1450 2134 latuerit
1487 2097 1499 2132 :
1532 2081 1624 2134 sed
1670 2082 1885 2136 tandem
1935 2080 2212 2150 inopinato
2252 2084 2491 2138 emersit.
2528 2080 2658 2134 Nam
2694 2081 2777 2135 vir
2805 2080 3204 2134 eruditissimus
3237 2079 3475 2134 Joannes

245 2172 499 2226 Alliertus
531 2169 824 2234 Fabricius,
859 2189 977 2228 cum
1018 2173 1282 2242 ejusmodi
1313 2173 1626 2241 opusculum
1660 2175 1724 2225 ad
1755 2175 2013 2242 quosdam
2047 2173 2229 2228 Basilii
2269 2173 2415 2227 locos
2458 2171 2825 2238 explanandos
2854 2171 2984 2224 utile
3019 2172 3133 2224 fore
3159 2171 3475 2236 judicasset,

247 2267 300 2320 id
333 2266 595 2320 edendum
628 2266 832 2320 duobus
861 2266 1055 2321 abhinc
1085 2267 1241 2320 annis
1271 2265 1478 2320 curavit
1510 2265 1645 2334 (50).
1673 2264 1780 2320 Nos
1825 2265 2006 2333 igitur,
2035 2267 2135 2320 viri
2158 2265 2456 2321 doctissimi
2484 2263 2752 2333 exemplo,
2783 2264 2885 2317 hoc
2919 2261 3057 2316 idem
3095 2262 3145 2314 in
3177 2261 3482 2332 Appendiee

249 2371 441 2410 rursus
475 2357 614 2426 typis
644 2357 898 2412 mandare
927 2357 1232 2422 statuimus,
1263 2371 1350 2419 ne,
1379 2356 1423 2410 si
1456 2370 1612 2410 secus
1641 2355 1923 2419 faciamus,
1961 2357 2157 2424 aliquid
2190 2357 2242 2410 in
2275 2367 2455 2412 nostra
2483 2357 2716 2413 editione
2744 2355 2931 2410 deesse
2956 2353 3222 2407 videatur.

319 2468 432 2541 (50)
457 2471 510 2526 ln
537 2469 856 2528 Bibliotheca
887 2471 1093 2542 (Συ-(ιτα,
1123 2482 1253 2530 tom.
1284 2471 1419 2540 VIII,
1443 2487 1568 2544 pag.
1598 2473 1724 2540 262,
1761 2472 1848 2529 ed.
1882 2472 2000 2529 Vct.
2030 2471 2186 2527 EDI‘I'.

875 2871 1124 2958 ΤΟΥ
1191 2873 1342 2961 ΕΝ
1429 2870 1856 2960 ΑΓΙΟΙΣ
1925 2865 2423 2958 ΠΑΤΡΟΣ
2499 2873 2545 2952 Ε

1191 2873 1342 2961 ΕΝ
1429 2870 1856 2960 ΑΓΙΟΙΣ
1925 2865 2423 2958 ΠΑΤΡΟΣ
2499 2867 2859 2955 ΗΜΩΝ

1461 3077 2276 3200 ΒΑΣΙΛΕΙΟΥ

1112 3297 1670 3350 ΔΡΧΙΕΠΙΣΚΟΙΙΟΥ
1706 3297 2113 3349 ΚΛΙΣΑΡΕῘᾹΣ
2148 3295 2640 3348 ΚΑΠΠΑΔΟΚΙΑΣ

1444 3457 2282 3551 ΑΝΑΤΡΕΠΤΙΚΟΣ

907 3645 1042 3703 ῙὈΥ
1064 3644 1637 3700 ΑΠΟΛΟΓΗΤῙΚΟΥ
1677 3644 1818 3696 ΤΟΥ
1851 3645 2264 3698 ΔΥΣΣΕΒΟΥΣ
2302 3647 2688 3700 ιςΥΝΟΜΙΟΥ
2722 3644 2855 3716 (Si).

1621 3806 1982 3896 ΛΟΓΟΣ
2019 3802 2127 3888 Α’.

1270 4305 1398 4434 S.
1451 4308 1583 4430 P.
1635 4308 1780 4429 N.
1846 4297 2480 4432 BASILII.

645 4585 1229 4678 CESAREIE
1301 4579 2069 4676 CAPPADOCIJE
2140 4570 3115 4694 ARCHIEPISCOPI,

1700 4799 2079 4914 LIBRI

770 5025 1069 5104 QUIBUS
1113 5024 1351 5088 ΙΜΡΙΙ
1395 5018 1771 5089 ΕΠΝΟΜΙΙ
1818 5011 2440 5081 APOLOGETICUS

1328 5024 1351 5085 I
1395 5018 1771 5089 ΕΠΝΟΜΙΙ
1818 5010 2450 5081 APOLOGETICUS
2500 5007 2998 5073 EVERTII’UR.

1283 5349 1444 5421 207
1500 5335 1847 5423 LIBER
1924 5329 2408 5421 PRIMUS.

349 5498 401 5553 l.
433 5498 494 5550 Εἰ
529 5497 624 5566 μὲν
653 5495 930 5548 ἐϐούλοντο
956 5493 1182 5559 πάντες,
1218 5490 1302 5560 ἐφ’
1327 5490 1418 5552 οὓς
1452 5489 1510 5541 τὸ
1538 5489 1704 5556 ὄνομα.
1743 5485 1836 5538 τοῦ
1867 5491 1909 5544 Α
2008 5486 2019 5537 i

1815 5485 1836 5537 5
1867 5491 1909 5544 Α
2008 5485 2057 5537 1.
2101 5482 2154 5536 Si
2188 5496 2396 5546 omnes,
2428 5492 2587 5546 super
2614 5490 2746 5545 quos
2785 5487 2974 5528 nomen
3017 5471 3106 5526 Dei
3147 5485 3210 5524 ac
3244 5469 3485 5525 Salvato-

277 5589 414 5642 Θεοῦ
466 5589 560 5640 καὶ
602 5587 845 5656 Σωτῆρος
881 5586 1032 5656 ἡμῶν
1075 5583 1241 5652 Ἰησοῦ
1272 5581 1504 5652 Χριστοῦ
1539 5579 1830 5648 ἐπικέκλη-
1939 5591 1947 5628 t

1812 5609 1830 5617 -
1939 5575 2014 5630 ris
2047 5573 2212 5626 nostri
2247 5571 2371 5625 Jesu
2403 5567 2599 5624 Chrisu
2641 5569 2938 5620 invocatnm
2978 5576 3082 5627 est,
3122 5562 3256 5617 nihil
3287 5564 3482 5617 voluis-

279 5701 390 5744 ται,
417 5679 578 5751 μηδὲν
607 5682 670 5749 τῇ
709 5655 931 5750 ἀληθείᾳ
959 5675 1050 5728 τοῦ
1080 5675 1404 5740 Εὐαγγελίου
1435 5672 1829 5742 παρεγχειρεῖν,
1938 5683 1949 5720 ε

1815 5710 1829 5732 ,
1938 5674 2289 5720 sent-tentare
2322 5674 2373 5717 et
2408 5662 2615 5731 aggredi
2647 5668 2840 5730 prmter
2873 5657 3145 5728 Evangelii
3178 5655 3480 5721 veritatem,

358 5841 467 5903 (Si)
501 5839 602 5894 Tot
646 5848 770 5892 sunt
821 5838 932 5891 fere
965 5835 1101 5889 tituli
1127 5835 1282 5896 varii,
1319 5843 1445 5902 quot
1471 5831 1702 5904 codices.
1735 5829 1826 5881 Vir
1932 5827 2028 5904 tiqt

1812 5845 1826 5881 [-
1932 5827 2082 5904 tique
2105 5825 2399 5904 suo~codice
2419 5823 2510 5876 τοῦ
2543 5823 2763 5901 city-too...
2793 5821 3169 5904 CEV'C’LKIé’QEIXbS
3196 5820 3287 5900 tofi
3323 5820 3482 5904 “Alm—

287 5893 625 5967 do‘ctis'simrus
649 5909 998 5964 Combeﬁsius
1023 5907 1120 5962 sibi
1153 5893 1500 5972 lcgerc'visus
1533 5911 1611 5958 est
1637 5903 1686 5954 in
1729 5915 1821 5952 an-
1932 5895 1957 5946 λ

1811 5927 1821 5938 -
1932 5894 2214 5963 λογητικοῦ
2251 5895 2340 5947 τοῦ
2372 5895 2658 5956 ὀυςςεϐοὖς
2702 5893 2983 5961 Εὐνομία),
3021 5893 3318 5958 Conl'tttatio
3350 5894 3481 5942 Ano-
