4230 6498
794 406 896 454 4ου

2118 412 2176 469 S.
2214 412 2455 467 BASHJI
2499 415 2712 470 MAGM

3921 436 4023 490 500

791 519 883 567 sed
946 516 1234 567 traditione
1291 518 1656 583 aposmlorum
1716 518 1948 587 lideique
2010 523 2461 591 simplieitatek

2352 542 2357 576 ξ
2386 530 2431 586 Α
2458 529 2524 597 τῇ
2552 528 2606 579 δὲ
2635 530 2927 601 παραδόσει
2952 534 3056 586 τῶν
3088 535 3400 589 ἀποστόλων
3425 537 3515 592 καὶ
3540 543 3603 610 τῇ
3638 542 3902 619 ἁπλότητι
3928 550 4022 619 τῆς

793 608 1031 661 contenti
1054 622 1196 670 esse,
1230 608 1364 661 nihil
1389 624 1529 663 nunc
1553 626 1688 680 opus
1717 612 1874 667 nobis
1900 624 2041 670 esset
2070 622 2312 673 oratione
2339 638 2351 674 :

792 699 886 752 sed
917 714 1076 767 quam
1111 699 1179 751 ab
1207 699 1359 753 initio
1391 702 1654 756 coluimus
1690 706 2133 772 taciturnitatem,
2166 712 2355 763 etiam-

793 806 917 842 num
952 793 1173 845 omnino
1207 793 1676 860 amplecterentur.
1706 798 1774 849 At
1802 799 1947 851 enim
1984 815 2103 854 cum
2147 801 2353 856 verita-

794 884 865 936 tis
906 884 1152 937 inimicus
1185 896 1381 953 praeter
1410 902 1472 938 ea
1502 903 1620 955 quae
1649 905 1678 941 a
1711 890 1975 958 principio
2018 894 2072 948 in
2116 893 2353 951 Ecclesia

790 974 883 1026 Dei
934 978 1175 1030 conserit
1210 976 1416 1029 zizania
1446 976 1515 1043 ³³,
1548 980 1926 1036 additamentis
1978 998 2190 1054 semper
2239 1001 2357 1040 rna-

790 1068 899 1121 lum
944 1078 1164 1137 augeat,
1220 1085 1471 1138 nuncque
1517 1074 1870 1127 inStrumenta
1929 1092 2142 1129 omnem
2194 1078 2353 1132 simul

791 1161 906 1229 ejus
954 1170 1124 1212 artem
1174 1163 1519 1230 suscipientia
1572 1180 1783 1232 nactus,
1826 1182 1923 1237 per
1956 1168 2351 1224 Christianisnii

790 1252 1209 1320 simulationem,
1241 1256 1580 1323 negationem
1617 1258 1835 1315 deitatis
1880 1261 2151 1329 Unigeniti
2183 1263 2354 1317 intro-

790 1345 971 1409 ducat,
1007 1356 1228 1399 externa
1264 1348 1352 1400 illa
1402 1364 1463 1402 ac
1491 1365 1626 1402 vana
1658 1354 1921 1420 sapientia
1956 1355 2242 1420 puritatem
2289 1370 2351 1410 ac

791 1437 1188 1505 simplicitatem
1226 1440 1485 1494 docuinzn
1520 1442 1681 1496 divini
1719 1444 1951 1509 Spiritus
1997 1452 2347 1511 conturbans,

792 1545 853 1582 ac
885 1530 1062 1583 verbis
1096 1532 1541 1600 persuasibilibus
1567 1537 1610 1566 ⁵³
1645 1536 2001 1604 simpliciores
2044 1540 2348 1605 scducens;

790 1624 1092 1677 necessario
1122 1638 1173 1677 et
1206 1641 1326 1691 nos,
1361 1639 1467 1679 tum
1503 1642 1719 1696 propter
1757 1644 1997 1684 vestrum
2039 1632 2127 1698 qui
2177 1631 2350 1699 impe-

788 1715 949 1769 rastis
1020 1729 1294 1779 amorem,
1363 1726 1472 1770 tum
1547 1730 1763 1788 propter
1825 1735 2060 1773 nostram
2113 1722 2348 1789 ipsorum

790 1808 1155 1873 securitatem,
1195 1820 1434 1861 neStram
1488 1808 1703 1864 interim
1762 1811 2181 1866 imbecillitatem
2243 1830 2345 1868 non

790 1910 1062 1961 curantes,
1090 1912 1395 1967 quanquam
1433 1902 1482 1953 in
1519 1903 1619 1954 hoc
1650 1900 1858 1953 dicendi
1905 1918 2098 1970 genere
2134 1906 2348 1959 inexer-
2381 1896 2422 1949 Β

789 1990 938 2043 citati
983 2004 1191 2056 sumus,
1229 2002 1405 2044 tamen
1451 2006 1547 2059 pro
1600 1993 1791 2044 tradita
1848 1996 2002 2048 nobis
2046 2008 2077 2047 a
2126 1994 2350 2052 Domino

789 2084 1028 2139 scientiae
1066 2099 1333 2143 mensura,
1369 2092 1425 2135 et
1472 2084 1688 2136 veritati
1735 2086 2086 2152 patrocinari,
2117 2100 2171 2142 et
2201 2105 2352 2143 men-

790 2179 1001 2232 dacium
1054 2176 1330 2228 confutare
1386 2176 1714 2242 recepimus;
1766 2178 1867 2230 rati
1914 2194 1944 2231 e
1990 2179 2159 2234 tribus
2194 2181 2351 2237 bonis

791 2285 953 2320 unum
990 2268 1175 2320 saltem
1202 2267 1422 2321 omnino
1455 2282 1841 2323 consecuturos
1887 2284 1984 2323 nos
2020 2288 2031 2323 :
2074 2272 2348 2339 nimirum,

788 2370 880 2413 aut
917 2359 982 2413 iis
1028 2362 1117 2427 qui
1164 2360 1273 2427 jatn
1324 2364 1679 2429 pra-occupati
1732 2370 1876 2425 sunt,
1928 2362 2349 2420 confutationem

788 2453 953 2521 208
981 2451 1118 2504 hanc
1148 2452 1289 2503 velut
1320 2451 1489 2503 morbi
1533 2452 1824 2504 remedium
1864 2453 2105 2520 daturos,
2147 2470 2238 2511 aut
2268 2474 2353 2513 sa-

790 2544 874 2595 nis
903 2542 1179 2595 oblaturos
1217 2553 1453 2596 tntatneu
1486 2544 1874 2614 qualecunque,
1909 2558 2002 2601 aut
2045 2560 2211 2614 certe,
2255 2566 2353 2606 nos

791 2635 937 2702 ipsos
981 2637 1073 2702 qui
1118 2638 1316 2689 nostris
1364 2634 1619 2691 fratribus
1666 2640 1865 2705 optime
1904 2642 2350 2708 consuluerimus,

791 2728 1092 2781 mercedem
1151 2728 1459 2795 adepturos.
1517 2728 1615 2795 Qui
1673 2742 1851 2784 autem
1911 2733 2115 2802 primus
2173 2736 2353 2790 dicere

795 2832 979 2890 aperte
1008 2836 1071 2874 ae
1106 2824 1302 2877 docere
1350 2837 1513 2877 ausus
1564 2832 1668 2888 est,
1705 2824 2015 2880 dissimilem
2060 2839 2179 2883 esse
2224 2832 2353 2883 sub-

788 2916 987 2967 stantia
1029 2914 1363 2983 unigenitum
1394 2915 1587 2967 Filium
1640 2918 1746 2970 Deo
1792 2929 1847 2971 et
1892 2918 2059 2984 Patri,
2094 2934 2351 2989 quantum

789 3018 936 3059 certe
983 3021 1080 3057 nos
1131 3006 1396 3069 novimus,
1426 3006 1616 3060 Aetius
1668 3007 1757 3061 ille
1805 3018 1887 3062 est
1928 3010 2116 3078 Syrus,
2145 3017 2207 3065 de
2247 3026 2354 3080 quo

789 3114 894 3151 non
926 3100 1096 3151 dicam
1130 3098 1323 3164 quibus
1360 3100 1426 3150 ab
1454 3096 1606 3151 initio
1644 3098 1936 3154 innutritus
1978 3100 2203 3167 artibus,
2234 3117 2353 3157 sese

792 3192 1095 3260 perniciose
1129 3190 1180 3244 in
1217 3190 1310 3245 Dei
1344 3190 1612 3247 Ecelesias
1644 3194 1947 3259 iutruserit,
1974 3206 2033 3249 ut
2064 3211 2129 3250 ne
2152 3197 2352 3251 omissa

791 3282 1153 3336 confutzitione
1184 3282 1475 3336 conviciari
1522 3283 1726 3336 videar.
1760 3284 1831 3337 At
1860 3284 1910 3336 in
1945 3284 2219 3352 impietate
2261 3286 2351 3354 qui

792 3376 1074 3435 successit,
1111 3388 1335 3441 eamque
1380 3374 1626 3442 perfecit,
1660 3372 1955 3428 Eunomius
1991 3376 2078 3428 hic
2121 3386 2203 3429 est
2248 3376 2356 3431 Ga-

793 3468 919 3529 lata,
949 3466 1038 3535 qui
1068 3466 1167 3519 sibi
1202 3467 1315 3529 ipse
1341 3481 1406 3519 ex
1436 3466 1594 3519 rebus
1624 3466 1952 3532 turpissimis
1978 3468 2353 3523 claritudinem

792 3574 1112 3628 comparans
1145 3558 1347 3627 (Gloria
1379 3560 1536 3621 enim,
1572 3557 1764 3626 inquit,
1790 3562 1846 3611 in
1882 3562 2185 3626 confusione
2217 3562 2357 3629 ipsa-

793 3668 908 3703 rum
926 3651 1014 3720 ⁸³),
1044 3665 1165 3703 cum
1193 3652 1426 3719 reposita
1453 3652 1554 3719 piis
1580 3648 1718 3705 bona
1748 3652 2135 3721 pomposuisset
2164 3654 2357 3709 honori

792 3744 840 3797 ei
874 3757 1030 3813 quem
1072 3759 1129 3797 se
1155 3744 1405 3812 sperabat
1436 3746 1843 3813 acquisiturum,
1866 3746 1909 3799 si
1944 3746 2203 3802 scriberet
2237 3764 2354 3817 quae

866 3943 910 3975 "
947 3942 1136 3998 Matth.
1165 3959 1283 4008 xm,
1322 3944 1413 3999 25.
1488 3944 1533 3975 ⁸³
1560 3943 1576 3996 ι
1608 3942 1731 3998 Cor.
1763 3959 1823 4008 ιι,
1858 3942 1911 3997 4.

796 4130 1003 4198 logeiici
1034 4129 1180 4194 impii
1206 4126 1471 4198 Eunomii.
1504 4128 1606 4181 Sed
1646 4132 1782 4180 bona
1823 4128 1964 4181 illius
1989 4130 2141 4181 venia
2176 4131 2350 4183 dicam

795 4196 863 4271 inf
886 4214 951 4252 eo
979 4198 1113 4249 libro
1163 4212 1265 4271 non
1318 4196 1417 4271 legi
1462 4198 1863 4271 ἀντιρῤητικός,
1902 4200 1993 4271 se_d
2038 4200 2360 4271 ἀνατρεπτιο

796 4270 912 4335 κός,
946 4270 1309 4331 Anatrepticus
1355 4266 1673 4335 Apologetici
1724 4270 1871 4335 impii
1936 4266 2201 4322 Eunomii.
2250 4270 2361 4323 Nec

799 4332 957 4393 aliter
992 4335 1191 4391 habent
1212 4334 1380 4407 editio
1416 4332 1546 4407 Ven}
1582 4348 1655 4407 et,
1678 4334 1828 4401 Regii
1857 4352 2083 4407 quartus
2116 4352 2166 4390 et
2197 4342 2358 4407 quin-

799 4424 907 4468 tus.
940 4409 992 4460 in
1030 4408 1222 4471 quibus
1254 4407 1330 4459 sic
1364 4404 1593 4471 legitur:
1646 4405 2064 4475 Ἀνατρεπτικδς
2098 4408 2189 4460 τοῦ
2216 4404 2359 4460 ’ἀπο-

2460 618 2693 683 πίστεως
2718 622 3057 692 ἑξαρκεῖσθαι
3079 665 3092 689 ,
3121 622 3270 678 οὐδὲν
3295 625 3359 679 ἂν
3386 632 3515 701 ἡμῖν
3538 633 3643 686 ἔδει
3668 618 3842 703 λόγων
3867 646 3923 694 ὲν

2455 712 2699 780 παρόντι,
2732 713 2875 766 ἀλλάι
2897 718 2988 768 καὶ
3022 716 3114 769 νῦν
3161 717 3228 769 ἂν
3257 720 3473 786 πάντως
3512 730 3576 797 ἢν
3617 725 3675 791 ἐξ
3710 728 3889 799 ἀρχῆς
3918 712 4021 787 ετξ-

2457 803 2707 871 μήσαμεν
2752 806 2955 875 σιωπὴν
3000 810 3399 879 ἡσπασάμεθαο
3442 815 3627 889 ἐπειδὴ
3671 818 3728 872 δὲ
3762 819 3790 870 ὁ
3829 822 4019 893 ἐχθρὸς

2450 892 2552 959 τῆς
2584 894 2841 963 ἀληθείας
2874 898 3207 969 προσθήκαις
3240 901 3348 972 (5‘2)
3388 903 3474 955 ἀεὶ
3513 907 3573 957 τὸ
3599 910 3763 964 κακὸν
3799 892 4021 967 πλεονά-

2453 985 2559 1047 ζων
2584 1028 2597 1049 ,
2630 989 2763 1057 πρὸς
2792 984 2873 1052 οἷς
2914 991 2972 1056 ἐξ
3012 994 3183 1062 ἀρχῆς
3216 997 3503 1067 ἐπέσπειρε
3536 998 3792 1069 ζιζανίοις
3825 1009 3890 1076 τῇ
3928 1008 4015 1060 τοῦ

2452 1075 2586 1128 Θεοῦ
2626 1078 2934 1151 Ἐκκλησία,
2962 1083 3055 1135 xa‘t
3074 1082 3167 1136 νῦν
3188 1086 3358 1157 εὑρὼν
3380 1088 3585 1158 ὄργανα
3611 1096 3787 1148 πᾶσαν

2451 1169 2613 1220 αὑτοῦ
2647 1170 2742 1241 τὴν
2770 1170 2961 1241 τέχνην
2988 1175 3369 1244 ὑποδεχόμενα,
3406 1180 3461 1231 ἐν
3501 1184 3852 1251 προσχήματι
3884 1190 4016 1259 Χρι-

2453 1262 2768 1331 στιανισμοῦ
2796 1262 2892 1333 τὴν
2922 1264 3144 1338 ἄρνησιν
3173 1268 3267 1337 τῆς
3293 1269 3541 1342 θεότητος
3563 1272 3651 1326 τοῦ
3684 1278 4016 1347 Μονογενοῦς

2452 1360 2799 1423 παρεισάγει,
2849 1359 2914 1427 τῇ
2964 1358 3160 1423 ἔξωθεν
3190 1361 3359 1433 ταύτῃ
3389 1366 3481 1417 καὶ
3518 1368 3719 1439 ματαία
3754 1374 3916 1443 coci;
3962 1377 4017 1427 τὸ

2451 1446 2690 1516 καθαρὸν
2722 1450 2813 1502 καὶ
2841 1449 3042 1502 ἁπλοῦν
3070 1454 3167 1524 τῆς
3197 1454 3537 1519 διδασκαλίας
3566 1461 3659 1513 τοῦ
3688 1461 3830 1514 θείου
3863 1468 4019 1518 Πνεύ⁴

2455 1557 2621 1609 ματος
2672 1543 2780 1613 (35)
2814 1551 3227 1614 συνταράσσων,
3268 1550 3359 1600 καὶ
3407 1552 3463 1601 ἐν
3503 1553 3849 1624 πιθανολογίᾳ
3895 1560 4016 1620 τοὶς

2450 1634 2547 1685 ἀκε
2558 1638 2734 1703 ραιοτέ
2743 1654 2867 1707 ρους
2890 1640 3376 1711 παρακρουόμενος·
3403 1644 3711 1711 ἀναγκαίως
3728 1649 3819 1700 καὶ
3835 1650 4013 1717 ἡμεῖς,

2449 1726 2535 1779 διά
2572 1745 2629 1778 τε
2658 1730 2754 1799 τὴν
2790 1730 3056 1800 ὑμετέραν
3103 1731 3208 1784 τῶν
3254 1734 3617 1799 ἐπιταξάντων
3666 1742 3884 1810 ἀγάπην
3927 1742 4015 1793 καὶ

2451 1818 2537 1871 διὰ
2566 1820 2625 1871 τὸ
2654 1822 2805 1892 ἡμῶν
2830 1822 3005 1875 αὐτῶν
3032 1822 3140 1892 (Sci)
3166 1826 3424 1895 ἀσφαλὲς,
3452 1829 3508 1879 ἐν
3534 1828 3704 1901 τούτῳ
3727 1835 3827 1901 τῆς
3861 1832 4016 1885 ἀσθε-

2451 1913 2598 1975 νείας
2629 1914 2995 1985 ὑπεριδόντες,
3031 1916 3205 1969 καίτοι
3250 1917 3522 1983 παντελῶς
3554 1921 3889 1993 ἀγύμναστοι
3925 1924 4014 1977 τοῦ

2451 2005 2691 2057 τοιούτου
2736 2008 2909 2071 εἴδους
2938 2007 3043 2059 τῶν
3076 2008 3247 2075 λόγων
3278 2010 3457 2073 ὄντες,
3488 2016 3625 2065 κατά
3658 2016 3716 2066 τὸ
3759 2016 4016 2085 ὲπιχορῃ

2452 2096 2616 2167 γηθὲν
2646 2098 2755 2167 (55)
2787 2101 2914 2169 ἡμῖν
2948 2100 3096 2169 παρὰ
3128 2103 3221 2154 τοῦ
3265 2104 3467 2172 Κυρίου
3501 2106 3596 2174 τῆς
3633 2108 3887 2174 γνώσεως
3935 2111 4018 2179 μέ-

2451 2206 2598 2260 τρον,
2634 2194 2697 2260 τῇ
2730 2210 2788 2243 τε
2814 2191 3038 2262 ἀληθείᾳ
3066 2195 3430 2257 συνίστασθαι,
3462 2198 3555 2250 καὶ
3610 2200 3928 2269 ἀπελέγχειν
3960 2201 4018 2251 τὸ

2451 2280 2644 2348 ψεῦδος
2680 2284 3052 2354 ὑπεδεξάμεθα
3072 2300 3085 2309 ⁸
3136 2288 3266 2356 ήγού
3278 2306 3423 2357 μενοι
3463 2291 3626 2361 τριῶν
3656 2290 3873 2358 ἀγαθῶν
3904 2292 4023 2356 ἑνὸς

2452 2390 2513 2441 γε
2542 2374 2755 2437 πάντως
2794 2376 2867 2446 μὴ
2895 2379 3301 2448 ἁμαρτήσεσθαι
3326 2398 3337 2409 ·
3363 2384 3394 2450 ἢ
3428 2382 3534 2453 γὰρ
3567 2387 3678 2446 τοῖς
3709 2384 3807 2454 ἥδη
3842 2402 4021 2455 προει-

2451 2466 2750 2536 λημμένοις
2792 2468 3144 2539 ἀλεξητήριον
3187 2474 3277 2524 τοῦ
3315 2474 3482 2526 κο.κοῦ
3528 2476 3617 2527 τὸν
3662 2477 3879 2544 ἔλεγχον
3916 2476 4017 2529 δῶ·

2454 2575 2565 2610 σειν
2588 2575 2601 2586 '
2641 2560 2672 2627 ἢ
2709 2560 2948 2628 φυλακὴν
2982 2562 3203 2630 μετρίαν
3233 2565 3487 2635 παρέξειν
3511 2569 3624 2627 τοῖς
3654 2567 3978 2632 ὑγιαίνουσιν
4003 2583 4013 2592 ·

2452 2652 2484 2721 ἢ
2514 2653 2729 2713 πάντως
2758 2668 2819 2718 γε
2858 2652 3009 2705 αὐτοὶ
3039 2654 3145 2705 τῶν
3174 2658 3262 2708 ἐπὶ
3289 2656 3365 2726 τῷ
3403 2658 3723 2727 προελέσθαι
3760 2657 3871 2726 (56)
3909 2662 4019 2719 τοῖς

2452 2743 2696 2812 ἀδελφοῖς
2743 2744 2895 2815 ἡμῶν
2947 2744 3016 2798 τὰ.
3064 2746 3311 2815 βέλτιστα
3365 2748 3569 2818 μισθῶν
3621 2749 4013 2816 ὲττιτεύξεσθαι.

2456 2836 2610 2888 Ἔστι
2644 2838 2699 2890 δὲ
2727 2840 2754 2890 ὁ
2789 2838 2883 2908 μὲν
2914 2838 3127 2909 πρῶτος
3160 2842 3331 2893 εἰπεῖν
3378 2841 3625 2912 φανερῶς
3673 2843 3766 2895 καὶ
3817 2843 4017 2905 διδάξαι

2451 2928 2722 2999 τολμήσας
2750 2933 2998 3000 ἀνόμοιον
3028 2927 3164 2985 εἶναι
3211 2935 3350 2987 κατὰ
3374 2934 3471 3004 ’τὴν
3508 2936 3694 2988 οὐσίαν
3726 2938 3816 2988 τὸν
3868 2954 4019 3005 μονο-

2452 3020 2585 3089 γενῆ
2624 3020 2751 3073 Ἰῖιὸν
2785 3020 2861 3089 τῷ
2887 3022 3003 3091 Θεῷ
3039 3025 3131 3075 καὶ
3163 3025 3356 3093 ﬂat-pi,
3389 3026 3487 3077 ὅσα
3526 3044 3589 3093 γε
3637 3029 3795 3094 ἡμεῖς
3844 3028 4014 3092 ἴσμεν.

2466 3112 2667 3177 Ἀέτιος
2714 3114 2741 3167 δ
2773 3112 2943 3186 Σύρος
2964 3154 2976 3177 ,
3009 3114 3066 3166 ὃν
3097 3115 3195 3167 οὐκ
3225 3115 3362 3184 ἐρῶ,
3398 3119 3657 3179 ποδαποῖς
3692 3118 3804 3185 (57)
3859 3118 3918 3168 τὸ
3964 3117 4019 3179 ἐξ

2456 3206 2631 3278 ἀρχῆς
2684 3209 3114 3278 ἐπιτετραμμένος
3168 3207 3587 3278 ἐπιτηδεύμασι,
3638 3211 3757 3271 ταῖς
3798 3208 4019 3277 Ἐκκλη-

2460 3302 2598 3363 σίαις
2644 3301 2736 3353 τοῦ
2762 3301 2895 3353 Θεοῦ
2931 3301 3133 3371 προῖὼν
3161 3300 3475 3370 είσεφθάρη,
3510 3302 3595 3353 ἵνα
3628 3302 3701 3371 μὴ
3735 3301 3871 3367 δόξω
3918 3302 4019 3354 λοι-

2450 3391 2643 3461 δορεῖν,
2673 3392 2779 3443 τῶν
2808 3393 3041 3461 ἐλέγχων
3069 3392 3336 3463 ἀφέμενος
3364 3408 3377 3422 ·
3408 3395 3434 3445 ὁ
3462 3392 3517 3445 δὲ
3550 3393 3908 3463 ἐκδεξάμενος
3926 3396 4019 3461 τὴν

2450 3482 2699 3535 ἀσέϐειαν
2734 3484 2828 3536 καὶ
2859 3483 3149 3548 τελειώσας
3174 3486 3341 3555 αὐτὴν
3376 3486 3636 3556 Εὑνόμιος
3667 3480 3819 3549 οὗτος
3864 3487 3892 3537 ὁ
3920 3484 4023 3537 Γα-

2452 3576 2620 3647 λάτης
2654 3574 2789 3646 (58),
2837 3577 2916 3642 ὃς,
2958 3580 3021 3632 ὲκ
3061 3579 3168 3631 τῶν
3197 3580 3487 3649 αἰσχίστων
3528 3578 3703 3647 ἐαυτῷ
3738 3580 3839 3645 τὴν
3871 3594 4019 3645 περι-

2456 3668 2679 3736 φάνειαν
2731 3669 3006 3740 κτώμενος
3054 3672 3158 3741 (Ἡ
3196 3672 3305 3741 γὰρ
3356 3672 3536 3731 δόξα,
3588 3670 3776 3737 φησιν,
3844 3671 3912 3720 ἐν
3952 3666 4025 3734 τῇ

2462 3759 2721 3826 αἰσχύνῃ
2754 3757 2968 3827 αὐτῶν)
2990 3799 3003 3822 ,
3048 3761 3143 3829 τὴν
3176 3760 3238 3810 ὲκ
3289 3757 3377 3810 τοῦ
3407 3757 3611 3828 γράψαι
3644 3756 3679 3810 ἃ
3708 3758 3901 3828 μηδεὶς
3932 3757 4021 3811 ἀλ·

1990 3944 2036 3974 ⁸⁸
2072 3944 2301 4015 Philipp.
2338 3962 2423 4014 ιιι,
2450 3950 2537 4005 19·

2467 4127 2517 4179 in
2552 4125 2709 4179 editis
2745 4126 3095 4179 desideratur.

2537 4196 2829 4265 (55)(3011).
2883 4206 2935 4248 et
2993 4195 3124 4263 Reg.
3183 4196 3403 4263 quintus
3440 4202 3583 4247 κατά
3626 4196 3688 4247 τὸ
3722 4198 4023 4268 ἐπιμετρη-

2469 4265 2581 4329 θέν,
2608 4267 2793 4321 eodem
2814 4281 2996 4327 sensu,
3033 4282 3124 4332 pro
3157 4270 3399 4318 admenso
3435 4268 3581 4318 nobis
3606 4265 4022 4321 scientitemodo.

2544 4335 2652 4405 (56)
2686 4336 2835 4390 Colb.
2868 4337 2923 4388 ὲν
2957 4334 3032 4404 τῷ
3060 4334 3398 4406 προελέσθαι.

2542 4406 2653 4475 (57)
2682 4406 2818 4458 Editi
2858 4421 2977 4458 cum
3014 4406 3280 4475 aliquibus
3306 4421 3435 4459 mss.
3464 4409 3745 4469 ποταποῖς.
3780 4408 4020 4460 Aliimss.

795 4455 1084 4549 λογῆτικέῦ
1116 4458 1530 4549 Εὑνομίουδιινῖε
1564 4489 1612 4529 et
1646 4476 1779 4549 illud
1806 4455 2120 4549 notandttin,
2168 4478 2270 4542 legi
2312 4479 2363 4529 in
2396 4455 2441 4509 θ

1564 4489 1612 4529 et
1646 4476 1779 4549 illud
1806 4455 2120 4549 notandttin,
2168 4478 2270 4542 legi
2312 4479 2363 4529 in
2396 4455 2441 4509 θ
2476 4455 2911 4549 nuinei‘oplures
2943 4455 3216 4549 ποδαποῖς.

798 4543 930 4617 Reg:
965 4548 1176 4614 quinto,
1210 4543 1335 4599 ante
1370 4548 1603 4607 titulum,
1628 4544 1722 4617 τοῦ
1758 4543 2128 4615 βροντοφώνου
2153 4549 2247 4599 καὶ
2288 4564 2368 4597 σοι

798 4616 901 4689 φοῦ
932 4617 1237 4677 Βασιλείου,
1274 4617 1459 4689 Basilii
1515 4616 1745 4689 tonantis
1794 4634 1857 4689 nc
1919 4618 2187 4689 sapientis.
2234 4617 2363 4689 lieg.

799 4684 1009 4757 primus
1065 4688 1381 4756 simpliciter
1428 4686 1548 4757 ἕατ’
1603 4684 1887 4757 Εὑνομίου,
1925 4688 1980 4736 in
2025 4686 2362 4757 Eunomium.

800 4756 934 4829 Reg.
968 4759 1237 4812 secundus
1272 4760 1392 4809 κατ’
1427 4756 1715 4829 Εὑνομίοο,
1747 4756 2157 4829 ἀντιρρητικός,
2184 4770 2369 4829 contra

799 4824 1142 4884 Eunomium.
1187 4830 1497 4894 confatalia.
1567 4824 1807 4887 Denique
1855 4824 2021 4879 codex
2071 4827 2219 4880 (Jolb.
2273 4824 2367 4876 τοῦ

797 4900 953 4966 ἁγίου
1001 4898 1279 4949 Βασιλείου
1331 4896 1436 4948 τῶν
1484 4896 1619 4966 πρὸς
1671 4896 1935 4965 Εὐνόμιον
1972 4895 2369 4966 ἀντιρῤτγτικῶν

798 4965 914 5037 λόγ.
946 4967 1014 5022 α’.
1049 4968 1205 5020 Liber
1230 4970 1429 5033 primus
1473 4965 1935 5019 amirrlteticorum
1969 4965 2138 5019 sancti
2176 4965 2367 5019 Basilii

800 5053 981 5091 contra
1011 5038 1347 5091 Eunomium.

873 5112 983 5175 (Si)
1013 5110 1188 5161 Editio
1216 5108 1387 5160 Paris.
1417 5120 1470 5161 et
1503 5122 1631 5160 mss.
1661 5122 1764 5159 non
1800 5105 1955 5173 pauci
1990 5108 2017 5157 ὁ
2048 5106 2239 5175 ἐχθρὸς
2270 5106 2370 5175 τῆς

802 5179 1057 5247 ἀληθείας
1088 5178 1350 5242 διάϐολος,
1385 5178 1618 5230 veritatis
1657 5178 1899 5229 inimicus
1948 5178 2188 5228 diabolus
2226 5192 2243 5229 :
2276 5177 2369 5247 sed

800 5246 906 5301 vnx
933 5248 1177 5310 διάϐολος
1210 5264 1313 5300 non
1346 5250 1617 5300 invenitur
1646 5264 1816 5314 neque
1848 5248 1896 5299 iu
1932 5248 2084 5301 Colb.
2112 5260 2287 5314 neqoe
2314 5246 2365 5297 in

804 5319 937 5387 Reg.
962 5322 1168 5383 quinto.
1203 5334 1375 5385 neque
1417 5320 1467 5369 itt
1504 5317 1741 5369 editione
1771 5316 1898 5370 Ven.
1946 5316 2094 5369 Unde
2122 5316 2370 5387 suspicor

800 5386 985 5444 vocem
1020 5388 1261 5451 διάϐολος
1305 5387 1536 5456 primum
1573 5388 1641 5439 ab
1665 5387 1847 5453 aliquo
1897 5387 2119 5439 librario
2150 5386 2368 5454 apposi-

805 5468 911 5510 tam
952 5457 1117 5513 fuisse
1142 5460 1191 5510 itt
1224 5474 1317 5511 ora
1350 5459 1429 5510 sui
1460 5457 1607 5517 libri,
1638 5465 1695 5509 ut
1728 5457 1989 5509 indicaret
2026 5456 2204 5509 verbis
2238 5456 2366 5518 illis,

801 5528 831 5581 6
853 5528 1045 5600 ἐχθρὸς
1071 5530 1169 5599 τῆς
1190 5527 1468 5598 ἀληθείας,
1500 5528 1600 5580 line
1620 5527 1733 5600 loco
1754 5526 2367 5600 diabolumsigniﬁcari.

804 5596 935 5651 Cum
958 5596 1137 5651 autem
1185 5596 1289 5651 non
1346 5614 1469 5650 raro
1499 5599 1801 5660 contingat,
1830 5609 1887 5647 ut
1920 5596 2082 5649 leetio
2130 5596 2308 5663 aliqua
2341 5610 2370 5648 e

805 5674 1046 5736 margine
1073 5671 1123 5723 in
1152 5681 1353 5724 textum
1397 5669 1620 5733 irrepat,
1651 5666 1699 5719 id
1746 5666 1833 5719 hic
1866 5667 2160 5736 contigisse
2202 5674 2367 5736 puto;

804 5742 870 5791 ob
896 5740 1056 5804 idque
1079 5756 1195 5793 eam
1228 5753 1408 5793 vocent
1434 5737 1687 5804 expunxi.

872 5809 985 5877 (55)
1014 5811 1187 5865 Codex
1226 5812 1375 5865 Colb.
1410 5808 1505 5861 τοῦ
1539 5807 1693 5874 ἁγίου
1720 5808 2053 5877 Ιίνεύματος.

874 5876 985 5951 (ὅτε)
1012 5881 1227 5953 Antiqui
1259 5882 1362 5937 duo
1392 5879 1511 5936 libri
1546 5878 1698 5951 ἡμῶν
1727 5876 1923 5935 αὐτῶν.
1956 5878 2066 5938 Vox
2103 5876 2365 5948 posterior

2546 4543 2655 4613 (58)
2686 4542 2838 4602 Illud,
2881 4544 2909 4595 ὁ
2950 4543 3213 4611 Γαλάτης,
3253 4542 3477 4613 deestin
3520 4541 3661 4613 Reg.
3697 4545 3876 4597 tertio.
3924 4544 4024 4596 Nec

2476 4611 2728 4681 cuiquam
2762 4613 2952 4664 mirum
2988 4612 3156 4665 videri
3184 4611 3359 4675 debet,
3383 4612 3425 4664 si
3448 4627 3551 4681 vox
3578 4612 3823 4679 Γαλάτης
3856 4614 3907 4665 in
3930 4614 4021 4667 hoc

2475 4680 2607 4751 Reg.
2641 4682 2775 4735 libro
2820 4697 2925 4734 non
2982 4683 3219 4749 legatur,
3278 4695 3399 4733 eum
3431 4680 3725 4748 Gregorius
3755 4682 4023 4751 Nyssenus

2474 4762 2691 4806 moneat
2720 4766 2837 4802 eam
2873 4766 3059 4803 vocem
3110 4752 3160 4803 in
3196 4751 3464 4818 aliquibus
3497 4766 3623 4805 mss.
3682 4754 3868 4805 statim
3909 4764 4024 4809 post

2476 4834 2702 4876 mortem
2737 4819 2915 4874 Basilii
2948 4822 3215 4874 inventam
3270 4836 3372 4873 non
3416 4821 3599 4875 fuisse.
3634 4820 3764 4874 Nam
3795 4838 4023 4890 conque-

2477 4891 2615 4946 renti
2646 4890 2927 4952 Eunomio,
2954 4902 3200 4945 vocatum
3232 4906 3288 4944 se
3312 4904 3430 4944 esse
3468 4906 3497 4945 a
3540 4892 3733 4944 Basilio
3759 4893 4021 4953 Galatam,

2474 4978 2595 5015 cum
2636 4972 2778 5025 esset
2831 4960 3140 5029 Cappadox,
3193 4962 3463 5028 respondit
3496 4959 3790 5029 Gregorius
3822 4966 3921 5016 hoc
3970 4963 4020 5014 in

2476 5034 2586 5086 suis
2616 5030 2892 5084 codicibus
2920 5048 3024 5084 non
3053 5030 3299 5099 reperiri.
3333 5029 3429 5084 Ubi
3478 5032 3795 5094 natandum,
3827 5034 4021 5101 Grego—

2477 5104 2615 5155 rium
2660 5116 2768 5153 retn
2816 5116 2919 5154 non
2964 5116 3206 5169 negasse,
3238 5100 3329 5153 sed
3365 5101 3686 5170 simpliciter
3716 5100 3949 5161 dixisse,
3971 5102 4017 5154 id

2478 5172 2531 5243 in
2560 5171 2900 5243 suisdeesse
2929 5171 3345 5243 exemplaribus.
3380 5170 3508 5243 luto,
3551 5186 3611 5225 ut
3645 5189 3771 5226 mox
3806 5174 4019 5243 patebit,

2476 5242 2767 5309 Gregorius
2791 5242 2903 5307 ipse
2938 5240 3192 5295 Basilium
3228 5242 3525 5304 excusavit,
3565 5240 3817 5311 tanquam
3844 5244 3889 5298 si
3921 5242 4021 5295 Eu-

2480 5314 2716 5365 nomium
2742 5311 2983 5364 Galatam
3008 5320 3275 5366 vocasset.
3300 5311 3478 5377 Quare
3500 5313 3729 5367 Basilius
3762 5330 3865 5366 non
3895 5314 4020 5377 inju-

2478 5383 2554 5435 ria
2586 5382 2731 5435 credi
2762 5393 2958 5448 potest,
2973 5381 3025 5435 in
3050 5396 3290 5435 errorem
3303 5383 3719 5451 geographicum
3741 5383 4016 5437 incidisse:

2477 5452 2774 5519 prasertim
2808 5467 2927 5505 eum
2960 5452 3086 5505 editi
3112 5462 3165 5504 et
3201 5451 3416 5505 codices
3456 5468 3667 5517 omnes,
3700 5454 3743 5505 si
3788 5452 4018 5519 excipia-

2478 5533 2562 5574 tur
2585 5521 2715 5588 Reg.
2734 5522 2945 5584 tertius,
2968 5536 3159 5587 magno
3182 5523 3323 5575 inter
3352 5537 3410 5575 se
3436 5537 3702 5575 consensu
3724 5538 3909 5576 vocem
3930 5522 4021 5573 Γα-

2476 5592 2644 5658 λάτης
2690 5592 2997 5644 exhibeant.
3048 5591 3182 5644 Puto
3224 5591 3383 5658 igitur
3434 5591 3688 5646 Basiliam
3751 5596 4021 5658 scripsisse

2479 5610 2575 5645 Αατ
2619 5610 2644 5653 ς
2690 5610 2997 5644 exrnoeam.
3048 5610 3182 5644 ruto
3224 5610 3383 5658 igitur
3434 5610 3688 5646 nastunm
3751 5610 4018 5658 SCI‘IDSlSSE

2476 5610 2719 5731 Γαλάτης
2751 5663 2891 5731 :Ased
2923 5662 2973 5713 id
3006 5677 3195 5715 nomen
3227 5662 3456 5731 deletum
3498 5661 3664 5715 fuisse
3710 5666 3779 5717 ab
3827 5665 4018 5730 aliquo,

2476 5736 2565 5799 qui
2597 5728 2740 5800 (egre
2772 5728 2934 5783 ferret
2980 5733 3224 5784 tuendam
3259 5730 3339 5783 vel
3373 5732 3651 5785 minimam
3687 5735 3738 5787 in
3790 5728 3933 5787 illius
3961 5734 4021 5782 li-

2477 5804 2587 5856 bris
2618 5802 2869 5864 inveniri,
2916 5802 3115 5870 quique
3168 5800 3397 5855 fortasse
3428 5801 3787 5857 arbitraretnr
3816 5819 3875 5857 se
3898 5802 4021 5856 Gre-

2473 5876 2622 5944 gorio
2676 5888 2787 5929 rem
2836 5882 3039 5941 gratam
3094 5870 3378 5939 facturum,
3429 5872 3473 5927 si
3516 5872 3656 5926 hanc
3701 5876 3964 5931 maculant
3993 5889 4021 5925 e
