4230 6500
303 447 404 500 501

1383 448 1749 507 ADVERSUS
1787 454 2146 514 EUNOMIUM
2186 462 2313 518 LIB.
2356 464 2397 517 1.

3404 478 3505 532 50?.

303 557 395 619 λος
436 553 729 624 τετόλμηκε
774 554 987 609 πώποτε
1023 558 1323 628 φιλοτιμίαν
1357 560 1461 612 τῶν
1489 563 1861 633 ἀπονειμένων
1888 580 1933 633 Α
1961 588 1973 626 ι

1835 583 1861 618 ν
1888 580 1933 633 Α
1961 572 2137 627 nullus
2169 589 2401 641 unquam
2434 574 2568 629 alius
2599 592 2757 633 ausus
2786 580 2994 644 fuisset,
3023 581 3098 636 sic
3132 588 3310 639 animo
3337 586 3505 641 elatus

302 649 415 708 τοῖς
447 644 720 697 εὐσεϐέσιν
764 647 981 714 ἀγαθῶν
1024 652 1383 721 προτιμήσας,
1419 652 1507 704 ὑπ’
1535 654 1718 708 ὀδόντα
1748 656 1856 726 (59)

301 738 437 800 τέως
466 736 793 807 λαλουμένην
823 738 919 808 τὴν
953 739 1295 811 βλασφημίαν
1334 742 1541 814 ἐπήρθη
1580 746 1859 816 δημοσιεῦ-

304 846 393 879 σαι
424 828 501 898 τῷ
522 827 752 900 λαμπρῷ
774 829 944 899 τούτῳ
967 830 1319 900 συντάγματι,
1343 834 1580 904 ἀρχηγὸς
1599 836 1690 889 καὶ
1713 855 1860 907 πρω-

301 920 563 989 τοστάτης
594 920 718 989 ὅλης
761 922 1018 991 αἱρέσεως
1063 922 1433 993 ἀναρρηθῆναι
1483 926 1859 998 φιλοτιμούμε-

301 1028 409 1073 νος.
452 1012 654 1081 Ὀνπερ
687 1007 776 1064 οὖν
816 1014 905 1064 καὶ
940 1012 1178 1067 εὐθύνειν
1211 1017 1485 1085 πρόκειται
1529 1019 1656 1087 ἡμῖν
1691 1022 1747 1071 ἐν
1782 1021 1857 1091 τῷ

301 1101 547 1171 παρόντι.
613 1102 756 1164 Ἑνές
797 1102 853 1154 δὲ
903 1104 1070 1155 κακοῦ
1114 1107 1169 1157 ἐν
1216 1108 1542 1180 ἀμφοτέροις
1586 1112 1855 1182 ὑπάρχον-

298 1208 413 1255 τος,
452 1192 627 1260 δῆλον,
667 1194 739 1255 ὡς
768 1195 824 1245 ἐν
969 1195 1181 1267 μαθητῇ
1211 1200 1285 1269 τῷ
1314 1204 1725 1274 κατηρτισμένῳ
1766 1208 1857 1258 καὶ

298 1284 326 1333 ό
369 1282 677 1345 διδασκαλος
726 1286 1313 1359 συναπελεγχθήσεται,
1362 1293 1390 1343 ό
1445 1294 1513 1346 τὰ
1572 1297 1855 1366 σπέρματα

299 1373 400 1442 τῆς
430 1374 676 1436 ἀσεϐείας
706 1376 1131 1447 καταϐαλόμενος
1154 1380 1282 1452 (60)·
1315 1384 1469 1453 εἴπερ
1494 1384 1555 1455 δὴ
1574 1386 1855 1457 ὑπάρξειεν

299 1466 428 1533 ἡμῖν
459 1463 543 1514 διὰ
580 1463 686 1516 τῶν
735 1468 1044 1536 προσευχῶν
1082 1468 1233 1537 ὑμῶν
1265 1472 1528 1541 τοσαύτην
1557 1472 1733 1525 λαϐεῖν
1761 1475 1852 1527 τοῦ

296 1553 451 1619 λόγου
472 1553 718 1623 δύναμιν,
746 1555 881 1609 ὥστε
908 1558 1047 1609 κατὰ
1078 1559 1166 1611 τὸν
1190 1559 1432 1633 ζηλωτὴν
1463 1566 1640 1626 Φινεὲς
1658 1568 1717 1634 τῇ
1758 1569 1853 1637 μιᾷ

292 1644 473 1712 πληγῇ
505 1644 594 1696 τοῦ
629 1645 848 1714 ἐλέγχου
892 1648 1214 1720 ἀμφοτέρων
1247 1651 1379 1720 όμοῦ
1413 1652 1727 1706 καθικέσθαι
1744 1656 1851 1709 τῶν

291 1734 433 1786 κατά
465 1739 561 1805 τὴν
590 1736 865 1790 εὐσέϐειαν
896 1741 1025 1810 (130')
1062 1743 1558 1811 συμπεπλεγμένων
1581 1745 1846 1816 ἀλλήλοις.

290 1821 466 1874 Πολλὰ
507 1824 681 1878 τοίνυν
707 1826 841 1896 έχων
871 1829 1028 1881 αὐτὸν
1058 1831 1114 1882 ἐν
1159 1831 1327 1900 τούτῳ
1354 1832 1619 1887 δεικνύναι
1661 1837 1734 1907 τῷ
1762 1837 1849 1891 λό-

1961 674 2062 726 εει,
2096 672 2152 715 ιιι
2194 665 2573 733 blasphemiam
2612 670 2866 725 hactenus
2896 675 2993 726 sub
3039 675 3285 729 dentibus
3324 678 3508 730 debla-

1963 764 2185 809 teratam
2220 759 2319 813 huc
2354 773 2449 812 suo
2479 760 2753 827 splendido
2781 778 2941 831 opere
2969 766 3228 835 evnlgarit
3270 784 3281 819 ι
3313 769 3507 835 quippe

1961 847 2181 902 bairesis
2228 855 2386 903 totius
2425 866 2611 906 anetor
2658 866 2821 921 atque
2868 856 3192 911 architectus
3227 860 3505 927 pra-dicari

1959 939 2212 991 ambibat.
2250 937 2421 1003 Quem
2463 955 2591 993 sane
2625 944 2786 995 etiam
2824 946 3139 1012 redarguere
3169 947 3219 999 in
3252 947 3504 1015 prwsenti

1960 1029 2286 1096 propositum
2323 1031 2476 1084 nobis
2506 1042 2607 1085 est.
2639 1031 2768 1086 Cum
2803 1046 2979 1088 autem
3010 1038 3191 1089 eadem
3240 1039 3291 1090 in
3340 1041 3502 1093 utris-

1959 1132 2064 1184 que
2097 1119 2409 1186 improbitas
2439 1122 2529 1185 sit,
2561 1123 2731 1191 palam
2780 1133 2863 1177 est
2895 1124 2948 1177 in
2984 1127 3217 1194 perfecto
3246 1129 3503 1197 discipulo

1959 1212 2272 1277 magistrmn
2302 1228 2535 1281 quoque,
2563 1215 2651 1281 qui
2684 1216 2884 1269 semina
2916 1218 3202 1286 impietatis
3242 1220 3390 1287 jecit,
3417 1235 3504 1274 re-

1958 1302 2181 1356 futatum
2210 1304 2306 1368 iri;
2339 1306 2384 1358 si
2417 1307 2574 1359 modo
2616 1307 2772 1363 nobis
2814 1312 3004 1362 vestris
3036 1312 3283 1378 precibus
3322 1312 3502 1365 datum

1955 1394 2116 1447 fuerit
2165 1395 2272 1447 vim
2321 1396 2529 1450 dicendi
2584 1406 2783 1450 tantam
2839 1401 3099 1470 accipere,
3134 1411 3211 1466 ut,
3259 1404 3501 1472 exemplo

1953 1486 2278 1540 mitiulatoris
2313 1488 2452 1540 illius
2485 1487 2711 1543 Phiuees
2736 1491 2802 1554 ⁵⁵,
2845 1502 3095 1559 utrosque
3142 1493 3280 1545 inter
3310 1508 3367 1546 se
3400 1496 3501 1546 im-

1953 1578 2151 1645 pietate
2204 1580 2517 1648 conjunctos
2567 1598 2672 1634 uno
2730 1584 3121 1652 redargutionis
3175 1584 3280 1636 ictu
3340 1584 3499 1637 simul

1953 1668 2305 1737 conﬁgamus.
2334 1671 2445 1723 Etsi
2483 1672 2641 1738 igitur
2673 1672 2836 1725 multa
2881 1682 3167 1740 suppetunt
3198 1673 3346 1736 mihi,
3377 1673 3498 1741 qui—

1952 1760 2051 1816 bus
2080 1764 2359 1816 ostendere
2393 1764 2592 1830 possim
2626 1780 2745 1817 eum
2792 1765 2953 1819 fuisse
2997 1767 3049 1818 in
3080 1782 3142 1819 eo
3174 1765 3308 1819 libro
3348 1782 3498 1819 men-

1952 1855 2167 1916 dacem,
2224 1853 2560 1921 imperitum,
2610 1857 3055 1921 conviciatorem,
3108 1858 3493 1918 cavillatorem,

288 1930 371 1983 γῳ
395 1914 652 1986 ψεύστην,
700 1920 904 1989 ἀμαθῆ,
951 1921 1227 1990 ὑϐριστὴν,
1259 1923 1477 1993 εἴρωνα,
1511 1925 1841 1998 βλάσφημον,
1877 1922 1918 1975 Β
1947 1944 1958 1996 |

1827 1969 1841 1994 ν
1877 1922 1918 1975 Β
1947 1943 2313 2011 blasphemum
2338 1962 2351 1997 :
2380 1956 2570 1998 ca‘tcra
2598 1945 2811 2013 quidem
2841 1945 3012 1999 obiter
3036 1945 3492 2009 commemorabo;

288 2005 393 2059 τῶν
445 2008 542 2077 μὲν
592 2011 761 2064 ἄλλων
811 2012 907 2082 τὴν
949 2015 1165 2082 μνήμην
1215 2016 1271 2066 ἐν
1300 2018 1557 2089 παρέργῳ
1589 2020 1840 2091 θήσομαι,

286 2096 382 2163 τὴν
414 2095 469 2147 δὲ
500 2098 869 2168 βλασφημίαν,
905 2102 969 2169 ἣν
1016 2105 1094 2165 εἰς
1142 2105 1200 2155 τὸ
1253 2105 1383 2175 ὕψος
1428 2109 1525 2178 τῆς
1564 2110 1719 2179 δόξης
1749 2113 1843 2164 τοῦ

287 2190 616 2256 Μονογενοῦς
644 2192 885 2262 ἐλάλησε,
917 2194 1024 2247 τῶν
1071 2196 1133 2249 ἐκ
1173 2198 1269 2267 τῆς
1310 2200 1499 2270 τέχνης
1534 2205 1845 2274 προκαλυμ-

286 2281 473 2347 μάτων
503 2281 917 2354 ἀπογυμνώσας,
946 2287 1165 2361 ἐμφανῆ
1205 2292 1335 2344 πᾶσι
1365 2296 1696 2364 καταστῆσαι
1728 2313 1846 2349 πει-

284 2370 542 2440 ράσομαι.

354 2463 407 2514 ΕΞ.
448 2465 584 2534 Ἤδη
622 2466 676 2518 δέ
711 2467 989 2539 βαδιοῦμαι
1037 2473 1167 2543 πρὸς
1211 2475 1334 2537 τοὺς
1360 2476 1634 2547 ἐλέγχους,
1667 2479 1725 2543 ἐξ
1753 2481 1848 2535 αὑ-

283 2555 380 2625 τῆς
412 2556 508 2625 τῆς
539 2560 843 2628 ἐπιγραφῆς
878 2564 974 2630 τὴν
1012 2564 1181 2633 ἀρχὴν
1210 2568 1589 2638 ποιησάμενος.
1627 2572 1845 2646 Πρῶτον

285 2647 384 2713 μὲν
412 2647 518 2714 γὰρ
552 2647 697 2715 αὐτῷ
730 2650 943 2702 πάντων
973 2654 1337 2726 κακούργημα
1378 2658 1435 2710 τὸ
1468 2660 1650 2732 σχῆμα
1691 2664 1846 2718 τοῦτο

282 2732 389 2799 τῶν
438 2734 607 2801 λόγων
654 2737 1009 2809 ἐπινενόηται,
1057 2745 1112 2794 ἐν
1158 2746 1449 2815 ἀπολογίας
1488 2751 1613 2803 εἴδει
1642 2754 1739 2824 τὴν
1768 2756 1841 2806 δι-

282 2824 573 2880 δασκαλίαν
606 2828 844 2882 συνθέντι
873 2831 1005 2901 (61),
1046 2834 1129 2887 ἵνα
1163 2838 1235 2907 μὴ
1268 2837 1388 2909 δόξῃ
1423 2844 1839 2912 προηγουμένως

280 2920 548 2973 ποιεῖσθαι
574 2922 680 2975 τῶν
724 2923 1003 2994 δογμάτων
1044 2929 1140 2997 τῆς
1187 2930 1436 2991 ἀσεϐείας
1469 2933 1566 3002 τὴν
1602 2933 1834 3003 ἔκθεσιν,

1947 2034 2332 2103 blasphemiam
2383 2050 2511 2089 vero
2556 2052 2715 2105 quam
2776 2037 2828 2090 in
2885 2037 3260 2090 sublimitatem
3315 2038 3493 2106 gloriae

1949 2123 2219 2193 Unigeniti
2254 2126 2461 2180 locutus
2488 2140 2589 2194 est,
2624 2130 2755 2181 artis
2786 2128 3073 2184 involucris
3101 2129 3342 2194 detectis,
3383 2145 3494 2182 ma-

1948 2216 2191 2270 nifestam
2218 2217 2463 2271 omnibus
2493 2220 2667 2272 facere
2698 2220 2952 2275 conabor.

2020 2484 2073 2538 2.
2111 2484 2213 2539 Sed
2266 2486 2395 2555 jam,
2440 2498 2648 2554 sumpto
2682 2501 2746 2540 ex
2783 2488 2892 2557 ipsa
2941 2486 3283 2556 inscriptione
3329 2503 3488 2557 argu-

1948 2590 2145 2641 mento,
2176 2579 2423 2633 accedam
2469 2580 2534 2631 ad
2574 2582 2918 2648 arguendum.
2950 2580 3160 2634 Primus
3198 2582 3337 2634 cnim
3376 2597 3488 2635 om-

1948 2668 2094 2721 nium
2124 2668 2298 2734 dolus,
2328 2668 2413 2724 hic
2458 2669 2547 2722 ille
2580 2668 2625 2723 ei
2657 2671 2987 2737 cxcogitatus
3015 2681 3097 2723 est
3138 2672 3345 2725 dicendi
3377 2688 3487 2726 mo-

1947 2758 2065 2825 dus,
2096 2768 2152 2812 ut
2182 2761 2233 2811 in
2277 2761 2507 2827 speciem
2543 2760 2794 2828 apologia:
2833 2775 2897 2814 ac
2926 2760 3252 2815 defensionis
3290 2762 3488 2816 doctri-

1948 2868 2067 2906 nam
2118 2868 2267 2908 suam
2315 2865 2680 2924 componeret,
2715 2870 2780 2909 ne
2814 2856 2955 2910 velut
2995 2870 3272 2925 aggressor
3309 2858 3485 2909 videa—

1948 2950 2032 2996 tur
2068 2941 2317 3013 dogmata
2360 2944 2518 3013 impia
2568 2960 2853 3015 exponere,
2887 2946 2978 2999 sed
3024 2956 3239 2999 coactus
3284 2944 3349 2997 ad
3392 2945 3487 2998 hos

280 3009 393 3063 ἀλλ’
427 3013 484 3077 ἐξ
507 3012 747 3083 ἀνάγκης
772 3016 863 3066 ἐπὶ
891 3018 1015 3077 τοὺς
1043 3016 1229 3081 λόγους
1254 3017 1471 3083 τούτους
1501 3022 1830 3092 ἐληλυθέναι.
1868 3064 1908 3119 C
1944 3052 1950 3087 ε

1818 3067 1830 3079 ο
1868 3064 1908 3119 C
1944 3049 2219 3090 sermones
2263 3040 2558 3092 devenisse.
2614 3038 2866 3106 Cupiebat
2894 3038 3102 3106 quidem
3146 3037 3289 3089 omni
3332 3040 3484 3091 modo

290 3103 568 3156 Ἐϐούλετο
602 3105 689 3173 μὲι
754 3107 859 3173 γὰρ
902 3108 965 3157 ἐκ
1007 3107 1201 3171 παντὸς
1253 3113 1455 3181 τρόπου
1501 3114 1561 3167 τὸ
1610 3120 1840 3188 πονηρὸν

280 3193 434 3244 τοῦτο
468 3194 559 3244 καὶ
594 3194 731 3244 ἇθεοπ
782 3198 1155 3265 περιαγγεῖλαι
1188 3202 1467 3272 κήρυγμα,
1502 3205 1590 3256 καὶ
1619 3208 1700 3268 είς
1740 3208 1837 3276 μέν

279 3300 372 3335 σον
402 3284 641 3349 ἐνεγκεῖν
685 3283 746 3352 ἢκ.
794 3286 958 3340 πάλαι
994 3292 1249 3345 συνέλαϐε
1298 3295 1390 3346 καὶ
1422 3294 1575 3349 ὥδινε
1605 3297 1840 3370 βλασφη-

280 3374 411 3443 μίαν
447 3372 591 3444 (62)'
633 3374 775 3447 ἑώρα
813 3378 888 3442 δέ,
944 3381 1023 3432 ὅτι
1062 3382 1121 3433 τὸ
1164 3384 1258 3451 μὲν
1306 3387 1368 3437 ἐκ
1400 3384 1490 3437 τοῦ
1534 3390 1841 3458 προφανοῦς

275 3471 337 3520 ἐν
379 3466 693 3521 διδασκάλου
743 3469 890 3534 τάξει
938 3474 1385 3542 προκαθεσθῆναι,
1437 3478 1569 3547 πρὸς
1606 3480 1681 3548 τῷ
1724 3481 1838 3533 λίαν

275 3559 518 3629 φορτικῷ
547 3561 636 3613 καὶ
669 3564 957 3631 προσάντει
989 3567 1099 3625 τοῖς
1127 3565 1430 3627 ἁκούουσιν,
1480 3568 1558 3622 ἔτι
1588 3571 1679 3622 καὶ
1704 3573 1837 3623 ἀπί-

276 3652 434 3703 θανον
464 3653 648 3705 ἐαυτὸν
681 3653 773 3705 καὶ
809 3653 1043 3705 ὕποπτον
1084 3658 1190 3718 τοῖς
1238 3657 1448 3722 πολλοῖς
1490 3663 1834 3733 καταστήσει,

274 3744 353 3804 ὡς
385 3744 539 3814 δόξης
591 3744 849 3817 ἐπιθυμίᾳ
880 3748 969 3799 ἐπὶ
1022 3747 1080 3800 τὸ
1119 3748 1453 3820 νεωτερίζειν
1504 3752 1795 3824 ἐληλυθότα
1822 3774 1833 3785 ·

274 3837 407 3889 εἰδὲ
440 3839 495 3890 ἐν
538 3838 825 3905 ἀπολογίας
871 3838 1152 3907 πλάσματι
1202 3845 1324 3904 τοὺς
1371 3843 1562 3911 λόγους
1615 3849 1833 3911 ποιοῖτο,

273 3930 372 3997 τῆς
422 3946 475 3978 τε
510 3928 616 3995 (65)
652 3929 993 3997 καινοτομίας
1044 3932 1105 3981 τὸ
1159 3932 1394 3985 ὕποπτον
1436 3935 1833 4004 διαφεύξεσθαι,

273 4019 368 4071 καὶ
401 4018 593 4086 μᾶλλόν
627 4035 677 4069 τι
716 4019 887 4087 τούτῳ
935 4022 1297 4091 προσάξεσθαι
1350 4027 1471 4087 τοὺς
1520 4028 1830 4091 ἀκούοντας,

274 4110 434 4179 φύσει
464 4110 675 4163 πάντων
705 4112 1001 4179 ἀνθρώπων
1037 4116 1151 4177 ταῖς
1179 4115 1407 4176 εὐνοίαις
1431 4117 1691 4169 είωθότων
1723 4121 1832 4180 τοῖς

272 4203 677 4272 ἐλαττουμένοις
724 4204 1121 4270 προστίθεσθαι.
1170 4204 1265 4256 Διά
1310 4204 1464 4256 τοῦτο
1504 4208 1832 4277 κατηγόρους

272 4295 510 4346 αἰτιᾶται
558 4297 650 4347 καὶ
682 4298 1036 4362 συκοφάντας,
1088 4296 1355 4357 κάκείνοις
1407 4296 1497 4348 τοῦ
1532 4298 1685 4365 λόγου
1735 4300 1830 4370 τὴν

1942 3138 2160 3191 pravum
2209 3124 2337 3178 illud
2393 3142 2454 3180 ac
2511 3126 2727 3196 impium
2785 3128 2973 3196 dogma
3029 3124 3382 3194 promulgari;
3433 3138 3484 3179 et

1941 3231 2096 3283 quam
2130 3216 2254 3272 olim
2292 3228 2604 3285 conceperat
2654 3234 2714 3271 ac
2758 3228 3037 3286 pepererat
3078 3217 3481 3285 blasphemiam,

1940 3306 2183 3374 proferre
2212 3309 2262 3362 in
2297 3308 2526 3361 medium
2562 3323 2577 3361 :
2613 3308 2705 3361 sed
2734 3306 2945 3360 videbat
2976 3306 3106 3368 fore,
3142 3317 3199 3360 ut
3226 3308 3268 3360 si
3303 3318 3483 3377 aperte

1940 3400 2174 3455 doctoris
2221 3402 2392 3455 locum
2442 3402 2785 3470 arripuisset,
2835 3408 3184 3469 praeterquam
3236 3400 3378 3468 quod
3430 3399 3481 3452 id

1937 3506 2100 3559 grave
2147 3493 2429 3546 admodum
2486 3503 2626 3546 esset
2678 3509 2741 3547 ac
2797 3494 3073 3545 molestum
3120 3492 3480 3556 audientibus,

1936 3591 2190 3649 prreterca
2249 3597 2306 3635 se
2362 3583 2520 3634 etiam
2576 3582 2676 3635 ﬁde
2735 3584 3007 3650 indignum
3061 3597 3123 3634 ac
3172 3590 3477 3651 suspectum

1938 3674 2072 3744 apud
2106 3674 2383 3744 plerosque
2416 3674 2679 3736 redderet,
2713 3674 2803 3742 qui
2845 3674 3092 3725 videlicet
3121 3674 3300 3741 gloriae
3329 3673 3478 3739 cupi-

1938 3767 2102 3819 ditate
2129 3780 2409 3833 aggressus
2435 3774 2575 3818 esset
2606 3765 2877 3819 innovare.
2906 3763 2998 3817 Sin
3024 3776 3197 3817 autem
3230 3763 3475 3818 simulata

1936 3855 2175 3924 apologia
2226 3858 2385 3908 verba
2441 3855 2655 3917 iaceret,
2695 3865 2748 3906 et
2793 3856 2954 3921 209
3010 3855 3363 3907 innovationis
3421 3869 3476 3907 se

1935 3946 2287 4015 suspicionem
2331 3959 2611 3999 evasurum
2661 3944 2896 4012 putabat,
2931 3953 2981 3998 et
3012 3943 3114 3997 hoc
3145 3956 3296 4013 pacto
3327 3945 3476 3997 audi-

1937 4046 2076 4088 tores
2097 4036 2264 4105 magis
2289 4035 2627 4098 allecturum,
2649 4050 2768 4088 cum
2797 4036 3000 4087 soleant
3022 4035 3264 4088 homines
3288 4050 3473 4087 omnes

1933 4138 2117 4193 Suapte
2154 4137 2341 4180 natura
2379 4128 2637 4182 lacessitis
2666 4127 2863 4179 l‘avere.
2894 4126 3226 4193 Quapropter
3251 4140 3471 4177 accusa-

1935 4226 2075 4273 tores
2123 4219 2640 4285 calumniatoresque
2690 4218 2893 4284 culpat,
2925 4217 3109 4283 eisque
3157 4216 3237 4267 sui
3289 4215 3469 4281 scripti

1930 4327 2142 4365 causam
2185 4313 2421 4365 ascribit.
2458 4309 2632 4374 Quare
2668 4322 2724 4363 ιιι
2755 4310 2869 4378 ejus
2900 4310 3183 4361 artiﬁcium
3226 4308 3317 4360 ﬁat
3347 4324 3469 4375 per-

270 4388 448 4440 αἰτίαν
483 4388 797 4455 προσάπτει.
857 4389 1012 4439 Ὥστε
1058 4388 1110 4437 δὲ
1158 4390 1318 4439 πᾶσιν
1368 4389 1529 4441 αὑτοῦ
1584 4390 1828 4457 γενέσθαι
1859 4396 1940 4456 Di

1796 4410 1828 4445 ιι
1859 4396 1904 4453 D
1931 4403 2168 4472 spicuum
2200 4402 2467 4464 omnibus,
2502 4402 2689 4455 melius
2735 4401 2894 4456 fuerit
2933 4404 3104 4470 ipsum
3150 4398 3466 4469 proloquen-

272 4484 370 4549 τὴν
424 4479 611 4549 τέχνην
655 4482 967 4551 καταφανῆ,
1003 4482 1149 4533 οὐδὲν
1182 4484 1357 4551 χεῖρον
1404 4484 1568 4553 αὐτῆς
1596 4484 1819 4539 ἀκούσαι

271 4572 367 4624 τοῦ
392 4572 665 4641 προοιμίου
703 4574 796 4642 τῆς
822 4574 1029 4640 λέξεως.
1066 4574 1213 4642 Ἔχει
1245 4573 1298 4627 δὲ
1330 4573 1515 4637 οὕτως.

326 4775 373 4807 ⁸⁵
402 4774 558 4829 Num.
591 4791 717 4838 xxv,
747 4777 799 4829 8.

270 4910 459 4967 fratris
486 4912 793 4984 chariSsimi
830 4916 1047 4981 scriptis
1084 4914 1310 4969 tolleret.
1348 4916 1449 4970 Sed
1481 4931 1640 4984 quam
1689 4917 1819 4971 levis

270 4985 343 5036 sit
369 4992 423 5033 et
473 4983 694 5053 pusillus
720 4986 1019 5053 errorjlle,
1050 4987 1281 5039 ostendit
1338 4983 1558 5039 fratrum
1589 4990 1822 5053 optimus

268 5052 565 5123 Gregorius
596 5051 687 5104 lib.
728 5068 742 5106 t
781 5054 833 5103 in
873 5051 1098 5107 Eunoni.
1132 5070 1251 5123 pag.
1278 5056 1377 5108 507
1409 5074 1420 5107 :
1450 5051 1640 5109 Mirum
1682 5075 1818 5120 vero,

268 5123 469 5193 inquit,
520 5120 563 5170 si
603 5137 741 5193 eunt
767 5123 853 5189 qui
906 5125 957 5175 in
1005 5120 1245 5191 conﬁniis
1300 5129 1522 5177 duarum
1557 5128 1820 5193 regionum

265 5191 539 5264 habitabat
596 5190 649 5264 in
692 5190 1158 5264 obscuropquoda’m
1204 5196 1563 5264 Corniaspina’
1604 5190 1818 5264 angulo,

266 5277 373 5311 non
410 5257 735 5321 Olliserinm,
788 5265 876 5312 sed
909 5257 1153 5314 Galatam
1207 5257 1515 5327 nominauit,
1557 5265 1603 5316 si
1643 5257 1815 5318 tamen

266 5330 566 5381 nominasse
588 5329 787 5380 ostendi
809 5342 992 5391 potest.
1022 5331 1141 5384 Non
1168 5335 1301 5385 enim
1336 5336 1431 5384 hoc
1456 5334 1617 5399 reperi
1638 5335 1688 5383 in
1724 5352 1817 5388 no-

264 5402 391 5449 stris
422 5398 682 5450 codicibus
713 5411 729 5449 .°
762 5400 849 5450 sed
874 5404 1205 5458 esto,di:rerit
1242 5404 1335 5455 hoc
1364 5398 1813 5459 Basilius.Aetius

272 5466 362 5519 ille
388 5466 559 5536 Syrus
596 5470 745 5534 cujus
771 5468 1042 5536 aliquanto
1068 5482 1191 5525 ante
1223 5476 1422 5525 mentio
1452 5473 1591 5526 facta
1616 5481 1714 5535 est,
1747 5488 1809 5526 ex

268 5535 543 5609 impietate
564 5535 868 5603 cognomen
898 5540 1051 5591 Athei
1083 5543 1309 5608 accepit.
1353 5540 1425 5594 De
1451 5556 1515 5594 eo
1548 5542 1810 5609 copiosis-

268 5606 400 5659 sime
434 5606 719 5679 loquuntur
755 5609 976 5679 tum_alii
1006 5610 1176 5673 multi,
1204 5606 1312 5661 tum
1341 5606 1628 5679 Gregorius
1665 5608 1798 5679 Nys-

265 5687 451 5747 scnns,
482 5676 571 5747 lib.
604 5692 618 5729 ι
648 5690 825 5747 contra
857 5676 1075 5731 Eunom.
1106 5694 1223 5746 pag.
1257 5681 1361 5734 8299.
1382 5692 1435 5734 ct
1455 5676 1569 5747 εει).

338 5744 459 5815 (59)
490 5744 608 5794 ’Υπ’
644 5746 849 5809 ὀδόντα,
896 5744 1257 5800 blatta/tentiam
1308 5752 1398 5802 sub
1438 5744 1588 5802 dente
1625 5751 1797 5815 prola-

263 5825 368 5869 tam
399 5829 413 5865 ἴ
450 5814 545 5867 hoc
567 5828 664 5867 est.
696 5816 1057 5871 bbisti/tentiam
1080 5814 1790 5872 ciam‘ttlumdisseminatum.

1928 4506 2030 4549 tem
2066 4494 2268 4547 audire.
2299 4494 2386 4549 Sic
2419 4505 2592 4549 autem
2629 4496 2804 4549 habet.

1919 4917 2037 4970 Mox
2092 4913 2219 4968 editi
2278 4914 2601 4982 προστάτης.
2634 4912 2699 4965 At
2752 4911 2885 4979 Reg.
2925 4912 3132 4974 tertius,
3170 4913 3253 4965 cui
3287 4914 3459 4981 prima

1920 5002 2076 5040 manu
2106 4994 2371 5038 consentit
2392 4982 2746 5040 Colhertiuus,
2777 4982 3179 5051 πρωτοστάτης.

1989 5056 2098 5122 (60)
2124 5055 2340 5123 Antiqui
2375 5054 2478 5105 duo
2508 5051 2622 5105 libri
2647 5053 3095 5121 καταϐαλόμενος.
3123 5051 3262 5106 Editi
3298 5071 3461 5106 κατα-

1920 5124 2258 5195 ϐαλλόμενος.

1987 5189 2116 5265 (60⁵)
2154 5195 2245 5247 Vel
2272 5192 2555 5265 legendum
2579 5190 2716 5242 κατὰ
2739 5193 2833 5259 τὴν
2858 5190 3128 5265 ἀσέϐειαν,
3159 5189 3243 5265 vel
3268 5189 3456 5247 Latine

1918 5260 2244 5318 reddendum
2288 5260 2465 5317 contra
2503 5263 2765 5325 pietatem,
2813 5264 2950 5326 quod
2995 5261 3158 5327 magis
3195 5260 3452 5326 placeret.

1918 5334 2351 5403 Praepositionem
2395 5330 2567 5392 κατά,
2619 5332 2778 5403 etiam
2831 5342 3084 5403 sequente
3124 5334 3451 5403 accusativo,

1915 5400 2094 5457 contra
2110 5405 2408 5473 signiﬁcare
2427 5415 2600 5473 posse,
2620 5400 2801 5454 Graece
2825 5400 2992 5454 doctis
3015 5410 3195 5454 notum
3219 5410 3319 5453 est.
3353 5402 3449 5455 Eo.

2004 5473 2091 5539 61)
2116 5471 2262 5527 Golb.
2291 5471 2602 5527 συντιθέντι.

2004 5474 2091 5539 (il)
2116 5475 2262 5527 Colb.
2291 5474 2602 5527 συντιθέντι.

1983 5474 2091 5612 (69.)
2127 5546 2250 5611 lleg.
2283 5554 2505 5611 quartus
2539 5541 2631 5595 καὶ
2671 5539 2854 5612 ᾠδινεν
2889 5540 3116 5612 ἀδικίαν.
3158 5550 3447 5612 ειῃρερενιι

1911 5608 2233 5682 iniquitatem
2267 5608 2418 5667 {sed
2460 5613 2510 5665 in
2553 5627 2643 5665 ora
2694 5611 2811 5664 libri
2844 5610 3035 5676 legitur
3069 5627 3159 5679 γρ.
3210 5608 3449 5680 βλασφη-

1915 5684 2059 5753 μίαν.

1976 5752 2084 5823 (65)
2125 5753 2257 5810 Ειιίιί
2298 5754 2392 5823 τῆς
2423 5770 2502 5821 γε.
2539 5752 2685 5824 Regii
2712 5754 2811 5806 duo
2840 5750 2934 5819 τῆς
2960 5767 3033 5804 τε.
