4230 6488
780 436 885 485 507

2096 435 2150 487 S.
2194 434 2437 489 BASILII
2479 435 2696 492 MAGNI

3884 444 3987 500 508

783 542 1097 610 dignitatum
1134 543 1313 594 habita
1369 553 1615 611 ratione;
1663 561 1833 615 neque
1875 564 2031 605 aures
2073 553 2329 607 obturare
2359 562 2400 617 Α

2360 562 2402 617 Α
2431 572 2525 615 τας
2553 553 2698 624 (77)·
2751 555 2885 627 μήτε
2938 555 3042 627 μὴν
3090 555 3360 627 ἀξιώμασι
3394 558 3761 630 προσέχοντας
3811 563 3986 630 ἀμαυ-

778 631 1188 697 posterioribus,
1214 634 1449 701 priorum
1484 638 1680 706 agmini
1721 653 1974 695 concessa
2010 643 2256 699 victoria.

845 933 973 988 Bas.
997 936 1133 1001 Quid
1160 935 1325 993 dicis?
1359 938 1667 997 Palmamne
1690 944 1876 999 demus
1898 946 2329 1017 antiquioribus?

778 1040 845 1078 ne
876 1041 1218 1081 revereamur
1246 1031 1638 1086 multitudinem
1670 1034 2125 1101 Christianorum,
2159 1052 2329 1105 neque

777 1133 963 1173 eorum
990 1122 1082 1190 qui
1123 1137 1261 1175 nunc
1299 1132 1452 1187 sunt,
1486 1138 1658 1193 neque
1702 1142 1886 1181 eorum
1943 1130 2033 1199 qui
2090 1128 2330 1193 fuerunt,

778 1224 844 1263 ex
883 1226 989 1279 quo
1018 1213 1360 1281 praedicatum
1393 1223 1475 1268 est
1497 1214 1892 1284 Evangelium?
1922 1235 1988 1273 ne
2024 1226 2328 1286 reputemus

780 1302 1093 1372 dignitatem
1144 1318 1353 1370 eorum,
1386 1306 1480 1376 qui
1536 1309 1686 1362 donis
1736 1310 2107 1377 spiritualibus
2154 1309 2332 1375 cujus-

778 1409 988 1463 cunque
1017 1400 1228 1465 generis
1263 1398 1593 1463 claruerunt,
1637 1401 1832 1470 quibus
1875 1400 2119 1455 omnibus
2149 1402 2329 1456 inimi-

776 1500 894 1539 cam
929 1497 979 1540 et
1004 1488 1283 1543 adversam
1308 1492 1447 1545 banc
1482 1491 1621 1545 viam
1652 1492 1938 1563 impietatis
1958 1506 2144 1547 recens
2171 1507 2329 1546 exco-

778 1578 956 1645 gitasti
995 1597 1007 1635 :
1040 1580 1131 1633 sed
1157 1580 1351 1633 clausis
1383 1596 1605 1650 prorsus
1631 1585 1823 1636 animae
1855 1582 2050 1645 oculis.
2080 1594 2132 1639 et
2156 1582 2325 1637 sancti

778 1667 1064 1735 cujuslibet
1116 1671 1213 1722 viri
1274 1673 1531 1726 memoria
1578 1674 1732 1741 211
1777 1688 1806 1727 e
1854 1685 2033 1727 mente
2082 1672 2325 1741 depulsa,

777 1762 1142 1830 unusquisque
1173 1776 1266 1816 cor
1293 1774 1530 1816 nostrum
1561 1767 1788 1817 otiosum
1821 1780 1882 1819 ac
1911 1772 2185 1834 purgatum
2239 1779 2328 1817 ca-

776 1851 1042 1918 ptionibus
1064 1868 1125 1906 ac
1156 1854 1497 1922 sophismatis
1520 1855 1623 1910 tuis
1640 1857 1960 1911 subdamus?
1989 1852 2175 1923 Magna
2204 1871 2324 1924 pro-
2359 1894 2400 1951 Β

778 1943 918 1996 l'ecto
952 1944 1088 1997 foret
1117 1955 1202 1998 tua
1243 1946 1505 2013 potentia,
1540 1947 1583 2001 si
1611 1964 1726 2017 quae
1760 1945 2035 2012 multiplici
2077 1961 2174 2000 suo
2205 1946 2327 1999 arti-

777 2036 896 2089 licio
927 2036 1168 2089 diabolus
1190 2048 1514 2093 consecutus
1546 2054 1649 2091 non
1677 2044 1777 2099 est,
1810 2052 1871 2089 ea
1902 2037 1994 2089 tibi
2020 2036 2134 2090 solo
2162 2037 2328 2103 impe-

777 2130 856 2181 rio
881 2130 1092 2193 assequi
1116 2131 1452 2199 contingeret
1480 2152 1492 2184 :
1519 2132 1560 2182 si
1593 2128 1842 2182 videlicet
1867 2143 2121 2197 persuasu
2157 2143 2220 2182 ac
2249 2129 2328 2180 in-

774 2220 935 2272 ductu
972 2229 1061 2274 tuo
1108 2222 1448 2275 traditionem
1489 2236 1608 2288 quae
1653 2235 1745 2289 per
1791 2223 2121 2289 prmteritum
2168 2234 2328 2274 omne

778 2320 987 2381 tempus
1019 2314 1155 2382 apud
1187 2324 1260 2365 tot
1280 2321 1492 2367 sanctos
1516 2311 1764 2377 obtinuit,
1786 2311 1947 2380 impio
1978 2322 2158 2365 vestro
2190 2326 2331 2363 com.

779 2418 960 2460 mento
999 2414 1462 2473 postponeremus.
1506 2402 1640 2458 Huic
1687 2413 1865 2457 autem
1906 2404 2037 2455 satis
2085 2418 2187 2455 non
2224 2412 2325 2463 est,

775 2511 962 2548 eorum
984 2496 1346 2562 duntaxatqui
1372 2508 1511 2547 nunc
1542 2494 1764 2547 audiunt
1795 2493 2029 2545 animum
2066 2507 2325 2557 avocare;

773 2586 869 2639 sed
914 2584 1149 2653 postulat
1178 2586 1365 2649 etiam,
1397 2597 1455 2638 ut
1504 2586 1540 2639 ii
1583 2585 1673 2655 qui
1703 2585 1950 2653 deinceps
1996 2584 2227 2637 libellum
2259 2585 2330 2638 le-

774 2675 917 2728 cturi
974 2684 1114 2737 sunt,
1158 2675 1393 2730 habeant
1426 2683 1657 2729 mentem
1691 2676 1956 2729 eamdem.
1994 2674 2038 2729 Ο
2094 2675 2325 2729 fastum!

778 2776 966 2831 putare
995 2767 1187 2817 librum
1218 2767 1316 2818 sibi
1350 2767 1508 2819 etiam
1561 2767 1612 2818 in
1656 2775 1929 2834 posterum
1982 2766 2326 2833 superstitem

776 2859 909 2923 fore,
957 2870 1012 2913 et
1062 2857 1374 2911 memoriam
1403 2871 1553 2910 suam
1590 2870 1858 2925 nunquam
1903 2856 2217 2924 perituram.
2266 2855 2331 2909 Et

777 2967 915 3004 nunc
945 2951 1160 3018 quidem
1192 2958 1471 3018 tantOpere
1500 2948 1813 3003 intumescit
1865 2947 1956 3015 qui
2006 2946 2161 3015 paulo
2209 2952 2330 3013 post

776 3042 916 3110 apud
942 3042 1215 3095 auditores
1250 3040 1473 3109 ioculari
1501 3042 1729 3109 quadam
1771 3038 2110 3092 simulatione
2138 3037 2326 3102 utitur,

774 3133 926 3202 quasi
956 3134 1149 3187 fastum
1173 3148 1385 3187 omnem
1416 3131 1707 3201 negligens,
1735 3129 1938 3200 sicque
1994 3145 2130 3200 quos
2176 3129 2332 3184 ﬁnxit

772 3228 979 3295 iudices
1003 3226 1295 3295 alloquens.

848 3560 981 3615 Eun.
1015 3560 1093 3613 Ad
1141 3561 1273 3624 haec,
1323 3571 1495 3627 neque
1534 3558 1688 3611 nobis
1725 3558 2107 3621 succenseatis,
2151 3558 2192 3610 si
2226 3557 2331 3611 [σου

780 3662 891 3705 tum
915 3653 1242 3721 negligentes
1274 3667 1334 3705 ac
1367 3650 1636 3711 timorem,
1672 3651 1961 3718 gratiaeque
2007 3650 2253 3718 prazsenti
2278 3659 2332 3701 et

780 3744 1057 3798 securitati
1096 3742 1439 3811 praeferentes
1469 3743 1818 3797 securitatem
1854 3743 1920 3794 ad
1965 3742 2144 3797 futura
2205 3742 2332 3795 atti-

776 3844 1014 3894 nentem.
1049 3844 1207 3901 atque
1246 3834 1538 3887 intentatas
1570 3833 1749 3902 impiis
1775 3832 1944 3886 minus
1975 3833 2144 3901 magis
2172 3848 2330 3901 quam

801 3941 1042 3981 errenam
1072 3940 1283 3979 omnem
1316 3926 1657 3979 alllictionem
1701 3940 1763 3978 ac
1796 3935 2018 3977 mortem
2059 3935 2330 3993 tempora-

783 4035 881 4073 .em
910 4018 1218 4073 metuendas
1247 4032 1364 4071 esse
1389 4016 1657 4080 arbitrati,
1681 4017 1960 4069 veritatem
1994 4016 2190 4068 nudam
2216 4018 2331 4069 abs-

777 4126 882 4180 que
904 4112 1008 4167 ullo
1031 4112 1291 4167 velamine
1320 4124 1671 4181 exponamus.

844 4311 967 4365 Bas.
998 4310 1167 4377 Quam
1190 4313 1456 4378 superbire
1483 4309 1986 4364 immoderationem
2040 4310 2153 4362 haec
2207 4321 2329 4361 ver-

774 4404 961 4458 borum
989 4419 1179 4473 pompa
1211 4418 1313 4455 non
1342 4402 1589 4455 excedit?
1615 4401 1752 4465 Quin
1779 4400 1931 4451 adest
1950 4400 2143 4452 cavillo
2168 4400 2328 4451 etiam

776 4496 1095 4550 contumelia
1150 4495 1202 4548 in
1234 4494 1474 4559 iudices:
1542 4492 1830 4559 siquidem,
1863 4500 2149 4558 propterea
2186 4492 2331 4558 quod

774 4589 913 4640 bona
950 4601 1089 4655 aegre
1146 4585 1341 4648 ferant,
1379 4586 1463 4638 vix
1524 4592 1743 4653 possunt
1796 4582 1928 4650 quin
1975 4590 2331 4634 succenseant

776 4680 914 4743 viro,
949 4653 1037 4746 qui
1074 4679 1291 4748 negligit
1319 4679 1510 4731 fastum
1529 4693 1591 4730 ac
1624 4686 1925 4737 tumorem;
1956 4673 2045 4740 qui
2079 4681 2327 4739 spectan-
2360 4662 2400 4714 Β

2360 4662 2403 4714 1)
2432 4653 2766 4713 λεπαίνοντες

778 4778 885 4823 tem
932 4768 996 4822 ad
1032 4767 1207 4820 futura
1241 4767 1577 4821 securitatem
1616 4763 1866 4831 prresenti
1909 4776 2015 4814 suae
2049 4759 2327 4811 securitati

776 4857 1083 4926 anteponit;
1117 4856 1206 4924 qui
1232 4855 1464 4907 futurum
1490 4852 1808 4921 supplicium
1847 4860 2015 4905 morte
2042 4847 2327 4915 temporali

777 4949 1087 5004 horribilius
1122 4948 1340 5015 judicat.
1377 4944 1514 5010 Quid
1567 4954 1743 4997 autem
1778 4944 1883 4996 hoc
1904 4944 2004 4995 sibi
2040 4940 2197 4993 vult?
2232 4938 2328 5005 Ne,

776 5040 894 5105 viri,
926 5038 1284 5093 succenseatis
1328 5036 1475 5101 mihi,
1516 5036 1607 5105 qui
1637 5035 1701 5087 ad
1742 5036 1912 5102 ipsum
1950 5033 2170 5085 virtutis
2197 5032 2311 5101 epi-

843 5284 951 5355 (77)
989 5287 1119 5355 Reg.
1151 5288 1338 5341 tertius
1368 5287 1722 5356 συνάψαντας.

842 5354 951 5428 (78)
992 5354 1119 5425 lteg.
1143 5370 1366 5422 quartus
1392 5354 1664 5428 κρινοῖμεν
1706 5375 1717 5410 :
1747 5372 1849 5421 quo
1876 5354 1929 5407 in
1977 5356 2170 5428 codice
2187 5354 2309 5423 legi-

769 5426 857 5480 tur
885 5428 1093 5497 quidem
1120 5429 1393 5497 περινοίας
1430 5426 1442 5480 Ξ
1471 5430 1561 5481 sed
1585 5431 1653 5479 ita
1680 5437 1879 5488 tamen,
1912 5436 1969 5478 ut
2002 5441 2123 5478 vera
2152 5426 2316 5491 lectio

770 5496 1009 5558 ἐπινοίας
1044 5500 1094 5548 in
1119 5514 1210 5550 ora
1240 5499 1357 5549 libri
1390 5498 1567 5549 addita
1599 5498 1688 5549 sit.

770 5636 792 5651 η
839 5567 946 5635 (79)
996 5567 1135 5620 Editi
1189 5568 1284 5619 καὶ
1317 5567 1560 5638 ὕστερον.
1614 5567 1837 5622 Codices
1884 5580 1986 5618 non
2025 5564 2175 5633 pauci
2240 5566 2319 5627 sl;

770 5654 1004 5690 υστεοον.

838 5703 949 5776 (80)
982 5708 1177 5760 Horum
1233 5708 1515 5762 verborum
1564 5722 1623 5760 ea
1658 5714 1740 5759 est
1779 5704 2040 5759 sententia
2075 5720 2087 5754 :
2136 5703 2316 5757 Euno-

769 5779 907 5834 mius
931 5778 983 5830 in
1016 5794 1138 5832 suos
1162 5777 1371 5845 judices
1394 5776 1810 5832 contumeliosus
1838 5785 1943 5833 est.
1972 5790 2098 5845 cum
2130 5776 2194 5845 de
2234 5789 2311 5828 eis

770 5853 841 5903 ita
873 5848 1115 5913 loquatur
1147 5842 1296 5911 quasi
1324 5864 1412 5903 res
1446 5846 1737 5903 laudandus
1762 5845 1941 5900 animo
1968 5843 2148 5905 iniquo
2171 5842 2310 5899 ferre

2433 646 2651 716 ροῦσθαι
2688 645 2786 716 τὴν
2831 646 3085 710 διάνοιαν,
3130 647 3163 717 ἢ
3223 650 3287 719 τῇ
3317 649 3484 713 οτάξει
3532 648 3640 701 τῶν
3691 650 3989 719 προλαϐόνο

2428 757 2532 791 των
2561 737 2619 790 τὸ
2653 738 2811 791 πλέον
2841 739 3117 810 νέμοντας,
3157 742 3521 811 ἀποφράττειν
3550 744 3647 807 τὰς
3676 745 3845 808 ἀκοὰς
3878 748 3989 806 τοῖς

2432 831 2694 901 ὑστέροις.

2498 944 2642 998 ΒΛΣ.
2676 946 2740 1000 Τί
2772 946 2975 1015 λέγεις;
3010 948 3099 1019 Μὴ
3133 947 3402 1017 νείμωμεν
3431 950 3489 1001 τὸ
3518 952 3676 1005 πλέον
3710 953 3822 1012 τοῖς
3858 969 3989 1021 προσ

2428 1034 2691 1101 λαϐοῦσι;
2743 1040 2815 1109 μὴ
2871 1040 3203 1110 αἰδεσθῶμεν
3253 1042 3313 1093 τὸ
3370 1040 3571 1108 πλῆθος
3624 1046 3732 1100 τῶν
3780 1063 3840 1097 τε
3892 1046 3987 1097 νῦν

2428 1129 2593 1181 ὄντων
2630 1130 2984 1199 Χριστιανῶν,
3028 1134 3120 1186 καὶ
3165 1132 3269 1185 τῶν
3311 1133 3421 1184 ὅσοι
3462 1134 3745 1200 γεγόνασιν
3801 1138 3895 1206 ἀφ’
3927 1130 3986 1186 οὗ

2432 1219 2735 1292 κατηγγέλη
2783 1220 2843 1275 τὸ
2880 1221 3239 1290 Εὑαγγέλιον;
3282 1224 3354 1295 μὴ
3388 1223 3727 1293 λογισώμεθα
3772 1230 3833 1281 τὸ
3874 1226 3988 1292 ἀξία

2429 1329 2551 1381 ωμα
2580 1310 2685 1363 τῶν
2714 1314 2770 1366 ἐν
2805 1312 3070 1375 παντοίοις
3098 1316 3394 1386 χαρίσμασι
3429 1316 3793 1382 διαφανέντων
3830 1335 3989 1371 πνευ-

2433 1406 2695 1474 ματικοῖς,
2722 1402 2801 1469 οἷς
2846 1408 3042 1460 ἅπασιν
3072 1407 3269 1477 ἐχθρὰν
3304 1409 3397 1461 καὶ
3444 1407 3705 1478 πολεμίαν
3750 1409 3847 1479 τὴν
3894 1429 3988 1463 που

2428 1497 2596 1569 νηρὰν
2645 1498 2758 1551 ὁδὸν
2813 1499 3011 1568 ταύτην
3058 1500 3157 1570 τῆς
3219 1500 3468 1565 ἀσεϐείας
3520 1498 3986 1567 ὲκαινοτόμησας;

2429 1589 2561 1641 ἀλλά
2603 1589 2866 1659 μύσαντες
2899 1590 3229 1655 ἁπαξαπλῶς
3272 1592 3397 1653 τοὺς
3443 1593 3540 1662 τῆς
3586 1593 3761 1663 ψυχῆς
3794 1592 3989 1658 ὀφθαλ-

2433 1679 2581 1747 μοὺς,
2624 1680 2715 1731 καὶ
2747 1682 2943 1743 παντὸς
2977 1682 3129 1749 ἁγίου
3171 1682 3387 1750 μνήμην
3418 1681 3517 1750 τῆς
3556 1683 3792 1743 διανοίας
3824 1681 3989 1748 ὑπερ-

2427 1771 2722 1840 ορίσαντες,
2769 1772 3127 1841 σχολάζουσαν
3159 1773 3251 1825 καὶ
3295 1775 3681 1845 σεσαρωμένην
3724 1775 3822 1844 τὴν
3866 1775 3991 1824 ἑαυ-

2427 1861 2518 1912 τοῦ
2564 1863 2784 1933 καρδίαν
2814 1865 3039 1929 ἕκαστος
3070 1867 3187 1927 ταῖς
3231 1869 3584 1935 παραγωγαῖς
3618 1884 3709 1918 σου
3751 1866 3845 1919 καὶ
3877 1866 3989 1926 τοῖς

2427 1952 2719 2022 σοφίσμασι
2768 1956 3019 2027 φέροντες
3072 1959 3387 2026 ὑποοῶμεν;
3445 1957 3697 2027 Μεγάλης
3752 1960 3895 2029 μέντ’
3924 1956 3987 2010 ἂν

2426 2044 2542 2113 εἴης
2573 2046 2671 2114 τῆς
2713 2046 3023 2111 δυναστείας
3074 2050 3492 2120 ἐπειλημμένος.
3544 2050 3701 2120 εἴπερ
3745 2045 3820 2102 ὧν
3868 2049 3989 2106 ταῖς

2428 2135 2694 2197 ποικίλαις
2753 2139 2944 2193 ἑαυτοῦ
3008 2140 3304 2210 μεθοδείαις
3372 2141 3400 2191 ὁ
3453 2140 3693 2203 διάϐολος
3745 2143 3845 2193 οὑκ
3890 2140 3985 2190 ἐπ-

2427 2230 2604 2299 έτυχε,
2638 2230 2839 2284 τούτων
2889 2251 2967 2286 σοι
2994 2237 3172 2304 τυχεῖν
3200 2234 3258 2296 ἐξ
3284 2235 3649 2303 ἐπιτάγματος
3674 2234 3953 2306 περιέσται
3972 2246 3985 2261 ⁸

2428 2324 2521 2375 ὲάν
2568 2340 2689 2395 περ,
2726 2324 3033 2389 πεισθέντες
3086 2342 3185 2389 σοι,
3229 2325 3324 2396 τὴν
3371 2327 3427 2377 ἐν
3462 2327 3623 2379 παντὶ
3667 2326 3743 2395 τῷ
3791 2325 3992 2395 παρελ-

2428 2414 2570 2466 θόντι
2631 2416 2803 2486 χρόνῳ
2861 2417 2962 2469 ὑπὸ
3028 2417 3291 2470 τοσούτων
3353 2419 3520 2486 ἁγίων
3587 2419 3990 2488 κεκρατηκυῖαν

2427 2506 2719 2573 παράδοσιν
2762 2507 3085 2579 ἀτιμοτέραν
3123 2508 3231 2577 (78)
3266 2510 3535 2580 κρίνωμεν
3575 2514 3672 2581 τῆς
3701 2508 3989 2571 δυσσεϐοῦς

2429 2595 2579 2666 ὑμῶν
2611 2599 2868 2661 ἐπινοίας.
2896 2598 2983 2667 Τῷ
3016 2599 3071 2651 δὲ
3119 2601 3219 2652 οὑκ
3268 2600 3485 2670 ἐξαρκεῖ
3531 2604 3688 2670 μόνον
3740 2600 3847 2653 τῶν
3896 2599 3989 2651 vim

2430 2689 2727 2741 ἀκουόντων
2764 2690 2888 2751 τοὺς
2925 2690 3213 2761 λογισμοὺς
3246 2691 3552 2759 ὑφελέσθαι,
3583 2690 3696 2741 ἀλλ’
3722 2689 3865 2751 ἀξιοῖ
3898 2691 3988 2741 καὶ

2428 2782 2551 2844 τοὺς
2582 2780 2801 2852 ὕστερον
2836 2797 2962 2835 ποτε
2998 2784 3382 2852 συνεσομένους
3414 2770 3488 2851 τῷ
3530 2780 3670 2849 λόγῳ
3694 2780 3792 2851 τὴν
3826 2779 3989 2847 αὑτὴν

2430 2870 2571 2939 ἔχειν
2600 2872 2842 2943 γνώμην.
2873 2875 2936 2924 ’Ὡ
2972 2876 3069 2943 τῆς
3100 2872 3446 2935 ἀλαζονείαςι
3479 2872 3538 2924 τὸ
3569 2872 3662 2923 καὶ
3713 2874 3791 2932 είς
3841 2869 3992 2922 ὑστε-

2432 2976 2521 3031 ρον
2556 2962 2664 3027 (79l
2690 2964 2893 3017 οἴεσθαι
2928 2963 3073 3033 αὑτῴ
3094 2963 3396 3034 διαρκέσειν
3413 2964 3502 3016 τὸν
3534 2963 3710 3033 λόγον,
3737 2963 3833 3017 καὶ
3866 2962 3992 3017 ἐμϐάμ-

2432 3070 2584 3105 νατον
2612 3058 2687 3116 εἰς
2722 3056 2811 3106 τὸν
2842 3057 3057 3107 ἐπιόντα
3093 3058 3279 3125 χρόνον
3308 3058 3405 3126 τὴν
3439 3058 3655 3127 μνήμην
3689 3054 3852 3109 αὑτοῦ
3890 3070 3988 3122 τρε-

2433 3144 2813 3215 λαχθήσεσοαι.
2841 3148 2949 3199 Καὶ
2990 3146 3158 3197 ταῦτα
3195 3147 3287 3198 νῦν
3324 3148 3782 3209 ἀπαυθαδιάζεται
3809 3151 3836 3199 ό
3881 3147 3990 3215 μετ’

2360 3249 2399 3303 (ζ
2434 3238 2587 3305 ὀλίγα
2632 3239 2766 3309 πρὸς
2809 3240 2933 3301 τοὺς
2993 3238 3373 3310 ἀκροωμένους
3414 3240 3874 3309 διαθρυπτόμενος
3918 3240 3990 3303 ὡς

2436 3328 2601 3398 τύφου
2639 3330 2833 3393 παντὸς
2862 3330 3094 3401 ἀμελῶν,
3121 3330 3319 3381 οὑτωσὶ
3351 3330 3521 3398 λέγων
3549 3334 3659 3393 τοῖς
3692 3332 3750 3382 ὲν
3774 3332 3853 3401 τῷ
3878 3332 3993 3403 δρά-

2441 3438 2566 3490 ματι
2600 3422 2897 3484 δικασταῖς.

2506 3536 2663 3590 ΕΥΝ.
2694 3536 2836 3605 Πρὸς
2866 3536 2921 3587 δὲ
2950 3536 3160 3599 τούτοις
3188 3536 3319 3607 μηδὲ
3363 3537 3492 3606 ἡμῖν
3520 3534 3881 3605 χαλεπαίνειν,
3913 3538 3957 3587 ει
3976 3577 3988 3596 ,

2435 3626 2602 3696 τύψου
2640 3629 2735 3697 μὲν
2779 3628 3147 3697 ἀμελήσαντες
3178 3628 3270 3680 καὶ
3311 3626 3494 3693 φόϐου,
3540 3626 3638 3695 τῆς
3684 3626 3740 3678 δὲ
3787 3646 3988 3697 παραυ·

2435 3721 2563 3774 τίκα
2600 3721 2822 3793 χάριτος
2854 3722 2945 3774 καὶ
2989 3720 3285 3788 ἀσφαλείας
3316 3718 3411 3785 τὴν
3447 3717 3583 3788 ὑπὲρ
3622 3718 3727 3769 τῶν
3779 3720 3990 3787 pansa-

2437 3832 2541 3866 των
2568 3814 2746 3867 ἄδειαν
2788 3815 3233 3883 προτιμήσαντες,
3270 3810 3362 3861 καὶ
3405 3810 3581 3878 πασης
3610 3811 3852 3876 ἐπιγείου
3895 3828 3991 3862 κσ-

2439 3904 2731 3965 κοπαϐείας
2776 3903 3002 3955 Θανάτου
3032 3918 3089 3951 τε
3129 3899 3461 3972 προσκαίρου
3499 3900 3875 3969 φοϐερωτέραν
3901 3900 3991 3969 τὴν

2439 3995 2577 4047 κατὰ
2622 3995 2727 4045 τῶν
2756 3994 2961 4045 ἀσεϐῶν
2994 3990 3300 4061 ὡρισμένην
3341 3990 3566 4059 ἀπειλὴν
3610 3986 3749 4041 εἶναι
3782 3992 3993 4058 κρίναν-

2436 4103 2550 4145 τες,
2582 4085 2777 4146 παντὸς
2824 4081 3265 4151 ὲπικαλὺμματος
3306 4081 3514 4151 γυμνὴν
3546 4079 3866 4149 ὲκτιθέμεῦα
3900 4081 3991 4150 τὴν

2437 4176 2597 4246 ἀλήθε
2608 4194 2708 4229 ιαν.

3939 4278 3961 4295 τ

2506 4289 2649 4340 ΒΑΣ.
2687 4288 2850 4350 Ποίας
2899 4286 3206 4351 ἀλαζονείας
3251 4282 3551 4355 ὑπερϐολὴν
3580 4283 3607 4334 ὁ
3652 4282 3860 4353 κόμπος
3910 4282 3993 4333 οἷν-

2436 4396 2523 4441 τος
2570 4380 2673 4431 τῶν
2722 4380 2890 4445 λόγων
2940 4380 3036 4447 οὑχ
3087 4379 3409 4449 ὑπεραίρει;
3460 4376 3568 4428 Καὶ
3620 4376 3882 4445 πρόσεστι
3930 4377 3989 4441 τῇ

2438 4473 2685 4543 εἰρωνεία
2713 4474 2805 4523 καὶ
2835 4471 2987 4541 ὕϐρις
3024 4470 3161 4522 κατά
3195 4468 3300 4521 τῶν
3342 4467 3669 4529 δικαζόντων
3690 4482 3702 4494 ·
3734 4466 3890 4534 εἴπερ
3921 4465 3991 4531 τῷ

2438 4562 2571 4632 πρὸς
2603 4562 2669 4614 τὰ
2696 4561 2835 4614 καλὰ
2873 4560 3144 4628 δυσχερῶς
3186 4558 3325 4626 ἔχειν
3360 4558 3508 4625 μόλις
3554 4557 3872 4624 κατέχονται
3901 4572 3990 4622 χα-

2748 4672 2769 4713 ς
2790 4650 3074 4720 ἀμελοῦντι
3104 4649 3198 4717 μὲν
3234 4648 3520 4708 αὐθαδείας
3542 4648 3637 4698 καὶ
3660 4646 3827 4711 τύφου
3862 4645 3985 4709 (Stl),

2426 4751 2524 4817 τῆς
2564 4746 2619 4799 δὲ
2648 4749 2703 4797 ἐν
2735 4746 2810 4815 τῷ
2843 4744 3065 4815 παρόντι
3092 4742 3391 4811 ἀσφαλείας
3421 4740 3520 4811 τὴν
3555 4740 3696 4811 ὑπὲρ
3726 4740 3834 4791 τῶν
3869 4738 3988 4807 μελ-

2426 4841 2621 4895 λόντων
2651 4839 2829 4892 ἄδειαν
2864 4835 3219 4909 προτιμῶντι,
3252 4836 3345 4887 καὶ
3384 4831 3475 4883 τοῦ
3523 4831 3854 4902 προσκαίρου
3900 4828 3988 4879 θα-

2427 4937 2584 4990 νάτου
2619 4930 2997 5002 φοϐερωτέραν
3048 4929 3285 4999 κρίνοντι
3329 4926 3427 4995 τὴν
3479 4926 3559 4987 εἰς
3608 4924 3833 4993 ὕστερον
3882 4920 3986 4991 (8i)

2418 5028 2652 5080 κόλασιν.
2694 5024 2862 5076 Τοῦτο
2889 5023 2943 5074 δέ
2972 5023 3088 5074 ἐστι
3136 5021 3222 5084 τί;
3269 5020 3358 5090 Μὴ
3391 5015 3745 5088 χαλεπαίνετε
3794 5031 3903 5085 μοι,
3946 5008 3987 5067 ὦ

2426 5284 2746 5351 potuissent.
2805 5280 2960 5345 Mihi,
3019 5278 3214 5348 inquit,
3253 5294 3323 5332 ne
3363 5276 3793 5351 succenseatis,
3854 5275 3988 5351 quod

2426 5346 2621 5407 fastum
2676 5368 2737 5404 ac
2784 5362 3049 5404 tumorem
3098 5346 3452 5417 neglexerim,
3484 5358 3588 5401 etc.
3633 5346 3819 5417 Nemo
3850 5347 3985 5398 enim

2426 5440 2531 5477 non
2556 5425 2698 5475 videt
2724 5422 3074 5481 Eunomiutn,
3112 5422 3154 5473 si
3184 5416 3352 5480 bene,
3386 5428 3442 5470 ut
3483 5434 3579 5485 par
3630 5426 3769 5477 erat,
3793 5416 3857 5467 de
3884 5417 3988 5465 suis

2419 5493 2692 5559 judicibus
2716 5492 3105 5553 existimasset,
3137 5504 3411 5557 nunquam
3445 5487 3628 5540 verbis
3658 5487 3731 5539 ita
3770 5485 3987 5553 injurio-

2423 5568 2496 5616 sis
2528 5579 2746 5615 usurum
2780 5564 2961 5614 luisse.

2494 5632 2764 5703 (Slibibri
2796 5643 3003 5703 veteres
3026 5629 3106 5691 είς
3132 5626 3392 5703 ὕστερονζ
3424 5627 3692 5703 Αιιρει-είς
3738 5639 3766 5675 a
3801 5622 3986 5702 Vulga-

2421 5693 2510 5754 lis:
2543 5698 2650 5753 Iloi:
2689 5702 2801 5767 ipso
2860 5702 2910 5751 in
2951 5701 3072 5753 loco
3126 5693 3461 5752 editi-Toﬁro
3499 5697 3556 5748 δέ
3584 5697 3704 5767 ὲστι
3729 5693 3985 5745 τοιοῦτον.

2420 5772 2513 5833 Τίς
2543 5771 2662 5840 (sic)
2694 5766 2767 5841 μὴ
2810 5770 3200 5841 χαλεπαίνετε.
3239 5768 3456 5837 Antiqui
3492 5778 3599 5821 tres
3656 5766 3780 5820 libri
3841 5772 3896 5817 ut
3940 5767 3985 5814 in

2418 5853 2690 5897 ςοιιιυιιιι.
