4230 6510
235 456 342 511 509

1322 449 1687 507 ADVERSUS
1725 449 2088 508 EUNOMIUM
2128 453 2255 508 LIB.
2295 453 2336 510 l.

3366 462 3467 515 διο

229 565 444 633 ἄνδρες,
476 559 607 633 πρὸς
654 560 783 612 αὑτὸ
826 560 883 611 τὸ
925 561 1222 632 ἀκρότατον
1266 561 1365 632 τῆς
1411 563 1607 634 ἀρετῆς
1650 561 1801 614 ἀνελ-
1829 570 1878 628 Α

1795 570 1878 628 -Α
1906 579 2020 618 cem
2061 567 2410 636 ascendi,qui
2449 569 2752 623 transcendi
2804 579 3016 625 terrena
3040 611 3055 636 ,
3097 588 3159 628 ac
3187 589 3465 630 conversa-

229 655 399 718 θύντι,
442 656 533 705 καὶ
567 653 860 724 ὑπερϐάντι
907 655 1002 724 μὲν
1056 653 1124 706 τὰ
1175 654 1358 723 γήϊνα,
1397 657 1574 706 πᾶσαν
1615 654 1671 706 δὲ
1705 653 1800 724 τὴν

231 745 507 798 πολιτείαν
540 748 617 809 είς
650 747 873 816 οὐρανὸν
910 747 1213 816 μεταθέντι.
1249 747 1453 810 Ιίαινὸς
1481 740 1634 808 οὗτος
1671 745 1802 800 ἀλα-

231 835 444 898 ζονείας
469 837 684 906 τρόπος.
712 839 787 890 Δι’
811 832 884 892 ὧν
911 838 1015 909 γὰρ
1045 839 1264 908 ἀμελεῖν
1305 840 1678 908 προσποιεῖται
1706 835 1797 888 τοῦ

227 927 424 995 τύφου,
457 930 592 998 πρὸς
630 929 725 999 τὴν
766 930 996 1000 ἐσχάτην
1031 930 1290 998 φυσίωσιν
1335 931 1522 982 ἑαυτὸν
1569 929 1796 999 ὑπεραίο

231 1037 336 1090 ρει.
377 1022 438 1073 Εἰ
485 1022 592 1092 γὰρ
644 1023 726 1090 ἐφ’
769 1017 849 1084 οἷς
881 1022 1205 1076 ἐνδείκνυται
1263 1021 1588 1090 συγγνώμης
1635 1020 1799 1083 ἀξίως

230 1113 518 1182 πράσσειν,
548 1114 645 1182 τῆς
675 1113 1026 1182 εὑαγγελικῆς
1062 1114 1330 1175 πολιτείας
1362 1112 1477 1165 ἐστὶ
1518 1111 1586 1164 τά
1630 1111 1798 1178 κεφά-

231 1205 386 1266 λαια,
437 1206 671 1269 εἰκάζειν
720 1205 940 1274 ἀφίησιν
977 1209 1155 1258 ὁποῖόν
1206 1223 1326 1258 τινα
1385 1205 1546 1256 αὑτὸν
1580 1206 1634 1255 ὲν
1687 1206 1797 1265 τοῖς

228 1299 685 1369 κατωρθωμένοις
725 1300 970 1367 ἡγεῖσθαι
1023 1297 1286 1368 προσῆκε.
1338 1297 1520 1349 Ταῦτα
1563 1296 1656 1365 μὲν
1702 1301 1792 1347 οὑν

225 1387 429 1440 ὡσανεὶ
485 1389 806 1459 χαρακτῆρα
863 1390 960 1460 τῆς
1017 1390 1142 1459 ὅλης
1190 1391 1356 1459 αὑτῆς
1427 1387 1795 1458 προαιρέσεως

227 1480 443 1548 ἔχοντα,
484 1479 691 1531 πολλῶν
739 1480 1246 1549 ἀποσιωπηθέντων,
1315 1479 1508 1540 ἱκανῶς
1552 1480 1792 1546 εἴρηται,

229 1572 320 1623 ἵνα
359 1573 425 1624 δι’
464 1565 536 1623 ὧν
575 1572 669 1640 μὲν
705 1571 985 1639 ἐψεύσατο,
1032 1573 1118 1624 τὸν
1167 1571 1373 1641 πατέρα
1427 1570 1518 1622 τοῦ
1567 1569 1797 1636 ψεύδους

227 1664 290 1714 ὲν
334 1663 482 1734 αὑτῷ
523 1663 782 1716 λαλοῦντα
826 1665 1207 1735 γνωρίσωμεν
1246 1665 1308 1715 ἐκ
1352 1662 1407 1713 δὲ
1458 1660 1562 1712 τῶν
1597 1659 1795 1723 ἀλαζο-

223 1755 510 1823 νευμάτων
542 1755 645 1807 τίνι
691 1755 1179 1826 συγκατακέκριται
1218 1753 1571 1821 διδαχθῶμεν,
1609 1749 1794 1818 σαφῶς

225 1844 326 1897 τοῦ
376 1845 694 1898 Ἀποστόλου
754 1845 996 1912 λέγοντος
1038 1846 1124 1897 τὸν
1167 1843 1478 1911 τυφωθέντα
1509 1843 1586 1903 εἰς
1619 1843 1792 1911 κρῖμα

1907 656 2104 711 tionem
2145 671 2357 711 omnem
2391 657 2442 712 in
2475 659 2673 713 cmlum
2726 664 2995 716 transtuli.
3045 663 3225 720 Novus
3267 668 3352 720 hic
3388 680 3466 721 est

1901 750 2224 815 arrogantiae
2252 749 2459 802 modus.
2484 749 2687 814 Quibus
2717 766 2947 820 namque
2976 754 3246 824 negligere
3276 772 3333 812 se
3363 760 3467 813 ias-

1902 847 2011 892 tum
2046 840 2284 904 simulat,
2314 841 2502 895 iisdem
2534 858 2590 897 se
2625 843 2738 912 ipse
2765 843 2829 897 ad
2866 859 3130 900 summum
3174 851 3341 905 animi
3378 865 3466 904 tu-

1899 943 2104 983 morem
2139 929 2316 984 eﬂ'ert.
2354 931 2488 987 Nam
2539 935 2584 987 si
2639 935 2835 1002 quibus
2863 938 3093 991 ostendit
3139 941 3295 992 venia
3348 957 3466 996 esse

1900 1020 2056 1090 digna
2087 1036 2205 1089 quae
2247 1025 2404 1090 gerit,
2445 1040 2506 1078 ea
2547 1027 2872 1095 evangelica:
2902 1030 3028 1082 vitae
3062 1032 3232 1097 capita
3287 1044 3413 1086 sunt
3446 1052 3461 1098 ;

1899 1107 2204 1171 conjectare
2237 1111 2387 1175 sinit,
2427 1114 2637 1182 qualem
2670 1131 2728 1169 se
2753 1117 2801 1169 in
2838 1118 3059 1186 reliquis
3088 1121 3341 1187 prmclare
3377 1141 3462 1193 ge-

1898 1200 1998 1255 stis
2027 1201 2210 1256 ltaberi
2244 1208 2550 1259 conveniat.
2583 1207 2650 1261 Et
2677 1211 2891 1276 quidem
2935 1211 3050 1264 haec
3083 1215 3280 1282 quibus
3322 1226 3463 1269 totus

1899 1291 2040 1346 illius
2066 1296 2284 1350 animus
2322 1301 2474 1365 quasi
2506 1301 2847 1368 exprimitur,
2880 1301 3060 1358 multis
3085 1305 3296 1360 silentio
3328 1323 3458 1374 prae--

1902 1387 2091 1452 teritis,
2126 1389 2335 1444 abunde
2362 1403 2653 1447 memorata
2685 1405 2845 1459 sunt;
2876 1404 2930 1448 ut
2962 1411 3054 1463 per
3078 1412 3138 1450 ea
3167 1414 3285 1467 qum
3318 1415 3464 1454 men-

1899 1478 2028 1531 titus
2054 1487 2157 1542 est,
2191 1492 2398 1548 patrem
2430 1485 2692 1539 mendacii
2723 1488 2772 1539 in
2800 1503 2863 1541 eo
2892 1488 3126 1543 locutum
3161 1506 3462 1560 cognosca—

1899 1583 2015 1622 mus
2041 1569 2105 1635 ⁸⁵,
2136 1572 2512 1644 discamusque
2535 1593 2598 1646 ελ
2633 1577 2747 1645 ejus
2771 1583 3096 1650 arrogantia.
3127 1599 3359 1651 quocum
3390 1586 3461 1638 sit

1897 1660 2316 1729 condemnatus;
2352 1683 2469 1720 cum
2505 1679 2690 1738 aperte
2719 1671 2861 1725 dicat
2898 1672 3184 1739 Apostolus
3216 1676 3282 1738 ⁸⁷,
3323 1674 3460 1729 fastu

1897 1749 2155 1804 tumidum
2184 1754 2232 1807 in
2260 1757 2725 1827 diabolijudiciunt
2746 1762 2999 1817 incidere.
3018 1763 3134 1818 .lam
3161 1766 3372 1820 tandem
3393 1770 3459 1820 ad

1895 1842 2318 1910 redarguendam
2355 1850 2683 1919 impietatem
2717 1855 3056 1913 accedamus.

219 1935 520 2005 ἐμπίπτειν
560 1935 651 1988 τοῦ
689 1936 930 1988 διαϐόλου
953 1951 965 1964 °
1014 1936 1096 1986 ἐπ’
1130 1934 1324 1994 αὑτοὺς
1382 1933 1438 1985 δὲ
1484 1932 1668 1985 λοιπὸν
1709 1934 1834 1992 τοὺς
1873 1932 2126 2003 ἐλέγχους
2149 1938 2245 2008 τῆς
2276 1941 2527 2006 ἀσεϐείας
2558 1946 2818 2016 ἔλθωμεν.

299 2050 353 2104 4.
394 2051 582 2102 Πίστιν
625 2050 890 2104 ἐκτίθεται
939 2049 1148 2121 πρῶτον
1191 2050 1249 2115 ea
1285 2049 1469 2103 ἁπλῶν
1531 2051 1622 2103 καὶ
1675 2047 1791 2100 ἀδι-
1821 2053 1866 2111 Β
1965 2083 1969 2095 .

1787 2078 1791 2087 ι
1821 2053 1866 2111 Β
1965 2051 2016 2105 4.
2059 2052 2238 2109 Fidem
2265 2061 2512 2127 proponit
2539 2063 2768 2130 primum
2803 2081 2866 2120 ex
2910 2066 3244 2135 simplicibus
3271 2083 3332 2123 ac
3369 2084 3457 2120 va-

219 2142 458 2213 ορίστων
505 2142 699 2205 λέξεων
747 2137 1192 2215 συγκειμένην,
1226 2144 1523 2212 ἐχρήσαντο
1578 2140 1670 2193 καί
1713 2157 1792 2192 τι-

222 2251 316 2296 νες
347 2234 458 2304 (82)
491 2235 596 2286 τῶν
628 2233 900 2304 Πατέρων,
951 2235 1068 2302 οὐχὶ
1110 2234 1245 2303 πρὸς
1287 2234 1539 2303 ζητήσεις
1573 2232 1792 2285 ὑποκει-

229 2326 399 2394 μένας
449 2326 882 2396 ἀποτεινόμενοι,
926 2326 1040 2379 ἀλλ’
1087 2323 1274 2388 ἁπλῶς
1309 2325 1481 2388 οὕτως
1530 2326 1614 2394 ἐφ’
1664 2326 1790 2377 ἑαυ-

221 2419 334 2469 τῶν
363 2418 474 2487 (85)
521 2419 577 2470 ἐν
630 2419 886 2488 ἁπλότητι
920 2418 1145 2490 καρδίας
1189 2417 1577 2487 διαλεγόμενοι.
1627 2417 1693 2468 Εἴ
1729 2433 1788 2468 τε

225 2509 324 2560 καὶ
354 2507 462 2578 (8i)
492 2510 739 2580 Ἀρειος,
781 2509 855 2572 ὣς
901 2526 1061 2577 φασι,
1114 2507 1459 2576 σοφιζόμενος
1507 2505 1596 2557 τὸν
1637 2505 1788 2558 Ἀλέ-

225 2599 472 2669 ξανδρον,
511 2600 710 2670 ταύτην
755 2601 900 2670 αὑτῴ
938 2598 1282 2669 προετείνατο
1333 2599 1446 2668 (καὶ
1479 2599 1586 2669 γὰρ
1635 2600 1791 2652 τοῦτο

224 2694 517 2761 λέγουσιν),
545 2695 656 2745 ἀλλ’
678 2693 810 2763 ὁμοῦ
848 2694 944 2763 μὲν
972 2693 1173 2764 ταύτην
1204 2694 1278 2757 ὼς
1317 2695 1680 2767 ὁμολογοῦσαν
1721 2697 1788 2764 τῇ

225 2785 421 2836 ἑαυτοῦ
455 2783 644 2857 γνώμῃ
684 2785 1000 2856 προΐσχεται
1038 2786 1125 2840 διὰ
1166 2787 1257 2841 δύο
1292 2790 1620 2859 προφάσεις·
1661 2789 1789 2858 μίαν

229 2875 348 2944 μὲν,
383 2873 521 2925 ὥστε
550 2874 647 2943 τὴν
689 2875 787 2945 τῆς
826 2879 1173 2946 καινοτομίας
1217 2878 1466 2931 ὑπόνοιαν
1512 2881 1786 2946 ἐκφυγεῖν,

225 2969 286 3020 ἐν
423 2959 519 3038 τῆν
560 2967 665 3020 τῶν
715 2968 972 3039 Πατέρων
1019 2970 1198 3021 πίστιν
1231 2970 1306 3032 ὼς
1346 2970 1518 3040 ὀρθῶς
1567 2970 1789 3037 ἔχουσαν

225 3060 618 3130 ἀποδέχεσθαιο
664 3060 852 3132 ἑτέραν
910 3060 985 3125 δὲ,
1030 3060 1120 3114 τοῦ
1172 3061 1379 3124 πάντας
1437 3060 1788 3131 ἀπροοράτως

224 3157 348 3215 ταῖς
378 3154 579 3221 πάγαις
621 3153 781 3206 αὑτοῦ
821 3153 928 3206 τῶν
962 3153 1306 3221 σοςςισμάτων
1355 3156 1672 3223 περιπεσεῖν
1723 3159 1786 3226 τῇ

225 3243 488 3314 ἁπλότητι
526 3245 632 3296 τῶν
673 3245 925 3313 ῥημάτων
968 3243 1169 3295 τούτων
1229 3244 1787 3308 καταπιστεύσαντας.

240 3335 406 3404 Ὀμοῦ
436 3334 490 3387 δὲ
520 3335 735 3385 κάκεῖνο
768 3333 998 3384 συνεῖδεν
1041 3334 1172 3405 (85),
1201 3335 1280 3387 ὅτι
1323 3336 1414 3387 καὶ
1453 3334 1549 3406 τὴν
1596 3337 1787 3388 ἑαυτοῦ

1898 2145 1980 2215 gis
2003 2149 2224 2203 vocibus
2274 2155 2646 2220 compositam,
2698 2171 2799 2223 qua
2852 2158 3066 2224 quidam
3104 2174 3167 2211 ex
3206 2157 3457 2214 Patribi:s

1896 2238 1979 2292 nsi
2009 2249 2154 2303 sunt,
2187 2242 2251 2295 ad
2289 2247 2588 2312 propositas
2637 2249 2960 2315 quaestiones
2991 2266 3095 2303 non
3127 2253 3334 2315 attenti,
3365 2253 3456 2305 sed

1898 2328 2212 2397 simpliciter
2235 2335 2312 2388 sic
2340 2350 2368 2388 a
2394 2337 2584 2405 seipsis
2615 2339 2663 2392 in
2710 2339 3050 2410 simplicitate
3082 2344 3259 2397 cordis
3283 2344 3456 2397 disse-

1899 2430 2095 2476 rentes.
2130 2426 2445 2494 Quanquam
2496 2441 2671 2486 autem
2725 2433 2928 2501 Arius,
2992 2445 3050 2486 ut
3091 2435 3261 2498 aiunt,
3323 2438 3458 2489 hanc

1895 2512 2200 2569 Alexandro
2223 2518 2431 2583 obtulit,
2471 2521 2644 2590 ipsum
2691 2524 2852 2594 212
2887 2525 3161 2595 decipiens
3219 2527 3377 2594 (nam
3405 2539 3457 2580 ct

1897 2603 1999 2658 hoc
2034 2604 2266 2677 dicunt),
2296 2609 2643 2667 nihilominus
2681 2622 2854 2668 tamen
2909 2617 3152 2669 eamdem
3202 2627 3456 2686 tanquam

1897 2709 2008 2750 sure
2034 2697 2201 2765 ipsius
2227 2702 2506 2755 sententiae
2530 2715 2947 2760 consentaneum
2997 2705 3203 2775 profert
3236 2720 3456 2778 propter

1897 2785 2029 2839 duas
2078 2803 2307 2840 causas:
2347 2790 2577 2856 primum
2613 2794 2857 2859 quidem,
2904 2805 2961 2848 ut
3005 2798 3292 2852 iunovaudi
3327 2799 3454 2854 eﬂu-

1895 2876 2005 2944 giat
2033 2878 2415 2945 suspicionem,
2453 2893 2573 2935 cunt
2601 2881 2820 2936 Patrum
2867 2884 3024 2938 ﬁdem
3083 2896 3333 2956 tanquam
3366 2907 3452 2946 re-

1895 2976 2036 3021 ctam
2068 2970 2326 3035 suscipiat
2364 2991 2376 3027 :
2413 2973 2658 3038 alteram,
2695 2982 2754 3029 ut
2787 2990 2998 3042 omnes,
3031 2978 3317 3034 verborum
3364 2985 3453 3037 lto-

1896 3075 2014 3114 rum
2067 3063 2395 3130 simplicitati
2431 3065 2675 3120 adhibita
2728 3069 2852 3132 fide,
2913 3071 3128 3124 incaute
3174 3074 3226 3126 in
3276 3077 3454 3144 sophi-

1895 3164 2124 3210 smatuut
2163 3157 2328 3227 ipsius
2357 3157 2577 3226 laqueos
2603 3159 2856 3215 incidant.
2885 3159 3055 3218 Simul
3080 3177 3259 3219 autem
3291 3169 3454 3222 etiam

1898 3245 2024 3299 illud
2061 3247 2344 3313 intellexit,
2398 3264 2455 3303 se
2507 3259 2561 3304 et
2606 3266 2756 3305 suam
2790 3251 2956 3321 ipsius
2987 3256 3307 3310 sententiam
3335 3273 3455 3326 spe-

1896 3335 2038 3388 ciosa
2071 3338 2304 3404 quadam
2331 3341 2539 3392 ratione
2567 3341 2741 3395 obiter
2767 3343 3134 3410 inducturum,
3187 3350 3231 3401 si
3262 3350 3452 3403 videli-

223 3425 452 3498 γνώμην
493 3424 858 3494 εὐπροσώποις
901 3425 1049 3496 αὑτῴ
1082 3431 1507 3498 παρεισαγαγεῖν
1537 3429 1785 3499 ὑπάρξει,
1817 3417 1858 3474 C
1891 3455 1893 3466 ε

1781 3471 1785 3489 ,
1817 3417 1858 3474 C
1891 3438 1973 3480 cet
2005 3427 2144 3482 dicta
2174 3427 2392 3482 Patrum
2427 3443 2740 3501 exponeret,
2773 3445 2824 3489 et
2859 3437 3095 3493 maxime
3122 3439 3451 3510 impietatem

225 3517 575 3589 ὲξηγουμένῳ
613 3516 769 3586 δῆθεν
821 3517 888 3569 τὰ
936 3517 1043 3571 τῶν
1096 3519 1370 3589 Πατέρων,
1418 3520 1508 3571 καὶ
1562 3518 1792 3588 μάλιστα

230 3611 330 3679 μὲν
388 3607 650 3678 λὴτσασθαι
703 3608 944 3660 ἀσεϐῶν·
987 3610 1034 3660 εἰ
1083 3610 1125 3660 δ’
1176 3611 1280 3680 ἄρα
1334 3609 1426 3661 καὶ
1479 3609 1787 3680 φωραθείη,

228 3701 466 3764 ἀναίτιος
511 3695 648 3755 εἶναι
692 3700 881 3763 δόξειν,
928 3700 1001 3761 ὡς
1042 3700 1192 3752 οὐδὲν
1239 3699 1446 3752 οἴκοθεν
1497 3702 1615 3754 οὑδὲ
1661 3701 1788 3772 παρ’

225 3794 420 3846 ἑαυτοῦ
457 3813 507 3846 τι
542 3795 731 3862 λέγων,
771 3792 881 3843 ἀλλ’
913 3792 1192 3863 ἀλλοτρίας
1239 3793 1524 3862 γενόμενος
1555 3794 1791 3858 διανοίας

226 3884 518 3955 ἐξηγητής.
564 3886 649 3935 Ἐν
691 3877 735 3951 ᾧ
769 3882 829 3955 δὴ
873 3882 965 3933 καὶ
1012 3883 1344 3950 γελοιότατόν
1383 3901 1435 3935 τι
1473 3884 1656 3939 παθὼν
1694 3886 1792 3938 οὑκ

226 3977 513 4048 ἐπῄσθετο.
574 3977 890 4040 Ἐπαινέσας
941 3973 1048 4047 γὰρ
1101 3976 1268 4046 αὑτὴν
1326 3976 1436 4046 (86)
1486 3977 1653 4030 πολλὰ
1701 3979 1792 4031 καὶ

228 4070 470 4140 μεγάλα,
510 4071 699 4140 μικρὸν
733 4070 955 4132 ὑποϐὰς,
985 4072 1094 4130 τοῖς
1133 4069 1428 4137 αἰσχίστοις
1459 4070 1615 4124 πάλιν
1656 4071 1792 4124 ὀνεί-

224 4161 340 4212 δεσι
389 4161 716 4229 περιϐάλλει.
761 4161 896 4212 Ἀλλ’
940 4163 1023 4213 ἵνα
1080 4160 1405 4231 σαφέστερον
1438 4161 1464 4212 ὃ
1523 4162 1666 4230 λέγω
1697 4163 1791 4232 γέ·-

227 4272 405 4325 νηται,
438 4253 574 4304 κατά
614 4253 748 4321 μέρη
774 4252 862 4302 τὸν
888 4252 1039 4318 λόγον
1066 4252 1368 4320 διελόμενος
1400 4252 1653 4316 ἐξετάσω.
1680 4257 1789 4308 Καὶ

227 4345 440 4418 πρῶτον
467 4361 529 4414 γε
559 4342 652 4414 τὴν
685 4343 794 4412 (87)
841 4341 1017 4395 πίστιν
1151 4343 1490 4410 προτείνεται
1538 4345 1786 4413 καταμά-

223 4439 428 4507 θωμεν,
462 4437 626 4498 αὑτὰς
660 4434 757 4498 τὰς
791 4433 996 4487 ἐκείνου
1041 4437 1219 4503 φωνᾶς
1261 4435 1645 4506 παραθέμενοι.

296 4530 454 4581 EI’N.
497 4528 606 4598 Τὴν
659 4527 712 4579 δὲ
761 4528 1083 4596 κρατοῦσαν,
1140 4529 1323 4596 φησὶν.
1384 4528 1584 4579 ἄνωθεν
1642 4527 1789 4598 παρά

220 4621 332 4675 τῶν
371 4621 623 4692 Πατέρων
669 4619 859 4689 εὐσεϐῆ
911 4619 1221 4690 παράδοσιν,
1267 4618 1452 4688 ῶσπερ
1490 4619 1606 4672 τινὰ
1650 4621 1787 4688 γνώ-

225 4728 362 4781 μονα
396 4713 489 4763 καὶ
519 4711 712 4763 κανόνα
754 4709 1156 4781 προεκθέμενοι,
1185 4710 1402 4781 ἀκριϐεῖ
1433 4709 1602 4779 τούτῳ
1652 4729 1787 4781 χρη-

224 4804 446 4876 σώμεθα
471 4804 580 4873 (88)
607 4805 870 4875 κριτηρίῳ
903 4803 1035 4871 πρὸς
1073 4802 1168 4873 τὴν
1196 4803 1301 4856 τῶν
1325 4803 1630 4871 λεγομένων
1666 4805 1784 4855 ὲπί·

221 4916 426 4972 κρισιν.

295 5077 516 5132 ⁵⁸]οοιι.
551 5093 665 5141 vm,
695 5077 781 5130 44.
855 5079 898 5108 ⁸⁷
932 5075 1108 5131 lTim.
1147 5093 1228 5143 ιιι,
1266 5078 1320 5134 6.

293 5217 565 5289 (89.)Editi
599 5216 892 5289 ἐχρήσαντο
945 5217 1036 5270 καί
1092 5232 1253 5278 τινες.
1305 5213 1516 5289 Vocula
1553 5215 1646 5267 καί
1708 5218 1758 5269 ἰη

218 5308 351 5345 mss.
409 5305 512 5342 non
550 5289 833 5340 invenitur.
863 5288 1121 5340 Przeclara
1162 5288 1444 5344 sententia,
1493 5288 1762 5355 dignaque

219 5361 418 5415 Basilio
459 5359 665 5426 Magno.
697 5357 1124 5426 Quotiescunque
1173 5345 1764 5426 igitur‘ltzeretK-ipro-

218 5433 399 5483 ferunt
437 5424 651 5506 Patrum
693 5424 1168 5506 testiinouia‘fquize
1194 5424 1294 5480 Sibi
1339 5424 1733 5506 faverea'ideau

218 5511 326 5563 tur,
364 5501 407 5553 si
440 5499 742 5552 testimonia
783 5498 867 5550 illa
897 5498 1055 5563 petita
1091 5499 1195 5550 sint
1229 5511 1289 5550 ex
1319 5499 1618 5564 peregrinis
1643 5499 1758 5563 qui-

216 5571 443 5625 busdam
471 5568 626 5630 locis,
677 5569 726 5619 in
777 5570 968 5636 quibus
1019 5564 1201 5620 Patres
1229 5567 1294 5636 de
1323 5567 1498 5632 aliqua
1555 5580 1612 5636 re
1657 5582 1759 5619 non

214 5642 481 5701 consulto,
538 5639 628 5691 sed
665 5634 879 5692 fortuito
921 5636 1196 5705 obiterque
1247 5635 1548 5704 loquantur,
1603 5634 1761 5690 toties

213 5711 427 5780 egregia
461 5708 553 5786 illa
579 5706 1043 5786 Basiliisenlentia
1081 5709 1240 5760 debet
1273 5705 1538 5786 atlltibet‘i.
1671 5775 1682 5786 .

286 5781 396 5850 (85)
587 5776 830 5854 ἑαυτῶν,
862 5789 1048 5854 sponte
1069 5787 1290 5840 naturae,
1313 5775 1438 5854 _hoc
1463 5785 1564 5839 est,
1602 5775 1776 5854 primo

217 5839 408 5909 mentis
456 5839 676 5917 iiitpetu,
709 5849 755 5900 id
804 5839 941 5916 quod
971 5848 1142 5916 agitur
1174 5839 1324 5914 quasi
1384 5862 1490 5900 nun
1519 5839 1773 5917 cogitau-

215 5937 316 5976 his.

1892 3518 2248 3575 ucrulturum.
2275 3521 2422 3589 Quod
2465 3525 2507 3578 si
2541 3524 2679 3580 forte
2713 3528 3221 3597 deprehenderetur,
3250 3536 3452 3601 putavit

1895 3610 2031 3677 fore,
2064 3621 2122 3667 ut
2177 3626 2330 3669 extra
2366 3617 2576 3685 culpam
2633 3633 2750 3673 esse
2797 3621 3090 3685 videretur,
3124 3627 3264 3692 quod
3287 3641 3388 3678 nou
3424 3642 3452 3681 e

1891 3718 2008 3769 suo,
2045 3720 2220 3775 neque
2247 3723 2274 3759 a
2301 3723 2358 3763 se
2381 3709 2676 3780 quidquam
2714 3712 2937 3776 diceret,
2967 3715 3058 3766 sed
3098 3714 3287 3769 aliena:
3328 3733 3450 3772 sen-

1895 3798 2071 3852 tentia;
2093 3811 2233 3854 esset
2265 3802 2550 3871 interpres.
2590 3804 2702 3868 Qua
2733 3805 2784 3856 in
2811 3819 2866 3857 re
2890 3805 3172 3862 admisisse
3212 3825 3269 3863 se
3297 3812 3448 3878 quid-

1893 3888 2013 3942 dam
2043 3889 2154 3943 risu
2187 3890 2554 3960 dignissimum
2591 3908 2696 3946 non
2729 3895 3131 3950 animadvertit.
3157 3899 3445 3970 Postquam

1894 3983 2035 4036 enim
2084 3983 2265 4036 multis
2297 3998 2360 4037 ac
2389 3986 2616 4039 summis
2655 3985 2906 4042 laudibus
2935 3990 3129 4044 extulit
3162 3992 3315 4045 tidem
3346 3992 3450 4046 Pa-

1895 4082 2056 4140 trum,
2082 4088 2198 4126 cam
2230 4077 2439 4143 probris
2469 4075 2780 4132 fmdissimis
2807 4079 2984 4136 aﬂicit.
3015 4083 3140 4146 Sed,
3172 4097 3228 4138 ut
3252 4085 3449 4141 clarius

1894 4165 1985 4218 fiat
2017 4164 2161 4234 quod
2189 4167 2332 4232 dico,
2362 4167 2557 4221 librum
2587 4169 2636 4220 in
2663 4183 2845 4238 partes
2883 4174 3104 4227 divisum
3127 4178 3444 4246 expendam.

1890 4257 1955 4310 Et
1984 4259 2215 4324 primum
2241 4261 2453 4328 quidem
2485 4275 2645 4328 quam
2672 4264 2918 4331 proponit
2946 4266 3126 4335 ﬁdem,
3161 4271 3285 4337 ipsis
3309 4271 3447 4324 illius

1891 4349 2069 4404 verbis
2105 4352 2382 4421 appositis,
2417 4355 2844 4411 consideremus.

1960 4535 2091 4590 Eua.
2133 4537 2221 4597 At,
2259 4536 2460 4603 .nquit,
2494 4537 2834 4593 traditionem
2871 4539 3008 4607 piam
3038 4558 3154 4612 qua:
3189 4545 3254 4598 ab
3291 4545 3448 4597 initio

1891 4629 2030 4697 apud
2080 4629 2266 4682 Patres
2315 4629 2574 4693 obtinuit,
2621 4631 2766 4684 velut
2804 4634 3061 4686 amussim
3109 4651 3170 4687 ac
3211 4638 3446 4704 regulam

1894 4724 2176 4791 quamdam
2211 4724 2618 4790 prfemittentes,
2650 4722 2752 4776 hac
2782 4736 3029 4778 accurata
3058 4726 3326 4792 iudicandi
3369 4745 3449 4778 ra-

1895 4816 2038 4866 tione
2071 4824 2308 4877 utamur,
2344 4825 2402 4866 ut
2441 4815 2504 4867 de
2541 4814 2606 4867 iis
2643 4830 2761 4883 qua:
2791 4816 3093 4870 referentur
3128 4821 3448 4873 sententiam

1895 4905 2156 4958 feramus.

1950 5217 2060 5287 (84)
2097 5214 2234 5270 Editi
2274 5216 2400 5269 εἰδὲ
2431 5216 2544 5270 καί.
2580 5214 2722 5268 Libri
2756 5224 2965 5287 veteres
2999 5214 3108 5269 εἴτε
3143 5218 3254 5270 καί.
3279 5218 3448 5272 Allia-

1869 5286 2054 5343 nasius
2102 5288 2195 5341 lib.
2246 5287 2318 5338 De
2351 5304 2461 5354 ειμι.
2521 5287 2689 5338 refert.
2723 5286 3008 5352 quamdam
3042 5290 3151 5340 Arii
3217 5291 3280 5340 ad
3326 5294 3448 5342 Ali-—

1869 5359 2140 5412 Xandrum
2168 5356 2470 5424 epistolam,
2500 5357 2550 5409 in
2585 5372 2687 5420 qua
2715 5357 2910 5422 impius
2964 5357 3049 5409 ille
3085 5359 3202 5411 lidei
3238 5363 3436 5425 prnli's.

1865 5429 2073 5482 sionem
2109 5429 2368 5479 ediderat.
2404 5427 2539 5496 Lege
2575 5426 2764 5494 Epiph.
2799 5427 2925 5496 Itzet‘.
2967 5443 3089 5480 Lth
3112 5470 3126 5494 ,
3158 5444 3209 5482 η.
3249 5431 3278 5482 7
3309 5444 3357 5484 et
3393 5432 3445 5485 8.

1938 5499 2047 5567 (83)
2090 5496 2224 5563 Reg.
2259 5501 2448 5549 tertius
2482 5499 2698 5549 κάκεῖνο
2732 5495 2983 5567 συνιδεῖν.

1937 5565 2046 5636 (86)
2074 5567 2293 5635 Αὐτὴν,
2327 5567 2423 5620 hoc
2457 5578 2558 5631 est,
2595 5567 2772 5617 πίστιν
2799 5565 2905 5619 τῶν
2941 5569 3198 5637 Πατερων
3232 5612 3247 5636 ,
3291 5570 3445 5635 ﬁdem

1872 5633 2116 5697 Patrum,
2150 5633 2346 5705 dequa
2376 5638 2652 5703 aliquanto
2690 5647 2835 5705 ante.

1947 5707 2054 5776 (87)
2086 5707 2213 5776 Reg.
2260 5703 2473 5761 _tertius
2523 5723 2643 5761 euut
2702 5703 2854 5761 Culb.
2893 5709 3072 5761 πίστιν
3117 5707 3182 5777 ἣν
3230 5707 3442 5762 ἐκτίθε-

1879 5793 1987 5834 ται,
2023 5777 2178 5842 ﬁdem
2215 5794 2372 5845 quant
2404 5780 2632 5842 exponit.

1948 5847 2218 5928 (83)Et.titi
2276 5848 2606 5918 χρησόμεθα.
2675 5847 2743 5904 At
2791 5865 2918 5905 mss.
2974 5863 3214 5919 puerique
3258 5865 3446 5908 omnes

1876 5916 2226 5989 χρησώμεθα.
