4230 6514
230 463 337 519 513

1316 463 1680 518 ADVERSUS
1722 462 2083 517 EUNOMIUM
2126 459 2255 515 LIB.
2300 458 2343 516 i.

3347 466 3447 518 ΒΜ

228 605 361 658 ματι
392 593 451 643 τὸ
480 592 680 645 ἁπλοῦν
711 590 806 657 τῆς
837 588 1067 650 πίστεως
1102 588 1234 658 (97),
1264 583 1373 641 οἷόν
1398 605 1447 639 τι
1471 588 1679 657 δέλεαρ,
1704 603 1797 638 πε-
1826 596 1869 648 Α

1781 617 1797 625 -
1826 596 1869 648 Α
1900 600 2009 639 sua:
2037 584 2181 639 velut
2212 585 2368 638 hamo
2400 582 2463 634 ad
2502 592 2727 636 mortem
2767 580 3003 638 trahenti
3049 576 3451 652 simplicitatem

225 680 491 749 ριεάλλει,
521 682 606 734 ἵνα
640 680 715 749 τῷ
748 680 1053 749 φαινομένῳ
1086 682 1471 751 ἐπιδραμόντες
1496 681 1544 731 οί
1574 678 1792 748 ἀπειρό-

223 787 393 842 τεροι,
430 770 751 841 ἀφυλάκτως
776 769 853 840 τῷ
886 770 1039 841 κακῷ
1068 772 1167 841 τῆς
1200 770 1451 831 ἀσεϐείας
1478 766 1791 839 περιπαρῶ-

224 876 333 916 σιν.
373 863 457 922 Ὦς
502 860 566 912 ἂν
608 859 663 912 δὲ
699 860 772 930 μὴ
805 860 1002 925 δόξειεν
1037 862 1163 916 ἄνευ
1195 860 1437 929 ἀνάγκης
1465 862 1530 929 τῇ
1560 858 1791 927 ἐπιδιορ-

226 953 391 1006 θώσει
432 952 529 1021 τῆς
570 952 801 1016 πίστεως
847 956 1134 1024 ἐγχειρεῖν,
1173 955 1236 1023 ἢν
1267 953 1424 1017 αὐτὸς
1455 954 1789 1022 ἀπεσέμνυνε

223 1049 347 1107 ταῖς
379 1046 475 1095 ὑπε
488 1044 699 1108 ρϐολαῖς
729 1047 836 1099 τῶν
866 1049 1120 1108 ἐπαίνων,
1145 1046 1363 1116 ταύτην,
1392 1048 1578 1115 ὥσπερ
1604 1044 1791 1097 ἐπιλα-

223 1139 449 1205 θόμενος
478 1136 586 1207 (98)
613 1138 721 1191 τῶν
755 1138 945 1193 ἑαυτοῦ
978 1138 1168 1205 λόγων,
1207 1138 1473 1208 σκέψασθε
1517 1138 1632 1199 πῶς
1678 1138 1790 1191 δια-

224 1228 403 1298 σύρει.

295 1318 453 1373 ΕΥΝ.
508 1320 568 1372 Ἢ
606 1322 701 1391 μὲν
731 1316 821 1373 οὖν
852 1318 1189 1393 ἁπλουστέρα
1241 1323 1334 1373 καὶ
1381 1320 1529 1389 κοινὴ
1575 1320 1788 1373 πάντων

220 1411 405 1473 πίστις
432 1413 573 1476 ὅσοις
603 1414 662 1464 τὸ
688 1412 860 1464 δοκεῖν
894 1412 924 1483 ἢ
957 1413 1017 1466 τὸ
1056 1411 1193 1467 εἶναι
1234 1414 1574 1484 Χριστιανοίς
1601 1414 1788 1483 ἐπιμε-

218 1504 332 1565 λὲς,
360 1504 432 1567 ὡς
455 1507 509 1556 ἐν
540 1505 798 1575 ἐπιδρομῇ
824 1506 1247 1574 κεφαλαιωδέστε
1259 1524 1345 1575 ρον
1373 1506 1563 1569 εἰπεῖν,
1593 1505 1750 1574 αὐτη.

296 1595 442 1647 ΒΑΣ.
469 1594 599 1647 Είπέ
631 1613 737 1665 μοι,
762 1598 793 1667 ἡ
818 1598 1043 1666 εὐσεϐὴς
1065 1595 1169 1647 τῶν
1195 1595 1449 1664 Πατέρων
1475 1596 1784 1665 παράδοσις,

218 1686 318 1737 καὶ
346 1688 371 1736 ὁ
399 1685 595 1749 κανὼν,
628 1688 701 1750 ὼς
728 1689 886 1750 αὐτὸς
908 1688 1214 1754 ὠνόμασας,
1248 1685 1339 1736 καὶ
1363 1688 1389 1736 ὁ
1417 1683 1669 1753 γνώμων,
1696 1684 1788 1735 καὶ

216 1776 282 1828 τὸ
316 1777 553 1846 ἀσφαλὲς
579 1779 685 1849 (99)
718 1781 1015 1851 κριτήριον,
1048 1775 1140 1828 νῦν
1174 1776 1399 1846 ὄργανον
1427 1776 1661 1846 ἀπάτης,
1696 1776 1789 1827 καὶ

214 1869 383 1939 τέχνη
423 1869 821 1941 σχηματισμοῦ,
858 1868 947 1919 καὶ
971 1866 1040 1920 τὰ
1065 1867 1281 1920 τοιαῦτα
1322 1867 1480 1921 πάλιν
1520 1883 1789 1937 προσαγο-

217 1962 441 2032 ρεύεται
474 1961 547 2030 (1)
570 1978 583 2024 ;
613 1962 674 2013 Et
702 1959 809 2029 γὰρ
837 1961 953 2030 οὐχ).
976 1964 1087 2024 τοῖς
1114 1963 1280 2024 ὅντως
1306 1959 1423 2014 οὖσι
1446 1965 1787 2033 Χριστιανοῖς

215 2052 543 2122 ἐφαρμόζει,
578 2051 711 2104 ἀλλὰ
743 2055 851 2115 τοῖς
879 2053 936 2104 τὸ
964 2053 1133 2104 δοκεῖν
1162 2054 1264 2122 πρὸ
1291 2054 1384 2104 τοῦ
1416 2050 1549 2105 εἶναι
1573 2071 1791 2125 τετιμη-

214 2145 361 2205 κόσι,
389 2144 439 2195 τί
467 2142 591 2197 ἄλλο
616 2160 679 2195 πε
691 2143 741 2214 ρὶ
772 2143 939 2213 αὐτῆς
964 2144 1363 2215 ὑπολαμϐάνειν
1383 2144 1414 2215 ἢ
1438 2144 1606 2197 ταῦτα
1631 2162 1789 2215 προσ.

214 2234 355 2303 ῆκε;
390 2234 484 2298 Τίς
526 2232 590 2286 ἂν
624 2229 734 2299 οὐν,
775 2235 846 2306 μὴ
882 2234 1154 2297 παντελῶς
1187 2235 1529 2305 παραπαίων,
1568 2235 1656 2287 τὸν
1694 2251 1791 2286 κα-

214 2326 345 2378 νόνα
372 2326 463 2378 τοῦ
493 2326 689 2388 εὐθέως
723 2329 833 2387 τοῖς
862 2326 957 2395 τὴν
988 2327 1161 2395 ψυχὴν
1190 2326 1585 2394 ἐνδιαστρόφοις
1618 2325 1788 2396 ἁρμόο

214 2415 332 2480 ζειν
361 2417 522 2477 εἴποι,
551 2418 642 2467 καὶ
658 2416 746 2467 τὸν
771 2416 1020 2484 γνώμονα
1041 2417 1136 2485 τῆς
1159 2415 1411 2487 ἀληθείας
1440 2418 1549 2479 τοῖς
1578 2416 1790 2487 ἐχθροῖς

214 2506 319 2576 τῆς
374 2506 657 2576 ἀληθείας;
711 2508 772 2559 Ol
826 2508 933 2579 γὰρ
972 2507 1030 2561 τὸ
1077 2508 1432 2578 ὀνομάζεσθαι
1478 2510 1789 2581 Χριστιανοὶ

215 2598 328 2668 πρὸ
360 2596 452 2649 τοῦ
485 2596 697 2666 ἀληθῶς
734 2592 869 2650 εἶναι
898 2600 1270 2669 τετιμηκότες,
1300 2602 1390 2652 ἐπὶ
1420 2604 1483 2669 τῇ
1525 2600 1631 2651 τῶν
1664 2600 1789 2652 πολι

215 2690 327 2742 λῶν
357 2689 542 2761 ἀπάτῃ
571 2690 644 2759 (ἓ)
673 2689 759 2742 τὸν
798 2692 1169 2760 σχηματισμὸν
1200 2690 1385 2742 τοῦτον
1418 2691 1785 2759 ὑποδυόμενοι,

215 2781 415 2851 πόρρω
478 2782 655 2850 πάσης
709 2780 997 2849 εὐθύτητος
1052 2784 1141 2833 καὶ
1177 2781 1428 2850 ἀληθείας
1468 2780 1623 2835 εἰσίν.
1653 2780 1788 2833 Οὔτε

212 2868 308 2924 οὖν
340 2872 764 2941 διεστραμμένον
800 2873 1307 2945 κατευθυνθήσεται,
1337 2874 1410 2936 ὡς
1438 2872 1530 2925 τοῦ
1568 2874 1789 2944 Ἐκκλη-

216 2961 499 3015 σιαστικοὺ
526 2962 701 3029 λόγος,
740 2963 861 3015 οὐτε
894 2965 961 3017 τὰ
990 2966 1084 3035 τῆς
1116 2965 1368 3036 ἀληθείας
1394 2967 1645 3037 κριτήρια
1678 2970 1788 3031 τοῖς

212 3054 277 3105 τὸ
327 3053 519 3121 ψεῦδος
574 3057 712 3109 κατᾶ
749 3056 838 3109 τὸν
874 3055 985 3126 βίον
1030 3058 1318 3129 ᾑρημένοις
1356 3059 1602 3130 ἁρμόσει.
1652 3060 1786 3131 ὅπερ

213 3144 391 3215 τούτῳ
418 3146 578 3199 δοκεῖ.

289 3237 341 3290 5.
400 3236 555 3289 Ἀλλὰ
598 3238 664 3290 δι’
697 3238 762 3300 εις
797 3234 947 3290 εἷπον
985 3240 1161 3302 αἰτίας
1203 3241 1281 3302 είς
1307 3241 1447 3292 οὑτω
1490 3240 1783 3311 προδήλους
1813 3275 1857 3336 C

214 3328 593 3399 ἐναντιότητας
637 3329 925 3400 ὑπενέχθη,
986 3331 1069 3383 ἵνα
1102 3325 1181 3393 οἷς
1206 3333 1305 3401 μὲν
1334 3335 1543 3385 ἐπαινεῖ
1564 3332 1659 3403 τὴν
1694 3333 1783 3383 πί-

218 3440 336 3476 στιν
357 3426 629 3477 κοινωνεῖν
655 3425 763 3485 τοῖς
786 3423 1027 3492 Πατράσι
1045 3424 1141 3487 τῆς
1164 3425 1437 3488 εὐσεϐείας
1459 3426 1603 3499 δόξῃ,
1632 3421 1711 3489 οἷς
1728 3426 1783 3478 δὲ

214 3513 550 3584 λαμδάνεται
580 3514 736 3566 πάλιν
755 3513 944 3583 αὐτῆς,
969 3513 1064 3583 τὴν
1087 3514 1201 3566 ὁδὸν
1230 3514 1304 3583 (5)
1328 3516 1501 3584 ἐαυτῷ
1524 3517 1658 3585 πρὸς
1688 3516 1783 3586 τὴν

216 3605 476 3676 ἐξήγησιν
509 3608 788 3680 ὑπανοίξῃ.
825 3606 920 3660 Διὰ
954 3605 1111 3659 τοῦτο
1139 3608 1236 3677 τὴν
1274 3607 1439 3677 αὐτὴν
1466 3611 1557 3661 καὶ
1586 3611 1784 3662 κανόνα

215 3696 387 3765 λέγει,
432 3700 523 3750 καὶ
576 3700 889 3771 προσθήκης
932 3700 1092 3771 φησὶν
1140 3699 1530 3771 ἀκριϐεστέρας
1560 3699 1781 3752 δεῖσθαι.

218 3792 387 3844 Τοῦτο
417 3791 471 3843 δὲ
499 3792 629 3843 αὐτὸ
664 3793 736 3861 (ι)
773 3796 861 3845 καὶ
892 3794 988 3862 τῆς
1016 3794 1250 3862 ἐσχάτης
1274 3792 1534 3861 ἁμαθείας
1564 3795 1785 3862 σημεῖον

217 3883 380 3943 ἔστω,
404 3882 457 3934 εί
485 3900 561 3953 τῳ
582 3884 675 3935 καὶ
703 3884 856 3935 τοῦτο
883 3884 1030 3950 φίλον
1057 3884 1458 3957 παρεξετάζειν.
1495 3885 1552 3936 Ὀ
1577 3886 1684 3955 γάρ
1706 3902 1784 3938 τοι

218 3973 423 4034 κανὼν,
454 3967 498 4025 ὧ
526 3973 820 4042 σοφώτατε,
870 3976 962 4025 καὶ
1010 3974 1038 4023 ὁ
1086 3974 1333 4044 γνώμων,
1384 3974 1486 4037 ἕως
1517 3974 1581 4027 ἂν
1621 3974 1784 4043 μηδὲν

218 4067 375 4138 ἐνδέῃ
425 4064 516 4117 τοῦ
553 4064 729 4117 κανὼν
761 4061 898 4117 εἶναι
928 4066 1020 4118 καὶ
1046 4065 1296 4135 γνώμων,
1327 4066 1579 4135 οὐδεμίαν
1620 4083 1785 4136 προσ-

217 4158 393 4230 θήκην
422 4160 499 4220 είς
526 4156 807 4226 ἀκρίόειαν
829 4156 1148 4230 ἐπιδέχεται.
1193 4157 1346 4209 Κατὰ
1379 4156 1483 4226 γὰρ
1510 4155 1569 4208 τὸ
1619 4156 1785 4209 ἐλλεῖ-

218 4267 321 4301 πον
360 4250 391 4318 ἡ
422 4246 727 4319 πρόσθεσις.
787 4247 1014 4308 Ἀτελεῖς
1046 4246 1100 4298 δὲ
1127 4247 1478 4316 ὑπάρχοντες,
1525 4248 1645 4299 οὐδὲ
1678 4248 1783 4301 τῶν

218 4340 599 4411 προσηγοριῶν
632 4340 833 4391 τούτων
886 4340 1052 4407 ὑγιῶς
1094 4339 1158 4391 ἂν
1187 4339 1264 4392 ἔτι
1304 4340 1638 4407 τυγχάνοιεν.
1678 4341 1785 4393 Καὶ

216 4431 391 4485 ταῦτα
426 4432 522 4501 μὲν
558 4432 635 4493 εἰς
673 4430 944 4483 τοσοῦτον.
989 4430 1125 4499 Ἤδη
1156 4430 1210 4481 δὲ
1249 4430 1339 4482 καὶ
1380 4427 1471 4492 οὑς
1512 4427 1784 4481 ἐκτίθεται

217 4526 348 4595 περὶ
377 4522 509 4575 Θεοῦ
544 4522 730 4589 λόγους
758 4520 1199 4592 ἐπισκεψώμεθα.

1896 676 2013 732 ﬁdei
2045 691 2139 730 ceu
2172 690 2349 728 escam
2382 673 2670 743 quamdam
2715 672 3035 736 circumdat,
3073 684 3129 725 ut
3158 672 3455 741 imperitio-

1897 781 1981 819 res
2014 767 2080 819 ad
2120 765 2170 817 id
2210 766 2351 833 quod
2384 774 2607 833 apparet
2637 761 2986 829 festinantes,
3019 763 3230 816 incaute
3266 761 3456 831 impie-

1897 858 2023 912 tatis
2054 857 2265 912 scelere
2312 856 2716 923 transﬁguntur.
2766 853 2872 909 Sed
2923 872 2990 911 ne
3039 856 3279 911 videatur
3316 856 3451 909 citra

1894 950 2266 1003 necessitatem
2318 948 2750 1003 emendationem
2803 945 2923 999 ﬁdei
2981 948 3239 1016 aggredi,
3291 962 3451 1017 quam

1893 1037 2006 1107 ipse
2052 1040 2281 1094 summis
2317 1040 2563 1095 laudibus
2615 1040 2831 1101 extulit,
2874 1038 3046 1092 videte
3088 1040 3355 1107 quomodo
3401 1038 3453 1093 ei

1892 1133 2043 1200 quasi
2078 1136 2362 1189 verborum
2389 1147 2605 1187 suorum
2638 1132 2836 1188 oblitus
2862 1130 3129 1187 detrahat.

1960 1308 2093 1364 Eun.
2126 1309 2431 1381 Simplicior
2459 1312 2617 1383 igitur
2645 1312 3013 1368 etcommuuls
3036 1310 3166 1366 ﬁdes
3187 1310 3448 1375 omnium,

1889 1406 1978 1476 qui
2018 1415 2111 1458 aut
2139 1404 2329 1466 videri,
2360 1415 2450 1458 aut
2481 1421 2598 1460 esse
2624 1405 2917 1460 Cltristiani
2950 1406 3195 1477 cupiunt,
3225 1413 3281 1458 ut
3303 1418 3451 1459 coms

1891 1500 2084 1568 pendiu
2110 1514 2171 1551 ac
2198 1498 2507 1552 summatim
2539 1499 2711 1552 dicam
2733 1530 2756 1562 ,-
2782 1498 2896 1551 lure
2923 1510 3023 1553 est.

1960 1588 2082 1644 Bas.
2127 1589 2218 1642 Die
2267 1588 2421 1651 mihi,
2458 1586 2555 1662 pia
2600 1586 2816 1641 Patrum
2861 1588 3077 1641 traditio
3127 1588 3448 1658 regulaquc,

1892 1683 1965 1733 uti
2002 1683 2115 1748 ipse
2170 1684 2499 1749 nominasti,
2531 1691 2584 1736 et
2631 1681 2891 1745 amussis,
2932 1681 3452 1749 tutaquejudicaudi

1892 1776 2031 1827 ratio
2063 1813 2076 1835 ,
2114 1790 2255 1826 nunc
2308 1791 2494 1828 rursus
2543 1774 2957 1827 instrumentum
3001 1771 3233 1838 fraudis,
3263 1784 3319 1827 et
3364 1786 3453 1826 ars

1889 1866 2211 1930 simulandi,
2252 1876 2307 1918 et
2347 1866 2447 1917 alia
2481 1867 2529 1919 id
2564 1881 2728 1935 genus
2771 1864 3107 1934 appellatur?
3153 1865 3358 1919 Etenim
3405 1864 3453 1920 si

1820 1938 1860 1993 Β
1889 1973 1983 2013 eos
2017 1958 2105 2028 qui
2139 1972 2264 2011 vere
2308 1956 2605 2009 Christiani
2646 1967 2768 2010 sunt
2814 1972 3151 2027 nequaquam
3180 1955 3368 2023 decet,
3397 1967 3453 2012 at

1892 2052 1955 2105 iis
1999 2062 2172 2104 tamen
2206 2049 2295 2119 qui
2329 2049 2497 2103 videri
2545 2063 2703 2116 quam
2731 2063 2850 2103 esse
2880 2050 3102 2115 malunt,
3140 2050 3267 2118 quid
3308 2050 3449 2102 aliud

1892 2145 1955 2195 de
1982 2158 2040 2197 ea
2073 2158 2233 2210 quam
2265 2143 2390 2197 talia
2422 2142 2627 2197 sentire
2655 2142 2942 2196 convenit?
2974 2142 3104 2209 Quis
3136 2143 3319 2212 igitur,
3347 2136 3451 2198 nisi

1892 2233 2111 2287 demens
2158 2234 2377 2287 omnino
2412 2233 2504 2298 sit,
2562 2233 2759 2288 dixerit
2800 2234 3036 2305 regulam
3087 2238 3216 2290 recti
3257 2236 3320 2289 iis
3358 2235 3450 2304 qui

1890 2325 2067 2377 animo
2096 2339 2346 2392 perverso
2383 2338 2509 2381 sunt
2537 2329 2843 2391 convenire,
2880 2336 2974 2380 aut
3000 2327 3245 2382 veritatis
3271 2342 3452 2381 amuss

1892 2417 2016 2481 sim,
2061 2418 2127 2471 iis
2160 2421 2247 2487 qui
2282 2420 2523 2473 veritatis
2558 2430 2682 2472 sunt
2707 2420 2945 2472 inimici?
2972 2419 3071 2485 Qui
3100 2422 3239 2474 enim
3268 2420 3449 2475 γουσι-Ι

1889 2510 2182 2564 Christiani
2208 2525 2367 2578 quam
2400 2525 2522 2563 vere
2545 2524 2663 2563 esse
2691 2510 3014 2578 maluerunt,
3047 2512 3445 2567 simulationem

1890 2605 2027 2659 banc
2072 2605 2137 2657 ad
2170 2604 2366 2657 multos
2399 2601 2745 2671 decipiendos
2790 2604 3106 2664 induentes.
3155 2604 3339 2673 procul
3382 2605 3449 2658 ab

1888 2696 2031 2747 onmi
2080 2695 2404 2748 rectitudine
2439 2710 2501 2747 ac
2555 2696 2785 2749 veritate
2817 2698 3032 2749 absunt.
3073 2694 3256 2765 Neque
3289 2696 3451 2766 igitur

1889 2784 2175 2837 distortum
2234 2786 2513 2853 dirigetur,
2576 2786 2720 2841 velut
2769 2785 3122 2842 ECclesiastes
3177 2783 3387 2842 dixit“
3429 2801 3445 2844 :

1891 2890 2063 2941 neque
2083 2875 2324 2929 veritatis
2342 2876 2541 2945 judicia
2564 2879 2627 2931 iis
2656 2878 2746 2948 qui
2776 2879 2827 2931 in
2846 2879 2950 2937 )‘itu
2972 2881 3309 2934 mendacium
3328 2892 3449 2934 ama

1889 2967 2084 3037 plexati
2138 2978 2293 3035 sunt,
2332 2970 2661 3025 convenient
2700 2986 2712 3024 ι
2764 2973 2905 3041 quod
2952 2973 3167 3043 quidem
3212 2974 3335 3031 huic
3371 2974 3448 3029 vis

1887 3060 2059 3115 detur.

1962 3236 2013 3289 5.
2056 3233 2253 3292 Verum
2299 3235 2369 3293 ob
2397 3253 2491 3294 eas
2522 3255 2657 3309 quas
2690 3241 2845 3296 retuli
2876 3252 3065 3296 causas
3106 3252 3212 3297 tam
3262 3254 3448 3315 aperte

1890 3346 2072 3386 secum
2110 3341 2329 3401 pugnat,
2368 3343 2425 3387 ut
2472 3334 2596 3388 dum
2642 3334 2822 3389 laudat
2855 3335 3033 3401 tidem,
3081 3336 3295 3405 pietatis
3343 3337 3447 3392 Pa.

1889 3432 2030 3473 trqu
2082 3422 2347 3491 particeps
2392 3436 2512 3477 esse
2563 3424 2808 3478 videatur
2852 3441 2865 3477 :
2922 3426 3046 3478 dum
3104 3440 3232 3479 vero
3276 3426 3447 3495 ipsam

1887 3527 2076 3567 rursus
2108 3513 2450 3579 criminatur,
2482 3516 2623 3568 viam
2668 3517 2769 3571 sibi
2804 3518 3010 3586 aperiat
3052 3516 3120 3571 ad
3154 3517 3445 3586 expositio-

1888 3622 2029 3661 nem.
2058 3606 2395 3679 Quapropter
2432 3612 2672 3665 eamdem
2707 3621 2760 3666 et
2789 3612 3023 3681 regulam
3060 3613 3309 3682 appellat,
3344 3612 3446 3667 sit-

1888 3715 1993 3768 que
2041 3716 2157 3755 eam
2211 3704 2579 3758 additamento
2632 3708 2969 3761 accuratiore
3026 3706 3285 3777 indigere.
3334 3704 3446 3762 Hoc

1889 3794 2065 3861 ipsum
2124 3805 2303 3849 autem
2351 3795 2513 3848 etiam
2570 3806 2826 3849 extremae
2875 3796 3192 3865 ignorantia:
3234 3802 3446 3869 signum

1887 3882 2074 3949 fuerit,
2110 3885 2151 3938 si
2188 3886 2275 3938 cui
2308 3885 2360 3938 id
2392 3900 2610 3955 quoque
2638 3886 2942 3955 disquirere
2973 3886 3205 3943 libuerit.
3244 3888 3445 3960 Regula

1886 3976 2028 4029 enim
2076 3986 2129 4029 et
2181 3976 2429 4043 amussis,
2484 3990 2517 4029 ο
2565 3976 2978 4045 sapientissitne,
3037 3978 3270 4045 quandiu
3311 3979 3444 4034 nihil

1886 4068 2114 4123 defuerit
2165 4069 2450 4137 quominus
2498 4069 2679 4139 regula
2736 4070 2842 4123 sint
2885 4080 2939 4122 et
2983 4068 3146 4143 315
3190 4072 3444 4138 amussis,

1885 4161 2247 4215 accessionem
2290 4161 2489 4213 nullam
2520 4162 2584 4215 ad
2630 4160 2995 4231 integritatem
3025 4162 3329 4218 admittunt.
3359 4162 3445 4222 Ιῖιι

1884 4254 2026 4305 enim
2097 4254 2338 4306 accessio
2388 4252 2456 4306 ob
2506 4251 2793 4307 derectum.
2834 4252 2983 4319 Quod
3026 4252 3068 4308 si
3117 4254 3445 4325 imperfectae

1886 4341 2106 4405 fuerint,
2138 4357 2203 4395 ne
2230 4342 2329 4396 ltus
2367 4340 2584 4409 quidem
2624 4342 3007 4411 appellationes
3024 4344 3138 4412 jam
3171 4352 3317 4399 recte
3348 4359 3445 4399 ac-

1884 4435 2146 4502 ceperint.
2188 4434 2292 4487 Sed
2318 4432 2382 4488 de
2420 4433 2501 4488 Itis
2528 4435 2681 4489 satis.
2712 4432 2824 4487 Jam
2862 4449 2991 4489 Vero
3018 4438 3178 4491 etiam
3214 4449 3351 4507 quos
3378 4437 3445 4493 de

1889 4524 1995 4577 Deo
2027 4523 2225 4591 profert
2250 4540 2523 4580 sermones
2558 4526 2985 4580 consideremus.

292 4614 451 4666 ΕΥΝ.
485 4607 577 4675 Εἷς
618 4614 814 4676 τοίνυν,
848 4614 997 4683 φησι,
1040 4612 1178 4664 κατά
1209 4629 1266 4664 τε
1312 4610 1541 4681 φυσικὴν
1579 4611 1783 4684 ἔννοιαν
1815 4621 1859 4677 ο
1959 4659 1962 4668 η

1772 4628 1783 4661 ι
1815 4621 1859 4677 ο
1959 4615 2089 4668 Evn.
2134 4614 2239 4669 Nos
2267 4618 2447 4686 igitur,
2480 4616 2671 4684 inquit,
2707 4632 2871 4669 unum
2905 4619 3066 4671 Deum
3097 4617 3321 4689 etjuxta
3345 4631 3442 4677 na-

218 4709 317 4761 καὶ
345 4706 484 4758 κατὰ
518 4707 612 4777 τὴν
644 4706 750 4759 τῶν
776 4706 1029 4775 Πατέρων
1056 4704 1393 4757 διδασκαλίαν
1432 4706 1559 4774 ἡμῖν
1580 4704 1780 4774 ὡμολό-

218 4813 383 4868 γηται
417 4795 566 4857 Θεὸς,
596 4798 726 4865 μήτε
761 4796 888 4865 παρ’
923 4793 1111 4845 ἑαυτοῦ
1149 4796 1281 4863 μήτε
1305 4794 1431 4864 παρ’
1468 4794 1651 4864 ἐτέρου
1684 4811 1779 4861 γε-

212 4889 459 4958 νόμενος.
516 4883 799 4956 Ἑκάτερον
851 4885 957 4955 γὰρ
1016 4884 1191 4936 αὐτῶν
1256 4885 1447 4955 ἐπίσης
1500 4884 1778 4947 ἀδύνατον,

292 5043 339 5075 ⁸³
374 5042 549 5099 Eccle.
582 5059 621 5106 ι,
659 5041 745 5097 l5.

290 5197 400 5266 (97)
430 5200 601 5253 Ediliu
628 5208 853 5267 utraque
881 5213 1003 5253 cum
1058 5199 1187 5270 Reg.
1226 5199 1412 5266 quinto
1462 5191 1522 5270 τὸ
1568 5195 1774 5251 ἁπλοῦν

212 5268 317 5338 τῆς
346 5269 642 5331 ὲπιτὰσεως
669 5285 683 5299 ·
717 5271 853 5322 unde
896 5268 1187 5323 Cornaritis
1218 5286 1231 5323 :
1264 5269 1641 5335 simplicitatem
1683 5270 1795 5338 ευτ’

213 5336 585 5395 crebrescentis
631 5340 903 5391 orationis.
934 5341 1003 5392 At
1042 5340 1191 5393 Coll).
1230 5349 1281 5391 et
1305 5354 1396 5391 sex
1429 5338 1516 5390 alii
1550 5352 1680 5391 mss.
1708 5336 1769 5388 τὸ

212 5407 420 5463 ἁπλοῦν
451 5410 549 5478 τῆς
580 5412 834 5478 πίστεως,
860 5411 1245 5475 simplicitatem
1271 5410 1413 5475 ﬁdei.

289 5478 397 5546 (98)
440 5476 573 5533 Editi
599 5476 1092 5550 ἐπιλανθανόμενος.
1127 5479 1340 5533 Veteres
1370 5482 1473 5533 duo
1502 5480 1621 5534 libri
1649 5484 1769 5533 ὲπι-

212 5548 527 5602 λαθόμενος.

247 5550 527 5612 αθόμενος.

286 5567 605 5688 ῗδίΐῖἷῗδξιρχ
638 5634 772 5673 unus
798 5620 889 5673 καὶ
912 5619 971 5670 τὸ
994 5620 1411 5688 ἀσφαλέστατον.
1476 5618 1593 5672 Mox
1629 5620 1764 5685 Reg.

212 5691 407 5745 tertius
439 5688 531 5742 νῦν
564 5689 787 5759 ὄργανα.

284 5759 527 5831 (Ιλ-Ειιιιὶ
552 5758 1062 5829 προσαγορεύονται.
1095 5762 1163 5814 At
1190 5775 1314 5813 mss.
1360 5758 1765 5831 προσαγορεύε-

210 5828 485 5883 't'at.Nuta
534 5828 969 5898 interrogationis
1028 5831 1113 5883 hic
1174 5828 1443 5882 invenitur
1482 5832 1531 5881 itt
1584 5828 1765 5881 multis

212 5916 343 5955 tuss.
388 5901 579 5955 Statim
621 5901 748 5952 editi
787 5900 910 5970 περὶ
946 5900 1108 5953 αὐτοῦ
1158 5899 1575 5971 ὑπολαμὸανειν.
1616 5898 1761 5954 Libri

532 5995 801 6056 Ριτιιοι..
847 5998 961 6057 Gtt.
1002 5997 1237 6059 ΧΧΙΧ.

1888 4706 2114 4757 tnralem
2154 4706 2425 4759 notionem
2472 4716 2527 4759 et
2550 4707 2703 4773 juxta
2736 4705 2953 4759 Patrum
2988 4708 3282 4763 doctrinam
3316 4726 3445 4766 cond

1891 4794 2125 4858 ﬁtemur,
2175 4809 2348 4863 neque
2384 4810 2412 4849 a
2461 4796 2675 4863 seipso,
2729 4810 2902 4864 neque
2950 4797 3015 4849 ab
3065 4796 3172 4852 alio
3222 4797 3443 4854 factum.

1887 4884 2021 4938 Nam
2071 4897 2360 4955 utrumque
2406 4888 2595 4942 iturum
2648 4904 2713 4942 ex
2753 4905 2905 4961 aequo
2951 4888 3063 4944 ﬁeri
3110 4905 3216 4945 non
3245 4902 3443 4961 potest,

1879 5196 2082 5265 antiqui
2110 5191 2237 5265 περὶ
2265 5190 2454 5266 αὐτῆς.

1949 5262 2023 5342 (ἳὶ
2055 5262 2203 5342 ῼυιυ.
2241 5282 2359 5342 cum
2389 5262 2522 5336 Reg.
2553 5266 2710 5342 tertio
2845 5268 2945 5342 τὴν
2971 5266 3205 5342 ἀπάτην.
3234 5262 3441 5342 Locum

1880 5338 2222 5412 AEcrlesiasta;
2253 5338 2329 5389 sic
2348 5352 2657 5412 expressere
2691 5336 2827 5412 CXX
2866 5336 3355 5412 :Atse‘rpdttttlvov
3380 5341 3441 5393 οὐ

1874 5407 2156 5478 δυνήσεται
2193 5407 2684 5480 ἐπικοσμηθῆναι,
2711 5405 3025 5480 “Perpernam
3080 5405 3210 5464 ’ποκ’
3255 5412 3443 5480 poterit

1875 5476 2161 5550 adornari.
2192 5478 2342 5550 Vulg.
2371 5476 2610 5550 Perveni
2634 5478 2840 5545 difﬁcile
2866 5481 3228 5550 corriguntur.

1948 5548 2022 5621 (ᾖ)
2072 5548 2227 5609 Editi,
2269 5548 2336 5601 δι’
2380 5548 2445 5611 ἃς
2479 5548 2770 5617 εἴπομεν...
2829 5548 3022 5621 αὐτῆς
3053 5549 3192 5603 ὁδόν.
3220 5548 3445 5605 Codices

1878 5620 2119 5673 melioris
2156 5629 2292 5669 nuta:
2319 5629 2376 5669 ut
2413 5621 2464 5672 in
2492 5630 2764 5673 contextu.

1947 5689 2017 5758 (4)
2056 5688 2188 5758 Editi
2225 5688 2394 5740 Τοῦτο
2428 5688 2481 5741 δέ
2514 5689 2697 5741 αὐτοῦ.
2735 5690 2955 5758 Antiqui
2987 5689 3093 5745 duo
3131 5689 3253 5745 libri
3288 5680 3447 5742 τοῦτο

1872 5758 1927 5812 δέ
1958 5757 2108 5811 αὐτό.
2130 5759 2230 5811 Alii
2260 5761 2363 5829 duo
2389 5758 2542 5811 τοῦτο
2570 5758 2623 5811 δὲ
2648 5759 2813 5829 αὐτῷ.
2842 5757 2996 5826 Quod
3026 5760 3304 5829 aliquanto
3327 5772 3447 5828 post

1872 5829 2085 5898 legitur,
2140 5827 2371 5902 'A-._s)t3i;
2419 5827 2854 5902 deutépxovcsg
2886 5869 2900 5897 ,
2959 5827 3149 5886 referri
3192 5827 3351 5887 debet
3379 5831 3446 5885 ad

1871 5914 2029 5955 voces
2058 5902 2085 5952 ὁ
2114 5899 2311 5965 κανὼν,
2345 5900 2371 5951 ὁ
2407 5898 2659 5969 γνώμων.

3059 5994 3127 6055 Π
