  <div class='ocr_page' id='page_1' title='image "/cluster/home/n/w/nwhite01/storage/ocr_20150623/29/uva.x004321530/677.png"; bbox 0 0 4230 6488; ppageno 0'>
   <div class='ocr_carea' id='block_1_1' title="bbox 818 425 924 482">
    <p class='ocr_par' dir='ltr' id='par_1_1' title="bbox 818 425 924 482">
     <span class='ocr_line' id='line_1_1' title="bbox 818 425 924 482; baseline 0.028 -3"><span class='ocrx_word' id='word_1_1' title='bbox 818 425 924 482; x_wconf 63' lang='lat'><strong>555</strong></span> 
     </span>
    </p>
   </div>
   <div class='ocr_carea' id='block_1_2' title="bbox 2109 413 2697 468">
    <p class='ocr_par' dir='ltr' id='par_1_2' title="bbox 2109 413 2697 468">
     <span class='ocr_line' id='line_1_2' title="bbox 2109 413 2697 468; baseline -0.005 0"><span class='ocrx_word' id='word_1_2' title='bbox 2109 415 2165 468; x_wconf 80' lang='lat'><strong>5.</strong></span> <span class='ocrx_word' id='word_1_3' title='bbox 2209 413 2446 468; x_wconf 76' lang='lat' dir='ltr'><strong>BASILII</strong></span> <span class='ocrx_word' id='word_1_4' title='bbox 2489 413 2697 467; x_wconf 76' lang='lat' dir='ltr'><strong>MAGNI</strong></span> 
     </span>
    </p>
   </div>
   <div class='ocr_carea' id='block_1_3' title="bbox 3931 413 4033 469">
    <p class='ocr_par' dir='ltr' id='par_1_3' title="bbox 3931 413 4033 469">
     <span class='ocr_line' id='line_1_3' title="bbox 3931 413 4033 469; baseline -0.02 0"><span class='ocrx_word' id='word_1_5' title='bbox 3931 413 4033 469; x_wconf 74' lang='lat'><strong>516</strong></span> 
     </span>
    </p>
   </div>
   <div class='ocr_carea' id='block_1_4' title="bbox 813 528 2483 604">
    <p class='ocr_par' dir='ltr' id='par_1_4' title="bbox 813 529 2483 604">
     <span class='ocr_line' id='line_1_4' title="bbox 813 529 2483 604; baseline -0.007 -11"><span class='ocrx_word' id='word_1_6' title='bbox 813 556 933 593; x_wconf 90' lang='lat' dir='ltr'><strong>cum</strong></span> <span class='ocrx_word' id='word_1_7' title='bbox 960 552 1143 591; x_wconf 81' lang='lat' dir='ltr'><strong>revera</strong></span> <span class='ocrx_word' id='word_1_8' title='bbox 1169 537 1219 590; x_wconf 99' lang='lat' dir='ltr'><strong>id</strong></span> <span class='ocrx_word' id='word_1_9' title='bbox 1248 537 1387 604; x_wconf 91' lang='lat' dir='ltr'><strong>quod</strong></span> <span class='ocrx_word' id='word_1_10' title='bbox 1407 533 1555 599; x_wconf 83' lang='lat' dir='ltr'><strong>facit,</strong></span> <span class='ocrx_word' id='word_1_11' title='bbox 1575 534 1720 601; x_wconf 88' lang='lat' dir='ltr'><strong>prius</strong></span> <span class='ocrx_word' id='word_1_12' title='bbox 1739 544 1857 586; x_wconf 90' lang='lat' dir='ltr'><strong>esse</strong></span> <span class='ocrx_word' id='word_1_13' title='bbox 1876 540 2124 598; x_wconf 84' lang='lat' dir='ltr'><strong>oporteat</strong></span> <span class='ocrx_word' id='word_1_14' title='bbox 2140 546 2205 584; x_wconf 84' lang='lat' dir='ltr'><strong>eo</strong></span> <span class='ocrx_word' id='word_1_15' title='bbox 2222 529 2363 597; x_wconf 88' lang='lat' dir='ltr'><strong>quod</strong></span> <span class='ocrx_word' id='word_1_16' title='bbox 2393 537 2437 591; x_wconf 83' lang='grc' dir='ltr'><strong>Α</strong></span> <span class='ocrx_word' id='word_1_17' title='bbox 2466 530 2483 581; x_wconf 81' lang='grc' dir='ltr'><strong><em>ὲ</em></strong></span> 
     </span>
    </p>
   </div>
   <div class='ocr_carea' id='block_1_5' title="bbox 2361 528 4031 604">
    <p class='ocr_par' dir='ltr' id='par_1_5' title="bbox 2361 528 4031 601">
     <span class='ocr_line' id='line_1_5' title="bbox 2361 528 4031 601; baseline 0.002 -20"><span class='ocrx_word' id='word_1_18' title='bbox 2361 567 2363 581; x_wconf 86' lang='grc'>.</span> <span class='ocrx_word' id='word_1_19' title='bbox 2393 537 2437 591; x_wconf 83' lang='grc' dir='ltr'><strong>Α</strong></span> <span class='ocrx_word' id='word_1_20' title='bbox 2466 530 2649 601; x_wconf 86' lang='grc' dir='ltr'>ἐπειδή</span> <span class='ocrx_word' id='word_1_21' title='bbox 2689 546 2749 596; x_wconf 90' lang='grc' dir='ltr'><strong>γε</strong></span> <span class='ocrx_word' id='word_1_22' title='bbox 2779 530 2859 583; x_wconf 87' lang='grc' dir='ltr'><strong>δεῖ</strong></span> <span class='ocrx_word' id='word_1_23' title='bbox 2884 529 3022 584; x_wconf 82' lang='grc' dir='ltr'><strong>κατά</strong></span> <span class='ocrx_word' id='word_1_24' title='bbox 3054 528 3306 599; x_wconf 86' lang='grc' dir='ltr'>ἀλήθειαν</span> <span class='ocrx_word' id='word_1_25' title='bbox 3336 548 3395 585; x_wconf 90' lang='grc' dir='ltr'><strong>το</strong></span> <span class='ocrx_word' id='word_1_26' title='bbox 3424 529 3606 584; x_wconf 83' lang='grc' dir='ltr'>ποιοῦν</span> <span class='ocrx_word' id='word_1_27' title='bbox 3628 528 3723 582; x_wconf 83' lang='grc' dir='ltr'>τοῦ</span> <span class='ocrx_word' id='word_1_28' title='bbox 3746 535 4031 600; x_wconf 76' lang='grc' dir='ltr'><strong>γινομένου</strong></span> 
     </span>
    </p>
   </div>
   <div class='ocr_carea' id='block_1_6' title="bbox 810 621 2365 695">
    <p class='ocr_par' dir='ltr' id='par_1_6' title="bbox 810 621 2365 695">
     <span class='ocr_line' id='line_1_6' title="bbox 810 621 2365 695; baseline -0.005 -12"><span class='ocrx_word' id='word_1_29' title='bbox 810 632 898 687; x_wconf 75' lang='lat' dir='ltr'><strong>lit:</strong></span> <span class='ocrx_word' id='word_1_30' title='bbox 930 638 983 681; x_wconf 86' lang='lat' dir='ltr'><strong>et</strong></span> <span class='ocrx_word' id='word_1_31' title='bbox 1016 628 1067 681; x_wconf 93' lang='lat' dir='ltr'><strong>id</strong></span> <span class='ocrx_word' id='word_1_32' title='bbox 1095 627 1239 695; x_wconf 89' lang='lat' dir='ltr'><strong>quod</strong></span> <span class='ocrx_word' id='word_1_33' title='bbox 1287 626 1365 688; x_wconf 82' lang='lat' dir='ltr'><strong>fit,</strong></span> <span class='ocrx_word' id='word_1_34' title='bbox 1402 624 1673 694; x_wconf 84' lang='lat' dir='ltr'><strong>posterius</strong></span> <span class='ocrx_word' id='word_1_35' title='bbox 1698 637 1764 675; x_wconf 91' lang='lat' dir='ltr'><strong>eo</strong></span> <span class='ocrx_word' id='word_1_36' title='bbox 1805 622 1948 692; x_wconf 87' lang='lat' dir='ltr'><strong>quod</strong></span> <span class='ocrx_word' id='word_1_37' title='bbox 1993 622 2140 677; x_wconf 84' lang='lat' dir='ltr'><strong>facit.</strong></span> <span class='ocrx_word' id='word_1_38' title='bbox 2182 621 2365 688; x_wconf 79' lang='lat' dir='ltr'><strong>Neque</strong></span> 
     </span>
    </p>
   </div>
   <div class='ocr_carea' id='block_1_7' title="bbox 809 714 2363 787">
    <p class='ocr_par' dir='ltr' id='par_1_7' title="bbox 809 714 2363 787">
     <span class='ocr_line' id='line_1_7' title="bbox 809 714 2363 787; baseline -0.006 -15"><span class='ocrx_word' id='word_1_39' title='bbox 809 733 936 772; x_wconf 84' lang='lat' dir='ltr'><strong>vero</strong></span> <span class='ocrx_word' id='word_1_40' title='bbox 954 717 1243 787; x_wconf 81' lang='lat' dir='ltr'><strong>quidquam</strong></span> <span class='ocrx_word' id='word_1_41' title='bbox 1267 717 1445 785; x_wconf 82' lang='lat' dir='ltr'><strong>seipse</strong></span> <span class='ocrx_word' id='word_1_42' title='bbox 1463 716 1606 785; x_wconf 87' lang='lat' dir='ltr'><strong>prius</strong></span> <span class='ocrx_word' id='word_1_43' title='bbox 1624 723 1716 766; x_wconf 87' lang='lat' dir='ltr'><strong>aut</strong></span> <span class='ocrx_word' id='word_1_44' title='bbox 1743 714 2008 782; x_wconf 77' lang='lat' dir='ltr'><strong>posterius</strong></span> <span class='ocrx_word' id='word_1_45' title='bbox 2028 729 2147 769; x_wconf 87' lang='lat' dir='ltr'><strong>esse</strong></span> <span class='ocrx_word' id='word_1_46' title='bbox 2167 723 2363 781; x_wconf 86' lang='lat' dir='ltr'><strong>potest,</strong></span> 
     </span>
    </p>
   </div>
   <div class='ocr_carea' id='block_1_8' title="bbox 808 802 2365 878">
    <p class='ocr_par' dir='ltr' id='par_1_8' title="bbox 808 802 2365 878">
     <span class='ocr_line' id='line_1_8' title="bbox 808 802 2365 878; baseline -0.006 -13"><span class='ocrx_word' id='word_1_47' title='bbox 808 824 982 878; x_wconf 73' lang='lat' dir='ltr'><strong>seque</strong></span> <span class='ocrx_word' id='word_1_48' title='bbox 1008 808 1149 860; x_wconf 84' lang='lat' dir='ltr'><strong>aliud</strong></span> <span class='ocrx_word' id='word_1_49' title='bbox 1192 808 1485 876; x_wconf 77' lang='lat' dir='ltr'><strong>quidquam</strong></span> <span class='ocrx_word' id='word_1_50' title='bbox 1533 816 1657 859; x_wconf 94' lang='lat' dir='ltr'><strong>ante</strong></span> <span class='ocrx_word' id='word_1_51' title='bbox 1694 804 1879 857; x_wconf 88' lang='lat' dir='ltr'><strong>Deum.</strong></span> <span class='ocrx_word' id='word_1_52' title='bbox 1916 805 2206 859; x_wconf 84' lang='lat' dir='ltr'><strong>Enimvero</strong></span> <span class='ocrx_word' id='word_1_53' title='bbox 2238 802 2365 856; x_wconf 89' lang='lat' dir='ltr'><strong>illud</strong></span> 
     </span>
    </p>
   </div>
   <div class='ocr_carea' id='block_1_9' title="bbox 810 896 2141 971">
    <p class='ocr_par' dir='ltr' id='par_1_9' title="bbox 810 896 2141 971">
     <span class='ocr_line' id='line_1_9' title="bbox 810 896 2141 971; baseline -0.008 -15"><span class='ocrx_word' id='word_1_54' title='bbox 810 917 918 971; x_wconf 63' lang='lat' dir='ltr'><strong>prae</strong></span> <span class='ocrx_word' id='word_1_55' title='bbox 956 902 1253 969; x_wconf 76' lang='lat' dir='ltr'><strong>posteriore</strong></span> <span class='ocrx_word' id='word_1_56' title='bbox 1288 901 1597 969; x_wconf 80' lang='lat' dir='ltr'><strong>dignitatem</strong></span> <span class='ocrx_word' id='word_1_57' title='bbox 1646 897 1865 952; x_wconf 81' lang='lat' dir='ltr'><strong>haberet</strong></span> <span class='ocrx_word' id='word_1_58' title='bbox 1905 896 2141 951; x_wconf 88' lang='lat' dir='ltr'><strong>deitatis.</strong></span> 
     </span>
    </p>
   </div>
   <div class='ocr_carea' id='block_1_10' title="bbox 882 1074 2365 1147">
    <p class='ocr_par' dir='ltr' id='par_1_10' title="bbox 882 1074 2365 1147">
     <span class='ocr_line' id='line_1_10' title="bbox 882 1074 2365 1147; baseline -0.004 -14"><span class='ocrx_word' id='word_1_59' title='bbox 882 1080 1004 1135; x_wconf 64' lang='lat' dir='ltr'><strong>Bas.</strong></span> <span class='ocrx_word' id='word_1_60' title='bbox 1048 1081 1313 1147; x_wconf 79' lang='lat' dir='ltr'><strong>Quarsum</strong></span> <span class='ocrx_word' id='word_1_61' title='bbox 1369 1080 1531 1147; x_wconf 73' lang='lat' dir='ltr'><strong>igitur</strong></span> <span class='ocrx_word' id='word_1_62' title='bbox 1582 1086 1747 1131; x_wconf 82' lang='lat' dir='ltr'><strong>totam</strong></span> <span class='ocrx_word' id='word_1_63' title='bbox 1799 1078 1938 1131; x_wconf 83' lang='lat' dir='ltr'><strong>hanc</strong></span> <span class='ocrx_word' id='word_1_64' title='bbox 1982 1074 2099 1143; x_wconf 85' lang='lat' dir='ltr'><strong>ejus</strong></span> <span class='ocrx_word' id='word_1_65' title='bbox 2147 1075 2365 1142; x_wconf 89' lang='lat' dir='ltr'><strong>apposui</strong></span> 
     </span>
    </p>
   </div>
   <div class='ocr_carea' id='block_1_11' title="bbox 811 1165 2364 1241">
    <p class='ocr_par' dir='ltr' id='par_1_11' title="bbox 811 1165 2364 1241">
     <span class='ocr_line' id='line_1_11' title="bbox 811 1165 2364 1241; baseline -0.006 -12"><span class='ocrx_word' id='word_1_66' title='bbox 811 1173 1140 1229; x_wconf 82' lang='lat' dir='ltr'><strong>dictionem?</strong></span> <span class='ocrx_word' id='word_1_67' title='bbox 1175 1172 1241 1227; x_wconf 89' lang='lat' dir='ltr'><strong>Ut</strong></span> <span class='ocrx_word' id='word_1_68' title='bbox 1287 1174 1577 1241; x_wconf 88' lang='lat' dir='ltr'><strong>conspicua</strong></span> <span class='ocrx_word' id='word_1_69' title='bbox 1619 1170 1710 1224; x_wconf 77' lang='grc' dir='ltr'><strong>θοι</strong></span> <span class='ocrx_word' id='word_1_70' title='bbox 1742 1170 1843 1222; x_wconf 89' lang='lat' dir='ltr'><strong>viri</strong></span> <span class='ocrx_word' id='word_1_71' title='bbox 1878 1181 2013 1220; x_wconf 83' lang='lat' dir='ltr'><strong>vana</strong></span> <span class='ocrx_word' id='word_1_72' title='bbox 2046 1165 2364 1235; x_wconf 82' lang='lat' dir='ltr'><strong>loquacitas,</strong></span> 
     </span>
    </p>
   </div>
   <div class='ocr_carea' id='block_1_12' title="bbox 810 1260 2368 1338">
    <p class='ocr_par' dir='ltr' id='par_1_12' title="bbox 810 1260 2368 1338">
     <span class='ocr_line' id='line_1_12' title="bbox 810 1260 2368 1338; baseline -0.004 -17"><span class='ocrx_word' id='word_1_73' title='bbox 810 1283 912 1338; x_wconf 87' lang='lat' dir='ltr'><strong>qua</strong></span> <span class='ocrx_word' id='word_1_74' title='bbox 961 1282 1056 1337; x_wconf 88' lang='lat' dir='ltr'><strong>per</strong></span> <span class='ocrx_word' id='word_1_75' title='bbox 1100 1274 1271 1321; x_wconf 85' lang='lat' dir='ltr'><strong>totum</strong></span> <span class='ocrx_word' id='word_1_76' title='bbox 1312 1265 1505 1319; x_wconf 86' lang='lat' dir='ltr'><strong>librum</strong></span> <span class='ocrx_word' id='word_1_77' title='bbox 1544 1265 1730 1319; x_wconf 90' lang='lat' dir='ltr'><strong>utitur.</strong></span> <span class='ocrx_word' id='word_1_78' title='bbox 1772 1262 1882 1316; x_wconf 83' lang='lat' dir='ltr'><strong>Etsi</strong></span> <span class='ocrx_word' id='word_1_79' title='bbox 1929 1260 2071 1314; x_wconf 90' lang='lat' dir='ltr'><strong>enim</strong></span> <span class='ocrx_word' id='word_1_80' title='bbox 2116 1260 2205 1313; x_wconf 87' lang='lat' dir='ltr'><strong>ille</strong></span> <span class='ocrx_word' id='word_1_81' title='bbox 2255 1260 2368 1327; x_wconf 90' lang='lat' dir='ltr'><strong>ipse</strong></span> 
     </span>
    </p>
   </div>
   <div class='ocr_carea' id='block_1_13' title="bbox 807 1350 2367 1419">
    <p class='ocr_par' dir='ltr' id='par_1_13' title="bbox 807 1350 2367 1419">
     <span class='ocr_line' id='line_1_13' title="bbox 807 1350 2367 1419; baseline -0.007 -5"><span class='ocrx_word' id='word_1_82' title='bbox 807 1359 947 1414; x_wconf 76' lang='lat' dir='ltr'><strong>dixit</strong></span> <span class='ocrx_word' id='word_1_83' title='bbox 972 1360 1193 1414; x_wconf 90' lang='lat' dir='ltr'><strong>evidens</strong></span> <span class='ocrx_word' id='word_1_84' title='bbox 1219 1372 1335 1412; x_wconf 88' lang='lat' dir='ltr'><strong>esse</strong></span> <span class='ocrx_word' id='word_1_85' title='bbox 1375 1355 1751 1410; x_wconf 85' lang='lat' dir='ltr'><strong>communibus</strong></span> <span class='ocrx_word' id='word_1_86' title='bbox 1779 1351 2017 1406; x_wconf 90' lang='lat' dir='ltr'><strong>omnium</strong></span> <span class='ocrx_word' id='word_1_87' title='bbox 2068 1350 2367 1419; x_wconf 77' lang='lat' dir='ltr'><strong>intelligen-</strong></span> 
     </span>
    </p>
   </div>
   <div class='ocr_carea' id='block_1_14' title="bbox 812 1444 2369 1521">
    <p class='ocr_par' dir='ltr' id='par_1_14' title="bbox 812 1444 2369 1521">
     <span class='ocr_line' id='line_1_14' title="bbox 812 1444 2369 1521; baseline -0.007 -12"><span class='ocrx_word' id='word_1_88' title='bbox 812 1455 923 1520; x_wconf 87' lang='lat' dir='ltr'><strong>liis,</strong></span> <span class='ocrx_word' id='word_1_89' title='bbox 961 1454 1123 1509; x_wconf 91' lang='lat' dir='ltr'><strong>Deum</strong></span> <span class='ocrx_word' id='word_1_90' title='bbox 1152 1466 1271 1507; x_wconf 88' lang='lat' dir='ltr'><strong>esse</strong></span> <span class='ocrx_word' id='word_1_91' title='bbox 1304 1451 1622 1521; x_wconf 66' lang='lat' dir='ltr'><strong>ingenitum,</strong></span> <span class='ocrx_word' id='word_1_92' title='bbox 1651 1448 1752 1501; x_wconf 92' lang='lat' dir='ltr'><strong>hoc</strong></span> <span class='ocrx_word' id='word_1_93' title='bbox 1785 1456 1961 1500; x_wconf 89' lang='lat' dir='ltr'><strong>tamen</strong></span> <span class='ocrx_word' id='word_1_94' title='bbox 1990 1445 2146 1500; x_wconf 89' lang='lat' dir='ltr'><strong>nobis</strong></span> <span class='ocrx_word' id='word_1_95' title='bbox 2179 1444 2369 1498; x_wconf 86' lang='lat' dir='ltr'><strong>nititur</strong></span> 
     </span>
    </p>
   </div>
   <div class='ocr_carea' id='block_1_15' title="bbox 810 1538 2363 1610">
    <p class='ocr_par' dir='ltr' id='par_1_15' title="bbox 810 1538 2363 1610">
     <span class='ocr_line' id='line_1_15' title="bbox 810 1538 2363 1610; baseline -0.008 -8"><span class='ocrx_word' id='word_1_96' title='bbox 810 1554 1254 1602; x_wconf 76' lang='lat' dir='ltr'><strong>commonstrare.</strong></span> <span class='ocrx_word' id='word_1_97' title='bbox 1300 1543 1452 1600; x_wconf 90' lang='lat' dir='ltr'><strong>Unde</strong></span> <span class='ocrx_word' id='word_1_98' title='bbox 1497 1542 1671 1598; x_wconf 81' lang='lat' dir='ltr'><strong>simile</strong></span> <span class='ocrx_word' id='word_1_99' title='bbox 1715 1541 1969 1610; x_wconf 80' lang='lat' dir='ltr'><strong>quiddam</strong></span> <span class='ocrx_word' id='word_1_100' title='bbox 2005 1538 2171 1599; x_wconf 80' lang='lat' dir='ltr'><strong>facit,</strong></span> <span class='ocrx_word' id='word_1_101' title='bbox 2220 1553 2283 1590; x_wconf 91' lang='lat' dir='ltr'><strong>ac</strong></span> <span class='ocrx_word' id='word_1_102' title='bbox 2319 1540 2363 1591; x_wconf 93' lang='lat' dir='ltr'><strong>si</strong></span> 
     </span>
    </p>
   </div>
   <div class='ocr_carea' id='block_1_16' title="bbox 810 1628 2368 1706">
    <p class='ocr_par' dir='ltr' id='par_1_16' title="bbox 810 1628 2368 1706">
     <span class='ocr_line' id='line_1_16' title="bbox 810 1628 2368 1706; baseline -0.006 -15"><span class='ocrx_word' id='word_1_103' title='bbox 810 1640 935 1706; x_wconf 87' lang='lat' dir='ltr'><strong>quis</strong></span> <span class='ocrx_word' id='word_1_104' title='bbox 959 1638 1102 1691; x_wconf 84' lang='lat' dir='ltr'><strong>clara</strong></span> <span class='ocrx_word' id='word_1_105' title='bbox 1135 1636 1186 1687; x_wconf 90' lang='lat' dir='ltr'><strong>in</strong></span> <span class='ocrx_word' id='word_1_106' title='bbox 1218 1635 1444 1688; x_wconf 84' lang='lat' dir='ltr'><strong>meridie</strong></span> <span class='ocrx_word' id='word_1_107' title='bbox 1467 1633 1616 1688; x_wconf 86' lang='lat' dir='ltr'><strong>sanis</strong></span> <span class='ocrx_word' id='word_1_108' title='bbox 1639 1632 1811 1685; x_wconf 90' lang='lat' dir='ltr'><strong>oculis</strong></span> <span class='ocrx_word' id='word_1_109' title='bbox 1839 1630 2092 1700; x_wconf 69' lang='lat' dir='ltr'><strong>praeditos</strong></span> <span class='ocrx_word' id='word_1_110' title='bbox 2124 1628 2368 1682; x_wconf 86' lang='lat' dir='ltr'><strong>homines</strong></span> 
     </span>
    </p>
   </div>
   <div class='ocr_carea' id='block_1_17' title="bbox 809 1720 2367 1790">
    <p class='ocr_par' dir='ltr' id='par_1_17' title="bbox 809 1720 2367 1790">
     <span class='ocr_line' id='line_1_17' title="bbox 809 1720 2367 1790; baseline -0.008 -4"><span class='ocrx_word' id='word_1_111' title='bbox 809 1734 1002 1785; x_wconf 88' lang='lat' dir='ltr'><strong>docere</strong></span> <span class='ocrx_word' id='word_1_112' title='bbox 1037 1729 1241 1782; x_wconf 76' lang='lat' dir='ltr'><strong>ratione</strong></span> <span class='ocrx_word' id='word_1_113' title='bbox 1267 1727 1416 1790; x_wconf 81' lang='lat' dir='ltr'><strong>velit,</strong></span> <span class='ocrx_word' id='word_1_114' title='bbox 1448 1726 1614 1780; x_wconf 91' lang='lat' dir='ltr'><strong>solem</strong></span> <span class='ocrx_word' id='word_1_115' title='bbox 1640 1722 1944 1778; x_wconf 64' lang='lat' dir='ltr'><strong>caelestium</strong></span> <span class='ocrx_word' id='word_1_116' title='bbox 1977 1722 2214 1775; x_wconf 90' lang='lat' dir='ltr'><strong>omnium</strong></span> <span class='ocrx_word' id='word_1_117' title='bbox 2240 1720 2367 1774; x_wconf 82' lang='lat' dir='ltr'><strong>stel-</strong></span> 
     </span>
    </p>
   </div>
   <div class='ocr_carea' id='block_1_18' title="bbox 807 1810 2363 1883">
    <p class='ocr_par' dir='ltr' id='par_1_18' title="bbox 807 1810 2363 1883">
     <span class='ocr_line' id='line_1_18' title="bbox 807 1810 2363 1883; baseline -0.006 -8"><span class='ocrx_word' id='word_1_118' title='bbox 807 1823 983 1876; x_wconf 88' lang='lat' dir='ltr'><strong>larum</strong></span> <span class='ocrx_word' id='word_1_119' title='bbox 1025 1834 1143 1876; x_wconf 87' lang='lat' dir='ltr'><strong>esse</strong></span> <span class='ocrx_word' id='word_1_120' title='bbox 1181 1819 1590 1873; x_wconf 84' lang='lat' dir='ltr'><strong>lucidissimum.</strong></span> <span class='ocrx_word' id='word_1_121' title='bbox 1632 1816 1781 1883; x_wconf 86' lang='lat' dir='ltr'><strong>Quod</strong></span> <span class='ocrx_word' id='word_1_122' title='bbox 1807 1814 1850 1868; x_wconf 90' lang='lat' dir='ltr'><strong>si</strong></span> <span class='ocrx_word' id='word_1_123' title='bbox 1877 1813 2150 1867; x_wconf 86' lang='lat' dir='ltr'><strong>deridetur</strong></span> <span class='ocrx_word' id='word_1_124' title='bbox 2175 1810 2265 1879; x_wconf 93' lang='lat' dir='ltr'><strong>qui</strong></span> <span class='ocrx_word' id='word_1_125' title='bbox 2302 1828 2363 1865; x_wconf 85' lang='lat' dir='ltr'><strong>ea</strong></span> 
     </span>
    </p>
   </div>
   <div class='ocr_carea' id='block_1_19' title="bbox 2468 614 4031 690">
    <p class='ocr_par' dir='ltr' id='par_1_19' title="bbox 2468 614 4031 690">
     <span class='ocr_line' id='line_1_19' title="bbox 2468 614 4031 690; baseline 0.001 -18"><span class='ocrx_word' id='word_1_126' title='bbox 2468 620 2855 690; x_wconf 82' lang='grc' dir='ltr'>προῦπάρχειν,</span> <span class='ocrx_word' id='word_1_127' title='bbox 2893 622 2985 673; x_wconf 78' lang='grc' dir='ltr'><strong>καὶ</strong></span> <span class='ocrx_word' id='word_1_128' title='bbox 3017 619 3077 672; x_wconf 83' lang='grc' dir='ltr'><strong>τὸ</strong></span> <span class='ocrx_word' id='word_1_129' title='bbox 3102 620 3420 690; x_wconf 79' lang='grc' dir='ltr'>ποιούμενον</span> <span class='ocrx_word' id='word_1_130' title='bbox 3457 622 3550 675; x_wconf 78' lang='grc' dir='ltr'>τοῦ</span> <span class='ocrx_word' id='word_1_131' title='bbox 3589 619 3869 683; x_wconf 80' lang='grc' dir='ltr'>ποιοῦντος</span> <span class='ocrx_word' id='word_1_132' title='bbox 3895 614 4031 674; x_wconf 71' lang='grc' dir='ltr'>εἶναι</span> 
     </span>
    </p>
   </div>
   <div class='ocr_carea' id='block_1_20' title="bbox 2464 711 4030 787">
    <p class='ocr_par' dir='ltr' id='par_1_20' title="bbox 2464 711 4030 787">
     <span class='ocr_line' id='line_1_20' title="bbox 2464 711 4030 787; baseline 0 -24"><span class='ocrx_word' id='word_1_133' title='bbox 2464 711 2731 782; x_wconf 84' lang='grc' dir='ltr'>δεύτερον.</span> <span class='ocrx_word' id='word_1_134' title='bbox 2770 712 2920 782; x_wconf 89' lang='grc' dir='ltr'>Μήτε</span> <span class='ocrx_word' id='word_1_135' title='bbox 2964 712 3019 765; x_wconf 80' lang='grc' dir='ltr'>δὲ</span> <span class='ocrx_word' id='word_1_136' title='bbox 3047 711 3175 764; x_wconf 82' lang='grc' dir='ltr'>αὐτὸ</span> <span class='ocrx_word' id='word_1_137' title='bbox 3206 712 3397 764; x_wconf 79' lang='grc' dir='ltr'>ἑαυτοῦ</span> <span class='ocrx_word' id='word_1_138' title='bbox 3440 715 3698 787; x_wconf 83' lang='grc' dir='ltr'>πρότερον</span> <span class='ocrx_word' id='word_1_139' title='bbox 3732 714 3765 781; x_wconf 80' lang='grc' dir='ltr'>ἢ</span> <span class='ocrx_word' id='word_1_140' title='bbox 3806 712 4030 784; x_wconf 77' lang='grc' dir='ltr'>ὕστερον</span> 
     </span>
    </p>
   </div>
   <div class='ocr_carea' id='block_1_21' title="bbox 2466 798 4030 875">
    <p class='ocr_par' dir='ltr' id='par_1_21' title="bbox 2466 798 4030 875">
     <span class='ocr_line' id='line_1_21' title="bbox 2466 798 4030 875; baseline 0.003 -22"><span class='ocrx_word' id='word_1_141' title='bbox 2466 798 2602 855; x_wconf 79' lang='grc' dir='ltr'>εἶναι</span> <span class='ocrx_word' id='word_1_142' title='bbox 2633 802 2907 865; x_wconf 84' lang='grc' dir='ltr'>δύνασθαι,</span> <span class='ocrx_word' id='word_1_143' title='bbox 2944 806 3076 875; x_wconf 87' lang='grc' dir='ltr'>μήτε</span> <span class='ocrx_word' id='word_1_144' title='bbox 3106 802 3289 872; x_wconf 82' lang='grc' dir='ltr'>’ἐτερόν</span> <span class='ocrx_word' id='word_1_145' title='bbox 3309 819 3362 853; x_wconf 91' lang='grc' dir='ltr'><strong>τι</strong></span> <span class='ocrx_word' id='word_1_146' title='bbox 3390 805 3493 875; x_wconf 87' lang='grc' dir='ltr'><strong>πρὸ</strong></span> <span class='ocrx_word' id='word_1_147' title='bbox 3514 807 3605 858; x_wconf 78' lang='grc' dir='ltr'>τοῦ</span> <span class='ocrx_word' id='word_1_148' title='bbox 3632 806 3787 861; x_wconf 79' lang='grc' dir='ltr'>Θεοῦ.</span> <span class='ocrx_word' id='word_1_149' title='bbox 3820 801 3899 856; x_wconf 86' lang='grc' dir='ltr'><strong>Ἦ</strong></span> <span class='ocrx_word' id='word_1_150' title='bbox 3925 807 4030 875; x_wconf 79' lang='grc' dir='ltr'>γὰρ</span> 
     </span>
    </p>
   </div>
   <div class='ocr_carea' id='block_1_22' title="bbox 2466 892 4031 970">
    <p class='ocr_par' dir='ltr' id='par_1_22' title="bbox 2466 892 4031 970">
     <span class='ocr_line' id='line_1_22' title="bbox 2466 892 4031 970; baseline 0.001 -25"><span class='ocrx_word' id='word_1_151' title='bbox 2466 892 2531 945; x_wconf 86' lang='grc' dir='ltr'><strong>ἂν</strong></span> <span class='ocrx_word' id='word_1_152' title='bbox 2560 897 2731 949; x_wconf 86' lang='grc' dir='ltr'>ἐκεῖνο</span> <span class='ocrx_word' id='word_1_153' title='bbox 2779 894 2881 965; x_wconf 85' lang='grc' dir='ltr'><strong>πρὸ</strong></span> <span class='ocrx_word' id='word_1_154' title='bbox 2929 897 3021 948; x_wconf 81' lang='grc' dir='ltr'>τοῦ</span> <span class='ocrx_word' id='word_1_155' title='bbox 3060 894 3307 965; x_wconf 85' lang='grc' dir='ltr'>δευτέρου</span> <span class='ocrx_word' id='word_1_156' title='bbox 3346 894 3406 947; x_wconf 82' lang='grc' dir='ltr'>τὸ</span> <span class='ocrx_word' id='word_1_157' title='bbox 3446 898 3542 966; x_wconf 85' lang='grc' dir='ltr'><strong>τῆς</strong></span> <span class='ocrx_word' id='word_1_158' title='bbox 3585 897 3837 970; x_wconf 79' lang='grc' dir='ltr'><strong>θεότητος</strong></span> <span class='ocrx_word' id='word_1_159' title='bbox 3874 896 4031 966; x_wconf 76' lang='grc' dir='ltr'>ἔσχεν</span> 
     </span>
    </p>
   </div>
   <div class='ocr_carea' id='block_1_23' title="bbox 2467 986 2703 1059">
    <p class='ocr_par' dir='ltr' id='par_1_23' title="bbox 2467 986 2703 1059">
     <span class='ocr_line' id='line_1_23' title="bbox 2467 986 2703 1059; baseline 0.013 -21"><span class='ocrx_word' id='word_1_160' title='bbox 2467 986 2703 1059; x_wconf 77' lang='grc' dir='ltr'>ἀξίωμα.</span> 
     </span>
    </p>
   </div>
   <div class='ocr_carea' id='block_1_24' title="bbox 2536 1074 4031 1149">
    <p class='ocr_par' dir='ltr' id='par_1_24' title="bbox 2536 1074 4031 1149">
     <span class='ocr_line' id='line_1_24' title="bbox 2536 1074 4031 1149; baseline 0 -20"><span class='ocrx_word' id='word_1_161' title='bbox 2536 1080 2682 1133; x_wconf 84' lang='grc' dir='ltr'><strong>ΒΑΣ.</strong></span> <span class='ocrx_word' id='word_1_162' title='bbox 2727 1079 2879 1142; x_wconf 76' lang='grc' dir='ltr'>Τίνος</span> <span class='ocrx_word' id='word_1_163' title='bbox 2928 1074 3018 1131; x_wconf 74' lang='grc' dir='ltr'><strong>οὖν</strong></span> <span class='ocrx_word' id='word_1_164' title='bbox 3058 1080 3240 1133; x_wconf 71' lang='grc' dir='ltr'>ἕνεκεν</span> <span class='ocrx_word' id='word_1_165' title='bbox 3282 1079 3356 1149; x_wconf 85' lang='grc'><strong>(5)</strong></span> <span class='ocrx_word' id='word_1_166' title='bbox 3405 1079 3583 1130; x_wconf 81' lang='grc' dir='ltr'>πᾶσαν</span> <span class='ocrx_word' id='word_1_167' title='bbox 3626 1082 3790 1135; x_wconf 73' lang='grc' dir='ltr'>αὑτοῦ</span> <span class='ocrx_word' id='word_1_168' title='bbox 3830 1081 4031 1149; x_wconf 79' lang='grc' dir='ltr'>ταύτην</span> 
     </span>
    </p>
   </div>
   <div class='ocr_carea' id='block_1_25' title="bbox 2468 1169 4031 1244">
    <p class='ocr_par' dir='ltr' id='par_1_25' title="bbox 2468 1169 4031 1244">
     <span class='ocr_line' id='line_1_25' title="bbox 2468 1169 4031 1244; baseline 0.001 -21"><span class='ocrx_word' id='word_1_169' title='bbox 2468 1171 2780 1242; x_wconf 82' lang='grc' dir='ltr'>παρεθέμην</span> <span class='ocrx_word' id='word_1_170' title='bbox 2811 1172 2907 1241; x_wconf 78' lang='grc' dir='ltr'>τὴν</span> <span class='ocrx_word' id='word_1_171' title='bbox 2942 1169 3117 1235; x_wconf 79' lang='grc' dir='ltr'>λέξιν;</span> <span class='ocrx_word' id='word_1_172' title='bbox 3158 1173 3273 1225; x_wconf 85' lang='grc' dir='ltr'>’Ὶνα</span> <span class='ocrx_word' id='word_1_173' title='bbox 3319 1170 3633 1239; x_wconf 79' lang='grc' dir='ltr'>καταφανὴς</span> <span class='ocrx_word' id='word_1_174' title='bbox 3671 1173 3704 1240; x_wconf 87' lang='grc' dir='ltr'><strong>ή</strong></span> <span class='ocrx_word' id='word_1_175' title='bbox 3747 1175 4031 1244; x_wconf 71' lang='grc' dir='ltr'><strong>ἀδολεσχία</strong></span> 
     </span>
    </p>
   </div>
   <div class='ocr_carea' id='block_1_26' title="bbox 2467 1258 4028 1337">
    <p class='ocr_par' dir='ltr' id='par_1_26' title="bbox 2467 1258 4028 1337">
     <span class='ocr_line' id='line_1_26' title="bbox 2467 1258 4028 1337; baseline 0.001 -22"><span class='ocrx_word' id='word_1_176' title='bbox 2467 1263 2557 1316; x_wconf 76' lang='grc' dir='ltr'><strong>τοῦ</strong></span> <span class='ocrx_word' id='word_1_177' title='bbox 2580 1262 2786 1332; x_wconf 76' lang='grc' dir='ltr'>ἀνδρὸς,</span> <span class='ocrx_word' id='word_1_178' title='bbox 2878 1264 3073 1332; x_wconf 79' lang='grc' dir='ltr'>χρῆται</span> <span class='ocrx_word' id='word_1_179' title='bbox 3100 1264 3249 1333; x_wconf 86' lang='grc' dir='ltr'><strong>παρά</strong></span> <span class='ocrx_word' id='word_1_180' title='bbox 3270 1264 3445 1317; x_wconf 86' lang='grc' dir='ltr'>πάντα</span> <span class='ocrx_word' id='word_1_181' title='bbox 3473 1261 3559 1313; x_wconf 84' lang='grc' dir='ltr'><strong>τὸν</strong></span> <span class='ocrx_word' id='word_1_182' title='bbox 3584 1260 3758 1327; x_wconf 86' lang='grc' dir='ltr'>λόγον,</span> <span class='ocrx_word' id='word_1_183' title='bbox 3786 1266 4028 1333; x_wconf 84' lang='grc' dir='ltr'>γένηται.</span> 
     </span>
    </p>
   </div>
   <div class='ocr_carea' id='block_1_27' title="bbox 2468 1353 4033 1427">
    <p class='ocr_par' dir='ltr' id='par_1_27' title="bbox 2468 1353 4033 1427">
     <span class='ocr_line' id='line_1_27' title="bbox 2468 1353 4033 1427; baseline 0.001 -19"><span class='ocrx_word' id='word_1_184' title='bbox 2468 1353 2648 1408; x_wconf 85' lang='grc' dir='ltr'>Εἰπὼν</span> <span class='ocrx_word' id='word_1_185' title='bbox 2701 1357 2805 1427; x_wconf 84' lang='grc' dir='ltr'>γὰρ</span> <span class='ocrx_word' id='word_1_186' title='bbox 2861 1355 3019 1417; x_wconf 78' lang='grc' dir='ltr'>αὐτὸς</span> <span class='ocrx_word' id='word_1_187' title='bbox 3073 1355 3297 1424; x_wconf 79' lang='grc' dir='ltr'>ἐναργὲς</span> <span class='ocrx_word' id='word_1_188' title='bbox 3359 1355 3618 1425; x_wconf 78' lang='grc' dir='ltr'>ὑπάρχειν</span> <span class='ocrx_word' id='word_1_189' title='bbox 3658 1355 3781 1414; x_wconf 86' lang='grc' dir='ltr'>ταῖς</span> <span class='ocrx_word' id='word_1_190' title='bbox 3830 1355 4033 1419; x_wconf 56' lang='grc' dir='ltr'>κοιναξ</span> 
     </span>
    </p>
   </div>
   <div class='ocr_carea' id='block_1_28' title="bbox 2469 1444 4034 1515">
    <p class='ocr_par' dir='ltr' id='par_1_28' title="bbox 2469 1444 4034 1515">
     <span class='ocr_line' id='line_1_28' title="bbox 2469 1444 4034 1515; baseline 0 -16"><span class='ocrx_word' id='word_1_191' title='bbox 2469 1446 2682 1499; x_wconf 84' lang='grc' dir='ltr'>πάντων</span> <span class='ocrx_word' id='word_1_192' title='bbox 2700 1448 2924 1511; x_wconf 76' lang='grc' dir='ltr'>ἐννοίαις</span> <span class='ocrx_word' id='word_1_193' title='bbox 2950 1446 3008 1499; x_wconf 83' lang='grc' dir='ltr'><strong>τὸ</strong></span> <span class='ocrx_word' id='word_1_194' title='bbox 3032 1446 3169 1498; x_wconf 81' lang='grc' dir='ltr'>εἶναι</span> <span class='ocrx_word' id='word_1_195' title='bbox 3198 1446 3286 1498; x_wconf 78' lang='grc' dir='ltr'>τὸν</span> <span class='ocrx_word' id='word_1_196' title='bbox 3308 1448 3438 1500; x_wconf 81' lang='grc' dir='ltr'>Θεὸν</span> <span class='ocrx_word' id='word_1_197' title='bbox 3465 1446 3752 1515; x_wconf 75' lang='grc' dir='ltr'>ἀγέννητον</span> <span class='ocrx_word' id='word_1_198' title='bbox 3772 1444 3871 1512; x_wconf 86' lang='lat'><strong>(6),</strong></span> <span class='ocrx_word' id='word_1_199' title='bbox 3905 1448 4034 1499; x_wconf 83' lang='grc' dir='ltr'>ἀπο-</span> 
     </span>
    </p>
   </div>
   <div class='ocr_carea' id='block_1_29' title="bbox 2466 1536 4033 1610">
    <p class='ocr_par' dir='ltr' id='par_1_29' title="bbox 2466 1536 4033 1610">
     <span class='ocr_line' id='line_1_29' title="bbox 2466 1536 4033 1610; baseline -0.001 -20"><span class='ocrx_word' id='word_1_200' title='bbox 2466 1537 2655 1601; x_wconf 78' lang='grc' dir='ltr'><strong>δείξεις</strong></span> <span class='ocrx_word' id='word_1_201' title='bbox 2690 1540 2876 1591; x_wconf 84' lang='grc' dir='ltr'>τούτου</span> <span class='ocrx_word' id='word_1_202' title='bbox 2903 1538 3144 1609; x_wconf 73' lang='grc' dir='ltr'>κομίζειν</span> <span class='ocrx_word' id='word_1_203' title='bbox 3170 1539 3299 1607; x_wconf 77' lang='grc' dir='ltr'>ἡμῖν</span> <span class='ocrx_word' id='word_1_204' title='bbox 3332 1541 3615 1610; x_wconf 80' lang='grc' dir='ltr'>ἐπιχειρεῖ,</span> <span class='ocrx_word' id='word_1_205' title='bbox 3652 1536 4033 1606; x_wconf 76' lang='grc' dir='ltr'>παραπλήσιον</span> 
     </span>
    </p>
   </div>
   <div class='ocr_carea' id='block_1_30' title="bbox 2470 1627 4034 1702">
    <p class='ocr_par' dir='ltr' id='par_1_30' title="bbox 2470 1627 4034 1702">
     <span class='ocr_line' id='line_1_30' title="bbox 2470 1627 4034 1702; baseline -0.001 -21"><span class='ocrx_word' id='word_1_206' title='bbox 2470 1628 2651 1687; x_wconf 83' lang='grc' dir='ltr'>ποιῶν,</span> <span class='ocrx_word' id='word_1_207' title='bbox 2680 1630 2865 1701; x_wconf 78' lang='grc' dir='ltr'>ὥσπερ</span> <span class='ocrx_word' id='word_1_208' title='bbox 2894 1630 2956 1683; x_wconf 83' lang='grc' dir='ltr'>ἂν</span> <span class='ocrx_word' id='word_1_209' title='bbox 2993 1631 3042 1681; x_wconf 83' lang='grc' dir='ltr'><strong>εί</strong></span> <span class='ocrx_word' id='word_1_210' title='bbox 3071 1646 3151 1691; x_wconf 88' lang='grc' dir='ltr'><strong>τις</strong></span> <span class='ocrx_word' id='word_1_211' title='bbox 3195 1631 3249 1680; x_wconf 86' lang='grc' dir='ltr'><strong>ἐν</strong></span> <span class='ocrx_word' id='word_1_212' title='bbox 3286 1632 3521 1702; x_wconf 76' lang='grc' dir='ltr'>σταθερᾷ</span> <span class='ocrx_word' id='word_1_213' title='bbox 3566 1627 3883 1699; x_wconf 68' lang='grc' dir='ltr'><strong>μεσημϐρίᾳ⁸</strong></span> <span class='ocrx_word' id='word_1_214' title='bbox 3913 1629 4034 1689; x_wconf 65' lang='grc' dir='ltr'>τοὺς</span> 
     </span>
    </p>
   </div>
   <div class='ocr_carea' id='block_1_31' title="bbox 2469 1718 4034 1793">
    <p class='ocr_par' dir='ltr' id='par_1_31' title="bbox 2469 1718 4034 1793">
     <span class='ocr_line' id='line_1_31' title="bbox 2469 1718 4034 1793; baseline -0.004 -18"><span class='ocrx_word' id='word_1_215' title='bbox 2469 1720 2804 1793; x_wconf 72' lang='grc' dir='ltr'>ἐρρωμένους</span> <span class='ocrx_word' id='word_1_216' title='bbox 2835 1722 2931 1782; x_wconf 72' lang='grc' dir='ltr'>τὰς</span> <span class='ocrx_word' id='word_1_217' title='bbox 2958 1722 3108 1790; x_wconf 67' lang='grc' dir='ltr'>ὄψεις</span> <span class='ocrx_word' id='word_1_218' title='bbox 3137 1721 3277 1791; x_wconf 76' lang='grc' dir='ltr'>λόγῳ</span> <span class='ocrx_word' id='word_1_219' title='bbox 3304 1723 3567 1777; x_wconf 78' lang='grc' dir='ltr'><strong>διδάσκειν</strong></span> <span class='ocrx_word' id='word_1_220' title='bbox 3594 1719 3835 1791; x_wconf 81' lang='grc' dir='ltr'>βούλοιτο</span> <span class='ocrx_word' id='word_1_221' title='bbox 3869 1718 4034 1786; x_wconf 74' lang='grc' dir='ltr'>φανο-</span> 
     </span>
    </p>
   </div>
   <div class='ocr_carea' id='block_1_32' title="bbox 2468 1809 4033 1885">
    <p class='ocr_par' dir='ltr' id='par_1_32' title="bbox 2468 1809 4033 1885">
     <span class='ocr_line' id='line_1_32' title="bbox 2468 1809 4033 1885; baseline -0.004 -20"><span class='ocrx_word' id='word_1_222' title='bbox 2468 1830 2623 1866; x_wconf 89' lang='grc' dir='ltr'>τατον</span> <span class='ocrx_word' id='word_1_223' title='bbox 2658 1809 2794 1866; x_wconf 83' lang='grc' dir='ltr'>εἶναι</span> <span class='ocrx_word' id='word_1_224' title='bbox 2824 1814 2929 1865; x_wconf 83' lang='grc' dir='ltr'><strong>τῶν</strong></span> <span class='ocrx_word' id='word_1_225' title='bbox 2955 1816 3073 1865; x_wconf 77' lang='grc' dir='ltr'>κατ’</span> <span class='ocrx_word' id='word_1_226' title='bbox 3105 1813 3327 1883; x_wconf 69' lang='grc' dir='ltr'>οὐρανὸν</span> <span class='ocrx_word' id='word_1_227' title='bbox 3365 1815 3606 1885; x_wconf 79' lang='grc' dir='ltr'>ἀστέρων</span> <span class='ocrx_word' id='word_1_228' title='bbox 3645 1813 3736 1866; x_wconf 83' lang='grc' dir='ltr'><strong>τὸν</strong></span> <span class='ocrx_word' id='word_1_229' title='bbox 3764 1810 3939 1881; x_wconf 67' lang='grc' dir='ltr'>ἥλιον.</span> <span class='ocrx_word' id='word_1_230' title='bbox 3975 1809 4033 1859; x_wconf 74' lang='lat' dir='ltr'><strong>El</strong></span> 
     </span>
    </p>
   </div>
   <div class='ocr_carea' id='block_1_33' title="bbox 805 1895 2475 1985">
    <p class='ocr_par' dir='ltr' id='par_1_33' title="bbox 805 1895 2475 1985">
     <span class='ocr_line' id='line_1_33' title="bbox 805 1895 2475 1985; baseline -0.006 -19"><span class='ocrx_word' id='word_1_231' title='bbox 805 1931 926 1985; x_wconf 67' lang='lat' dir='ltr'><strong>quae</strong></span> <span class='ocrx_word' id='word_1_232' title='bbox 965 1914 1208 1969; x_wconf 80' lang='lat' dir='ltr'><strong>sensibus</strong></span> <span class='ocrx_word' id='word_1_233' title='bbox 1236 1924 1359 1965; x_wconf 89' lang='lat' dir='ltr'><strong>nota</strong></span> <span class='ocrx_word' id='word_1_234' title='bbox 1388 1920 1533 1973; x_wconf 91' lang='lat' dir='ltr'><strong>sunt,</strong></span> <span class='ocrx_word' id='word_1_235' title='bbox 1566 1911 1773 1963; x_wconf 80' lang='lat' dir='ltr'><strong>ratione</strong></span> <span class='ocrx_word' id='word_1_236' title='bbox 1803 1906 2041 1960; x_wconf 88' lang='lat' dir='ltr'><strong>ostendit</strong></span> <span class='ocrx_word' id='word_1_237' title='bbox 2075 1924 2087 1959; x_wconf 94' lang='lat'>:</span> <span class='ocrx_word' id='word_1_238' title='bbox 2136 1904 2227 1973; x_wconf 90' lang='lat' dir='ltr'><strong>qui</strong></span> <span class='ocrx_word' id='word_1_239' title='bbox 2277 1920 2362 1959; x_wconf 85' lang='lat' dir='ltr'><strong>res</strong></span> <span class='ocrx_word' id='word_1_240' title='bbox 2394 1895 2435 1950; x_wconf 83' lang='grc' dir='ltr'><strong>Β</strong></span> <span class='ocrx_word' id='word_1_241' title='bbox 2463 1905 2475 1956; x_wconf 79' lang='lat' dir='ltr'><strong>i</strong></span> 
     </span>
    </p>
   </div>
   <div class='ocr_carea' id='block_1_34' title="bbox 2365 1895 4035 1985">
    <p class='ocr_par' dir='ltr' id='par_1_34' title="bbox 2394 1895 4035 1976">
     <span class='ocr_line' id='line_1_34' title="bbox 2394 1895 4035 1976; baseline -0.003 -19"><span class='ocrx_word' id='word_1_242' title='bbox 2394 1895 2435 1950; x_wconf 82' lang='grc' dir='ltr'><strong>Β</strong></span> <span class='ocrx_word' id='word_1_243' title='bbox 2463 1904 2518 1957; x_wconf 80' lang='grc' dir='ltr'><strong>δὲ</strong></span> <span class='ocrx_word' id='word_1_244' title='bbox 2542 1906 2568 1955; x_wconf 90' lang='grc' dir='ltr'><strong>ὁ</strong></span> <span class='ocrx_word' id='word_1_245' title='bbox 2593 1904 2661 1957; x_wconf 86' lang='grc' dir='ltr'><strong>τά</strong></span> <span class='ocrx_word' id='word_1_246' title='bbox 2682 1909 2745 1975; x_wconf 79' lang='grc' dir='ltr'>τῇ</span> <span class='ocrx_word' id='word_1_247' title='bbox 2782 1904 3025 1975; x_wconf 78' lang='grc' dir='ltr'><strong>αἰσθήσει</strong></span> <span class='ocrx_word' id='word_1_248' title='bbox 3058 1904 3307 1976; x_wconf 84' lang='grc' dir='ltr'>γνώριμα</span> <span class='ocrx_word' id='word_1_249' title='bbox 3332 1905 3474 1976; x_wconf 79' lang='grc' dir='ltr'>λόγῳ</span> <span class='ocrx_word' id='word_1_250' title='bbox 3505 1907 3717 1967; x_wconf 74' lang='grc' dir='ltr'>δεικνὺς</span> <span class='ocrx_word' id='word_1_251' title='bbox 3740 1900 4035 1969; x_wconf 80' lang='grc' dir='ltr'>καταγέλα-</span> 
     </span>
    </p>
   </div>
   <div class='ocr_carea' id='block_1_35' title="bbox 806 1998 2363 2061">
    <p class='ocr_par' dir='ltr' id='par_1_35' title="bbox 806 1998 2363 2061">
     <span class='ocr_line' id='line_1_35' title="bbox 806 1998 2363 2061; baseline -0.006 0"><span class='ocrx_word' id='word_1_252' title='bbox 806 2023 870 2061; x_wconf 80' lang='lat' dir='ltr'><strong>ea</strong></span> <span class='ocrx_word' id='word_1_253' title='bbox 900 2004 1275 2061; x_wconf 85' lang='lat' dir='ltr'><strong>communibus</strong></span> <span class='ocrx_word' id='word_1_254' title='bbox 1310 2003 1618 2057; x_wconf 87' lang='lat' dir='ltr'><strong>notionibus</strong></span> <span class='ocrx_word' id='word_1_255' title='bbox 1666 1998 1945 2053; x_wconf 87' lang='lat' dir='ltr'><strong>confessas</strong></span> <span class='ocrx_word' id='word_1_256' title='bbox 1978 1998 2158 2061; x_wconf 83' lang='lat' dir='ltr'><strong>docet,</strong></span> <span class='ocrx_word' id='word_1_257' title='bbox 2186 2012 2363 2052; x_wconf 92' lang='lat' dir='ltr'><strong>nonne</strong></span> 
     </span>
    </p>
   </div>
   <div class='ocr_carea' id='block_1_36' title="bbox 806 2089 2361 2163">
    <p class='ocr_par' dir='ltr' id='par_1_36' title="bbox 806 2089 2361 2163">
     <span class='ocr_line' id='line_1_36' title="bbox 806 2089 2361 2163; baseline -0.005 -13"><span class='ocrx_word' id='word_1_258' title='bbox 806 2096 1056 2152; x_wconf 67' lang='lat' dir='ltr'><strong>amentiae</strong></span> <span class='ocrx_word' id='word_1_259' title='bbox 1085 2093 1321 2163; x_wconf 85' lang='lat' dir='ltr'><strong>ejusdem</strong></span> <span class='ocrx_word' id='word_1_260' title='bbox 1358 2093 1569 2146; x_wconf 90' lang='lat' dir='ltr'><strong>futurus</strong></span> <span class='ocrx_word' id='word_1_261' title='bbox 1593 2100 1681 2145; x_wconf 89' lang='lat' dir='ltr'><strong>est</strong></span> <span class='ocrx_word' id='word_1_262' title='bbox 1711 2090 1874 2145; x_wconf 81' lang='lat' dir='ltr'><strong>reus?</strong></span> <span class='ocrx_word' id='word_1_263' title='bbox 1909 2089 2032 2144; x_wconf 55' lang='lat' dir='ltr'><strong>Haec</strong></span> <span class='ocrx_word' id='word_1_264' title='bbox 2060 2089 2203 2142; x_wconf 91' lang='lat' dir='ltr'><strong>enim</strong></span> <span class='ocrx_word' id='word_1_265' title='bbox 2237 2105 2361 2157; x_wconf 89' lang='lat' dir='ltr'><strong>pro-</strong></span> 
     </span>
    </p>
   </div>
   <div class='ocr_carea' id='block_1_37' title="bbox 808 2180 2362 2251">
    <p class='ocr_par' dir='ltr' id='par_1_37' title="bbox 808 2180 2362 2251">
     <span class='ocr_line' id='line_1_37' title="bbox 808 2180 2362 2251; baseline -0.003 -12"><span class='ocrx_word' id='word_1_266' title='bbox 808 2184 951 2239; x_wconf 86' lang='lat' dir='ltr'><strong>fecto</strong></span> <span class='ocrx_word' id='word_1_267' title='bbox 982 2185 1138 2251; x_wconf 62' lang='lat' dir='ltr'><strong>longe</strong></span> <span class='ocrx_word' id='word_1_268' title='bbox 1175 2183 1405 2237; x_wconf 85' lang='lat' dir='ltr'><strong>certiora</strong></span> <span class='ocrx_word' id='word_1_269' title='bbox 1442 2190 1566 2233; x_wconf 89' lang='lat' dir='ltr'><strong>sunt</strong></span> <span class='ocrx_word' id='word_1_270' title='bbox 1600 2180 1770 2249; x_wconf 70' lang='lat' dir='ltr'><strong>requis</strong></span> <span class='ocrx_word' id='word_1_271' title='bbox 1810 2196 1991 2234; x_wconf 88' lang='lat' dir='ltr'><strong>rerum</strong></span> <span class='ocrx_word' id='word_1_272' title='bbox 2018 2180 2362 2235; x_wconf 71' lang='lat' dir='ltr'><strong>aestimatori-</strong></span> 
     </span>
    </p>
   </div>
   <div class='ocr_carea' id='block_1_38' title="bbox 805 2269 2365 2341">
    <p class='ocr_par' dir='ltr' id='par_1_38' title="bbox 805 2269 2365 2341">
     <span class='ocr_line' id='line_1_38' title="bbox 805 2269 2365 2341; baseline -0.001 -14"><span class='ocrx_word' id='word_1_273' title='bbox 805 2274 926 2335; x_wconf 71' lang='lat' dir='ltr'><strong>lius,</strong></span> <span class='ocrx_word' id='word_1_274' title='bbox 960 2288 1118 2341; x_wconf 82' lang='lat' dir='ltr'><strong>quam</strong></span> <span class='ocrx_word' id='word_1_275' title='bbox 1151 2287 1269 2339; x_wconf 69' lang='lat' dir='ltr'><strong>qua:</strong></span> <span class='ocrx_word' id='word_1_276' title='bbox 1297 2273 1495 2324; x_wconf 82' lang='lat' dir='ltr'><strong>cadunt</strong></span> <span class='ocrx_word' id='word_1_277' title='bbox 1542 2271 1643 2324; x_wconf 91' lang='lat' dir='ltr'><strong>sub</strong></span> <span class='ocrx_word' id='word_1_278' title='bbox 1684 2270 1888 2324; x_wconf 88' lang='lat' dir='ltr'><strong>oculos.</strong></span> <span class='ocrx_word' id='word_1_279' title='bbox 1920 2269 1984 2322; x_wconf 85' lang='lat' dir='ltr'><strong>Et</strong></span> <span class='ocrx_word' id='word_1_280' title='bbox 2012 2286 2138 2323; x_wconf 83' lang='lat' dir='ltr'><strong>vero</strong></span> <span class='ocrx_word' id='word_1_281' title='bbox 2166 2271 2212 2324; x_wconf 89' lang='lat' dir='ltr'><strong>si</strong></span> <span class='ocrx_word' id='word_1_282' title='bbox 2243 2276 2365 2340; x_wconf 82' lang='lat' dir='ltr'><strong>quis</strong></span> 
     </span>
    </p>
   </div>
   <div class='ocr_carea' id='block_1_39' title="bbox 808 2361 2363 2433">
    <p class='ocr_par' dir='ltr' id='par_1_39' title="bbox 808 2361 2363 2433">
     <span class='ocr_line' id='line_1_39' title="bbox 808 2361 2363 2433; baseline 0 -16"><span class='ocrx_word' id='word_1_283' title='bbox 808 2374 952 2418; x_wconf 82' lang='lat' dir='ltr'><strong>esset</strong></span> <span class='ocrx_word' id='word_1_284' title='bbox 975 2364 1065 2433; x_wconf 92' lang='lat' dir='ltr'><strong>qui</strong></span> <span class='ocrx_word' id='word_1_285' title='bbox 1091 2363 1143 2416; x_wconf 91' lang='lat' dir='ltr'><strong>in</strong></span> <span class='ocrx_word' id='word_1_286' title='bbox 1172 2362 1312 2416; x_wconf 86' lang='lat' dir='ltr'><strong>hanc</strong></span> <span class='ocrx_word' id='word_1_287' title='bbox 1334 2362 1612 2416; x_wconf 77' lang='lat' dir='ltr'><strong>veritatem</strong></span> <span class='ocrx_word' id='word_1_288' title='bbox 1638 2361 1978 2431; x_wconf 89' lang='lat' dir='ltr'><strong>impudenter</strong></span> <span class='ocrx_word' id='word_1_289' title='bbox 2000 2364 2363 2427; x_wconf 79' lang='lat' dir='ltr'><strong>inveheretur,</strong></span> 
     </span>
    </p>
   </div>
   <div class='ocr_carea' id='block_1_40' title="bbox 808 2454 2365 2524">
    <p class='ocr_par' dir='ltr' id='par_1_40' title="bbox 808 2454 2365 2524">
     <span class='ocr_line' id='line_1_40' title="bbox 808 2454 2365 2524; baseline 0.002 -16"><span class='ocrx_word' id='word_1_290' title='bbox 808 2464 865 2508; x_wconf 90' lang='lat' dir='ltr'><strong>et</strong></span> <span class='ocrx_word' id='word_1_291' title='bbox 882 2469 1003 2507; x_wconf 90' lang='lat' dir='ltr'><strong>eum</strong></span> <span class='ocrx_word' id='word_1_292' title='bbox 1030 2454 1120 2522; x_wconf 83' lang='lat' dir='ltr'><strong>qui</strong></span> <span class='ocrx_word' id='word_1_293' title='bbox 1154 2454 1421 2523; x_wconf 74' lang='lat' dir='ltr'><strong>ingenitus</strong></span> <span class='ocrx_word' id='word_1_294' title='bbox 1445 2464 1552 2517; x_wconf 87' lang='lat' dir='ltr'><strong>est,</strong></span> <span class='ocrx_word' id='word_1_295' title='bbox 1584 2468 1677 2509; x_wconf 80' lang='lat' dir='ltr'><strong>aut</strong></span> <span class='ocrx_word' id='word_1_296' title='bbox 1702 2471 1729 2509; x_wconf 89' lang='lat' dir='ltr'><strong>a</strong></span> <span class='ocrx_word' id='word_1_297' title='bbox 1754 2457 1957 2524; x_wconf 88' lang='lat' dir='ltr'><strong>seipso,</strong></span> <span class='ocrx_word' id='word_1_298' title='bbox 1984 2468 2079 2510; x_wconf 86' lang='lat' dir='ltr'><strong>aut</strong></span> <span class='ocrx_word' id='word_1_299' title='bbox 2104 2459 2171 2511; x_wconf 86' lang='lat' dir='ltr'><strong>ab</strong></span> <span class='ocrx_word' id='word_1_300' title='bbox 2196 2459 2365 2512; x_wconf 89' lang='lat' dir='ltr'><strong>altero</strong></span> 
     </span>
    </p>
   </div>
   <div class='ocr_carea' id='block_1_41' title="bbox 808 2541 2364 2610">
    <p class='ocr_par' dir='ltr' id='par_1_41' title="bbox 808 2541 2364 2610">
     <span class='ocr_line' id='line_1_41' title="bbox 808 2541 2364 2610; baseline 0.003 -18"><span class='ocrx_word' id='word_1_301' title='bbox 808 2541 1044 2610; x_wconf 68' lang='lat' dir='ltr'><strong>genitum</strong></span> <span class='ocrx_word' id='word_1_302' title='bbox 1088 2556 1208 2596; x_wconf 83' lang='lat' dir='ltr'><strong>esse</strong></span> <span class='ocrx_word' id='word_1_303' title='bbox 1240 2542 1630 2607; x_wconf 85' lang='lat' dir='ltr'><strong>contenderet,</strong></span> <span class='ocrx_word' id='word_1_304' title='bbox 1677 2546 1789 2599; x_wconf 61' lang='lat' dir='ltr'><strong>hac</strong></span> <span class='ocrx_word' id='word_1_305' title='bbox 1819 2546 1916 2598; x_wconf 90' lang='lat' dir='ltr'><strong>ista</strong></span> <span class='ocrx_word' id='word_1_306' title='bbox 1951 2546 2235 2599; x_wconf 79' lang='lat' dir='ltr'><strong>verborum</strong></span> <span class='ocrx_word' id='word_1_307' title='bbox 2268 2560 2364 2597; x_wconf 82' lang='lat' dir='ltr'><strong>va-</strong></span> 
     </span>
    </p>
   </div>
   <div class='ocr_carea' id='block_1_42' title="bbox 812 2631 2363 2703">
    <p class='ocr_par' dir='ltr' id='par_1_42' title="bbox 812 2631 2363 2703">
     <span class='ocr_line' id='line_1_42' title="bbox 812 2631 2363 2703; baseline 0.005 -22"><span class='ocrx_word' id='word_1_308' title='bbox 812 2631 956 2685; x_wconf 85' lang='lat' dir='ltr'><strong>nitas</strong></span> <span class='ocrx_word' id='word_1_309' title='bbox 988 2632 1197 2685; x_wconf 77' lang='lat' dir='ltr'><strong>veniam</strong></span> <span class='ocrx_word' id='word_1_310' title='bbox 1228 2632 1459 2701; x_wconf 77' lang='lat' dir='ltr'><strong>aliquam</strong></span> <span class='ocrx_word' id='word_1_311' title='bbox 1494 2635 1720 2687; x_wconf 82' lang='lat' dir='ltr'><strong>fortasse</strong></span> <span class='ocrx_word' id='word_1_312' title='bbox 1749 2636 1993 2689; x_wconf 88' lang='lat' dir='ltr'><strong>obtinere</strong></span> <span class='ocrx_word' id='word_1_313' title='bbox 2023 2646 2202 2703; x_wconf 88' lang='lat' dir='ltr'><strong>posset</strong></span> <span class='ocrx_word' id='word_1_314' title='bbox 2231 2653 2245 2688; x_wconf 89' lang='lat'><strong>:</strong></span> <span class='ocrx_word' id='word_1_315' title='bbox 2281 2636 2363 2689; x_wconf 89' lang='lat' dir='ltr'><strong>sin</strong></span> 
     </span>
    </p>
   </div>
   <div class='ocr_carea' id='block_1_43' title="bbox 813 2723 2364 2791">
    <p class='ocr_par' dir='ltr' id='par_1_43' title="bbox 813 2723 2364 2791">
     <span class='ocr_line' id='line_1_43' title="bbox 813 2723 2364 2791; baseline 0.003 -18"><span class='ocrx_word' id='word_1_316' title='bbox 813 2730 993 2775; x_wconf 84' lang='lat' dir='ltr'><strong>autem</strong></span> <span class='ocrx_word' id='word_1_317' title='bbox 1047 2723 1222 2777; x_wconf 85' lang='lat' dir='ltr'><strong>nullus</strong></span> <span class='ocrx_word' id='word_1_318' title='bbox 1275 2724 1341 2774; x_wconf 88' lang='lat' dir='ltr'><strong>ad</strong></span> <span class='ocrx_word' id='word_1_319' title='bbox 1402 2723 1545 2776; x_wconf 85' lang='lat' dir='ltr'><strong>hunc</strong></span> <span class='ocrx_word' id='word_1_320' title='bbox 1593 2738 1762 2791; x_wconf 86' lang='lat' dir='ltr'><strong>usque</strong></span> <span class='ocrx_word' id='word_1_321' title='bbox 1803 2724 1978 2787; x_wconf 90' lang='lat' dir='ltr'><strong>diem,</strong></span> <span class='ocrx_word' id='word_1_322' title='bbox 2031 2740 2127 2779; x_wconf 90' lang='lat' dir='ltr'><strong>nec</strong></span> <span class='ocrx_word' id='word_1_323' title='bbox 2180 2741 2364 2779; x_wconf 90' lang='lat' dir='ltr'><strong>eorum</strong></span> 
     </span>
    </p>
   </div>
   <div class='ocr_carea' id='block_1_44' title="bbox 809 2813 2365 2885">
    <p class='ocr_par' dir='ltr' id='par_1_44' title="bbox 809 2813 2365 2885">
     <span class='ocr_line' id='line_1_44' title="bbox 809 2813 2365 2885; baseline 0.004 -20"><span class='ocrx_word' id='word_1_324' title='bbox 809 2813 900 2883; x_wconf 85' lang='lat' dir='ltr'><strong>qui</strong></span> <span class='ocrx_word' id='word_1_325' title='bbox 941 2813 1100 2867; x_wconf 86' lang='lat' dir='ltr'><strong>alieni</strong></span> <span class='ocrx_word' id='word_1_326' title='bbox 1140 2822 1264 2867; x_wconf 90' lang='lat' dir='ltr'><strong>sunt</strong></span> <span class='ocrx_word' id='word_1_327' title='bbox 1292 2829 1323 2867; x_wconf 90' lang='lat' dir='ltr'><strong>a</strong></span> <span class='ocrx_word' id='word_1_328' title='bbox 1366 2823 1546 2869; x_wconf 82' lang='lat' dir='ltr'><strong>nostra</strong></span> <span class='ocrx_word' id='word_1_329' title='bbox 1589 2815 1873 2881; x_wconf 85' lang='lat' dir='ltr'><strong>doctrina,</strong></span> <span class='ocrx_word' id='word_1_330' title='bbox 1928 2831 2028 2871; x_wconf 89' lang='lat' dir='ltr'><strong>nec</strong></span> <span class='ocrx_word' id='word_1_331' title='bbox 2056 2831 2242 2870; x_wconf 90' lang='lat' dir='ltr'><strong>eorum</strong></span> <span class='ocrx_word' id='word_1_332' title='bbox 2274 2816 2365 2885; x_wconf 88' lang='lat' dir='ltr'><strong>qui</strong></span> 
     </span>
    </p>
   </div>
   <div class='ocr_carea' id='block_1_45' title="bbox 816 2905 2368 2976">
    <p class='ocr_par' dir='ltr' id='par_1_45' title="bbox 816 2905 2368 2976">
     <span class='ocr_line' id='line_1_45' title="bbox 816 2905 2368 2976; baseline 0.001 -17"><span class='ocrx_word' id='word_1_333' title='bbox 816 2921 885 2959; x_wconf 77' lang='lat' dir='ltr'><strong>ex</strong></span> <span class='ocrx_word' id='word_1_334' title='bbox 913 2905 1025 2976; x_wconf 90' lang='lat' dir='ltr'><strong>ipsa</strong></span> <span class='ocrx_word' id='word_1_335' title='bbox 1052 2905 1291 2961; x_wconf 85' lang='lat' dir='ltr'><strong>Ecclesia</strong></span> <span class='ocrx_word' id='word_1_336' title='bbox 1317 2908 1516 2968; x_wconf 76' lang='lat' dir='ltr'><strong>exiere,</strong></span> <span class='ocrx_word' id='word_1_337' title='bbox 1540 2918 1724 2960; x_wconf 87' lang='lat' dir='ltr'><strong>contra</strong></span> <span class='ocrx_word' id='word_1_338' title='bbox 1750 2909 2027 2961; x_wconf 79' lang='lat' dir='ltr'><strong>veritatem</strong></span> <span class='ocrx_word' id='word_1_339' title='bbox 2063 2910 2368 2962; x_wconf 76' lang='lat' dir='ltr'><strong>insurrexe-</strong></span> 
     </span>
    </p>
   </div>
   <div class='ocr_carea' id='block_1_46' title="bbox 812 3000 2367 3071">
    <p class='ocr_par' dir='ltr' id='par_1_46' title="bbox 812 3000 2367 3071">
     <span class='ocr_line' id='line_1_46' title="bbox 812 3000 2367 3071; baseline 0.003 -21"><span class='ocrx_word' id='word_1_340' title='bbox 812 3008 961 3063; x_wconf 82' lang='lat' dir='ltr'><strong>runt,</strong></span> <span class='ocrx_word' id='word_1_341' title='bbox 990 3012 1054 3051; x_wconf 85' lang='lat' dir='ltr'><strong>eo</strong></span> <span class='ocrx_word' id='word_1_342' title='bbox 1079 3000 1290 3051; x_wconf 89' lang='lat' dir='ltr'><strong>devenit</strong></span> <span class='ocrx_word' id='word_1_343' title='bbox 1320 3000 1667 3065; x_wconf 80' lang='lat' dir='ltr'><strong>stupiditatis.</strong></span> <span class='ocrx_word' id='word_1_344' title='bbox 1695 3008 1753 3052; x_wconf 83' lang='grc' dir='ltr'><strong>ιιι</strong></span> <span class='ocrx_word' id='word_1_345' title='bbox 1782 3000 1847 3053; x_wconf 90' lang='lat' dir='ltr'><strong>de</strong></span> <span class='ocrx_word' id='word_1_346' title='bbox 1878 3001 2100 3065; x_wconf 74' lang='lat' dir='ltr'><strong>ingeniti</strong></span> <span class='ocrx_word' id='word_1_347' title='bbox 2140 3003 2367 3071; x_wconf 78' lang='lat' dir='ltr'><strong>ingene-</strong></span> 
     </span>
    </p>
   </div>
   <div class='ocr_carea' id='block_1_47' title="bbox 816 3088 2363 3157">
    <p class='ocr_par' dir='ltr' id='par_1_47' title="bbox 816 3088 2363 3157">
     <span class='ocr_line' id='line_1_47' title="bbox 816 3088 2363 3157; baseline 0.006 -16"><span class='ocrx_word' id='word_1_348' title='bbox 816 3088 1023 3141; x_wconf 82' lang='lat' dir='ltr'><strong>ratione</strong></span> <span class='ocrx_word' id='word_1_349' title='bbox 1050 3088 1353 3142; x_wconf 85' lang='lat' dir='ltr'><strong>dubitaret:</strong></span> <span class='ocrx_word' id='word_1_350' title='bbox 1387 3088 1513 3157; x_wconf 90' lang='lat' dir='ltr'><strong>quid</strong></span> <span class='ocrx_word' id='word_1_351' title='bbox 1543 3089 1590 3142; x_wconf 90' lang='lat' dir='ltr'><strong>ei</strong></span> <span class='ocrx_word' id='word_1_352' title='bbox 1626 3088 1761 3142; x_wconf 88' lang='lat' dir='ltr'><strong>lucri</strong></span> <span class='ocrx_word' id='word_1_353' title='bbox 1790 3104 1851 3143; x_wconf 76' lang='lat' dir='ltr'><strong>ea</strong></span> <span class='ocrx_word' id='word_1_354' title='bbox 1895 3092 1977 3145; x_wconf 82' lang='lat' dir='ltr'><strong>liis</strong></span> <span class='ocrx_word' id='word_1_355' title='bbox 2006 3092 2185 3150; x_wconf 87' lang='lat' dir='ltr'><strong>verbis</strong></span> <span class='ocrx_word' id='word_1_356' title='bbox 2214 3108 2363 3150; x_wconf 85' lang='lat' dir='ltr'><strong>acce-</strong></span> 
     </span>
    </p>
   </div>
   <div class='ocr_carea' id='block_1_48' title="bbox 818 3176 2369 3256">
    <p class='ocr_par' dir='ltr' id='par_1_48' title="bbox 818 3176 2369 3256">
     <span class='ocr_line' id='line_1_48' title="bbox 818 3176 2369 3256; baseline 0.005 -26"><span class='ocrx_word' id='word_1_357' title='bbox 818 3179 932 3243; x_wconf 86' lang='lat' dir='ltr'><strong>dat,</strong></span> <span class='ocrx_word' id='word_1_358' title='bbox 970 3177 1108 3230; x_wconf 86' lang='lat' dir='ltr'><strong>ltaud</strong></span> <span class='ocrx_word' id='word_1_359' title='bbox 1137 3176 1393 3248; x_wconf 75' lang='lat' dir='ltr'><strong>intelligo.</strong></span> <span class='ocrx_word' id='word_1_360' title='bbox 1433 3177 1569 3231; x_wconf 84' lang='lat' dir='ltr'><strong>Num</strong></span> <span class='ocrx_word' id='word_1_361' title='bbox 1598 3193 1725 3234; x_wconf 84' lang='lat' dir='ltr'><strong>vere</strong></span> <span class='ocrx_word' id='word_1_362' title='bbox 1749 3178 2054 3237; x_wconf 82' lang='lat' dir='ltr'><strong>Aristotelis</strong></span> <span class='ocrx_word' id='word_1_363' title='bbox 2082 3193 2174 3238; x_wconf 88' lang='lat' dir='ltr'><strong>aut</strong></span> <span class='ocrx_word' id='word_1_364' title='bbox 2198 3182 2369 3256; x_wconf 84' lang='lat' dir='ltr'><strong>Chry-</strong></span> 
     </span>
    </p>
   </div>
   <div class='ocr_carea' id='block_1_49' title="bbox 814 3269 2369 3340">
    <p class='ocr_par' dir='ltr' id='par_1_49' title="bbox 814 3269 2369 3340">
     <span class='ocr_line' id='line_1_49' title="bbox 814 3269 2369 3340; baseline 0.006 -18"><span class='ocrx_word' id='word_1_365' title='bbox 814 3270 950 3340; x_wconf 82' lang='lat' dir='ltr'><strong>sippi</strong></span> <span class='ocrx_word' id='word_1_366' title='bbox 989 3269 1311 3340; x_wconf 71' lang='lat' dir='ltr'><strong>syllogismis</strong></span> <span class='ocrx_word' id='word_1_367' title='bbox 1360 3285 1494 3340; x_wconf 88' lang='lat' dir='ltr'><strong>opus</strong></span> <span class='ocrx_word' id='word_1_368' title='bbox 1542 3273 1699 3327; x_wconf 86' lang='lat' dir='ltr'><strong>nobis</strong></span> <span class='ocrx_word' id='word_1_369' title='bbox 1739 3284 1879 3339; x_wconf 83' lang='lat' dir='ltr'><strong>erat,</strong></span> <span class='ocrx_word' id='word_1_370' title='bbox 1930 3285 1987 3328; x_wconf 93' lang='lat' dir='ltr'><strong>ut</strong></span> <span class='ocrx_word' id='word_1_371' title='bbox 2036 3276 2369 3331; x_wconf 86' lang='lat' dir='ltr'><strong>disceremus</strong></span> 
     </span>
    </p>
   </div>
   <div class='ocr_carea' id='block_1_50' title="bbox 814 3363 2373 3438">
    <p class='ocr_par' dir='ltr' id='par_1_50' title="bbox 814 3363 2373 3438">
     <span class='ocr_line' id='line_1_50' title="bbox 814 3363 2373 3438; baseline 0.004 -22"><span class='ocrx_word' id='word_1_372' title='bbox 814 3378 938 3416; x_wconf 78' lang='lat' dir='ltr'><strong>eum</strong></span> <span class='ocrx_word' id='word_1_373' title='bbox 973 3363 1063 3432; x_wconf 92' lang='lat' dir='ltr'><strong>qui</strong></span> <span class='ocrx_word' id='word_1_374' title='bbox 1101 3363 1367 3433; x_wconf 74' lang='lat' dir='ltr'><strong>ingenitus</strong></span> <span class='ocrx_word' id='word_1_375' title='bbox 1405 3373 1526 3429; x_wconf 90' lang='lat' dir='ltr'><strong>est,</strong></span> <span class='ocrx_word' id='word_1_376' title='bbox 1570 3382 1743 3434; x_wconf 91' lang='lat' dir='ltr'><strong>neque</strong></span> <span class='ocrx_word' id='word_1_377' title='bbox 1771 3383 1799 3421; x_wconf 75' lang='grc' dir='ltr'><strong>τι</strong></span> <span class='ocrx_word' id='word_1_378' title='bbox 1848 3370 2023 3435; x_wconf 78' lang='lat' dir='ltr'><strong>seipse</strong></span> <span class='ocrx_word' id='word_1_379' title='bbox 2048 3408 2062 3431; x_wconf 86' lang='lat'><strong>,</strong></span> <span class='ocrx_word' id='word_1_380' title='bbox 2102 3385 2274 3438; x_wconf 87' lang='lat' dir='ltr'><strong>neque</strong></span> <span class='ocrx_word' id='word_1_381' title='bbox 2307 3371 2373 3424; x_wconf 92' lang='lat' dir='ltr'><strong>ab</strong></span> 
     </span>
    </p>
   </div>
   <div class='ocr_carea' id='block_1_51' title="bbox 817 3451 2371 3521">
    <p class='ocr_par' dir='ltr' id='par_1_51' title="bbox 817 3451 2371 3521">
     <span class='ocr_line' id='line_1_51' title="bbox 817 3451 2371 3521; baseline 0.001 -17"><span class='ocrx_word' id='word_1_382' title='bbox 817 3451 989 3506; x_wconf 80' lang='lat' dir='ltr'><strong>altero</strong></span> <span class='ocrx_word' id='word_1_383' title='bbox 1016 3453 1253 3521; x_wconf 74' lang='lat' dir='ltr'><strong>genitum</strong></span> <span class='ocrx_word' id='word_1_384' title='bbox 1278 3452 1443 3504; x_wconf 88' lang='lat' dir='ltr'><strong>fuisse</strong></span> <span class='ocrx_word' id='word_1_385' title='bbox 1472 3470 1484 3504; x_wconf 76' lang='grc' dir='ltr'>ε</span> <span class='ocrx_word' id='word_1_386' title='bbox 1515 3461 1568 3504; x_wconf 90' lang='lat' dir='ltr'><strong>et</strong></span> <span class='ocrx_word' id='word_1_387' title='bbox 1601 3454 1846 3505; x_wconf 88' lang='lat' dir='ltr'><strong>eumdem</strong></span> <span class='ocrx_word' id='word_1_388' title='bbox 1879 3454 2055 3520; x_wconf 87' lang='lat' dir='ltr'><strong>seipso</strong></span> <span class='ocrx_word' id='word_1_389' title='bbox 2098 3470 2193 3506; x_wconf 91' lang='lat' dir='ltr'><strong>nec</strong></span> <span class='ocrx_word' id='word_1_390' title='bbox 2234 3455 2371 3506; x_wconf 86' lang='lat' dir='ltr'><strong>anti-</strong></span> 
     </span>
    </p>
   </div>
   <div class='ocr_carea' id='block_1_52' title="bbox 816 3540 2373 3611">
    <p class='ocr_par' dir='ltr' id='par_1_52' title="bbox 816 3540 2373 3611">
     <span class='ocr_line' id='line_1_52' title="bbox 816 3540 2373 3611; baseline 0.002 -17"><span class='ocrx_word' id='word_1_391' title='bbox 816 3545 1081 3610; x_wconf 89' lang='lat' dir='ltr'><strong>quiorem,</strong></span> <span class='ocrx_word' id='word_1_392' title='bbox 1114 3541 1492 3608; x_wconf 80' lang='lat' dir='ltr'><strong>uecjuniorem</strong></span> <span class='ocrx_word' id='word_1_393' title='bbox 1518 3542 1679 3595; x_wconf 83' lang='lat' dir='ltr'><strong>esse?</strong></span> <span class='ocrx_word' id='word_1_394' title='bbox 1710 3540 1845 3608; x_wconf 88' lang='lat' dir='ltr'><strong>Quid</strong></span> <span class='ocrx_word' id='word_1_395' title='bbox 1873 3544 2033 3611; x_wconf 73' lang='lat' dir='ltr'><strong>igitur</strong></span> <span class='ocrx_word' id='word_1_396' title='bbox 2058 3544 2159 3597; x_wconf 84' lang='lat' dir='ltr'><strong>sibi</strong></span> <span class='ocrx_word' id='word_1_397' title='bbox 2191 3544 2373 3598; x_wconf 89' lang='lat' dir='ltr'><strong>volunt</strong></span> 
     </span>
    </p>
   </div>
   <div class='ocr_carea' id='block_1_53' title="bbox 818 3630 2371 3696">
    <p class='ocr_par' dir='ltr' id='par_1_53' title="bbox 818 3630 2371 3696">
     <span class='ocr_line' id='line_1_53' title="bbox 818 3630 2371 3696; baseline 0.002 -13"><span class='ocrx_word' id='word_1_398' title='bbox 818 3632 931 3685; x_wconf 67' lang='lat' dir='ltr'><strong>iure</strong></span> <span class='ocrx_word' id='word_1_399' title='bbox 958 3630 1073 3696; x_wconf 84' lang='lat' dir='ltr'><strong>ejus</strong></span> <span class='ocrx_word' id='word_1_400' title='bbox 1103 3630 1302 3684; x_wconf 81' lang='lat' dir='ltr'><strong>verba?</strong></span> <span class='ocrx_word' id='word_1_401' title='bbox 1332 3632 1552 3686; x_wconf 81' lang='lat' dir='ltr'><strong>Videtur</strong></span> <span class='ocrx_word' id='word_1_402' title='bbox 1599 3632 1729 3686; x_wconf 90' lang='lat' dir='ltr'><strong>mihi</strong></span> <span class='ocrx_word' id='word_1_403' title='bbox 1760 3648 1819 3687; x_wconf 88' lang='lat' dir='ltr'><strong>se</strong></span> <span class='ocrx_word' id='word_1_404' title='bbox 1848 3632 1990 3687; x_wconf 90' lang='lat' dir='ltr'><strong>inter</strong></span> <span class='ocrx_word' id='word_1_405' title='bbox 2025 3648 2152 3688; x_wconf 89' lang='lat' dir='ltr'><strong>suos</strong></span> <span class='ocrx_word' id='word_1_406' title='bbox 2196 3644 2371 3688; x_wconf 82' lang='lat' dir='ltr'><strong>secta-</strong></span> 
     </span>
    </p>
   </div>
   <div class='ocr_carea' id='block_1_54' title="bbox 820 3721 2373 3796">
    <p class='ocr_par' dir='ltr' id='par_1_54' title="bbox 820 3721 2373 3796">
     <span class='ocr_line' id='line_1_54' title="bbox 820 3721 2373 3796; baseline 0.001 -20"><span class='ocrx_word' id='word_1_407' title='bbox 820 3733 963 3777; x_wconf 82' lang='lat' dir='ltr'><strong>tores</strong></span> <span class='ocrx_word' id='word_1_408' title='bbox 992 3721 1218 3789; x_wconf 84' lang='lat' dir='ltr'><strong>jactare,</strong></span> <span class='ocrx_word' id='word_1_409' title='bbox 1255 3730 1509 3787; x_wconf 79' lang='lat' dir='ltr'><strong>tanquam</strong></span> <span class='ocrx_word' id='word_1_410' title='bbox 1548 3724 1784 3793; x_wconf 77' lang='lat' dir='ltr'><strong>prudens</strong></span> <span class='ocrx_word' id='word_1_411' title='bbox 1822 3725 2086 3793; x_wconf 80' lang='lat' dir='ltr'><strong>quispiam</strong></span> <span class='ocrx_word' id='word_1_412' title='bbox 2118 3740 2181 3780; x_wconf 87' lang='lat' dir='ltr'><strong>ac</strong></span> <span class='ocrx_word' id='word_1_413' title='bbox 2222 3739 2373 3796; x_wconf 73' lang='lat' dir='ltr'><strong>egre-</strong></span> 
     </span>
    </p>
   </div>
   <div class='ocr_carea' id='block_1_55' title="bbox 817 3813 2374 3884">
    <p class='ocr_par' dir='ltr' id='par_1_55' title="bbox 817 3813 2374 3884">
     <span class='ocr_line' id='line_1_55' title="bbox 817 3813 2374 3884; baseline 0.003 -18"><span class='ocrx_word' id='word_1_414' title='bbox 817 3814 904 3884; x_wconf 73' lang='lat' dir='ltr'><strong>gia</strong></span> <span class='ocrx_word' id='word_1_415' title='bbox 937 3822 1111 3867; x_wconf 85' lang='lat' dir='ltr'><strong>mente</strong></span> <span class='ocrx_word' id='word_1_416' title='bbox 1136 3813 1414 3881; x_wconf 68' lang='lat' dir='ltr'><strong>prmditus,</strong></span> <span class='ocrx_word' id='word_1_417' title='bbox 1446 3818 1681 3882; x_wconf 87' lang='lat' dir='ltr'><strong>quicum</strong></span> <span class='ocrx_word' id='word_1_418' title='bbox 1717 3826 1907 3870; x_wconf 83' lang='lat' dir='ltr'><strong>acutus</strong></span> <span class='ocrx_word' id='word_1_419' title='bbox 1938 3817 2006 3870; x_wconf 90' lang='lat' dir='ltr'><strong>sit</strong></span> <span class='ocrx_word' id='word_1_420' title='bbox 2036 3819 2086 3869; x_wconf 91' lang='lat' dir='ltr'><strong>in</strong></span> <span class='ocrx_word' id='word_1_421' title='bbox 2123 3816 2374 3871; x_wconf 85' lang='lat' dir='ltr'><strong>absurdis</strong></span> 
     </span>
    </p>
   </div>
   <div class='ocr_carea' id='block_1_56' title="bbox 820 3906 2375 3977">
    <p class='ocr_par' dir='ltr' id='par_1_56' title="bbox 820 3906 2375 3977">
     <span class='ocr_line' id='line_1_56' title="bbox 820 3906 2375 3977; baseline 0.001 -18"><span class='ocrx_word' id='word_1_422' title='bbox 820 3906 1249 3975; x_wconf 83' lang='lat' dir='ltr'><strong>prospiciendis,</strong></span> <span class='ocrx_word' id='word_1_423' title='bbox 1294 3906 1345 3960; x_wconf 92' lang='lat' dir='ltr'><strong>in</strong></span> <span class='ocrx_word' id='word_1_424' title='bbox 1416 3907 1516 3962; x_wconf 87' lang='lat' dir='ltr'><strong>hoc</strong></span> <span class='ocrx_word' id='word_1_425' title='bbox 1575 3908 1717 3977; x_wconf 92' lang='lat' dir='ltr'><strong>quod</strong></span> <span class='ocrx_word' id='word_1_426' title='bbox 1769 3907 2121 3977; x_wconf 88' lang='lat' dir='ltr'><strong>deprehendit</strong></span> <span class='ocrx_word' id='word_1_427' title='bbox 2183 3908 2375 3962; x_wconf 88' lang='lat' dir='ltr'><strong>dissol-</strong></span> 
     </span>
    </p>
   </div>
   <div class='ocr_carea' id='block_1_57' title="bbox 822 3998 2376 4068">
    <p class='ocr_par' dir='ltr' id='par_1_57' title="bbox 822 3998 2376 4068">
     <span class='ocr_line' id='line_1_57' title="bbox 822 3998 2376 4068; baseline 0.003 -19"><span class='ocrx_word' id='word_1_428' title='bbox 822 4001 995 4051; x_wconf 87' lang='lat' dir='ltr'><strong>vendo</strong></span> <span class='ocrx_word' id='word_1_429' title='bbox 1049 3998 1257 4051; x_wconf 86' lang='lat' dir='ltr'><strong>acutior</strong></span> <span class='ocrx_word' id='word_1_430' title='bbox 1284 4008 1388 4063; x_wconf 89' lang='lat' dir='ltr'><strong>est,</strong></span> <span class='ocrx_word' id='word_1_431' title='bbox 1440 4000 1508 4053; x_wconf 89' lang='lat' dir='ltr'><strong>ob</strong></span> <span class='ocrx_word' id='word_1_432' title='bbox 1557 4000 1715 4068; x_wconf 86' lang='lat' dir='ltr'><strong>idque</strong></span> <span class='ocrx_word' id='word_1_433' title='bbox 1755 4000 1809 4053; x_wconf 89' lang='lat' dir='ltr'><strong>in</strong></span> <span class='ocrx_word' id='word_1_434' title='bbox 1860 3999 2143 4054; x_wconf 89' lang='lat' dir='ltr'><strong>verborum</strong></span> <span class='ocrx_word' id='word_1_435' title='bbox 2190 4015 2376 4054; x_wconf 89' lang='lat' dir='ltr'><strong>versu-</strong></span> 
     </span>
    </p>
   </div>
   <div class='ocr_carea' id='block_1_58' title="bbox 825 4087 2376 4160">
    <p class='ocr_par' dir='ltr' id='par_1_58' title="bbox 825 4087 2376 4160">
     <span class='ocr_line' id='line_1_58' title="bbox 825 4087 2376 4160; baseline 0.003 -19"><span class='ocrx_word' id='word_1_436' title='bbox 825 4087 897 4141; x_wconf 89' lang='lat' dir='ltr'><strong>tia</strong></span> <span class='ocrx_word' id='word_1_437' title='bbox 952 4087 1192 4159; x_wconf 70' lang='lat' dir='ltr'><strong>gloriari,</strong></span> <span class='ocrx_word' id='word_1_438' title='bbox 1250 4100 1304 4144; x_wconf 89' lang='lat' dir='ltr'><strong>et</strong></span> <span class='ocrx_word' id='word_1_439' title='bbox 1354 4091 1536 4144; x_wconf 88' lang='lat' dir='ltr'><strong>conari</strong></span> <span class='ocrx_word' id='word_1_440' title='bbox 1590 4091 1855 4145; x_wconf 86' lang='lat' dir='ltr'><strong>subtiliter</strong></span> <span class='ocrx_word' id='word_1_441' title='bbox 1896 4101 1949 4145; x_wconf 86' lang='lat' dir='ltr'><strong>et</strong></span> <span class='ocrx_word' id='word_1_442' title='bbox 1997 4100 2185 4160; x_wconf 77' lang='lat' dir='ltr'><strong>argute</strong></span> <span class='ocrx_word' id='word_1_443' title='bbox 2246 4090 2376 4145; x_wconf 91' lang='lat' dir='ltr'><strong>illud</strong></span> 
     </span>
    </p>
   </div>
   <div class='ocr_carea' id='block_1_59' title="bbox 822 4180 2374 4253">
    <p class='ocr_par' dir='ltr' id='par_1_59' title="bbox 822 4180 2374 4253">
     <span class='ocr_line' id='line_1_59' title="bbox 822 4180 2374 4253; baseline 0.004 -23"><span class='ocrx_word' id='word_1_444' title='bbox 822 4180 1226 4245; x_wconf 85' lang='lat' dir='ltr'><strong>demonstrare,</strong></span> <span class='ocrx_word' id='word_1_445' title='bbox 1279 4184 1419 4248; x_wconf 91' lang='lat' dir='ltr'><strong>quod</strong></span> <span class='ocrx_word' id='word_1_446' title='bbox 1477 4183 1521 4236; x_wconf 91' lang='lat' dir='ltr'><strong>is</strong></span> <span class='ocrx_word' id='word_1_447' title='bbox 1554 4183 1643 4250; x_wconf 92' lang='lat' dir='ltr'><strong>qui</strong></span> <span class='ocrx_word' id='word_1_448' title='bbox 1695 4184 1966 4253; x_wconf 75' lang='lat' dir='ltr'><strong>ingenitus</strong></span> <span class='ocrx_word' id='word_1_449' title='bbox 2029 4192 2147 4248; x_wconf 87' lang='lat' dir='ltr'><strong>est,</strong></span> <span class='ocrx_word' id='word_1_450' title='bbox 2202 4198 2301 4237; x_wconf 89' lang='lat' dir='ltr'><strong>nec</strong></span> <span class='ocrx_word' id='word_1_451' title='bbox 2346 4198 2374 4236; x_wconf 66' lang='grc' dir='ltr'><strong>ιι</strong></span> 
     </span>
    </p>
   </div>
   <div class='ocr_carea' id='block_1_60' title="bbox 820 4269 2376 4341">
    <p class='ocr_par' dir='ltr' id='par_1_60' title="bbox 820 4269 2376 4341">
     <span class='ocr_line' id='line_1_60' title="bbox 820 4269 2376 4341; baseline 0.005 -21"><span class='ocrx_word' id='word_1_452' title='bbox 820 4269 1031 4337; x_wconf 72' lang='grc' dir='ltr'>εείιιεο,</span> <span class='ocrx_word' id='word_1_453' title='bbox 1082 4285 1181 4324; x_wconf 86' lang='lat' dir='ltr'><strong>nec</strong></span> <span class='ocrx_word' id='word_1_454' title='bbox 1231 4271 1299 4325; x_wconf 86' lang='lat' dir='ltr'><strong>ab</strong></span> <span class='ocrx_word' id='word_1_455' title='bbox 1354 4272 1459 4325; x_wconf 89' lang='lat' dir='ltr'><strong>alio</strong></span> <span class='ocrx_word' id='word_1_456' title='bbox 1510 4276 1721 4341; x_wconf 74' lang='lat' dir='ltr'><strong>genitus</strong></span> <span class='ocrx_word' id='word_1_457' title='bbox 1765 4276 1855 4327; x_wconf 91' lang='lat' dir='ltr'><strong>sit.</strong></span> <span class='ocrx_word' id='word_1_458' title='bbox 1895 4275 2097 4328; x_wconf 78' lang='lat' dir='ltr'><strong>Deinde</strong></span> <span class='ocrx_word' id='word_1_459' title='bbox 2140 4289 2268 4328; x_wconf 87' lang='lat' dir='ltr'><strong>vero</strong></span> <span class='ocrx_word' id='word_1_460' title='bbox 2308 4290 2376 4328; x_wconf 93' lang='lat' dir='ltr'><strong>ne</strong></span> 
     </span>
    </p>
   </div>
   <div class='ocr_carea' id='block_1_61' title="bbox 823 4360 2376 4431">
    <p class='ocr_par' dir='ltr' id='par_1_61' title="bbox 823 4360 2376 4431">
     <span class='ocr_line' id='line_1_61' title="bbox 823 4360 2376 4431; baseline 0.004 -19"><span class='ocrx_word' id='word_1_461' title='bbox 823 4362 910 4413; x_wconf 86' lang='lat' dir='ltr'><strong>hic</strong></span> <span class='ocrx_word' id='word_1_462' title='bbox 936 4360 1149 4431; x_wconf 90' lang='lat' dir='ltr'><strong>quidem</strong></span> <span class='ocrx_word' id='word_1_463' title='bbox 1188 4362 1323 4416; x_wconf 89' lang='lat' dir='ltr'><strong>artis</strong></span> <span class='ocrx_word' id='word_1_464' title='bbox 1368 4378 1477 4417; x_wconf 79' lang='lat' dir='ltr'><strong>stite</strong></span> <span class='ocrx_word' id='word_1_465' title='bbox 1513 4364 1847 4418; x_wconf 82' lang='lat' dir='ltr'><strong>obliviscitur</strong></span> <span class='ocrx_word' id='word_1_466' title='bbox 1882 4382 1895 4416; x_wconf 86' lang='lat'><strong>:</strong></span> <span class='ocrx_word' id='word_1_467' title='bbox 1930 4365 2023 4417; x_wconf 83' lang='lat' dir='ltr'><strong>sed</strong></span> <span class='ocrx_word' id='word_1_468' title='bbox 2064 4365 2223 4418; x_wconf 89' lang='lat' dir='ltr'><strong>rebus</strong></span> <span class='ocrx_word' id='word_1_469' title='bbox 2248 4380 2376 4418; x_wconf 76' lang='lat' dir='ltr'><strong>con-</strong></span> 
     </span>
    </p>
   </div>
   <div class='ocr_carea' id='block_1_62' title="bbox 823 4458 2372 4526">
    <p class='ocr_par' dir='ltr' id='par_1_62' title="bbox 823 4458 2372 4526">
     <span class='ocr_line' id='line_1_62' title="bbox 823 4458 2372 4526; baseline 0.003 -18"><span class='ocrx_word' id='word_1_470' title='bbox 823 4458 978 4512; x_wconf 80' lang='lat' dir='ltr'><strong>fessis</strong></span> <span class='ocrx_word' id='word_1_471' title='bbox 1007 4458 1321 4523; x_wconf 88' lang='lat' dir='ltr'><strong>immorans,</strong></span> <span class='ocrx_word' id='word_1_472' title='bbox 1367 4459 1517 4526; x_wconf 89' lang='lat' dir='ltr'><strong>quasi</strong></span> <span class='ocrx_word' id='word_1_473' title='bbox 1547 4458 1810 4512; x_wconf 86' lang='lat' dir='ltr'><strong>elementa</strong></span> <span class='ocrx_word' id='word_1_474' title='bbox 1839 4460 2082 4526; x_wconf 71' lang='lat' dir='ltr'><strong>quaedam</strong></span> <span class='ocrx_word' id='word_1_475' title='bbox 2121 4459 2220 4513; x_wconf 91' lang='lat' dir='ltr'><strong>sibi</strong></span> <span class='ocrx_word' id='word_1_476' title='bbox 2263 4460 2372 4525; x_wconf 92' lang='lat' dir='ltr'><strong>ipse</strong></span> 
     </span>
    </p>
   </div>
   <div class='ocr_carea' id='block_1_63' title="bbox 2467 1994 4035 2068">
    <p class='ocr_par' dir='ltr' id='par_1_63' title="bbox 2467 1994 4035 2068">
     <span class='ocr_line' id='line_1_63' title="bbox 2467 1994 4035 2068; baseline -0.003 -18"><span class='ocrx_word' id='word_1_477' title='bbox 2467 2015 2605 2060; x_wconf 84' lang='grc' dir='ltr'>στος,</span> <span class='ocrx_word' id='word_1_478' title='bbox 2638 1999 2666 2050; x_wconf 86' lang='grc' dir='ltr'><strong>ὀ</strong></span> <span class='ocrx_word' id='word_1_479' title='bbox 2697 1999 2764 2050; x_wconf 74' lang='grc' dir='ltr'><strong>τά</strong></span> <span class='ocrx_word' id='word_1_480' title='bbox 2790 2000 2907 2059; x_wconf 78' lang='grc' dir='ltr'>ταῖς</span> <span class='ocrx_word' id='word_1_481' title='bbox 2938 2000 3141 2060; x_wconf 86' lang='grc' dir='ltr'>κοιναῖς</span> <span class='ocrx_word' id='word_1_482' title='bbox 3176 1996 3505 2068; x_wconf 71' lang='grc' dir='ltr'>προλήψεσιν</span> <span class='ocrx_word' id='word_1_483' title='bbox 3538 1995 3937 2067; x_wconf 76' lang='grc' dir='ltr'>ὡμολογημένα</span> <span class='ocrx_word' id='word_1_484' title='bbox 3959 1994 4035 2045; x_wconf 74' lang='grc' dir='ltr'>διο</span> 
     </span>
    </p>
   </div>
   <div class='ocr_carea' id='block_1_64' title="bbox 2463 2087 4032 2159">
    <p class='ocr_par' dir='ltr' id='par_1_64' title="bbox 2463 2087 4032 2159">
     <span class='ocr_line' id='line_1_64' title="bbox 2463 2087 4032 2159; baseline -0.003 -16"><span class='ocrx_word' id='word_1_485' title='bbox 2463 2091 2674 2143; x_wconf 75' lang='grc' dir='ltr'>δάσκιον</span> <span class='ocrx_word' id='word_1_486' title='bbox 2721 2089 2837 2152; x_wconf 76' lang='grc' dir='ltr'><strong>πῶς</strong></span> <span class='ocrx_word' id='word_1_487' title='bbox 2878 2090 2997 2158; x_wconf 76' lang='grc' dir='ltr'>οὐχὶ</span> <span class='ocrx_word' id='word_1_488' title='bbox 3038 2090 3138 2159; x_wconf 78' lang='grc' dir='ltr'><strong>τῆς</strong></span> <span class='ocrx_word' id='word_1_489' title='bbox 3184 2089 3303 2158; x_wconf 77' lang='grc' dir='ltr'>ἴσης</span> <span class='ocrx_word' id='word_1_490' title='bbox 3354 2089 3652 2157; x_wconf 84' lang='grc' dir='ltr'>παρανοίας</span> <span class='ocrx_word' id='word_1_491' title='bbox 3700 2087 4032 2149; x_wconf 74' lang='grc' dir='ltr'>ὑπεύθυνοςς</span> 
     </span>
    </p>
   </div>
   <div class='ocr_carea' id='block_1_65' title="bbox 2464 2177 4037 2251">
    <p class='ocr_par' dir='ltr' id='par_1_65' title="bbox 2464 2177 4037 2251">
     <span class='ocr_line' id='line_1_65' title="bbox 2464 2177 4037 2251; baseline -0.003 -19"><span class='ocrx_word' id='word_1_492' title='bbox 2464 2180 2648 2251; x_wconf 85' lang='grc' dir='ltr'>Πολλῷ</span> <span class='ocrx_word' id='word_1_493' title='bbox 2677 2178 2784 2251; x_wconf 85' lang='grc' dir='ltr'>γὰρ</span> <span class='ocrx_word' id='word_1_494' title='bbox 2809 2180 2979 2251; x_wconf 85' lang='grc' dir='ltr'>δήπου</span> <span class='ocrx_word' id='word_1_495' title='bbox 3008 2179 3181 2233; x_wconf 79' lang='grc' dir='ltr'>ταῦτα</span> <span class='ocrx_word' id='word_1_496' title='bbox 3203 2180 3311 2233; x_wconf 84' lang='grc' dir='ltr'><strong>τῶν</strong></span> <span class='ocrx_word' id='word_1_497' title='bbox 3334 2178 3421 2231; x_wconf 84' lang='grc' dir='ltr'>διὰ</span> <span class='ocrx_word' id='word_1_498' title='bbox 3448 2178 3544 2248; x_wconf 81' lang='grc' dir='ltr'>τῆς</span> <span class='ocrx_word' id='word_1_499' title='bbox 3575 2177 3749 2245; x_wconf 69' lang='grc' dir='ltr'>ὅψεως</span> <span class='ocrx_word' id='word_1_500' title='bbox 3774 2179 4037 2249; x_wconf 77' lang='grc' dir='ltr'>φαινομέ-</span> 
     </span>
    </p>
   </div>
   <div class='ocr_carea' id='block_1_66' title="bbox 2464 2265 4037 2343">
    <p class='ocr_par' dir='ltr' id='par_1_66' title="bbox 2464 2265 4037 2343">
     <span class='ocr_line' id='line_1_66' title="bbox 2464 2265 4037 2343; baseline -0.003 -18"><span class='ocrx_word' id='word_1_501' title='bbox 2464 2289 2569 2325; x_wconf 88' lang='grc' dir='ltr'>νων</span> <span class='ocrx_word' id='word_1_502' title='bbox 2603 2274 2713 2335; x_wconf 87' lang='grc' dir='ltr'>τοῖς</span> <span class='ocrx_word' id='word_1_503' title='bbox 2747 2271 3077 2343; x_wconf 75' lang='grc' dir='ltr'>σωφρονοῦσι</span> <span class='ocrx_word' id='word_1_504' title='bbox 3109 2272 3421 2343; x_wconf 78' lang='grc' dir='ltr'>πιστότερα.</span> <span class='ocrx_word' id='word_1_505' title='bbox 3456 2271 3517 2324; x_wconf 80' lang='lat' dir='ltr'><strong>El</strong></span> <span class='ocrx_word' id='word_1_506' title='bbox 3558 2270 3654 2342; x_wconf 83' lang='grc' dir='ltr'><strong>μὲν</strong></span> <span class='ocrx_word' id='word_1_507' title='bbox 3682 2265 3773 2323; x_wconf 81' lang='grc' dir='ltr'><strong>οὖν</strong></span> <span class='ocrx_word' id='word_1_508' title='bbox 3800 2265 3868 2341; x_wconf 77' lang='grc' dir='ltr'>ἧν</span> <span class='ocrx_word' id='word_1_509' title='bbox 3896 2286 3979 2330; x_wconf 85' lang='grc' dir='ltr'><strong>τις</strong></span> <span class='ocrx_word' id='word_1_510' title='bbox 4010 2270 4037 2320; x_wconf 77' lang='grc'>6</span> 
     </span>
    </p>
   </div>
   <div class='ocr_carea' id='block_1_67' title="bbox 2465 2362 4039 2434">
    <p class='ocr_par' dir='ltr' id='par_1_67' title="bbox 2465 2362 4039 2434">
     <span class='ocr_line' id='line_1_67' title="bbox 2465 2362 4039 2434; baseline -0.004 -17"><span class='ocrx_word' id='word_1_511' title='bbox 2465 2364 2608 2417; x_wconf 83' lang='grc' dir='ltr'><strong>κατά</strong></span> <span class='ocrx_word' id='word_1_512' title='bbox 2635 2365 2733 2433; x_wconf 83' lang='grc' dir='ltr'>τῆς</span> <span class='ocrx_word' id='word_1_513' title='bbox 2754 2364 3009 2434; x_wconf 80' lang='grc' dir='ltr'>ἀληθείας</span> <span class='ocrx_word' id='word_1_514' title='bbox 3028 2365 3230 2432; x_wconf 82' lang='grc' dir='ltr'>ταύτης</span> <span class='ocrx_word' id='word_1_515' title='bbox 3253 2364 3638 2433; x_wconf 78' lang='grc' dir='ltr'>ἀναισχυντῶν.</span> <span class='ocrx_word' id='word_1_516' title='bbox 3663 2364 3758 2416; x_wconf 70' lang='grc' dir='ltr'><strong>καὶ</strong></span> <span class='ocrx_word' id='word_1_517' title='bbox 3783 2362 3873 2415; x_wconf 78' lang='grc' dir='ltr'><strong>τὸν</strong></span> <span class='ocrx_word' id='word_1_518' title='bbox 3889 2362 4039 2428; x_wconf 82' lang='grc' dir='ltr'>ἀγέν-</span> 
     </span>
    </p>
   </div>
   <div class='ocr_carea' id='block_1_68' title="bbox 2465 2449 4035 2523">
    <p class='ocr_par' dir='ltr' id='par_1_68' title="bbox 2465 2449 4035 2523">
     <span class='ocr_line' id='line_1_68' title="bbox 2465 2449 4035 2523; baseline -0.004 -17"><span class='ocrx_word' id='word_1_519' title='bbox 2465 2470 2623 2523; x_wconf 84' lang='grc' dir='ltr'>νητον</span> <span class='ocrx_word' id='word_1_520' title='bbox 2670 2456 2702 2523; x_wconf 80' lang='grc' dir='ltr'>ἢ</span> <span class='ocrx_word' id='word_1_521' title='bbox 2738 2456 2867 2523; x_wconf 85' lang='grc' dir='ltr'>παρ’</span> <span class='ocrx_word' id='word_1_522' title='bbox 2895 2451 3086 2505; x_wconf 79' lang='grc' dir='ltr'>ἑαυτοῦ</span> <span class='ocrx_word' id='word_1_523' title='bbox 3122 2452 3153 2521; x_wconf 79' lang='grc' dir='ltr'>ἢ</span> <span class='ocrx_word' id='word_1_524' title='bbox 3198 2453 3327 2522; x_wconf 75' lang='grc' dir='ltr'>παρ’</span> <span class='ocrx_word' id='word_1_525' title='bbox 3358 2453 3543 2521; x_wconf 85' lang='grc' dir='ltr'>ἐτέρου</span> <span class='ocrx_word' id='word_1_526' title='bbox 3569 2451 3930 2521; x_wconf 80' lang='grc' dir='ltr'>γεγεννῆσθαι</span> <span class='ocrx_word' id='word_1_527' title='bbox 3964 2449 4035 2515; x_wconf 71' lang='lat' dir='ltr'><strong>i7)</strong></span> 
     </span>
    </p>
   </div>
   <div class='ocr_carea' id='block_1_69' title="bbox 2465 2539 4036 2616">
    <p class='ocr_par' dir='ltr' id='par_1_69' title="bbox 2465 2539 4036 2616">
     <span class='ocr_line' id='line_1_69' title="bbox 2465 2539 4036 2616; baseline -0.006 -17"><span class='ocrx_word' id='word_1_528' title='bbox 2465 2545 2874 2616; x_wconf 85' lang='grc' dir='ltr'>διατεινόμενος,</span> <span class='ocrx_word' id='word_1_529' title='bbox 2905 2539 3049 2612; x_wconf 70' lang='grc' dir='ltr'>εἶχεν</span> <span class='ocrx_word' id='word_1_530' title='bbox 3080 2544 3143 2598; x_wconf 85' lang='grc' dir='ltr'><strong>ἀν</strong></span> <span class='ocrx_word' id='word_1_531' title='bbox 3173 2560 3294 2596; x_wconf 87' lang='grc' dir='ltr'>τινα</span> <span class='ocrx_word' id='word_1_532' title='bbox 3318 2543 3477 2611; x_wconf 82' lang='grc' dir='ltr'>τυχὸν</span> <span class='ocrx_word' id='word_1_533' title='bbox 3517 2541 3846 2611; x_wconf 73' lang='grc' dir='ltr'>συγγνώμην</span> <span class='ocrx_word' id='word_1_534' title='bbox 3874 2544 3906 2611; x_wconf 86' lang='grc' dir='ltr'><strong>ή</strong></span> <span class='ocrx_word' id='word_1_535' title='bbox 3936 2559 4036 2610; x_wconf 63' lang='grc' dir='ltr'>μαι</span> 
     </span>
    </p>
   </div>
   <div class='ocr_carea' id='block_1_70' title="bbox 2465 2632 4037 2707">
    <p class='ocr_par' dir='ltr' id='par_1_70' title="bbox 2465 2632 4037 2707">
     <span class='ocr_line' id='line_1_70' title="bbox 2465 2632 4037 2707; baseline -0.006 -16"><span class='ocrx_word' id='word_1_536' title='bbox 2465 2640 2682 2707; x_wconf 86' lang='grc' dir='ltr'>ταιότης</span> <span class='ocrx_word' id='word_1_537' title='bbox 2712 2637 2819 2690; x_wconf 83' lang='grc' dir='ltr'><strong>τῶν</strong></span> <span class='ocrx_word' id='word_1_538' title='bbox 2846 2636 3179 2705; x_wconf 86' lang='grc' dir='ltr'>λεγομένων·</span> <span class='ocrx_word' id='word_1_539' title='bbox 3214 2637 3261 2687; x_wconf 83' lang='grc' dir='ltr'><strong>εί</strong></span> <span class='ocrx_word' id='word_1_540' title='bbox 3298 2634 3353 2686; x_wconf 83' lang='grc' dir='ltr'>δὲ</span> <span class='ocrx_word' id='word_1_541' title='bbox 3380 2632 3551 2695; x_wconf 72' lang='grc' dir='ltr'>οὐδεὶς</span> <span class='ocrx_word' id='word_1_542' title='bbox 3598 2632 3761 2702; x_wconf 87' lang='grc' dir='ltr'>μέχρι</span> <span class='ocrx_word' id='word_1_543' title='bbox 3799 2633 4037 2701; x_wconf 82' lang='grc' dir='ltr'>σήμερον</span> 
     </span>
    </p>
   </div>
   <div class='ocr_carea' id='block_1_71' title="bbox 2466 2724 4036 2799">
    <p class='ocr_par' dir='ltr' id='par_1_71' title="bbox 2466 2724 4036 2799">
     <span class='ocr_line' id='line_1_71' title="bbox 2466 2724 4036 2799; baseline -0.004 -15"><span class='ocrx_word' id='word_1_544' title='bbox 2466 2732 2587 2785; x_wconf 72' lang='grc' dir='ltr'>οὔτε</span> <span class='ocrx_word' id='word_1_545' title='bbox 2621 2733 2728 2786; x_wconf 82' lang='grc' dir='ltr'><strong>τῶν</strong></span> <span class='ocrx_word' id='word_1_546' title='bbox 2768 2733 2871 2797; x_wconf 75' lang='grc' dir='ltr'>ἔξω</span> <span class='ocrx_word' id='word_1_547' title='bbox 2894 2731 2986 2785; x_wconf 83' lang='grc' dir='ltr'>τοῦ</span> <span class='ocrx_word' id='word_1_548' title='bbox 3013 2731 3169 2799; x_wconf 70' lang='grc' dir='ltr'>λόγου</span> <span class='ocrx_word' id='word_1_549' title='bbox 3199 2730 3290 2782; x_wconf 85' lang='grc' dir='ltr'>τοῦ</span> <span class='ocrx_word' id='word_1_550' title='bbox 3324 2730 3442 2783; x_wconf 84' lang='grc' dir='ltr'>καθ’</span> <span class='ocrx_word' id='word_1_551' title='bbox 3466 2730 3636 2799; x_wconf 77' lang='grc' dir='ltr'>ἡμᾶς,</span> <span class='ocrx_word' id='word_1_552' title='bbox 3669 2724 3794 2781; x_wconf 76' lang='grc' dir='ltr'>οὔτε</span> <span class='ocrx_word' id='word_1_553' title='bbox 3829 2726 3943 2779; x_wconf 82' lang='grc' dir='ltr'>τῶν</span> <span class='ocrx_word' id='word_1_554' title='bbox 3981 2727 4036 2792; x_wconf 77' lang='grc' dir='ltr'><strong>ἐξ</strong></span> 
     </span>
    </p>
   </div>
   <div class='ocr_carea' id='block_1_72' title="bbox 2467 2818 4038 2893">
    <p class='ocr_par' dir='ltr' id='par_1_72' title="bbox 2467 2818 4038 2893">
     <span class='ocr_line' id='line_1_72' title="bbox 2467 2818 4038 2893; baseline -0.005 -17"><span class='ocrx_word' id='word_1_555' title='bbox 2467 2825 2636 2893; x_wconf 80' lang='grc' dir='ltr'>αὐτῆς</span> <span class='ocrx_word' id='word_1_556' title='bbox 2664 2824 2762 2893; x_wconf 86' lang='grc' dir='ltr'><strong>τῆς</strong></span> <span class='ocrx_word' id='word_1_557' title='bbox 2796 2822 3114 2893; x_wconf 83' lang='grc' dir='ltr'>Ἐκκλησίας</span> <span class='ocrx_word' id='word_1_558' title='bbox 3135 2821 3549 2874; x_wconf 77' lang='grc' dir='ltr'>ἐπαναστάντων</span> <span class='ocrx_word' id='word_1_559' title='bbox 3582 2823 3647 2890; x_wconf 77' lang='grc' dir='ltr'>τῇ</span> <span class='ocrx_word' id='word_1_560' title='bbox 3675 2818 3923 2890; x_wconf 77' lang='grc' dir='ltr'>ἀληθείᾳ,</span> <span class='ocrx_word' id='word_1_561' title='bbox 3963 2819 4038 2878; x_wconf 82' lang='grc' dir='ltr'><strong>είς</strong></span> 
     </span>
    </p>
   </div>
   <div class='ocr_carea' id='block_1_73' title="bbox 2465 2909 4029 2985">
    <p class='ocr_par' dir='ltr' id='par_1_73' title="bbox 2465 2909 4029 2985">
     <span class='ocr_line' id='line_1_73' title="bbox 2465 2909 4029 2985; baseline -0.005 -17"><span class='ocrx_word' id='word_1_562' title='bbox 2465 2915 2714 2968; x_wconf 78' lang='grc' dir='ltr'>τοσοῦτον</span> <span class='ocrx_word' id='word_1_563' title='bbox 2738 2911 2897 2985; x_wconf 79' lang='grc' dir='ltr'>ἦλθεν</span> <span class='ocrx_word' id='word_1_564' title='bbox 2931 2913 3287 2984; x_wconf 82' lang='grc' dir='ltr'>ἀποπληξίας,</span> <span class='ocrx_word' id='word_1_565' title='bbox 3330 2911 3469 2965; x_wconf 87' lang='grc' dir='ltr'>ὥστε</span> <span class='ocrx_word' id='word_1_566' title='bbox 3508 2911 3924 2981; x_wconf 71' lang='grc' dir='ltr'>διαμφισϐητεῖν</span> <span class='ocrx_word' id='word_1_567' title='bbox 3954 2909 4029 2973; x_wconf 83' lang='grc'><strong>(8)</strong></span> 
     </span>
    </p>
   </div>
   <div class='ocr_carea' id='block_1_74' title="bbox 2469 3000 4036 3077">
    <p class='ocr_par' dir='ltr' id='par_1_74' title="bbox 2469 3000 4036 3077">
     <span class='ocr_line' id='line_1_74' title="bbox 2469 3000 4036 3077; baseline -0.005 -19"><span class='ocrx_word' id='word_1_568' title='bbox 2469 3006 2595 3077; x_wconf 67' lang='grc' dir='ltr'><strong>περ)⁹</strong></span> <span class='ocrx_word' id='word_1_569' title='bbox 2647 3005 2745 3074; x_wconf 82' lang='grc' dir='ltr'>τῆς</span> <span class='ocrx_word' id='word_1_570' title='bbox 2784 3004 3106 3076; x_wconf 88' lang='grc' dir='ltr'>ἀγεννησίας</span> <span class='ocrx_word' id='word_1_571' title='bbox 3150 3005 3243 3058; x_wconf 76' lang='grc' dir='ltr'>τοῦ</span> <span class='ocrx_word' id='word_1_572' title='bbox 3281 3006 3603 3073; x_wconf 87' lang='grc' dir='ltr'>ἀγεννήτου·</span> <span class='ocrx_word' id='word_1_573' title='bbox 3651 3004 3700 3053; x_wconf 87' lang='grc' dir='ltr'><strong>τί</strong></span> <span class='ocrx_word' id='word_1_574' title='bbox 3748 3000 3938 3069; x_wconf 81' lang='grc' dir='ltr'>κέρδος</span> <span class='ocrx_word' id='word_1_575' title='bbox 3976 3002 4036 3051; x_wconf 78' lang='grc' dir='ltr'><strong>ἐκ</strong></span> 
     </span>
    </p>
   </div>
   <div class='ocr_carea' id='block_1_75' title="bbox 2468 3091 4036 3166">
    <p class='ocr_par' dir='ltr' id='par_1_75' title="bbox 2468 3091 4036 3166">
     <span class='ocr_line' id='line_1_75' title="bbox 2468 3091 4036 3166; baseline -0.003 -19"><span class='ocrx_word' id='word_1_576' title='bbox 2468 3096 2575 3148; x_wconf 80' lang='grc' dir='ltr'><strong>τῶν</strong></span> <span class='ocrx_word' id='word_1_577' title='bbox 2608 3096 2780 3165; x_wconf 88' lang='grc' dir='ltr'>λόγων</span> <span class='ocrx_word' id='word_1_578' title='bbox 2809 3095 3030 3157; x_wconf 85' lang='grc' dir='ltr'>τούτων,</span> <span class='ocrx_word' id='word_1_579' title='bbox 3054 3096 3115 3149; x_wconf 84' lang='grc' dir='ltr'><strong>ού</strong></span> <span class='ocrx_word' id='word_1_580' title='bbox 3138 3094 3361 3166; x_wconf 83' lang='grc' dir='ltr'>συνορῶ.</span> <span class='ocrx_word' id='word_1_581' title='bbox 3398 3095 3465 3143; x_wconf 84' lang='grc' dir='ltr'>Ἢ</span> <span class='ocrx_word' id='word_1_582' title='bbox 3492 3091 3598 3143; x_wconf 83' lang='grc' dir='ltr'><strong>τῶν</strong></span> <span class='ocrx_word' id='word_1_583' title='bbox 3638 3092 4036 3161; x_wconf 77' lang='grc' dir='ltr'>Ἀριστοτέλους</span> 
     </span>
    </p>
   </div>
   <div class='ocr_carea' id='block_1_76' title="bbox 2471 3181 4034 3257">
    <p class='ocr_par' dir='ltr' id='par_1_76' title="bbox 2471 3181 4034 3257">
     <span class='ocr_line' id='line_1_76' title="bbox 2471 3181 4034 3257; baseline -0.004 -18"><span class='ocrx_word' id='word_1_584' title='bbox 2471 3187 2637 3250; x_wconf 77' lang='grc' dir='ltr'>ὅντως</span> <span class='ocrx_word' id='word_1_585' title='bbox 2673 3188 2802 3257; x_wconf 76' lang='grc' dir='ltr'>ἡμῖν</span> <span class='ocrx_word' id='word_1_586' title='bbox 2844 3188 2936 3239; x_wconf 74' lang='grc' dir='ltr'><strong>καὶ</strong></span> <span class='ocrx_word' id='word_1_587' title='bbox 2981 3186 3298 3256; x_wconf 80' lang='grc' dir='ltr'>Χρυσίππου</span> <span class='ocrx_word' id='word_1_588' title='bbox 3331 3181 3699 3251; x_wconf 83' lang='grc' dir='ltr'>συλλογισμῶν</span> <span class='ocrx_word' id='word_1_589' title='bbox 3740 3181 3847 3233; x_wconf 78' lang='grc' dir='ltr'>ἔδει</span> <span class='ocrx_word' id='word_1_590' title='bbox 3899 3181 4034 3250; x_wconf 76' lang='grc' dir='ltr'>πρὸς</span> 
     </span>
    </p>
   </div>
   <div class='ocr_carea' id='block_1_77' title="bbox 2473 3272 4035 3347">
    <p class='ocr_par' dir='ltr' id='par_1_77' title="bbox 2473 3272 4035 3347">
     <span class='ocr_line' id='line_1_77' title="bbox 2473 3272 4035 3347; baseline -0.004 -17"><span class='ocrx_word' id='word_1_591' title='bbox 2473 3280 2531 3330; x_wconf 86' lang='grc' dir='ltr'><strong>τὸ</strong></span> <span class='ocrx_word' id='word_1_592' title='bbox 2560 3278 2767 3347; x_wconf 81' lang='grc' dir='ltr'>μαθεῖν,</span> <span class='ocrx_word' id='word_1_593' title='bbox 2829 3278 2910 3328; x_wconf 84' lang='grc' dir='ltr'><strong>ὅτι</strong></span> <span class='ocrx_word' id='word_1_594' title='bbox 2957 3278 2983 3327; x_wconf 84' lang='grc' dir='ltr'>ὁ</span> <span class='ocrx_word' id='word_1_595' title='bbox 3026 3274 3313 3342; x_wconf 87' lang='grc' dir='ltr'>ἀγέννητος</span> <span class='ocrx_word' id='word_1_596' title='bbox 3343 3273 3402 3325; x_wconf 87' lang='grc' dir='ltr'><strong>ού</strong></span> <span class='ocrx_word' id='word_1_597' title='bbox 3438 3274 3759 3343; x_wconf 83' lang='grc' dir='ltr'>γεγέννηται</span> <span class='ocrx_word' id='word_1_598' title='bbox 3786 3274 3885 3341; x_wconf 80' lang='lat'><strong>(9),</strong></span> <span class='ocrx_word' id='word_1_599' title='bbox 3917 3272 4035 3325; x_wconf 73' lang='grc' dir='ltr'>οὕτε</span> 
     </span>
    </p>
   </div>
   <div class='ocr_carea' id='block_1_78' title="bbox 2472 3362 4036 3434">
    <p class='ocr_par' dir='ltr' id='par_1_78' title="bbox 2472 3362 4036 3434">
     <span class='ocr_line' id='line_1_78' title="bbox 2472 3362 4036 3434; baseline -0.004 -13"><span class='ocrx_word' id='word_1_600' title='bbox 2472 3370 2629 3430; x_wconf 77' lang='grc' dir='ltr'>αὐτὸς</span> <span class='ocrx_word' id='word_1_601' title='bbox 2664 3369 2752 3433; x_wconf 80' lang='grc' dir='ltr'><strong>ὑφ’</strong></span> <span class='ocrx_word' id='word_1_602' title='bbox 2777 3365 2993 3426; x_wconf 79' lang='grc' dir='ltr'>ἑαυτοῦ,</span> <span class='ocrx_word' id='word_1_603' title='bbox 3027 3362 3149 3416; x_wconf 74' lang='grc' dir='ltr'>οὔτε</span> <span class='ocrx_word' id='word_1_604' title='bbox 3171 3364 3260 3433; x_wconf 80' lang='grc' dir='ltr'><strong>ὑφ’</strong></span> <span class='ocrx_word' id='word_1_605' title='bbox 3291 3364 3512 3434; x_wconf 86' lang='grc' dir='ltr'>ἐτέρου;</span> <span class='ocrx_word' id='word_1_606' title='bbox 3542 3365 3634 3416; x_wconf 73' lang='grc' dir='ltr'><strong>καὶ</strong></span> <span class='ocrx_word' id='word_1_607' title='bbox 3654 3363 3777 3416; x_wconf 78' lang='grc' dir='ltr'>οὔτε</span> <span class='ocrx_word' id='word_1_608' title='bbox 3798 3364 4036 3434; x_wconf 80' lang='grc' dir='ltr'>πρεσϐύ-</span> 
     </span>
    </p>
   </div>
   <div class='ocr_carea' id='block_1_79' title="bbox 2471 3450 4039 3526">
    <p class='ocr_par' dir='ltr' id='par_1_79' title="bbox 2471 3450 4039 3526">
     <span class='ocr_line' id='line_1_79' title="bbox 2471 3450 4039 3526; baseline -0.001 -18"><span class='ocrx_word' id='word_1_609' title='bbox 2471 3474 2645 3526; x_wconf 83' lang='grc' dir='ltr'>τερος,</span> <span class='ocrx_word' id='word_1_610' title='bbox 2666 3455 2788 3507; x_wconf 75' lang='grc' dir='ltr'>οὗτε</span> <span class='ocrx_word' id='word_1_611' title='bbox 2812 3453 3071 3525; x_wconf 83' lang='grc' dir='ltr'>νεώτερος</span> <span class='ocrx_word' id='word_1_612' title='bbox 3098 3455 3256 3517; x_wconf 81' lang='grc' dir='ltr'>αὑτός</span> <span class='ocrx_word' id='word_1_613' title='bbox 3276 3455 3420 3505; x_wconf 87' lang='grc' dir='ltr'>ἐστιν</span> <span class='ocrx_word' id='word_1_614' title='bbox 3444 3454 3633 3506; x_wconf 80' lang='grc' dir='ltr'>ἑαυτοῦ</span> <span class='ocrx_word' id='word_1_615' title='bbox 3656 3471 3670 3517; x_wconf 88' lang='grc'>;</span> <span class='ocrx_word' id='word_1_616' title='bbox 3697 3454 3761 3506; x_wconf 85' lang='grc' dir='ltr'>Τί</span> <span class='ocrx_word' id='word_1_617' title='bbox 3782 3450 3874 3507; x_wconf 74' lang='grc' dir='ltr'>οὖν</span> <span class='ocrx_word' id='word_1_618' title='bbox 3892 3454 4039 3526; x_wconf 77' lang='grc' dir='ltr'>αὐτῷ</span> 
     </span>
    </p>
   </div>
   <div class='ocr_carea' id='block_1_80' title="bbox 2469 3542 4039 3615">
    <p class='ocr_par' dir='ltr' id='par_1_80' title="bbox 2469 3542 4039 3615">
     <span class='ocr_line' id='line_1_80' title="bbox 2469 3542 4039 3615; baseline -0.001 -16"><span class='ocrx_word' id='word_1_619' title='bbox 2469 3546 2641 3599; x_wconf 80' lang='grc' dir='ltr'>ταῦτα</span> <span class='ocrx_word' id='word_1_620' title='bbox 2669 3544 2948 3615; x_wconf 86' lang='grc' dir='ltr'>βούλεται;</span> <span class='ocrx_word' id='word_1_621' title='bbox 2980 3546 3135 3596; x_wconf 85' lang='grc' dir='ltr'>Δοκεῖ</span> <span class='ocrx_word' id='word_1_622' title='bbox 3177 3560 3265 3613; x_wconf 89' lang='grc' dir='ltr'><strong>μοι</strong></span> <span class='ocrx_word' id='word_1_623' title='bbox 3307 3542 3440 3613; x_wconf 81' lang='grc' dir='ltr'>ὁμοῦ</span> <span class='ocrx_word' id='word_1_624' title='bbox 3472 3544 3567 3613; x_wconf 86' lang='grc' dir='ltr'>μὲν</span> <span class='ocrx_word' id='word_1_625' title='bbox 3587 3546 3700 3606; x_wconf 86' lang='grc' dir='ltr'>τοῖς</span> <span class='ocrx_word' id='word_1_626' title='bbox 3728 3544 4039 3608; x_wconf 75' lang='grc' dir='ltr'>ἀκολούθοις</span> 
     </span>
    </p>
   </div>
   <div class='ocr_carea' id='block_1_81' title="bbox 2471 3633 4038 3705">
    <p class='ocr_par' dir='ltr' id='par_1_81' title="bbox 2471 3633 4038 3705">
     <span class='ocr_line' id='line_1_81' title="bbox 2471 3633 4038 3705; baseline 0 -18"><span class='ocrx_word' id='word_1_627' title='bbox 2471 3634 2985 3701; x_wconf 72' lang='grc' dir='ltr'>ἐγκαλλωπίζεσθαι.</span> <span class='ocrx_word' id='word_1_628' title='bbox 3010 3634 3083 3697; x_wconf 87' lang='grc' dir='ltr'>ὼς</span> <span class='ocrx_word' id='word_1_629' title='bbox 3111 3634 3173 3704; x_wconf 80' lang='grc' dir='ltr'><strong>δή</strong></span> <span class='ocrx_word' id='word_1_630' title='bbox 3203 3633 3400 3696; x_wconf 81' lang='grc' dir='ltr'>πυκνός</span> <span class='ocrx_word' id='word_1_631' title='bbox 3432 3651 3515 3696; x_wconf 88' lang='grc' dir='ltr'><strong>τις</strong></span> <span class='ocrx_word' id='word_1_632' title='bbox 3544 3635 3637 3687; x_wconf 71' lang='grc' dir='ltr'>καὶ</span> <span class='ocrx_word' id='word_1_633' title='bbox 3662 3634 3915 3705; x_wconf 82' lang='grc' dir='ltr'>περιττὸς</span> <span class='ocrx_word' id='word_1_634' title='bbox 3944 3636 4038 3705; x_wconf 81' lang='grc' dir='ltr'>τὴν</span> 
     </span>
    </p>
   </div>
   <div class='ocr_carea' id='block_1_82' title="bbox 2470 3723 4038 3796">
    <p class='ocr_par' dir='ltr' id='par_1_82' title="bbox 2470 3723 4038 3796">
     <span class='ocr_line' id='line_1_82' title="bbox 2470 3723 4038 3796; baseline 0 -18"><span class='ocrx_word' id='word_1_635' title='bbox 2470 3727 2726 3791; x_wconf 86' lang='grc' dir='ltr'>διάνοιαν,</span> <span class='ocrx_word' id='word_1_636' title='bbox 2754 3726 2847 3778; x_wconf 72' lang='grc' dir='ltr'><strong>καὶ</strong></span> <span class='ocrx_word' id='word_1_637' title='bbox 2868 3726 2993 3790; x_wconf 80' lang='grc' dir='ltr'>ὀξὺς</span> <span class='ocrx_word' id='word_1_638' title='bbox 3021 3724 3119 3794; x_wconf 83' lang='grc' dir='ltr'>μὲν</span> <span class='ocrx_word' id='word_1_639' title='bbox 3150 3723 3429 3778; x_wconf 83' lang='grc' dir='ltr'>ὑπιδέσθαι</span> <span class='ocrx_word' id='word_1_640' title='bbox 3454 3724 3514 3777; x_wconf 85' lang='grc' dir='ltr'><strong>τὸ</strong></span> <span class='ocrx_word' id='word_1_641' title='bbox 3545 3725 3761 3787; x_wconf 77' lang='grc' dir='ltr'>ἄτοπον,</span> <span class='ocrx_word' id='word_1_642' title='bbox 3783 3724 4038 3796; x_wconf 78' lang='grc' dir='ltr'>ὀξύτερος</span> 
     </span>
    </p>
   </div>
   <div class='ocr_carea' id='block_1_83' title="bbox 2472 3816 4040 3887">
    <p class='ocr_par' dir='ltr' id='par_1_83' title="bbox 2472 3816 4040 3887">
     <span class='ocr_line' id='line_1_83' title="bbox 2472 3816 4040 3887; baseline -0.002 -17"><span class='ocrx_word' id='word_1_643' title='bbox 2472 3817 2527 3870; x_wconf 84' lang='grc' dir='ltr'><strong>δὲ</strong></span> <span class='ocrx_word' id='word_1_644' title='bbox 2549 3817 2793 3870; x_wconf 82' lang='grc' dir='ltr'>διαλῦσαι</span> <span class='ocrx_word' id='word_1_645' title='bbox 2833 3818 2893 3869; x_wconf 86' lang='grc' dir='ltr'><strong>τὸ</strong></span> <span class='ocrx_word' id='word_1_646' title='bbox 2923 3816 3190 3887; x_wconf 83' lang='grc' dir='ltr'>φωραθὲν,</span> <span class='ocrx_word' id='word_1_647' title='bbox 3224 3817 3317 3869; x_wconf 72' lang='grc' dir='ltr'><strong>καὶ</strong></span> <span class='ocrx_word' id='word_1_648' title='bbox 3353 3816 3438 3869; x_wconf 84' lang='grc' dir='ltr'><strong>διά</strong></span> <span class='ocrx_word' id='word_1_649' title='bbox 3464 3816 3621 3869; x_wconf 82' lang='grc' dir='ltr'>τοῦτο</span> <span class='ocrx_word' id='word_1_650' title='bbox 3651 3816 4040 3887; x_wconf 83' lang='grc' dir='ltr'>ὲναϐρύνεσθαι</span> 
     </span>
    </p>
   </div>
   <div class='ocr_carea' id='block_1_84' title="bbox 2471 3907 4038 3981">
    <p class='ocr_par' dir='ltr' id='par_1_84' title="bbox 2471 3907 4038 3981">
     <span class='ocr_line' id='line_1_84' title="bbox 2471 3907 4038 3981; baseline -0.002 -20"><span class='ocrx_word' id='word_1_651' title='bbox 2471 3912 2536 3981; x_wconf 77' lang='grc' dir='ltr'>τῇ</span> <span class='ocrx_word' id='word_1_652' title='bbox 2580 3908 2686 3961; x_wconf 83' lang='grc' dir='ltr'><strong>τῶν</strong></span> <span class='ocrx_word' id='word_1_653' title='bbox 2726 3909 2898 3977; x_wconf 88' lang='grc' dir='ltr'>λόγων</span> <span class='ocrx_word' id='word_1_654' title='bbox 2941 3911 3166 3979; x_wconf 81' lang='grc' dir='ltr'>στροφῇ,</span> <span class='ocrx_word' id='word_1_655' title='bbox 3210 3909 3303 3961; x_wconf 71' lang='grc' dir='ltr'><strong>καὶ</strong></span> <span class='ocrx_word' id='word_1_656' title='bbox 3351 3908 3476 3979; x_wconf 69' lang='grc' dir='ltr'>περὶ</span> <span class='ocrx_word' id='word_1_657' title='bbox 3507 3908 3603 3976; x_wconf 80' lang='grc' dir='ltr'>τὴν</span> <span class='ocrx_word' id='word_1_658' title='bbox 3635 3908 3910 3972; x_wconf 77' lang='grc' dir='ltr'>ἀπόδειξιν</span> <span class='ocrx_word' id='word_1_659' title='bbox 3952 3907 4038 3959; x_wconf 84' lang='grc' dir='ltr'>λε-</span> 
     </span>
    </p>
   </div>
   <div class='ocr_carea' id='block_1_85' title="bbox 2475 3997 4037 4071">
    <p class='ocr_par' dir='ltr' id='par_1_85' title="bbox 2475 3997 4037 4071">
     <span class='ocr_line' id='line_1_85' title="bbox 2475 3997 4037 4071; baseline -0.004 -18"><span class='ocrx_word' id='word_1_660' title='bbox 2475 4003 2762 4071; x_wconf 84' lang='grc' dir='ltr'>πτουργεῖν</span> <span class='ocrx_word' id='word_1_661' title='bbox 2801 3999 2895 4053; x_wconf 79' lang='grc' dir='ltr'>τοῦ</span> <span class='ocrx_word' id='word_1_662' title='bbox 2933 4002 3068 4071; x_wconf 87' lang='grc' dir='ltr'>μήτε</span> <span class='ocrx_word' id='word_1_663' title='bbox 3098 4001 3186 4070; x_wconf 74' lang='grc' dir='ltr'><strong>ὑφ’</strong></span> <span class='ocrx_word' id='word_1_664' title='bbox 3219 3998 3408 4051; x_wconf 79' lang='grc' dir='ltr'>ἑαυτοῦ</span> <span class='ocrx_word' id='word_1_665' title='bbox 3438 4000 3573 4067; x_wconf 88' lang='grc' dir='ltr'>μήτε</span> <span class='ocrx_word' id='word_1_666' title='bbox 3618 3998 3706 4064; x_wconf 78' lang='grc' dir='ltr'><strong>ὑφ’</strong></span> <span class='ocrx_word' id='word_1_667' title='bbox 3738 3997 3926 4066; x_wconf 84' lang='grc' dir='ltr'>ἐτέρου</span> <span class='ocrx_word' id='word_1_668' title='bbox 3949 3997 4037 4047; x_wconf 79' lang='grc' dir='ltr'><strong>τὸν</strong></span> 
     </span>
    </p>
   </div>
   <div class='ocr_carea' id='block_1_86' title="bbox 2475 4086 4039 4163">
    <p class='ocr_par' dir='ltr' id='par_1_86' title="bbox 2475 4086 4039 4163">
     <span class='ocr_line' id='line_1_86' title="bbox 2475 4086 4039 4163; baseline -0.004 -17"><span class='ocrx_word' id='word_1_669' title='bbox 2475 4093 2763 4163; x_wconf 87' lang='grc' dir='ltr'>ἀγέννητον</span> <span class='ocrx_word' id='word_1_670' title='bbox 2792 4092 3166 4162; x_wconf 82' lang='grc' dir='ltr'>γεγεννῆσθαι.</span> <span class='ocrx_word' id='word_1_671' title='bbox 3198 4092 3423 4143; x_wconf 82' lang='grc' dir='ltr'>Ἔπειτα</span> <span class='ocrx_word' id='word_1_672' title='bbox 3459 4088 3638 4157; x_wconf 87' lang='grc' dir='ltr'>μέντοι</span> <span class='ocrx_word' id='word_1_673' title='bbox 3660 4087 3784 4139; x_wconf 69' lang='grc' dir='ltr'>οὐδὲ</span> <span class='ocrx_word' id='word_1_674' title='bbox 3808 4086 4039 4140; x_wconf 82' lang='grc' dir='ltr'>ἐνταῦθα</span> 
     </span>
    </p>
   </div>
   <div class='ocr_carea' id='block_1_87' title="bbox 2474 4176 4039 4255">
    <p class='ocr_par' dir='ltr' id='par_1_87' title="bbox 2474 4176 4039 4255">
     <span class='ocr_line' id='line_1_87' title="bbox 2474 4176 4039 4255; baseline -0.004 -17"><span class='ocrx_word' id='word_1_675' title='bbox 2474 4187 2571 4255; x_wconf 85' lang='grc' dir='ltr'>τῆς</span> <span class='ocrx_word' id='word_1_676' title='bbox 2610 4186 2802 4238; x_wconf 80' lang='grc' dir='ltr'>ἑαυτοῦ</span> <span class='ocrx_word' id='word_1_677' title='bbox 2849 4186 3042 4254; x_wconf 85' lang='grc' dir='ltr'>τέχνης</span> <span class='ocrx_word' id='word_1_678' title='bbox 3087 4180 3529 4235; x_wconf 81' lang='grc' dir='ltr'>ἐπιλανθάνεται·</span> <span class='ocrx_word' id='word_1_679' title='bbox 3574 4178 3686 4231; x_wconf 77' lang='grc' dir='ltr'>ἀλλ’</span> <span class='ocrx_word' id='word_1_680' title='bbox 3728 4181 3785 4231; x_wconf 86' lang='grc' dir='ltr'><strong>ἐν</strong></span> <span class='ocrx_word' id='word_1_681' title='bbox 3823 4183 3891 4250; x_wconf 79' lang='grc' dir='ltr'>τῇ</span> <span class='ocrx_word' id='word_1_682' title='bbox 3933 4176 4039 4232; x_wconf 68' lang='grc' dir='ltr'>τῶν</span> 
     </span>
    </p>
   </div>
   <div class='ocr_carea' id='block_1_88' title="bbox 2473 4270 4039 4341">
    <p class='ocr_par' dir='ltr' id='par_1_88' title="bbox 2473 4270 4039 4341">
     <span class='ocr_line' id='line_1_88' title="bbox 2473 4270 4039 4341; baseline 0.001 -18"><span class='ocrx_word' id='word_1_683' title='bbox 2473 4273 2913 4341; x_wconf 82' lang='grc' dir='ltr'>ὁμολογουμένων</span> <span class='ocrx_word' id='word_1_684' title='bbox 2944 4271 3209 4341; x_wconf 79' lang='grc' dir='ltr'>διατριϐῇ,</span> <span class='ocrx_word' id='word_1_685' title='bbox 3260 4270 3448 4341; x_wconf 83' lang='grc' dir='ltr'>ὥσπερ</span> <span class='ocrx_word' id='word_1_686' title='bbox 3478 4271 3715 4340; x_wconf 87' lang='grc' dir='ltr'>στοιχεῖά</span> <span class='ocrx_word' id='word_1_687' title='bbox 3758 4287 3881 4323; x_wconf 86' lang='grc' dir='ltr'>τινα</span> <span class='ocrx_word' id='word_1_688' title='bbox 3907 4272 4039 4341; x_wconf 80' lang='grc' dir='ltr'>πρὸς</span> 
     </span>
    </p>
   </div>
   <div class='ocr_carea' id='block_1_89' title="bbox 2472 4360 4039 4431">
    <p class='ocr_par' dir='ltr' id='par_1_89' title="bbox 2472 4360 4039 4431">
     <span class='ocr_line' id='line_1_89' title="bbox 2472 4360 4039 4431; baseline -0.001 -17"><span class='ocrx_word' id='word_1_689' title='bbox 2472 4364 2594 4424; x_wconf 83' lang='grc' dir='ltr'>τοὺς</span> <span class='ocrx_word' id='word_1_690' title='bbox 2628 4361 2752 4431; x_wconf 80' lang='grc' dir='ltr'>ἐξῆς</span> <span class='ocrx_word' id='word_1_691' title='bbox 2777 4361 2962 4428; x_wconf 87' lang='grc' dir='ltr'>λόγους</span> <span class='ocrx_word' id='word_1_692' title='bbox 2993 4361 3169 4431; x_wconf 74' lang='grc' dir='ltr'>ἐαυτῷ</span> <span class='ocrx_word' id='word_1_693' title='bbox 3198 4360 3585 4431; x_wconf 88' lang='grc' dir='ltr'>παρεμϐάλλει.</span> <span class='ocrx_word' id='word_1_694' title='bbox 3621 4362 3694 4412; x_wconf 84' lang='grc' dir='ltr'>Ού</span> <span class='ocrx_word' id='word_1_695' title='bbox 3719 4360 3827 4431; x_wconf 73' lang='grc' dir='ltr'>γὰρ</span> <span class='ocrx_word' id='word_1_696' title='bbox 3858 4362 4039 4431; x_wconf 75' lang='grc' dir='ltr'>ἀργῶς</span> 
     </span>
    </p>
   </div>
   <div class='ocr_carea' id='block_1_90' title="bbox 2473 4450 4036 4522">
    <p class='ocr_par' dir='ltr' id='par_1_90' title="bbox 2473 4450 4036 4522">
     <span class='ocr_line' id='line_1_90' title="bbox 2473 4450 4036 4522; baseline -0.004 -17"><span class='ocrx_word' id='word_1_697' title='bbox 2473 4451 2618 4522; x_wconf 78' lang='grc' dir='ltr'>αὐτῷ</span> <span class='ocrx_word' id='word_1_698' title='bbox 2647 4454 2819 4505; x_wconf 85' lang='grc' dir='ltr'>ἐκεῖνο</span> <span class='ocrx_word' id='word_1_699' title='bbox 2842 4451 2971 4521; x_wconf 80' lang='grc' dir='ltr'>ἔχει,</span> <span class='ocrx_word' id='word_1_700' title='bbox 3005 4453 3086 4504; x_wconf 80' lang='grc' dir='ltr'>ὅτι</span> <span class='ocrx_word' id='word_1_701' title='bbox 3125 4451 3223 4513; x_wconf 85' lang='grc' dir='ltr'>δεῖ,</span> <span class='ocrx_word' id='word_1_702' title='bbox 3258 4450 3399 4504; x_wconf 87' lang='grc' dir='ltr'><strong>κατά</strong></span> <span class='ocrx_word' id='word_1_703' title='bbox 3437 4450 3716 4521; x_wconf 77' lang='grc' dir='ltr'>ἀλήθειαν,</span> <span class='ocrx_word' id='word_1_704' title='bbox 3756 4452 3819 4502; x_wconf 83' lang='grc' dir='ltr'><strong>τὸ</strong></span> <span class='ocrx_word' id='word_1_705' title='bbox 3856 4451 4036 4503; x_wconf 84' lang='grc' dir='ltr'>ποιοῦν</span> 
     </span>
    </p>
   </div>
   <div class='ocr_carea' id='block_1_91' title="bbox 820 4530 2490 4625">
    <p class='ocr_par' dir='ltr' id='par_1_91' title="bbox 820 4546 2490 4625">
     <span class='ocr_line' id='line_1_91' title="bbox 820 4546 2490 4625; baseline 0.004 -30"><span class='ocrx_word' id='word_1_706' title='bbox 820 4546 886 4599; x_wconf 80' lang='lat' dir='ltr'><strong>ad</strong></span> <span class='ocrx_word' id='word_1_707' title='bbox 933 4561 1049 4600; x_wconf 89' lang='lat' dir='ltr'><strong>eam</strong></span> <span class='ocrx_word' id='word_1_708' title='bbox 1090 4562 1209 4617; x_wconf 64' lang='lat' dir='ltr'><strong>qua</strong></span> <span class='ocrx_word' id='word_1_709' title='bbox 1253 4551 1496 4617; x_wconf 89' lang='lat' dir='ltr'><strong>sequitur</strong></span> <span class='ocrx_word' id='word_1_710' title='bbox 1539 4550 1835 4603; x_wconf 86' lang='lat' dir='ltr'><strong>doetriuam</strong></span> <span class='ocrx_word' id='word_1_711' title='bbox 1890 4550 2186 4602; x_wconf 80' lang='lat' dir='ltr'><strong>interserit.</strong></span> <span class='ocrx_word' id='word_1_712' title='bbox 2240 4548 2370 4602; x_wconf 86' lang='lat' dir='ltr'><strong>Illud</strong></span> <span class='ocrx_word' id='word_1_713' title='bbox 2402 4558 2490 4625; x_wconf 67' lang='grc' dir='ltr'><strong>υτ</strong></span> 
     </span>
    </p>
   </div>
   <div class='ocr_carea' id='block_1_92' title="bbox 2366 4530 4036 4625">
    <p class='ocr_par' dir='ltr' id='par_1_92' title="bbox 2366 4530 4036 4625">
     <span class='ocr_line' id='line_1_92' title="bbox 2366 4530 4036 4625; baseline -0.002 -32"><span class='ocrx_word' id='word_1_714' title='bbox 2366 4551 2370 4601; x_wconf 93' lang='lat'><em>|</em></span> <span class='ocrx_word' id='word_1_715' title='bbox 2402 4567 2449 4625; x_wconf 67' lang='grc' dir='ltr'><strong>ι)</strong></span> <span class='ocrx_word' id='word_1_716' title='bbox 2472 4541 2563 4593; x_wconf 84' lang='grc' dir='ltr'>τοῦ</span> <span class='ocrx_word' id='word_1_717' title='bbox 2597 4540 2880 4608; x_wconf 86' lang='grc' dir='ltr'>γινομένου</span> <span class='ocrx_word' id='word_1_718' title='bbox 2912 4530 3298 4613; x_wconf 79' lang='grc' dir='ltr'>προῢπάρχειν.</span> <span class='ocrx_word' id='word_1_719' title='bbox 3336 4539 3473 4592; x_wconf 83' lang='grc' dir='ltr'>Ἀλλ’</span> <span class='ocrx_word' id='word_1_720' title='bbox 3526 4539 3611 4592; x_wconf 80' lang='grc' dir='ltr'>ἵνα</span> <span class='ocrx_word' id='word_1_721' title='bbox 3658 4542 3715 4590; x_wconf 82' lang='grc' dir='ltr'>ὲν</span> <span class='ocrx_word' id='word_1_722' title='bbox 3752 4542 3867 4601; x_wconf 86' lang='grc' dir='ltr'>τοῖς</span> <span class='ocrx_word' id='word_1_723' title='bbox 3914 4539 4036 4609; x_wconf 80' lang='grc' dir='ltr'>περὶ</span> 
     </span>
    </p>
   </div>
   <div class='ocr_carea' id='block_1_93' title="bbox 822 4638 2371 4709">
    <p class='ocr_par' dir='ltr' id='par_1_93' title="bbox 822 4638 2371 4709">
     <span class='ocr_line' id='line_1_93' title="bbox 822 4638 2371 4709; baseline 0.003 -19"><span class='ocrx_word' id='word_1_724' title='bbox 822 4638 965 4690; x_wconf 89' lang='lat' dir='ltr'><strong>enim</strong></span> <span class='ocrx_word' id='word_1_725' title='bbox 1000 4653 1104 4691; x_wconf 89' lang='lat' dir='ltr'><strong>non</strong></span> <span class='ocrx_word' id='word_1_726' title='bbox 1144 4640 1317 4694; x_wconf 84' lang='lat' dir='ltr'><strong>otiose</strong></span> <span class='ocrx_word' id='word_1_727' title='bbox 1343 4641 1498 4704; x_wconf 75' lang='lat' dir='ltr'><strong>dixit,</strong></span> <span class='ocrx_word' id='word_1_728' title='bbox 1530 4642 1669 4709; x_wconf 89' lang='lat' dir='ltr'><strong>quod</strong></span> <span class='ocrx_word' id='word_1_729' title='bbox 1709 4651 1953 4709; x_wconf 81' lang='lat' dir='ltr'><strong>Oporteat</strong></span> <span class='ocrx_word' id='word_1_730' title='bbox 1988 4640 2038 4693; x_wconf 93' lang='lat' dir='ltr'><strong>id</strong></span> <span class='ocrx_word' id='word_1_731' title='bbox 2065 4641 2205 4709; x_wconf 92' lang='lat' dir='ltr'><strong>quod</strong></span> <span class='ocrx_word' id='word_1_732' title='bbox 2247 4641 2371 4694; x_wconf 85' lang='lat' dir='ltr'><strong>facit</strong></span> 
     </span>
    </p>
   </div>
   <div class='ocr_carea' id='block_1_94' title="bbox 825 4726 2372 4796">
    <p class='ocr_par' dir='ltr' id='par_1_94' title="bbox 825 4726 2372 4796">
     <span class='ocr_line' id='line_1_94' title="bbox 825 4726 2372 4796; baseline 0.001 -19"><span class='ocrx_word' id='word_1_733' title='bbox 825 4740 1008 4780; x_wconf 86' lang='lat' dir='ltr'><strong>revera</strong></span> <span class='ocrx_word' id='word_1_734' title='bbox 1038 4727 1184 4793; x_wconf 88' lang='lat' dir='ltr'><strong>prius</strong></span> <span class='ocrx_word' id='word_1_735' title='bbox 1214 4743 1335 4781; x_wconf 87' lang='lat' dir='ltr'><strong>esse</strong></span> <span class='ocrx_word' id='word_1_736' title='bbox 1362 4743 1427 4782; x_wconf 88' lang='lat' dir='ltr'><strong>eo</strong></span> <span class='ocrx_word' id='word_1_737' title='bbox 1454 4729 1591 4796; x_wconf 90' lang='lat' dir='ltr'><strong>quod</strong></span> <span class='ocrx_word' id='word_1_738' title='bbox 1618 4726 1844 4781; x_wconf 81' lang='lat' dir='ltr'><strong>eﬂieitur</strong></span> <span class='ocrx_word' id='word_1_739' title='bbox 1870 4744 1884 4779; x_wconf 89' lang='lat'><strong>:</strong></span> <span class='ocrx_word' id='word_1_740' title='bbox 1922 4726 2015 4781; x_wconf 87' lang='lat' dir='ltr'><strong>sed</strong></span> <span class='ocrx_word' id='word_1_741' title='bbox 2043 4736 2102 4779; x_wconf 88' lang='lat' dir='ltr'><strong>ut</strong></span> <span class='ocrx_word' id='word_1_742' title='bbox 2135 4726 2189 4779; x_wconf 90' lang='lat' dir='ltr'><strong>in</strong></span> <span class='ocrx_word' id='word_1_743' title='bbox 2218 4726 2372 4779; x_wconf 88' lang='lat' dir='ltr'><strong>iusti-</strong></span> 
     </span>
    </p>
   </div>
   <div class='ocr_carea' id='block_1_95' title="bbox 825 4815 2368 4884">
    <p class='ocr_par' dir='ltr' id='par_1_95' title="bbox 825 4815 2368 4884">
     <span class='ocr_line' id='line_1_95' title="bbox 825 4815 2368 4884; baseline -0.001 -15"><span class='ocrx_word' id='word_1_744' title='bbox 825 4817 1032 4871; x_wconf 87' lang='lat' dir='ltr'><strong>tuendis</strong></span> <span class='ocrx_word' id='word_1_745' title='bbox 1055 4817 1121 4871; x_wconf 87' lang='lat' dir='ltr'><strong>de</strong></span> <span class='ocrx_word' id='word_1_746' title='bbox 1154 4815 1291 4872; x_wconf 83' lang='lat' dir='ltr'><strong>Filio</strong></span> <span class='ocrx_word' id='word_1_747' title='bbox 1324 4819 1683 4884; x_wconf 87' lang='lat' dir='ltr'><strong>sermonibus,</strong></span> <span class='ocrx_word' id='word_1_748' title='bbox 1706 4819 1759 4871; x_wconf 92' lang='lat' dir='ltr'><strong>in</strong></span> <span class='ocrx_word' id='word_1_749' title='bbox 1787 4826 2125 4871; x_wconf 85' lang='lat' dir='ltr'><strong>antecessum</strong></span> <span class='ocrx_word' id='word_1_750' title='bbox 2144 4830 2368 4870; x_wconf 87' lang='lat' dir='ltr'><strong>conces-</strong></span> 
     </span>
    </p>
   </div>
   <div class='ocr_carea' id='block_1_96' title="bbox 820 4908 2374 4979">
    <p class='ocr_par' dir='ltr' id='par_1_96' title="bbox 820 4908 2374 4979">
     <span class='ocr_line' id='line_1_96' title="bbox 820 4908 2374 4979; baseline 0.001 -18"><span class='ocrx_word' id='word_1_751' title='bbox 820 4922 939 4961; x_wconf 80' lang='lat' dir='ltr'><strong>sum</strong></span> <span class='ocrx_word' id='word_1_752' title='bbox 976 4909 1165 4962; x_wconf 83' lang='lat' dir='ltr'><strong>habeat</strong></span> <span class='ocrx_word' id='word_1_753' title='bbox 1209 4908 1368 4979; x_wconf 66' lang='lat'><strong>215</strong></span> <span class='ocrx_word' id='word_1_754' title='bbox 1413 4909 1607 4962; x_wconf 87' lang='lat' dir='ltr'><strong>Filium</strong></span> <span class='ocrx_word' id='word_1_755' title='bbox 1641 4921 1827 4977; x_wconf 88' lang='lat' dir='ltr'><strong>postea</strong></span> <span class='ocrx_word' id='word_1_756' title='bbox 1862 4909 2059 4963; x_wconf 82' lang='lat' dir='ltr'><strong>factum</strong></span> <span class='ocrx_word' id='word_1_757' title='bbox 2090 4908 2239 4962; x_wconf 85' lang='lat' dir='ltr'><strong>Patri</strong></span> <span class='ocrx_word' id='word_1_758' title='bbox 2282 4924 2374 4962; x_wconf 89' lang='lat' dir='ltr'><strong>ac—</strong></span> 
     </span>
    </p>
   </div>
   <div class='ocr_carea' id='block_1_97' title="bbox 819 4998 2375 5070">
    <p class='ocr_par' dir='ltr' id='par_1_97' title="bbox 819 4998 2375 5070">
     <span class='ocr_line' id='line_1_97' title="bbox 819 4998 2375 5070; baseline -0.001 -17"><span class='ocrx_word' id='word_1_759' title='bbox 819 5000 1049 5054; x_wconf 87' lang='lat' dir='ltr'><strong>cessisse</strong></span> <span class='ocrx_word' id='word_1_760' title='bbox 1072 5040 1088 5063; x_wconf 90' lang='lat'><strong>,</strong></span> <span class='ocrx_word' id='word_1_761' title='bbox 1120 4999 1381 5067; x_wconf 83' lang='lat' dir='ltr'><strong>siquidem</strong></span> <span class='ocrx_word' id='word_1_762' title='bbox 1419 5001 1468 5053; x_wconf 88' lang='lat' dir='ltr'><strong>id</strong></span> <span class='ocrx_word' id='word_1_763' title='bbox 1499 5003 1639 5070; x_wconf 90' lang='lat' dir='ltr'><strong>quod</strong></span> <span class='ocrx_word' id='word_1_764' title='bbox 1670 5001 1799 5055; x_wconf 71' lang='lat' dir='ltr'><strong>facit</strong></span> <span class='ocrx_word' id='word_1_765' title='bbox 1820 5042 1834 5067; x_wconf 91' lang='lat'><strong>,</strong></span> <span class='ocrx_word' id='word_1_766' title='bbox 1866 5017 1930 5055; x_wconf 90' lang='lat' dir='ltr'><strong>eo</strong></span> <span class='ocrx_word' id='word_1_767' title='bbox 1970 5001 2110 5069; x_wconf 90' lang='lat' dir='ltr'><strong>quod</strong></span> <span class='ocrx_word' id='word_1_768' title='bbox 2145 5002 2202 5053; x_wconf 90' lang='lat' dir='ltr'><strong>tit</strong></span> <span class='ocrx_word' id='word_1_769' title='bbox 2235 4998 2375 5053; x_wconf 87' lang='lat' dir='ltr'><strong>anti-</strong></span> 
     </span>
    </p>
   </div>
   <div class='ocr_carea' id='block_1_98' title="bbox 819 5090 2374 5163">
    <p class='ocr_par' dir='ltr' id='par_1_98' title="bbox 819 5090 2374 5163">
     <span class='ocr_line' id='line_1_98' title="bbox 819 5090 2374 5163; baseline 0.003 -23"><span class='ocrx_word' id='word_1_770' title='bbox 819 5090 977 5157; x_wconf 85' lang='lat' dir='ltr'><strong>quius</strong></span> <span class='ocrx_word' id='word_1_771' title='bbox 1000 5100 1084 5144; x_wconf 90' lang='lat' dir='ltr'><strong>est</strong></span> <span class='ocrx_word' id='word_1_772' title='bbox 1126 5107 1141 5144; x_wconf 78' lang='lat'><strong><em>2</em></strong></span> <span class='ocrx_word' id='word_1_773' title='bbox 1181 5091 1328 5155; x_wconf 84' lang='lat' dir='ltr'><strong>item,</strong></span> <span class='ocrx_word' id='word_1_774' title='bbox 1358 5100 1414 5144; x_wconf 94' lang='lat' dir='ltr'><strong>ut</strong></span> <span class='ocrx_word' id='word_1_775' title='bbox 1448 5093 1547 5163; x_wconf 85' lang='lat' dir='ltr'><strong>hoc</strong></span> <span class='ocrx_word' id='word_1_776' title='bbox 1590 5102 1844 5160; x_wconf 85' lang='lat' dir='ltr'><strong>tanquam</strong></span> <span class='ocrx_word' id='word_1_777' title='bbox 1882 5092 2007 5147; x_wconf 89' lang='lat' dir='ltr'><strong>inde</strong></span> <span class='ocrx_word' id='word_1_778' title='bbox 2040 5107 2374 5160; x_wconf 84' lang='lat' dir='ltr'><strong>consequens</strong></span> 
     </span>
    </p>
   </div>
   <div class='ocr_carea' id='block_1_99' title="bbox 816 5178 2373 5248">
    <p class='ocr_par' dir='ltr' id='par_1_99' title="bbox 816 5178 2373 5248">
     <span class='ocr_line' id='line_1_99' title="bbox 816 5178 2373 5248; baseline 0.001 -16"><span class='ocrx_word' id='word_1_779' title='bbox 816 5179 1057 5248; x_wconf 71' lang='lat' dir='ltr'><strong>colligat,</strong></span> <span class='ocrx_word' id='word_1_780' title='bbox 1099 5178 1295 5233; x_wconf 83' lang='lat' dir='ltr'><strong>Filium</strong></span> <span class='ocrx_word' id='word_1_781' title='bbox 1325 5179 1528 5234; x_wconf 86' lang='lat' dir='ltr'><strong>scilicet</strong></span> <span class='ocrx_word' id='word_1_782' title='bbox 1553 5193 1616 5234; x_wconf 81' lang='lat' dir='ltr'><strong>ex</strong></span> <span class='ocrx_word' id='word_1_783' title='bbox 1661 5195 1765 5233; x_wconf 90' lang='lat' dir='ltr'><strong>non</strong></span> <span class='ocrx_word' id='word_1_784' title='bbox 1794 5182 2136 5235; x_wconf 80' lang='lat' dir='ltr'><strong>exstantibus</strong></span> <span class='ocrx_word' id='word_1_785' title='bbox 2176 5180 2373 5234; x_wconf 84' lang='lat' dir='ltr'><strong>factum</strong></span> 
     </span>
    </p>
   </div>
   <div class='ocr_carea' id='block_1_100' title="bbox 890 5333 2372 5404">
    <p class='ocr_par' dir='ltr' id='par_1_100' title="bbox 890 5333 2372 5404">
     <span class='ocr_line' id='line_1_100' title="bbox 890 5333 2372 5404; baseline -0.001 -15"><span class='ocrx_word' id='word_1_786' title='bbox 890 5334 966 5404; x_wconf 82' lang='lat'><strong>(5)</strong></span> <span class='ocrx_word' id='word_1_787' title='bbox 995 5333 1218 5388; x_wconf 70' lang='lat' dir='ltr'><strong>Veteres</strong></span> <span class='ocrx_word' id='word_1_788' title='bbox 1252 5334 1357 5389; x_wconf 89' lang='lat' dir='ltr'><strong>duo</strong></span> <span class='ocrx_word' id='word_1_789' title='bbox 1386 5335 1503 5388; x_wconf 85' lang='lat' dir='ltr'><strong>libri</strong></span> <span class='ocrx_word' id='word_1_790' title='bbox 1531 5333 1671 5399; x_wconf 86' lang='grc' dir='ltr'>τίνος</span> <span class='ocrx_word' id='word_1_791' title='bbox 1698 5335 1879 5389; x_wconf 80' lang='grc' dir='ltr'>ἓνεκα.</span> <span class='ocrx_word' id='word_1_792' title='bbox 1920 5334 2041 5391; x_wconf 81' lang='lat' dir='ltr'><strong>Mox</strong></span> <span class='ocrx_word' id='word_1_793' title='bbox 2089 5335 2141 5389; x_wconf 89' lang='lat' dir='ltr'><strong>in</strong></span> <span class='ocrx_word' id='word_1_794' title='bbox 2186 5335 2372 5390; x_wconf 84' lang='lat' dir='ltr'><strong>iisdem</strong></span> 
     </span>
    </p>
   </div>
   <div class='ocr_carea' id='block_1_101' title="bbox 820 5404 1522 5475">
    <p class='ocr_par' dir='ltr' id='par_1_101' title="bbox 820 5404 1522 5475">
     <span class='ocr_line' id='line_1_101' title="bbox 820 5404 1522 5475; baseline 0.003 -18"><span class='ocrx_word' id='word_1_795' title='bbox 820 5422 949 5458; x_wconf 79' lang='lat' dir='ltr'><strong>mss.</strong></span> <span class='ocrx_word' id='word_1_796' title='bbox 986 5420 1085 5475; x_wconf 69' lang='lat' dir='ltr'><strong>vos</strong></span> <span class='ocrx_word' id='word_1_797' title='bbox 1120 5404 1321 5475; x_wconf 85' lang='grc' dir='ltr'>ταύτην</span> <span class='ocrx_word' id='word_1_798' title='bbox 1352 5408 1522 5475; x_wconf 80' lang='lat' dir='ltr'><strong>deest.</strong></span> 
     </span>
    </p>
   </div>
   <div class='ocr_carea' id='block_1_102' title="bbox 889 5473 2374 5546">
    <p class='ocr_par' dir='ltr' id='par_1_102' title="bbox 889 5473 2374 5546">
     <span class='ocr_line' id='line_1_102' title="bbox 889 5473 2374 5546; baseline 0 -19"><span class='ocrx_word' id='word_1_799' title='bbox 889 5474 966 5546; x_wconf 84' lang='lat'><strong>(6)</strong></span> <span class='ocrx_word' id='word_1_800' title='bbox 997 5474 1131 5527; x_wconf 85' lang='lat' dir='ltr'><strong>Editi</strong></span> <span class='ocrx_word' id='word_1_801' title='bbox 1160 5473 1290 5527; x_wconf 80' lang='grc' dir='ltr'>Θεὸν</span> <span class='ocrx_word' id='word_1_802' title='bbox 1331 5474 1616 5546; x_wconf 76' lang='grc' dir='ltr'>ἀγένητον,</span> <span class='ocrx_word' id='word_1_803' title='bbox 1656 5474 1818 5546; x_wconf 69' lang='lat' dir='ltr'><strong>Deum</strong></span> <span class='ocrx_word' id='word_1_804' title='bbox 1850 5473 2193 5546; x_wconf 70' lang='lat' dir='ltr'><strong>nonfactum,</strong></span> <span class='ocrx_word' id='word_1_805' title='bbox 2212 5473 2374 5527; x_wconf 78' lang='lat' dir='ltr'><strong>Deum</strong></span> 
     </span>
    </p>
   </div>
   <div class='ocr_carea' id='block_1_103' title="bbox 820 5542 2373 5615">
    <p class='ocr_par' dir='ltr' id='par_1_103' title="bbox 820 5542 2373 5615">
     <span class='ocr_line' id='line_1_103' title="bbox 820 5542 2373 5615; baseline 0.001 -20"><span class='ocrx_word' id='word_1_806' title='bbox 820 5542 923 5595; x_wconf 82' lang='lat' dir='ltr'><strong>non</strong></span> <span class='ocrx_word' id='word_1_807' title='bbox 947 5542 1156 5615; x_wconf 55' lang='lat' dir='ltr'><strong>natum.</strong></span> <span class='ocrx_word' id='word_1_808' title='bbox 1185 5547 1252 5597; x_wconf 84' lang='lat' dir='ltr'><strong>At</strong></span> <span class='ocrx_word' id='word_1_809' title='bbox 1288 5542 1416 5598; x_wconf 82' lang='lat' dir='ltr'><strong>mss.</strong></span> <span class='ocrx_word' id='word_1_810' title='bbox 1445 5542 1575 5598; x_wconf 80' lang='grc' dir='ltr'>Θεὸν</span> <span class='ocrx_word' id='word_1_811' title='bbox 1603 5545 1916 5615; x_wconf 85' lang='grc' dir='ltr'>ἀγέννητον,</span> <span class='ocrx_word' id='word_1_812' title='bbox 1942 5542 2105 5596; x_wconf 82' lang='lat' dir='ltr'><strong>Deum</strong></span> <span class='ocrx_word' id='word_1_813' title='bbox 2149 5560 2250 5597; x_wconf 86' lang='lat' dir='ltr'><strong>non</strong></span> <span class='ocrx_word' id='word_1_814' title='bbox 2282 5562 2373 5613; x_wconf 84' lang='lat' dir='ltr'><strong>ge-</strong></span> 
     </span>
    </p>
   </div>
   <div class='ocr_carea' id='block_1_104' title="bbox 817 5608 1884 5682">
    <p class='ocr_par' dir='ltr' id='par_1_104' title="bbox 817 5608 1884 5682">
     <span class='ocr_line' id='line_1_104' title="bbox 817 5608 1884 5682; baseline -0.001 -16"><span class='ocrx_word' id='word_1_815' title='bbox 817 5616 1009 5677; x_wconf 76' lang='lat' dir='ltr'><strong>nitum,</strong></span> <span class='ocrx_word' id='word_1_816' title='bbox 1039 5608 1203 5666; x_wconf 64' lang='lat' dir='ltr'><strong>Deum</strong></span> <span class='ocrx_word' id='word_1_817' title='bbox 1226 5616 1574 5682; x_wconf 77' lang='lat' dir='ltr'><strong>generationis</strong></span> <span class='ocrx_word' id='word_1_818' title='bbox 1609 5608 1884 5681; x_wconf 61' lang='lat' dir='ltr'><strong>camertem.</strong></span> 
     </span>
    </p>
   </div>
   <div class='ocr_carea' id='block_1_105' title="bbox 889 5682 2371 5754">
    <p class='ocr_par' dir='ltr' id='par_1_105' title="bbox 889 5682 2371 5754">
     <span class='ocr_line' id='line_1_105' title="bbox 889 5682 2371 5754; baseline 0.001 -19"><span class='ocrx_word' id='word_1_819' title='bbox 889 5686 964 5752; x_wconf 79' lang='lat'><strong>(7)</strong></span> <span class='ocrx_word' id='word_1_820' title='bbox 994 5684 1131 5754; x_wconf 85' lang='lat' dir='ltr'><strong>Editi</strong></span> <span class='ocrx_word' id='word_1_821' title='bbox 1165 5694 1217 5736; x_wconf 87' lang='lat' dir='ltr'><strong>et</strong></span> <span class='ocrx_word' id='word_1_822' title='bbox 1252 5682 1382 5753; x_wconf 74' lang='lat' dir='ltr'><strong>Reg.</strong></span> <span class='ocrx_word' id='word_1_823' title='bbox 1428 5688 1693 5754; x_wconf 73' lang='lat' dir='ltr'><strong>secundm</strong></span> <span class='ocrx_word' id='word_1_824' title='bbox 1724 5684 2081 5754; x_wconf 61' lang='lat' dir='ltr'><strong>dyévvqtov...</strong></span> <span class='ocrx_word' id='word_1_825' title='bbox 2112 5683 2371 5754; x_wconf 81' lang='grc' dir='ltr'>γεγεννῆ-</span> 
     </span>
    </p>
   </div>
   <div class='ocr_carea' id='block_1_106' title="bbox 818 5752 2370 5823">
    <p class='ocr_par' dir='ltr' id='par_1_106' title="bbox 818 5752 2370 5823">
     <span class='ocr_line' id='line_1_106' title="bbox 818 5752 2370 5823; baseline 0 -17"><span class='ocrx_word' id='word_1_826' title='bbox 818 5752 961 5806; x_wconf 83' lang='grc' dir='ltr'>σθαι.</span> <span class='ocrx_word' id='word_1_827' title='bbox 989 5753 1092 5807; x_wconf 81' lang='lat' dir='ltr'><strong>Alii</strong></span> <span class='ocrx_word' id='word_1_828' title='bbox 1134 5762 1241 5808; x_wconf 78' lang='lat' dir='ltr'><strong>tres</strong></span> <span class='ocrx_word' id='word_1_829' title='bbox 1275 5752 1405 5807; x_wconf 74' lang='lat' dir='ltr'><strong>mss.</strong></span> <span class='ocrx_word' id='word_1_830' title='bbox 1426 5753 1751 5823; x_wconf 84' lang='grc' dir='ltr'>ἀγένητον...</span> <span class='ocrx_word' id='word_1_831' title='bbox 1782 5752 2127 5823; x_wconf 79' lang='grc' dir='ltr'>γεγενῆσθαι.</span> <span class='ocrx_word' id='word_1_832' title='bbox 2156 5752 2370 5806; x_wconf 81' lang='lat' dir='ltr'><strong>Exarati</strong></span> 
     </span>
    </p>
   </div>
   <div class='ocr_carea' id='block_1_107' title="bbox 816 5823 2371 5891">
    <p class='ocr_par' dir='ltr' id='par_1_107' title="bbox 816 5823 2371 5891">
     <span class='ocr_line' id='line_1_107' title="bbox 816 5823 2371 5891; baseline 0.001 -15"><span class='ocrx_word' id='word_1_833' title='bbox 816 5838 978 5877; x_wconf 76' lang='lat' dir='ltr'><strong>tnanu</strong></span> <span class='ocrx_word' id='word_1_834' title='bbox 1019 5823 1164 5886; x_wconf 85' lang='lat' dir='ltr'><strong>libri,</strong></span> <span class='ocrx_word' id='word_1_835' title='bbox 1192 5838 1312 5879; x_wconf 89' lang='lat' dir='ltr'><strong>cum</strong></span> <span class='ocrx_word' id='word_1_836' title='bbox 1348 5826 1428 5878; x_wconf 75' lang='lat' dir='ltr'><strong>lia:</strong></span> <span class='ocrx_word' id='word_1_837' title='bbox 1480 5840 1636 5879; x_wconf 81' lang='lat' dir='ltr'><strong>voces</strong></span> <span class='ocrx_word' id='word_1_838' title='bbox 1675 5836 1989 5891; x_wconf 85' lang='lat' dir='ltr'><strong>occurrunt,</strong></span> <span class='ocrx_word' id='word_1_839' title='bbox 2027 5824 2201 5879; x_wconf 87' lang='lat' dir='ltr'><strong>solent</strong></span> <span class='ocrx_word' id='word_1_840' title='bbox 2232 5824 2371 5878; x_wconf 87' lang='lat' dir='ltr'><strong>inter</strong></span> 
     </span>
    </p>
   </div>
   <div class='ocr_carea' id='block_1_108' title="bbox 2477 4628 4036 4703">
    <p class='ocr_par' dir='ltr' id='par_1_108' title="bbox 2477 4628 4036 4703">
     <span class='ocr_line' id='line_1_108' title="bbox 2477 4628 4036 4703; baseline -0.003 -20"><span class='ocrx_word' id='word_1_841' title='bbox 2477 4631 2605 4683; x_wconf 86' lang='grc' dir='ltr'>Υίοῦ</span> <span class='ocrx_word' id='word_1_842' title='bbox 2665 4631 2841 4699; x_wconf 85' lang='grc' dir='ltr'>λόγοις</span> <span class='ocrx_word' id='word_1_843' title='bbox 2896 4630 3464 4703; x_wconf 83' lang='grc' dir='ltr'>προδιωμολογημένον</span> <span class='ocrx_word' id='word_1_844' title='bbox 3520 4628 3637 4701; x_wconf 79' lang='grc' dir='ltr'><strong>ἔχῃ,</strong></span> <span class='ocrx_word' id='word_1_845' title='bbox 3691 4628 3755 4680; x_wconf 81' lang='grc' dir='ltr'><strong>τὸ</strong></span> <span class='ocrx_word' id='word_1_846' title='bbox 3817 4628 4036 4698; x_wconf 77' lang='grc' dir='ltr'>ὕστερον</span> 
     </span>
    </p>
   </div>
   <div class='ocr_carea' id='block_1_109' title="bbox 2474 4717 4035 4796">
    <p class='ocr_par' dir='ltr' id='par_1_109' title="bbox 2474 4717 4035 4796">
     <span class='ocr_line' id='line_1_109' title="bbox 2474 4717 4035 4796; baseline -0.004 -21"><span class='ocrx_word' id='word_1_847' title='bbox 2474 4723 2937 4796; x_wconf 79' lang='grc' dir='ltr'>προσ-γεγενῆσθαι</span> <span class='ocrx_word' id='word_1_848' title='bbox 2974 4723 3050 4793; x_wconf 80' lang='grc' dir='ltr'><strong>τῷ</strong></span> <span class='ocrx_word' id='word_1_849' title='bbox 3081 4722 3252 4793; x_wconf 75' lang='grc' dir='ltr'>Πατρὶ</span> <span class='ocrx_word' id='word_1_850' title='bbox 3280 4721 3369 4773; x_wconf 81' lang='grc' dir='ltr'><strong>τὸν</strong></span> <span class='ocrx_word' id='word_1_851' title='bbox 3398 4720 3543 4784; x_wconf 86' lang='grc' dir='ltr'>Υἰὸν,</span> <span class='ocrx_word' id='word_1_852' title='bbox 3575 4720 3730 4791; x_wconf 76' lang='grc' dir='ltr'>εἰπερ</span> <span class='ocrx_word' id='word_1_853' title='bbox 3759 4717 3821 4770; x_wconf 86' lang='grc' dir='ltr'>τὸ</span> <span class='ocrx_word' id='word_1_854' title='bbox 3854 4717 4035 4771; x_wconf 81' lang='grc' dir='ltr'>ποιοῦν</span> 
     </span>
    </p>
   </div>
   <div class='ocr_carea' id='block_1_110' title="bbox 2476 4809 4037 4885">
    <p class='ocr_par' dir='ltr' id='par_1_110' title="bbox 2476 4809 4037 4885">
     <span class='ocr_line' id='line_1_110' title="bbox 2476 4809 4037 4885; baseline -0.004 -18"><span class='ocrx_word' id='word_1_855' title='bbox 2476 4816 2590 4867; x_wconf 84' lang='grc' dir='ltr'>ἐστι</span> <span class='ocrx_word' id='word_1_856' title='bbox 2626 4814 2719 4866; x_wconf 80' lang='grc' dir='ltr'><strong>τοῦ</strong></span> <span class='ocrx_word' id='word_1_857' title='bbox 2746 4814 3025 4884; x_wconf 89' lang='grc' dir='ltr'>γινομένου</span> <span class='ocrx_word' id='word_1_858' title='bbox 3056 4812 3447 4885; x_wconf 74' lang='grc' dir='ltr'>πρεσϐύτερονο</span> <span class='ocrx_word' id='word_1_859' title='bbox 3496 4810 3669 4879; x_wconf 87' lang='grc' dir='ltr'>τούτῳ</span> <span class='ocrx_word' id='word_1_860' title='bbox 3712 4809 3769 4861; x_wconf 83' lang='grc' dir='ltr'>δὲ</span> <span class='ocrx_word' id='word_1_861' title='bbox 3810 4810 3888 4873; x_wconf 84' lang='grc' dir='ltr'>ὡς</span> <span class='ocrx_word' id='word_1_862' title='bbox 3916 4810 4037 4862; x_wconf 78' lang='grc' dir='ltr'>ἐπύ-</span> 
     </span>
    </p>
   </div>
   <div class='ocr_carea' id='block_1_111' title="bbox 2481 4902 4037 4977">
    <p class='ocr_par' dir='ltr' id='par_1_111' title="bbox 2481 4902 4037 4977">
     <span class='ocr_line' id='line_1_111' title="bbox 2481 4902 4037 4977; baseline -0.002 -20"><span class='ocrx_word' id='word_1_863' title='bbox 2481 4922 2636 4975; x_wconf 85' lang='grc' dir='ltr'>μενον</span> <span class='ocrx_word' id='word_1_864' title='bbox 2685 4905 2842 4977; x_wconf 81' lang='grc' dir='ltr'>λάϐῃ,</span> <span class='ocrx_word' id='word_1_865' title='bbox 2901 4905 2961 4958; x_wconf 84' lang='grc' dir='ltr'><strong>τὸ</strong></span> <span class='ocrx_word' id='word_1_866' title='bbox 3022 4907 3085 4957; x_wconf 87' lang='grc' dir='ltr'><strong>ἐκ</strong></span> <span class='ocrx_word' id='word_1_867' title='bbox 3146 4905 3219 4975; x_wconf 88' lang='grc' dir='ltr'>μὴ</span> <span class='ocrx_word' id='word_1_868' title='bbox 3267 4906 3430 4956; x_wconf 72' lang='grc' dir='ltr'>ὄντων</span> <span class='ocrx_word' id='word_1_869' title='bbox 3473 4902 3561 4956; x_wconf 75' lang='grc' dir='ltr'><strong>τὸν</strong></span> <span class='ocrx_word' id='word_1_870' title='bbox 3609 4903 3736 4955; x_wconf 82' lang='grc' dir='ltr'>Υίὸν</span> <span class='ocrx_word' id='word_1_871' title='bbox 3783 4902 4037 4972; x_wconf 76' lang='grc' dir='ltr'>γεγεννῆ-</span> 
     </span>
    </p>
   </div>
   <div class='ocr_carea' id='block_1_112' title="bbox 2479 4995 4037 5069">
    <p class='ocr_par' dir='ltr' id='par_1_112' title="bbox 2479 4995 4037 5069">
     <span class='ocr_line' id='line_1_112' title="bbox 2479 4995 4037 5069; baseline -0.001 -20"><span class='ocrx_word' id='word_1_872' title='bbox 2479 4998 2611 5050; x_wconf 65' lang='grc' dir='ltr'>σθαι</span> <span class='ocrx_word' id='word_1_873' title='bbox 2633 4998 2765 5069; x_wconf 77' lang='grc'><strong>(10).</strong></span> <span class='ocrx_word' id='word_1_874' title='bbox 2829 4998 2963 5050; x_wconf 76' lang='grc' dir='ltr'>Ἀλλ’</span> <span class='ocrx_word' id='word_1_875' title='bbox 3015 4999 3042 5050; x_wconf 82' lang='grc' dir='ltr'>ὁ</span> <span class='ocrx_word' id='word_1_876' title='bbox 3087 4998 3183 5067; x_wconf 86' lang='grc' dir='ltr'>μὲν</span> <span class='ocrx_word' id='word_1_877' title='bbox 3231 4997 3329 5067; x_wconf 85' lang='grc' dir='ltr'>τῆς</span> <span class='ocrx_word' id='word_1_878' title='bbox 3377 4997 3454 5058; x_wconf 82' lang='grc' dir='ltr'><strong>είς</strong></span> <span class='ocrx_word' id='word_1_879' title='bbox 3491 4996 3579 5048; x_wconf 85' lang='grc' dir='ltr'><strong>τὸν</strong></span> <span class='ocrx_word' id='word_1_880' title='bbox 3616 4996 3742 5048; x_wconf 79' lang='grc' dir='ltr'>Υἱὸν</span> <span class='ocrx_word' id='word_1_881' title='bbox 3786 4995 4037 5056; x_wconf 84' lang='grc' dir='ltr'>ἀσεϐείας</span> 
     </span>
    </p>
   </div>
   <div class='ocr_carea' id='block_1_113' title="bbox 2482 5087 4032 5159">
    <p class='ocr_par' dir='ltr' id='par_1_113' title="bbox 2482 5087 4032 5159">
     <span class='ocr_line' id='line_1_113' title="bbox 2482 5087 4032 5159; baseline 0 -19"><span class='ocrx_word' id='word_1_882' title='bbox 2482 5088 2699 5157; x_wconf 75' lang='grc' dir='ltr'>ἐλεγχος</span> <span class='ocrx_word' id='word_1_883' title='bbox 2728 5090 2783 5141; x_wconf 86' lang='grc' dir='ltr'><strong>ἐν</strong></span> <span class='ocrx_word' id='word_1_884' title='bbox 2808 5092 2917 5152; x_wconf 87' lang='grc' dir='ltr'>τοῖς</span> <span class='ocrx_word' id='word_1_885' title='bbox 2942 5088 3161 5151; x_wconf 77' lang='grc' dir='ltr'>οἰκείοις</span> <span class='ocrx_word' id='word_1_886' title='bbox 3184 5088 3366 5151; x_wconf 86' lang='grc' dir='ltr'>τόποις</span> <span class='ocrx_word' id='word_1_887' title='bbox 3409 5088 3769 5158; x_wconf 84' lang='grc' dir='ltr'>ἀναμεινάτω.</span> <span class='ocrx_word' id='word_1_888' title='bbox 3812 5087 3953 5159; x_wconf 80' lang='grc' dir='ltr'>Ἐγὼ</span> <span class='ocrx_word' id='word_1_889' title='bbox 3983 5088 4032 5140; x_wconf 83' lang='grc' dir='ltr'><strong>δέ</strong></span> 
     </span>
    </p>
   </div>
   <div class='ocr_carea' id='block_1_114' title="bbox 2455 5178 4031 5250">
    <p class='ocr_par' dir='ltr' id='par_1_114' title="bbox 2455 5178 4031 5250">
     <span class='ocr_line' id='line_1_114' title="bbox 2455 5178 4031 5250; baseline -0.001 -18"><span class='ocrx_word' id='word_1_890' title='bbox 2455 5180 2575 5243; x_wconf 73' lang='grc' dir='ltr'>,καὶ</span> <span class='ocrx_word' id='word_1_891' title='bbox 2605 5180 2702 5248; x_wconf 86' lang='grc' dir='ltr'>τὴν</span> <span class='ocrx_word' id='word_1_892' title='bbox 2727 5178 2820 5232; x_wconf 78' lang='grc' dir='ltr'>τοῦ</span> <span class='ocrx_word' id='word_1_893' title='bbox 2853 5180 3143 5250; x_wconf 83' lang='grc' dir='ltr'>ἁγεννήτου</span> <span class='ocrx_word' id='word_1_894' title='bbox 3173 5178 3558 5250; x_wconf 85' lang='grc' dir='ltr'>προσηγορίαν,</span> <span class='ocrx_word' id='word_1_895' title='bbox 3592 5178 3693 5232; x_wconf 82' lang='grc' dir='ltr'>κᾶν</span> <span class='ocrx_word' id='word_1_896' title='bbox 3712 5178 3782 5231; x_wconf 83' lang='grc' dir='ltr'><strong>τά</strong></span> <span class='ocrx_word' id='word_1_897' title='bbox 3806 5178 4031 5250; x_wconf 77' lang='grc' dir='ltr'>μάλιστα</span> 
     </span>
    </p>
   </div>
   <div class='ocr_carea' id='block_1_115' title="bbox 2478 5333 4025 5402">
    <p class='ocr_par' dir='ltr' id='par_1_115' title="bbox 2478 5333 4025 5402">
     <span class='ocr_line' id='line_1_115' title="bbox 2478 5333 4025 5402; baseline -0.002 -14"><span class='ocrx_word' id='word_1_898' title='bbox 2478 5348 2537 5388; x_wconf 87' lang='lat' dir='ltr'><strong>se</strong></span> <span class='ocrx_word' id='word_1_899' title='bbox 2585 5334 2870 5396; x_wconf 75' lang='lat' dir='ltr'><strong>dissidere.</strong></span> <span class='ocrx_word' id='word_1_900' title='bbox 2912 5334 3000 5387; x_wconf 87' lang='lat' dir='ltr'><strong>alii</strong></span> <span class='ocrx_word' id='word_1_901' title='bbox 3036 5333 3194 5387; x_wconf 86' lang='lat' dir='ltr'><strong>aliam</strong></span> <span class='ocrx_word' id='word_1_902' title='bbox 3253 5334 3577 5401; x_wconf 85' lang='lat' dir='ltr'><strong>scripturam</strong></span> <span class='ocrx_word' id='word_1_903' title='bbox 3637 5333 4025 5402; x_wconf 67' lang='lat' dir='ltr'><strong>praeferentes;</strong></span> 
     </span>
    </p>
   </div>
   <div class='ocr_carea' id='block_1_116' title="bbox 2477 5404 3978 5473">
    <p class='ocr_par' dir='ltr' id='par_1_116' title="bbox 2477 5404 3978 5473">
     <span class='ocr_line' id='line_1_116' title="bbox 2477 5404 3978 5473; baseline -0.001 -16"><span class='ocrx_word' id='word_1_904' title='bbox 2477 5420 2597 5473; x_wconf 67' lang='lat' dir='ltr'><strong>qute</strong></span> <span class='ocrx_word' id='word_1_905' title='bbox 2625 5407 2849 5458; x_wconf 83' lang='lat' dir='ltr'><strong>variatio</strong></span> <span class='ocrx_word' id='word_1_906' title='bbox 2875 5416 2928 5457; x_wconf 92' lang='lat' dir='ltr'><strong>et</strong></span> <span class='ocrx_word' id='word_1_907' title='bbox 2956 5405 3005 5455; x_wconf 85' lang='lat' dir='ltr'><strong>in</strong></span> <span class='ocrx_word' id='word_1_908' title='bbox 3043 5405 3172 5469; x_wconf 85' lang='lat' dir='ltr'><strong>ipsis</strong></span> <span class='ocrx_word' id='word_1_909' title='bbox 3195 5405 3345 5457; x_wconf 90' lang='lat' dir='ltr'><strong>libris</strong></span> <span class='ocrx_word' id='word_1_910' title='bbox 3378 5406 3655 5470; x_wconf 88' lang='lat' dir='ltr'><strong>impressis</strong></span> <span class='ocrx_word' id='word_1_911' title='bbox 3685 5404 3978 5456; x_wconf 85' lang='lat' dir='ltr'><strong>invenitur.</strong></span> 
     </span>
    </p>
   </div>
   <div class='ocr_carea' id='block_1_117' title="bbox 2485 5471 4025 5558">
    <p class='ocr_par' dir='ltr' id='par_1_117' title="bbox 2485 5471 4025 5558">
     <span class='ocr_line' id='line_1_117' title="bbox 2485 5471 4025 5558; baseline -0.005 -28"><span class='ocrx_word' id='word_1_912' title='bbox 2485 5471 2509 5558; x_wconf 47' lang='grc' dir='ltr'><strong>’ξ</strong></span> <span class='ocrx_word' id='word_1_913' title='bbox 2547 5475 2623 5545; x_wconf 90' lang='lat'><strong>(8)</strong></span> <span class='ocrx_word' id='word_1_914' title='bbox 2654 5475 2791 5528; x_wconf 85' lang='lat' dir='ltr'><strong>Editi</strong></span> <span class='ocrx_word' id='word_1_915' title='bbox 2844 5473 2917 5537; x_wconf 85' lang='grc' dir='ltr'>ὡς</span> <span class='ocrx_word' id='word_1_916' title='bbox 2964 5474 3398 5545; x_wconf 78' lang='grc' dir='ltr'>διαμφισϐητεῖν.</span> <span class='ocrx_word' id='word_1_917' title='bbox 3449 5476 3518 5527; x_wconf 79' lang='lat' dir='ltr'><strong>At</strong></span> <span class='ocrx_word' id='word_1_918' title='bbox 3558 5488 3687 5526; x_wconf 85' lang='lat' dir='ltr'><strong>mss.</strong></span> <span class='ocrx_word' id='word_1_919' title='bbox 3724 5487 3833 5525; x_wconf 88' lang='lat' dir='ltr'><strong>non</strong></span> <span class='ocrx_word' id='word_1_920' title='bbox 3882 5471 4025 5541; x_wconf 88' lang='lat' dir='ltr'><strong>pauci</strong></span> 
     </span>
    </p>
   </div>
   <div class='ocr_carea' id='block_1_118' title="bbox 2474 5561 2635 5596">
    <p class='ocr_par' dir='ltr' id='par_1_118' title="bbox 2474 5561 2635 5596">
     <span class='ocr_line' id='line_1_118' title="bbox 2474 5561 2635 5596; baseline -0.006 0"><span class='ocrx_word' id='word_1_921' title='bbox 2474 5561 2635 5596; x_wconf 90' lang='grc' dir='ltr'>ωστε.</span> 
     </span>
    </p>
   </div>
   <div class='ocr_carea' id='block_1_119' title="bbox 2544 5610 3753 5685">
    <p class='ocr_par' dir='ltr' id='par_1_119' title="bbox 2544 5610 3753 5685">
     <span class='ocr_line' id='line_1_119' title="bbox 2544 5610 3753 5685; baseline -0.002 -18"><span class='ocrx_word' id='word_1_922' title='bbox 2544 5614 2623 5685; x_wconf 73' lang='lat'><strong>(9)</strong></span> <span class='ocrx_word' id='word_1_923' title='bbox 2642 5614 2776 5685; x_wconf 78' lang='lat' dir='ltr'><strong>Reg.</strong></span> <span class='ocrx_word' id='word_1_924' title='bbox 2810 5612 3316 5685; x_wconf 68' lang='grc' dir='ltr'>ιειιίιιεάγέννητος</span> <span class='ocrx_word' id='word_1_925' title='bbox 3327 5611 3417 5685; x_wconf 21' lang='grc' dir='ltr'><strong>ῌούέ</strong></span> <span class='ocrx_word' id='word_1_926' title='bbox 3440 5610 3753 5685; x_wconf 54' lang='grc' dir='ltr'>γεγένηται.</span> 
     </span>
    </p>
   </div>
   <div class='ocr_carea' id='block_1_120' title="bbox 2545 5678 4024 5753">
    <p class='ocr_par' dir='ltr' id='par_1_120' title="bbox 2545 5678 4024 5753">
     <span class='ocr_line' id='line_1_120' title="bbox 2545 5678 4024 5753; baseline -0.005 -16"><span class='ocrx_word' id='word_1_927' title='bbox 2545 5678 2655 5753; x_wconf 73' lang='grc'><strong>(10)</strong></span> <span class='ocrx_word' id='word_1_928' title='bbox 2698 5678 2831 5737; x_wconf 56' lang='grc' dir='ltr'><strong>Ε’(ιίιὶ</strong></span> <span class='ocrx_word' id='word_1_929' title='bbox 2857 5684 2945 5736; x_wconf 82' lang='grc' dir='ltr'><strong>τὸν</strong></span> <span class='ocrx_word' id='word_1_930' title='bbox 2980 5678 3106 5735; x_wconf 83' lang='grc' dir='ltr'>Υἱὸν</span> <span class='ocrx_word' id='word_1_931' title='bbox 3130 5678 3504 5751; x_wconf 74' lang='grc' dir='ltr'>γεγεννῆσθαι,</span> <span class='ocrx_word' id='word_1_932' title='bbox 3523 5678 3765 5753; x_wconf 35' lang='grc' dir='ltr'><strong>ῌΙῖξῐέιιηι</strong></span> <span class='ocrx_word' id='word_1_933' title='bbox 3790 5679 4024 5753; x_wconf 0' lang='lat' dir='ltr'><strong>(genitum</strong></span> 
     </span>
    </p>
   </div>
   <div class='ocr_carea' id='block_1_121' title="bbox 2475 5749 4022 5821">
    <p class='ocr_par' dir='ltr' id='par_1_121' title="bbox 2475 5749 4022 5821">
     <span class='ocr_line' id='line_1_121' title="bbox 2475 5749 4022 5821; baseline -0.003 -14"><span class='ocrx_word' id='word_1_934' title='bbox 2475 5770 2601 5817; x_wconf 62' lang='lat' dir='ltr'><strong>esse.</strong></span> <span class='ocrx_word' id='word_1_935' title='bbox 2632 5749 2700 5806; x_wconf 73' lang='grc' dir='ltr'><strong>λι</strong></span> <span class='ocrx_word' id='word_1_936' title='bbox 2725 5768 2854 5806; x_wconf 88' lang='lat' dir='ltr'><strong>mss.</strong></span> <span class='ocrx_word' id='word_1_937' title='bbox 2879 5754 3115 5821; x_wconf 82' lang='lat' dir='ltr'><strong>plerique</strong></span> <span class='ocrx_word' id='word_1_938' title='bbox 3145 5749 3332 5804; x_wconf 75' lang='lat' dir='ltr'><strong>omnes</strong></span> <span class='ocrx_word' id='word_1_939' title='bbox 3350 5749 3706 5820; x_wconf 80' lang='grc' dir='ltr'>γεγενῆσθαι.</span> <span class='ocrx_word' id='word_1_940' title='bbox 3752 5750 3870 5805; x_wconf 74' lang='lat' dir='ltr'><strong>Nox</strong></span> <span class='ocrx_word' id='word_1_941' title='bbox 3900 5749 4022 5815; x_wconf 70' lang='lat' dir='ltr'><strong>lies.</strong></span> 
     </span>
    </p>
   </div>
   <div class='ocr_carea' id='block_1_122' title="bbox 2479 5821 3536 5892">
    <p class='ocr_par' dir='ltr' id='par_1_122' title="bbox 2479 5821 3536 5892">
     <span class='ocr_line' id='line_1_122' title="bbox 2479 5821 3536 5892; baseline -0.003 -15"><span class='ocrx_word' id='word_1_942' title='bbox 2479 5826 2666 5879; x_wconf 86' lang='lat' dir='ltr'><strong>tertius</strong></span> <span class='ocrx_word' id='word_1_943' title='bbox 2688 5838 2806 5878; x_wconf 89' lang='lat' dir='ltr'><strong>cum</strong></span> <span class='ocrx_word' id='word_1_944' title='bbox 2835 5823 2983 5878; x_wconf 87' lang='lat' dir='ltr'><strong>Colb.</strong></span> <span class='ocrx_word' id='word_1_945' title='bbox 3007 5823 3186 5885; x_wconf 84' lang='grc' dir='ltr'>τόποις</span> <span class='ocrx_word' id='word_1_946' title='bbox 3207 5821 3536 5892; x_wconf 82' lang='grc' dir='ltr'>ἀναμενέτω.</span> 
     </span>
    </p>
   </div>
  </div>
