4230 6496
268 465 373 522 51ῗ

1328 455 1719 521 'ADVEliSUS
1750 465 2114 521 EUNOMIUM
2156 466 2283 519 LIB.
2326 465 2367 519 I.

3386 471 3489 525 518

263 585 396 655 δοκῇ
420 587 535 649 ταῖς
561 585 787 648 ἐννοίαις
821 584 977 656 ἡμῶν
1001 584 1333 655 συμϐαίνειν,
1367 585 1478 637 ἀλλ’
1502 582 1594 639 οὖν
1628 586 1702 649 ὡς
1736 587 1828 638 οὐ-

1875 592 1903 648 A
1934 601 2073 642 esse.
2120 586 2187 639 At
2220 585 2513 654 impietatis
2557 587 2609 639 in
2644 586 2837 641 Filium
2881 584 3181 641 confutatio
3212 587 3323 641 suis
3361 587 3496 643 locis

266 678 441 746 δαμοῦ
484 680 579 749 τῆς
616 678 835 749 Γραφῆς
869 677 1145 747 κειμένην,
1188 678 1281 731 καὶ
1321 678 1533 747 πρῶτον
1576 682 1833 749 στοιχεῖον

270 764 434 822 οὖσαν
470 773 567 840 τῆς
595 769 937 838 βλασφημίας
960 770 1157 834 αὐτῶν,
1193 771 1495 823 σιωπᾶσθαι
1526 769 1591 821 ἂν
1614 770 1835 833 δικαίως

268 862 428 929 ἀξίαν
461 858 597 915 εἶναι
631 863 891 932 φήσαιμι,
914 864 1009 933 τῆς
1050 862 1263 932 Πατρὺς
1312 865 1493 934 φωνῆς
1542 862 1650 914 ίσον
1676 863 1834 914 δυνα-

272 956 442 1025 μένης
486 953 561 1023 τῷ
592 954 887 1026 ἀγεννήτῳ,
917 956 1050 1027 πρὸς
1081 954 1157 1025 τῷ
1182 955 1271 1006 καὶ
1302 956 1397 1026 τὴν
1432 955 1557 1025 περὶ
1585 953 1675 1006 τοῦ
1708 953 1834 1005 Υίοῦ

270 1048 478 1100 ἔννοιαν
506 1048 861 1117 συνημμένως
901 1050 1065 1116 ἑαυτῇ
1096 1047 1182 1099 διὰ
1215 1047 1312 1117 τῆς
1347 1049 1581 1119 σχέσεως
1618 1065 1835 1100 συνεισ-

238 1178 251 1195 ,
268 1138 443 1204 ἀγειν.
479 1138 534 1187 Ὀ
558 1138 662 1209 γὰρ
688 1140 852 1200 ὅντως
879 1138 1063 1207 Πατὴρ
1083 1137 1173 1188 καὶ
1200 1138 1357 1206 μόνος
1379 1141 1434 1204 ἐξ
1456 1139 1663 1203 οὐδενός
1693 1142 1837 1194 ἐστιν

268 1227 487 1298 ἑτέρουο
520 1229 577 1282 τὸ
609 1231 683 1293 δὲ,
717 1229 773 1292 ἐξ
798 1228 1025 1293 οὐδενὸς,
1050 1230 1241 1282 ταυτόν
1273 1230 1498 1301 ἐστιτῷ.
1523 1232 1833 1303 ἀγέννητος.

269 1318 345 1370 Οὐ
381 1321 556 1373 τοίνυν
597 1322 885 1390 ἀγέννητον
916 1324 1374 1393 προσαγορευτέω
1419 1323 1615 1393 μᾶλλον
1650 1327 1775 1395 ἡμῖν
1804 1324 1835 1394 ἢ

272 1409 511 1482 Πατέρα,
546 1416 597 1465 εί
625 1428 686 1479 γε
726 1412 797 1481 μὴ
831 1412 1113 1485 μέλλοιμεν
1154 1412 1301 1469 εἶναι’
1318 1415 1609 1486 σοφώτεροι
1636 1418 1743 1470 τῶν
1770 1417 1840 1468 δι-

268 1500 559 1572 δαγμάτων
611 1502 702 1555 τοῦ
767 1504 1035 1577 Σωτῆρος,
1079 1509 1346 1569 εἰπόντος·
1406 1510 1835 1575 Πορευθέντες,

260 1592 579 1657 ,ϐαπτίζετε
618 1597 704 1661 είς
729 1596 791 1649 τὸ
818 1597 1003 1666 ὄνομα
1031 1598 1135 1650 τοῦ
1165 1600 1409 1665 Πατρός,
1453 1600 1566 1652 ἀλλ’
1595 1602 1713 1668 οὐχ).
1744 1597 1838 1651 τοῦ

271 1688 586 1755 ἁγεννήτου.
613 1690 717 1741 Καὶ
740 1689 908 1743 ταῦτα
948 1690 1042 1757 μὲν
1071 1689 1148 1753 είς
1173 1689 1437 1746 τοσοῦτον.
1468 1692 1656 1762 Ἡμεῖς
1684 1692 1739 1744 δὲ
1771 1690 1840 1744 τὰ

276 1779 471 1848 συνεχῆ
521 1782 610 1833 τοῦ
664 1781 819 1848 λόγου
866 1781 1280 1853 διασκεψώμεθα
1313 1786 1443 1855 (ll).
1493 1786 1700 1853 Ὀλίγον
1732 1784 1841 1855 γὰρ

271 1871 569 1939 προελθὼν,
620 1874 712 1925 καὶ
757 1868 866 1926 οἷον
915 1876 1475 1945 συγκεφαλαιούμενος
1524 1879 1682 1940 αὐτὸς
1726 1878 1837 1949 (12)

264 1961 449 2032 ἑαυτῷ
477 1964 543 2015 τὰ
583 1966 867 2035 εἰρημένα,
897 1967 1036 2019 οὕτω
1070 1968 1293 2038 γράφει.

1938 687 2265 733 reservetur.
2305 676 2416 744 Ego
2450 692 2574 730 vero
2608 680 2766 731 etiam
2804 679 3024 748 ingeniti
3056 678 3495 747 appellationem,

1934 782 2238 840 quanquam
2282 766 2515 819 maxime
2577 773 2760 819 nostro
2800 767 3127 837 intelligendi
3174 768 3333 819 modo
3362 780 3495 818 con-

1937 878 2129 931 gruere
2161 861 2392 925 videtur,
2432 868 2607 912 tamen
2638 858 2777 927 quod
2812 874 3073 928 nusquam
3125 858 3177 911 in
3215 857 3496 927 Scriptura

1940 962 2245 1022 usurpetur,
2292 952 2465 1020 sitque
2509 952 2738 1019 primum
2788 950 3075 1017 impietatis
3121 951 3358 1021 ipsorum
3398 950 3501 1003 ele-

1939 1055 2199 1109 mentum,
2238 1044 2376 1098 hanc
2405 1044 2622 1097 silentio
2660 1043 2777 1111 jure
2816 1044 3124 1097 tradendam
3173 1058 3296 1099 esse
3331 1043 3499 1097 duxe-

1941 1139 2060 1191 ritn.
2092 1137 2297 1206 Quippe
2337 1152 2435 1191 vox
2470 1136 2646 1191 Patris
2692 1136 2829 1188 idem
2861 1134 3002 1188 valet
3030 1136 3170 1202 quod
3208 1152 3309 1190 vox
3350 1140 3499 1207 inge-

1941 1233 2058 1293 niti,
2091 1242 2441 1298 prreterquam
2470 1228 2615 1299 quod
2640 1227 2758 1281 Filii
2787 1228 2948 1280 etiam
2982 1228 3249 1280 notionem
3280 1230 3499 1297 conjuin

1939 1323 2067 1376 ctim
2105 1338 2197 1391 per
2243 1324 2554 1378 relationem
2587 1322 2743 1377 simul
2778 1321 3051 1389 prtefet'at.
3086 1319 3185 1384 Qui
3218 1319 3360 1372 enim
3410 1336 3498 1373 re-

1942 1428 2063 1465 vera
2090 1420 2143 1466 et
2168 1414 2313 1466 solus
2346 1411 2502 1466 Pater
2541 1425 2643 1477 cst,
2678 1430 2741 1467 ex
2776 1413 2924 1466 nullo
2968 1412 3072 1465 alio
3105 1422 3225 1464 est:
3258 1413 3360 1464 hoc
3390 1426 3501 1462 au—

1942 1514 2047 1559 tem
2080 1506 2217 1572 quod
2253 1521 2316 1557 ex
2354 1504 2503 1558 nullo
2545 1516 2644 1569 est,
2694 1506 2834 1558 idem
2883 1515 2966 1559 est
3007 1516 3168 1573 atque
3202 1504 3495 1574 ingenitus.

1942 1596 2054 1652 Non
2086 1599 2248 1666 igitur
2274 1598 2443 1664 magis
2471 1596 2739 1663 ingenitus
2763 1610 2923 1663 quam
2966 1596 3121 1649 Pater
3147 1594 3499 1663 appellandus

1943 1692 2097 1743 nobis
2126 1698 2226 1753 est,
2256 1688 2357 1742 nisi
2390 1686 2690 1740 Salvatoris
2716 1688 3033 1740 documenta
3061 1686 3387 1740 voluerimus
3418 1700 3500 1739 sa-

1944 1782 2138 1848 pientia
2173 1796 2447 1849 superare,
2478 1781 2567 1847 qui
2599 1779 2770 1833 dixit:
2807 1777 3001 1831 Euam
3030 1779 3290 1847 bapn‘mte
3320 1779 3374 1829 in
3405 1794 3493 1830 no-

1943 1875 2081 1925 mine
2112 1874 2290 1926 Patris
2322 1876 2386 1940 5',
2434 1888 2539 1927 non
2572 1871 2819 1942 ingeniti.
2855 1871 2956 1924 Sed
2988 1871 3054 1924 de
3100 1873 3179 1925 liis
3219 1873 3499 1925 hactenus.

1875 1959 1917 2013 Β
1948 1969 2054 2023 Nos
2081 1982 2209 2021 vero
2232 1982 2293 2020 ea
2322 1984 2440 2037 quae
2468 1967 2710 2038 proxime
2735 1963 2919 2027 refert,
2949 1965 3332 2032 expendamus.
3362 1961 3499 2016 Ν.ιιιι

270 2055 362 2108 ubi
417 2057 687 2124 paululum
724 2074 1038 2127 progressus
1065 2072 1170 2122 est.
1203 2062 1413 2131 sibique
1466 2064 1578 2131 ipse
1604 2079 1667 2117 ea
1705 2064 2036 2132 quaadixerat
2068 2063 2211 2117 velut
2241 2062 2291 2115 in
2325 2075 2589 2114 summam
2619 2059 2840 2128 redegit,
2870 2061 2949 2111 sic
2978 2057 3179 2110 scribit.

343 2151 501 2202 ΕΥΝ.
549 2152 668 2222 'Ap’
698 2150 810 2217 οὖν,
844 2155 890 2206 εἰ
914 2156 1051 2225 μήτε
1094 2156 1255 2219 αὐτὸς
1298 2156 1510 2221 ἑαυτοῦ,
1563 2157 1699 2228 μήτε
1728 2158 1844 2209 ξτες

267 2243 362 2315 ρόν
395 2260 445 2295 τι
480 2243 642 2296 αὑτοῦ
695 2247 1067 2317 προῦπάρχειν
1122 2248 1409 2315 δέδεικται,
1472 2248 1578 2320 πρὸ
1615 2250 1671 2303 δὲ
1700 2249 1839 2303 πάν-

266 2354 376 2388 των
410 2335 593 2400 αὐτὸς,
643 2338 924 2391 ἀκολουθεῖ
958 2340 1129 2410 τούτῳ
1173 2341 1233 2393 τὸ
1275 2342 1599 2413 ἀγέννητον·
1640 2342 1839 2413 μᾶλλον

263 2428 323 2480 δὲ
357 2428 485 2481 αὑτό
519 2431 662 2483 ἐστιν
683 2431 791 2499 (15)
818 2431 972 2483 οὐσία
1006 2433 1314 2503 ἀγέννητος.

341 2521 487 2574 ΒΑΣ.
529 2524 630 2575 Ἦν
669 2524 847 2577 τοίνυν
883 2525 939 2578 ὲν
976 2524 1185 2588 τούτοις
1218 2525 1582 2595 ὲφωράσαμεν
1608 2542 1840 2598 κακουρ-

264 2611 391 2677 γίαν
418 2613 643 2665 συνιδεῖν
666 2616 782 2685 μὲν,
820 2611 970 2685 οἶμαι
988 2616 1118 2685 (Hi,
1146 2617 1239 2670 καὶ
1274 2617 1413 2671 πάνυ
1456 2618 1634 2688 ῥᾴδιον
1653 2618 1729 2687 τῷ
1746 2619 1838 2671 καὶ

269 2705 463 2770 μικρὸν
504 2706 875 2775 ὲπιστήσαντι,
909 2710 1121 2779 ἐμφανῆ
1151 2710 1205 2762 δὲ
1234 2700 1451 2781 ποιῆσαι
1491 2714 1601 2775 τοῖς
1628 2713 1838 2777 πολλοῖς

263 2793 363 2843 οὐκ
396 2794 651 2864 εὐμαρές.
682 2798 824 2865 Πλὴν
851 2798 981 2849 ἀλλά
1010 2802 1312 2869 πειρατέον,
1340 2804 1436 2871 τὴν
1467 2804 1653 2857 ἐλπίδα
1679 2805 1838 2877 θεμέ-

262 2898 389 2949 νους
422 2888 513 2939 ἐπὶ
554 2888 643 2940 τὸν
688 2889 897 2943 διδόντα
951 2893 1100 2961 ῥῆμα
1152 2896 1263 2954 τοῖς
1308 2896 1832 2965 εὐαγγελιζομένοις,

260 2976 488 3049 δυνάμει
538 2978 724 3049 πολλῇ.
764 2980 965 3043 Εἰπὼν,
1010 2982 1109 3046 ὅτι,
1147 2985 1195 3034 εί
1232 2985 1367 3053 μήτε
1414 2985 1574 3047 αὐτὸς
1617 2988 1832 3049 ἑαυτοῦ,

266 3070 405 3139 μήτε
455 3070 639 3141 ἕτερόν
683 3088 733 3123 τι
773 3072 933 3125 αὐτοῦ
984 3073 1342 3143 προῦπάρχει,
1377 3072 1656 3127 ἀκολουθεί
1688 3075 1835 3145 αὐτῷ

260 3161 325 3214 τὸ
366 3162 685 3232 ἀγέννητον·
734 3160 849 3215 εἶτα
893 3163 1137 3227 συνιδὼν,
1173 3166 1252 3218 ὅτι
1288 3168 1351 3219 ἐκ
1384 3167 1481 3237 τῆς
1510 3166 1616 3219 τῶν
1648 3166 1833 3219 τεθέν-

262 3270 372 3305 των
405 3254 721 3318 ἀκολουθίας
758 3256 890 3324 πρὸς
932 3257 993 3307 τὸ
1027 3259 1262 3310 ὲναντίον
1310 3259 1456 3328 αὐτῷ
1490 3259 1775 3331 περιῆλθεν
1804 3261 1832 3312 ὁ

260 3344 419 3415 λόγος
448 3347 518 3417 (εί
546 3346 653 3417 γάρ
689 3346 972 3399 ἀκολουθεί
1008 3348 1083 3416 τῷ
1116 3348 1234 3417 Θεῴ
1266 3350 1324 3401 τὸ
1357 3352 1667 3421 ἀγέννητον,
1704 3352 1831 3416 ἔξω·

2016 2156 2146 2209 Euu.
2176 2155 2382 2222 Itaque.
2432 2154 2476 2206 si
2512 2163 2785 2206 ostensum
2812 2160 2894 2204 est
2933 2164 3112 2219 neque
3161 2149 3335 2218 ipsum
3377 2159 3502 2201 ante

1945 2248 2204 2317 seipsum,
2229 2260 2399 2314 neque
2439 2246 2728 2314 quidquam
2760 2242 2905 2295 aliud
2960 2251 3086 2295 ante
3134 2242 3307 2309 ipsum
3340 2256 3459 2295 esse
3483 2279 3499 2303 ,

1943 2340 2035 2395 sed
2078 2340 2251 2409 ipsum
2305 2346 2428 2392 ante
2459 2337 2638 2390 omnia
2684 2343 2941 2389 exstare:
2980 2333 3221 2402 sequitur
3248 2331 3390 2385 illum
3423 2333 3502 2386 in-

1942 2434 2219 2503 generatio
2251 2450 2263 2484 :
2298 2432 2403 2485 imo
2429 2432 2603 2499 potius
2626 2429 2739 2497 ipsa
2766 2437 2845 2482 est
2877 2427 3173 2482 substantia
3205 2425 3462 2495 ingenita.

2013 2525 2134 2579 Bas.
2162 2525 2391 2578 Proinde
2419 2536 2577 2592 quam
2608 2522 2659 2575 in
2698 2520 2782 2573 liis
2818 2519 3270 2590 deprehendimus
3293 2520 3500 2588 improo

1942 2616 2186 2681 bitatem,
2227 2617 2525 2684 intelligere
2554 2615 2792 2683 quidem,
2835 2622 2891 2667 ut
2932 2624 3080 2682 puto,
3112 2613 3267 2666 facile
3288 2621 3370 2666 est
3402 2612 3500 2666 ad-

1945 2710 2157 2761 modum
2184 2710 2253 2775 ei,
2303 2709 2390 2777 qui
2425 2707 2505 2761 vel
2558 2707 2747 2761 leviter
2799 2705 3087 2759 attenderit
3115 2708 3351 2758 animum
3386 2724 3398 2756 :
3446 2716 3503 2758 at

1941 2818 2057 2857 eam
2083 2802 2240 2871 vulgo
2270 2801 2611 2854 manilcstam
2648 2801 2871 2855 reddere
2893 2815 2995 2853 non
3026 2800 3095 2852 ita
3122 2798 3285 2852 fuerit
3320 2798 3496 2853 facile.

1940 2896 2275 2949 Tentandum
2302 2906 2499 2958 tamen,
2519 2903 2864 2964 posteaquam
2888 2908 3031 2963 spem
3054 2892 3497 2947 collocaverimus

1940 2988 2099 3049 ineo,
2136 2988 2225 3055 qui
2251 2988 2572 3040 datverbum
2594 2986 3106 3052 evangelizantibus,
3144 2986 3339 3038 virtute
3359 2985 3499 3037 mul-

1941 3086 1991 3131 ta
2012 3079 2075 3129 “.
2108 3078 2323 3131 Dixerat
2355 3093 2513 3146 porro
2562 3079 2699 3147 quod
2739 3079 2887 3141 illud,
2928 3077 2973 3130 si
3005 3090 3175 3143 neque
3213 3076 3327 3143 ipse
3375 3086 3499 3130 ante

1940 3172 2196 3239 seipsum,
2227 3185 2396 3239 neque
2426 3170 2570 3223 aliud
2617 3171 2909 3237 quidquam
2932 3178 3054 3220 aute
3079 3168 3251 3236 ipsum
3278 3180 3381 3233 est,
3413 3183 3499 3223 se-

1939 3261 2486 3331 quaturingeneratio
2517 3280 2529 3314 :
2559 3261 2651 3313 sed
2686 3263 3023 3328 postmodum
3050 3259 3313 3313 intellexit
3338 3264 3497 3315 verba

1940 3368 2033 3409 sua
2054 3355 2153 3408 sibi
2175 3355 2244 3407 ob
2264 3353 2532 3421 jactorum
2555 3352 3022 3404 fundamentorum
3049 3354 3495 3420 consequentiam

262 3440 356 3494 θεν
383 3438 529 3508 αὑτῷ
559 3439 861 3507 παρέπεται
893 3437 1152 3508 δηλονότι.
1182 3440 1253 3490 Τὸ
1274 3440 1328 3491 δὲ
1356 3440 1552 3505 ἔξωθεν
1578 3442 1671 3493 τοῦ
1699 3444 1832 3496 Θεοῦ

1875 3437 1903 3493 [1
1940 3447 1991 3498 in
2012 3446 2336 3499 contrariam
2358 3454 2562 3511 partem
2589 3442 2800 3495 cedere.
2828 3440 2959 3494 Nam
2986 3442 3029 3495 si
3060 3442 3222 3495 Deum
3256 3445 3500 3511 sequitur

259 3530 362 3582 οὐκ
394 3530 548 3583 ουσία
580 3528 744 3582 αὑτοῦ
773 3530 939 3583 ἐστιν.
982 3529 1075 3581 Ἐκ
1110 3528 1165 3581 δὲ
1196 3530 1525 3601 sctit-va5)
1558 3534 1833 3603 οίχήσεται

256 3621 514 3691 διαρρυὲν
538 3622 687 3693 αὐτῷ
712 3622 772 3674 τὸ
803 3619 1181 3693 σκαιιῖῳημα),
1201 3624 1281 3674 ἵνα
1314 3623 1369 3674 δὲ
1394 3625 1465 3695 μὴ
1488 3625 1642 3677 τοῦτο
1662 3625 1829 3697 πάθῃ,

257 3714 321 3765 τί·
355 3716 525 3777 notet;
563 3716 742 3785 Βραχὺ
779 3716 1071 3786 φροντίσας
1101 3714 1194 3767 τοῦ
1229 3715 1480 3783 γέλωτος,
1522 3717 1579 3768 ὃν
1626 3719 1717 3769 ἐπὶ
1753 3717 1830 3788 τῷ

255 3807 327 3859 τὰ
360 3807 690 3861 ἀνακόλουθα
713 3810 889 3878 λέγειν
921 3808 1143 3879 ὑπέχειν
1176 3808 1385 3877 ἔμελλε,
1416 3813 1480 3880 τῇ
1514 3810 1827 3880 ἐπιδιορθώ-

258 3918 344 3953 σει
396 3901 646 3971 ἀπήγαγε
691 3902 780 3955 τὸν
824 3903 979 3971 λόγον
1026 3904 1160 3975 πρὸς
1204 3903 1237 3957 ἀ
1285 3901 1563 3966 ἐϐούλετο,
1620 3904 1822 3955 εἰπών·

255 3993 472 4046 Μᾶλλον
497 3994 553 4047 δὲ
592 3995 720 4048 αὐτό
743 3995 852 4067 (16)
884 3998 1028 4049 ἐστιν
1058 3997 1212 4049 οὐσία
1240 3994 1553 4065 ἀγέννητος.
1580 3992 1747 4048 Τοῦτο
1768 3995 1823 4047 δὲ

251 4084 512 4157 οὐδεμίαν
558 4087 655 4157 μὲν
698 4085 809 4157 ἔχει
855 4088 1138 4157 ὁμολογίαν
1174 4087 1308 4158 πρὸς
1354 4086 1425 4139 τὰ
1478 4087 1786 4157 προάγοντα
1812 4104 1826 4119 ·

253 4176 375 4240 πῶς
408 4176 513 4249 γὰρ
546 4179 637 4231 καὶ
659 4178 917 4249 ἑπόμενον
947 4177 1093 4248 αὐτῷ
1119 4178 1178 4230 τὸ
1197 4178 1306 4248 (17)
1329 4178 1619 4250 ἀγέννητον
1648 4178 1827 4243 όΘεὸς

330 4295 378 4326 ⁸⁸
404 4294 590 4348 Matth.
626 4310 811 4361 xxvm,
852 4294 934 4350 l9.
1014 4293 1057 4325 ⁶⁰
1081 4294 1221 4349 Psal.
1257 4310 1422 4358 vau,
1459 4294 1545 4348 12.

328 4408 436 4476 (11)
470 4408 604 4460 Editi
630 4410 707 4470 είς
738 4398 799 4461 τὸ
820 4407 986 4478 ὄνομα
1022 4406 1114 4459 τοῦ
1150 4403 1363 4478 Πατρός
1384 4424 1395 4436 ·
1429 4406 1521 4458 τοῦ
1571 4404 1802 4478 Πατρός,

249 4478 369 4534 ἀλλ’
400 4478 518 4557 οὐχὶ
548 4478 639 4559 τοῦ
672 4476 1053 4559 ἀγεννῄτου...Ἰ
1086 4476 1428 4547 σκεψώμεθα.
1472 4478 1617 4531 Libri
1664 4476 1810 4531 vete-

253 4566 364 4608 res.
405 4551 480 4600 ttti
523 4550 702 4601 videre
739 4561 822 4602 est
848 4550 899 4601 in
937 4556 1211 4602 contextu.

327 4619 437 4689 (l2)
471 4616 546 4670 Ita
606 4619 815 4689 antiqui
850 4619 956 4672 duo
1013 4618 1151 4673 libri.
1189 4618 1301 4672 Vox
1347 4616 1507 4681 αὐτός
1531 4688 1535 4689 ν
1562 4619 1611 4670 in
1651 4619 1809 4672 editis

257 4694 328 4745 de
367 4688 622 4760 ideratttr.
668 4688 1099 4760 Aliquatttnpost
1139 4689 1266 4757 Reg.
1305 4691 1493 4742 tertius
1516 4688 1698 4760 ἔτερόν
1752 4708 1801 4741 τι
1836 4695 1877 4748 D

248 4760 365 4833 πρδ
383 4758 551 4833 αὑτοῦ
564 4760 836 4833 (ὑπάρχειν
852 4758 1675 4833 ἀποδέδεικταιηάιηιοηειναιιιιη
1703 4766 1796 4816 est.

324 4831 436 4901 (£5)
480 4830 652 4901 Editio
702 4830 886 4901 Paris.
918 4840 972 4901 et
1006 4830 1156 4895 Regii
1186 4829 1411 4901 primus,
1448 4831 1713 4883 secundus
1746 4840 1800 4884 et

246 4899 455 4964 sextus,
481 4900 677 4970 μᾶλλον
722 4900 779 4953 δὲ
828 4899 989 4962 αὑτός
1046 4902 1210 4961 ἐστιν,
1252 4900 1355 4950 into
1405 4916 1521 4951 vero
1586 4902 1691 4964 ipse
1727 4910 1799 4952 est

246 4974 540 5025 subrtarttia
571 4972 820 5039 ingenita.
888 4970 1039 5038 Regii
1101 4970 1287 5022 tertius
1322 4970 1633 5039 etAqttintus
1677 4984 1799 5022 eum

245 5042 401 5095 Colb.
433 5053 485 5094 et
527 5037 647 5095 cum
700 5041 937 5093 editione
972 5037 1113 5095 ’Ven.
1157 5039 1352 5108 μᾶλλον
1385 5037 1440 5091 δὲ
1466 5038 1597 5092 αὑτό
1628 5040 1796 5100 ἐστιν,

245 5114 355 5164 imo
412 5128 527 5163 vero
583 5112 693 5178 ipsa
732 5121 803 5162 est
860 5111 1155 5164 substantia
1193 5112 1443 5179 ingenita,
1479 5112 1577 5163 hoc
1625 5120 1709 5162 est
1740 5111 1799 5161 τὸ

244 5180 557 5249 ἀγέννητον,
590 5184 703 5247 ipsa
761 5181 1102 5250 ingeneratio,
1140 5191 1220 5233 est
1279 5180 1580 5250 substantia
1646 5178 1796 5246 inge-

245 5251 748 5305 nita.-—Md.1.tor
786 5251 853 5304 δὲ
901 5252 1049 5304 αὑτό
1102 5252 1272 5303 ἐστιν
1318 5249 1497 5301 οὐσία
1548 5250 1798 5314 ἀγέννη-

240 5339 366 5387 tog.
399 5321 455 5373 Ιιι
505 5324 603 5374 hoc
656 5322 791 5385 loco,
840 5323 927 5390 qui
963 5320 1100 5375 infra
1148 5323 1229 5374 bis
1287 5320 1563 5388 repetitur,
1628 5322 1795 5372 multo

240 5393 442 5447 clarior
466 5393 567 5445 erit
596 5401 704 5444 tota
740 5394 1050 5459 disputatio,
1086 5391 1131 5445 si
1160 5393 1398 5457 legamus
1434 5400 1489 5441 ut
1540 5391 1589 5441 in
1658 5405 1795 5459 non-

241 5463 407 5517 nullis
458 5462 731 5515 codieibus
781 5457 906 5518 ιιιδθ.
956 5473 1011 5515 et
1053 5463 1252 5521 editis.
1293 5460 1653 5521 αὐτός’ὲστιν.
1709 5457 1795 5510 γει

236 5534 413 5602 potius
440 5532 749 5602 ipsetoeus)
782 5543 853 5585 est
891 5533 1183 5585 substantia
1227 5531 1479 5602 ingenita.
1539 5530 1795 5602 Testatur

241 5600 471 5656 Basilius
499 5618 548 5670 p.
580 5601 685 5655 223
720 5602 829 5655 haec
858 5602 1175 5655 Eunomium
1237 5602 1300 5653 de
1350 5601 1453 5651 Deo
1507 5600 1793 5670 universo-

239 5690 361 5725 rum
403 5669 632 5730 dixisse;
660 5672 817 5739 idque
842 5683 987 5741 patet
1016 5688 1079 5725 ex
1114 5674 1194 5723 his
1217 5685 1335 5738 qua:
1360 5670 1603 5741 protinus
1638 5669 1790 5722 addit

238 5746 554 5797 Eunomius.
594 5739 853 5795 Pneterea
882 5743 1149 5808 conceptis
1177 5743 1353 5793 verbis
1388 5741 1489 5793 hoc
1524 5739 1643 5793 loco
1686 5741 1788 5791 non

236 5818 451 5867 dicebat
475 5814 763 5866 Eunomius
793 5815 964 5879 ipsum
1004 5813 1293 5879 ingenitum
1341 5824 1457 5864 esse
1492 5809 1784 5879 essentiam

236 5886 356 5947 Dei,
384 5887 474 5938 sed
502 5900 565 5936 eo
597 5877 839 5948 spectare
868 5883 1008 5937 illius
1044 5877 1205 5936 verba
1237 5884 1488 5936 observat
1530 5877 1786 5943 Basilius,

236 5972 288 6027 p.
321 5957 444 6015 216.
471 5954 675 6009 Martia.

1893 5855 2003 5917 τός.
2038 5856 2139 5907 Alii
2164 5865 2399 5924 quatuor
2428 5869 2555 5906 mss.
2600 5870 2720 5906 cum
2758 5854 2997 5907 editione

1942 3537 2291 3607 ingeneratio,
2312 3552 2372 3591 ea
2398 3535 2469 3588 illi
2490 3534 2672 3603 procul
2713 3534 2875 3587 dubio
2907 3535 3247 3587 extrinsecus
3265 3535 3492 3589 accedit.

1941 3630 2088 3696 Quod
2108 3636 2282 3682 autem
2301 3637 2453 3681 extra
2480 3626 2645 3680 Deum
2672 3633 2775 3689 est,
2809 3627 3106 3680 substantia
3132 3626 3247 3694 ejus
3271 3642 3371 3680 non
3392 3638 3495 3682 est.

1937 3724 2013 3778 Ex
2033 3723 2115 3777 his
2143 3732 2319 3777 autem
2365 3718 2605 3775 dolosum
2635 3717 2778 3771 illius
2805 3727 3168 3773 commentum
3208 3718 3407 3774 dillluet
3434 3737 3498 3775 ac

1937 3815 2217 3869 dilabetur.
2236 3813 2338 3869 Sed
2358 3815 2459 3868 hoc
2479 3812 2610 3867 eine
2626 3811 2853 3876 accidat,
2873 3812 2997 3878 quid
3018 3810 3171 3864 facit?
3190 3810 3340 3866 Haud
3359 3813 3499 3865 mul-

1939 3916 2049 3958 tum
2075 3922 2271 3960 curans
2303 3905 2491 3968 risum,
2520 3918 2679 3972 quem
2710 3902 2778 3955 ob
2816 3902 3108 3971 pugnantia
3145 3916 3263 3969 qua:
3308 3902 3496 3970 loque-

1936 3997 2090 4050 batur
2123 3998 2397 4050 subiturus
2421 4007 2562 4060 erat,
2593 3996 2894 4049 orationem
2925 3997 2988 4049 ad
3019 4009 3080 4048 ea
3119 4010 3237 4065 qua:
3282 3997 3450 4052 voluit
3476 4038 3496 4066 ,

1935 4089 2251 4158 corrigendo
2285 4090 2572 4152 convertit,
2607 4090 2690 4141 his
2719 4089 2941 4141 verbis:
3002 4087 3109 4141 lmo
3148 4090 3326 4157 potius
3378 4090 3495 4145 haec

1935 4180 2048 4251 ipsa
2087 4190 2169 4235 est
2218 4180 2514 4234 substantia
2570 4180 2826 4249 ingenita.
2877 4178 2989 4233 Hoc
3041 4192 3219 4233 autem
3272 4196 3395 4236 cum
3428 4185 3493 4238 iis

1991 4406 2103 4476 (14)
2136 4406 2271 4460 Editi
2323 4404 2550 4458 συνιδεῖν
2578 4404 2695 4468 καὶ,
2735 4397 2907 4476 οἶμαι.
2954 4404 3096 4461 Libri
3140 4417 3345 4463 veteres
3390 4410 3485 4478 iln,

1922 4480 1981 4534 ul.
2011 4480 2303 4533 edidimus.

1989 4571 2103 4640 (15)
2147 4570 2187 4623 Ε
2217 4570 2439 4636 regione
2472 4569 2661 4623 horum
2695 4569 3009 4633 verborum,
3058 4571 3151 4622 Ἐκ
3180 4570 3236 4623 δὲ
3261 4571 3483 4635 τούτων,

1916 4642 1968 4695 in
2031 4641 2273 4709 margine
2334 4640 2467 4709 Heg.
2530 4640 2669 4709 tertii
2726 4641 2982 4706 scriptum
3020 4651 3103 4694 est
3138 4642 3301 4702 illud,
3343 4643 3485 4696 Είδὶ

1904 4713 2061 4766 τοῦτο
2101 4706 2302 4781 δοθείη,
2352 4706 2504 4774 ριὶοά
2546 4711 2590 4761 si
2638 4708 2744 4781 hoc,
2788 4710 3175 4763 concederetur.
3229 4709 3478 4778 Basilius,

1907 4786 2061 4845 cujus
2118 4779 2315 4848 alioqui
2353 4796 2533 4834 sermo
2572 4779 2887 4844 perspicuus
2912 4794 2994 4834 est
3021 4793 3073 4833 et
3104 4781 3285 4834 clarus
3310 4822 3323 4843 .
3356 4784 3481 4835 dttm

1904 4853 2164 4908 obscuras
2204 4851 2453 4903 Eunomii
2491 4848 2722 4915 ineptias
2745 4848 3030 4920 confutare
3059 4854 3293 4920 cogitur,
3318 4848 3374 4905 fit
3427 4865 3483 4906 et

1904 4924 2018 4988 ipse
2048 4921 2445 4991 quodammodo
2486 4923 2771 4991 obscurus.
2833 4918 3159 4991 Eunomianu
3194 4922 3307 4991 illa,
3354 4923 3483 4975 ἀκο-

1902 4983 2081 5045 λουθεῖ
2124 4990 2296 5061 τούτῳ
2349 4990 2406 5041 τὸ
2456 4989 2775 5061 ἀγέννητοῃ
2831 4990 3027 5058 μᾶλλον
3076 4992 3131 5044 δὲ
3181 4983 3313 5046 αὑτό
3335 4993 3481 5046 ἐστιν

1902 5064 2057 5116 οὐσία
2082 5056 2392 5131 ἀγέννητος,
2428 5056 2705 5131 contendit
2732 5056 2965 5131 Basilius
2992 5071 3133 5114 inter
3164 5078 3222 5113 se
3274 5079 3480 5131 pugna-

1904 5151 1982 5195 re,
2016 5126 2285 5186 necinter
2307 5148 2363 5185 se
2390 5126 2666 5202 conciliari
2694 5144 2875 5197 posse.
2907 5129 3063 5202 Nam,
3104 5126 3303 5197 inquit,
3338 5126 3482 5202 quod

1902 5218 2227 5272 queinquam
2263 5202 2526 5270 sequitur,
2558 5200 2614 5272 id
2647 5202 2696 5251 in
2756 5215 2820 5251 eo
2853 5200 3210 5272 adventitinm
3244 5200 3483 5272 est,‘nec

1901 5262 1983 5327 est
2031 5262 2147 5341 ejus
2199 5262 2518 5326 subsiantia.
2576 5262 2672 5343 Eu
2716 5283 2821 5343 quo
2855 5268 2932 5331 lit,
2971 5280 3027 5323 ut
3060 5262 3119 5323 τὸ
3156 5262 3478 5343 ἀγέννητον,

1901 5361 2021 5397 cum
2062 5340 2128 5396 ex
2158 5343 2401 5395 Eunumii
2440 5340 2709 5395 sententia
2766 5340 2929 5391 Deum
2960 5351 3241 5409 sequatur.
3273 5340 3481 5397 adven-

1904 5416 2077 5466 titium
2107 5412 2324 5482 quidam
2352 5415 2421 5465 sit
2448 5414 2497 5464 in
2544 5411 2673 5471 Deo,
2706 5409 2979 5482 nec__Deus
3007 5412 3139 5480 ipse,
3206 5428 3305 5465 nec
3355 5418 3482 5465 sub-

1900 5485 2097 5537 stantia
2127 5479 2370 5551 ingeuita
2424 5483 2527 5534 diei
2572 5483 2765 5552 possit.
2797 5479 2871 5531 Ex
2935 5479 3129 5549 quibus
3180 5482 3359 5552 colligi
3385 5483 3481 5535 de-

1902 5554 2008 5611 bet.
2040 5549 2382 5611 Eunomium,
2418 5549 2621 5605 eummb
2649 5549 2943 5619 ἀγέννητον
3006 5549 3365 5607 substantiam
3406 5554 3482 5606 in-

1898 5625 2133 5692 genitam
2168 5637 2287 5677 esse
2330 5623 2555 5683 diceret,
2614 5636 2795 5673 secum
2858 5636 3197 5691 nequaquam
3232 5636 3480 5676 consen-

1899 5710 2061 5747 SISSG.

1969 5785 2079 5853 (16)
2111 5782 2283 5837 Editio
2314 5783 2494 5836 Paris.
2531 5798 2651 5836 cum
2685 5784 2855 5837 tribus
2883 5786 3243 5906 mss.‘pi)t).ov
3284 5784 3339 5836 δὲ
3386 5785 3482 5837 αὐ-

1969 5872 2003 5907 :.
2038 5856 2139 5907 Alii
2164 5865 2399 5907 quatuor
2428 5869 2555 5906 mss.
2600 5870 2720 5906 cum
2758 5854 2997 5907 editione
3071 5873 3160 5907 en.
3184 5855 3336 5907 αὑτό.

3071 5873 3160 5909 Cll.
3184 5872 3336 5907 αυτο.

1969 5946 2078 6015 (17)
2122 5944 2294 6001 Editio
2336 5954 2559 6013 utraque
2599 5958 2719 5999 cum
2778 5942 2921 6013 Reg.
2978 5944 3163 6013 quinto
3204 5944 3334 5996 αὐτὸ
3395 5941 3482 5996 τόι
