  <div class='ocr_page' id='page_1' title='image "/cluster/home/n/w/nwhite01/storage/ocr_20150623/29/uva.x004321530/682.png"; bbox 0 0 4230 6548; ppageno 0'>
   <div class='ocr_carea' id='block_1_1' title="bbox 264 498 377 551">
    <p class='ocr_par' dir='ltr' id='par_1_1' title="bbox 264 498 377 551">
     <span class='ocr_line' id='line_1_1' title="bbox 264 498 377 551; baseline 0.027 -3"><span class='ocrx_word' id='word_1_1' title='bbox 264 498 377 551; x_wconf 69' lang='lat'><strong>523</strong></span> 
     </span>
    </p>
   </div>
   <div class='ocr_carea' id='block_1_2' title="bbox 1376 485 2413 550">
    <p class='ocr_par' dir='ltr' id='par_1_2' title="bbox 1376 485 2413 550">
     <span class='ocr_line' id='line_1_2' title="bbox 1376 485 2413 550; baseline -0.005 -4"><span class='ocrx_word' id='word_1_2' title='bbox 1376 492 1755 550; x_wconf 74' lang='lat' dir='ltr'><strong>ADVERSUS</strong></span> <span class='ocrx_word' id='word_1_3' title='bbox 1793 490 2161 550; x_wconf 72' lang='lat' dir='ltr'><strong>EUNOMIUM</strong></span> <span class='ocrx_word' id='word_1_4' title='bbox 2204 490 2330 545; x_wconf 82' lang='lat' dir='ltr'><strong>LIB.</strong></span> <span class='ocrx_word' id='word_1_5' title='bbox 2373 485 2413 542; x_wconf 95' lang='grc' dir='ltr'>Ι.</span> 
     </span>
    </p>
   </div>
   <div class='ocr_carea' id='block_1_3' title="bbox 3411 496 3513 556">
    <p class='ocr_par' dir='ltr' id='par_1_3' title="bbox 3411 496 3513 556">
     <span class='ocr_line' id='line_1_3' title="bbox 3411 496 3513 556; baseline 0.039 -4"><span class='ocrx_word' id='word_1_6' title='bbox 3411 496 3513 556; x_wconf 73' lang='lat'><strong>595</strong></span> 
     </span>
    </p>
   </div>
   <div class='ocr_carea' id='block_1_4' title="bbox 244 614 1914 691">
    <p class='ocr_par' dir='ltr' id='par_1_4' title="bbox 244 616 1907 691">
     <span class='ocr_line' id='line_1_4' title="bbox 244 616 1907 691; baseline -0.002 -17"><span class='ocrx_word' id='word_1_7' title='bbox 244 620 542 691; x_wconf 73' lang='grc' dir='ltr'>ιλυώνυμός</span> <span class='ocrx_word' id='word_1_8' title='bbox 566 636 649 682; x_wconf 90' lang='grc' dir='ltr'><strong>τις</strong></span> <span class='ocrx_word' id='word_1_9' title='bbox 673 617 769 671; x_wconf 75' lang='grc' dir='ltr'>ῶνο</span> <span class='ocrx_word' id='word_1_10' title='bbox 804 618 863 671; x_wconf 85' lang='grc' dir='ltr'><strong>ού</strong></span> <span class='ocrx_word' id='word_1_11' title='bbox 896 618 1002 689; x_wconf 81' lang='grc' dir='ltr'><strong>γὰρ</strong></span> <span class='ocrx_word' id='word_1_12' title='bbox 1038 617 1214 673; x_wconf 87' lang='grc' dir='ltr'>πάντα</span> <span class='ocrx_word' id='word_1_13' title='bbox 1250 616 1315 670; x_wconf 88' lang='grc' dir='ltr'><strong>τά</strong></span> <span class='ocrx_word' id='word_1_14' title='bbox 1342 618 1577 688; x_wconf 62' lang='grc' dir='ltr'>ὀνόματα</span> <span class='ocrx_word' id='word_1_15' title='bbox 1601 620 1678 681; x_wconf 80' lang='grc' dir='ltr'><strong>είς</strong></span> <span class='ocrx_word' id='word_1_16' title='bbox 1703 634 1833 670; x_wconf 65' lang='grc' dir='ltr'>ταυα</span> <span class='ocrx_word' id='word_1_17' title='bbox 1862 623 1907 679; x_wconf 82' lang='grc' dir='ltr'><strong>Α</strong></span> 
     </span>
    </p>
   </div>
   <div class='ocr_carea' id='block_1_5' title="bbox 1844 614 3514 691">
    <p class='ocr_par' dir='ltr' id='par_1_5' title="bbox 1862 614 3514 683">
     <span class='ocr_line' id='line_1_5' title="bbox 1862 614 3514 683; baseline 0.004 -14"><span class='ocrx_word' id='word_1_18' title='bbox 1862 623 1907 679; x_wconf 82' lang='grc' dir='ltr'><strong>Α</strong></span> <span class='ocrx_word' id='word_1_19' title='bbox 1938 617 2035 669; x_wconf 88' lang='lat' dir='ltr'><strong>bus</strong></span> <span class='ocrx_word' id='word_1_20' title='bbox 2066 615 2319 683; x_wconf 64' lang='lat' dir='ltr'><strong>praeditus</strong></span> <span class='ocrx_word' id='word_1_21' title='bbox 2348 628 2452 668; x_wconf 89' lang='lat' dir='ltr'><strong>non</strong></span> <span class='ocrx_word' id='word_1_22' title='bbox 2481 622 2596 677; x_wconf 84' lang='lat' dir='ltr'><strong>est;</strong></span> <span class='ocrx_word' id='word_1_23' title='bbox 2619 628 2717 668; x_wconf 90' lang='lat' dir='ltr'><strong>nec</strong></span> <span class='ocrx_word' id='word_1_24' title='bbox 2746 614 2888 667; x_wconf 83' lang='lat' dir='ltr'><strong>enim</strong></span> <span class='ocrx_word' id='word_1_25' title='bbox 2911 617 3128 669; x_wconf 90' lang='lat' dir='ltr'><strong>nomina</strong></span> <span class='ocrx_word' id='word_1_26' title='bbox 3164 618 3340 672; x_wconf 90' lang='lat' dir='ltr'><strong>omnia</strong></span> <span class='ocrx_word' id='word_1_27' title='bbox 3378 622 3514 675; x_wconf 77' lang='lat' dir='ltr'><strong>inter</strong></span> 
     </span>
    </p>
   </div>
   <div class='ocr_carea' id='block_1_6' title="bbox 259 710 1832 781">
    <p class='ocr_par' dir='ltr' id='par_1_6' title="bbox 259 710 1832 781">
     <span class='ocr_line' id='line_1_6' title="bbox 259 710 1832 781; baseline -0.003 -15"><span class='ocrx_word' id='word_1_28' title='bbox 259 714 353 766; x_wconf 84' lang='grc' dir='ltr'>τὸν</span> <span class='ocrx_word' id='word_1_29' title='bbox 383 711 630 781; x_wconf 87' lang='grc' dir='ltr'>ἀλλήλοις</span> <span class='ocrx_word' id='word_1_30' title='bbox 671 711 844 781; x_wconf 84' lang='grc' dir='ltr'><strong>φέρει.</strong></span> <span class='ocrx_word' id='word_1_31' title='bbox 872 711 1033 763; x_wconf 79' lang='grc' dir='ltr'>Ἀλλο</span> <span class='ocrx_word' id='word_1_32' title='bbox 1065 710 1173 780; x_wconf 90' lang='grc' dir='ltr'><strong>γάρ</strong></span> <span class='ocrx_word' id='word_1_33' title='bbox 1195 710 1255 761; x_wconf 84' lang='grc' dir='ltr'><strong>τὸ</strong></span> <span class='ocrx_word' id='word_1_34' title='bbox 1288 710 1681 779; x_wconf 80' lang='grc' dir='ltr'><strong>σημαινόμενον</strong></span> <span class='ocrx_word' id='word_1_35' title='bbox 1721 727 1832 777; x_wconf 73' lang='lat' dir='ltr'><strong>cpio-</strong></span> 
     </span>
    </p>
   </div>
   <div class='ocr_carea' id='block_1_7' title="bbox 269 802 1833 875">
    <p class='ocr_par' dir='ltr' id='par_1_7' title="bbox 269 802 1833 875">
     <span class='ocr_line' id='line_1_7' title="bbox 269 802 1833 875; baseline -0.004 -16"><span class='ocrx_word' id='word_1_36' title='bbox 269 808 370 869; x_wconf 80' lang='grc' dir='ltr'>τὸς,</span> <span class='ocrx_word' id='word_1_37' title='bbox 401 808 492 858; x_wconf 73' lang='grc' dir='ltr'>καὶ</span> <span class='ocrx_word' id='word_1_38' title='bbox 531 804 657 858; x_wconf 85' lang='grc' dir='ltr'>ἀλλο</span> <span class='ocrx_word' id='word_1_39' title='bbox 686 805 953 875; x_wconf 81' lang='grc' dir='ltr'><strong>ἀμπέλου,</strong></span> <span class='ocrx_word' id='word_1_40' title='bbox 981 805 1071 857; x_wconf 81' lang='grc' dir='ltr'>καὶ</span> <span class='ocrx_word' id='word_1_41' title='bbox 1101 802 1227 856; x_wconf 85' lang='grc' dir='ltr'>ἀλλο</span> <span class='ocrx_word' id='word_1_42' title='bbox 1258 802 1402 867; x_wconf 83' lang='grc' dir='ltr'>ὁδοῦ,</span> <span class='ocrx_word' id='word_1_43' title='bbox 1432 803 1524 855; x_wconf 73' lang='grc' dir='ltr'><strong>κα)⁵</strong></span> <span class='ocrx_word' id='word_1_44' title='bbox 1562 802 1689 855; x_wconf 84' lang='grc' dir='ltr'>ἄλλο</span> <span class='ocrx_word' id='word_1_45' title='bbox 1717 819 1833 853; x_wconf 87' lang='grc' dir='ltr'>ποι-</span> 
     </span>
    </p>
   </div>
   <div class='ocr_carea' id='block_1_8' title="bbox 265 896 1832 969">
    <p class='ocr_par' dir='ltr' id='par_1_8' title="bbox 265 896 1832 969">
     <span class='ocr_line' id='line_1_8' title="bbox 265 896 1832 969; baseline -0.003 -18"><span class='ocrx_word' id='word_1_46' title='bbox 265 900 445 969; x_wconf 81' lang='grc' dir='ltr'><strong>μένος.</strong></span> <span class='ocrx_word' id='word_1_47' title='bbox 492 898 630 951; x_wconf 75' lang='grc' dir='ltr'>Ἀλλ’</span> <span class='ocrx_word' id='word_1_48' title='bbox 668 899 725 951; x_wconf 82' lang='grc' dir='ltr'>ἓν</span> <span class='ocrx_word' id='word_1_49' title='bbox 757 898 831 951; x_wconf 80' lang='grc' dir='ltr'>ὢν</span> <span class='ocrx_word' id='word_1_50' title='bbox 874 898 1016 951; x_wconf 87' lang='grc' dir='ltr'><strong>κατά</strong></span> <span class='ocrx_word' id='word_1_51' title='bbox 1055 896 1116 949; x_wconf 81' lang='grc' dir='ltr'><strong>τὸ</strong></span> <span class='ocrx_word' id='word_1_52' title='bbox 1162 897 1539 967; x_wconf 82' lang='grc' dir='ltr'>ὑποκείμενον,</span> <span class='ocrx_word' id='word_1_53' title='bbox 1591 896 1684 948; x_wconf 76' lang='grc' dir='ltr'>καὶ</span> <span class='ocrx_word' id='word_1_54' title='bbox 1736 896 1832 965; x_wconf 88' lang='grc' dir='ltr'><strong>μία</strong></span> 
     </span>
    </p>
   </div>
   <div class='ocr_carea' id='block_1_9' title="bbox 261 988 1836 1059">
    <p class='ocr_par' dir='ltr' id='par_1_9' title="bbox 261 988 1836 1059">
     <span class='ocr_line' id='line_1_9' title="bbox 261 988 1836 1059; baseline -0.001 -18"><span class='ocrx_word' id='word_1_55' title='bbox 261 991 417 1043; x_wconf 79' lang='grc' dir='ltr'>οὐσία</span> <span class='ocrx_word' id='word_1_56' title='bbox 432 991 521 1043; x_wconf 70' lang='grc' dir='ltr'><strong>καὶ</strong></span> <span class='ocrx_word' id='word_1_57' title='bbox 536 989 676 1059; x_wconf 82' lang='grc' dir='ltr'>ἁπλῆ</span> <span class='ocrx_word' id='word_1_58' title='bbox 691 992 785 1043; x_wconf 67' lang='grc' dir='ltr'>κα).</span> <span class='ocrx_word' id='word_1_59' title='bbox 798 989 1103 1051; x_wconf 70' lang='grc' dir='ltr'>ἀσύνδετος,</span> <span class='ocrx_word' id='word_1_60' title='bbox 1120 988 1305 1041; x_wconf 82' lang='grc' dir='ltr'>ἄλλοτε</span> <span class='ocrx_word' id='word_1_61' title='bbox 1322 988 1493 1051; x_wconf 81' lang='grc' dir='ltr'>ἄλλως</span> <span class='ocrx_word' id='word_1_62' title='bbox 1513 989 1698 1042; x_wconf 79' lang='grc' dir='ltr'>ἐαυτὸν</span> <span class='ocrx_word' id='word_1_63' title='bbox 1722 988 1836 1040; x_wconf 84' lang='grc' dir='ltr'>ὀνο-</span> 
     </span>
    </p>
   </div>
   <div class='ocr_carea' id='block_1_10' title="bbox 267 1082 1833 1156">
    <p class='ocr_par' dir='ltr' id='par_1_10' title="bbox 267 1082 1833 1156">
     <span class='ocr_line' id='line_1_10' title="bbox 267 1082 1833 1156; baseline -0.003 -18"><span class='ocrx_word' id='word_1_64' title='bbox 267 1086 447 1156; x_wconf 74' lang='grc' dir='ltr'>μάζει,</span> <span class='ocrx_word' id='word_1_65' title='bbox 466 1089 583 1148; x_wconf 79' lang='grc' dir='ltr'>ταῖς</span> <span class='ocrx_word' id='word_1_66' title='bbox 603 1085 865 1146; x_wconf 79' lang='grc' dir='ltr'>ἐπινοίαις</span> <span class='ocrx_word' id='word_1_67' title='bbox 886 1082 1243 1153; x_wconf 75' lang='grc' dir='ltr'><strong>διαφερούσας</strong></span> <span class='ocrx_word' id='word_1_68' title='bbox 1268 1083 1509 1153; x_wconf 88' lang='grc' dir='ltr'>ἀλλήλων</span> <span class='ocrx_word' id='word_1_69' title='bbox 1532 1082 1629 1144; x_wconf 80' lang='grc' dir='ltr'>τὰς</span> <span class='ocrx_word' id='word_1_70' title='bbox 1664 1099 1833 1153; x_wconf 87' lang='grc' dir='ltr'>προσ-</span> 
     </span>
    </p>
   </div>
   <div class='ocr_carea' id='block_1_11' title="bbox 270 1175 1835 1253">
    <p class='ocr_par' dir='ltr' id='par_1_11' title="bbox 270 1175 1835 1253">
     <span class='ocr_line' id='line_1_11' title="bbox 270 1175 1835 1253; baseline -0.003 -22"><span class='ocrx_word' id='word_1_71' title='bbox 270 1180 490 1250; x_wconf 76' lang='grc' dir='ltr'>ηγορίας</span> <span class='ocrx_word' id='word_1_72' title='bbox 510 1177 997 1249; x_wconf 81' lang='grc' dir='ltr'>μεθαρμοζόμενος.</span> <span class='ocrx_word' id='word_1_73' title='bbox 1012 1178 1168 1230; x_wconf 83' lang='grc' dir='ltr'>Κατά</span> <span class='ocrx_word' id='word_1_74' title='bbox 1185 1178 1255 1245; x_wconf 70' lang='grc' dir='ltr'><strong>γά</strong></span> <span class='ocrx_word' id='word_1_75' title='bbox 1267 1195 1297 1248; x_wconf 89' lang='grc' dir='ltr'><em>ρ</em></span> <span class='ocrx_word' id='word_1_76' title='bbox 1315 1176 1410 1247; x_wconf 80' lang='grc' dir='ltr'>τὴν</span> <span class='ocrx_word' id='word_1_77' title='bbox 1422 1176 1528 1229; x_wconf 89' lang='grc' dir='ltr'><strong>τῶν</strong></span> <span class='ocrx_word' id='word_1_78' title='bbox 1546 1175 1835 1253; x_wconf 71' lang='grc' dir='ltr'>ἐνεργειῶν</span> 
     </span>
    </p>
   </div>
   <div class='ocr_carea' id='block_1_12' title="bbox 263 1266 1833 1339">
    <p class='ocr_par' dir='ltr' id='par_1_12' title="bbox 263 1266 1833 1339">
     <span class='ocr_line' id='line_1_12' title="bbox 263 1266 1833 1339; baseline -0.003 -18"><span class='ocrx_word' id='word_1_79' title='bbox 263 1267 549 1339; x_wconf 62' lang='grc' dir='ltr'>διαφορὰν,</span> <span class='ocrx_word' id='word_1_80' title='bbox 596 1268 688 1320; x_wconf 75' lang='grc' dir='ltr'><strong>καὶ</strong></span> <span class='ocrx_word' id='word_1_81' title='bbox 733 1267 829 1336; x_wconf 77' lang='grc' dir='ltr'>τὴν</span> <span class='ocrx_word' id='word_1_82' title='bbox 866 1268 1002 1337; x_wconf 83' lang='grc' dir='ltr'>πρὸς</span> <span class='ocrx_word' id='word_1_83' title='bbox 1044 1267 1112 1319; x_wconf 89' lang='grc' dir='ltr'><strong>τά</strong></span> <span class='ocrx_word' id='word_1_84' title='bbox 1151 1267 1583 1337; x_wconf 86' lang='grc' dir='ltr'>εύεργετούμενα</span> <span class='ocrx_word' id='word_1_85' title='bbox 1630 1266 1833 1334; x_wconf 91' lang='grc' dir='ltr'>σχέσιν,</span> 
     </span>
    </p>
   </div>
   <div class='ocr_carea' id='block_1_13' title="bbox 264 1354 1836 1430">
    <p class='ocr_par' dir='ltr' id='par_1_13' title="bbox 264 1354 1836 1430">
     <span class='ocr_line' id='line_1_13' title="bbox 264 1354 1836 1430; baseline -0.002 -20"><span class='ocrx_word' id='word_1_86' title='bbox 264 1359 494 1430; x_wconf 76' lang='grc' dir='ltr'>διάφορα</span> <span class='ocrx_word' id='word_1_87' title='bbox 524 1354 696 1425; x_wconf 80' lang='grc' dir='ltr'>ἐαυτῷ</span> <span class='ocrx_word' id='word_1_88' title='bbox 738 1356 831 1409; x_wconf 76' lang='grc' dir='ltr'><strong>καὶ</strong></span> <span class='ocrx_word' id='word_1_89' title='bbox 864 1356 931 1407; x_wconf 82' lang='grc' dir='ltr'><strong>τά</strong></span> <span class='ocrx_word' id='word_1_90' title='bbox 957 1356 1196 1425; x_wconf 82' lang='grc' dir='ltr'>ὀνόματα</span> <span class='ocrx_word' id='word_1_91' title='bbox 1219 1356 1441 1410; x_wconf 82' lang='grc' dir='ltr'>τίθεται.</span> <span class='ocrx_word' id='word_1_92' title='bbox 1466 1355 1585 1420; x_wconf 77' lang='grc' dir='ltr'>Φῶς</span> <span class='ocrx_word' id='word_1_93' title='bbox 1610 1356 1708 1426; x_wconf 80' lang='grc' dir='ltr'>μὲν</span> <span class='ocrx_word' id='word_1_94' title='bbox 1729 1356 1836 1425; x_wconf 82' lang='grc' dir='ltr'><strong>γάρ</strong></span> 
     </span>
    </p>
   </div>
   <div class='ocr_carea' id='block_1_14' title="bbox 266 1448 1837 1521">
    <p class='ocr_par' dir='ltr' id='par_1_14' title="bbox 266 1448 1837 1521">
     <span class='ocr_line' id='line_1_14' title="bbox 266 1448 1837 1521; baseline -0.003 -18"><span class='ocrx_word' id='word_1_95' title='bbox 266 1453 454 1505; x_wconf 72' lang='grc' dir='ltr'>ἐαυτὸν</span> <span class='ocrx_word' id='word_1_96' title='bbox 488 1450 580 1503; x_wconf 89' lang='grc' dir='ltr'><strong>τοῦ</strong></span> <span class='ocrx_word' id='word_1_97' title='bbox 628 1452 830 1521; x_wconf 90' lang='grc' dir='ltr'>κόσμου</span> <span class='ocrx_word' id='word_1_98' title='bbox 864 1450 1033 1519; x_wconf 81' lang='grc' dir='ltr'><strong>λέγει,</strong></span> <span class='ocrx_word' id='word_1_99' title='bbox 1065 1452 1125 1503; x_wconf 90' lang='grc' dir='ltr'><strong>τό</strong></span> <span class='ocrx_word' id='word_1_100' title='bbox 1145 1467 1202 1502; x_wconf 89' lang='grc' dir='ltr'><strong>τε</strong></span> <span class='ocrx_word' id='word_1_101' title='bbox 1239 1450 1529 1519; x_wconf 83' lang='grc' dir='ltr'>ἀπρόσιτον</span> <span class='ocrx_word' id='word_1_102' title='bbox 1560 1448 1659 1519; x_wconf 80' lang='grc' dir='ltr'>τῆς</span> <span class='ocrx_word' id='word_1_103' title='bbox 1686 1450 1743 1501; x_wconf 89' lang='grc' dir='ltr'><strong>ἐν</strong></span> <span class='ocrx_word' id='word_1_104' title='bbox 1770 1452 1837 1520; x_wconf 79' lang='grc' dir='ltr'>τῇ</span> 
     </span>
    </p>
   </div>
   <div class='ocr_carea' id='block_1_15' title="bbox 265 1541 1841 1613">
    <p class='ocr_par' dir='ltr' id='par_1_15' title="bbox 265 1541 1841 1613">
     <span class='ocr_line' id='line_1_15' title="bbox 265 1541 1841 1613; baseline 0 -19"><span class='ocrx_word' id='word_1_105' title='bbox 265 1542 649 1613; x_wconf 77' lang='grc' dir='ltr'>Θεότητιδόξης</span> <span class='ocrx_word' id='word_1_106' title='bbox 679 1541 753 1612; x_wconf 82' lang='grc' dir='ltr'>τῷ</span> <span class='ocrx_word' id='word_1_107' title='bbox 781 1543 1003 1613; x_wconf 79' lang='grc' dir='ltr'>ὀνόματι</span> <span class='ocrx_word' id='word_1_108' title='bbox 1030 1542 1202 1612; x_wconf 82' lang='grc' dir='ltr'>τούτῳ</span> <span class='ocrx_word' id='word_1_109' title='bbox 1232 1541 1620 1611; x_wconf 81' lang='grc' dir='ltr'>διασημαίνων,</span> <span class='ocrx_word' id='word_1_110' title='bbox 1640 1542 1734 1594; x_wconf 73' lang='grc' dir='ltr'><strong>καὶ</strong></span> <span class='ocrx_word' id='word_1_111' title='bbox 1765 1542 1841 1604; x_wconf 88' lang='grc' dir='ltr'>ὼς</span> 
     </span>
    </p>
   </div>
   <div class='ocr_carea' id='block_1_16' title="bbox 264 1633 1840 1707">
    <p class='ocr_par' dir='ltr' id='par_1_16' title="bbox 264 1633 1840 1707">
     <span class='ocr_line' id='line_1_16' title="bbox 264 1633 1840 1707; baseline -0.001 -20"><span class='ocrx_word' id='word_1_112' title='bbox 264 1640 333 1707; x_wconf 78' lang='grc' dir='ltr'><strong>τῇ</strong></span> <span class='ocrx_word' id='word_1_113' title='bbox 363 1636 705 1706; x_wconf 82' lang='grc' dir='ltr'>λαμπρότητι</span> <span class='ocrx_word' id='word_1_114' title='bbox 737 1636 837 1706; x_wconf 77' lang='grc' dir='ltr'><strong>τῆς</strong></span> <span class='ocrx_word' id='word_1_115' title='bbox 866 1635 1117 1703; x_wconf 82' lang='grc' dir='ltr'>γνώσεως</span> <span class='ocrx_word' id='word_1_116' title='bbox 1153 1636 1277 1696; x_wconf 80' lang='grc' dir='ltr'>τοὺς</span> <span class='ocrx_word' id='word_1_117' title='bbox 1313 1634 1755 1705; x_wconf 83' lang='grc' dir='ltr'>κεκαθαρμένους</span> <span class='ocrx_word' id='word_1_118' title='bbox 1781 1633 1840 1685; x_wconf 85' lang='grc' dir='ltr'><strong>τὸ</strong></span> 
     </span>
    </p>
   </div>
   <div class='ocr_carea' id='block_1_17' title="bbox 262 1724 1840 1799">
    <p class='ocr_par' dir='ltr' id='par_1_17' title="bbox 262 1724 1840 1799">
     <span class='ocr_line' id='line_1_17' title="bbox 262 1724 1840 1799; baseline -0.002 -18"><span class='ocrx_word' id='word_1_119' title='bbox 262 1730 423 1798; x_wconf 71' lang='grc' dir='ltr'>ὄμμα</span> <span class='ocrx_word' id='word_1_120' title='bbox 448 1727 545 1796; x_wconf 82' lang='grc' dir='ltr'><strong>τῆς</strong></span> <span class='ocrx_word' id='word_1_121' title='bbox 566 1727 738 1799; x_wconf 70' lang='grc' dir='ltr'>ψυχῆς</span> <span class='ocrx_word' id='word_1_122' title='bbox 768 1726 1123 1794; x_wconf 74' lang='grc' dir='ltr'>καταυγάζων</span> <span class='ocrx_word' id='word_1_123' title='bbox 1143 1741 1160 1757; x_wconf 84' lang='grc'>⁶</span> <span class='ocrx_word' id='word_1_124' title='bbox 1188 1724 1430 1796; x_wconf 79' lang='grc' dir='ltr'>ἄμπελον</span> <span class='ocrx_word' id='word_1_125' title='bbox 1485 1724 1563 1787; x_wconf 80' lang='grc' dir='ltr'>δὲ,</span> <span class='ocrx_word' id='word_1_126' title='bbox 1595 1725 1669 1788; x_wconf 86' lang='grc' dir='ltr'>ὼς</span> <span class='ocrx_word' id='word_1_127' title='bbox 1713 1726 1840 1787; x_wconf 73' lang='grc' dir='ltr'>τοὺς</span> 
     </span>
    </p>
   </div>
   <div class='ocr_carea' id='block_1_18' title="bbox 266 1818 1840 1892">
    <p class='ocr_par' dir='ltr' id='par_1_18' title="bbox 266 1818 1840 1892">
     <span class='ocr_line' id='line_1_18' title="bbox 266 1818 1840 1892; baseline -0.001 -21"><span class='ocrx_word' id='word_1_128' title='bbox 266 1822 323 1871; x_wconf 81' lang='grc' dir='ltr'><strong>ἐν</strong></span> <span class='ocrx_word' id='word_1_129' title='bbox 368 1820 514 1891; x_wconf 83' lang='grc' dir='ltr'>αὐτῷ</span> <span class='ocrx_word' id='word_1_130' title='bbox 548 1821 688 1874; x_wconf 82' lang='grc' dir='ltr'><strong>κατά</strong></span> <span class='ocrx_word' id='word_1_131' title='bbox 728 1822 826 1892; x_wconf 75' lang='grc' dir='ltr'><strong>τὴν</strong></span> <span class='ocrx_word' id='word_1_132' title='bbox 858 1821 1040 1873; x_wconf 78' lang='grc' dir='ltr'>πίστιν</span> <span class='ocrx_word' id='word_1_133' title='bbox 1091 1820 1490 1891; x_wconf 79' lang='grc' dir='ltr'>ἐρῤιζωμένους</span> <span class='ocrx_word' id='word_1_134' title='bbox 1538 1820 1625 1871; x_wconf 77' lang='grc' dir='ltr'>ἐπ’</span> <span class='ocrx_word' id='word_1_135' title='bbox 1666 1818 1840 1889; x_wconf 81' lang='grc' dir='ltr'>ἔργων</span> 
     </span>
    </p>
   </div>
   <div class='ocr_carea' id='block_1_19' title="bbox 263 1911 1843 1986">
    <p class='ocr_par' dir='ltr' id='par_1_19' title="bbox 263 1911 1843 1986">
     <span class='ocr_line' id='line_1_19' title="bbox 263 1911 1843 1986; baseline -0.003 -21"><span class='ocrx_word' id='word_1_136' title='bbox 263 1912 484 1981; x_wconf 77' lang='grc' dir='ltr'>ἀγαθῶν</span> <span class='ocrx_word' id='word_1_137' title='bbox 508 1916 900 1986; x_wconf 76' lang='grc' dir='ltr'>καρποφορίαις</span> <span class='ocrx_word' id='word_1_138' title='bbox 929 1914 1223 1984; x_wconf 66' lang='grc' dir='ltr'>ἐκτρέφωνσ</span> <span class='ocrx_word' id='word_1_139' title='bbox 1250 1914 1409 1982; x_wconf 76' lang='grc' dir='ltr'>ἄρτον</span> <span class='ocrx_word' id='word_1_140' title='bbox 1439 1911 1514 1977; x_wconf 80' lang='grc' dir='ltr'><strong>δὲ,</strong></span> <span class='ocrx_word' id='word_1_141' title='bbox 1543 1911 1617 1973; x_wconf 81' lang='grc' dir='ltr'>ὡς</span> <span class='ocrx_word' id='word_1_142' title='bbox 1649 1914 1843 1963; x_wconf 80' lang='grc' dir='ltr'>οἰκειο-</span> 
     </span>
    </p>
   </div>
   <div class='ocr_carea' id='block_1_20' title="bbox 1935 706 3515 778">
    <p class='ocr_par' dir='ltr' id='par_1_20' title="bbox 1935 706 3515 778">
     <span class='ocr_line' id='line_1_20' title="bbox 1935 706 3515 778; baseline 0 -15"><span class='ocrx_word' id='word_1_143' title='bbox 1935 724 1993 763; x_wconf 92' lang='lat' dir='ltr'><strong>se</strong></span> <span class='ocrx_word' id='word_1_144' title='bbox 2008 708 2367 778; x_wconf 90' lang='lat' dir='ltr'><strong>signiﬁcatum</strong></span> <span class='ocrx_word' id='word_1_145' title='bbox 2384 706 2629 760; x_wconf 90' lang='lat' dir='ltr'><strong>eumdem</strong></span> <span class='ocrx_word' id='word_1_146' title='bbox 2650 722 2756 776; x_wconf 68' lang='lat' dir='ltr'><strong>pra:</strong></span> <span class='ocrx_word' id='word_1_147' title='bbox 2780 722 2836 761; x_wconf 89' lang='lat' dir='ltr'><strong>se</strong></span> <span class='ocrx_word' id='word_1_148' title='bbox 2857 708 3052 762; x_wconf 88' lang='lat' dir='ltr'><strong>ferunt.</strong></span> <span class='ocrx_word' id='word_1_149' title='bbox 3070 707 3356 765; x_wconf 83' lang='lat' dir='ltr'><strong>Enimvero</strong></span> <span class='ocrx_word' id='word_1_150' title='bbox 3372 711 3515 764; x_wconf 91' lang='lat' dir='ltr'><strong>aliml</strong></span> 
     </span>
    </p>
   </div>
   <div class='ocr_carea' id='block_1_21' title="bbox 1935 798 3514 870">
    <p class='ocr_par' dir='ltr' id='par_1_21' title="bbox 1935 798 3514 870">
     <span class='ocr_line' id='line_1_21' title="bbox 1935 798 3514 870; baseline 0.003 -19"><span class='ocrx_word' id='word_1_151' title='bbox 1935 798 2047 858; x_wconf 79' lang='lat' dir='ltr'><strong>lux.</strong></span> <span class='ocrx_word' id='word_1_152' title='bbox 2090 800 2233 853; x_wconf 91' lang='lat' dir='ltr'><strong>aliud</strong></span> <span class='ocrx_word' id='word_1_153' title='bbox 2271 799 2417 860; x_wconf 89' lang='lat' dir='ltr'><strong>vitis,</strong></span> <span class='ocrx_word' id='word_1_154' title='bbox 2470 798 2614 851; x_wconf 83' lang='lat' dir='ltr'><strong>aliud</strong></span> <span class='ocrx_word' id='word_1_155' title='bbox 2666 800 2771 862; x_wconf 87' lang='lat' dir='ltr'><strong>via,</strong></span> <span class='ocrx_word' id='word_1_156' title='bbox 2807 799 2947 851; x_wconf 81' lang='lat' dir='ltr'><strong>aliud</strong></span> <span class='ocrx_word' id='word_1_157' title='bbox 2993 812 3175 867; x_wconf 74' lang='lat' dir='ltr'><strong>pastor</strong></span> <span class='ocrx_word' id='word_1_158' title='bbox 3220 802 3514 870; x_wconf 85' lang='lat' dir='ltr'><strong>signiﬁcat.</strong></span> 
     </span>
    </p>
   </div>
   <div class='ocr_carea' id='block_1_22' title="bbox 1938 890 3514 961">
    <p class='ocr_par' dir='ltr' id='par_1_22' title="bbox 1938 890 3514 961">
     <span class='ocr_line' id='line_1_22' title="bbox 1938 890 3514 961; baseline 0.001 -17"><span class='ocrx_word' id='word_1_159' title='bbox 1938 891 2045 945; x_wconf 87' lang='lat' dir='ltr'><strong>Sed</strong></span> <span class='ocrx_word' id='word_1_160' title='bbox 2072 907 2192 944; x_wconf 88' lang='lat' dir='ltr'><strong>cum</strong></span> <span class='ocrx_word' id='word_1_161' title='bbox 2220 906 2381 943; x_wconf 91' lang='lat' dir='ltr'><strong>unum</strong></span> <span class='ocrx_word' id='word_1_162' title='bbox 2407 890 2477 944; x_wconf 86' lang='lat' dir='ltr'><strong>sit</strong></span> <span class='ocrx_word' id='word_1_163' title='bbox 2517 892 2811 944; x_wconf 86' lang='lat' dir='ltr'><strong>secundum</strong></span> <span class='ocrx_word' id='word_1_164' title='bbox 2852 892 3172 960; x_wconf 75' lang='lat' dir='ltr'><strong>subjectum,</strong></span> <span class='ocrx_word' id='word_1_165' title='bbox 3207 893 3385 961; x_wconf 84' lang='lat' dir='ltr'><strong>sitque</strong></span> <span class='ocrx_word' id='word_1_166' title='bbox 3412 910 3514 955; x_wconf 82' lang='lat' dir='ltr'><strong>una</strong></span> 
     </span>
    </p>
   </div>
   <div class='ocr_carea' id='block_1_23' title="bbox 1938 984 3517 1052">
    <p class='ocr_par' dir='ltr' id='par_1_23' title="bbox 1938 984 3517 1052">
     <span class='ocr_line' id='line_1_23' title="bbox 1938 984 3517 1052; baseline 0 -14"><span class='ocrx_word' id='word_1_167' title='bbox 1938 984 2232 1038; x_wconf 70' lang='lat' dir='ltr'><strong>substantia</strong></span> <span class='ocrx_word' id='word_1_168' title='bbox 2272 984 2531 1052; x_wconf 78' lang='lat' dir='ltr'><strong>simplex,</strong></span> <span class='ocrx_word' id='word_1_169' title='bbox 2562 993 2616 1037; x_wconf 89' lang='lat' dir='ltr'><strong>et</strong></span> <span class='ocrx_word' id='word_1_170' title='bbox 2659 1000 2763 1037; x_wconf 90' lang='lat' dir='ltr'><strong>non</strong></span> <span class='ocrx_word' id='word_1_171' title='bbox 2813 984 3141 1052; x_wconf 88' lang='lat' dir='ltr'><strong>composita,</strong></span> <span class='ocrx_word' id='word_1_172' title='bbox 3169 986 3303 1039; x_wconf 91' lang='lat' dir='ltr'><strong>alias</strong></span> <span class='ocrx_word' id='word_1_173' title='bbox 3357 986 3517 1041; x_wconf 79' lang='lat' dir='ltr'><strong>aliter</strong></span> 
     </span>
    </p>
   </div>
   <div class='ocr_carea' id='block_1_24' title="bbox 1937 1076 3515 1145">
    <p class='ocr_par' dir='ltr' id='par_1_24' title="bbox 1937 1076 3515 1145">
     <span class='ocr_line' id='line_1_24' title="bbox 1937 1076 3515 1145; baseline 0.002 -15"><span class='ocrx_word' id='word_1_174' title='bbox 1937 1091 1994 1130; x_wconf 91' lang='lat' dir='ltr'><strong>se</strong></span> <span class='ocrx_word' id='word_1_175' title='bbox 2038 1078 2150 1144; x_wconf 90' lang='lat' dir='ltr'><strong>ipse</strong></span> <span class='ocrx_word' id='word_1_176' title='bbox 2210 1076 2482 1139; x_wconf 80' lang='lat' dir='ltr'><strong>nominat,</strong></span> <span class='ocrx_word' id='word_1_177' title='bbox 2516 1077 2759 1130; x_wconf 84' lang='lat' dir='ltr'><strong>diversas</strong></span> <span class='ocrx_word' id='word_1_178' title='bbox 2816 1077 3207 1145; x_wconf 79' lang='lat' dir='ltr'><strong>appellationes</strong></span> <span class='ocrx_word' id='word_1_179' title='bbox 3264 1079 3403 1132; x_wconf 88' lang='lat' dir='ltr'><strong>inter</strong></span> <span class='ocrx_word' id='word_1_180' title='bbox 3455 1093 3515 1133; x_wconf 86' lang='lat' dir='ltr'><strong>se</strong></span> 
     </span>
    </p>
   </div>
   <div class='ocr_carea' id='block_1_25' title="bbox 1937 1167 3513 1237">
    <p class='ocr_par' dir='ltr' id='par_1_25' title="bbox 1937 1167 3513 1237">
     <span class='ocr_line' id='line_1_25' title="bbox 1937 1167 3513 1237; baseline 0.001 -16"><span class='ocrx_word' id='word_1_181' title='bbox 1937 1168 2145 1222; x_wconf 84' lang='lat' dir='ltr'><strong>ratione</strong></span> <span class='ocrx_word' id='word_1_182' title='bbox 2212 1167 2530 1221; x_wconf 81' lang='lat' dir='ltr'><strong>dissidentes</strong></span> <span class='ocrx_word' id='word_1_183' title='bbox 2584 1168 2686 1222; x_wconf 86' lang='lat' dir='ltr'><strong>sibi</strong></span> <span class='ocrx_word' id='word_1_184' title='bbox 2747 1171 2847 1237; x_wconf 83' lang='lat' dir='ltr'><strong>ipsi</strong></span> <span class='ocrx_word' id='word_1_185' title='bbox 2908 1171 3338 1224; x_wconf 72' lang='lat' dir='ltr'><strong>accommodans.</strong></span> <span class='ocrx_word' id='word_1_186' title='bbox 3380 1168 3513 1223; x_wconf 82' lang='lat' dir='ltr'><strong>Nam</strong></span> 
     </span>
    </p>
   </div>
   <div class='ocr_carea' id='block_1_26' title="bbox 1937 1260 3515 1332">
    <p class='ocr_par' dir='ltr' id='par_1_26' title="bbox 1937 1260 3515 1332">
     <span class='ocr_line' id='line_1_26' title="bbox 1937 1260 3515 1332; baseline 0.001 -19"><span class='ocrx_word' id='word_1_187' title='bbox 1937 1276 2035 1329; x_wconf 89' lang='lat' dir='ltr'><strong>pro</strong></span> <span class='ocrx_word' id='word_1_188' title='bbox 2064 1261 2438 1330; x_wconf 89' lang='lat' dir='ltr'><strong>operationnm</strong></span> <span class='ocrx_word' id='word_1_189' title='bbox 2496 1261 2833 1323; x_wconf 75' lang='lat' dir='ltr'><strong>diversitate,</strong></span> <span class='ocrx_word' id='word_1_190' title='bbox 2861 1272 2914 1316; x_wconf 90' lang='lat' dir='ltr'><strong>et</strong></span> <span class='ocrx_word' id='word_1_191' title='bbox 2962 1278 3058 1332; x_wconf 91' lang='lat' dir='ltr'><strong>pro</strong></span> <span class='ocrx_word' id='word_1_192' title='bbox 3097 1277 3159 1315; x_wconf 90' lang='lat' dir='ltr'><strong>ea</strong></span> <span class='ocrx_word' id='word_1_193' title='bbox 3202 1260 3515 1315; x_wconf 81' lang='lat' dir='ltr'><strong>habitudine</strong></span> 
     </span>
    </p>
   </div>
   <div class='ocr_carea' id='block_1_27' title="bbox 1936 1354 3513 1425">
    <p class='ocr_par' dir='ltr' id='par_1_27' title="bbox 1936 1354 3513 1425">
     <span class='ocr_line' id='line_1_27' title="bbox 1936 1354 3513 1425; baseline 0.003 -22"><span class='ocrx_word' id='word_1_194' title='bbox 1936 1368 2098 1421; x_wconf 86' lang='lat' dir='ltr'><strong>quam</strong></span> <span class='ocrx_word' id='word_1_195' title='bbox 2132 1354 2198 1405; x_wconf 90' lang='lat' dir='ltr'><strong>ad</strong></span> <span class='ocrx_word' id='word_1_196' title='bbox 2231 1368 2292 1406; x_wconf 87' lang='lat' dir='ltr'><strong>ea</strong></span> <span class='ocrx_word' id='word_1_197' title='bbox 2333 1354 2516 1417; x_wconf 74' lang='lat' dir='ltr'><strong>habet,</strong></span> <span class='ocrx_word' id='word_1_198' title='bbox 2544 1368 2661 1421; x_wconf 63' lang='lat' dir='ltr'><strong>qua</strong></span> <span class='ocrx_word' id='word_1_199' title='bbox 2710 1354 2984 1408; x_wconf 80' lang='lat' dir='ltr'><strong>beneﬁciis</strong></span> <span class='ocrx_word' id='word_1_200' title='bbox 3028 1356 3145 1425; x_wconf 83' lang='lat' dir='ltr'><strong>ejus</strong></span> <span class='ocrx_word' id='word_1_201' title='bbox 3190 1354 3513 1419; x_wconf 70' lang='lat' dir='ltr'><strong>alliduntur,</strong></span> 
     </span>
    </p>
   </div>
   <div class='ocr_carea' id='block_1_28' title="bbox 1940 1447 3517 1518">
    <p class='ocr_par' dir='ltr' id='par_1_28' title="bbox 1940 1447 3517 1518">
     <span class='ocr_line' id='line_1_28' title="bbox 1940 1447 3517 1518; baseline 0.001 -16"><span class='ocrx_word' id='word_1_202' title='bbox 1940 1448 2152 1502; x_wconf 84' lang='lat' dir='ltr'><strong>diversa</strong></span> <span class='ocrx_word' id='word_1_203' title='bbox 2182 1462 2395 1515; x_wconf 91' lang='lat' dir='ltr'><strong>quoque</strong></span> <span class='ocrx_word' id='word_1_204' title='bbox 2426 1448 2531 1500; x_wconf 86' lang='lat' dir='ltr'><strong>sibi</strong></span> <span class='ocrx_word' id='word_1_205' title='bbox 2559 1447 2778 1501; x_wconf 83' lang='lat' dir='ltr'><strong>nomina</strong></span> <span class='ocrx_word' id='word_1_206' title='bbox 2828 1450 3075 1518; x_wconf 89' lang='lat' dir='ltr'><strong>imponit.</strong></span> <span class='ocrx_word' id='word_1_207' title='bbox 3106 1448 3237 1502; x_wconf 85' lang='lat' dir='ltr'><strong>Nam</strong></span> <span class='ocrx_word' id='word_1_208' title='bbox 3270 1448 3391 1504; x_wconf 86' lang='lat' dir='ltr'><strong>ideo</strong></span> <span class='ocrx_word' id='word_1_209' title='bbox 3428 1464 3517 1503; x_wconf 80' lang='lat' dir='ltr'><strong>se-</strong></span> 
     </span>
    </p>
   </div>
   <div class='ocr_carea' id='block_1_29' title="bbox 1940 1538 3513 1608">
    <p class='ocr_par' dir='ltr' id='par_1_29' title="bbox 1940 1538 3513 1608">
     <span class='ocr_line' id='line_1_29' title="bbox 1940 1538 3513 1608; baseline 0 -18"><span class='ocrx_word' id='word_1_210' title='bbox 1940 1538 2115 1605; x_wconf 88' lang='lat' dir='ltr'><strong>ipsum</strong></span> <span class='ocrx_word' id='word_1_211' title='bbox 2149 1538 2319 1591; x_wconf 90' lang='lat' dir='ltr'><strong>lucem</strong></span> <span class='ocrx_word' id='word_1_212' title='bbox 2353 1538 2539 1592; x_wconf 91' lang='lat' dir='ltr'><strong>mundi</strong></span> <span class='ocrx_word' id='word_1_213' title='bbox 2589 1538 2735 1602; x_wconf 87' lang='lat' dir='ltr'><strong>dicit,</strong></span> <span class='ocrx_word' id='word_1_214' title='bbox 2768 1538 2907 1607; x_wconf 91' lang='lat' dir='ltr'><strong>quod</strong></span> <span class='ocrx_word' id='word_1_215' title='bbox 2951 1539 3144 1608; x_wconf 87' lang='lat' dir='ltr'><strong>partim</strong></span> <span class='ocrx_word' id='word_1_216' title='bbox 3179 1540 3513 1594; x_wconf 78' lang='lat' dir='ltr'><strong>inaccessam</strong></span> 
     </span>
    </p>
   </div>
   <div class='ocr_carea' id='block_1_30' title="bbox 1940 1630 3514 1703">
    <p class='ocr_par' dir='ltr' id='par_1_30' title="bbox 1940 1630 3514 1703">
     <span class='ocr_line' id='line_1_30' title="bbox 1940 1630 3514 1703; baseline 0.002 -20"><span class='ocrx_word' id='word_1_217' title='bbox 1940 1630 2154 1684; x_wconf 88' lang='lat' dir='ltr'><strong>deitatis</strong></span> <span class='ocrx_word' id='word_1_218' title='bbox 2197 1630 2526 1698; x_wconf 82' lang='lat' dir='ltr'><strong>majestatem</strong></span> <span class='ocrx_word' id='word_1_219' title='bbox 2582 1630 2684 1686; x_wconf 91' lang='lat' dir='ltr'><strong>hoc</strong></span> <span class='ocrx_word' id='word_1_220' title='bbox 2724 1632 2939 1687; x_wconf 87' lang='lat' dir='ltr'><strong>nomine</strong></span> <span class='ocrx_word' id='word_1_221' title='bbox 2976 1631 3240 1701; x_wconf 90' lang='lat' dir='ltr'><strong>signiﬁcet</strong></span> <span class='ocrx_word' id='word_1_222' title='bbox 3264 1671 3280 1694; x_wconf 88' lang='lat'><strong>.</strong></span> <span class='ocrx_word' id='word_1_223' title='bbox 3318 1634 3514 1703; x_wconf 83' lang='lat' dir='ltr'><strong>partim</strong></span> 
     </span>
    </p>
   </div>
   <div class='ocr_carea' id='block_1_31' title="bbox 1940 1724 3514 1795">
    <p class='ocr_par' dir='ltr' id='par_1_31' title="bbox 1940 1724 3514 1795">
     <span class='ocr_line' id='line_1_31' title="bbox 1940 1724 3514 1795; baseline 0.003 -22"><span class='ocrx_word' id='word_1_224' title='bbox 1940 1725 2083 1791; x_wconf 90' lang='lat' dir='ltr'><strong>quod</strong></span> <span class='ocrx_word' id='word_1_225' title='bbox 2138 1724 2424 1791; x_wconf 86' lang='lat' dir='ltr'><strong>splendore</strong></span> <span class='ocrx_word' id='word_1_226' title='bbox 2464 1724 2703 1779; x_wconf 69' lang='lat' dir='ltr'><strong>scientia:</strong></span> <span class='ocrx_word' id='word_1_227' title='bbox 2754 1740 2846 1779; x_wconf 91' lang='lat' dir='ltr'><strong>eos</strong></span> <span class='ocrx_word' id='word_1_228' title='bbox 2902 1725 2990 1792; x_wconf 86' lang='lat' dir='ltr'><strong>qui</strong></span> <span class='ocrx_word' id='word_1_229' title='bbox 3047 1734 3298 1795; x_wconf 80' lang='lat' dir='ltr'><strong>purgatos</strong></span> <span class='ocrx_word' id='word_1_230' title='bbox 3348 1726 3514 1779; x_wconf 92' lang='lat' dir='ltr'><strong>animi</strong></span> 
     </span>
    </p>
   </div>
   <div class='ocr_carea' id='block_1_32' title="bbox 1942 1815 3515 1889">
    <p class='ocr_par' dir='ltr' id='par_1_32' title="bbox 1942 1815 3515 1889">
     <span class='ocr_line' id='line_1_32' title="bbox 1942 1815 3515 1889; baseline 0.003 -20"><span class='ocrx_word' id='word_1_231' title='bbox 1942 1816 2128 1869; x_wconf 81' lang='lat' dir='ltr'><strong>oculos</strong></span> <span class='ocrx_word' id='word_1_232' title='bbox 2156 1816 2371 1877; x_wconf 90' lang='lat' dir='ltr'><strong>habent,</strong></span> <span class='ocrx_word' id='word_1_233' title='bbox 2404 1816 2689 1869; x_wconf 88' lang='lat' dir='ltr'><strong>illuminet.</strong></span> <span class='ocrx_word' id='word_1_234' title='bbox 2726 1815 2901 1871; x_wconf 84' lang='lat' dir='ltr'><strong>Vitem</strong></span> <span class='ocrx_word' id='word_1_235' title='bbox 2934 1833 3095 1884; x_wconf 88' lang='lat' dir='ltr'><strong>vero,</strong></span> <span class='ocrx_word' id='word_1_236' title='bbox 3125 1820 3265 1887; x_wconf 92' lang='lat' dir='ltr'><strong>quod</strong></span> <span class='ocrx_word' id='word_1_237' title='bbox 3290 1834 3385 1874; x_wconf 92' lang='lat' dir='ltr'><strong>eos</strong></span> <span class='ocrx_word' id='word_1_238' title='bbox 3420 1821 3515 1889; x_wconf 92' lang='lat' dir='ltr'><strong>qui</strong></span> 
     </span>
    </p>
   </div>
   <div class='ocr_carea' id='block_1_33' title="bbox 1944 1906 3513 1980">
    <p class='ocr_par' dir='ltr' id='par_1_33' title="bbox 1944 1906 3513 1980">
     <span class='ocr_line' id='line_1_33' title="bbox 1944 1906 3513 1980; baseline 0.006 -23"><span class='ocrx_word' id='word_1_239' title='bbox 1944 1906 2087 1959; x_wconf 92' lang='lat' dir='ltr'><strong>ineo</strong></span> <span class='ocrx_word' id='word_1_240' title='bbox 2132 1921 2228 1973; x_wconf 86' lang='lat' dir='ltr'><strong>per</strong></span> <span class='ocrx_word' id='word_1_241' title='bbox 2257 1906 2412 1960; x_wconf 88' lang='lat' dir='ltr'><strong>ﬁdem</strong></span> <span class='ocrx_word' id='word_1_242' title='bbox 2474 1907 2684 1961; x_wconf 88' lang='lat' dir='ltr'><strong>radices</strong></span> <span class='ocrx_word' id='word_1_243' title='bbox 2723 1923 2967 1977; x_wconf 88' lang='lat' dir='ltr'><strong>egerunt,</strong></span> <span class='ocrx_word' id='word_1_244' title='bbox 2994 1908 3255 1965; x_wconf 88' lang='lat' dir='ltr'><strong>bonorum</strong></span> <span class='ocrx_word' id='word_1_245' title='bbox 3292 1927 3513 1980; x_wconf 88' lang='lat' dir='ltr'><strong>operum</strong></span> 
     </span>
    </p>
   </div>
   <div class='ocr_carea' id='block_1_34' title="bbox 265 1991 1935 2077">
    <p class='ocr_par' dir='ltr' id='par_1_34' title="bbox 265 1991 1911 2077">
     <span class='ocr_line' id='line_1_34' title="bbox 265 1991 1911 2077; baseline 0 -22"><span class='ocrx_word' id='word_1_246' title='bbox 265 2004 402 2073; x_wconf 83' lang='grc' dir='ltr'><strong>τάτη</strong></span> <span class='ocrx_word' id='word_1_247' title='bbox 437 2008 607 2077; x_wconf 64' lang='grc' dir='ltr'>τροψὴ</span> <span class='ocrx_word' id='word_1_248' title='bbox 640 2006 854 2074; x_wconf 75' lang='grc' dir='ltr'>λογικοῦ</span> <span class='ocrx_word' id='word_1_249' title='bbox 906 2008 1204 2073; x_wconf 72' lang='grc' dir='ltr'>τυγχάνων,</span> <span class='ocrx_word' id='word_1_250' title='bbox 1260 2004 1335 2073; x_wconf 80' lang='grc' dir='ltr'>τῷ</span> <span class='ocrx_word' id='word_1_251' title='bbox 1380 2004 1689 2073; x_wconf 83' lang='grc' dir='ltr'>διακρατεῖν</span> <span class='ocrx_word' id='word_1_252' title='bbox 1740 2003 1838 2073; x_wconf 75' lang='grc' dir='ltr'><strong>τὴν</strong></span> <span class='ocrx_word' id='word_1_253' title='bbox 1872 1991 1911 2042; x_wconf 75' lang='grc' dir='ltr'>Β</span> 
     </span>
    </p>
   </div>
   <div class='ocr_carea' id='block_1_35' title="bbox 1847 1991 3517 2077">
    <p class='ocr_par' dir='ltr' id='par_1_35' title="bbox 1872 1991 3517 2073">
     <span class='ocr_line' id='line_1_35' title="bbox 1872 1991 3517 2073; baseline 0.008 -26"><span class='ocrx_word' id='word_1_254' title='bbox 1872 1991 1911 2042; x_wconf 84' lang='grc' dir='ltr'>Β</span> <span class='ocrx_word' id='word_1_255' title='bbox 1943 1997 2218 2053; x_wconf 78' lang='lat' dir='ltr'><strong>fertilitate</strong></span> <span class='ocrx_word' id='word_1_256' title='bbox 2264 2002 2525 2054; x_wconf 89' lang='lat' dir='ltr'><strong>enutriat.</strong></span> <span class='ocrx_word' id='word_1_257' title='bbox 2582 2000 2780 2055; x_wconf 84' lang='lat' dir='ltr'><strong>Panem</strong></span> <span class='ocrx_word' id='word_1_258' title='bbox 2837 2014 3037 2067; x_wconf 87' lang='lat' dir='ltr'><strong>autem,</strong></span> <span class='ocrx_word' id='word_1_259' title='bbox 3076 2005 3219 2073; x_wconf 89' lang='lat' dir='ltr'><strong>quod</strong></span> <span class='ocrx_word' id='word_1_260' title='bbox 3261 2004 3328 2059; x_wconf 88' lang='lat' dir='ltr'><strong>sit</strong></span> <span class='ocrx_word' id='word_1_261' title='bbox 3366 2005 3517 2060; x_wconf 86' lang='lat' dir='ltr'><strong>cibus</strong></span> 
     </span>
    </p>
   </div>
   <div class='ocr_carea' id='block_1_36' title="bbox 267 2092 1835 2169">
    <p class='ocr_par' dir='ltr' id='par_1_36' title="bbox 267 2092 1835 2169">
     <span class='ocr_line' id='line_1_36' title="bbox 267 2092 1835 2169; baseline -0.002 -21"><span class='ocrx_word' id='word_1_262' title='bbox 267 2097 526 2149; x_wconf 83' lang='grc' dir='ltr'>σύστασιν</span> <span class='ocrx_word' id='word_1_263' title='bbox 546 2099 645 2167; x_wconf 78' lang='grc' dir='ltr'>τῆς</span> <span class='ocrx_word' id='word_1_264' title='bbox 678 2099 873 2169; x_wconf 61' lang='grc' dir='ltr'>ψυχῆς,</span> <span class='ocrx_word' id='word_1_265' title='bbox 902 2100 992 2150; x_wconf 70' lang='grc' dir='ltr'><strong>καὶ</strong></span> <span class='ocrx_word' id='word_1_266' title='bbox 1017 2099 1077 2149; x_wconf 77' lang='grc' dir='ltr'>τὸ</span> <span class='ocrx_word' id='word_1_267' title='bbox 1110 2098 1303 2165; x_wconf 75' lang='grc' dir='ltr'>ἰδίωμα</span> <span class='ocrx_word' id='word_1_268' title='bbox 1333 2095 1500 2164; x_wconf 76' lang='grc' dir='ltr'>αὐτῆς</span> <span class='ocrx_word' id='word_1_269' title='bbox 1530 2092 1835 2158; x_wconf 78' lang='grc' dir='ltr'>διασώζειν,</span> 
     </span>
    </p>
   </div>
   <div class='ocr_carea' id='block_1_37' title="bbox 267 2186 1839 2261">
    <p class='ocr_par' dir='ltr' id='par_1_37' title="bbox 267 2186 1839 2261">
     <span class='ocr_line' id='line_1_37' title="bbox 267 2186 1839 2261; baseline -0.003 -20"><span class='ocrx_word' id='word_1_270' title='bbox 267 2189 599 2261; x_wconf 76' lang='grc' dir='ltr'>ἀναπληρῶν</span> <span class='ocrx_word' id='word_1_271' title='bbox 630 2191 740 2258; x_wconf 78' lang='grc'><strong>(58)</strong></span> <span class='ocrx_word' id='word_1_272' title='bbox 775 2191 860 2242; x_wconf 74' lang='grc' dir='ltr'><strong>ἀεὶ</strong></span> <span class='ocrx_word' id='word_1_273' title='bbox 886 2190 1012 2259; x_wconf 73' lang='grc' dir='ltr'>παρ’</span> <span class='ocrx_word' id='word_1_274' title='bbox 1037 2188 1228 2240; x_wconf 80' lang='grc' dir='ltr'>ἑαυτοῦ</span> <span class='ocrx_word' id='word_1_275' title='bbox 1258 2187 1316 2239; x_wconf 72' lang='grc' dir='ltr'><strong>τὸ</strong></span> <span class='ocrx_word' id='word_1_276' title='bbox 1344 2186 1539 2249; x_wconf 79' lang='grc' dir='ltr'>ἐνδέον,</span> <span class='ocrx_word' id='word_1_277' title='bbox 1577 2186 1671 2238; x_wconf 68' lang='grc' dir='ltr'><strong>καὶ</strong></span> <span class='ocrx_word' id='word_1_278' title='bbox 1706 2186 1839 2256; x_wconf 76' lang='grc' dir='ltr'>πρὸς</span> 
     </span>
    </p>
   </div>
   <div class='ocr_carea' id='block_1_38' title="bbox 266 2279 1839 2352">
    <p class='ocr_par' dir='ltr' id='par_1_38' title="bbox 266 2279 1839 2352">
     <span class='ocr_line' id='line_1_38' title="bbox 266 2279 1839 2352; baseline -0.001 -19"><span class='ocrx_word' id='word_1_279' title='bbox 266 2281 366 2352; x_wconf 81' lang='grc' dir='ltr'><strong>τὴν</strong></span> <span class='ocrx_word' id='word_1_280' title='bbox 418 2283 475 2347; x_wconf 82' lang='grc' dir='ltr'>ἐξ</span> <span class='ocrx_word' id='word_1_281' title='bbox 522 2282 741 2349; x_wconf 82' lang='grc' dir='ltr'>ἀλογίας</span> <span class='ocrx_word' id='word_1_282' title='bbox 794 2281 1144 2351; x_wconf 90' lang='grc' dir='ltr'>ἐγγινομένην</span> <span class='ocrx_word' id='word_1_283' title='bbox 1200 2280 1510 2351; x_wconf 74' lang='grc' dir='ltr'>ἀρρωστίαν</span> <span class='ocrx_word' id='word_1_284' title='bbox 1567 2281 1667 2332; x_wconf 84' lang='grc' dir='ltr'><strong>ούκ</strong></span> <span class='ocrx_word' id='word_1_285' title='bbox 1736 2279 1839 2331; x_wconf 88' lang='grc' dir='ltr'><strong>ἐῶν</strong></span> 
     </span>
    </p>
   </div>
   <div class='ocr_carea' id='block_1_39' title="bbox 267 2374 1841 2443">
    <p class='ocr_par' dir='ltr' id='par_1_39' title="bbox 267 2374 1841 2443">
     <span class='ocr_line' id='line_1_39' title="bbox 267 2374 1841 2443; baseline 0 -18"><span class='ocrx_word' id='word_1_286' title='bbox 267 2374 633 2443; x_wconf 76' lang='grc' dir='ltr'>ὑποφέρεσθαι</span> <span class='ocrx_word' id='word_1_287' title='bbox 675 2374 804 2443; x_wconf 81' lang='grc'><strong>(59).</strong></span> <span class='ocrx_word' id='word_1_288' title='bbox 838 2376 947 2427; x_wconf 77' lang='grc' dir='ltr'>Καὶ</span> <span class='ocrx_word' id='word_1_289' title='bbox 994 2374 1163 2437; x_wconf 82' lang='grc' dir='ltr'>οῦτως</span> <span class='ocrx_word' id='word_1_290' title='bbox 1199 2375 1262 2426; x_wconf 87' lang='grc' dir='ltr'><strong>ἀν</strong></span> <span class='ocrx_word' id='word_1_291' title='bbox 1302 2392 1385 2437; x_wconf 89' lang='grc' dir='ltr'><strong>τις</strong></span> <span class='ocrx_word' id='word_1_292' title='bbox 1419 2375 1526 2427; x_wconf 88' lang='grc' dir='ltr'><strong>τῶν</strong></span> <span class='ocrx_word' id='word_1_293' title='bbox 1561 2374 1841 2442; x_wconf 78' lang='grc' dir='ltr'>ὀνομάτων</span> 
     </span>
    </p>
   </div>
   <div class='ocr_carea' id='block_1_40' title="bbox 265 2464 1839 2534">
    <p class='ocr_par' dir='ltr' id='par_1_40' title="bbox 265 2464 1839 2534">
     <span class='ocr_line' id='line_1_40' title="bbox 265 2464 1839 2534; baseline 0.001 -20"><span class='ocrx_word' id='word_1_294' title='bbox 265 2464 495 2515; x_wconf 65' lang='grc' dir='ltr'>ἱκαστον</span> <span class='ocrx_word' id='word_1_295' title='bbox 527 2464 795 2532; x_wconf 73' lang='grc' dir='ltr'>ἐφοδεύων</span> <span class='ocrx_word' id='word_1_296' title='bbox 837 2465 1085 2528; x_wconf 82' lang='grc' dir='ltr'>ποικίλας</span> <span class='ocrx_word' id='word_1_297' title='bbox 1126 2465 1274 2534; x_wconf 84' lang='grc' dir='ltr'>εῦροι</span> <span class='ocrx_word' id='word_1_298' title='bbox 1316 2465 1412 2527; x_wconf 78' lang='grc' dir='ltr'>τὰς</span> <span class='ocrx_word' id='word_1_299' title='bbox 1454 2465 1694 2525; x_wconf 80' lang='grc' dir='ltr'>ἐπινοίας</span> <span class='ocrx_word' id='word_1_300' title='bbox 1723 2465 1839 2525; x_wconf 66' lang='grc' dir='ltr'>ἐνός</span> 
     </span>
    </p>
   </div>
   <div class='ocr_carea' id='block_1_41' title="bbox 268 2554 1841 2626">
    <p class='ocr_par' dir='ltr' id='par_1_41' title="bbox 268 2554 1841 2626">
     <span class='ocr_line' id='line_1_41' title="bbox 268 2554 1841 2626; baseline 0.002 -21"><span class='ocrx_word' id='word_1_301' title='bbox 268 2554 501 2606; x_wconf 78' lang='grc' dir='ltr'>ἑκάστου</span> <span class='ocrx_word' id='word_1_302' title='bbox 540 2554 632 2607; x_wconf 84' lang='grc' dir='ltr'><strong>τοῦ</strong></span> <span class='ocrx_word' id='word_1_303' title='bbox 672 2555 811 2608; x_wconf 80' lang='grc' dir='ltr'>κατά</span> <span class='ocrx_word' id='word_1_304' title='bbox 844 2556 939 2626; x_wconf 74' lang='grc' dir='ltr'>τὴν</span> <span class='ocrx_word' id='word_1_305' title='bbox 968 2556 1152 2607; x_wconf 81' lang='grc' dir='ltr'>ούσίαν</span> <span class='ocrx_word' id='word_1_306' title='bbox 1192 2557 1304 2616; x_wconf 86' lang='grc' dir='ltr'>τοῖς</span> <span class='ocrx_word' id='word_1_307' title='bbox 1341 2556 1503 2606; x_wconf 73' lang='grc' dir='ltr'>πᾶσιν</span> <span class='ocrx_word' id='word_1_308' title='bbox 1548 2556 1841 2623; x_wconf 79' lang='grc' dir='ltr'>ὑποκειμέ-</span> 
     </span>
    </p>
   </div>
   <div class='ocr_carea' id='block_1_42' title="bbox 268 2644 1840 2717">
    <p class='ocr_par' dir='ltr' id='par_1_42' title="bbox 268 2644 1840 2717">
     <span class='ocr_line' id='line_1_42' title="bbox 268 2644 1840 2717; baseline 0.002 -21"><span class='ocrx_word' id='word_1_309' title='bbox 268 2664 380 2699; x_wconf 87' lang='grc' dir='ltr'>νου.</span> <span class='ocrx_word' id='word_1_310' title='bbox 436 2646 529 2709; x_wconf 86' lang='grc' dir='ltr'>Τίς</span> <span class='ocrx_word' id='word_1_311' title='bbox 568 2644 659 2700; x_wconf 77' lang='grc' dir='ltr'><strong>οὖν</strong></span> <span class='ocrx_word' id='word_1_312' title='bbox 702 2647 842 2699; x_wconf 83' lang='grc' dir='ltr'>οῦτω</span> <span class='ocrx_word' id='word_1_313' title='bbox 888 2647 982 2715; x_wconf 72' lang='grc' dir='ltr'><strong>τὴν</strong></span> <span class='ocrx_word' id='word_1_314' title='bbox 1026 2646 1275 2713; x_wconf 83' lang='grc' dir='ltr'>γλῶσσαν</span> <span class='ocrx_word' id='word_1_315' title='bbox 1326 2646 1462 2717; x_wconf 73' lang='grc' dir='ltr'>πρὸς</span> <span class='ocrx_word' id='word_1_316' title='bbox 1496 2646 1840 2716; x_wconf 66' lang='grc' dir='ltr'>βλασφημίαν</span> 
     </span>
    </p>
   </div>
   <div class='ocr_carea' id='block_1_43' title="bbox 267 2738 1842 2808">
    <p class='ocr_par' dir='ltr' id='par_1_43' title="bbox 267 2738 1842 2808">
     <span class='ocr_line' id='line_1_43' title="bbox 267 2738 1842 2808; baseline 0.002 -19"><span class='ocrx_word' id='word_1_317' title='bbox 267 2738 553 2808; x_wconf 65' lang='grc' dir='ltr'>ἡκόνηται,</span> <span class='ocrx_word' id='word_1_318' title='bbox 600 2738 738 2790; x_wconf 80' lang='grc' dir='ltr'>ὥστε</span> <span class='ocrx_word' id='word_1_319' title='bbox 773 2738 1035 2806; x_wconf 73' lang='grc' dir='ltr'>τολμῆσαι</span> <span class='ocrx_word' id='word_1_320' title='bbox 1087 2740 1260 2790; x_wconf 78' lang='grc' dir='ltr'>εἰπεῖν</span> <span class='ocrx_word' id='word_1_321' title='bbox 1309 2742 1425 2802; x_wconf 86' lang='grc' dir='ltr'>ταῖς</span> <span class='ocrx_word' id='word_1_322' title='bbox 1488 2744 1692 2808; x_wconf 78' lang='grc' dir='ltr'>φωναῖς</span> <span class='ocrx_word' id='word_1_323' title='bbox 1745 2738 1842 2803; x_wconf 73' lang='grc' dir='ltr'><strong>τὰς</strong></span> 
     </span>
    </p>
   </div>
   <div class='ocr_carea' id='block_1_44' title="bbox 269 2828 1843 2895">
    <p class='ocr_par' dir='ltr' id='par_1_44' title="bbox 269 2828 1843 2895">
     <span class='ocr_line' id='line_1_44' title="bbox 269 2828 1843 2895; baseline 0.001 -13"><span class='ocrx_word' id='word_1_324' title='bbox 269 2832 512 2892; x_wconf 78' lang='grc' dir='ltr'>ἐπινοίας</span> <span class='ocrx_word' id='word_1_325' title='bbox 545 2830 743 2891; x_wconf 88' lang='grc' dir='ltr'>ταύτας</span> <span class='ocrx_word' id='word_1_326' title='bbox 779 2828 1214 2895; x_wconf 76' lang='grc' dir='ltr'>συνδιαλύεσθαι;</span> <span class='ocrx_word' id='word_1_327' title='bbox 1256 2832 1319 2884; x_wconf 86' lang='grc' dir='ltr'>Τί</span> <span class='ocrx_word' id='word_1_328' title='bbox 1361 2828 1450 2884; x_wconf 83' lang='grc' dir='ltr'><strong>οὖν</strong></span> <span class='ocrx_word' id='word_1_329' title='bbox 1480 2833 1676 2885; x_wconf 72' lang='grc' dir='ltr'>ἀτεπον</span> <span class='ocrx_word' id='word_1_330' title='bbox 1703 2831 1843 2885; x_wconf 72' lang='grc' dir='ltr'>οὕτω</span> 
     </span>
    </p>
   </div>
   <div class='ocr_carea' id='block_1_45' title="bbox 270 2920 1840 2993">
    <p class='ocr_par' dir='ltr' id='par_1_45' title="bbox 270 2920 1840 2993">
     <span class='ocr_line' id='line_1_45' title="bbox 270 2920 1840 2993; baseline 0.001 -18"><span class='ocrx_word' id='word_1_331' title='bbox 270 2924 366 2975; x_wconf 74' lang='grc' dir='ltr'>καὶ</span> <span class='ocrx_word' id='word_1_332' title='bbox 396 2923 486 2975; x_wconf 78' lang='grc' dir='ltr'><strong>ἐπὶ</strong></span> <span class='ocrx_word' id='word_1_333' title='bbox 518 2921 609 2973; x_wconf 89' lang='grc' dir='ltr'><strong>τοῦ</strong></span> <span class='ocrx_word' id='word_1_334' title='bbox 644 2920 777 2973; x_wconf 81' lang='grc' dir='ltr'>Θεοῦ</span> <span class='ocrx_word' id='word_1_335' title='bbox 819 2922 928 2974; x_wconf 84' lang='grc' dir='ltr'><strong>τῶν</strong></span> <span class='ocrx_word' id='word_1_336' title='bbox 960 2922 1095 2975; x_wconf 82' lang='grc' dir='ltr'>ὅλων</span> <span class='ocrx_word' id='word_1_337' title='bbox 1143 2923 1518 2993; x_wconf 72' lang='grc' dir='ltr'>λαμϐάνεσθαι</span> <span class='ocrx_word' id='word_1_338' title='bbox 1552 2941 1671 2977; x_wconf 85' lang='grc' dir='ltr'>τινα</span> <span class='ocrx_word' id='word_1_339' title='bbox 1722 2925 1840 2977; x_wconf 85' lang='grc' dir='ltr'>κατ’</span> 
     </span>
    </p>
   </div>
   <div class='ocr_carea' id='block_1_46' title="bbox 271 3012 1841 3089">
    <p class='ocr_par' dir='ltr' id='par_1_46' title="bbox 271 3012 1841 3089">
     <span class='ocr_line' id='line_1_46' title="bbox 271 3012 1841 3089; baseline 0 -21"><span class='ocrx_word' id='word_1_340' title='bbox 271 3016 536 3079; x_wconf 82' lang='grc' dir='ltr'>ἐπίνοιαν,</span> <span class='ocrx_word' id='word_1_341' title='bbox 581 3016 673 3067; x_wconf 81' lang='grc' dir='ltr'>καὶ</span> <span class='ocrx_word' id='word_1_342' title='bbox 718 3017 848 3068; x_wconf 86' lang='grc' dir='ltr'>αύτὸ</span> <span class='ocrx_word' id='word_1_343' title='bbox 889 3016 1045 3069; x_wconf 88' lang='grc' dir='ltr'>τοῦτο</span> <span class='ocrx_word' id='word_1_344' title='bbox 1098 3018 1311 3087; x_wconf 86' lang='grc' dir='ltr'>πρῶτον</span> <span class='ocrx_word' id='word_1_345' title='bbox 1355 3018 1502 3087; x_wconf 66' lang='grc'><strong>(40),</strong></span> <span class='ocrx_word' id='word_1_346' title='bbox 1551 3019 1677 3089; x_wconf 82' lang='grc' dir='ltr'>περὶ</span> <span class='ocrx_word' id='word_1_347' title='bbox 1714 3012 1773 3069; x_wconf 79' lang='grc' dir='ltr'><strong>οῦ</strong></span> <span class='ocrx_word' id='word_1_348' title='bbox 1814 3019 1841 3068; x_wconf 86' lang='grc' dir='ltr'><strong>ό</strong></span> 
     </span>
    </p>
   </div>
   <div class='ocr_carea' id='block_1_47' title="bbox 271 3107 1842 3180">
    <p class='ocr_par' dir='ltr' id='par_1_47' title="bbox 271 3107 1842 3180">
     <span class='ocr_line' id='line_1_47' title="bbox 271 3107 1842 3180; baseline -0.001 -20"><span class='ocrx_word' id='word_1_349' title='bbox 271 3108 493 3177; x_wconf 78' lang='grc' dir='ltr'>σύμπας</span> <span class='ocrx_word' id='word_1_350' title='bbox 522 3109 652 3178; x_wconf 72' lang='grc' dir='ltr'>μῖν</span> <span class='ocrx_word' id='word_1_351' title='bbox 683 3108 961 3176; x_wconf 70' lang='grc' dir='ltr'>κεκίνηται</span> <span class='ocrx_word' id='word_1_352' title='bbox 986 3108 1175 3175; x_wconf 75' lang='grc' dir='ltr'>λόγοςς</span> <span class='ocrx_word' id='word_1_353' title='bbox 1210 3110 1526 3180; x_wconf 79' lang='grc' dir='ltr'>Εύρήσομεν</span> <span class='ocrx_word' id='word_1_354' title='bbox 1553 3107 1660 3179; x_wconf 80' lang='grc' dir='ltr'><strong>γάρ</strong></span> <span class='ocrx_word' id='word_1_355' title='bbox 1688 3108 1842 3159; x_wconf 82' lang='grc' dir='ltr'>οὐδα-</span> 
     </span>
    </p>
   </div>
   <div class='ocr_carea' id='block_1_48' title="bbox 274 3200 1843 3271">
    <p class='ocr_par' dir='ltr' id='par_1_48' title="bbox 274 3200 1843 3271">
     <span class='ocr_line' id='line_1_48' title="bbox 274 3200 1843 3271; baseline 0.001 -20"><span class='ocrx_word' id='word_1_356' title='bbox 274 3201 391 3270; x_wconf 79' lang='grc' dir='ltr'><strong>μῶς</strong></span> <span class='ocrx_word' id='word_1_357' title='bbox 410 3200 610 3270; x_wconf 79' lang='grc' dir='ltr'>ἑτέρως</span> <span class='ocrx_word' id='word_1_358' title='bbox 630 3200 920 3269; x_wconf 85' lang='grc' dir='ltr'>λεγόμενον</span> <span class='ocrx_word' id='word_1_359' title='bbox 949 3200 1009 3252; x_wconf 86' lang='grc' dir='ltr'><strong>τὸ</strong></span> <span class='ocrx_word' id='word_1_360' title='bbox 1028 3201 1377 3269; x_wconf 71' lang='grc' dir='ltr'>ἀγέννητον.</span> <span class='ocrx_word' id='word_1_361' title='bbox 1414 3200 1719 3269; x_wconf 63' lang='grc' dir='ltr'>’Διρϐαρτον</span> <span class='ocrx_word' id='word_1_362' title='bbox 1737 3200 1843 3271; x_wconf 79' lang='grc' dir='ltr'>γὰρ</span> 
     </span>
    </p>
   </div>
   <div class='ocr_carea' id='block_1_49' title="bbox 272 3288 1841 3364">
    <p class='ocr_par' dir='ltr' id='par_1_49' title="bbox 272 3288 1841 3364">
     <span class='ocr_line' id='line_1_49' title="bbox 272 3288 1841 3364; baseline 0.002 -20"><span class='ocrx_word' id='word_1_363' title='bbox 272 3291 388 3360; x_wconf 68' lang='grc'><strong>(41)</strong></span> <span class='ocrx_word' id='word_1_364' title='bbox 416 3293 508 3344; x_wconf 76' lang='grc' dir='ltr'><strong>καὶ</strong></span> <span class='ocrx_word' id='word_1_365' title='bbox 544 3292 835 3360; x_wconf 78' lang='grc' dir='ltr'>ἀγέννητον</span> <span class='ocrx_word' id='word_1_366' title='bbox 860 3288 996 3343; x_wconf 82' lang='grc' dir='ltr'>εἶναι</span> <span class='ocrx_word' id='word_1_367' title='bbox 1024 3292 1112 3343; x_wconf 86' lang='grc' dir='ltr'><strong>τὸν</strong></span> <span class='ocrx_word' id='word_1_368' title='bbox 1145 3292 1274 3343; x_wconf 72' lang='grc' dir='ltr'>Θεὸν</span> <span class='ocrx_word' id='word_1_369' title='bbox 1310 3292 1413 3343; x_wconf 89' lang='grc' dir='ltr'><strong>τῶν</strong></span> <span class='ocrx_word' id='word_1_370' title='bbox 1438 3291 1570 3343; x_wconf 78' lang='grc' dir='ltr'>ὅλων</span> <span class='ocrx_word' id='word_1_371' title='bbox 1593 3291 1841 3364; x_wconf 83' lang='grc' dir='ltr'>λέγομεν,</span> 
     </span>
    </p>
   </div>
   <div class='ocr_carea' id='block_1_50' title="bbox 272 3382 1847 3456">
    <p class='ocr_par' dir='ltr' id='par_1_50' title="bbox 272 3382 1847 3456">
     <span class='ocr_line' id='line_1_50' title="bbox 272 3382 1847 3456; baseline 0.003 -21"><span class='ocrx_word' id='word_1_372' title='bbox 272 3384 417 3435; x_wconf 82' lang='grc' dir='ltr'><strong>κατά</strong></span> <span class='ocrx_word' id='word_1_373' title='bbox 458 3382 742 3451; x_wconf 68' lang='grc' dir='ltr'>διαφόρους</span> <span class='ocrx_word' id='word_1_374' title='bbox 784 3382 1035 3444; x_wconf 73' lang='grc' dir='ltr'>ἐπιϐολὰς</span> <span class='ocrx_word' id='word_1_375' title='bbox 1069 3388 1177 3445; x_wconf 83' lang='grc' dir='ltr'>τοῖς</span> <span class='ocrx_word' id='word_1_376' title='bbox 1207 3383 1654 3453; x_wconf 86' lang='grc' dir='ltr'>ὀνόμασιτούτοις</span> <span class='ocrx_word' id='word_1_377' title='bbox 1688 3404 1847 3456; x_wconf 91' lang='grc' dir='ltr'>προσ-</span> 
     </span>
    </p>
   </div>
   <div class='ocr_carea' id='block_1_51' title="bbox 271 3470 1847 3542">
    <p class='ocr_par' dir='ltr' id='par_1_51' title="bbox 271 3470 1847 3542">
     <span class='ocr_line' id='line_1_51' title="bbox 271 3470 1847 3542; baseline 0.004 -18"><span class='ocrx_word' id='word_1_378' title='bbox 271 3470 643 3540; x_wconf 72' lang='grc' dir='ltr'>αγορεύοντες.</span> <span class='ocrx_word' id='word_1_379' title='bbox 666 3471 831 3523; x_wconf 83' lang='grc' dir='ltr'>Ὅταν</span> <span class='ocrx_word' id='word_1_380' title='bbox 879 3474 977 3541; x_wconf 83' lang='grc' dir='ltr'><strong>μὲν</strong></span> <span class='ocrx_word' id='word_1_381' title='bbox 1007 3473 1113 3542; x_wconf 81' lang='grc' dir='ltr'><strong>γάρ</strong></span> <span class='ocrx_word' id='word_1_382' title='bbox 1144 3478 1221 3537; x_wconf 79' lang='grc' dir='ltr'>εἰς</span> <span class='ocrx_word' id='word_1_383' title='bbox 1250 3475 1373 3537; x_wconf 73' lang='grc' dir='ltr'>τοὺς</span> <span class='ocrx_word' id='word_1_384' title='bbox 1394 3476 1620 3529; x_wconf 85' lang='grc' dir='ltr'>κατόπιν</span> <span class='ocrx_word' id='word_1_385' title='bbox 1648 3478 1847 3541; x_wconf 82' lang='grc' dir='ltr'>αἰῶνας</span> 
     </span>
    </p>
   </div>
   <div class='ocr_carea' id='block_1_52' title="bbox 273 3557 1847 3638">
    <p class='ocr_par' dir='ltr' id='par_1_52' title="bbox 273 3557 1847 3638">
     <span class='ocr_line' id='line_1_52' title="bbox 273 3557 1847 3638; baseline 0.008 -31"><span class='ocrx_word' id='word_1_386' title='bbox 273 3557 690 3627; x_wconf 69' lang='grc' dir='ltr'>ἀποϐλέψωμεν,</span> <span class='ocrx_word' id='word_1_387' title='bbox 730 3560 1243 3629; x_wconf 81' lang='grc' dir='ltr'>ύπερεκπίπτουσαν</span> <span class='ocrx_word' id='word_1_388' title='bbox 1278 3564 1461 3633; x_wconf 81' lang='grc' dir='ltr'>πάσης</span> <span class='ocrx_word' id='word_1_389' title='bbox 1494 3566 1667 3635; x_wconf 77' lang='grc' dir='ltr'>ἀρχῆς</span> <span class='ocrx_word' id='word_1_390' title='bbox 1697 3568 1847 3638; x_wconf 76' lang='grc' dir='ltr'>εὑρί-</span> 
     </span>
    </p>
   </div>
   <div class='ocr_carea' id='block_1_53' title="bbox 275 3649 1847 3725">
    <p class='ocr_par' dir='ltr' id='par_1_53' title="bbox 275 3649 1847 3725">
     <span class='ocr_line' id='line_1_53' title="bbox 275 3649 1847 3725; baseline 0.007 -26"><span class='ocrx_word' id='word_1_391' title='bbox 275 3664 497 3712; x_wconf 81' lang='grc' dir='ltr'>σκοντες</span> <span class='ocrx_word' id='word_1_392' title='bbox 532 3649 629 3720; x_wconf 81' lang='grc' dir='ltr'>τὴν</span> <span class='ocrx_word' id='word_1_393' title='bbox 657 3649 799 3721; x_wconf 79' lang='grc' dir='ltr'>ζωὴν</span> <span class='ocrx_word' id='word_1_394' title='bbox 827 3652 919 3704; x_wconf 84' lang='grc' dir='ltr'><strong>τοῦ</strong></span> <span class='ocrx_word' id='word_1_395' title='bbox 961 3652 1116 3718; x_wconf 87' lang='grc' dir='ltr'>Θεοῦ,</span> <span class='ocrx_word' id='word_1_396' title='bbox 1163 3655 1453 3725; x_wconf 80' lang='grc' dir='ltr'>ἀγέννητον</span> <span class='ocrx_word' id='word_1_397' title='bbox 1502 3657 1661 3708; x_wconf 74' lang='grc' dir='ltr'>αὐτὸν</span> <span class='ocrx_word' id='word_1_398' title='bbox 1694 3658 1847 3725; x_wconf 85' lang='grc' dir='ltr'>λέγο-</span> 
     </span>
    </p>
   </div>
   <div class='ocr_carea' id='block_1_54' title="bbox 278 3742 1848 3815">
    <p class='ocr_par' dir='ltr' id='par_1_54' title="bbox 278 3742 1848 3815">
     <span class='ocr_line' id='line_1_54' title="bbox 278 3742 1848 3815; baseline 0.008 -23"><span class='ocrx_word' id='word_1_399' title='bbox 278 3757 381 3810; x_wconf 82' lang='grc' dir='ltr'><strong>μεν</strong></span> <span class='ocrx_word' id='word_1_400' title='bbox 400 3758 412 3770; x_wconf 91' lang='grc'><strong>·</strong></span> <span class='ocrx_word' id='word_1_401' title='bbox 444 3742 569 3794; x_wconf 84' lang='grc' dir='ltr'>ὅταν</span> <span class='ocrx_word' id='word_1_402' title='bbox 598 3743 653 3795; x_wconf 81' lang='grc' dir='ltr'>δὲ</span> <span class='ocrx_word' id='word_1_403' title='bbox 683 3747 793 3807; x_wconf 87' lang='grc' dir='ltr'>τοῖς</span> <span class='ocrx_word' id='word_1_404' title='bbox 821 3746 1206 3815; x_wconf 78' lang='grc' dir='ltr'>ἐπερχομένοις</span> <span class='ocrx_word' id='word_1_405' title='bbox 1239 3748 1397 3800; x_wconf 84' lang='grc' dir='ltr'>αίῶσι</span> <span class='ocrx_word' id='word_1_406' title='bbox 1424 3750 1511 3802; x_wconf 80' lang='grc' dir='ltr'><strong>τὸν</strong></span> <span class='ocrx_word' id='word_1_407' title='bbox 1533 3748 1655 3801; x_wconf 84' lang='grc' dir='ltr'>νοῦν</span> <span class='ocrx_word' id='word_1_408' title='bbox 1686 3752 1848 3804; x_wconf 81' lang='grc' dir='ltr'>ἐπεκ-</span> 
     </span>
    </p>
   </div>
   <div class='ocr_carea' id='block_1_55' title="bbox 273 3832 1849 3913">
    <p class='ocr_par' dir='ltr' id='par_1_55' title="bbox 273 3832 1849 3913">
     <span class='ocr_line' id='line_1_55' title="bbox 273 3832 1849 3913; baseline 0.007 -28"><span class='ocrx_word' id='word_1_409' title='bbox 273 3832 557 3903; x_wconf 81' lang='grc' dir='ltr'>τείνωμεν,</span> <span class='ocrx_word' id='word_1_410' title='bbox 593 3836 683 3888; x_wconf 82' lang='grc' dir='ltr'><strong>τὸν</strong></span> <span class='ocrx_word' id='word_1_411' title='bbox 722 3836 969 3906; x_wconf 75' lang='grc' dir='ltr'>ἀόριστον</span> <span class='ocrx_word' id='word_1_412' title='bbox 995 3840 1105 3906; x_wconf 70' lang='lat' dir='ltr'><strong>(l2)</strong></span> <span class='ocrx_word' id='word_1_413' title='bbox 1137 3841 1231 3893; x_wconf 68' lang='grc' dir='ltr'><strong>καὶ</strong></span> <span class='ocrx_word' id='word_1_414' title='bbox 1268 3843 1513 3913; x_wconf 85' lang='grc' dir='ltr'>ἄπειρον,</span> <span class='ocrx_word' id='word_1_415' title='bbox 1551 3843 1640 3895; x_wconf 77' lang='grc' dir='ltr'>καὶ</span> <span class='ocrx_word' id='word_1_416' title='bbox 1674 3844 1849 3896; x_wconf 71' lang='grc' dir='ltr'>οὐδενὶ</span> 
     </span>
    </p>
   </div>
   <div class='ocr_carea' id='block_1_56' title="bbox 274 3924 1849 4007">
    <p class='ocr_par' dir='ltr' id='par_1_56' title="bbox 274 3924 1849 4007">
     <span class='ocr_line' id='line_1_56' title="bbox 274 3924 1849 4007; baseline 0.01 -32"><span class='ocrx_word' id='word_1_417' title='bbox 274 3924 420 3977; x_wconf 79' lang='grc' dir='ltr'>τέλει</span> <span class='ocrx_word' id='word_1_418' title='bbox 469 3927 811 3998; x_wconf 75' lang='grc' dir='ltr'>καταληπτὸν</span> <span class='ocrx_word' id='word_1_419' title='bbox 862 3932 1337 4003; x_wconf 75' lang='grc' dir='ltr'>προσαγορεύομεν</span> <span class='ocrx_word' id='word_1_420' title='bbox 1406 3934 1703 4007; x_wconf 59' lang='grc' dir='ltr'>ᾶᾳθαρτον.</span> <span class='ocrx_word' id='word_1_421' title='bbox 1764 3937 1849 4000; x_wconf 84' lang='grc' dir='ltr'>Ὠς</span> 
     </span>
    </p>
   </div>
   <div class='ocr_carea' id='block_1_57' title="bbox 275 4012 1850 4099">
    <p class='ocr_par' dir='ltr' id='par_1_57' title="bbox 275 4012 1850 4099">
     <span class='ocr_line' id='line_1_57' title="bbox 275 4012 1850 4099; baseline 0.008 -30"><span class='ocrx_word' id='word_1_422' title='bbox 275 4012 373 4070; x_wconf 81' lang='grc' dir='ltr'><strong>οῦν</strong></span> <span class='ocrx_word' id='word_1_423' title='bbox 414 4016 473 4068; x_wconf 78' lang='grc' dir='ltr'>τὸ</span> <span class='ocrx_word' id='word_1_424' title='bbox 506 4018 855 4090; x_wconf 78' lang='grc' dir='ltr'>ἀτελεύτητον</span> <span class='ocrx_word' id='word_1_425' title='bbox 898 4021 995 4091; x_wconf 82' lang='grc' dir='ltr'>τῆς</span> <span class='ocrx_word' id='word_1_426' title='bbox 1028 4023 1171 4094; x_wconf 75' lang='grc' dir='ltr'>ζωῆς</span> <span class='ocrx_word' id='word_1_427' title='bbox 1206 4026 1317 4095; x_wconf 69' lang='grc'><strong>(45)</strong></span> <span class='ocrx_word' id='word_1_428' title='bbox 1376 4021 1850 4099; x_wconf 66' lang='grc' dir='ltr'>ἀφθαρτον,ὀῦτω</span> 
     </span>
    </p>
   </div>
   <div class='ocr_carea' id='block_1_58' title="bbox 277 4107 1850 4190">
    <p class='ocr_par' dir='ltr' id='par_1_58' title="bbox 277 4107 1850 4190">
     <span class='ocr_line' id='line_1_58' title="bbox 277 4107 1850 4190; baseline 0.008 -30"><span class='ocrx_word' id='word_1_429' title='bbox 277 4108 340 4160; x_wconf 80' lang='grc' dir='ltr'><strong>τὸ</strong></span> <span class='ocrx_word' id='word_1_430' title='bbox 377 4107 605 4177; x_wconf 81' lang='grc' dir='ltr'>ἄναρχον</span> <span class='ocrx_word' id='word_1_431' title='bbox 657 4112 827 4181; x_wconf 83' lang='grc' dir='ltr'>αύτῆς</span> <span class='ocrx_word' id='word_1_432' title='bbox 858 4113 1148 4183; x_wconf 85' lang='grc' dir='ltr'>ἀγέννητον</span> <span class='ocrx_word' id='word_1_433' title='bbox 1178 4116 1509 4186; x_wconf 49' lang='grc' dir='ltr'>ὠνομάσθη(</span> <span class='ocrx_word' id='word_1_434' title='bbox 1543 4123 1607 4188; x_wconf 81' lang='grc' dir='ltr'>τῇ</span> <span class='ocrx_word' id='word_1_435' title='bbox 1641 4121 1850 4190; x_wconf 73' lang='grc' dir='ltr'>ἐπινοίᾳ</span> 
     </span>
    </p>
   </div>
   <div class='ocr_carea' id='block_1_59' title="bbox 279 4200 1851 4281">
    <p class='ocr_par' dir='ltr' id='par_1_59' title="bbox 279 4200 1851 4281">
     <span class='ocr_line' id='line_1_59' title="bbox 279 4200 1851 4281; baseline 0.008 -31"><span class='ocrx_word' id='word_1_436' title='bbox 279 4200 626 4268; x_wconf 77' lang='grc' dir='ltr'>θεωρούντων</span> <span class='ocrx_word' id='word_1_437' title='bbox 647 4204 803 4271; x_wconf 79' lang='grc' dir='ltr'>ἡμῶν</span> <span class='ocrx_word' id='word_1_438' title='bbox 826 4206 984 4257; x_wconf 83' lang='grc' dir='ltr'>ἐκάτε</span> <span class='ocrx_word' id='word_1_439' title='bbox 995 4223 1078 4275; x_wconf 93' lang='grc' dir='ltr'><strong>ρα.</strong></span> <span class='ocrx_word' id='word_1_440' title='bbox 1115 4207 1209 4270; x_wconf 77' lang='grc' dir='ltr'><strong>Τίς</strong></span> <span class='ocrx_word' id='word_1_441' title='bbox 1232 4206 1321 4261; x_wconf 82' lang='grc' dir='ltr'><strong>οῦν</strong></span> <span class='ocrx_word' id='word_1_442' title='bbox 1347 4210 1559 4281; x_wconf 83' lang='grc' dir='ltr'>ἀντερεῖ</span> <span class='ocrx_word' id='word_1_443' title='bbox 1587 4210 1741 4279; x_wconf 87' lang='grc' dir='ltr'>λόγος</span> <span class='ocrx_word' id='word_1_444' title='bbox 1759 4214 1851 4264; x_wconf 77' lang='grc' dir='ltr'><strong>καὶ</strong></span> 
     </span>
    </p>
   </div>
   <div class='ocr_carea' id='block_1_60' title="bbox 279 4295 1851 4376">
    <p class='ocr_par' dir='ltr' id='par_1_60' title="bbox 279 4295 1851 4376">
     <span class='ocr_line' id='line_1_60' title="bbox 279 4295 1851 4376; baseline 0.008 -30"><span class='ocrx_word' id='word_1_445' title='bbox 279 4295 607 4347; x_wconf 82' lang='grc' dir='ltr'>ἐπινοεῖσθαι</span> <span class='ocrx_word' id='word_1_446' title='bbox 637 4296 743 4347; x_wconf 88' lang='grc' dir='ltr'><strong>τῶν</strong></span> <span class='ocrx_word' id='word_1_447' title='bbox 781 4298 1057 4368; x_wconf 86' lang='grc' dir='ltr'>ὀνομάτων</span> <span class='ocrx_word' id='word_1_448' title='bbox 1087 4301 1288 4354; x_wconf 89' lang='grc' dir='ltr'>τούτων</span> <span class='ocrx_word' id='word_1_449' title='bbox 1312 4304 1586 4374; x_wconf 79' lang='grc' dir='ltr'>ἑκάτερον,</span> <span class='ocrx_word' id='word_1_450' title='bbox 1606 4307 1698 4358; x_wconf 78' lang='grc' dir='ltr'><strong>καὶ</strong></span> <span class='ocrx_word' id='word_1_451' title='bbox 1726 4308 1851 4376; x_wconf 65' lang='grc' dir='ltr'>ὁμου</span> 
     </span>
    </p>
   </div>
   <div class='ocr_carea' id='block_1_61' title="bbox 278 4383 1848 4465">
    <p class='ocr_par' dir='ltr' id='par_1_61' title="bbox 278 4383 1848 4465">
     <span class='ocr_line' id='line_1_61' title="bbox 278 4383 1848 4465; baseline 0.007 -26"><span class='ocrx_word' id='word_1_452' title='bbox 278 4385 468 4454; x_wconf 85' lang='grc' dir='ltr'>λογίαν</span> <span class='ocrx_word' id='word_1_453' title='bbox 511 4383 647 4440; x_wconf 83' lang='grc' dir='ltr'>εἶναι</span> <span class='ocrx_word' id='word_1_454' title='bbox 681 4388 772 4440; x_wconf 89' lang='grc' dir='ltr'><strong>τοῦ</strong></span> <span class='ocrx_word' id='word_1_455' title='bbox 809 4390 928 4441; x_wconf 82' lang='grc' dir='ltr'>κατ’</span> <span class='ocrx_word' id='word_1_456' title='bbox 966 4390 1223 4461; x_wconf 77' lang='grc' dir='ltr'>ἀλήθειαν</span> <span class='ocrx_word' id='word_1_457' title='bbox 1253 4392 1328 4462; x_wconf 82' lang='grc' dir='ltr'><strong>τῷ</strong></span> <span class='ocrx_word' id='word_1_458' title='bbox 1362 4394 1480 4463; x_wconf 85' lang='grc' dir='ltr'><strong>Θεῷ</strong></span> <span class='ocrx_word' id='word_1_459' title='bbox 1520 4398 1848 4465; x_wconf 83' lang='grc' dir='ltr'>προσόντος;</span> 
     </span>
    </p>
   </div>
   <div class='ocr_carea' id='block_1_62' title="bbox 290 4478 1851 4561">
    <p class='ocr_par' dir='ltr' id='par_1_62' title="bbox 290 4478 1851 4561">
     <span class='ocr_line' id='line_1_62' title="bbox 290 4478 1851 4561; baseline 0.009 -31"><span class='ocrx_word' id='word_1_460' title='bbox 290 4480 352 4531; x_wconf 86' lang='lat'><strong>&#39;0</strong></span> <span class='ocrx_word' id='word_1_461' title='bbox 367 4478 422 4531; x_wconf 87' lang='grc' dir='ltr'><strong>δέ</strong></span> <span class='ocrx_word' id='word_1_462' title='bbox 434 4479 507 4542; x_wconf 87' lang='grc' dir='ltr'>ὡς</span> <span class='ocrx_word' id='word_1_463' title='bbox 529 4480 809 4550; x_wconf 86' lang='grc' dir='ltr'>μαχόμενα</span> <span class='ocrx_word' id='word_1_464' title='bbox 830 4480 1001 4534; x_wconf 82' lang='grc' dir='ltr'>ταῦτα</span> <span class='ocrx_word' id='word_1_465' title='bbox 1020 4484 1111 4535; x_wconf 80' lang='grc' dir='ltr'><strong>καὶ</strong></span> <span class='ocrx_word' id='word_1_466' title='bbox 1126 4485 1413 4554; x_wconf 75' lang='grc' dir='ltr'>ἀσύμϐατα</span> <span class='ocrx_word' id='word_1_467' title='bbox 1448 4488 1720 4552; x_wconf 85' lang='grc' dir='ltr'>παντελῶς</span> <span class='ocrx_word' id='word_1_468' title='bbox 1740 4490 1851 4561; x_wconf 71' lang='grc' dir='ltr'><strong>(Η)</strong></span> 
     </span>
    </p>
   </div>
   <div class='ocr_carea' id='block_1_63' title="bbox 279 4570 1850 4651">
    <p class='ocr_par' dir='ltr' id='par_1_63' title="bbox 279 4570 1850 4651">
     <span class='ocr_line' id='line_1_63' title="bbox 279 4570 1850 4651; baseline 0.008 -28"><span class='ocrx_word' id='word_1_469' title='bbox 279 4570 376 4624; x_wconf 82' lang='grc' dir='ltr'>ἀπ’</span> <span class='ocrx_word' id='word_1_470' title='bbox 399 4571 635 4640; x_wconf 77' lang='grc' dir='ltr'>ἀλλήλων</span> <span class='ocrx_word' id='word_1_471' title='bbox 672 4573 906 4642; x_wconf 86' lang='grc' dir='ltr'>διίστησι</span> <span class='ocrx_word' id='word_1_472' title='bbox 928 4590 940 4602; x_wconf 86' lang='grc'><strong>·</strong></span> <span class='ocrx_word' id='word_1_473' title='bbox 972 4576 1052 4631; x_wconf 77' lang='grc' dir='ltr'><strong>τὸ.</strong></span> <span class='ocrx_word' id='word_1_474' title='bbox 1085 4578 1137 4627; x_wconf 84' lang='grc' dir='ltr'><strong>τί</strong></span> <span class='ocrx_word' id='word_1_475' title='bbox 1170 4578 1287 4630; x_wconf 85' lang='grc' dir='ltr'>κατ’</span> <span class='ocrx_word' id='word_1_476' title='bbox 1323 4580 1564 4634; x_wconf 82' lang='grc' dir='ltr'>ἐπίνοιαν</span> <span class='ocrx_word' id='word_1_477' title='bbox 1598 4584 1653 4634; x_wconf 72' lang='grc' dir='ltr'>τὶ</span> <span class='ocrx_word' id='word_1_478' title='bbox 1697 4584 1850 4651; x_wconf 87' lang='grc' dir='ltr'>λέγε-</span> 
     </span>
    </p>
   </div>
   <div class='ocr_carea' id='block_1_64' title="bbox 1941 2092 3516 2165">
    <p class='ocr_par' dir='ltr' id='par_1_64' title="bbox 1941 2092 3516 2165">
     <span class='ocr_line' id='line_1_64' title="bbox 1941 2092 3516 2165; baseline 0.005 -22"><span class='ocrx_word' id='word_1_479' title='bbox 1941 2092 2133 2145; x_wconf 91' lang='lat' dir='ltr'><strong>mentis</strong></span> <span class='ocrx_word' id='word_1_480' title='bbox 2180 2094 2411 2145; x_wconf 79' lang='lat' dir='ltr'><strong>maxime</strong></span> <span class='ocrx_word' id='word_1_481' title='bbox 2454 2094 2737 2163; x_wconf 87' lang='lat' dir='ltr'><strong>proprius,</strong></span> <span class='ocrx_word' id='word_1_482' title='bbox 2774 2100 2972 2163; x_wconf 86' lang='lat' dir='ltr'><strong>quippe</strong></span> <span class='ocrx_word' id='word_1_483' title='bbox 2996 2096 3101 2165; x_wconf 86' lang='lat' dir='ltr'><strong>.qui</strong></span> <span class='ocrx_word' id='word_1_484' title='bbox 3157 2098 3352 2151; x_wconf 75' lang='lat' dir='ltr'><strong>anima:</strong></span> <span class='ocrx_word' id='word_1_485' title='bbox 3403 2107 3516 2151; x_wconf 81' lang='lat' dir='ltr'><strong>sta-</strong></span> 
     </span>
    </p>
   </div>
   <div class='ocr_carea' id='block_1_65' title="bbox 1942 2185 3516 2257">
    <p class='ocr_par' dir='ltr' id='par_1_65' title="bbox 1942 2185 3516 2257">
     <span class='ocr_line' id='line_1_65' title="bbox 1942 2185 3516 2257; baseline 0.004 -20"><span class='ocrx_word' id='word_1_486' title='bbox 1942 2195 2051 2238; x_wconf 90' lang='lat' dir='ltr'><strong>tum</strong></span> <span class='ocrx_word' id='word_1_487' title='bbox 2088 2185 2355 2240; x_wconf 87' lang='lat' dir='ltr'><strong>sustineat</strong></span> <span class='ocrx_word' id='word_1_488' title='bbox 2380 2198 2543 2256; x_wconf 91' lang='lat' dir='ltr'><strong>atque</strong></span> <span class='ocrx_word' id='word_1_489' title='bbox 2576 2191 2963 2257; x_wconf 88' lang='lat' dir='ltr'><strong>proprietatem</strong></span> <span class='ocrx_word' id='word_1_490' title='bbox 2998 2189 3114 2255; x_wconf 85' lang='lat' dir='ltr'><strong>ejus</strong></span> <span class='ocrx_word' id='word_1_491' title='bbox 3145 2200 3446 2253; x_wconf 86' lang='lat' dir='ltr'><strong>conservet.</strong></span> <span class='ocrx_word' id='word_1_492' title='bbox 3466 2190 3516 2243; x_wconf 88' lang='lat' dir='ltr'><strong>id</strong></span> 
     </span>
    </p>
   </div>
   <div class='ocr_carea' id='block_1_66' title="bbox 1940 2280 3516 2350">
    <p class='ocr_par' dir='ltr' id='par_1_66' title="bbox 1940 2280 3516 2350">
     <span class='ocr_line' id='line_1_66' title="bbox 1940 2280 3516 2350; baseline 0.003 -21"><span class='ocrx_word' id='word_1_493' title='bbox 1940 2280 2081 2348; x_wconf 90' lang='lat' dir='ltr'><strong>quod</strong></span> <span class='ocrx_word' id='word_1_494' title='bbox 2110 2281 2265 2333; x_wconf 85' lang='lat' dir='ltr'><strong>deest</strong></span> <span class='ocrx_word' id='word_1_495' title='bbox 2311 2280 2532 2349; x_wconf 80' lang='lat' dir='ltr'><strong>explens</strong></span> <span class='ocrx_word' id='word_1_496' title='bbox 2578 2296 2791 2350; x_wconf 88' lang='lat' dir='ltr'><strong>semper</strong></span> <span class='ocrx_word' id='word_1_497' title='bbox 2836 2283 2900 2336; x_wconf 92' lang='lat' dir='ltr'><strong>de</strong></span> <span class='ocrx_word' id='word_1_498' title='bbox 2942 2284 3139 2349; x_wconf 83' lang='lat' dir='ltr'><strong>seipso,</strong></span> <span class='ocrx_word' id='word_1_499' title='bbox 3183 2298 3282 2337; x_wconf 89' lang='lat' dir='ltr'><strong>nec</strong></span> <span class='ocrx_word' id='word_1_500' title='bbox 3316 2282 3516 2337; x_wconf 86' lang='lat' dir='ltr'><strong>sensim</strong></span> 
     </span>
    </p>
   </div>
   <div class='ocr_carea' id='block_1_67' title="bbox 1942 2372 3520 2446">
    <p class='ocr_par' dir='ltr' id='par_1_67' title="bbox 1942 2372 3520 2446">
     <span class='ocr_line' id='line_1_67' title="bbox 1942 2372 3520 2446; baseline 0.003 -22"><span class='ocrx_word' id='word_1_501' title='bbox 1942 2372 2119 2424; x_wconf 81' lang='lat' dir='ltr'><strong>delabi</strong></span> <span class='ocrx_word' id='word_1_502' title='bbox 2150 2374 2333 2426; x_wconf 87' lang='lat' dir='ltr'><strong>sinens</strong></span> <span class='ocrx_word' id='word_1_503' title='bbox 2365 2374 2429 2426; x_wconf 90' lang='lat' dir='ltr'><strong>ad</strong></span> <span class='ocrx_word' id='word_1_504' title='bbox 2467 2388 2585 2426; x_wconf 89' lang='lat' dir='ltr'><strong>eam</strong></span> <span class='ocrx_word' id='word_1_505' title='bbox 2627 2390 2746 2444; x_wconf 70' lang='lat' dir='ltr'><strong>quae</strong></span> <span class='ocrx_word' id='word_1_506' title='bbox 2773 2391 2835 2429; x_wconf 76' lang='lat' dir='ltr'><strong>ex</strong></span> <span class='ocrx_word' id='word_1_507' title='bbox 2880 2375 3103 2429; x_wconf 88' lang='lat' dir='ltr'><strong>rationis</strong></span> <span class='ocrx_word' id='word_1_508' title='bbox 3136 2375 3314 2446; x_wconf 83' lang='lat' dir='ltr'><strong>inopia</strong></span> <span class='ocrx_word' id='word_1_509' title='bbox 3337 2390 3520 2431; x_wconf 89' lang='lat' dir='ltr'><strong>emer-</strong></span> 
     </span>
    </p>
   </div>
   <div class='ocr_carea' id='block_1_68' title="bbox 1941 2462 3521 2534">
    <p class='ocr_par' dir='ltr' id='par_1_68' title="bbox 1941 2462 3521 2534">
     <span class='ocr_line' id='line_1_68' title="bbox 1941 2462 3521 2534; baseline 0.006 -20"><span class='ocrx_word' id='word_1_510' title='bbox 1941 2463 2018 2533; x_wconf 86' lang='lat' dir='ltr'><strong>git</strong></span> <span class='ocrx_word' id='word_1_511' title='bbox 2050 2462 2439 2518; x_wconf 89' lang='lat' dir='ltr'><strong>inﬁrmitatem.</strong></span> <span class='ocrx_word' id='word_1_512' title='bbox 2470 2466 2618 2531; x_wconf 86' lang='lat' dir='ltr'><strong>Quod</strong></span> <span class='ocrx_word' id='word_1_513' title='bbox 2652 2467 2694 2519; x_wconf 92' lang='lat' dir='ltr'><strong>si</strong></span> <span class='ocrx_word' id='word_1_514' title='bbox 2723 2468 2988 2534; x_wconf 80' lang='lat' dir='ltr'><strong>quispiam</strong></span> <span class='ocrx_word' id='word_1_515' title='bbox 3037 2468 3107 2521; x_wconf 85' lang='lat' dir='ltr'><strong>ita</strong></span> <span class='ocrx_word' id='word_1_516' title='bbox 3151 2468 3367 2523; x_wconf 88' lang='lat' dir='ltr'><strong>nomina</strong></span> <span class='ocrx_word' id='word_1_517' title='bbox 3408 2468 3521 2523; x_wconf 85' lang='lat' dir='ltr'><strong>siu-</strong></span> 
     </span>
    </p>
   </div>
   <div class='ocr_carea' id='block_1_69' title="bbox 1940 2556 3517 2628">
    <p class='ocr_par' dir='ltr' id='par_1_69' title="bbox 1940 2556 3517 2628">
     <span class='ocr_line' id='line_1_69' title="bbox 1940 2556 3517 2628; baseline 0.004 -21"><span class='ocrx_word' id='word_1_518' title='bbox 1940 2556 2063 2625; x_wconf 88' lang='lat' dir='ltr'><strong>gula</strong></span> <span class='ocrx_word' id='word_1_519' title='bbox 2090 2566 2389 2625; x_wconf 89' lang='lat' dir='ltr'><strong>percurrat,</strong></span> <span class='ocrx_word' id='word_1_520' title='bbox 2410 2559 2646 2611; x_wconf 86' lang='lat' dir='ltr'><strong>rationes</strong></span> <span class='ocrx_word' id='word_1_521' title='bbox 2671 2559 2849 2612; x_wconf 89' lang='lat' dir='ltr'><strong>varias</strong></span> <span class='ocrx_word' id='word_1_522' title='bbox 2878 2560 3119 2613; x_wconf 75' lang='lat' dir='ltr'><strong>invenire</strong></span> <span class='ocrx_word' id='word_1_523' title='bbox 3142 2561 3360 2628; x_wconf 91' lang='lat' dir='ltr'><strong>poterit,</strong></span> <span class='ocrx_word' id='word_1_524' title='bbox 3382 2569 3517 2613; x_wconf 75' lang='lat' dir='ltr'><strong>tam-</strong></span> 
     </span>
    </p>
   </div>
   <div class='ocr_carea' id='block_1_70' title="bbox 1941 2650 3517 2720">
    <p class='ocr_par' dir='ltr' id='par_1_70' title="bbox 1941 2650 3517 2720">
     <span class='ocr_line' id='line_1_70' title="bbox 1941 2650 3517 2720; baseline 0.001 -16"><span class='ocrx_word' id='word_1_525' title='bbox 1941 2650 2040 2704; x_wconf 87' lang='lat' dir='ltr'><strong>etsi</strong></span> <span class='ocrx_word' id='word_1_526' title='bbox 2064 2650 2357 2703; x_wconf 89' lang='lat' dir='ltr'><strong>secundum</strong></span> <span class='ocrx_word' id='word_1_527' title='bbox 2384 2651 2738 2704; x_wconf 86' lang='lat' dir='ltr'><strong>substantiam</strong></span> <span class='ocrx_word' id='word_1_528' title='bbox 2774 2668 2934 2705; x_wconf 91' lang='lat' dir='ltr'><strong>unum</strong></span> <span class='ocrx_word' id='word_1_529' title='bbox 2965 2660 3019 2705; x_wconf 93' lang='lat' dir='ltr'><strong>et</strong></span> <span class='ocrx_word' id='word_1_530' title='bbox 3045 2652 3182 2706; x_wconf 91' lang='lat' dir='ltr'><strong>idem</strong></span> <span class='ocrx_word' id='word_1_531' title='bbox 3219 2651 3517 2720; x_wconf 83' lang='lat' dir='ltr'><strong>subjectum</strong></span> 
     </span>
    </p>
   </div>
   <div class='ocr_carea' id='block_1_71' title="bbox 1941 2742 3521 2813">
    <p class='ocr_par' dir='ltr' id='par_1_71' title="bbox 1941 2742 3521 2813">
     <span class='ocr_line' id='line_1_71' title="bbox 1941 2742 3521 2813; baseline 0.001 -17"><span class='ocrx_word' id='word_1_532' title='bbox 1941 2751 2026 2796; x_wconf 90' lang='lat' dir='ltr'><strong>est</strong></span> <span class='ocrx_word' id='word_1_533' title='bbox 2058 2742 2330 2795; x_wconf 89' lang='lat' dir='ltr'><strong>omnibus.</strong></span> <span class='ocrx_word' id='word_1_534' title='bbox 2372 2742 2505 2808; x_wconf 87' lang='lat' dir='ltr'><strong>Quis</strong></span> <span class='ocrx_word' id='word_1_535' title='bbox 2541 2744 2705 2813; x_wconf 88' lang='lat' dir='ltr'><strong>igitur</strong></span> <span class='ocrx_word' id='word_1_536' title='bbox 2746 2744 2824 2798; x_wconf 92' lang='lat' dir='ltr'><strong>sic</strong></span> <span class='ocrx_word' id='word_1_537' title='bbox 2854 2754 3093 2813; x_wconf 86' lang='lat' dir='ltr'><strong>paratam</strong></span> <span class='ocrx_word' id='word_1_538' title='bbox 3154 2742 3221 2799; x_wconf 86' lang='lat' dir='ltr'><strong>ad</strong></span> <span class='ocrx_word' id='word_1_539' title='bbox 3256 2744 3521 2812; x_wconf 83' lang='lat' dir='ltr'><strong>blasphe-</strong></span> 
     </span>
    </p>
   </div>
   <div class='ocr_carea' id='block_1_72' title="bbox 1945 2835 3520 2905">
    <p class='ocr_par' dir='ltr' id='par_1_72' title="bbox 1945 2835 3520 2905">
     <span class='ocr_line' id='line_1_72' title="bbox 1945 2835 3520 2905; baseline 0.003 -18"><span class='ocrx_word' id='word_1_540' title='bbox 1945 2835 2197 2887; x_wconf 87' lang='lat' dir='ltr'><strong>mandum</strong></span> <span class='ocrx_word' id='word_1_541' title='bbox 2256 2836 2418 2889; x_wconf 89' lang='lat' dir='ltr'><strong>habet</strong></span> <span class='ocrx_word' id='word_1_542' title='bbox 2466 2836 2724 2905; x_wconf 88' lang='lat' dir='ltr'><strong>linguam,</strong></span> <span class='ocrx_word' id='word_1_543' title='bbox 2766 2847 2826 2890; x_wconf 90' lang='lat' dir='ltr'><strong>ut</strong></span> <span class='ocrx_word' id='word_1_544' title='bbox 2861 2838 3040 2891; x_wconf 85' lang='lat' dir='ltr'><strong>dicere</strong></span> <span class='ocrx_word' id='word_1_545' title='bbox 3092 2838 3309 2900; x_wconf 83' lang='lat' dir='ltr'><strong>audeat,</strong></span> <span class='ocrx_word' id='word_1_546' title='bbox 3358 2837 3520 2893; x_wconf 86' lang='lat' dir='ltr'><strong>simul</strong></span> 
     </span>
    </p>
   </div>
   <div class='ocr_carea' id='block_1_73' title="bbox 1942 2926 3521 2999">
    <p class='ocr_par' dir='ltr' id='par_1_73' title="bbox 1942 2926 3521 2999">
     <span class='ocr_line' id='line_1_73' title="bbox 1942 2926 3521 2999; baseline 0.004 -24"><span class='ocrx_word' id='word_1_547' title='bbox 1942 2939 2062 2975; x_wconf 88' lang='lat' dir='ltr'><strong>cmn</strong></span> <span class='ocrx_word' id='word_1_548' title='bbox 2095 2926 2316 2980; x_wconf 84' lang='lat' dir='ltr'><strong>vocibus</strong></span> <span class='ocrx_word' id='word_1_549' title='bbox 2342 2927 2437 2981; x_wconf 87' lang='lat' dir='ltr'><strong>has</strong></span> <span class='ocrx_word' id='word_1_550' title='bbox 2488 2926 2858 2995; x_wconf 87' lang='lat' dir='ltr'><strong>perceptiones</strong></span> <span class='ocrx_word' id='word_1_551' title='bbox 2901 2928 3119 2982; x_wconf 87' lang='lat' dir='ltr'><strong>interire</strong></span> <span class='ocrx_word' id='word_1_552' title='bbox 3142 2928 3165 2982; x_wconf 76' lang='grc' dir='ltr'><strong><em>τ</em></strong></span> <span class='ocrx_word' id='word_1_553' title='bbox 3187 2929 3323 2995; x_wconf 84' lang='lat' dir='ltr'><strong>Quid</strong></span> <span class='ocrx_word' id='word_1_554' title='bbox 3358 2928 3521 2999; x_wconf 91' lang='lat' dir='ltr'><strong>igitur</strong></span> 
     </span>
    </p>
   </div>
   <div class='ocr_carea' id='block_1_74' title="bbox 1941 3014 3521 3080">
    <p class='ocr_par' dir='ltr' id='par_1_74' title="bbox 1941 3014 3521 3080">
     <span class='ocr_line' id='line_1_74' title="bbox 1941 3014 3521 3080; baseline 0.004 -14"><span class='ocrx_word' id='word_1_555' title='bbox 1941 3014 2159 3068; x_wconf 83' lang='lat' dir='ltr'><strong>absurdi</strong></span> <span class='ocrx_word' id='word_1_556' title='bbox 2183 3025 2284 3080; x_wconf 89' lang='lat' dir='ltr'><strong>est,</strong></span> <span class='ocrx_word' id='word_1_557' title='bbox 2311 3016 2375 3069; x_wconf 89' lang='lat' dir='ltr'><strong>ad</strong></span> <span class='ocrx_word' id='word_1_558' title='bbox 2401 3017 2543 3071; x_wconf 89' lang='lat' dir='ltr'><strong>hunc</strong></span> <span class='ocrx_word' id='word_1_559' title='bbox 2574 3017 2733 3071; x_wconf 91' lang='lat' dir='ltr'><strong>etiam</strong></span> <span class='ocrx_word' id='word_1_560' title='bbox 2770 3019 2983 3071; x_wconf 92' lang='lat' dir='ltr'><strong>modum</strong></span> <span class='ocrx_word' id='word_1_561' title='bbox 3008 3019 3077 3074; x_wconf 90' lang='lat' dir='ltr'><strong>de</strong></span> <span class='ocrx_word' id='word_1_562' title='bbox 3109 3020 3216 3075; x_wconf 90' lang='lat' dir='ltr'><strong>Deo</strong></span> <span class='ocrx_word' id='word_1_563' title='bbox 3239 3020 3521 3074; x_wconf 73' lang='lat' dir='ltr'><strong>universo-</strong></span> 
     </span>
    </p>
   </div>
   <div class='ocr_carea' id='block_1_75' title="bbox 1946 3106 3521 3180">
    <p class='ocr_par' dir='ltr' id='par_1_75' title="bbox 1946 3106 3521 3180">
     <span class='ocr_line' id='line_1_75' title="bbox 1946 3106 3521 3180; baseline 0.002 -21"><span class='ocrx_word' id='word_1_564' title='bbox 1946 3122 2059 3159; x_wconf 91' lang='lat' dir='ltr'><strong>rum</strong></span> <span class='ocrx_word' id='word_1_565' title='bbox 2081 3106 2499 3178; x_wconf 70' lang='lat' dir='ltr'><strong>219qumdam</strong></span> <span class='ocrx_word' id='word_1_566' title='bbox 2524 3109 2817 3163; x_wconf 90' lang='lat' dir='ltr'><strong>secundum</strong></span> <span class='ocrx_word' id='word_1_567' title='bbox 2836 3110 3233 3178; x_wconf 88' lang='lat' dir='ltr'><strong>perceptionem</strong></span> <span class='ocrx_word' id='word_1_568' title='bbox 3252 3111 3446 3180; x_wconf 88' lang='lat' dir='ltr'><strong>accipi,</strong></span> <span class='ocrx_word' id='word_1_569' title='bbox 3464 3120 3521 3165; x_wconf 86' lang='lat' dir='ltr'><strong>et</strong></span> 
     </span>
    </p>
   </div>
   <div class='ocr_carea' id='block_1_76' title="bbox 1947 3198 3523 3269">
    <p class='ocr_par' dir='ltr' id='par_1_76' title="bbox 1947 3198 3523 3269">
     <span class='ocr_line' id='line_1_76' title="bbox 1947 3198 3523 3269; baseline 0.006 -17"><span class='ocrx_word' id='word_1_570' title='bbox 1947 3201 2048 3252; x_wconf 89' lang='lat' dir='ltr'><strong>hoc</strong></span> <span class='ocrx_word' id='word_1_571' title='bbox 2083 3199 2253 3265; x_wconf 91' lang='lat' dir='ltr'><strong>ipsum</strong></span> <span class='ocrx_word' id='word_1_572' title='bbox 2285 3198 2537 3267; x_wconf 87' lang='lat' dir='ltr'><strong>primum,</strong></span> <span class='ocrx_word' id='word_1_573' title='bbox 2570 3199 2637 3253; x_wconf 93' lang='lat' dir='ltr'><strong>de</strong></span> <span class='ocrx_word' id='word_1_574' title='bbox 2669 3214 2774 3269; x_wconf 91' lang='lat' dir='ltr'><strong>quo</strong></span> <span class='ocrx_word' id='word_1_575' title='bbox 2810 3201 2964 3255; x_wconf 85' lang='lat' dir='ltr'><strong>nobis</strong></span> <span class='ocrx_word' id='word_1_576' title='bbox 3009 3212 3117 3257; x_wconf 88' lang='lat' dir='ltr'><strong>tota</strong></span> <span class='ocrx_word' id='word_1_577' title='bbox 3162 3203 3406 3259; x_wconf 86' lang='lat' dir='ltr'><strong>instituta</strong></span> <span class='ocrx_word' id='word_1_578' title='bbox 3437 3216 3523 3261; x_wconf 88' lang='lat' dir='ltr'><strong>est</strong></span> 
     </span>
    </p>
   </div>
   <div class='ocr_carea' id='block_1_77' title="bbox 1948 3291 3519 3367">
    <p class='ocr_par' dir='ltr' id='par_1_77' title="bbox 1948 3291 3519 3367">
     <span class='ocr_line' id='line_1_77' title="bbox 1948 3291 3519 3367; baseline 0.009 -24"><span class='ocrx_word' id='word_1_579' title='bbox 1948 3291 2274 3360; x_wconf 78' lang='lat' dir='ltr'><strong>disputatio?</strong></span> <span class='ocrx_word' id='word_1_580' title='bbox 2301 3291 2575 3363; x_wconf 76' lang='lat' dir='ltr'><strong>Nusquam</strong></span> <span class='ocrx_word' id='word_1_581' title='bbox 2598 3296 2739 3349; x_wconf 89' lang='lat' dir='ltr'><strong>enim</strong></span> <span class='ocrx_word' id='word_1_582' title='bbox 2779 3299 3112 3366; x_wconf 87' lang='lat' dir='ltr'><strong>reperiemus</strong></span> <span class='ocrx_word' id='word_1_583' title='bbox 3140 3315 3323 3356; x_wconf 91' lang='lat' dir='ltr'><strong>vocem</strong></span> <span class='ocrx_word' id='word_1_584' title='bbox 3356 3302 3519 3367; x_wconf 84' lang='lat' dir='ltr'><strong>hanc,</strong></span> 
     </span>
    </p>
   </div>
   <div class='ocr_carea' id='block_1_78' title="bbox 1949 3381 3519 3457">
    <p class='ocr_par' dir='ltr' id='par_1_78' title="bbox 1949 3381 3519 3457">
     <span class='ocr_line' id='line_1_78' title="bbox 1949 3381 3519 3457; baseline 0.007 -24"><span class='ocrx_word' id='word_1_585' title='bbox 1949 3381 2437 3448; x_wconf 78' lang='lat' dir='ltr'><strong>ingenerationem,</strong></span> <span class='ocrx_word' id='word_1_586' title='bbox 2490 3385 2649 3437; x_wconf 87' lang='lat' dir='ltr'><strong>aliter</strong></span> <span class='ocrx_word' id='word_1_587' title='bbox 2726 3388 2995 3455; x_wconf 87' lang='lat' dir='ltr'><strong>usurpari.</strong></span> <span class='ocrx_word' id='word_1_588' title='bbox 3057 3388 3519 3457; x_wconf 83' lang='lat' dir='ltr'><strong>lucorruptibileni</strong></span> 
     </span>
    </p>
   </div>
   <div class='ocr_carea' id='block_1_79' title="bbox 1948 3473 3519 3546">
    <p class='ocr_par' dir='ltr' id='par_1_79' title="bbox 1948 3473 3519 3546">
     <span class='ocr_line' id='line_1_79' title="bbox 1948 3473 3519 3546; baseline 0.007 -21"><span class='ocrx_word' id='word_1_589' title='bbox 1948 3488 2181 3539; x_wconf 88' lang='lat' dir='ltr'><strong>namque</strong></span> <span class='ocrx_word' id='word_1_590' title='bbox 2214 3487 2275 3525; x_wconf 91' lang='lat' dir='ltr'><strong>ac</strong></span> <span class='ocrx_word' id='word_1_591' title='bbox 2322 3473 2619 3543; x_wconf 83' lang='lat' dir='ltr'><strong>ingenitum</strong></span> <span class='ocrx_word' id='word_1_592' title='bbox 2662 3476 2827 3530; x_wconf 82' lang='lat' dir='ltr'><strong>Deum</strong></span> <span class='ocrx_word' id='word_1_593' title='bbox 2866 3478 3241 3534; x_wconf 86' lang='lat' dir='ltr'><strong>universorum</strong></span> <span class='ocrx_word' id='word_1_594' title='bbox 3268 3481 3519 3546; x_wconf 87' lang='lat' dir='ltr'><strong>dicimus,</strong></span> 
     </span>
    </p>
   </div>
   <div class='ocr_carea' id='block_1_80' title="bbox 1947 3566 3520 3644">
    <p class='ocr_par' dir='ltr' id='par_1_80' title="bbox 1947 3566 3520 3644">
     <span class='ocr_line' id='line_1_80' title="bbox 1947 3566 3520 3644; baseline 0.007 -26"><span class='ocrx_word' id='word_1_595' title='bbox 1947 3580 2066 3618; x_wconf 89' lang='lat' dir='ltr'><strong>eum</strong></span> <span class='ocrx_word' id='word_1_596' title='bbox 2095 3580 2190 3633; x_wconf 91' lang='lat' dir='ltr'><strong>pro</strong></span> <span class='ocrx_word' id='word_1_597' title='bbox 2217 3566 2430 3621; x_wconf 85' lang='lat' dir='ltr'><strong>diversa</strong></span> <span class='ocrx_word' id='word_1_598' title='bbox 2467 3570 2684 3624; x_wconf 91' lang='lat' dir='ltr'><strong>notione</strong></span> <span class='ocrx_word' id='word_1_599' title='bbox 2712 3571 2794 3625; x_wconf 92' lang='lat' dir='ltr'><strong>his</strong></span> <span class='ocrx_word' id='word_1_600' title='bbox 2838 3571 3145 3627; x_wconf 88' lang='lat' dir='ltr'><strong>nominibus</strong></span> <span class='ocrx_word' id='word_1_601' title='bbox 3168 3573 3520 3644; x_wconf 80' lang='lat' dir='ltr'><strong>appellantes.</strong></span> 
     </span>
    </p>
   </div>
   <div class='ocr_carea' id='block_1_81' title="bbox 1948 3657 3523 3732">
    <p class='ocr_par' dir='ltr' id='par_1_81' title="bbox 1948 3657 3523 3732">
     <span class='ocr_line' id='line_1_81' title="bbox 1948 3657 3523 3732; baseline 0.006 -21"><span class='ocrx_word' id='word_1_602' title='bbox 1948 3657 2077 3711; x_wconf 90' lang='lat' dir='ltr'><strong>Cum</strong></span> <span class='ocrx_word' id='word_1_603' title='bbox 2108 3659 2251 3713; x_wconf 90' lang='lat' dir='ltr'><strong>enim</strong></span> <span class='ocrx_word' id='word_1_604' title='bbox 2278 3660 2330 3714; x_wconf 92' lang='lat' dir='ltr'><strong>in</strong></span> <span class='ocrx_word' id='word_1_605' title='bbox 2365 3670 2637 3717; x_wconf 85' lang='lat' dir='ltr'><strong>transacta</strong></span> <span class='ocrx_word' id='word_1_606' title='bbox 2658 3664 2770 3731; x_wconf 80' lang='lat' dir='ltr'><strong>jam</strong></span> <span class='ocrx_word' id='word_1_607' title='bbox 2799 3665 2995 3718; x_wconf 65' lang='lat' dir='ltr'><strong>saacula</strong></span> <span class='ocrx_word' id='word_1_608' title='bbox 3032 3666 3371 3732; x_wconf 88' lang='lat' dir='ltr'><strong>respicimus.</strong></span> <span class='ocrx_word' id='word_1_609' title='bbox 3402 3666 3523 3721; x_wconf 89' lang='lat' dir='ltr'><strong>Dei-</strong></span> 
     </span>
    </p>
   </div>
   <div class='ocr_carea' id='block_1_82' title="bbox 1948 3754 3522 3826">
    <p class='ocr_par' dir='ltr' id='par_1_82' title="bbox 1948 3754 3522 3826">
     <span class='ocr_line' id='line_1_82' title="bbox 1948 3754 3522 3826; baseline 0.008 -24"><span class='ocrx_word' id='word_1_610' title='bbox 1948 3767 2052 3821; x_wconf 91' lang='lat' dir='ltr'><strong>que</strong></span> <span class='ocrx_word' id='word_1_611' title='bbox 2085 3754 2192 3806; x_wconf 88' lang='lat' dir='ltr'><strong>vita</strong></span> <span class='ocrx_word' id='word_1_612' title='bbox 2224 3755 2543 3824; x_wconf 89' lang='lat' dir='ltr'><strong>principium</strong></span> <span class='ocrx_word' id='word_1_613' title='bbox 2571 3771 2729 3810; x_wconf 91' lang='lat' dir='ltr'><strong>omne</strong></span> <span class='ocrx_word' id='word_1_614' title='bbox 2763 3772 3021 3826; x_wconf 87' lang='lat' dir='ltr'><strong>superare</strong></span> <span class='ocrx_word' id='word_1_615' title='bbox 3050 3774 3079 3812; x_wconf 87' lang='lat' dir='ltr'><strong>a</strong></span> <span class='ocrx_word' id='word_1_616' title='bbox 3116 3759 3272 3814; x_wconf 83' lang='lat' dir='ltr'><strong>nobis</strong></span> <span class='ocrx_word' id='word_1_617' title='bbox 3308 3760 3522 3814; x_wconf 86' lang='lat' dir='ltr'><strong>inveni-</strong></span> 
     </span>
    </p>
   </div>
   <div class='ocr_carea' id='block_1_83' title="bbox 1951 3848 3520 3916">
    <p class='ocr_par' dir='ltr' id='par_1_83' title="bbox 1951 3848 3520 3916">
     <span class='ocr_line' id='line_1_83' title="bbox 1951 3848 3520 3916; baseline 0.007 -18"><span class='ocrx_word' id='word_1_618' title='bbox 1951 3854 2223 3911; x_wconf 89' lang='lat' dir='ltr'><strong>tur,tunc</strong></span> <span class='ocrx_word' id='word_1_619' title='bbox 2254 3848 2547 3916; x_wconf 86' lang='lat' dir='ltr'><strong>ingenitum</strong></span> <span class='ocrx_word' id='word_1_620' title='bbox 2596 3850 2765 3915; x_wconf 88' lang='lat' dir='ltr'><strong>ipsum</strong></span> <span class='ocrx_word' id='word_1_621' title='bbox 2819 3849 3089 3906; x_wconf 88' lang='lat' dir='ltr'><strong>dicimus:</strong></span> <span class='ocrx_word' id='word_1_622' title='bbox 3131 3868 3252 3907; x_wconf 92' lang='lat' dir='ltr'><strong>cum</strong></span> <span class='ocrx_word' id='word_1_623' title='bbox 3299 3867 3427 3908; x_wconf 82' lang='lat' dir='ltr'><strong>vero</strong></span> <span class='ocrx_word' id='word_1_624' title='bbox 3466 3854 3520 3909; x_wconf 89' lang='lat' dir='ltr'><strong>in</strong></span> 
     </span>
    </p>
   </div>
   <div class='ocr_carea' id='block_1_84' title="bbox 1953 3938 3521 4013">
    <p class='ocr_par' dir='ltr' id='par_1_84' title="bbox 1953 3938 3521 4013">
     <span class='ocr_line' id='line_1_84' title="bbox 1953 3938 3521 4013; baseline 0.008 -24"><span class='ocrx_word' id='word_1_625' title='bbox 1953 3938 2129 3993; x_wconf 89' lang='lat' dir='ltr'><strong>futura</strong></span> <span class='ocrx_word' id='word_1_626' title='bbox 2178 3942 2371 3995; x_wconf 64' lang='lat' dir='ltr'><strong>saecula</strong></span> <span class='ocrx_word' id='word_1_627' title='bbox 2425 3942 2806 4009; x_wconf 81' lang='lat' dir='ltr'><strong>cogitationem</strong></span> <span class='ocrx_word' id='word_1_628' title='bbox 2843 3946 3204 4011; x_wconf 80' lang='lat' dir='ltr'><strong>cxtendimus,</strong></span> <span class='ocrx_word' id='word_1_629' title='bbox 3241 3960 3388 4013; x_wconf 88' lang='lat' dir='ltr'><strong>eum,</strong></span> <span class='ocrx_word' id='word_1_630' title='bbox 3422 3963 3521 4003; x_wconf 92' lang='lat' dir='ltr'><strong>ceu</strong></span> 
     </span>
    </p>
   </div>
   <div class='ocr_carea' id='block_1_85' title="bbox 1954 4031 3524 4110">
    <p class='ocr_par' dir='ltr' id='par_1_85' title="bbox 1954 4031 3524 4110">
     <span class='ocr_line' id='line_1_85' title="bbox 1954 4031 3524 4110; baseline 0.007 -27"><span class='ocrx_word' id='word_1_631' title='bbox 1954 4031 2217 4087; x_wconf 84' lang='lat' dir='ltr'><strong>inﬁnitum</strong></span> <span class='ocrx_word' id='word_1_632' title='bbox 2266 4048 2326 4087; x_wconf 94' lang='lat' dir='ltr'><strong>ac</strong></span> <span class='ocrx_word' id='word_1_633' title='bbox 2364 4034 2704 4102; x_wconf 89' lang='lat' dir='ltr'><strong>immensum,</strong></span> <span class='ocrx_word' id='word_1_634' title='bbox 2731 4052 2829 4091; x_wconf 88' lang='lat' dir='ltr'><strong>nec</strong></span> <span class='ocrx_word' id='word_1_635' title='bbox 2872 4038 2978 4092; x_wconf 93' lang='lat' dir='ltr'><strong>ullo</strong></span> <span class='ocrx_word' id='word_1_636' title='bbox 3019 4038 3123 4092; x_wconf 91' lang='lat' dir='ltr'><strong>ﬁne</strong></span> <span class='ocrx_word' id='word_1_637' title='bbox 3168 4042 3524 4110; x_wconf 89' lang='lat' dir='ltr'><strong>comprehen-</strong></span> 
     </span>
    </p>
   </div>
   <div class='ocr_carea' id='block_1_86' title="bbox 1951 4125 3524 4201">
    <p class='ocr_par' dir='ltr' id='par_1_86' title="bbox 1951 4125 3524 4201">
     <span class='ocr_line' id='line_1_86' title="bbox 1951 4125 3524 4201; baseline 0.008 -25"><span class='ocrx_word' id='word_1_638' title='bbox 1951 4139 2089 4187; x_wconf 85' lang='lat' dir='ltr'><strong>sum,</strong></span> <span class='ocrx_word' id='word_1_639' title='bbox 2124 4139 2377 4179; x_wconf 86' lang='lat' dir='ltr'><strong>vocamus</strong></span> <span class='ocrx_word' id='word_1_640' title='bbox 2408 4125 2884 4196; x_wconf 90' lang='lat' dir='ltr'><strong>incorruptibilem.</strong></span> <span class='ocrx_word' id='word_1_641' title='bbox 2919 4131 3378 4196; x_wconf 89' lang='lat' dir='ltr'><strong>Quemadmodum</strong></span> <span class='ocrx_word' id='word_1_642' title='bbox 3427 4133 3524 4201; x_wconf 78' lang='lat' dir='ltr'><strong>igi-</strong></span> 
     </span>
    </p>
   </div>
   <div class='ocr_carea' id='block_1_87' title="bbox 1952 4216 3520 4291">
    <p class='ocr_par' dir='ltr' id='par_1_87' title="bbox 1952 4216 3520 4291">
     <span class='ocr_line' id='line_1_87' title="bbox 1952 4216 3520 4291; baseline 0.008 -24"><span class='ocrx_word' id='word_1_643' title='bbox 1952 4224 2039 4267; x_wconf 88' lang='lat' dir='ltr'><strong>tur</strong></span> <span class='ocrx_word' id='word_1_644' title='bbox 2069 4216 2173 4268; x_wconf 86' lang='lat' dir='ltr'><strong>vita</strong></span> <span class='ocrx_word' id='word_1_645' title='bbox 2206 4216 2308 4271; x_wconf 87' lang='lat' dir='ltr'><strong>fiue</strong></span> <span class='ocrx_word' id='word_1_646' title='bbox 2336 4232 2527 4274; x_wconf 87' lang='lat' dir='ltr'><strong>carens</strong></span> <span class='ocrx_word' id='word_1_647' title='bbox 2544 4222 2738 4275; x_wconf 87' lang='lat' dir='ltr'><strong>dicitur</strong></span> <span class='ocrx_word' id='word_1_648' title='bbox 2768 4223 3251 4291; x_wconf 87' lang='lat' dir='ltr'><strong>iucorruptihilitas</strong></span> <span class='ocrx_word' id='word_1_649' title='bbox 3284 4243 3297 4278; x_wconf 91' lang='lat'><strong>:</strong></span> <span class='ocrx_word' id='word_1_650' title='bbox 3330 4226 3400 4278; x_wconf 88' lang='lat' dir='ltr'><strong>ita</strong></span> <span class='ocrx_word' id='word_1_651' title='bbox 3425 4242 3520 4280; x_wconf 83' lang='lat' dir='ltr'><strong>ea-</strong></span> 
     </span>
    </p>
   </div>
   <div class='ocr_carea' id='block_1_88' title="bbox 1951 4307 3521 4384">
    <p class='ocr_par' dir='ltr' id='par_1_88' title="bbox 1951 4307 3521 4384">
     <span class='ocr_line' id='line_1_88' title="bbox 1951 4307 3521 4384; baseline 0.006 -24"><span class='ocrx_word' id='word_1_652' title='bbox 1951 4307 2069 4361; x_wconf 89' lang='lat' dir='ltr'><strong>dem</strong></span> <span class='ocrx_word' id='word_1_653' title='bbox 2111 4310 2357 4381; x_wconf 90' lang='lat' dir='ltr'><strong>priucipii</strong></span> <span class='ocrx_word' id='word_1_654' title='bbox 2388 4328 2579 4382; x_wconf 76' lang='lat' dir='ltr'><strong>expers</strong></span> <span class='ocrx_word' id='word_1_655' title='bbox 2620 4325 2846 4369; x_wconf 83' lang='lat' dir='ltr'><strong>vocatur</strong></span> <span class='ocrx_word' id='word_1_656' title='bbox 2880 4316 3233 4384; x_wconf 89' lang='lat' dir='ltr'><strong>ingeneratio,</strong></span> <span class='ocrx_word' id='word_1_657' title='bbox 3256 4324 3366 4369; x_wconf 87' lang='lat' dir='ltr'><strong>tum</strong></span> <span class='ocrx_word' id='word_1_658' title='bbox 3397 4332 3521 4371; x_wconf 89' lang='lat' dir='ltr'><strong>cum</strong></span> 
     </span>
    </p>
   </div>
   <div class='ocr_carea' id='block_1_89' title="bbox 1952 4408 3523 4478">
    <p class='ocr_par' dir='ltr' id='par_1_89' title="bbox 1952 4408 3523 4478">
     <span class='ocr_line' id='line_1_89' title="bbox 1952 4408 3523 4478; baseline 0.008 -25"><span class='ocrx_word' id='word_1_659' title='bbox 1952 4412 2181 4472; x_wconf 88' lang='lat' dir='ltr'><strong>utraque</strong></span> <span class='ocrx_word' id='word_1_660' title='bbox 2208 4420 2303 4475; x_wconf 91' lang='lat' dir='ltr'><strong>per</strong></span> <span class='ocrx_word' id='word_1_661' title='bbox 2332 4417 2563 4462; x_wconf 81' lang='lat' dir='ltr'><strong>mentem</strong></span> <span class='ocrx_word' id='word_1_662' title='bbox 2591 4410 2953 4477; x_wconf 87' lang='lat' dir='ltr'><strong>speculamur.</strong></span> <span class='ocrx_word' id='word_1_663' title='bbox 2985 4408 3099 4475; x_wconf 89' lang='lat' dir='ltr'><strong>Qua</strong></span> <span class='ocrx_word' id='word_1_664' title='bbox 3124 4409 3286 4478; x_wconf 88' lang='lat' dir='ltr'><strong>igitur</strong></span> <span class='ocrx_word' id='word_1_665' title='bbox 3315 4410 3523 4465; x_wconf 83' lang='lat' dir='ltr'><strong>ratione</strong></span> 
     </span>
    </p>
   </div>
   <div class='ocr_carea' id='block_1_90' title="bbox 1954 4498 3525 4573">
    <p class='ocr_par' dir='ltr' id='par_1_90' title="bbox 1954 4498 3525 4573">
     <span class='ocr_line' id='line_1_90' title="bbox 1954 4498 3525 4573; baseline 0.006 -26"><span class='ocrx_word' id='word_1_666' title='bbox 1954 4498 2257 4565; x_wconf 85' lang='lat' dir='ltr'><strong>negabitur,</strong></span> <span class='ocrx_word' id='word_1_667' title='bbox 2291 4509 2344 4553; x_wconf 91' lang='lat' dir='ltr'><strong>et</strong></span> <span class='ocrx_word' id='word_1_668' title='bbox 2398 4500 2510 4553; x_wconf 40' lang='lat' dir='ltr'><strong>haec</strong></span> <span class='ocrx_word' id='word_1_669' title='bbox 2567 4513 2793 4569; x_wconf 81' lang='lat' dir='ltr'><strong>utraque</strong></span> <span class='ocrx_word' id='word_1_670' title='bbox 2848 4502 3064 4556; x_wconf 87' lang='lat' dir='ltr'><strong>nomina</strong></span> <span class='ocrx_word' id='word_1_671' title='bbox 3117 4503 3438 4573; x_wconf 77' lang='lat' dir='ltr'><strong>excogitari,</strong></span> <span class='ocrx_word' id='word_1_672' title='bbox 3469 4512 3525 4557; x_wconf 87' lang='lat' dir='ltr'><strong>cl</strong></span> 
     </span>
    </p>
   </div>
   <div class='ocr_carea' id='block_1_91' title="bbox 1954 4588 3525 4658">
    <p class='ocr_par' dir='ltr' id='par_1_91' title="bbox 1954 4588 3525 4658">
     <span class='ocr_line' id='line_1_91' title="bbox 1954 4588 3525 4658; baseline 0.006 -19"><span class='ocrx_word' id='word_1_673' title='bbox 1954 4588 2070 4656; x_wconf 86' lang='lat' dir='ltr'><strong>ejus</strong></span> <span class='ocrx_word' id='word_1_674' title='bbox 2098 4591 2239 4658; x_wconf 86' lang='lat' dir='ltr'><strong>quod</strong></span> <span class='ocrx_word' id='word_1_675' title='bbox 2273 4605 2457 4643; x_wconf 86' lang='lat' dir='ltr'><strong>revera</strong></span> <span class='ocrx_word' id='word_1_676' title='bbox 2492 4591 2599 4644; x_wconf 89' lang='lat' dir='ltr'><strong>Deo</strong></span> <span class='ocrx_word' id='word_1_677' title='bbox 2640 4594 2778 4645; x_wconf 90' lang='lat' dir='ltr'><strong>inest</strong></span> <span class='ocrx_word' id='word_1_678' title='bbox 2816 4592 3212 4647; x_wconf 82' lang='lat' dir='ltr'><strong>confessionem</strong></span> <span class='ocrx_word' id='word_1_679' title='bbox 3242 4608 3361 4649; x_wconf 85' lang='lat' dir='ltr'><strong>esse</strong></span> <span class='ocrx_word' id='word_1_680' title='bbox 3385 4595 3408 4649; x_wconf 68' lang='grc' dir='ltr'><em>ἲ</em></span> <span class='ocrx_word' id='word_1_681' title='bbox 3431 4594 3525 4648; x_wconf 90' lang='lat' dir='ltr'><strong>llle</strong></span> 
     </span>
    </p>
   </div>
   <div class='ocr_carea' id='block_1_92' title="bbox 282 4658 1952 4755">
    <p class='ocr_par' dir='ltr' id='par_1_92' title="bbox 282 4658 1931 4747">
     <span class='ocr_line' id='line_1_92' title="bbox 282 4658 1931 4747; baseline 0.008 -30"><span class='ocrx_word' id='word_1_682' title='bbox 282 4662 430 4727; x_wconf 85' lang='grc' dir='ltr'>σθαι,</span> <span class='ocrx_word' id='word_1_683' title='bbox 457 4664 549 4715; x_wconf 74' lang='grc' dir='ltr'><strong>καὶ</strong></span> <span class='ocrx_word' id='word_1_684' title='bbox 577 4664 638 4716; x_wconf 86' lang='grc' dir='ltr'><strong>τὸ</strong></span> <span class='ocrx_word' id='word_1_685' title='bbox 666 4664 1014 4737; x_wconf 74' lang='grc' dir='ltr'>ἀποπληροῦν</span> <span class='ocrx_word' id='word_1_686' title='bbox 1035 4667 1109 4736; x_wconf 77' lang='grc' dir='ltr'>τῷ</span> <span class='ocrx_word' id='word_1_687' title='bbox 1131 4658 1248 4738; x_wconf 81' lang='grc' dir='ltr'><strong>Θεῷ</strong></span> <span class='ocrx_word' id='word_1_688' title='bbox 1273 4670 1383 4740; x_wconf 66' lang='grc'><strong>(45)</strong></span> <span class='ocrx_word' id='word_1_689' title='bbox 1415 4675 1511 4742; x_wconf 81' lang='grc' dir='ltr'>τὴν</span> <span class='ocrx_word' id='word_1_690' title='bbox 1541 4674 1633 4728; x_wconf 87' lang='grc' dir='ltr'><strong>τοῦ</strong></span> <span class='ocrx_word' id='word_1_691' title='bbox 1665 4673 1801 4729; x_wconf 74' lang='grc' dir='ltr'>εἶναι</span> <span class='ocrx_word' id='word_1_692' title='bbox 1827 4679 1853 4729; x_wconf 85' lang='grc' dir='ltr'>ὅ</span> <span class='ocrx_word' id='word_1_693' title='bbox 1886 4690 1931 4747; x_wconf 80' lang='grc' dir='ltr'>ι)</span> 
     </span>
    </p>
   </div>
   <div class='ocr_carea' id='block_1_93' title="bbox 1853 4658 3523 4755">
    <p class='ocr_par' dir='ltr' id='par_1_93' title="bbox 1886 4683 3523 4755">
     <span class='ocr_line' id='line_1_93' title="bbox 1886 4683 3523 4755; baseline 0.003 -21"><span class='ocrx_word' id='word_1_694' title='bbox 1886 4690 1931 4747; x_wconf 80' lang='grc' dir='ltr'><strong>ι)</strong></span> <span class='ocrx_word' id='word_1_695' title='bbox 1957 4697 2083 4736; x_wconf 87' lang='lat' dir='ltr'><strong>vero</strong></span> <span class='ocrx_word' id='word_1_696' title='bbox 2117 4692 2368 4752; x_wconf 88' lang='lat' dir='ltr'><strong>tanquam</strong></span> <span class='ocrx_word' id='word_1_697' title='bbox 2412 4684 2455 4737; x_wconf 87' lang='lat' dir='ltr'><strong>si</strong></span> <span class='ocrx_word' id='word_1_698' title='bbox 2486 4683 2598 4738; x_wconf 78' lang='lat' dir='ltr'><strong>haec</strong></span> <span class='ocrx_word' id='word_1_699' title='bbox 2630 4685 2771 4741; x_wconf 88' lang='lat' dir='ltr'><strong>inter</strong></span> <span class='ocrx_word' id='word_1_700' title='bbox 2799 4701 2858 4741; x_wconf 87' lang='lat' dir='ltr'><strong>se</strong></span> <span class='ocrx_word' id='word_1_701' title='bbox 2887 4696 3208 4755; x_wconf 81' lang='lat' dir='ltr'><strong>pugnarent,</strong></span> <span class='ocrx_word' id='word_1_702' title='bbox 3243 4702 3344 4743; x_wconf 91' lang='lat' dir='ltr'><strong>nec</strong></span> <span class='ocrx_word' id='word_1_703' title='bbox 3384 4687 3523 4741; x_wconf 90' lang='lat' dir='ltr'><strong>inter</strong></span> 
     </span>
    </p>
   </div>
   <div class='ocr_carea' id='block_1_94' title="bbox 280 4756 762 4826">
    <p class='ocr_par' dir='ltr' id='par_1_94' title="bbox 280 4756 762 4826">
     <span class='ocr_line' id='line_1_94' title="bbox 280 4756 762 4826; baseline 0.008 -18"><span class='ocrx_word' id='word_1_704' title='bbox 280 4757 429 4808; x_wconf 80' lang='grc' dir='ltr'>ἐστιν</span> <span class='ocrx_word' id='word_1_705' title='bbox 455 4756 762 4826; x_wconf 81' lang='grc' dir='ltr'>ὁμολογίαν.</span> 
     </span>
    </p>
   </div>
   <div class='ocr_carea' id='block_1_95' title="bbox 1958 4768 3524 4845">
    <p class='ocr_par' dir='ltr' id='par_1_95' title="bbox 1958 4768 3524 4845">
     <span class='ocr_line' id='line_1_95' title="bbox 1958 4768 3524 4845; baseline 0.006 -21"><span class='ocrx_word' id='word_1_706' title='bbox 1958 4786 2017 4826; x_wconf 86' lang='lat' dir='ltr'><strong>se</strong></span> <span class='ocrx_word' id='word_1_707' title='bbox 2044 4768 2466 4827; x_wconf 81' lang='lat' dir='ltr'><strong>coneiliariullo</strong></span> <span class='ocrx_word' id='word_1_708' title='bbox 2498 4775 2655 4829; x_wconf 89' lang='lat' dir='ltr'><strong>modo</strong></span> <span class='ocrx_word' id='word_1_709' title='bbox 2694 4785 2935 4845; x_wconf 90' lang='lat' dir='ltr'><strong>possent,</strong></span> <span class='ocrx_word' id='word_1_710' title='bbox 2965 4776 3190 4832; x_wconf 91' lang='lat' dir='ltr'><strong>alterum</strong></span> <span class='ocrx_word' id='word_1_711' title='bbox 3236 4778 3304 4830; x_wconf 90' lang='lat' dir='ltr'><strong>ab</strong></span> <span class='ocrx_word' id='word_1_712' title='bbox 3350 4778 3524 4833; x_wconf 88' lang='lat' dir='ltr'><strong>altero</strong></span> 
     </span>
    </p>
   </div>
   <div class='ocr_carea' id='block_1_96' title="bbox 282 4851 3526 4939">
    <p class='ocr_par' dir='ltr' id='par_1_96' title="bbox 282 4851 3526 4939">
     <span class='ocr_line' id='line_1_96' title="bbox 282 4851 3526 4939; baseline 0.016 -34"><span class='ocrx_word' id='word_1_713' title='bbox 282 4851 811 4906; x_wconf 82' lang='lat' dir='ltr'><strong>dirimitziuﬁciatur</strong></span> <span class='ocrx_word' id='word_1_714' title='bbox 829 4853 1162 4915; x_wconf 78' lang='lat' dir='ltr'><strong>videlicel,el</strong></span> <span class='ocrx_word' id='word_1_715' title='bbox 1188 4854 1386 4925; x_wconf 85' lang='lat' dir='ltr'><strong>aliquid</strong></span> <span class='ocrx_word' id='word_1_716' title='bbox 1408 4856 1683 4926; x_wconf 87' lang='lat' dir='ltr'><strong>dicijuxta</strong></span> <span class='ocrx_word' id='word_1_717' title='bbox 1713 4860 1877 4913; x_wconf 90' lang='lat' dir='ltr'><strong>animi</strong></span> <span class='ocrx_word' id='word_1_718' title='bbox 1919 4866 2337 4935; x_wconf 70' lang='lat' dir='ltr'><strong>perceptionem.</strong></span> <span class='ocrx_word' id='word_1_719' title='bbox 2400 4874 2455 4920; x_wconf 74' lang='grc' dir='ltr'>ει</span> <span class='ocrx_word' id='word_1_720' title='bbox 2504 4881 2601 4934; x_wconf 65' lang='lat' dir='ltr'><strong>Per</strong></span> <span class='ocrx_word' id='word_1_721' title='bbox 2628 4868 2731 4921; x_wconf 73' lang='grc' dir='ltr'><strong>Ιιοε</strong></span> <span class='ocrx_word' id='word_1_722' title='bbox 2764 4868 2937 4936; x_wconf 68' lang='lat' dir='ltr'><strong>ipsum</strong></span> <span class='ocrx_word' id='word_1_723' title='bbox 2988 4868 3097 4922; x_wconf 68' lang='lat' dir='ltr'><strong>Deo</strong></span> <span class='ocrx_word' id='word_1_724' title='bbox 3142 4867 3376 4937; x_wconf 61' lang='grc' dir='ltr'><strong>Ρθτδθὶνί</strong></span> <span class='ocrx_word' id='word_1_725' title='bbox 3410 4869 3526 4939; x_wconf 48' lang='lat' dir='ltr'><strong>ei&quot;!</strong></span> 
     </span>
    </p>
   </div>
   <div class='ocr_carea' id='block_1_97' title="bbox 279 4940 983 5010">
    <p class='ocr_par' dir='ltr' id='par_1_97' title="bbox 279 4940 983 5010">
     <span class='ocr_line' id='line_1_97' title="bbox 279 4940 983 5010; baseline 0.007 -18"><span class='ocrx_word' id='word_1_726' title='bbox 279 4940 424 5010; x_wconf 87' lang='lat' dir='ltr'><strong>quod</strong></span> <span class='ocrx_word' id='word_1_727' title='bbox 456 4949 539 4993; x_wconf 71' lang='grc' dir='ltr'><strong>εει</strong></span> <span class='ocrx_word' id='word_1_728' title='bbox 572 4943 983 4997; x_wconf 77' lang='lat' dir='ltr'><strong>confessionem.</strong></span> 
     </span>
    </p>
   </div>
   <div class='ocr_carea' id='block_1_98' title="bbox 356 5117 1587 5197">
    <p class='ocr_par' dir='ltr' id='par_1_98' title="bbox 356 5117 1587 5197">
     <span class='ocr_line' id='line_1_98' title="bbox 356 5117 1587 5197; baseline 0.002 -24"><span class='ocrx_word' id='word_1_729' title='bbox 499 5117 718 5197; x_wconf 55' lang='lat' dir='ltr'><strong>Xeteres</strong></span> <span class='ocrx_word' id='word_1_730' title='bbox 747 5122 1090 5197; x_wconf 16' lang='lat' dir='ltr'><strong>aliqtrot‘libri</strong></span> <span class='ocrx_word' id='word_1_731' title='bbox 1126 5127 1215 5178; x_wconf 74' lang='grc' dir='ltr'><strong>καὶ</strong></span> <span class='ocrx_word' id='word_1_732' title='bbox 1239 5126 1587 5197; x_wconf 76' lang='grc' dir='ltr'>ἀναπληρῶν.</span> 
     </span>
    </p>
   </div>
   <div class='ocr_carea' id='block_1_99' title="bbox 358 5189 1849 5269">
    <p class='ocr_par' dir='ltr' id='par_1_99' title="bbox 358 5189 1849 5269">
     <span class='ocr_line' id='line_1_99' title="bbox 358 5189 1849 5269; baseline 0.004 -25"><span class='ocrx_word' id='word_1_733' title='bbox 358 5191 471 5261; x_wconf 78' lang='grc'><strong>(59)</strong></span> <span class='ocrx_word' id='word_1_734' title='bbox 498 5189 637 5269; x_wconf 60' lang='lat' dir='ltr'><strong>Eiliti</strong></span> <span class='ocrx_word' id='word_1_735' title='bbox 689 5206 810 5269; x_wconf 82' lang='lat' dir='ltr'><strong>cum</strong></span> <span class='ocrx_word' id='word_1_736' title='bbox 839 5189 1013 5247; x_wconf 15' lang='lat' dir='ltr'><strong>iColb.</strong></span> <span class='ocrx_word' id='word_1_737' title='bbox 1059 5204 1112 5246; x_wconf 89' lang='lat' dir='ltr'><strong>et</strong></span> <span class='ocrx_word' id='word_1_738' title='bbox 1138 5198 1299 5269; x_wconf 17' lang='lat' dir='ltr'><strong>_lli-g.‘</strong></span> <span class='ocrx_word' id='word_1_739' title='bbox 1333 5189 1519 5269; x_wconf 69' lang='lat' dir='ltr'><strong>quinto</strong></span> <span class='ocrx_word' id='word_1_740' title='bbox 1554 5198 1849 5269; x_wconf 65' lang='grc' dir='ltr'>ἀποφέρε-</span> 
     </span>
    </p>
   </div>
   <div class='ocr_carea' id='block_1_100' title="bbox 284 5260 1849 5337">
    <p class='ocr_par' dir='ltr' id='par_1_100' title="bbox 284 5260 1849 5337">
     <span class='ocr_line' id='line_1_100' title="bbox 284 5260 1849 5337; baseline 0.004 -22"><span class='ocrx_word' id='word_1_741' title='bbox 284 5262 448 5337; x_wconf 64' lang='grc' dir='ltr'><strong>σθαι.Δ</strong></span> <span class='ocrx_word' id='word_1_742' title='bbox 488 5261 593 5337; x_wconf 79' lang='lat' dir='ltr'><strong>A_lii</strong></span> <span class='ocrx_word' id='word_1_743' title='bbox 651 5260 889 5337; x_wconf 70' lang='lat' dir='ltr'><strong>quinque</strong></span> <span class='ocrx_word' id='word_1_744' title='bbox 929 5280 1068 5337; x_wconf 65' lang='lat' dir='ltr'><strong>inss.</strong></span> <span class='ocrx_word' id='word_1_745' title='bbox 1128 5260 1519 5337; x_wconf 73' lang='grc' dir='ltr'>ύποῷέρεσθαι.</span> <span class='ocrx_word' id='word_1_746' title='bbox 1553 5267 1669 5322; x_wconf 78' lang='lat' dir='ltr'><strong>Mox</strong></span> <span class='ocrx_word' id='word_1_747' title='bbox 1701 5260 1849 5322; x_wconf 46' lang='lat' dir='ltr'><strong>&#39;eiliti</strong></span> 
     </span>
    </p>
   </div>
   <div class='ocr_carea' id='block_1_101' title="bbox 281 5330 1706 5395">
    <p class='ocr_par' dir='ltr' id='par_1_101' title="bbox 281 5330 1706 5395">
     <span class='ocr_line' id='line_1_101' title="bbox 281 5330 1706 5395; baseline 0.004 -9"><span class='ocrx_word' id='word_1_748' title='bbox 281 5334 403 5395; x_wconf 77' lang='grc' dir='ltr'>ἐνὸς</span> <span class='ocrx_word' id='word_1_749' title='bbox 430 5331 683 5385; x_wconf 78' lang='grc' dir='ltr'>ἑκάστου.</span> <span class='ocrx_word' id='word_1_750' title='bbox 717 5330 827 5383; x_wconf 81' lang='lat' dir='ltr'><strong>Vox</strong></span> <span class='ocrx_word' id='word_1_751' title='bbox 848 5333 1073 5386; x_wconf 80' lang='grc' dir='ltr'>ἑκάστου</span> <span class='ocrx_word' id='word_1_752' title='bbox 1109 5330 1258 5389; x_wconf 80' lang='lat' dir='ltr'><strong>deest</strong></span> <span class='ocrx_word' id='word_1_753' title='bbox 1290 5330 1339 5388; x_wconf 82' lang='lat' dir='ltr'><strong>in</strong></span> <span class='ocrx_word' id='word_1_754' title='bbox 1368 5338 1545 5389; x_wconf 86' lang='lat' dir='ltr'><strong>multis</strong></span> <span class='ocrx_word' id='word_1_755' title='bbox 1576 5354 1706 5392; x_wconf 92' lang='lat' dir='ltr'><strong>mss.</strong></span> 
     </span>
    </p>
   </div>
   <div class='ocr_carea' id='block_1_102' title="bbox 356 5401 1850 5473">
    <p class='ocr_par' dir='ltr' id='par_1_102' title="bbox 356 5401 1850 5473">
     <span class='ocr_line' id='line_1_102' title="bbox 356 5401 1850 5473; baseline 0.005 -18"><span class='ocrx_word' id='word_1_756' title='bbox 356 5403 467 5473; x_wconf 73' lang='grc'><strong>(40)</strong></span> <span class='ocrx_word' id='word_1_757' title='bbox 528 5403 666 5455; x_wconf 83' lang='lat' dir='ltr'><strong>Editi</strong></span> <span class='ocrx_word' id='word_1_758' title='bbox 702 5413 754 5473; x_wconf 85' lang='lat' dir='ltr'><strong>et</strong></span> <span class='ocrx_word' id='word_1_759' title='bbox 801 5401 934 5470; x_wconf 77' lang='lat' dir='ltr'><strong>Reg.</strong></span> <span class='ocrx_word' id='word_1_760' title='bbox 994 5406 1262 5458; x_wconf 80' lang='lat' dir='ltr'><strong>secundus</strong></span> <span class='ocrx_word' id='word_1_761' title='bbox 1308 5406 1401 5458; x_wconf 75' lang='grc' dir='ltr'><strong>καὶ</strong></span> <span class='ocrx_word' id='word_1_762' title='bbox 1445 5407 1577 5461; x_wconf 78' lang='grc' dir='ltr'>αὐτὸ</span> <span class='ocrx_word' id='word_1_763' title='bbox 1612 5408 1765 5461; x_wconf 87' lang='grc' dir='ltr'>τοῦτο</span> <span class='ocrx_word' id='word_1_764' title='bbox 1790 5409 1850 5462; x_wconf 88' lang='grc' dir='ltr'><strong>τὸ</strong></span> 
     </span>
    </p>
   </div>
   <div class='ocr_carea' id='block_1_103' title="bbox 279 5472 1846 5546">
    <p class='ocr_par' dir='ltr' id='par_1_103' title="bbox 279 5472 1846 5546">
     <span class='ocr_line' id='line_1_103' title="bbox 279 5472 1846 5546; baseline 0.004 -20"><span class='ocrx_word' id='word_1_765' title='bbox 279 5474 577 5543; x_wconf 86' lang='grc' dir='ltr'>ἀγέννητον</span> <span class='ocrx_word' id='word_1_766' title='bbox 610 5472 845 5546; x_wconf 85' lang='grc' dir='ltr'>πρῶτον.</span> <span class='ocrx_word' id='word_1_767' title='bbox 882 5474 1034 5539; x_wconf 88' lang='lat' dir='ltr'><strong>Illud,</strong></span> <span class='ocrx_word' id='word_1_768' title='bbox 1061 5476 1120 5528; x_wconf 79' lang='grc' dir='ltr'>τὸ</span> <span class='ocrx_word' id='word_1_769' title='bbox 1167 5476 1481 5546; x_wconf 84' lang='grc' dir='ltr'>ἀγέννητον,</span> <span class='ocrx_word' id='word_1_770' title='bbox 1534 5480 1846 5543; x_wconf 74' lang='lat' dir='ltr'><strong>delevimus,</strong></span> 
     </span>
    </p>
   </div>
   <div class='ocr_carea' id='block_1_104' title="bbox 282 5544 1847 5623">
    <p class='ocr_par' dir='ltr' id='par_1_104' title="bbox 282 5544 1847 5623">
     <span class='ocr_line' id='line_1_104' title="bbox 282 5544 1847 5623; baseline 0.004 -27"><span class='ocrx_word' id='word_1_771' title='bbox 282 5546 515 5623; x_wconf 81' lang='lat' dir='ltr'><strong>aliorum</strong></span> <span class='ocrx_word' id='word_1_772' title='bbox 551 5558 643 5597; x_wconf 86' lang='lat' dir='ltr'><strong>sex</strong></span> <span class='ocrx_word' id='word_1_773' title='bbox 671 5544 913 5597; x_wconf 85' lang='lat' dir='ltr'><strong>codicum</strong></span> <span class='ocrx_word' id='word_1_774' title='bbox 942 5556 995 5598; x_wconf 90' lang='lat' dir='ltr'><strong>et</strong></span> <span class='ocrx_word' id='word_1_775' title='bbox 1024 5544 1275 5603; x_wconf 83' lang='lat' dir='ltr'><strong>editionis</strong></span> <span class='ocrx_word' id='word_1_776' title='bbox 1318 5544 1450 5602; x_wconf 78' lang='lat' dir='ltr'><strong>Ven.</strong></span> <span class='ocrx_word' id='word_1_777' title='bbox 1472 5544 1847 5605; x_wconf 81' lang='lat' dir='ltr'><strong>auctoritatem</strong></span> 
     </span>
    </p>
   </div>
   <div class='ocr_carea' id='block_1_105' title="bbox 278 5623 476 5669">
    <p class='ocr_par' dir='ltr' id='par_1_105' title="bbox 278 5623 476 5669">
     <span class='ocr_line' id='line_1_105' title="bbox 278 5623 476 5669; baseline -0.025 0"><span class='ocrx_word' id='word_1_778' title='bbox 278 5623 476 5669; x_wconf 69' lang='lat' dir='ltr'><strong>SCCUIL</strong></span> 
     </span>
    </p>
   </div>
   <div class='ocr_carea' id='block_1_106' title="bbox 354 5680 1851 5759">
    <p class='ocr_par' dir='ltr' id='par_1_106' title="bbox 354 5680 1851 5759">
     <span class='ocr_line' id='line_1_106' title="bbox 354 5680 1851 5759; baseline 0.007 -23"><span class='ocrx_word' id='word_1_779' title='bbox 354 5682 466 5753; x_wconf 76' lang='grc' dir='ltr'><strong>(Η)</strong></span> <span class='ocrx_word' id='word_1_780' title='bbox 492 5680 609 5747; x_wconf 89' lang='lat' dir='ltr'><strong>llla,</strong></span> <span class='ocrx_word' id='word_1_781' title='bbox 646 5683 953 5759; x_wconf 63' lang='lat' dir='ltr'><strong>&#39;Arpliqprov</strong></span> <span class='ocrx_word' id='word_1_782' title='bbox 982 5687 1109 5757; x_wconf 85' lang='grc' dir='ltr'>γάρ,</span> <span class='ocrx_word' id='word_1_783' title='bbox 1150 5700 1287 5759; x_wconf 85' lang='lat' dir='ltr'><strong>etc.,</strong></span> <span class='ocrx_word' id='word_1_784' title='bbox 1337 5688 1501 5744; x_wconf 90' lang='lat' dir='ltr'><strong>refert</strong></span> <span class='ocrx_word' id='word_1_785' title='bbox 1558 5690 1851 5759; x_wconf 82' lang='lat' dir='ltr'><strong>Gregorius</strong></span> 
     </span>
    </p>
   </div>
   <div class='ocr_carea' id='block_1_107' title="bbox 280 5753 1851 5826">
    <p class='ocr_par' dir='ltr' id='par_1_107' title="bbox 280 5753 1851 5826">
     <span class='ocr_line' id='line_1_107' title="bbox 280 5753 1851 5826; baseline 0.006 -20"><span class='ocrx_word' id='word_1_786' title='bbox 280 5753 842 5826; x_wconf 15' lang='lat' dir='ltr'><strong>Nyssenusltomorll,</strong></span> <span class='ocrx_word' id='word_1_787' title='bbox 879 5753 1001 5823; x_wconf 74' lang='lat' dir='ltr'><strong>pag.</strong></span> <span class='ocrx_word' id='word_1_788' title='bbox 1061 5753 1187 5818; x_wconf 76' lang='grc'><strong>824,</strong></span> <span class='ocrx_word' id='word_1_789' title='bbox 1243 5775 1411 5826; x_wconf 86' lang='lat' dir='ltr'><strong>eaque</strong></span> <span class='ocrx_word' id='word_1_790' title='bbox 1452 5753 1711 5815; x_wconf 68' lang='lat' dir='ltr'><strong>adversus</strong></span> <span class='ocrx_word' id='word_1_791' title='bbox 1761 5778 1851 5815; x_wconf 88' lang='lat' dir='ltr'><strong>ca-</strong></span> 
     </span>
    </p>
   </div>
   <div class='ocr_carea' id='block_1_108' title="bbox 276 5822 1599 5896">
    <p class='ocr_par' dir='ltr' id='par_1_108' title="bbox 276 5822 1599 5896">
     <span class='ocr_line' id='line_1_108' title="bbox 276 5822 1599 5896; baseline 0.003 -17"><span class='ocrx_word' id='word_1_792' title='bbox 276 5822 789 5896; x_wconf 28' lang='lat' dir='ltr'><strong>lu’m_rii_as_Eui_t0mii</strong></span> <span class='ocrx_word' id='word_1_793' title='bbox 823 5822 984 5896; x_wconf 67' lang='lat' dir='ltr'><strong>docte</strong></span> <span class='ocrx_word' id='word_1_794' title='bbox 1006 5839 1059 5880; x_wconf 92' lang='lat' dir='ltr'><strong>et</strong></span> <span class='ocrx_word' id='word_1_795' title='bbox 1093 5830 1307 5896; x_wconf 88' lang='lat' dir='ltr'><strong>c0piose</strong></span> <span class='ocrx_word' id='word_1_796' title='bbox 1327 5822 1599 5883; x_wconf 77' lang='lat' dir='ltr'><strong>defendit.</strong></span> 
     </span>
    </p>
   </div>
   <div class='ocr_carea' id='block_1_109' title="bbox 350 5892 1849 5973">
    <p class='ocr_par' dir='ltr' id='par_1_109' title="bbox 350 5892 1849 5973">
     <span class='ocr_line' id='line_1_109' title="bbox 350 5892 1849 5973; baseline 0.006 -26"><span class='ocrx_word' id='word_1_797' title='bbox 350 5892 463 5960; x_wconf 73' lang='grc'><strong>(42)</strong></span> <span class='ocrx_word' id='word_1_798' title='bbox 512 5892 649 5948; x_wconf 87' lang='lat' dir='ltr'><strong>Editi</strong></span> <span class='ocrx_word' id='word_1_799' title='bbox 706 5902 759 5947; x_wconf 86' lang='lat' dir='ltr'><strong>et</strong></span> <span class='ocrx_word' id='word_1_800' title='bbox 818 5894 950 5967; x_wconf 77' lang='lat' dir='ltr'><strong>Reg.</strong></span> <span class='ocrx_word' id='word_1_801' title='bbox 1019 5892 1238 5969; x_wconf 82' lang='lat' dir='ltr'><strong>quintus</strong></span> <span class='ocrx_word' id='word_1_802' title='bbox 1284 5900 1373 5954; x_wconf 85' lang='grc' dir='ltr'><strong>τὸν</strong></span> <span class='ocrx_word' id='word_1_803' title='bbox 1432 5902 1706 5973; x_wconf 84' lang='grc' dir='ltr'>ἀόριστον.</span> <span class='ocrx_word' id='word_1_804' title='bbox 1746 5902 1849 5958; x_wconf 87' lang='lat' dir='ltr'><strong>Alii</strong></span> 
     </span>
    </p>
   </div>
   <div class='ocr_carea' id='block_1_110' title="bbox 1960 5129 3528 5204">
    <p class='ocr_par' dir='ltr' id='par_1_110' title="bbox 1960 5129 3528 5204">
     <span class='ocr_line' id='line_1_110' title="bbox 1960 5129 3528 5204; baseline 0.004 -23"><span class='ocrx_word' id='word_1_805' title='bbox 1960 5129 2197 5204; x_wconf 81' lang='lat' dir='ltr'><strong>quinque</strong></span> <span class='ocrx_word' id='word_1_806' title='bbox 2255 5145 2386 5204; x_wconf 89' lang='lat' dir='ltr'><strong>mss.</strong></span> <span class='ocrx_word' id='word_1_807' title='bbox 2425 5132 2485 5185; x_wconf 81' lang='grc' dir='ltr'><strong>τὸ</strong></span> <span class='ocrx_word' id='word_1_808' title='bbox 2513 5132 2799 5204; x_wconf 81' lang='grc' dir='ltr'>ἀόριστον.</span> <span class='ocrx_word' id='word_1_809' title='bbox 2828 5131 3029 5187; x_wconf 86' lang='lat' dir='ltr'><strong>Ibidem</strong></span> <span class='ocrx_word' id='word_1_810' title='bbox 3070 5132 3330 5200; x_wconf 84' lang='lat' dir='ltr'><strong>scriptum</strong></span> <span class='ocrx_word' id='word_1_811' title='bbox 3375 5134 3528 5187; x_wconf 82' lang='lat' dir='ltr'><strong>inve-</strong></span> 
     </span>
    </p>
   </div>
   <div class='ocr_carea' id='block_1_111' title="bbox 1961 5200 3524 5275">
    <p class='ocr_par' dir='ltr' id='par_1_111' title="bbox 1961 5200 3524 5275">
     <span class='ocr_line' id='line_1_111' title="bbox 1961 5200 3524 5275; baseline 0.005 -25"><span class='ocrx_word' id='word_1_812' title='bbox 1961 5200 2191 5275; x_wconf 71' lang='lat' dir='ltr'><strong>nitur_in</strong></span> <span class='ocrx_word' id='word_1_813' title='bbox 2231 5203 2398 5275; x_wconf 86' lang='lat' dir='ltr'><strong>tribus</strong></span> <span class='ocrx_word' id='word_1_814' title='bbox 2427 5200 2714 5275; x_wconf 16' lang='lat' dir='ltr'><strong>codicibus,</strong></span> <span class='ocrx_word' id='word_1_815' title='bbox 2730 5204 2967 5273; x_wconf 81' lang='grc' dir='ltr'>ἄληπτον</span> <span class='ocrx_word' id='word_1_816' title='bbox 2998 5218 3094 5275; x_wconf 88' lang='lat' dir='ltr'><strong>pro</strong></span> <span class='ocrx_word' id='word_1_817' title='bbox 3122 5205 3348 5275; x_wconf 81' lang='grc' dir='ltr'>ἀπειρόν</span> <span class='ocrx_word' id='word_1_818' title='bbox 3384 5222 3398 5235; x_wconf 78' lang='grc' dir='ltr'><strong>ο</strong></span> <span class='ocrx_word' id='word_1_819' title='bbox 3431 5204 3524 5258; x_wconf 87' lang='lat' dir='ltr'><strong>sed</strong></span> 
     </span>
    </p>
   </div>
   <div class='ocr_carea' id='block_1_112' title="bbox 1958 5270 3524 5343">
    <p class='ocr_par' dir='ltr' id='par_1_112' title="bbox 1958 5270 3524 5343">
     <span class='ocr_line' id='line_1_112' title="bbox 1958 5270 3524 5343; baseline 0.004 -22"><span class='ocrx_word' id='word_1_820' title='bbox 1958 5283 2058 5343; x_wconf 58' lang='lat' dir='ltr'><strong>vox</strong></span> <span class='ocrx_word' id='word_1_821' title='bbox 2094 5270 2319 5343; x_wconf 79' lang='grc' dir='ltr'>ἄπειρον</span> <span class='ocrx_word' id='word_1_822' title='bbox 2353 5274 2547 5341; x_wconf 85' lang='lat' dir='ltr'><strong>legitur</strong></span> <span class='ocrx_word' id='word_1_823' title='bbox 2570 5276 2619 5327; x_wconf 92' lang='lat' dir='ltr'><strong>in</strong></span> <span class='ocrx_word' id='word_1_824' title='bbox 2650 5274 2770 5325; x_wconf 89' lang='lat' dir='ltr'><strong>aliis</strong></span> <span class='ocrx_word' id='word_1_825' title='bbox 2798 5270 2925 5326; x_wconf 88' lang='lat' dir='ltr'><strong>mss.</strong></span> <span class='ocrx_word' id='word_1_826' title='bbox 2952 5270 3008 5327; x_wconf 91' lang='lat' dir='ltr'><strong>et</strong></span> <span class='ocrx_word' id='word_1_827' title='bbox 3036 5274 3090 5327; x_wconf 91' lang='lat' dir='ltr'><strong>in</strong></span> <span class='ocrx_word' id='word_1_828' title='bbox 3126 5275 3239 5339; x_wconf 88' lang='lat' dir='ltr'><strong>ipso</strong></span> <span class='ocrx_word' id='word_1_829' title='bbox 3256 5270 3524 5342; x_wconf 66' lang='lat' dir='ltr'><strong>Gregorio</strong></span> 
     </span>
    </p>
   </div>
   <div class='ocr_carea' id='block_1_113' title="bbox 1957 5336 3522 5413">
    <p class='ocr_par' dir='ltr' id='par_1_113' title="bbox 1957 5336 3522 5413">
     <span class='ocr_line' id='line_1_113' title="bbox 1957 5336 3522 5413; baseline 0.004 -22"><span class='ocrx_word' id='word_1_830' title='bbox 1957 5336 2239 5410; x_wconf 46' lang='lat' dir='ltr'><strong>Nyssenof</strong></span> <span class='ocrx_word' id='word_1_831' title='bbox 2276 5336 2637 5413; x_wconf 53' lang='lat' dir='ltr'><strong>licet‘alioqui</strong></span> <span class='ocrx_word' id='word_1_832' title='bbox 2670 5359 2774 5396; x_wconf 90' lang='lat' dir='ltr'><strong>non</strong></span> <span class='ocrx_word' id='word_1_833' title='bbox 2806 5358 3021 5413; x_wconf 88' lang='lat' dir='ltr'><strong>semper</strong></span> <span class='ocrx_word' id='word_1_834' title='bbox 3068 5336 3260 5397; x_wconf 83' lang='lat' dir='ltr'><strong>iisdem</strong></span> <span class='ocrx_word' id='word_1_835' title='bbox 3301 5336 3522 5400; x_wconf 72' lang='lat' dir='ltr'><strong>vocibus</strong></span> 
     </span>
    </p>
   </div>
   <div class='ocr_carea' id='block_1_114' title="bbox 1958 5412 2680 5481">
    <p class='ocr_par' dir='ltr' id='par_1_114' title="bbox 1958 5412 2680 5481">
     <span class='ocr_line' id='line_1_114' title="bbox 1958 5412 2680 5481; baseline 0.001 -16"><span class='ocrx_word' id='word_1_836' title='bbox 1958 5422 2161 5475; x_wconf 77' lang='lat' dir='ltr'><strong>utatur,</strong></span> <span class='ocrx_word' id='word_1_837' title='bbox 2197 5412 2391 5481; x_wconf 86' lang='lat' dir='ltr'><strong>quibus</strong></span> <span class='ocrx_word' id='word_1_838' title='bbox 2430 5413 2680 5467; x_wconf 75' lang='lat' dir='ltr'><strong>Basilius.</strong></span> 
     </span>
    </p>
   </div>
   <div class='ocr_carea' id='block_1_115' title="bbox 2029 5481 3523 5555">
    <p class='ocr_par' dir='ltr' id='par_1_115' title="bbox 2029 5481 3523 5555">
     <span class='ocr_line' id='line_1_115' title="bbox 2029 5481 3523 5555; baseline 0.001 -19"><span class='ocrx_word' id='word_1_839' title='bbox 2029 5481 2141 5554; x_wconf 70' lang='grc'><strong>(43)</strong></span> <span class='ocrx_word' id='word_1_840' title='bbox 2167 5483 2403 5555; x_wconf 78' lang='lat' dir='ltr'><strong>Antiqui</strong></span> <span class='ocrx_word' id='word_1_841' title='bbox 2430 5494 2539 5536; x_wconf 79' lang='lat' dir='ltr'><strong>tres</strong></span> <span class='ocrx_word' id='word_1_842' title='bbox 2567 5482 2685 5536; x_wconf 90' lang='lat' dir='ltr'><strong>libri</strong></span> <span class='ocrx_word' id='word_1_843' title='bbox 2714 5482 3084 5555; x_wconf 24' lang='grc' dir='ltr'>τὸᾼάτέλεστον</span> <span class='ocrx_word' id='word_1_844' title='bbox 3106 5485 3205 5555; x_wconf 83' lang='grc' dir='ltr'><strong>τῆς</strong></span> <span class='ocrx_word' id='word_1_845' title='bbox 3236 5483 3398 5554; x_wconf 80' lang='grc' dir='ltr'>ζωῆς.</span> <span class='ocrx_word' id='word_1_846' title='bbox 3419 5482 3523 5538; x_wconf 87' lang='lat' dir='ltr'><strong>lbi-</strong></span> 
     </span>
    </p>
   </div>
   <div class='ocr_carea' id='block_1_116' title="bbox 1954 5552 3524 5626">
    <p class='ocr_par' dir='ltr' id='par_1_116' title="bbox 1954 5552 3524 5626">
     <span class='ocr_line' id='line_1_116' title="bbox 1954 5552 3524 5626; baseline 0 -17"><span class='ocrx_word' id='word_1_847' title='bbox 1954 5552 2075 5609; x_wconf 86' lang='lat' dir='ltr'><strong>dem</strong></span> <span class='ocrx_word' id='word_1_848' title='bbox 2114 5552 2243 5626; x_wconf 74' lang='lat' dir='ltr'><strong>editi</strong></span> <span class='ocrx_word' id='word_1_849' title='bbox 2274 5552 2340 5605; x_wconf 80' lang='grc' dir='ltr'>τὸ</span> <span class='ocrx_word' id='word_1_850' title='bbox 2373 5553 2604 5626; x_wconf 77' lang='grc' dir='ltr'>ἄναρχον</span> <span class='ocrx_word' id='word_1_851' title='bbox 2637 5553 2895 5608; x_wconf 84' lang='grc' dir='ltr'>αὑτοῦ....</span> <span class='ocrx_word' id='word_1_852' title='bbox 2946 5552 3408 5626; x_wconf 80' lang='grc' dir='ltr'>ἐπιθεωρούντων.</span> <span class='ocrx_word' id='word_1_853' title='bbox 3454 5555 3524 5611; x_wconf 80' lang='lat' dir='ltr'><strong>Al</strong></span> 
     </span>
    </p>
   </div>
   <div class='ocr_carea' id='block_1_117' title="bbox 1954 5624 2617 5685">
    <p class='ocr_par' dir='ltr' id='par_1_117' title="bbox 1954 5624 2617 5685">
     <span class='ocr_line' id='line_1_117' title="bbox 1954 5624 2617 5685; baseline 0.002 -7"><span class='ocrx_word' id='word_1_854' title='bbox 1954 5639 2085 5678; x_wconf 87' lang='lat' dir='ltr'><strong>mss.</strong></span> <span class='ocrx_word' id='word_1_855' title='bbox 2112 5625 2209 5685; x_wconf 85' lang='lat' dir='ltr'><strong>ita,</strong></span> <span class='ocrx_word' id='word_1_856' title='bbox 2250 5634 2305 5677; x_wconf 91' lang='lat' dir='ltr'><strong>ut</strong></span> <span class='ocrx_word' id='word_1_857' title='bbox 2332 5624 2617 5680; x_wconf 87' lang='lat' dir='ltr'><strong>edidimus.</strong></span> 
     </span>
    </p>
   </div>
   <div class='ocr_carea' id='block_1_118' title="bbox 2027 5694 3521 5765">
    <p class='ocr_par' dir='ltr' id='par_1_118' title="bbox 2027 5694 3521 5765">
     <span class='ocr_line' id='line_1_118' title="bbox 2027 5694 3521 5765; baseline 0.001 -18"><span class='ocrx_word' id='word_1_858' title='bbox 2027 5694 2135 5765; x_wconf 70' lang='grc'><strong>(44)</strong></span> <span class='ocrx_word' id='word_1_859' title='bbox 2170 5695 2343 5748; x_wconf 84' lang='lat' dir='ltr'><strong>Editio</strong></span> <span class='ocrx_word' id='word_1_860' title='bbox 2371 5704 2593 5765; x_wconf 87' lang='lat' dir='ltr'><strong>utraque</strong></span> <span class='ocrx_word' id='word_1_861' title='bbox 2652 5711 2772 5749; x_wconf 92' lang='lat' dir='ltr'><strong>cum</strong></span> <span class='ocrx_word' id='word_1_862' title='bbox 2834 5694 2963 5764; x_wconf 76' lang='lat' dir='ltr'><strong>Reg.</strong></span> <span class='ocrx_word' id='word_1_863' title='bbox 3005 5698 3190 5764; x_wconf 88' lang='lat' dir='ltr'><strong>quinto</strong></span> <span class='ocrx_word' id='word_1_864' title='bbox 3217 5696 3311 5749; x_wconf 69' lang='grc' dir='ltr'><strong>καὶ</strong></span> <span class='ocrx_word' id='word_1_865' title='bbox 3347 5694 3521 5763; x_wconf 72' lang='grc' dir='ltr'>ἀσύμ-</span> 
     </span>
    </p>
   </div>
   <div class='ocr_carea' id='block_1_119' title="bbox 1954 5764 3524 5837">
    <p class='ocr_par' dir='ltr' id='par_1_119' title="bbox 1954 5764 3524 5837">
     <span class='ocr_line' id='line_1_119' title="bbox 1954 5764 3524 5837; baseline 0.001 -20"><span class='ocrx_word' id='word_1_866' title='bbox 1954 5764 2123 5820; x_wconf 72' lang='lat' dir='ltr'><strong>eam</strong></span> <span class='ocrx_word' id='word_1_867' title='bbox 2182 5764 2484 5828; x_wconf 85' lang='grc' dir='ltr'>παντελῶς.</span> <span class='ocrx_word' id='word_1_868' title='bbox 2536 5766 2640 5819; x_wconf 77' lang='lat' dir='ltr'><strong>Alii</strong></span> <span class='ocrx_word' id='word_1_869' title='bbox 2691 5782 2786 5819; x_wconf 78' lang='lat' dir='ltr'><strong>sex</strong></span> <span class='ocrx_word' id='word_1_870' title='bbox 2844 5782 2974 5821; x_wconf 90' lang='lat' dir='ltr'><strong>mss.</strong></span> <span class='ocrx_word' id='word_1_871' title='bbox 3025 5768 3118 5819; x_wconf 76' lang='grc' dir='ltr'><strong>καὶ</strong></span> <span class='ocrx_word' id='word_1_872' title='bbox 3179 5765 3471 5837; x_wconf 74' lang='grc' dir='ltr'>ἀσύμεατα</span> <span class='ocrx_word' id='word_1_873' title='bbox 3501 5800 3524 5831; x_wconf 83' lang='grc'><strong>,</strong></span> 
     </span>
    </p>
   </div>
   <div class='ocr_carea' id='block_1_120' title="bbox 1957 5846 2123 5891">
    <p class='ocr_par' dir='ltr' id='par_1_120' title="bbox 1957 5846 2123 5891">
     <span class='ocr_line' id='line_1_120' title="bbox 1957 5846 2123 5891; baseline -0.012 0"><span class='ocrx_word' id='word_1_874' title='bbox 1957 5846 2123 5891; x_wconf 88' lang='lat' dir='ltr'><strong>recte.</strong></span> 
     </span>
    </p>
   </div>
   <div class='ocr_carea' id='block_1_121' title="bbox 2026 5904 3305 5979">
    <p class='ocr_par' dir='ltr' id='par_1_121' title="bbox 2026 5904 3305 5979">
     <span class='ocr_line' id='line_1_121' title="bbox 2026 5904 3305 5979; baseline 0 -19"><span class='ocrx_word' id='word_1_875' title='bbox 2026 5907 2140 5976; x_wconf 73' lang='grc'><strong>(45)</strong></span> <span class='ocrx_word' id='word_1_876' title='bbox 2168 5904 2308 5962; x_wconf 81' lang='lat' dir='ltr'><strong>Editi</strong></span> <span class='ocrx_word' id='word_1_877' title='bbox 2336 5904 2426 5959; x_wconf 74' lang='grc' dir='ltr'><strong>τοῦ</strong></span> <span class='ocrx_word' id='word_1_878' title='bbox 2462 5905 2617 5960; x_wconf 79' lang='grc' dir='ltr'>Θεοῦ.</span> <span class='ocrx_word' id='word_1_879' title='bbox 2655 5906 2799 5963; x_wconf 85' lang='lat' dir='ltr'><strong>Libri</strong></span> <span class='ocrx_word' id='word_1_880' title='bbox 2837 5917 3043 5963; x_wconf 82' lang='lat' dir='ltr'><strong>veteres</strong></span> <span class='ocrx_word' id='word_1_881' title='bbox 3070 5906 3145 5979; x_wconf 81' lang='grc' dir='ltr'>τῷ</span> <span class='ocrx_word' id='word_1_882' title='bbox 3168 5906 3305 5978; x_wconf 73' lang='grc' dir='ltr'>Θεῷ.</span> 
     </span>
    </p>
   </div>
  </div>
