4230 6500
294 417 404 472 Γνέθ

1388 430 1754 490 ADVERSUS
1794 437 2158 496 EUNOMIUM
2199 440 2324 495 LIB.
2369 441 2408 496 l.

1854 437 2158 496 UNOMIUM
2199 440 2324 495 LIB.
2369 441 2408 496 Ι.
3421 455 3524 508 5.”.0

306 532 450 598 Ἐγώ
471 535 605 602 ειμι,
658 537 752 590 καί
794 540 903 592 οὐκ
955 540 1302 613 ήλλοίωμαι,
1337 548 1394 600 τὸ
1421 550 1506 602 ἀεὶ
1542 551 1734 604 ταυτὸν
1768 555 1858 606 καὶ
1890 563 1932 616 Α
1963 569 1976 606 ι

1851 574 1858 606 ι
1890 563 1932 616 Α
1963 556 2208 609 audimus
2247 556 2387 625 quod
2441 553 2625 609 Posuit
2679 543 2911 612 tenebras
2948 560 3223 615 latibulum
3278 580 3428 619 suum
3457 565 3521 633 “,

291 619 560 690 ἄτρεπτον
609 624 706 694 τῆς
760 625 906 690 Θείας
944 631 1129 695 οὐσίας
1170 636 1539 708 μανθάνομεν.
1590 640 1712 703 Πῶς
1760 638 1851 695 οὖν

292 713 416 780 οὐχὶ
445 714 608 782 μανία
633 717 826 788 σαφὴς,
851 719 924 790 μὴ
954 719 1082 775 ῐδιον
1103 727 1491 798 σημαινόμενον
1518 731 1726 802 ἑκάστῳ
1746 733 1852 785 τῶν

293 803 571 872 ὀνομάτων
618 808 1014 881 ὑποϐεϐλῆσθαι
1075 815 1272 883 λέγειν,
1337 819 1501 884 ἀλλὰ,
1555 823 1704 893 παρά
1755 824 1852 895 τὴν

295 896 573 966 ἐνέργειαν
597 899 728 971 (55),
770 904 943 956 πάντα
971 908 1164 960 ταυτὸν
1192 909 1444 965 δύνασθαι
1477 914 1720 986 ἀλλήλοις
1771 917 1846 970 δι-

297 1004 325 1038 0
335 987 575 1058 ρίζεσθαι
604 992 671 1044 τά
692 994 962 1064 ὀνόματας
992 999 1221 1054 Ἔπειτα
1251 1003 1344 1054 ἐὰν
1361 1005 1451 1056 καὶ
1471 1005 1648 1076 δῶμεν
1675 1008 1850 1073 τοῦτο,

294 1079 554 1134 οὐδὀῦτω
574 1084 730 1137 πλέον
760 1088 938 1151 αὐτοῖς
955 1090 1071 1143 οὐδὲ
1105 1094 1183 1155 εἰς
1204 1093 1292 1145 τὸν
1323 1097 1520 1149 σκοπὸν
1553 1100 1848 1168 περιέσται.

295 1171 358 1222 Εἰ
399 1172 505 1244 γὰρ
541 1176 711 1229 πάντα
737 1177 925 1236 ταῦτα.
948 1182 1038 1232 ἐπὶ
1071 1183 1162 1235 τοῦ
1197 1184 1328 1239 Θεοῦ
1359 1188 1450 1240 καὶ
1477 1190 1688 1260 Πατρὸς
1711 1191 1851 1264 λαμο

291 1262 584 1335 σανόμενα,
609 1268 705 1338 τὴν
731 1270 915 1322 οὐσίαν
947 1274 1106 1326 αὐτοῦ
1134 1277 1403 1347 σημαίνει,
1425 1282 1484 1334 τὸ
1504 1283 1853 1350 ἀναλλοίωτον

289 1355 452 1423 λέγω,
503 1361 594 1411 καὶ
637 1361 696 1412 τὸ
725 1361 972 1431 ἀόρατον,
1009 1367 1102 1420 καὶ
1135 1368 1195 1420 τὸ
1239 1370 1532 1444 ἄφθαρτον,
1568 1376 1854 1448 παραπλη-

291 1449 422 1511 σίως
472 1450 708 1518 δηλονότι
757 1456 847 1506 καὶ
902 1456 994 1510 ἐπὶ
1047 1458 1140 1512 τοῦ
1203 1466 1520 1532 μονογενοῦς
1580 1467 1707 1520 Υίοῦ
1756 1469 1851 1522 τοῦ

287 1537 424 1590 Θεοῦ
461 1539 590 1609 (54),
645 1543 832 1608 οὐσίας
881 1546 1030 1603 ἔσται
1090 1551 1379 1623 δηλωτικὰ.
1421 1559 1670 1630 Ἀόρατον
1703 1562 1848 1628 γὰρ,

287 1630 384 1682 καὶ
420 1632 790 1700 ἀναλλοίωτον,
834 1640 928 1692 καὶ
968 1642 1258 1715 ἄφθαρτον,
1289 1652 1381 1700 καὶ
1422 1650 1624 1721 ἀμερῆ,
1662 1653 1754 1704 καὶ
1785 1653 1852 1707 τὰ

285 1723 508 1776 τοιαῦτα
545 1727 738 1785 πάντα.
780 1734 871 1785 καὶ
907 1736 996 1790 τὸν
1030 1739 1286 1809 μονογενῆ
1331 1741 1454 1794 Υἱὸν
1493 1743 1848 1815 ὀνομάζομεν.

285 1816 392 1868 Καὶ
417 1815 556 1872 οῦτω
578 1820 638 1873 τὸ
669 1824 826 1891 σοφὸν
851 1828 1034 1891 αὐτοῖς
1062 1831 1139 1892 εἰς
1159 1831 1218 1884 τὺ
1241 1834 1480 1886 ἐναντίον
1514 1837 1853 1907 περιελεύσε-

282 1925 390 2000 ται.
443 1911 517 1963 Οὐ
562 1913 668 1984 γὰρ
699 1916 808 1987 (55)
840 1919 1039 1988 μᾶλλον
1065 1922 1153 1975 διὰ
1198 1925 1255 1977 τὸ
1299 1927 1355 1977 ὲν
1384 1928 1481 1996 μιᾷ
1511 1931 1846 2000 προσηγορίᾳ

281 1999 538 2074 διάφορον
591 2008 839 2078 ἀνόμοιον
896 2013 1036 2066 κατά
1088 2016 1182 2085 τὴν
1240 2018 1425 2069 οὐσίαν
1475 2020 1846 2074 ἀποδεικνύειν

280 2093 513 2159 ἕξουσιν,
551 2097 582 2168 ἢ
622 2099 708 2153 διὰ
739 2102 837 2172 τὴν
877 2106 934 2154 ὲν
971 2108 1080 2167 τοῖς
1110 2107 1316 2160 πλείοσι
1348 2096 1629 2163 κοινωνίαν
1663 2113 1846 2181 ὅμοιον

279 2184 557 2253 ὁμολογεῖν
606 2190 696 2240 ὐπ’
749 2192 916 2260 αὐτῆς
966 2192 1062 2261 τῆς
1112 2195 1353 2266 ἀνάγκης
1403 2198 1510 2251 τῶν
1543 2200 1846 2271 δεδομένων

279 2279 745 2350 ἐκδιασθήσονται.
773 2285 834 2336 Εἰ
865 2286 921 2337 δὲ
955 2286 1102 2355 λέγοι
1124 2289 1215 2342 ἐπὶ
1253 2291 1419 2362 μόνης
1441 2294 1538 2363 τῆς
1573 2293 1662 2345 τοῦ
1689 2297 1846 2362 ἀγεν·

277 2373 438 2439 νήτου
463 2373 641 2442 φωνῆς
670 2377 733 2446 τῇ
776 2377 1028 2451 εὐλαϐείᾳ
1063 2381 1172 2451 (56)
1205 2383 1376 2456 ταύτῃ
1415 2386 1733 2454 κεχρῆσθαι,
1755 2389 1845 2440 ἐπὶ

275 2461 336 2513 δὲ
366 2461 471 2514 τῶν
500 2463 672 2517 ἄλλων
701 2468 1022 2537 ἀφυλάκτως
1061 2473 1202 2542 ἔχειν
1221 2489 1234 2503 ⁸
1266 2475 1423 2528 πάλιν
1453 2478 1609 2530 αὐτὸν
1636 2479 1844 2551 ἐρωτή-

279 2570 483 2624 σωμεν,
517 2557 599 2622 τίς
627 2562 658 2630 ἡ
684 2561 1067 2634 ἀποκλήρωσις
1088 2566 1219 2634 (57),
1251 2568 1515 2622 τοσούτων
1543 2571 1708 2625 ὄντων
1738 2573 1844 2626 τῶν

279 2648 411 2716 περὶ
437 2649 568 2702 θεοῦ
599 2651 925 2722 λεγομένων,
965 2658 1020 2707 ἐν
1052 2659 1131 2709 ἑνὶ
1162 2660 1339 2730 τούτῳ
1379 2661 1524 2733 μόνῳ
1553 2665 1648 2734 τὴν
1690 2666 1845 2738 ἀκρί-

276 2738 432 2790 ϐειαν
465 2742 883 2810 ἐπιδείκνυσθαι,
927 2749 1017 2801 καὶ
1051 2751 1107 2801 ὲν
1154 2752 1232 2804 ἑνὶ
1265 2753 1434 2824 τούτῳ
1467 2756 1844 2829 ἀποπληροῦν-

283 2846 348 2880 τα
379 2828 487 2899 (58)
540 2833 687 2903 αὐτῴ
716 2835 814 2907 τὴν
843 2837 934 2890 τοῦ
966 2837 1103 2893 εἶναι
1153 2842 1180 2895 ὅ
1232 2845 1378 2897 ἐστιν
1428 2847 1736 2916 ὁμολογίαν,
1788 2852 1844 2903 ὲν

279 2917 490 2987 ἑτέροις
519 2924 902 2996 παμπληθέσιν
931 2929 1301 3002 ἀνθρωπίναις
1356 2937 1618 3000 ἐπινοίαις
1648 2940 1844 3009 σεμνύ-

279 3026 390 3062 νειν
416 3011 628 3083 μὴλ·(59)
665 3023 1047 3090 παραιτεῖσθαι
1075 3042 1087 3086 ;
1125 3027 1182 3079 Ὀ
1214 3028 1322 3098 γὰρ
1350 3029 1607 3083 πλειόνων
1641 3031 1845 3100 ὀφειλέ-

274 3119 378 3172 της
411 3106 470 3157 οὐ
520 3109 716 3176 μᾶλλον
739 3111 1032 3184 εὐγνώμων
1060 3120 1116 3169 ἐν
1144 3121 1209 3189 τῇ
1255 3119 1346 3172 τοῦ
1395 3121 1510 3183 ἑνὸς
1537 3124 1783 3179 ἀποδόσει
1811 3127 1843 3196 ἢ

276 3195 628 3267 ὑπερϐάλλων
659 3205 1018 3280 ἀγνωμοσύνῃ
1045 3211 1100 3262 ἐν
1119 3214 1183 3280 τῇ
1203 3211 1306 3261 τῶν
1334 3211 1592 3265 πλειόνων
1616 3216 1843 3270 ἀποστε-

277 3295 454 3359 ρήσει.
487 3291 641 3344 Οῦτω
699 3295 798 3363 μὲν
825 3293 937 3359 οὖν,
985 3300 1058 3361 ὡς
1084 3300 1151 3352 τὰ
1182 3303 1461 3371 πανοῦργα
1487 3304 1594 3356 τῶν
1617 3305 1836 3377 θηρίων,

271 3385 394 3444 ταῖς
415 3384 607 3435 ἑαυτοῦ
641 3385 855 3454 τέχναις
880 3389 1178 3457 ἁλίσκεται,
1204 3386 1284 3455 οἷς
1314 3393 1594 3454 λανθάνειν
1639 3401 1842 3470 ἐπιχει-

272 3473 378 3542 ρεῖ,
415 3471 620 3537 τούτοις
644 3474 802 3528 πλέον
825 3477 1250 3550 διελεγχὸμενος.

1955 647 2236 702 invisibilis
2277 657 2480 702 natura:
2517 648 2632 717 ejus
2660 652 3025 707 admonemur.
3057 652 3188 707 Cum
3215 671 3398 710 rursus
3425 672 3526 711 au-

1953 739 2133 792 dimus
2160 740 2209 791 id
2243 740 2383 808 quod
2423 739 2474 792 in
2508 755 2735 809 persona
2766 742 2859 796 Dei
2899 745 3098 800 dicitur
3132 762 3146 798 :
3183 746 3294 817 Ego
3321 761 3526 815 sum,“

1953 846 2054 883 non
2087 844 2258 883 mutor
2282 831 2356 896 ⁸⁵,
2388 843 2700 901 perpetuam
2739 835 3071 892 identitatem
3112 853 3175 893 ac
3217 841 3526 897 immutabi-

1952 921 2157 975 litatem
2195 923 2508 979 substantiae
2535 925 2726 981 divina:
2757 929 3126 1001 intelligimus.
3153 932 3339 989 Nonne
3361 935 3526 1004 igitur

1955 1011 2236 1066 manifesta
2272 1023 2352 1067 est
2395 1014 2628 1080 insania,
2659 1017 2704 1070 si
2749 1017 2898 1073 dicas
2936 1024 3210 1092 proprium
3245 1026 3520 1095 signlﬂca-

1956 1113 2066 1157 tum
2132 1106 2420 1174 unicuique
2470 1109 2670 1163 nomini
2730 1110 3029 1178 subjectum
3078 1131 3184 1169 non
3219 1131 3340 1171 esse
3373 1117 3397 1171 3
3429 1117 3521 1172 sed

1953 1204 2140 1248 contra
2177 1197 2461 1251 verborum
2491 1199 2619 1265 vim,
2641 1202 2897 1256 decernas
2927 1205 3140 1258 nomina
3178 1207 3356 1260 omnia
3376 1207 3518 1263 idem

1954 1285 2094 1340 inter
2139 1301 2197 1341 se
2226 1288 2403 1342 valere
2435 1290 2457 1342 ?
2484 1290 2746 1346 Praeterea
2797 1295 3007 1349 etiamsi
3057 1297 3158 1351 boe
3187 1297 3521 1362 dederimus,

1954 1395 2020 1432 ne
2054 1381 2130 1434 sic
2180 1381 2394 1449 quidem
2425 1383 2502 1436 eis
2538 1383 2830 1453 quidquam
2880 1388 3109 1454 amplius
3146 1390 3414 1456 supererit
3455 1391 3522 1446 ad

1956 1472 2209 1524 tuendum
2243 1475 2596 1542 propositum.
2633 1477 2841 1531 Etenim
2878 1479 2922 1532 si
2960 1480 3076 1534 haec
3102 1481 3281 1535 omnia
3309 1497 3428 1536 eum
3453 1483 3521 1538 de

1955 1560 2060 1614 Deo
2090 1570 2142 1614 et
2173 1561 2330 1614 Patre
2357 1563 2631 1630 dicuntur,
2663 1567 3012 1622 substantiam
3046 1569 3161 1637 ejus
3191 1571 3513 1639 significant.

1952 1650 2285 1705 immutabile
2315 1652 2435 1707 dico
2459 1663 2512 1706 et
2536 1654 2804 1711 invisibile
2826 1669 2878 1712 et
2906 1661 3308 1727 incorruptibile
3330 1662 3515 1716 :simi-

1955 1742 2075 1798 liter
2123 1745 2237 1800 sine
2280 1745 2439 1800 dubio
2467 1750 2624 1801 etiam
2658 1750 2722 1802 de
2753 1751 3027 1820 unigenito
3060 1752 3146 1805 Dei
3183 1751 3317 1806 Filio
3341 1755 3506 1819 dicta,

1955 1836 2309 1890 substantiam
2350 1838 2679 1895 indieabunt.
2713 1838 2845 1893 Nam
2877 1843 3201 1898 invisibilem
3236 1853 3290 1898 et
3315 1845 3514 1898 immu-

1885 1906 1923 1960 Β
1953 1909 2164 1982 labilem
2198 1939 2251 1983 et
2299 1930 2758 2000 incorruptibilem
2790 1944 2843 1987 et
2873 1935 3253 1989 indivisibilem
3297 1951 3360 1989 ac
3393 1936 3519 1990 rell-

1948 2021 2072 2084 quis
2097 2021 2403 2076 nominibus
2438 2024 2705 2078 similibus
2736 2027 2898 2078 etiam
2945 2029 3277 2093 unigenitum
3323 2029 3514 2084 Filium

1949 2111 2313 2168 nominamus.
2359 2115 2420 2168 Et
2469 2116 2539 2168 ita
2577 2117 2788 2171 subtilis
2819 2133 3003 2171 eorum
3033 2120 3240 2186 argutia
3276 2122 3406 2190 ipsis
3434 2138 3518 2179 re-

1946 2202 2087 2256 cidet
2119 2203 2168 2254 ia
2205 2208 2556 2262 contrarium.
2584 2207 2696 2262 Non
2741 2211 2885 2264 enim
2919 2213 3088 2280 magis
3120 2217 3519 2283 propter'unius

1947 2294 2320 2362 appellationis
2353 2298 2742 2366 diversitatem,
2776 2302 3089 2357 dissimilem
3123 2305 3174 2357 in
3216 2305 3514 2360 substantia

1945 2389 2138 2445 Filium
2192 2401 2442 2461 poterunt
2484 2397 2879 2465 demonstrare,
2925 2415 3083 2468 quam
3131 2410 3349 2469 propter
3398 2400 3519 2471 plu-

1949 2485 2088 2537 rium
2115 2490 2540 2541 convenientiam
2585 2489 2813 2544 similem
2863 2490 3104 2544 conlitcri
3135 2505 3414 2562 cogentur,
3447 2493 3512 2546 ad

1948 2576 2048 2630 boc
2085 2593 2150 2631 ex
2182 2580 2455 2632 concessis
2483 2582 2788 2635 necessario
2837 2583 3030 2636 adacti.
3062 2585 3211 2650 Quod
3244 2584 3287 2637 si
3321 2584 3520 2639 dixerit

1947 2667 1998 2720 in
2024 2669 2134 2722 sola
2175 2671 2394 2737 ingeniti
2431 2686 2560 2726 voce
2588 2687 2646 2726 se
2682 2673 2781 2727 hac
2825 2674 3303 2744 circumspectione
3331 2677 3430 2741 uti,
3464 2675 3517 2730 in

1947 2760 2165 2829 reliquis
2197 2778 2323 2814 vero
2357 2763 2569 2818 incaute
2602 2781 2658 2820 se
2690 2779 2876 2836 gerere
2910 2781 2924 2820 :
2962 2783 3147 2822 rursus
3179 2767 3350 2838 ipsum
3403 2785 3520 2836 per-

1945 2864 2243 2917 eontemur,
2270 2870 2514 2921 quamam
2542 2859 2611 2911 sit
2643 2859 2753 2912 haec
2783 2860 2996 2925 divisio,
3027 2871 3083 2917 ut
3116 2877 3235 2915 cum
3263 2872 3336 2916 tot
3359 2861 3516 2932 221

1946 2941 2054 2994 sint
2081 2957 2199 3009 quae
2247 2944 2312 2996 de
2347 2944 2455 2998 Deo
2493 2945 2767 3010 dicuntur,
2815 2957 2991 3002 tamen
3039 2951 3091 3002 in
3133 2951 3233 3004 boc
3264 2967 3367 3005 uno
3405 2951 3520 3007 solo

1946 3037 2278 3107 diligentiam
2321 3039 2594 3100 ostendat,
2640 3051 2802 3108 atque
2836 3041 2886 3093 in
2935 3042 3034 3094 boc
3062 3057 3170 3096 uno
3211 3039 3258 3097 ei
3299 3042 3518 3098 confes-

1947 3130 2151 3184 sionem
2185 3131 2472 3199 persolvat,
2505 3145 2605 3200 qua
2661 3130 2945 3184 confitetur
2975 3132 3025 3184 id
3072 3147 3194 3186 eum
3226 3147 3344 3187 esse
3374 3133 3516 3202 quod

1946 3229 2030 3272 est
2060 3237 2073 3273 :
2111 3221 2162 3273 in
2194 3222 2404 3275 czeteris
2439 3237 2562 3275 vero
2590 3237 2750 3290 quam
2783 3221 3052 3290 plurimis,
3089 3238 3212 3276 eum
3267 3224 3518 3279 humanis

1944 3312 2273 3382 intelligendi
2334 3315 2506 3368 modis
2562 3316 2819 3369 decorare
2865 3329 2969 3367 non
3021 3327 3250 3368 recuset.
3306 3316 3512 3370 Etenim

1945 3402 2091 3470 plura
2119 3406 2208 3472 qui
2244 3406 2541 3472 debet,non
2571 3408 2739 3476 magis
2767 3406 3232 3475 gratusjndicatur
3261 3408 3329 3462 ob
3356 3410 3515 3463 unius

1945 3491 2504 3564 redditionem,qnam
2551 3514 2711 3566 supra
2765 3499 2980 3552 modum
3028 3500 3272 3566 ingratus
3297 3502 3365 3555 ob
3397 3501 3514 3568 plu-

277 3567 417 3620 rium
455 3566 867 3628 frandationem.
926 3574 1207 3646 Sic-igitur
1275 3580 1447 3633 instar
1508 3592 1846 3638 versutarum
1881 3583 2176 3641 bestiarum
2230 3592 2340 3645 suis
2393 3593 2560 3660 ipsius
2615 3597 2820 3649 artibus
2869 3596 3121 3664 capitur,
3159 3597 3283 3650 dum
3317 3598 3513 3667 quibus

270 3660 446 3716 latere
475 3665 683 3732 nititur,
717 3667 782 3720 iis
817 3671 984 3740 magis
1017 3674 1378 3730 convincitur.

345 3820 389 3851 “
425 3819 566 3874 Psal.
605 3841 734 3888 xm,
771 3826 853 3878 l2.
930 3828 975 3858 ⁵⁸
1008 3827 1194 3885 Malae.
1219 3848 1298 3901 ιιι,
1323 3833 1379 3888 6.

268 3982 533 4066 Veii.net_
557 3980 701 4066 liena,
742 3984 960 4051 quintus
1028 3989 1290 4066 ﬁéltv‘aé
1337 3992 1400 4066 το
1443 3992 1507 4046 ἐκ
1553 3993 1844 4066 προσώπου

267 4054 367 4106 τοῦ
402 4051 534 4126 Θεοῦ
578 4051 888 4124 λεγόμενον,
957 4070 1010 4111 et
1079 4064 1147 4112 ita
1212 4061 1494 4126 legendum
1537 4051 1656 4118 esse
1698 4066 1844 4117 arbi-

271 4135 413 4202 tror,
444 4124 520 4177 sic
572 4137 626 4177 ut
682 4129 828 4189 illud,
863 4129 991 4182 ὅταν
1039 4124 1383 4202 ἀκούσωμεν,
1425 4135 1701 4187 subaudiri
1747 4136 1842 4188 de-

267 4195 417 4248 beat.

350 4267 459 4335 (55)
510 4263 640 4335 Reg.
671 4268 864 4321 tertius
896 4272 1116 4336 perinde
1149 4281 1308 4338 atque
1355 4272 1442 4324 alii
1499 4289 1631 4330 mss.
1677 4273 1838 4329 habet

266 4338 487 4417 quidem
521 4338 570 4389 in
595 4346 847 4418 contextu
877 4342 1502 4420 ἐνέργειανηςοηιναυίηι
1530 4347 1834 4420 verborum;

268 4407 328 4462 at
358 4408 617 4484 scriptum
634 4407 916 4484 invenitur
947 4407 996 4464 in
1019 4407 1272 4479 margine
1301 4414 1617 4484 ἐνάργειαν,
1655 4408 1834 4468 contra

264 4478 599 4553 evidentiam.
632 4477 1000 4553 Mihi-dubium
1022 4500 1135 4553 ιιοιι
1165 4477 1240 4533 est
1268 4477 1411 4551 quin'
1436 4477 1702 4553 interpres
1740 4502 1833 4538 ve-

272 4562 360 4601 tus
420 4547 611 4615 legerit
646 4547 792 4619 παρὰ
833 4549 930 4619 τὴν
983 4552 1258 4621 ἀλήθειαν,
1289 4547 1410 4605 i-um
1451 4547 1834 4620 interpretatus

265 4622 361 4681 sit,
405 4628 587 4692 contra
615 4623 880 4673 raritatem
917 4635 933 4671 :
975 4625 1068 4676 sed
1103 4639 1203 4692 qua
1247 4625 1295 4677 id
1329 4628 1657 4680 auctoritate
1697 4626 1836 4679 lece-

266 4691 362 4749 l'il,
401 4687 604 4738 nescio.

341 4754 452 4826 (54)
487 4755 624 4826 Editi
656 4768 709 4810 et
763 4775 892 4814 mss.
934 4763 1174 4816 nonnulli
1230 4762 1358 4816 Υἰοῦ
1414 4766 1507 4817 καὶ
1543 4765 1702 4818 Θεοῦ.
1731 4767 1834 4820 Alii

264 4825 399 4885 mss.
427 4825 555 4879 Υίοῦ
585 4829 677 4880 τοῦ
701 4831 854 4884 Θεοῦ.

343 4899 453 4967 (55)
487 4895 597 4950 Hoc
622 4901 753 4955 dicit
789 4901 1013 4956 Basilius
1043 4918 1058 4956 :
1092 4903 1302 4956 Patrem
1354 4907 1490 4960 Filio
1527 4908 1831 4962 subsmntia

273 4970 593 5043 dissimilem
619 4983 740 5024 esse
789 4989 852 5026 ex
881 4990 945 5026 eo
977 4975 1179 5042 colligit
1213 4975 1524 5040 Eunomius,
1554 4981 1694 5043 Quod
1730 4979 1832 5030 Pa-

265 5052 352 5093 ter
385 5040 654 5109 ingenitus
694 5043 782 5100 sit.
837 5043 1005 5098 Filius
1048 5040 1175 5098 vero
1227 5048 1438 5108 genitus
1491 5065 1505 5102 :
1553 5040 1647 5100 sed
1705 5051 1813 5103 illm

264 5109 876 5182 argumentandigenus
908 5115 1143 5182 ineptum
1174 5127 1254 5168 est
1283 5125 1335 5168 et
1357 5119 1668 5170 absurdum.
1695 5118 1829 5174 Cum

261 5184 411 5234 enim
457 5181 762 5257 iiitilta_sitit
797 5185 846 5234 in
893 5181 1088 5257 quibus
1131 5186 1271 5257 inter
1321 5202 1378 5240 se
1434 5188 1829 5257 perfectissime

261 5253 594 5325 conveniant
627 5251 786 5304 Pater
831 5264 884 5325 et
927 5256 1113 5317 Filius,
1143 5260 1210 5310 ob
1243 5251 1648 5325 integerrimam
1685 5262 1825 5312 illam

264 5323 320 5374 in
350 5322 588 5397 pluribus
614 5324 1018 5397 consensionem
1048 5340 1208 5393 atque
1237 5322 1692 5382 convenientiam.
1733 5347 1827 5397 po-

265 5394 372 5442 litis
401 5390 722 5444 Eunomiuni
755 5392 911 5446 fateri
943 5390 1278 5462 oportuerat.
1315 5397 1527 5452 Patrem
1547 5408 1598 5452 et
1630 5390 1823 5454 Filium

262 5463 408 5515 inter
440 5477 498 5514 se
522 5463 728 5518 similes
759 5479 896 5524 esse,
933 5480 1030 5518 nec
1057 5469 1242 5519 debuit
1268 5469 1335 5520 ob
1363 5471 1524 5523 unius
1567 5470 1714 5522 vocis
1747 5473 1826 5524 di-

258 5532 572 5603 Versitatem
603 5548 696 5585 eos
724 5534 1012 5587 dissimiles
1037 5539 1346 5603 przedicare.

331 5602 444 5673 (56)
478 5601 586 5655 Vox
615 5605 870 5676 εὐλαϐείᾳ
896 5601 1048 5658 sumi
1067 5609 1275 5659 videtur
1295 5609 1394 5661 boe
1420 5609 1541 5664 loco
1567 5626 1662 5677 pro
1690 5626 1823 5676 qua-

259 5675 378 5746 dam
415 5675 922 5742 circumspectione,
977 5691 1090 5736 seu,
1136 5693 1233 5742 pro
1287 5692 1536 5732 accurata
1569 5675 1821 5746 ‘qnadam

257 5743 510 5814 loquendi
561 5754 614 5800 et
647 5747 914 5800 scribendi
954 5749 1182 5802 ratione.
1214 5747 1573 5804 Combelisius
1605 5743 1777 5804 vertit
1807 5769 1818 5803 :

255 5816 354 5866 huc
392 5816 659 5884 religionis
703 5817 872 5868 larva.

327 5885 438 5945 (ΞΠ)
498 5888 592 5949 Τίς
622 5887 657 5953 ὴ
691 5886 1149 5955 ίὶ.τοκλήρ‹ο›(νις;
1187 5890 1440 5956 Qua‘nam
1471 5893 1577 5944 liter
1611 5893 1818 5947 temeri-

1956 3995 2080 4068 tas?
2139 3992 2356 4068 Ibidem
2402 3993 2626 4068 delenda
2673 3996 2886 4063 negatio
2943 4004 3066 4048 ante
3106 3997 3510 4068 παραιτεῖσθαι.

1954 4064 2107 4119 Clara
2142 4065 2285 4120 enim
2322 4063 2504 4117 Basilii
2533 4069 2798 4118 sententia
2837 4081 2849 4116 :
2896 4068 3073 4135 arguit
3109 4063 3507 4133 adversarium,

1951 4137 2093 4204 quod
2124 4135 2416 4189 essentiam
2450 4135 2540 4186 Dei
2596 4137 2647 4186 in
2678 4137 2788 4188 sola
2833 4138 3051 4202 ingeniti
3092 4152 3225 4190 voce
3256 4140 3513 4195 conﬁteri

1951 4209 2133 4266 vellet,
2167 4208 2216 4258 in
2250 4205 2370 4274 aliis
2402 4207 2645 4266 vocrbus,
2678 4220 2866 4270 nempe
2900 4206 3318 4274 incorruptibilis
3345 4219 3399 4262 et
3430 4212 3513 4262 in-

1946 4278 2197 4337 visibilis,
2223 4273 2338 4340 ejus
2369 4277 2663 4328 essentiam
2699 4281 2900 4344 pariter
2921 4273 3166 4332 conﬁteri
3204 4291 3504 4334 recusaret.

1944 4344 2155 4398 Manu.

2015 4417 2124 4485 (58)
2156 4414 2294 4488 Editi
2329 4413 2431 4488 ml
2472 4415 2529 4466 ὲν
2561 4413 2734 4488 τούτῳ
2770 4415 3139 4488 ἀποπληροῦν.
3204 4415 3353 4484 Regii
3403 4429 3511 4474 tres

1943 4488 1998 4539 ὲν
2057 4490 2134 4540 ἑνὶ
2186 4487 2356 4554 τούτῳ
2412 4485 2849 4557 ἀποπληροῦντα.
2911 4485 3058 4540 colu.
3095 4503 3254 4541 manu
3309 4492 3509 4545 recenti

1941 4560 2254 4611 emendatus
2271 4555 2701 4626 ἀποκληροῦντα.

2017 4628 2128 4693 (59)
2168 4628 2432 4679 Partit'ttla
2478 4624 2546 4695 μή
2573 4627 2723 4677 abeSt
2763 4641 2789 4677 a
2824 4624 2956 4695 Reg.
2991 4627 3225 4680 secundo
3254 4643 3267 4691 ;
3301 4644 3398 4683 nec
3429 4629 3508 4682 in-

1941 4703 2245 4767 Cogilanter
2270 4699 2466 4750 omissa
2496 4709 2578 4767 est
2608 4713 2634 4745 ει
2667 4696 2909 4754 librario.
2941 4713 3059 4750 cum
3093 4699 3142 4749 in
3171 4713 3264 4751 ora
3299 4701 3414 4764 ejus
3442 4700 3506 4751 li-

1941 4766 2028 4821 bri
2057 4766 2538 4840 scripttitn_sit,_‘:b
2577 4767 2647 4836 μή
2680 4768 2957 4834 περισσόν,
3007 4768 3264 4840 porticula
3300 4773 3372 4840 μή
3414 4786 3506 4840 ιιι-ε

1937 4839 2143 4905 per/lno
2185 4847 2278 4888 est.
2309 4837 2420 4889 Hoc
2455 4837 2593 4889 idem
2637 4840 2810 4889 visum
2836 4850 2918 4890 est
2944 4847 2994 4891 et
3031 4837 3374 4900 Cumbelisio,
3416 4839 3507 4906 qui

1938 4910 2010 4959 ait
2048 4908 2234 4959 vocula
2272 4908 2343 4977 μή
2375 4916 2688 4960 contextum
2711 4917 2892 4975 aperte
2921 4907 3171 4960 vitiosum
3207 4908 3375 4960 reddi.
3397 4909 3504 4963 Sed

1936 4994 2034 5045 ego
2075 4978 2230 5047 longe
2284 4979 2670 5051 alitersentio,
2704 4978 3046 5051 arbitr-orque
3076 4977 3390 5051 particulam
3426 4979 3502 5051 μή

1938 5046 2184 5102 maxime
2205 5049 2562 5101 necessariam
2596 5063 2736 5106 esse,
2772 5050 2965 5100 nedum
2999 5046 3117 5116 ejus
3157 5048 3252 5101 loci
3283 5046 3501 5102 sentenl

1937 5120 2064 5171 tiam
2094 5128 2426 5183 corrumpat.
2487 5118 2652 5186 Igitur
2708 5118 2896 5170 borum
2930 5125 3216 5170 verborum
3267 5117 3381 5172 haec
3418 5126 3505 5172 est

1935 5190 2205 5244 Sententia
2240 5203 2251 5238 :
2285 5188 2579 5240 Eunomius
2603 5188 2758 5241 aliter
2780 5188 2987 5254 judicat
3015 5189 3078 5241 de
3098 5203 3226 5240 voce
3261 5190 3500 5255 ingenitt‘,

1933 5261 2090 5312 aliter
2128 5260 2194 5311 de
2249 5274 2380 5310 voce
2431 5259 2788 5317 indirisibilis,
2842 5258 3210 5316 immutabilis,
3261 5259 3505 5310 incorru-

1931 5331 2124 5396 ptibilis
2147 5341 2200 5382 et
2231 5330 2456 5381 aliorum
2483 5330 2761 5382 similium.
2800 5327 2965 5390 Negat
2991 5327 3284 5380 Eunouiius
3315 5342 3500 5382 vocem

1933 5401 2148 5467 ingenili
2188 5401 2253 5453 tle
2303 5401 2409 5454 Deo
2441 5401 2543 5451 dici
2598 5414 2753 5465 posse
2804 5412 2867 5450 ex
2922 5408 3106 5449 nostro
3167 5396 3496 5464 intelligendi

1932 5480 2086 5523 modo
2121 5488 2133 5523 :
2187 5472 2277 5524 sed
2313 5470 2422 5520 vult
2451 5485 2565 5519 eam
2620 5482 2824 5521 natura:
2862 5469 3052 5518 divinae
3099 5469 3167 5519 ita
3215 5482 3334 5518 esse
3367 5482 3497 5532 pro-

1928 5542 2121 5606 priam,
2151 5551 2206 5590 ut
2244 5551 2490 5592 naturam
2523 5541 2689 5602 ipsum
2739 5538 2973 5589 divinam
3037 5538 3348 5591 constituat.
3402 5536 3498 5589 Et-

1927 5615 2094 5674 enim,
2159 5621 2214 5663 ut
2257 5613 2364 5678 jam
2394 5614 2731 5684 notavimus,
2777 5609 2904 5684 illud
2953 5619 3073 5684 erat.
3122 5616 3497 5684 argumentum

1929 5684 2251 5750 pra-cipuum
2295 5681 2564 5742 Eunoniii,
2601 5679 2659 5731 τὸ
2711 5679 3025 5750 ἀγέννητον,
3057 5678 3496 5750 ingeneralioncm

1925 5744 2280 5804 substantiam
2317 5753 2486 5818 ipsam
2525 5767 2645 5804 esse
2677 5744 2930 5800 divinam.
2969 5747 3207 5812 Negabat
3237 5761 3364 5814 ergo
3389 5744 3495 5798 hae-

1928 5823 2125 5876 reticus
2169 5823 2253 5875 ille
2308 5837 2524 5882 nomen,
2562 5823 2846 5896 ingenitus,
2886 5819 2999 5896 dici
3060 5820 3126 5896 de
3184 5819 3289 5870 Deo
3338 5827 3496 5896 posse

1925 5909 1988 5947 ex
2021 5894 2253 5946 humano
2280 5892 2612 5961 intelligendi
2647 5891 2836 5944 modo:
2866 5893 2958 5942 sed
2979 5888 3246 5942 fatebatur
3276 5888 3492 5940 nomina
