4230 6490
772 402 869 459 531

2077 402 2133 455 S.
2181 401 2419 455 BASlLll
2459 400 2667 456 MAGNI

3892 409 3999 461 553

844 520 897 572 9.
938 516 1123 583 Qualia
1160 532 1286 571 vero
1330 516 1437 571 sint
1478 531 1596 585 quin
1635 526 1949 584 sequuntur.
1991 521 2326 588 perpendite.
2358 526 2402 579 Α
2497 522 2514 573 ξ

2324 561 2326 570 ,
2358 526 2402 579 Α
2497 522 2547 573 9.
2589 520 2719 572 Τίνα
2744 520 2796 572 δέ
2842 521 2955 573 ἐστι
2990 520 3055 575 τὰ
3092 520 3218 589 ἑξῆς
3260 520 3350 573 τοῦ
3392 522 3548 589 λόγου
3582 526 3831 575 σκοπεῖτε
3859 523 3994 591 (60).

776 611 1129 677 Posteaquam
1171 611 1442 675 ostendit,
1488 620 1544 664 ut
1595 620 1777 679 putat,
1827 610 1941 664 lieri
1993 626 2330 679 nequaquam

774 716 952 771 posse,
990 712 1047 756 ut
1086 703 1418 772 ingeneratio
1457 704 1777 772 cegitatione
1816 703 2167 771 concipiatur,
2205 703 2332 757 sub-

776 794 852 850 dit
880 812 895 849 :

846 886 976 941 Eos.
1021 888 1131 941 Nec
1164 903 1293 940 vero
1320 889 1609 941 secundum
1641 888 1993 956 privationem
2027 906 2039 939 :
2069 888 2331 957 siquidem

775 978 1100 1046 privationes
1131 988 1255 1032 sunt
1282 979 1600 1047 privationes
1624 994 1806 1034 eorum
1827 996 1943 1049 qua:
1966 989 2088 1033 sunt
2117 993 2329 1043 natura,

775 1078 1004 1137 suntque
1033 1070 1297 1124 habilibus
1324 1072 1669 1139 posteriores.

848 1160 971 1213 Bas.
1012 1162 1162 1227 Quod
1222 1173 1399 1216 autem
1451 1163 1560 1215 haec
1620 1178 1684 1216 ex
1742 1164 2009 1215 mundana
2070 1164 2329 1232 sapientia

777 1254 1002 1321 garriat,
1044 1268 1070 1304 a
1100 1268 1202 1321 qua
1252 1269 1487 1321 przeceps
1541 1263 1718 1314 actus,
1747 1254 2005 1322 ejusmodi
2044 1255 2327 1309 verborum

776 1346 1103 1399 novitatibus
1135 1346 1369 1397 animum
1427 1347 1644 1413 adjecit,
1692 1348 2063 1401 demonstrare
2103 1349 2327 1401 arduum

777 1449 881 1487 non
916 1432 1096 1487 fuerit.
1131 1434 1269 1493 Sunt
1313 1436 1453 1487 enim
1490 1436 1794 1489 Aristotelis
1827 1438 1892 1489 de
1926 1436 2103 1490 habitu
2137 1448 2188 1491 et
2219 1440 2328 1505 pri-

776 1526 993 1579 vatione
1037 1526 1222 1585 verba,
1258 1527 1347 1594 qui
1395 1526 1725 1593 posteriores
1772 1527 2039 1581 habilibus
2076 1530 2331 1596 privatio-

780 1631 875 1671 nes
903 1631 1025 1670 esse
1071 1618 1172 1679 ait;
1213 1618 1661 1684 quemadmodum
1712 1619 1743 1672 ii
1791 1621 1876 1687 qui
1912 1621 2158 1689 legerunt
2197 1622 2245 1672 in
2274 1621 2332 1672 li-

777 1708 876 1761 bro
911 1710 1000 1777 qui
1034 1710 1346 1763 inscribitur
1388 1709 1694 1778 Calegoria’,
1730 1723 1949 1777 possunt
1978 1713 2188 1766 testari.
2227 1712 2331 1765 No-

778 1800 860 1853 bis
898 1813 1073 1855 autem
1122 1803 1253 1855 satis
1304 1812 1419 1854 erat
1462 1805 1781 1865 ostendisse,
1814 1820 1917 1857 non
1972 1820 2037 1857 ex
2081 1806 2323 1858 doctrina

778 1892 1027 1959 Spiritus.
1062 1893 1151 1946 sed
1198 1908 1261 1945 ex
1306 1895 1565 1961 sapientia
1605 1896 1906 1962 principum
1960 1896 2116 1963 hujus
2149 1897 2325 1949 saeculi
2362 1874 2400 1927 Β

778 1983 889 2035 bzec
914 1998 1033 2036 eum
1066 1985 1266 2049 dicere,
1294 2002 1354 2037 ac
1387 1986 1513 2037 illud
1550 1989 1736 2055 psalmi
1766 1988 1817 2038 in
1846 1988 2018 2054 ipsum
2045 1988 2323 2055 proferre:

779 2072 1138 2128 Narraverunt
1165 2077 1290 2128 milii
1323 2077 1486 2142 iniqui
1518 2077 1891 2144 (tabulationes,
1915 2078 2003 2129 sed
2028 2095 2127 2129 non
2164 2089 2216 2130 ut
2246 2078 2328 2131 lex

777 2174 889 2230 tua,
924 2166 1223 2219 Domine“.
1260 2166 1322 2219 Et
1364 2168 1619 2235 quoniam
1673 2168 2069 2232 didicerainus,
2115 2185 2221 2221 non
2261 2186 2325 2223 ex

776 2256 1015 2309 doctrina
1060 2257 1263 2311 Domini
1302 2259 1473 2311 nostri
1511 2258 1636 2312 Jesu
1676 2260 1873 2313 Christi
1924 2276 2041 2314 esse
2094 2278 2213 2328 qum
2248 2263 2327 2315 di—

775 2358 991 2408 cuntur,
1026 2353 1155 2403 satis
1201 2349 1526 2403 habebamus
1577 2352 1722 2404 vocis
1757 2353 1920 2416 ipsius
1975 2354 2323 2405 meminisse:

776 2437 905 2490 Cum
957 2441 1185 2509 loquitur
1236 2444 1584 2506 mendacium,
1624 2460 1687 2497 ea:
1722 2446 1946 2511 pt'Opriis
1988 2445 2279 2512 loquitur"
2313 2463 2325 2497 :

774 2540 936 2597 atque
972 2530 1071 2583 hoc
1111 2545 1265 2599 paeto
1314 2534 1606 2599 longiorem
1657 2549 1959 2585 sermonem
1991 2536 2327 2587 eontrahere.

774 2621 981 2687 Quippe
1018 2623 1140 2675 hinc
1182 2624 1306 2673 illud
1339 2625 1588 2675 onmibus
1618 2625 1967 2691 conspicuum
1992 2624 2329 2687 fecissemus,

774 2714 917 2777 quod
965 2711 1095 2762 nihil
1143 2712 1270 2777 ipsis
1312 2714 1591 2767 nobiscum
1644 2716 1709 2766 sit
1758 2731 2066 2768 commune.
2123 2716 2328 2769 Etenim

772 2818 888 2867 qua
917 2806 1191 2857 concordia
1216 2805 1421 2857 Christo
1455 2824 1569 2859 cum
1595 2808 1808 2861 Belial?
1833 2818 1922 2861 aut
1954 2826 2069 2877 qua:
2101 2826 2222 2877 pars
2260 2809 2329 2875 ﬁ-

773 2894 875 2947 deli
920 2912 1035 2947 cum
1074 2898 1367 2963 infideli“?
1404 2898 1594 2951 Verum
1644 2916 1709 2951 ne
1743 2903 2017 2953 videantur
2048 2901 2116 2953 ob
2152 2903 2331 2953 redar-

774 2987 1052 3056 gutionum
1092 2989 1326 3055 inopiam
1362 2991 1425 3041 ad
1460 2990 1729 3043 silentium
1768 2993 2080 3060 confugere,
2113 3006 2228 3057 age,
2266 2993 2330 3043 de

776 3080 841 3131 iis
872 3080 1032 3132 etiam
1060 3096 1235 3148 .pauca
1281 3082 1633 3135 disseramus.
1683 3081 1846 3137 Multa
1889 3100 2073 3136 eorum
2108 3100 2225 3151 qua:
2264 3085 2329 3137 de

772 3170 882 3223 Deo
915 3172 1184 3236 dicuntur,
1217 3188 1247 3223 ο
1270 3173 1518 3236 Euuomi,
1556 3175 1713 3227 simili
1762 3176 1927 3228 forma
1959 3175 2136 3229 ell'erri
2180 3175 2327 3227 vide-

776 3278 912 3323 mus,
945 3272 1001 3315 ut
1030 3274 1154 3331 puta
1181 3266 1619 3333 incorruptibilis,
1648 3268 1984 3329 immortalis,
2018 3264 2318 3317 invisibilis.

772 3352 888 3406 Jam
922 3369 1045 3407 vero
1073 3366 1125 3409 et
1162 3358 1299 3408 hanc
1337 3373 1517 3409 vocem
1555 3360 1813 3421 ingenitus
1870 3359 2052 3409 forma).
2083 3357 2320 3425 ejusdem

774 3462 897 3499 esse
944 3447 1207 3501 ducimus.
1246 3449 1395 3511 Quod
1439 3449 1481 3500 si
1527 3450 1758 3516 quipiam
1783 3464 1843 3502 ea
1872 3465 1989 3517 qua:
2022 3459 2145 3502 sunt
2184 3450 2323 3518 ejus-

776 3535 943 3600 modi,
991 3538 1267 3590 nominaut
1324 3538 1607 3606 privativa,
1664 3540 1797 3592 nihil
1852 3542 1915 3593 ad
1968 3556 2083 3593 nos.
2138 3542 2325 3608 Neque

775 3626 915 3679 enim
973 3628 1197 3680 artiﬁcia
1238 3629 1485 3683 novimus
1539 3630 1843 3693 verborum,
1896 3646 2065 3697 neque
2112 3646 2203 3683 eos
2233 3630 2322 3697 qui

776 3730 1041 3771 noverunt.
1085 3719 1375 3777 imitamur.
1431 3720 1625 3775 Verum
1691 3722 2056 3789 cujuscunque
2115 3720 2327 3772 tandem

776 3810 991 3879 generis
1022 3811 1398 3865 existimentur
1437 3830 1557 3868 esse
1581 3829 1737 3867 voces
1770 3814 2007 3879 τειιιιιιςιε,
2044 3826 2176 3880 quas
2197 3826 2330 3864 enu-

779 3902 1141 3955 meravimus:
1176 3902 1411 3968 ejusdem
1453 3907 1662 3971 generis
1708 3920 1826 3959 esse
1878 3915 1930 3958 et
1989 3904 2202 3972 ἕης]εηὶιί
2236 3918 2330 3971 ap-

777 3994 1116 4061 pellationem
1166 3995 1359 4048 dicturi
1409 4010 1615 4047 sumus.
1670 3996 2124 4059 Quemadmodum
2166 3995 2329 4063 igitur

778 4084 1182 4153 incorruptibile
1226 4086 1495 4156 signiﬁcat
1537 4101 1640 4138 non
1710 4087 1883 4138 inesse
1930 4088 2328 4155 corruptionem

853 4240 897 4271 “
917 4240 1056 4295 l’sal.
1098 4255 1285 4305 cxvitt,
1310 4240 1396 4293 85.
1474 4240 1516 4271 ⁸⁷
1549 4240 1703 4294 Joan.
1736 4254 1852 4302 vnt,
1885 4239 1973 4292 44.

778 4399 891 4460 illa,
924 4399 1280 4463 indivisibilis,
1334 4401 1769 4467 incorruptibi/is,
1806 4398 2163 4461 immutabilis,
2198 4411 2325 4465 elc.,

782 4469 940 4523 tribui
1001 4471 1107 4523 Deo
1150 4486 1308 4535 posse
1359 4474 1654 4522 secundum
1712 4482 1947 4523 nostram
1996 4471 2327 4535 concipiendi

2434 612 2639 676 Δείξας,
2675 612 2749 673 ὡς
2771 612 2958 671 οἴεται.
2992 613 3071 665 ὅτι
3106 612 3360 665 ἀδύνατόν
3392 614 3533 665 ἐστιν
3568 614 3780 685 ἐπινοίᾳ
3810 614 3998 666 λαϐεῖν

2431 702 2489 753 τὸ
2518 703 2825 773 ἀγέννητον,
2854 704 3068 771 ἐπάγει⁸

2505 884 2662 939 ΕΥΝ.
2711 884 2870 937 Ἀλλά
2915 885 3018 955 μὴν
3052 884 3170 937 οὐδὲ
3212 883 3350 937 κατὰ
3386 884 3664 954 στέρησινο
3699 887 3752 938 εῐ
3785 903 3847 954 γε
3887 886 3994 939 τῶν

2436 979 2571 1030 κατά
2617 978 2773 1045 φύσιν
2820 980 2875 1030 αἱ
2922 978 3203 1048 στερήσεις
3240 978 3346 1029 εἰσὶ
3394 978 3707 1045 στερήσεις,
3752 979 3845 1029 καὶ
3885 978 3993 1028 τῶν

2431 1066 2594 1131 ἕξεων
2625 1066 2889 1137 δεύτεραι.

2503 1158 2648 1209 ΒΑΣ.
2695 1158 2879 1211 Ταῦτα
2926 1159 3002 1221 δὲ,
3051 1160 3131 1211 ὅτι
3178 1160 3241 1211 ἐκ
3290 1160 3388 1229 τῆς
3433 1158 3525 1210 τοῦ
3565 1158 3769 1227 κόσμου
3804 1159 3994 1226 σοφίας

2430 1250 2724 1320 περιλαλεί,
2784 1253 2869 1318 ὑφ’
2920 1246 2986 1322 ἧς
3038 1250 3500 1322 ἐκτραχηλισθεὶς,
3547 1253 3666 1312 ταῖς
3716 1252 3992 1313 τοιαύταις

2428 1342 2535 1393 τῶν
2566 1342 2735 1405 λόγων
2766 1342 2984 1395 ἐπέθετο
3013 1342 3399 1412 καινοτομίαις,
3432 1344 3490 1394 οὐ
3532 1342 3763 1412 χαλεπὸν
3792 1342 3995 1394 ἐπιδεῖο

2430 1433 2536 1499 ξαι.
2577 1434 2975 1504 Ἀριστοτέλους
3008 1434 3112 1505 γάρ
3134 1436 3268 1487 εἰσιν
3287 1474 3301 1497 ,
3336 1434 3410 1497 ὡς
3436 1436 3484 1486 οἱ
3515 1433 3883 1501 ἀνεγνωκότες
3919 1433 3995 1485 εἴ·

2431 1544 2578 1577 ποιεν
2602 1526 2757 1587 amen
2778 1529 2894 1588 ταῖς
2915 1526 3373 1597 ἐπιγραφομέναις
3391 1525 3553 1579 αὑτοῦ
3578 1526 3992 1593 Κατηγορίαις,

2428 1619 2474 1669 οἱ
2518 1618 2641 1687 περὶ
2682 1618 2847 1683 ἕξεως
2885 1618 2977 1669 καὶ
3024 1620 3323 1687 στερήσεως
3349 1618 3515 1685 λόγοι,
3556 1617 3813 1685 δευτέρας
3855 1613 3994 1669 εἶναι

2429 1710 2672 1777 λέγοντος
2699 1711 2804 1762 τῶν
2835 1710 2997 1775 ἕξεων
3028 1709 3124 1771 τὰς
3152 1711 3447 1779 στερήσεις.
3486 1710 3644 1777 Ἡμῖν
3680 1708 3738 1760 δὲ
3770 1708 3993 1778 ἐξήρκει

2428 1804 2658 1868 δείξασιν
2685 1802 2841 1855 αὐτὸν
2874 1803 2972 1853 οὐκ
3013 1802 3075 1852 ὲκ
3107 1800 3203 1869 τῆς
3241 1798 3579 1861 διδασκαλίας
3610 1798 3702 1851 τεῦ
3737 1799 3993 1866 Πνεύμαο

2428 1912 2539 1957 τος,
2578 1894 2687 1945 ἀλλ’
2723 1896 2783 1945 ἐκ
2826 1893 2925 1961 τῆς
2968 1890 3155 1957 σοφίας
3200 1889 3304 1940 τῶν
3342 1890 3615 1959 ἀρχόντων
3661 1889 3754 1941 τοῦ
3798 1890 3994 1950 αἰῶνος

2426 1984 2613 2036 τούτου
2670 1982 2949 2043 λαλοῦντα,
2994 1980 3053 2033 τὸ
3083 1978 3174 2031 τοῦ
3224 1978 3436 2049 ψαλμοῦ
3482 1979 3615 2048 πρὸς
3656 1979 3817 2030 αὐτὸν
3873 1981 3993 2029 επι-

2427 2076 2782 2145 ιρθέγξασθαι,
2810 2077 2889 2127 ὅτι
2912 2072 3281 2141 Δίηγήσαντό
3304 2090 3403 2140 μοι
3429 2070 3756 2138 παράνομοι
3781 2070 3992 2122 ἀδολε-

2426 2170 2625 2236 σχίας,
2653 2170 2771 2220 ἀλλ
2790 2168 2801 2185 '
2834 2170 2941 2234 οὐχ
2974 2169 3051 2231 ὡς
3077 2170 3107 2219 ό
3128 2168 3309 2233 νόμος
3342 2179 3477 2225 σου,
3507 2164 3678 2230 Κύριε
3698 2177 3711 2191 ⁸
3749 2162 3843 2214 καὶ
3893 2179 3997 2231 μα-

2428 2260 2636 2322 θόντας,
2672 2261 2753 2311 ὅτι
2779 2259 2878 2310 οὐκ
2911 2261 2972 2309 ὲκ
3008 2256 3111 2308 τῶν
3134 2256 3475 2324 διδαγμάτων
3519 2254 3628 2321 (61)
3666 2254 3759 2306 τοῦ
3787 2253 3992 2324 Κυρίου

2428 2352 2581 2421 ἡμῶν
2620 2349 2794 2420 Ἰησοῦ
2832 2347 3063 2417 Χριστοῦ
3095 2350 3208 2400 ἐστι
3249 2348 3312 2399 τα
3350 2348 3646 2417 λεγόμενα,
3686 2346 3785 2413 τῆς
3826 2346 3991 2397 αὐτοῦ

2428 2444 2609 2512 φωνῆς
2654 2440 3086 2511 ὑπομνησθῆναι,
3135 2440 3215 2492 ὃτι
3247 2440 3429 2491 Ὅταν
3452 2438 3612 2505 λαλῇ
3646 2437 3710 2489 τὸ
3744 2437 3989 2503 ψεῦδος,

2426 2536 2493 2585 ἐκ
2515 2535 2630 2586 τῶν
2662 2534 2825 2586 ἰδίων
2845 2532 3045 2586 λαλεῖσ
3079 2532 3172 2583 καὶ
3199 2530 3368 2601 τούτῳ
3395 2530 3472 2599 τῷ
3499 2530 3683 2597 τρόπῳ
3709 2529 3834 2590 τοὺς
3865 2528 3993 2579 πολι

2427 2626 2549 2687 λοὺς
2594 2626 2698 2677 τῶν
2744 2625 2914 2693 λόγων
2964 2626 3175 2685 ἑαυτοῖς
3220 2626 3536 2692 συντεμεῖν,
3572 2620 3818 2673 ἐντεῦθεν
3857 2624 3991 2673 πᾶσι

2428 2719 2733 2786 καταφανὲς
2766 2721 3107 2787 ποιήσαντας,
3133 2719 3213 2770 ὅτι
3233 2717 3455 2786 οὐδεμία
3482 2718 3609 2786 ἡμῖν
3634 2715 3768 2785 πρὸς
3790 2714 3991 2776 ἀὐτοὺς

2428 2811 2697 2865 κοινωνία.
2739 2811 2832 2874 Τίς
2864 2808 2971 2876 γὰρ
3007 2810 3396 2877 συμφώνησις
3422 2806 3651 2875 Χριστῷ
3694 2806 3843 2873 πρὸς
3886 2809 3991 2857 Be-

2425 2904 2597 2969 J/ap;
2620 2901 2650 2968 ἢ
2684 2901 2772 2964 τίς
2794 2900 2963 2967 μερὶς
2989 2898 3179 2961 πιστῷ
3198 2900 3347 2965 μετὰ
3374 2900 3668 2958 ἀπίστου;
3692 2898 3807 2947 Ἵνα
3826 2896 3883 2947 δὲ
3917 2896 3991 2963 μὴ

2426 2995 2662 3064 δόξωμεν
2690 2992 2755 3044 δι’
2780 2990 3011 3060 ἀπορίαν
3040 2989 3276 3057 ἐλέγχων
3311 2990 3389 3049 είς
3436 2988 3532 3055 τὴν
3570 2985 3775 3054 σιωπὴν
3821 3002 3989 3036 κατα-

2428 3086 2666 3153 φεύγειν,
2704 3083 2854 3154 φέρε,
2883 3079 2976 3131 καὶ
3006 3079 3132 3147 περὶ
3155 3077 3353 3129 τούτων
3376 3074 3577 3145 βραχέα
3604 3074 3986 3142 διαλεχθῶμεν.

2430 3172 2625 3231 Πολλὰ,
2658 3165 2700 3221 ὦ
2736 3169 2983 3238 Εὐνόμιε,
3013 3165 3118 3219 τῶν
3160 3165 3285 3235 περὶ
3316 3163 3449 3216 Θεοῦ
3500 3162 3803 3231 λεγομένων
3850 3164 3990 3214 κατά

2427 3265 2515 3316 τὸν
2549 3264 2728 3331 ὅμοιον
2757 3261 2969 3332 ὁρῶμεν
2992 3258 3329 3329 ἐκφερόμενα
3359 3255 3545 3319 τύπον,
3580 3250 3688 3308 οἷον
3727 3256 3755 3305 6
3784 3254 3990 3324 ἀφθαρ-

2426 3373 2535 3417 τος,
2571 3356 2598 3405 ὁ
2630 3353 2908 3415 ἀθάνατος,
2939 3354 2967 3404 6
2996 3353 3242 3422 ἀόρατος.
3287 3350 3390 3402 Τοῦ
3425 3349 3480 3401 δὲ
3511 3347 3674 3401 αὐτοῦ
3708 3348 3879 3401 τύπου
3911 3366 3990 3399 τι·

2429 3444 2634 3513 θέμεθα
2672 3438 2921 3495 εἶναικαὶ
2954 3444 3032 3505 τὸ,
3056 3443 3396 3512 ἀγέννητος.
3440 3443 3502 3494 Ei
3548 3442 3643 3512 μὲν
3681 3439 3774 3494 οὖν
3807 3458 3993 3511 στερη-

2429 3536 2553 3588 τικὰ
2595 3552 2735 3595 τινες
2779 3535 3093 3602 ὀνομάζουσι
3145 3534 3213 3586 τὰ
3242 3534 3461 3585 τοιαῦτα
3481 3573 3495 3594 ,
3525 3534 3585 3584 οὐ
3620 3535 3755 3603 πρὸς
3785 3537 3932 3603 ἡμᾶς
3962 3536 3991 3585 6

2430 3627 2603 3692 λόγος.
2639 3625 2771 3677 Οὔτε
2803 3626 2905 3693 γὰρ
2938 3627 3092 3693 ἴσμεν
3114 3624 3450 3692 τεχνολογίας
3474 3624 3687 3688 λέξεων,
3718 3624 3842 3676 οὔτε
3866 3628 3990 3687 τοὺς

2429 3718 2631 3780 εἰδότας
2661 3716 2947 3787 ζηλοῦμεν.
2986 3716 3130 3786 Πλήν
3161 3732 3222 3782 γε
3255 3714 3316 3784 δὴ
3353 3715 3433 3766 ὅτι
3468 3710 3635 3785 οὗπερ
3666 3715 3730 3767 ἂν
3762 3717 3990 3770 τεθῶσιν

2430 3812 2484 3863 αἱ
2534 3811 2715 3863 λοιπαὶ
2763 3811 2935 3878 φωναὶ
2973 3808 3037 3871 ἃς
3088 3807 3624 3879 ἀπηριθμησάμεθα,
3679 3806 3772 3859 τοῦ
3826 3810 3988 3862 αὑτοῦ

2430 3899 2568 3955 εἶναι
2596 3904 2837 3971 φήσομεν
2864 3902 2955 3955 καὶ
2976 3902 3073 3973 τὴν
3089 3900 3201 3963 τοῦ,
3222 3898 3570 3969 ἀγεννήτων,
3596 3901 3988 3970 προσηγορίαν.

2442 3993 2528 4052 Ὠς
2556 3993 2730 4044 τοίνυν
2752 3992 2809 4043 τὸ
2834 3992 3104 4063 ἄφθαρτον
3125 3991 3183 4043 τὸ
3210 3992 3282 4061 μὴ
3307 3994 3584 4061 προσεῖναι
3610 3989 3687 4059 τῷ
3714 3991 3834 4060 Θεῷ
3868 3991 3991 4058 ιςδθο⁴

2434 4086 2531 4158 ράν
2564 4086 2815 4156 σημαίνει
2842 4101 2853 4111 '
2885 4085 2977 4137 καὶ
3008 4085 3068 4136 τὸ
3092 4085 3315 4155 ἀόρατον
3349 4084 3409 4137 τὸ
3436 4084 3787 4154 ὑπερϐαίνειν
3831 4084 3991 4137 αὑτὸν

2049 4241 2093 4271 ⁸⁸
2116 4241 2156 4294 ll
2186 4240 2388 4307 Cor.vt,
2425 4241 2510 4295 15.

2437 4404 2663 4459 scivisse
2703 4412 2879 4455 utrum
2930 4402 3078 4469 seligi
3123 4400 3381 4462 deberet,
3412 4402 3479 4453 oh
3521 4401 3680 4467 idque
3708 4413 3993 4471 utramque

2438 4490 2624 4527 vocem
2656 4475 2918 4539 posuisse,
2948 4482 3003 4525 ut
3039 4488 3134 4539 pro
3164 4488 3261 4523 suo
3288 4476 3514 4540 quisque
3542 4473 3805 4524 arbitratu
3851 4474 3991 4541 lege-

780 4540 1063 4611 rationem.
1094 4541 1288 4607 Atque,
1323 4550 1379 4592 ut
1410 4541 1651 4611 Eunomii
1677 4542 1856 4592 verbis
1882 4552 2019 4602 utar,
2053 4544 2331 4611 recusabat
2363 4544 2405 4598 D
2436 4557 2537 4597 ret.
2566 4544 2861 4595 Redeamus
2907 4543 2971 4595 ad
3015 4544 3353 4601 Eunomium,
3380 4542 3533 4611 cujus
3565 4553 3671 4595 tota
3707 4544 3993 4596 ratiocina-

779 4609 940 4663 bomo
971 4610 1161 4675 impius
1182 4612 1435 4661 decorare
1469 4610 1628 4662 Deum
1662 4629 1754 4676 per
1784 4613 1995 4677 ingeniti
2026 4610 2333 4677 appellatio.

782 4695 899 4732 nent
940 4694 1002 4731 ex
1036 4680 1270 4732 humano
1302 4680 1569 4747 cogitandi
1608 4683 1797 4743 modo;
1833 4693 1883 4731 at
1914 4697 2016 4732 non
2054 4682 2337 4735 recusabat

780 4764 900 4802 eum
925 4751 1179 4803 decorare
1205 4766 1268 4803 ex
1307 4761 1487 4801 nostra
1516 4751 1845 4815 erncipieudi
1877 4751 2081 4801 ratione
2116 4766 2209 4817 per
2239 4766 2335 4816 ap—

783 4820 1118 4885 pellationem
1148 4819 1504 4880 indicisibilis,
1531 4821 1885 4878 immutabilis.
1912 4830 2015 4872 etc.
2045 4818 2120 4872 Ex
2144 4822 2335 4887 quibus

781 4889 991 4955 planum
1026 4900 1105 4942 est
1146 4898 1201 4942 et
1249 4902 1608 4955 compertum,
1646 4892 1957 4953 particulam
2006 4890 2077 4959 μή
2120 4891 2337 4945 minime

783 4960 1103 5024 redundare,
1143 4961 1247 5011 imo
1282 4975 1410 5011 vero
1445 4960 1675 5012 maxime
1720 4962 2076 5011 necessariattt
2106 4976 2244 5020 esse,
2281 4973 2338 5014 ut

782 5030 1047 5097 possimus
1102 5029 1179 5081 sic
1238 5031 1625 5094 interpretari:
1680 5031 1731 5079 in
1789 5034 1984 5081 cwleris
2032 5047 2147 5082 vero
2181 5049 2337 5096 quant

780 5099 1015 5165 plurimis
1038 5116 1153 5152 eum
1186 5116 1289 5151 non
1327 5111 1519 5150 recuset
1553 5099 1796 5150 Immanis
1822 5101 2139 5167 intelligendi
2170 5105 2337 5154 modis

780 5170 1058 5232 decorare;
1087 5186 1190 5237 qua
1230 5171 1671 5236 interpretatione
1696 5184 1843 5220 meus
1866 5169 2104 5220 Eunomii
2138 5174 2339 5237 optime

780 5239 1122 5304 eXprimitur,
1161 5242 1272 5304 qui,
1307 5249 1362 5289 ιιι
1385 5240 1635 5299 diximus,
1666 5255 1856 5291 nomen
1885 5254 2044 5289 ttnutn
2078 5240 2213 5293 Filio
2244 5245 2339 5295 tri-

782 5307 1045 5378 buereita
1086 5310 1389 5369 recusabat,
1414 5321 1469 5359 ut
1502 5311 1700 5378 reliqua
1736 5310 1783 5361 ei
1819 5311 1945 5361 dare
1982 5325 2084 5360 non
2123 5327 2339 5363 recusa-

782 5387 884 5451 ret.
918 5374 1135 5451 Necest
1190 5374 1634 5451 prmereunduuf
1676 5378 1913 5451 silentio,
1959 5380 2205 5431 voculam
2239 5384 2335 5451 μή,

765 5457 837 5497 ,ut
873 5448 923 5498 in
964 5450 1199 5500 editione
1232 5448 1547 5507 Parisreusi,
1580 5450 1647 5501 ita
1685 5461 1737 5501 et
1776 5450 1824 5500 in
1852 5450 2088 5499 editione
2116 5448 2250 5503 Ven.
2287 5448 2339 5503 ut

782 5516 834 5587 in
861 5517 1006 5587 (Liolb.
1038 5528 1089 5569 et
1130 5520 1178 5568 iu
1223 5518 1403 5587 Regiis
1445 5519 1612 5569 tribus
1648 5520 1925 5571 codicibus
1981 5522 2219 5585 reperiri.
2277 5521 2340 5574 Et

781 5586 918 5659 illud,
937 5589 1224 5659 adnotabo,
1250 5586 1344 5654 legi
1382 5590 1429 5640 iu
1465 5588 1593 5655 Reg.
1624 5590 1791 5653 primo
1823 5588 2105 5658 σεμνύνειν
2141 5593 2165 5641 ε
2200 5608 2340 5659 παρ-

768 5656 1061 5731 αιτεῖσθαι.
1093 5658 1241 5731 ΔΡιηο
1278 5672 1451 5731 autem
1499 5659 1522 5707 ὲ
1566 5660 1822 5731 scriptum
1850 5656 2012 5713 fuisse
2048 5676 2142 5725 pro
2167 5662 2220 5731 ἦ,
2243 5656 2338 5722 vel,

779 5738 893 5787 aut,
923 5728 1307 5795 librariuiuque
1339 5729 1577 5781 indicare
1606 5729 1857 5790 voluisse,
1889 5732 2077 5782 horum
2106 5728 2336 5784 duorum

782 5798 1065 5851 verborum
1110 5799 1335 5851 alterum
1370 5800 1583 5864 quidem
1620 5798 1719 5865 legi
1748 5813 1998 5865 Oportere
2030 5818 2041 5852 :
2096 5803 2188 5855 sed
2245 5818 2340 5856 ne-

2440 4617 2514 4667 tio
2549 4628 2612 4667 eo
2641 4614 2845 4666 redibat
2885 4631 2897 4665 :
2951 4613 3265 4681 Quanquam
3300 4613 3468 4668 Filius
3499 4624 3723 4667 vocatur
3752 4614 3991 4666 invisibi-

2436 4686 2521 4741 lis.
2550 4684 2890 4745 immortalis,
2923 4684 3294 4747 immutabilis,
3333 4684 3785 4750 quemadmodum
3814 4695 3867 4738 et
3897 4684 3992 4736 Pa—

2440 4767 2541 4817 ter,
2570 4764 2744 4807 tamen
2781 4754 2916 4805 Deus
2948 4770 3071 4808 vere
3097 4764 3145 4806 et
3172 4758 3388 4822 proprie
3414 4770 3516 4807 non
3556 4765 3658 4806 est.
3693 4754 3818 4808 llzec
3847 4756 3988 4806 enim

2438 4826 2653 4875 nomina
2689 4838 2791 4875 non
2834 4823 3070 4876 alliciunt
3100 4825 3267 4891 ipsam
3302 4834 3544 4876 naturam
3584 4824 3820 4875 divinam
3853 4841 3867 4876 :
3902 4826 3990 4876 sed

2438 4893 2883 4946 Dcotribuuntur
2914 4909 2979 4945 ex
3026 4893 3258 4946 humano
3289 4894 3620 4959 concipiendi
3659 4896 3837 4946 modo.
3888 4894 3989 4945 Sed

2438 4963 2579 5014 aliud
2614 4978 2805 5015 nomen
2842 4971 2939 5020 est.
2975 4964 3114 5031 quod
3146 4964 3234 5016 Dei
3265 4974 3345 5017 est
3378 4963 3673 5030 proprium,
3702 4965 3842 5031 quod
3867 4965 3994 5017 cha-

2438 5043 2615 5085 racter
2642 5043 2721 5085 est
2751 5034 3072 5095 divinitatis,
3099 5036 3239 5101 quod
3272 5036 3439 5101 ipsam
3470 5044 3714 5086 naturam
3756 5035 3988 5087 divinam

2442 5105 2737 5165 constituit,
2776 5106 2916 5166 quod
2946 5103 3053 5155 Deo
3084 5118 3187 5155 non
3217 5105 3469 5157 tribuitur
3496 5118 3560 5155 ex
3606 5114 3791 5157 nostro
3839 5105 3991 5157 iutel-

2439 5173 2634 5237 ligendi
2694 5174 2872 5235 modo,
2907 5188 2960 5226 et
3002 5183 3177 5225 tamen
3240 5175 3291 5226 id
3347 5189 3539 5231 nomen
3593 5190 3697 5226 non
3743 5176 3991 5227 convenit

2438 5243 2594 5303 Filio,
2627 5243 2733 5294 imo
2764 5247 2924 5313 etiam
2975 5244 3206 5296 maxime
3253 5254 3542 5313 repugnat;
3600 5258 3664 5295 ex
3702 5258 3808 5310 quo
3842 5246 3899 5295 tit
3938 5253 3993 5293 ut

2438 5312 2607 5365 Filius
2642 5313 2857 5379 proprie
2890 5312 3027 5365 Dens
3063 5328 3165 5365 non
3195 5313 3283 5367 sit.
3321 5312 3449 5367 Illud
3478 5323 3653 5366 autem
3686 5328 3882 5367 nomen
3914 5323 3993 5366 est

2435 5382 2496 5435 τὸ
2530 5382 2841 5451 ἀγέννητον,
2868 5383 3163 5451 ingenitum.

2510 5452 2877 5523 (GUlCo‘dices
2903 5458 3006 5523 duo
3034 5454 3365 5523 σκοπήσατε.
3401 5454 3596 5506 Ibidem
3631 5452 3760 5506 editi
3807 5452 3993 5520 Δείξας

2438 5523 2565 5593 γάρ.
2596 5522 2795 5593 Vocula
2828 5524 2941 5593 γάρ
2969 5522 3120 5575 deest
3159 5523 3209 5575 in
3239 5523 3491 5575 omnibus
3517 5537 3644 5593 mss.

2514 5590 2623 5661 (61)
2668 5592 2802 5643 Edili
2828 5601 2881 5643 et
2909 5590 3049 5655 Rea.
3082 5593 3297 5659 quintus
3343 5594 3441 5643 οὐκ
3472 5594 3534 5643 ὲκ
3562 5592 3669 5645 τῶν
3702 5590 3863 5653 θείων
3906 5593 3995 5644 καὶ

2441 5660 2706 5731 ἀληθινῶν
2750 5660 3111 5731 διδαγμάτων,
3147 5678 3249 5714 non
3277 5678 3341 5714 ex
3369 5662 3557 5719 divinis
3581 5667 3812 5732 cerisque
3838 5664 3919 5715 da:
3940 5680 3996 5711 u-

2442 5733 2645 5783 mentis.
2678 5732 2778 5782 Alii
2808 5748 2897 5783 sex
2926 5747 3052 5786 mss.
3086 5742 3143 5786 ut
3177 5732 3229 5785 in
3261 5742 3550 5800 contextu;
3592 5750 3689 5790 nec
3732 5735 3890 5787 aliter
3919 5733 3992 5785 Ie-

2447 5812 2603 5867 gi-rat
2636 5803 2917 5865 interpres.
