4230 6496
227 460 337 514 5'55

1317 458 1682 513 ADVERSUS
1721 457 2080 515 ΕΕΝΟΜΙΙΞΜ
2122 459 2248 516 LIB.
2299 458 2335 512 Ι.

3355 464 3458 518 534

227 577 411 629 πᾶσαν
432 592 526 645 την
544 574 631 626 διὰ
659 574 764 626 τῶν
787 573 1076 642 ὀφθαλμῶν
1097 573 1394 642 κατάληψιν
1410 592 1422 603 ·
1455 576 1546 626 καὶ
1567 574 1624 624 τὸ
1655 573 1792 625 ἀσώ-
1824 581 1865 634 Α

1786 604 1792 611 -
1824 581 1865 634 Α
1897 575 1948 627 in
1987 576 2091 628 Deo
2116 593 2129 628 :
2154 585 2206 626 et
2242 572 2525 639 invisibile,
2563 575 2824 629 excelere
2859 590 2981 629 eum
3026 591 3237 630 omnem
3280 581 3456 632 oculo-

233 685 404 738 ματον
434 668 492 719 τὸ
531 667 603 737 μὴ
637 667 900 737 ὑπάρχειν
946 666 1107 718 αὑτοῦ
1147 667 1308 735 τριχῆ
1361 664 1649 733 διαστατὴν
1701 665 1797 734 τὴν

228 759 420 810 οὐσίαν
444 774 457 787 °
504 758 595 810 καί⁵
643 759 704 810 τὸ
734 758 998 812 ἀθάνατον
1028 759 1087 810 τὸ
1130 758 1395 827 μηδέποτε
1431 758 1672 809 διάλυσιν
1701 757 1796 808 αὑ-

226 850 310 920 τῷ
339 851 798 921 προσγενήσεσθαι
819 869 831 881 ·
864 851 1004 903 οὕτω
1025 850 1201 919 φαμὲν
1223 851 1314 903 καὶ
1339 850 1419 912 τὸ,
1448 849 1795 918 ἀγέννητον,

229 940 425 1002 δηλοῦν
470 942 530 993 τὸ
563 941 814 1010 γέννησιν
846 940 992 1009 αὐτῷ
1026 940 1134 1009 (62)
1180 940 1253 1010 μὴ
1281 943 1580 1010 προσεῖναι.
1611 940 1672 991 Ei
1702 937 1798 1008 μὲν

230 1031 330 1085 οὖν
372 1032 539 1107 μηδὲν
572 1033 775 1086 τούτων
827 1034 1138 1103 στερητικὸν
1183 1033 1290 1084 τῶν
1333 1033 1638 1101 ὀνομάτων,
1681 1030 1798 1083 οὐδὲ

230 1126 427 1175 ἐκεῖνο.
483 1125 544 1175 Ei
583 1124 638 1176 δὲ
681 1125 765 1177 ἐπ’
798 1124 1017 1176 ἐκείνων
1065 1123 1219 1186 δίδως
1265 1125 1324 1175 τὸ
1357 1123 1493 1176 κατὰ
1544 1126 1799 1193 στέρησιν

230 1211 520 1279 λέγεσθαι,
573 1214 661 1264 ἐπὶ
704 1213 801 1282 τῆς
852 1212 942 1264 τοῦ
1002 1213 1294 1282 ἀγεννὴτου
1344 1213 1708 1282 προσηγορίας
1739 1213 1799 1265 οῦ

234 1306 557 1374 συγχωρεῖς,
594 1303 737 1363 εἰπὲ,
768 1304 911 1366 τίνος
944 1305 1039 1366 μὲν
1080 1304 1246 1369 ἕξεως
1279 1304 1654 1375 προλαϐοῦσης
1685 1306 1803 1358 στέ-

237 1412 394 1466 ρησιν
442 1395 689 1464 ἐμφαίνει
729 1395 787 1446 τὸ
834 1395 1137 1465 ἄψθαρτον;
1185 1395 1300 1458 πῶς
1342 1396 1398 1448 δὲ
1443 1398 1562 1466 οὐχὶ
1591 1397 1651 1449 τὸ
1693 1397 1803 1449 ἴσον

233 1485 386 1556 αῦτῷ
424 1486 640 1538 δύναται
670 1486 729 1538 τὸ
761 1487 868 1556 (65)
919 1488 1238 1557 ἀγέννητον;
1279 1487 1437 1540 Ἀλλὰ
1478 1490 1605 1560 περὶ
1638 1489 1805 1558 μόνην

233 1579 435 1646 ταύτην
465 1578 559 1648 τὴν
581 1577 721 1642 λέξιν
762 1581 1092 1648 κακοτεχνεῇ
1128 1579 1260 1630 διότι
1288 1579 1536 1632 ἐντεῦθεν
1566 1579 1713 1650 αὐτῷ
1747 1581 1804 1631 αἱ

233 1670 480 1740 ἀᾳορμαὶ
511 1670 607 1738 τῆς
650 1670 903 1732 ἀσεϐείας
937 1672 1218 1740 ἤρτηνται.
1256 1671 1370 1724 Ἴνα
1412 1671 1467 1724 δὲ
1503 1671 1672 1739 σαφὲς
1711 1672 1806 1724 αὑ-

232 1762 329 1815 τοῦ
373 1763 432 1814 τὸ
465 1763 746 1832 τέχνασμα
779 1762 1023 1832 γένηται,
1070 1763 1210 1816 οὕτω
1248 1765 1506 1833 ποιήσατε
1531 1779 1542 1791 ·
1579 1753 1674 1826 οὓς
1712 1763 1805 1815 ἐπὶ

232 1855 328 1907 τοῦ
359 1855 651 1926 ἀγεννήτου
701 1855 968 1924 γυμνάσει
1011 1854 1202 1923 λόγους
1223 1897 1236 1920 ,
1273 1855 1353 1908 ὅτι
1386 1854 1506 1906 οὔτε
1542 1856 1658 1908 κατ’
1683 1855 1804 1906 ἐπίο

231 1960 381 1996 νοιαν
415 1944 759 2014 ἀνθρωπίνην
779 1987 792 2008 ,
823 1943 945 1996 οὕτε
971 1945 1111 1997 κατὰ
1144 1945 1400 2014 στέρησιν
1435 1942 1652 2012 εὔλογόν
1687 1947 1802 1997 ἐστι

233 2036 362 2105 περὶ
401 2035 535 2087 Θεοῦ
565 2035 848 2103 λέγεσθαι,
878 2036 1098 2098 τούτους
1137 2035 1552 2104 μετενεγκόντες
1592 2037 1678 2088 ἐπ’
1711 2038 1804 2090 ἆλ-

231 2126 326 2181 λου
373 2129 516 2190 τινὸς
547 2128 654 2180 τῶν
685 2129 811 2197 περὶ
855 2127 988 2180 Θεοῦ
1020 2126 1356 2195 λεγομένων,
1395 2129 1666 2181 σκοπεῖτε.
1703 2129 1804 2179 Εὑ-

236 2225 430 2291 ρήσετε
455 2221 561 2292 γὰρ
599 2221 810 2288 ἑκάστῳ
845 2219 1087 2289 ἀκριϐῶς
1131 2218 1556 2288 ἐφαρμόζοντας.
1597 2221 1724 2283 Καὶ,
1756 2222 1803 2273 εί

235 2311 491 2380 βούλεσθε
515 2351 528 2373 ,
550 2303 647 2362 ’ἐπὶ
683 2310 776 2362 τοῦ
816 2310 1092 2380 ἀφθάρτου
1122 2310 1289 2362 ταῦτα
1322 2310 1566 2380 λέγωμεν
1587 2352 1600 2374 ,
1638 2313 1804 2384 αὐτὴν

233 2403 400 2456 αὑτοῦ
444 2403 540 2472 τὴν
570 2402 712 2468 λέξιν
745 2405 1230 2473 μετακομίσαντες.
1275 2403 1583 2473 Ἀφθαρτον
1613 2405 1670 2456 δὲ
1721 2405 1804 2456 λέ-

233 2511 442 2562 γοντες,
472 2494 532 2546 οὐ
569 2497 688 2547 κατ’
722 2496 960 2546 ἐπίνοιαν
1003 2492 1346 2562 ἀνθρωπίνην
1388 2493 1669 2560 σεμνύνειν
1701 2495 1806 2546 oio-

235 2586 377 2654 μεθα
418 2586 559 2638 δεῖν’
598 2585 943 2639 ἀποτιννῦναι
995 2585 1050 2636 δὲ
1095 2583 1240 2652 αὐτῷ
1289 2585 1348 2636 τὸ
1391 2585 1606 2638 πάντων
1640 2587 1806 2655 ἀναγ-

233 2675 519 2726 καιότατον
544 2675 782 2743 ὄφλημα,
817 2674 918 2742 τὴν
950 2673 1043 2724 τοῦ
1087 2671 1223 2725 εἶναι
1250 2675 1277 2726 ὃ
1307 2676 1452 2727 ἐστιν
1483 2675 1769 2746 ὁμολογίαν
1791 2697 1803 2708 ·

233 2765 372 2817 ἀλλὰ
405 2766 510 2835 μὴν
539 2765 657 2815 οὐδὲ
685 2764 824 2816 κατὰ
863 2764 1118 2835 στέρησιν
1157 2767 1270 2837 (65)
1298 2785 1310 2798 °
1349 2768 1403 2820 εἴ
1441 2785 1502 2835 γε
1533 2769 1640 2821 τῶν
1669 2772 1807 2822 κατὰ

236 2856 400 2924 φύσιν
429 2858 483 2907 αί
533 2858 813 2925 στερήσεις
853 2857 958 2909 εἰσὶ
1007 2860 1286 2928 στερήσεις
1313 2900 1326 2922 ,
1369 2861 1462 2913 καὶ
1505 2862 1610 2913 τῶν
1643 2862 1807 2925 ἕξεων

233 2947 503 3020 δεύτεραι.
536 2948 599 3000 Τί
633 2949 830 3017 μᾶλλον
857 2951 947 3002 ἐπὶ
979 2949 1070 3003 τοῦ
1100 2953 1392 3021 ἀγεννήτου
1418 2953 1613 3022 πρέπει
1637 2954 1806 3006 ταῦτα

234 3037 545 3106 φιλοσοφεῖν
589 3038 620 3109 ἢ
666 3041 758 3092 καὶ
797 3041 887 3093 ἐπὶ
929 3040 1022 3092 τοῦ
1069 3041 1382 3112 ἀφθάρτου,
1435 3043 1526 3095 καὶ
1559 3044 1691 3107 ὅλως
1723 3047 1804 3113 ἐφ’

235 3131 473 3200 ἑκάστης
522 3132 702 3201 φωνῆς
750 3133 846 3202 τῆς
899 3132 1038 3184 κατὰ
1068 3133 1157 3184 τὸν
1183 3133 1342 3185 αὑτὸν
1384 3134 1552 3187 τύπον
1587 3137 1807 3205 ἐκφερο-

239 3225 435 3295 μένης;
490 3223 624 3275 Ἀλλ’
669 3224 819 3275 οὐδὲν
868 3224 974 3276 τῶν
1013 3223 1184 3277 ἄλλων
1218 3224 1363 3294 αὐτῷ
1396 3227 1529 3296 πρὸς
1560 3227 1656 3294 τὴν
1683 3227 1806 3278 ἀσέ-

1904 684 2017 721 rum
2053 668 2584 735 comprehensionem
2632 675 2722 720 :et
2771 669 3168 736 incorporeum,
3205 671 3461 722 substan-

1903 761 2031 812 tiam
2067 759 2183 824 ejus
2235 760 2370 812 trina
2425 760 2756 813 dimensione
2793 775 2896 812 non
2950 771 3200 814 constare
3227 779 3242 812 :
3269 771 3322 812 et
3365 761 3464 812 im-

1902 851 2148 914 mortale,
2169 866 2290 902 enm
2311 851 2646 904 dissolutioni
2683 866 2954 918 nunquam
2985 852 3276 905 obnoxium
3314 852 3459 905 fore:

1899 942 2141 995 eumdem
2172 941 2237 993 ad
2277 943 2488 994 modum
2525 942 2754 994 dicimus
2785 943 3071 1010 ingenitum
3093 946 3254 995 etiam
3289 944 3464 1011 signi-

1903 1033 2085 1094 ﬁcare,
2117 1034 2519 1099 generationem
2570 1035 2621 1085 in
2669 1035 2783 1100 ipso
2827 1050 2931 1086 non
2990 1036 3183 1088 inesse.
3231 1035 3466 1088 Proinde

1903 1125 1946 1176 si
1976 1123 2176 1176 nullum
2211 1139 2275 1177 ex
2313 1124 2419 1178 illis
2453 1123 2756 1177 nominibus
2797 1125 3117 1191 privativum
3161 1135 3260 1187 est,
3292 1141 3467 1194 neque

1904 1215 2005 1269 hoc
2035 1217 2157 1269 erit.
2194 1215 2343 1281 Quod
2387 1217 2430 1269 si
2469 1217 2722 1270 concedis
2755 1216 2839 1268 illa
2882 1220 3175 1269 secundum
3211 1218 3466 1285 privatio-

1905 1322 2024 1359 nem
2053 1305 2179 1368 dici,
2213 1307 2302 1358 sed
2328 1307 2378 1357 id
2408 1306 2458 1357 in
2489 1306 2842 1371 appellatione
2876 1306 3093 1374 ingeniti
3141 1323 3244 1360 non
3272 1307 3466 1360 admit-

1907 1404 2020 1448 tas:
2052 1395 2156 1452 die.
2184 1410 2290 1462 quo
2327 1394 2507 1448 habitu
2545 1395 2705 1462 222
2743 1397 3100 1464 prmcedente,
3137 1396 3469 1465 incorrupti-

1907 1489 2010 1542 bile
2043 1489 2396 1557 privationem
2433 1486 2671 1540 indicet?
2709 1497 2800 1538 aut
2843 1489 3112 1555 quomodo
3164 1489 3461 1556 ingenitum

1907 1594 2011 1633 non
2045 1579 2181 1633 idem
2217 1582 2359 1648 quod
2414 1580 2513 1633 hoc
2557 1578 2765 1632 valeat?
2794 1579 2861 1632 At
2916 1580 3059 1633 circa
3119 1582 3219 1634 hoc
3252 1580 3469 1634 verbum

1907 1670 2079 1723 soluat
2128 1669 2380 1738 malignis
2415 1669 2626 1723 artibus
2658 1670 2847 1733 utitur,
2882 1670 3023 1738 quod
3053 1671 3099 1722 ei
3134 1671 3257 1725 hinc
3287 1672 3470 1740 impie-

1907 1761 2033 1816 tatis
2063 1761 2361 1830 dependent
2385 1761 2716 1814 occasiones.
2744 1761 2846 1813 Sed
2887 1763 3174 1815 artiﬁeium
3218 1763 3336 1831 ejus
3368 1779 3475 1815 ma-

1910 1855 2160 1908 nifestum
2196 1863 2252 1906 ut
2307 1854 2417 1918 liat,
2473 1853 2542 1906 ita
2580 1853 2777 1906 facile:
2818 1869 2951 1922 quos
3003 1855 3067 1907 de
3115 1855 3352 1924 ingenito
3391 1859 3474 1908 in-

1908 1946 2068 1999 struit
2115 1960 2414 2006 sermones,
2450 1946 2590 2010 quod
2653 1958 2820 2011 neque
2878 1958 2944 1996 ex
2999 1945 3236 1997 humano
3285 1947 3469 1998 conci-

1909 2035 2088 2105 piendi
2129 2037 2304 2096 modo,
2341 2049 2513 2102 neque
2545 2049 2608 2086 ex
2643 2035 2948 2101 privatione
2981 2040 3045 2089 de
3093 2036 3200 2088 Deo
3235 2035 3340 2089 dici
3373 2051 3470 2103 par

1909 2139 2023 2193 est;
2055 2129 2153 2182 hos
2181 2127 2470 2180 translatos
2506 2127 2558 2178 in
2587 2127 2728 2179 aliud
2764 2129 3030 2196 quoddam
3061 2143 3250 2180 nomen
3291 2143 3354 2180 ex
3391 2129 3474 2182 his

1909 2235 2028 2289 quae
2077 2220 2143 2274 de
2179 2221 2286 2274 Deo
2318 2220 2589 2282 dicuntur,
2628 2220 2987 2273 consideretis
3026 2221 3205 2273 velim.
3249 2219 3475 2273 Unicui-

1914 2326 2019 2379 que
2068 2311 2210 2364 enim
2251 2310 2459 2362 illorum
2505 2325 2727 2377 prorsus
2772 2311 3067 2362 convenire
3105 2310 3471 2378 cornperietis.

1913 2403 1998 2464 Et,
2032 2402 2075 2455 si
2111 2401 2290 2464 vultis,
2325 2401 2389 2454 de
2420 2400 2809 2468 inrorruptibili
2860 2401 3044 2453 eadem
3087 2402 3350 2461 dicamus.
3389 2402 3474 2455 his

1914 2494 2042 2561 ipsis
2080 2493 2273 2560 quibus
2303 2493 2465 2544 utitur
2497 2492 2674 2545 verbis
2707 2491 2808 2545 huc
2852 2491 3184 2544 transmotis.
3231 2491 3476 2543 lncorrn-

1913 2583 2151 2651 ptibilem
2183 2594 2360 2636 autem
2387 2599 2508 2636 cum
2537 2584 2787 2645 dicimus,
2822 2599 2924 2636 non
2962 2587 3255 2637 secundum
3287 2584 3477 2636 buma-

1913 2691 2036 2728 num
2094 2675 2422 2742 intelligendi
2476 2674 2688 2727 modum
2736 2675 3099 2728 decorandum
3143 2689 3262 2726 esse
3310 2674 3474 2726 Deum

1912 2769 2241 2821 arbitramur
2275 2767 2403 2822 :sed
2446 2767 2855 2836 persolvendum
2884 2769 2930 2820 ei
2977 2767 3210 2820 debitum
3248 2767 3477 2819 maxine

1912 2861 2150 2915 omnium
2193 2862 2578 2922 necessarium,
2623 2861 3016 2912 confessionem
3065 2861 3331 2922 videlicet,
3366 2875 3472 2927 qna

1911 2967 2034 3005 eum
2081 2953 2133 3004 id
2169 2968 2290 3006 esse
2333 2954 2474 3017 quod
2511 2963 2590 3005 est
2625 2953 2980 3006 conﬁteantur
3017 2957 3148 3005 :sed
3186 2969 3356 3022 neque
3388 2971 3475 3005 se-

1913 3046 2142 3098 cundum
2203 3046 2556 3114 privationem
2600 3060 2614 3098 :
2660 3047 2924 3114 siquidem
2974 3047 3303 3113 privationes
3354 3053 3480 3098 sunt

1915 3138 2245 3205 privationes
2271 3153 2458 3190 eorum
2489 3154 2607 3208 qum
2641 3148 2764 3192 sunt
2811 3150 3032 3203 natura,
3070 3151 3301 3207 suntque
3329 3139 3482 3192 habi.

1916 3230 2057 3282 tibus
2091 3231 2437 3297 posteriores.
2468 3231 2576 3282 Cur
2609 3232 2774 3299 magis
2817 3231 2881 3285 de
2931 3232 3166 3298 ingenito
3206 3232 3316 3283 1ΙὶῈο
3343 3228 3481 3282 alIir-

235 3316 390 3368 6ειαν
427 3316 693 3382 συνεργεῖ.
721 3313 811 3363 Διὸ
845 3314 950 3364 τῶν
979 3314 1178 3364 λοιπῶν
1215 3316 1331 3365 οὐδὲ
1369 3316 1656 3383 μέμνηται,
1689 3316 1808 3368 καί·
1837 3292 1878 3346 C

1807 3292 1878 3353 ac
1915 3333 2062 3371 mare
2105 3320 2275 3381 decet,
2315 3335 2474 3387 quam
2532 3321 2596 3387 de
2646 3321 3132 3388 incort'uptibili,ct
3168 3323 3385 3374 nrianino
3416 3323 3477 3374 de

235 3427 318 3463 τοι
352 3407 556 3478 μυρίων
586 3406 752 3457 ὄντων
781 3404 884 3457 τῶν
915 3406 1040 3474 περὶ
1071 3405 1202 3456 Θεοῦ
1238 3405 1562 3472 λεγομένων.

1917 3411 2154 3478 qualibet
2193 3428 2345 3472 voce,
2389 3429 2507 3480 quae
2545 3414 2735 3466 eodem
2784 3415 2942 3467 modo
2989 3415 3342 3482 proferatur?
3374 3416 3478 3468 Sed

235 3504 382 3557 aliud
441 3502 571 3555 nihil
623 3501 669 3553 ei
722 3502 788 3553 ad
842 3502 1170 3568 impietatem
1243 3503 1518 3557 conducit.
1583 3501 1763 3568 Quare
1814 3520 1880 3557 ne
1922 3508 2165 3561 meminit
2213 3509 2427 3576 quidem
2491 3509 2862 3578 reliquorum,
2933 3509 3140 3562 etiarnsi
3200 3509 3480 3563 innumera

235 3601 346 3654 sint
378 3612 494 3665 qme
527 3596 589 3649 de
632 3595 737 3650 Deo
760 3596 1029 3648 dicuntur.

312 3688 396 3742 ‘10.
444 3688 594 3757 Ἔχει
630 3687 684 3741 δὲ
718 3687 907 3749 οὕτως.
951 3688 1042 3738 Ἓν
1081 3687 1179 3756 μὲν
1221 3687 1370 3738 οὐδέν
1406 3687 1552 3739 ἐστιν
1587 3687 1754 3757 ὄνομα
1788 3687 1814 3739 ὃ

236 3783 419 3834 πᾶσαν
453 3777 670 3850 ἐξαρκεί
696 3779 792 3850 τὴν
836 3777 926 3830 τοῦ
960 3777 1092 3830 Θεοῦ
1133 3777 1292 3845 φύσιν
1335 3775 1658 3847 περιλαϐὸν,
1698 3779 1815 3828 ίκα-

236 3874 346 3938 νῶς
387 3871 728 3941 ἐξαγγεῖλαι⁹
772 3870 940 3922 πλείω
983 3870 1038 3921 δὲ
1098 3869 1188 3922 καὶ
1249 3870 1464 3922 ποικίλα
1509 3873 1628 3923 κατ’
1679 3869 1814 3922 ίδίαν

237 3968 468 4020 ἕκαστον
519 3961 820 4032 σημασίαν,
856 3961 1097 4033 ἀμυδρὰν
1146 3962 1243 4032 μὲν
1276 3963 1553 4026 παντελῶς
1594 3965 1684 4016 καὶ
1724 3980 1814 4032 μι⁸

238 4057 532 4128 κροτάτην,
555 4055 628 4116 ὼς
659 4053 792 4120 πρὸς
822 4055 879 4105 τὸ
901 4056 1039 4118 ὅλον,
1075 4057 1206 4124 ἡμῖν
1237 4071 1300 4121 γε
1336 4057 1441 4126 μὴν
1477 4055 1814 4126 ἐξαρκοῦσαν

238 4151 339 4220 τὴν
383 4150 585 4201 ἔννοιαν
631 4145 987 4216 συναθροίζει.
1035 4148 1121 4200 Ἐν
1169 4149 1346 4201 τοίνυν
1377 4151 1486 4210 τοῖς
1525 4151 1651 4218 περὶ
1682 4148 1814 4200 Θεοῦ

239 4242 555 4314 λεγομένοις
587 4242 834 4309 ὀνόμασι,
870 4240 937 4291 τὰ
979 4241 1075 4308 μὲν
1109 4241 1214 4292 τῶν
1247 4242 1554 4310 προσόντων
1598 4242 1673 4310 τῷ
1699 4242 1816 4311 Θεῷ

239 4333 514 4404 δηλωτικὰ
548 4334 680 4394 ἐστι,
711 4331 777 4384 τὰ
803 4331 856 4384 δὲ
883 4331 942 4382 τὸ
963 4329 1221 4393 ἐναντίον,
1248 4331 1356 4382 τῶν
1386 4331 1458 4401 μὴ
1483 4332 1810 4401 προσόντων.

255 4429 352 4480 Ἐκ
376 4427 468 4479 δύο
501 4424 609 4496 γὰρ
640 4425 843 4478 τούτων
869 4425 1030 4477 οἱονεὶ
1063 4426 1348 4495 χαρακτήρ
1385 4441 1466 4486 τις
1501 4426 1629 4494 ἡμῖν
1667 4425 1816 4492 ἐγγί-

240 4539 392 4574 νεται
419 4519 509 4572 τοῦ
531 4519 685 4581 θεοῦ,
720 4518 779 4570 ἐκ
811 4535 868 4569 τε
902 4519 997 4587 τῆς
1036 4519 1142 4569 τῶν
1175 4519 1626 4588 ἁπεμφαινόντων
1662 4520 1818 4589 ἀρνή-

242 4634 383 4678 σεως
408 4617 501 4667 καὶ
547 4619 612 4667 ἐκ
647 4615 743 4684 τῆς
774 4614 878 4666 τῶν
923 4614 1271 4682 ὑπαρχόντων
1320 4612 1626 4681 ὁμολογίας.
1671 4608 1814 4672 υἷον,

241 4709 373 4760 ὅταν
418 4707 688 4776 ἄφθαρτον
744 4707 1115 4776 ὀνομάζωμεν,
1165 4704 1388 4772 δυνάμει
1437 4704 1546 4772 (65)
1589 4703 1818 4772 λέγομεν

245 4803 458 4862 ἑαυτοῖς
504 4800 536 4869 ἦ
581 4802 690 4858 τοῖς
741 4800 1045 4862 ἁκούουσιν,
1082 4799 1162 4850 ὅτι
1219 4796 1309 4865 Μὴ
1355 4797 1464 4848 οίου
1512 4795 1684 4865 φθορᾷ
1730 4795 1817 4846 τὸν

245 4895 383 4947 θεὸν
411 4891 762 4946 ὑποκεῖσθαι·
802 4893 892 4943 καὶ
923 4893 1049 4942 ὅταν
1083 4891 1328 4958 ἀόρατον,
1371 4887 1451 4938 ὅτι
1491 4888 1578 4956 Μὴ
1619 4887 1816 4940 ὑπολά-

1985 3687 2070 3741 10.
2114 3687 2282 3740 liabet
2313 3697 2487 3740 autem
2538 3703 2596 3741 se
2644 3703 2726 3738 res
2763 3687 2864 3737 hoc
2917 3685 3091 3736 modo.
3124 3682 3335 3736 Nullum
3363 3685 3482 3752 qui‘

1914 3783 2032 3836 dem
2068 3796 2259 3834 nomen
2296 3771 2379 3833 est
2417 3780 2556 3848 quod
2602 3788 2765 3831 totam
2817 3778 2908 3831 Dei
2944 3786 3188 3830 naturam
3241 3777 3482 3845 comple-

1917 3888 2061 3935 xum,
2101 3884 2180 3924 sat
2211 3887 2328 3924 eam
2371 3871 2538 3939 possit
2583 3872 2871 3925 enuntiare
2913 3885 2923 3920 :
2962 3870 3112 3936 plura
3140 3883 3266 3921 vero
3306 3878 3360 3920 et
3391 3883 3482 3918 va-

1916 3962 2014 4025 ria,
2049 3961 2258 4031 singula
2312 3961 2362 4014 in
2421 3962 2630 4029 propria
2692 3960 3123 4026 signiﬁcatione,
3185 3956 3479 4008 obscuram

1916 4057 2131 4125 quidem
2181 4054 2400 4108 omnino
2429 4063 2482 4105 et
2525 4067 2783 4121 perquam
2839 4051 3109 4116 exiguam,
3140 4049 3183 4102 si
3217 4064 3334 4101 cum
3374 4057 3484 4100 toto

1917 4156 2274 4215 comparetur,
2302 4146 2451 4201 nobis
2472 4155 2647 4196 tamen
2676 4141 3046 4203 suﬂicicntcm,
3079 4140 3481 4208 intelligentiam

1917 4246 2233 4306 congerunt.
2272 4236 2454 4306 Itaque
2482 4237 2621 4288 inter
2668 4236 2880 4288 nomina
2917 4249 2975 4285 οτι
3012 4248 3131 4300 qum
3169 4234 3234 4284 de
3269 4233 3374 4284 Deo
3402 4233 3485 4282 ιιι..

1917 4344 2129 4395 cuntur,
2174 4331 2348 4398 aliqua
2400 4329 2699 4399 signiﬁcant
2739 4342 2855 4392 qua:
2893 4326 2999 4377 Deo
3035 4327 3214 4375 insunt
3251 4338 3264 4374 :
3305 4323 3480 4388 aliqua

1916 4440 2044 4478 vero
2109 4424 2413 4477 erontrario
2459 4422 2696 4472 indicant
2744 4432 2861 4485 qme
2911 4420 2958 4469 ei
2999 4433 3106 4468 non
3163 4415 3366 4466 insunt.
3400 4413 3474 4464 Ex

1919 4519 2001 4570 bis
2033 4516 2174 4568 enim
2227 4515 2453 4578 duobus,
2495 4523 2547 4564 et
2599 4525 2661 4561 ex
2713 4525 2897 4560 eorum
2951 4524 3066 4574 quae
3140 4505 3482 4557 dissentanea

1917 4622 2040 4663 sunt
2073 4609 2376 4676 negatione,
2409 4619 2460 4657 et
2489 4620 2550 4655 ex
2583 4618 2771 4656 eorum
2806 4615 2924 4669 qna:
2970 4601 3164 4651 adsunt
3196 4597 3486 4652 confessio-

1919 4718 2006 4764 ne,
2047 4702 2189 4754 velut
2231 4700 2443 4766 quidam
2499 4695 2592 4749 Dei
2627 4697 2909 4749 character
2942 4691 3094 4744 nobis
3136 4688 3481 4758 imprimitur.

1920 4794 2160 4862 Exempli
2207 4806 2389 4853 causa,
2424 4805 2545 4841 cum
2603 4784 3065 4854 incorruptibilem
3123 4782 3482 4843 nominamus,

1921 4887 2060 4940 idem
2099 4883 2327 4934 l'acimns
2362 4896 2424 4934 ac
2458 4881 2499 4934 si
2531 4880 2772 4932 dicamus
2807 4888 2897 4927 aut
2937 4874 3089 4925 nobis
3121 4873 3250 4940 ipsis
3277 4879 3480 4922 autalt.

245 4987 350 5060 ὂῃς
396 4986 556 5040 αὐτὸν
609 4987 674 5055 τῇ
709 4981 796 5035 διὰ
827 4983 933 5033 τῶν
990 4982 1161 5050 ὅᾲεων
1196 4980 1442 5050 αἰσθήσει
1474 4979 1817 5048 καταλαμϐἀ-
1851 4984 1894 5042 D

1810 5010 1817 5017 -
1851 4984 1894 5042 Ι)
1920 4975 2193 5031 dientibus
2223 4993 2236 5028 ε
2270 4973 2414 5028 Cave
2446 4983 2597 5042 putes
2618 4970 2781 5024 Deum
2807 4965 3082 5032 subjacere
3111 4951 3480 5032 corruptioni:

325 5164 436 5237 (6‘2)
470 5163 601 5237 Reg.
634 5163 834 5237 tertius
854 5161 1067 5230 γένεσιν
1101 5158 1266 5229 αὐτῷ.
1299 5157 1438 5210 Editi
1479 5165 1530 5210 et
1563 5155 1652 5208 alii
1689 5172 1818 5209 mss.

248 5233 502 5310 Yéllvﬂmf
522 5233 688 5310 “.579:
815 5301 887 5310 --
1005 5302 1016 5310 .
1088 5301 1101 5310 .
1456 5307 1464 5310 _
1603 5297 1654 5310 ..

323 5297 434 5378 (ϋὸ)
464 5306 600 5359 Editi
627 5297 826 5356 δύναιτ’
863 5301 926 5354 ἂν
961 5302 1038 5354 τό.
1077 5301 1144 5353 At
1175 5313 1305 5352 mss.
1343 5307 1572 5367 quatuor
1597 5297 1820 5350 δύναται

325 5447 438 5515 (64)
468 5445 606 5499 Editi
660 5442 802 5515 κατᾲ
841 5443 938 5512 τὴν
991 5441 1266 5513 στέρησιν.
1296 5439 1570 5515 Articulus
1605 5437 1654 5488 in
1685 5452 1817 5515 n_t_ss.

252 5507 361 5574 non
397 5509 688 5570 invenitur.
740 5507 916 5582 Neque
961 5507 1246 5564 secundum
1306 5511 1667 5582 privationem.
1714 5507 1822 5582 lloc

250 5601 353 5652 est,
384 5579 957 5655 quemadmodumnon
977 5592 1238 5655 putamus
1271 5583 1430 5633 Deum
1455 5579 1818 5655 decorandum

249 5648 374 5714 esse
404 5648 500 5728 per
526 5655 883 5728 privationem
919 5668 933 5703 :
973 5654 1041 5703 ita
1077 5668 1178 5728 non
1217 5662 1478 5728 putamus
1505 5663 1625 5728 eum
1662 5648 1817 5728 dego-

250 5718 478 5784 randnm
504 5718 624 5779 esse
655 5739 746 5794 per
779 5727 1068 5777 humanum
1086 5719 1695 5794 _intelligendianodum.
1747 5718 1815 5767 lia

255 5803 421 5870 igitur
451 5787 667 5849 videtur
697 5793 862 5847 fuisse
908 5807 1058 5870 [neth
1084 5790 1352 5870 EunomiAi,
1387 5788 1542 5840 aliter
1569 5787 1817 5870 iudicari-

252 5857 378 5925 dum
421 5882 541 5922 esse
571 5867 638 5918 de
681 5865 900 5918 vocibus
938 5861 1230 5933 ἄφθαρτος,
1260 5860 1540 5925 ἀθάνατος,
1564 5857 1814 5926 ἀόρατος,

1923 5154 2082 5207 aliter
2120 5153 2184 5206 de
2216 5167 2347 5205 voce
2368 5151 2708 5221 ἀγέννητοςκ
2733 5146 2822 5200 Illa
2857 5145 3000 5198 enim
3031 5143 3291 5221 privativa
3340 5148 3484 5207 sunt,

1923 5243 2044 5276 cum
2075 5240 2181 5292 pra:
2208 5239 2264 5274 se
2299 5215 2653 5290 privationem
2689 5220 2881 5279 ferant,
2925 5215 3317 5292 corruptio-nis.
3343 5228 3486 5262 rnor-

1927 5297 2015 5359 tis,
2049 5284 2194 5346 visus
2240 5307 2254 5344 :
2299 5284 2390 5344 sed
2428 5293 2527 5346 ltoc
2567 5292 2669 5343 tale
2694 5304 2797 5340 non
2836 5297 3088 5359 est,_cum
3131 5284 3482 5359 privationem

1925 5353 2028 5418 non
2062 5366 2282 5426 indicet,
2310 5363 2402 5415 sed
2436 5365 2600 5430 ipsam
2633 5369 2879 5430 naturam
2911 5355 3148 5430 divinam
3167 5353 3479 5430 constituat.

1925 5423 2313 5501 Argumentum
2356 5423 2534 5484 autem
2572 5431 2694 5482 illud
2731 5427 2977 5501 Ennomii
3007 5440 3171 5492 quam
3203 5423 3316 5476 leve
3339 5424 3408 5476 sit
3431 5432 3486 5473 et

1925 5499 2099 5564 futile.
2127 5521 2190 5556 ex
2223 5503 2403 5556 Basilii
2436 5502 2610 5554 verbis
2635 5499 2864 5572 perspici
2898 5505 3088 5562 potest.
3445 5560 3456 5572 .

2001 5576 2112 5644 (65)
2141 5576 2290 5634 illud,
2321 5571 2568 5641 δυνάμει.
2599 5573 2688 5638 qui
2723 5572 2791 5621 ita
2825 5569 3288 5632 interpretaretur,
3320 5569 3487 5644 (equi-

1925 5632 2203 5715 pollen'ter,
2238 5632 2376 5697 bene
2405 5632 2754 5715 quidem-rem
2788 5645 3358 5715 expressurnnrputo,
3393 5649 3432 5712 si
3455 5632 3483 5682 d

1927 5703 2028 5769 iton
2061 5703 2268 5769 Latine.
2295 5703 2585 5782 Aliquanto
2624 5710 2764 5765 infra
2797 5703 2929 5762 mss.
2957 5704 3192 5760 ηοιιιιυιιι
3229 5703 3361 5774 μηδὲ
3388 5703 3485 5760 ἀρ.

1923 5788 2039 5857 7.71:-
