4230 6516
759 417 864 472 535

2164 413 2408 470 BASILll
2451 412 2666 468 MAGNI

3897 411 4008 467 536

759 536 954 580 etcum
1000 522 1317 577 invisibilem
1351 541 1362 576 :
1397 521 1472 577 Ne
1513 523 1910 577 existimaveris
1939 522 2108 592 ipsum
2141 525 2325 579 oculo-
2356 532 2398 586 Α

2356 532 2398 586 Α
2437 525 2620 578 νεσθαι
2641 540 2656 557 ο
2694 525 2783 577 καὶ
2806 524 2933 576 ὅταν
2962 524 3246 587 ἀθάνατον,
3273 525 3354 577 δτι
3381 524 3606 594 Μήποτε
3631 523 3823 594 οἰηθῇς
3851 525 4009 580 θάνα-

763 635 881 673 rum
921 630 1076 672 sensu
1126 617 1506 685 comprehendi
1541 626 1634 669 :et
1657 633 1778 671 cum
1815 617 2192 679 immortalem,
2219 617 2326 672 Ab-

763 713 916 765 situt
949 724 1184 776 unquam
1240 710 1432 763 credas
1483 720 1708 763 mortem
1771 711 1878 763 Deo
1913 711 2160 764 accidere
2190 727 2204 761 :
2239 711 2329 765 Sic

763 801 924 870 igitur
949 808 998 853 et
1029 815 1148 854 cum
1177 801 1490 869 ingenitum,
1533 799 1605 853 Ne
1640 803 1918 856 arbitreris
1938 817 2004 856 ex
2031 801 2134 854 ulla
2168 818 2327 856 causa

760 903 853 948 aut
905 893 1168 962 principio
1214 894 1584 947 exsisteatiam
1643 894 1731 949 Dei
1769 895 2090 963 dependere.
2156 895 2220 949 Et
2271 904 2328 949 ut

759 987 923 1040 verbo
947 986 1146 1049 dicam,
1174 1001 1238 1038 ex
1274 1001 1597 1055 unoquoque
1625 988 1818 1040 horum
1855 991 2131 1052 docemur,
2174 997 2231 1040 ut
2263 1001 2328 1041 ne

763 1077 815 1131 in
859 1078 1136 1131 indecoras
1164 1079 1453 1132 sententias
1479 1080 1780 1133 incidamus
1812 1089 1944 1145 tum,
1979 1097 2098 1134 cum
2124 1083 2188 1134 de
2221 1082 2327 1136 Deo

760 1169 1037 1238 quidpiam
1071 1170 1386 1236 cogitamus.
1419 1169 1603 1238 Itaque
1635 1180 1689 1222 ut
1717 1171 2044 1240 praecipuam
2080 1171 2168 1226 Dei
2205 1189 2326 1242 pro—

760 1261 1042 1330 prietatem
1093 1277 1503 1330 cognoscamus,
1532 1261 1669 1315 alter
1699 1262 1874 1326 alteri,
1925 1277 2043 1318 cum
2099 1264 2165 1319 de
2219 1265 2327 1318 Deo

761 1367 940 1407 sermo
984 1353 1230 1414 habetur,
1267 1353 1642 1407 interdicimus
1683 1368 1747 1407 ne
1791 1355 2115 1424 cogitatione
2157 1357 2222 1410 ad
2262 1372 2324 1411 ea

760 1460 879 1512 quae
927 1462 1029 1498 non
1073 1455 1287 1514 oportet
1327 1446 1653 1511 deferamur,
1704 1462 1768 1501 ne
1808 1463 2040 1517 unquam
2082 1449 2328 1504 homines

759 1546 952 1606 putent
992 1538 1156 1590 Deum
1190 1552 1312 1591 esse
1343 1537 1634 1606 quidquam
1666 1541 2035 1610 corruptibile,
2061 1555 2152 1596 aut
2192 1544 2325 1597 visi—

759 1628 888 1691 bile,
920 1638 1012 1682 aut
1047 1639 1381 1700 generatum.
1411 1628 1587 1695 Quare
1621 1646 1715 1697 per
1745 1633 1926 1686 omnia
1983 1635 2097 1687 hare
2144 1636 2327 1703 prohi-

761 1721 956 1775 bitoria
986 1722 1222 1783 nomina,
1256 1721 1368 1786 elus
1407 1724 1548 1792 quod
1580 1723 1813 1778 alienum
1845 1736 1926 1780 est
1961 1727 2019 1780 lit
2048 1727 2204 1796 quasi
2234 1743 2329 1781 ne-

761 1814 907 1883 gatio
931 1815 1196 1882 quaedam,
1232 1814 1356 1868 dum
1393 1815 1600 1884 singula
1659 1817 1993 1886 distinguens
2042 1834 2192 1871 mens
2238 1834 2332 1871 no-

762 1915 894 1970 stra,
934 1921 1121 1959 eorum
1147 1921 1265 1974 qua:
1299 1906 1348 1958 in
1383 1906 1492 1959 Deo
1524 1921 1624 1959 non
1652 1909 1833 1962 insunt
1861 1909 2141 1977 opiniones
2172 1910 2330 1980 223

763 1999 930 2052 exuit.
963 1998 1125 2051 Deum
1164 2014 1354 2052 rursus
1399 2001 1594 2052 bonum
1642 1999 1900 2058 dicimus.
1937 2009 1989 2054 et
2035 2002 2334 2068 jusluiu,et

764 2098 1090 2153 creatorem,
1139 2100 1194 2143 et
1234 2091 1493 2159 judicem,
1537 2090 2099 2162 aliaqnehujusmodi.
2133 2093 2331 2158 Quem-

768 2179 1056 2233 admodum
1108 2181 1270 2250 igitur
1312 2181 1362 2233 iu
1410 2182 1515 2236 illis
1558 2183 1641 2237 ha:
1686 2175 1843 2236 voces
1901 2184 2332 2252 reprobationem

766 2272 1073 2338 quamdam,
1108 2287 1170 2324 ac
1197 2271 1624 2328 interdictionem
1653 2275 2026 2343 signiﬁcabant
2051 2278 2330 2331 notionuin

766 2377 793 2414 a
842 2361 948 2414 Deo
994 2361 1333 2417 alienarum:
1370 2365 1441 2416 ita
1490 2366 1577 2419 hic
1631 2367 1950 2431 positionem
1987 2377 2042 2420 et
2090 2377 2332 2421 naturam

767 2468 948 2508 eorum
995 2470 1111 2522 quae
1156 2458 1370 2526 propria
1412 2457 1501 2510 Dei
1543 2467 1687 2521 sunt,
1738 2461 2229 2530 convenienterque
2283 2464 2334 2516 in

767 2560 830 2600 eo
890 2547 1318 2613 considerantur,
1369 2548 1692 2618 signiﬁcant.
1756 2549 1939 2621 Itaque
1996 2568 2060 2606 ex
2111 2561 2338 2621 utroque

769 2635 1179 2704 appellationum
1236 2652 1428 2706 genere
1498 2639 1769 2700 docemur,
1824 2652 1914 2693 aut
1986 2642 2053 2694 de
2088 2642 2170 2694 his
2220 2658 2340 2709 qua:

770 2730 983 2789 adsunt,
1023 2728 1162 2793 quod
1191 2728 1367 2780 adsint
1398 2743 1411 2780 :
1447 2738 1534 2780 aut
1570 2729 1635 2782 de
1683 2730 1766 2783 his
1809 2745 1928 2799 qua:
1959 2731 2171 2792 absunt.
2200 2735 2340 2798 quod

771 2815 966 2868 absint.
998 2814 1109 2868 Vox
1157 2826 1333 2868 autem
1376 2818 1660 2886 ingenitum
1708 2833 1768 2871 ea
1828 2834 1946 2888 quae
1997 2835 2102 2875 non
2147 2821 2340 2875 adsunt

771 2907 1080 2976 signiﬁcat:
1128 2909 1327 2962 indicat
1380 2910 1522 2962 enim
1594 2911 1699 2964 Deo
1767 2914 2166 2978 generationem
2234 2930 2336 2967 non

772 2999 978 3051 adesse.
1015 2996 1126 3052 Hoc
1151 3010 1330 3052 autem
1381 3001 1496 3054 sive
1544 3001 1663 3068 quis
1712 3003 2085 3070 privationem,
2116 3006 2227 3059 sive
2261 3007 2339 3058 in-

773 3090 1168 3150 terdictionem,
1196 3091 1308 3143 sive
1335 3092 1696 3159 negatioiiem,
1729 3093 1842 3146 sive
1874 3094 1998 3161 quid
2034 3095 2338 3163 hujusmodi

2426 635 2516 670 τον
2549 617 2932 688 προσγίνεσθαι
2957 617 3035 687 τῷ
3062 616 3201 686 Θεῷ.
3229 617 3384 669 Οῦτω
3399 616 3462 687 δὴ
3490 617 3581 670 καὶ
3610 615 3738 669 ὅταν
3772 617 4008 685 ἀγέννη-

2426 726 2537 775 τον,
2592 711 2674 762 ὃτι
2724 709 3009 780 Μηδεμιᾶς
3060 709 3240 772 αἰτίας
3290 710 3423 778 μήτε
3471 708 3645 779 ἀρχῆς
3679 709 3912 778 ὲξῆφθαι
3947 710 4007 762 τὸ

2429 798 2567 854 εἶναι
2592 801 2684 855 τοῦ
2706 802 2841 855 Θεοῦ
2864 802 3110 874 νομίσῃς.
3142 802 3251 855 Καὶ
3273 801 3429 865 ὅλως,
3458 801 3514 866 ἐξ
3538 803 3768 855 ἑκάστου
3797 800 4009 855 τούτων

2428 893 2785 964 διδασκόμεθα
2841 893 2912 965 μὴ
2950 896 3029 956 είς
3083 894 3349 964 ἀπρεπεῖς
3401 893 3608 954 ἐννοίας
3633 895 3690 945 ὲν
3715 894 3835 955 ταῖς
3871 894 4008 961 περὶ

2428 983 2562 1038 Θεοῦ
2607 985 2899 1055 ὑπολήψεσι
2941 984 3320 1039 καταπίπτειν.
3361 983 3566 1036 Οὐκοῦν
3594 984 3679 1036 ἴνα
3705 983 3765 1036 τὸ
3788 984 4006 1054 ἐξαίρε-

2426 1092 2517 1127 τον
2551 1075 2740 1145 ἰδίωμα
2774 1075 2865 1128 τοῦ
2911 1075 3046 1129 Θεοῦ
3081 1076 3411 1146 ὲπιγνῶμεν,
3454 1075 3870 1146 ἀπαγορεύομεν
3909 1075 4007 1129 ἀλε-

2427 1165 2607 1235 λήλοις
2656 1168 2712 1219 ὲν
2742 1169 2852 1230 τοῖς
2878 1168 3004 1238 περὶ
3032 1165 3166 1220 Θεοῦ
3205 1166 3402 1234 λόγοις,
3437 1167 3510 1236 μὴ
3545 1167 3876 1235 καταφέρειν
3907 1166 4009 1228 τὰς

2426 1259 2662 1322 διανοίας
2702 1258 2810 1326 (66)
2842 1262 2920 1322 εἰς
2955 1259 2990 1312 ἀ
3034 1259 3107 1330 μὴ
3142 1260 3240 1320 δεῖ,
3279 1260 3364 1312 ἵνα
3420 1260 3624 1329 μήποτε
3659 1257 3921 1327 οἱηθῶσιν
3951 1257 4009 1308 ἓν

2426 1353 2532 1406 τῶν
2565 1353 2841 1423 φθαρτῶν,
2873 1352 2904 1422 ἢ
2945 1353 2999 1404 ἒν
3036 1352 3141 1405 τῶν
3175 1351 3403 1419 ὁρατῶν,
3437 1351 3469 1422 ἦ
3504 1350 3560 1402 ἒν
3589 1351 3694 1403 τῶν
3725 1350 4009 1419 γεννητῶν

2427 1448 2514 1501 τὸν
2544 1448 2674 1500 Θεὸν
2721 1447 2984 1517 ὑπάρχειν
3032 1447 3080 1497 οἱ
3112 1443 3404 1516 ἄνθρωποι.
3449 1445 3611 1496 Ὥστε
3662 1445 3749 1496 διὰ
3800 1442 4009 1496 τούτων

2427 1555 2490 1606 γε
2534 1538 2647 1607 (67)
2703 1537 2956 1590 ἁπάντων
3005 1534 3111 1587 τῶν
3171 1534 3634 1606 ἀπηγορευμένων
3697 1537 4005 1606 ὀνομάτων,

2426 1631 2585 1683 οἱονεὶ
2616 1628 2924 1701 ἀπάρνησίς
2968 1628 3051 1692 τίς
3093 1627 3208 1678 ἐστι
3256 1625 3349 1678 τοῦ
3380 1626 3682 1698 ἀλλοτρίου,
3719 1627 4011 1698 διαρθροῦ-

2432 1723 2596 1793 μένης
2619 1725 2649 1792 ἡ
2661 1723 2776 1791 μῶν
2797 1723 2896 1791 τῆς
2929 1719 3182 1782 διανοίας,
3215 1717 3310 1770 καὶ
3339 1717 3434 1781 τὰς
3472 1720 3602 1788 περὶ
3646 1718 3758 1789 (68)
3789 1719 3900 1772 τῶν
3935 1720 4010 1790 μὴ

2432 1814 2738 1883 προσόντων
2781 1811 2928 1882 αὑτῷ
2977 1809 3273 1881 ὑπολήψεις
3336 1808 3751 1880 ἀποτιθεμένης.
3811 1811 4007 1873 Πάλιν,

2433 1903 2630 1970 ἀγαθὸν
2671 1902 2898 1973 λέγομεν
2943 1902 3031 1954 τὸν
3062 1901 3213 1965 Θεὸν,
3251 1899 3344 1952 καὶ
3365 1899 3589 1960 δίκαιον,
3621 1902 3712 1952 καὶ
3750 1893 4006 1972 δημιουρὶ

2433 1994 2526 2062 γὸν
2549 2035 2562 2053 ,
2593 1995 2685 2046 καὶ
2721 1995 2933 2066 κριτὴν,
2964 1995 3056 2046 καὶ
3083 1993 3218 2048 ἄλλα
3238 1994 3337 2046 ὅσα
3369 1991 3611 2046 τοιαῦτα.
3650 1994 3738 2055 Ὠς
3770 1990 3868 2046 οὗν
3897 1994 4011 2061 (69)

2433 2088 2520 2138 ἐπ’
2554 2085 2776 2137 ἐκείνων
2803 2085 3053 2156 ἁθέτησίν
3084 2102 3204 2140 τινα
3245 2085 3338 2139 καὶ
3369 2085 3738 2155 ἀπαγόρευσιν
3777 2084 3888 2137 τῶν
3920 2086 4015 2138 ἀλ-

2433 2177 2660 2249 λοτρίων
2719 2176 2813 2229 τοῦ
2863 2177 2994 2229 Θεοῦ
3059 2179 3352 2247 ἐσήμαινον
3388 2179 3444 2230 αί
3502 2179 3698 2246 φωναὶ,
3732 2176 3908 2240 οὕτως
3939 2180 4015 2229 ὲν-

2435 2271 2607 2325 ταῦθα
2664 2271 2811 2324 θέσιν
2857 2271 2949 2323 καὶ
3000 2270 3231 2339 ὓπαρξιν
3279 2273 3386 2324 τῶν
3416 2273 3630 2326 οἰκείων
3661 2272 3740 2343 τῷ
3767 2271 3889 2343 Θεῴ
3920 2275 4014 2326 καὶ

2436 2364 2754 2436 πρεπόντως
2779 2362 2906 2432 περὶ
2930 2361 3087 2414 αὑτὸν
3109 2361 3492 2432 θεωρουμένων
3520 2366 4010 2435 ἀποσημαίνουσιν.

2448 2458 2544 2510 Ἐκ
2591 2458 2767 2510 τοίνυν
2827 2454 3085 2524 ἑκατέρου
3133 2453 3226 2506 τοῦ
3281 2454 3451 2516 εἴδους
3496 2453 3602 2506 τῶν
3630 2456 4018 2527 προσηγοριῶν

2437 2549 2818 2618 διδασκόμεθα,
2849 2549 2880 2619 ἢ
2916 2548 3041 2618 περὶ
3063 2545 3170 2598 τῶν
3205 2547 3532 2618 προσόντων,
3573 2547 3655 2599 δτι
3700 2549 4014 2617 πρόσεστιν,

2440 2641 2626 2710 ἢπερ).
2676 2642 2783 2691 τῶν
2821 2642 2892 2710 μὴ
2922 2641 3262 2710 προσόντων,
3295 2639 3374 2692 ὅτι
3412 2639 3485 2710 μὴ
3530 2640 3808 2710 πρόσεστι.
3856 2640 3928 2692 Τό
3954 2657 4017 2708 γε

2444 2733 2548 2805 μὴν
2569 2731 2902 2800 ἀγέννητον
2929 2733 3032 2783 τῶν
3060 2733 3132 2800 μὴ
3163 2731 3472 2801 προσόντων
3504 2732 3621 2783 ἐστὶ
3650 2731 4015 2800 σημαντικόν

2439 2823 2588 2896 δηλοῖ
2625 2821 2730 2894 γὰρ
2753 2821 2814 2872 τὸ
2862 2820 2934 2890 μὴ
2962 2824 3239 2891 προσεῖναι
3280 2821 3532 2889 γέννησιν
3577 2821 3654 2892 τῷ
3685 2822 3824 2890 Θεῷ.
3850 2822 4020 2874 Τοῦτο

2439 2917 2495 2970 δὲ
2527 2916 2632 2969 εἴτε
2663 2911 3036 2984 ἀφαιρετικὸν.
3077 2911 3182 2962 εἴτε
3206 2912 3688 2983 ἀπαγορευτικδνῆ
3724 2913 4020 2981 ἀρνητικὸν

2439 3026 2492 3061 τι
2539 3005 2776 3060 τοιοῦτον
2812 3000 3050 3072 βούλοιτό
3104 3017 3186 3062 τις
3231 2999 3656 3070 προσαγορεύειν
3681 3041 3694 3062 ,
3724 3003 3787 3052 οὐ
3822 3001 4018 3054 διοισό-

2446 3099 2604 3170 μεθα.
2633 3099 2754 3151 Ὅτι
2801 3095 2858 3148 δὲ
2885 3096 2945 3147 οὺ
2973 3091 3078 3146 τῶν
3106 3091 3460 3163 ὑπαρχόντων
3489 3089 3566 3142 τῶ
3597 3090 3718 3160 Θεῷ
3753 3107 3819 3159 ση
3827 3107 4018 3159 pay-:1-

775 3181 1047 3251 appellare
1088 3182 1335 3242 voluerit.
1371 3183 1508 3234 baud
1539 3185 1944 3237 cootendemus.
1983 3184 2134 3250 Quod
2161 3198 2338 3241 autem
2369 3223 2409 3278 ο
2443 3211 2445 3217 ·

2369 3223 2409 3278 C
2443 3191 2537 3243 κόν
2596 3191 2710 3241 ἐστι
2757 3186 2816 3239 τὸ
2852 3186 3172 3254 ἀγέννητον,
3211 3182 3522 3254 ἀρκούντως
3551 3178 3703 3252 οἶμαι
3731 3182 4018 3253 δηλοῦσθαι

775 3274 903 3327 nihil
935 3288 1122 3327 eorum
1160 3288 1279 3342 quae
1311 3273 1363 3327 in
1415 3273 1521 3329 Deo
1555 3276 1736 3330 insunt
1783 3277 2054 3346 signiticet
2113 3278 2338 3348 ingeniti

773 3381 898 3442 vox,
934 3381 997 3420 ex
1027 3366 1137 3434 jam
1177 3366 1335 3420 dictis
1377 3369 1510 3420 satis
1549 3368 1878 3421 declaratum
1928 3384 2046 3423 esse
2085 3380 2232 3437 puto.
2269 3372 2337 3424 At

775 3457 1072 3509 substantia
1110 3471 1216 3510 non
1261 3466 1341 3509 est
1388 3457 1676 3526 quidquam
1725 3474 1912 3511 eorum
1959 3475 2078 3527 quze
2109 3476 2213 3513 non
2247 3462 2341 3514 ad-

778 3554 944 3600 sunt:
973 3545 1069 3599 sed
1106 3555 1189 3600 est
1238 3545 1408 3614 ipsum
1463 3562 1574 3599 esse
1612 3546 1726 3610 Dei,
1775 3547 1917 3614 quod
1955 3547 2095 3599 inter
2132 3560 2193 3600 ea
2222 3562 2340 3614 qua:

780 3651 884 3698 non
903 3647 1048 3699 sunt,
1073 3651 1448 3702 annumerarc,
1479 3653 1699 3691 summa:
1727 3636 1973 3691 amentia:
1997 3646 2097 3692 est.
2129 3636 2338 3692 Etenim

785 3730 828 3783 si
865 3730 1163 3782 substantia
1210 3732 1261 3783 in
1308 3745 1532 3783 numero
1563 3746 1747 3784 eorum
1788 3747 1906 3799 qua:
1943 3746 2049 3785 non
2086 3740 2229 3792 sunt,
2265 3731 2335 3783 lo-

779 3831 953 3885 catur,
980 3819 1144 3871 multo
1163 3821 1336 3873 minus
1355 3821 1492 3872 aliud
1522 3821 1789 3889 quidpiam
1815 3837 1998 3876 eorum
2021 3839 2138 3892 quae
2157 3825 2220 3878 de
2241 3823 2345 3877 Deo

781 3913 1051 3977 dieuntur,
1086 3911 1263 3966 fuerit.
1305 3912 1733 3968 Demonstratum
1770 3922 1853 3968 est
1907 3923 2107 3979 autem,
2139 3914 2346 3984 ingeni-

782 4007 818 4056 ti
845 4020 1028 4058 vocem
1053 4005 1188 4059 inter
1204 4022 1264 4059 ea
1286 4022 1404 4074 quaa
1423 4023 1523 4060 non
1557 4006 1766 4072 adsunt,
1794 4007 2096 4069 numerari;
2125 4009 2345 4060 mendax

781 4105 864 4149 est
899 4094 1060 4162 igitur
1088 4097 1176 4163 qui
1212 4097 1309 4149 hac
1331 4114 1457 4150 voce
1482 4099 1833 4151 substantiam
1865 4086 2152 4164 significari
2178 4107 2345 4164 putat.

858 4188 944 4240 il.
985 4187 1055 4240 At
1087 4204 1215 4241 vero
1249 4189 1544 4243 Eunomius
1578 4190 1778 4256 aliquid
1814 4192 1878 4242 de
1906 4191 2012 4243 Deo
2053 4192 2344 4256 secundum

787 4283 1139 4350 privationem
1182 4281 1286 4335 dici
1316 4297 1456 4351 :egre
1493 4282 1693 4344 ferens,
1728 4293 1978 4349 tanquam
2008 4284 2050 4336 si
2089 4300 2171 4336 res
2202 4291 2347 4336 esset

788 4372 1038 4435 absurda,
1084 4372 1150 4426 ad
1190 4371 1577 4442 religiosiorem
1613 4371 1818 4426 scilicet
1860 4369 2186 4424 sententiam
2218 4385 2348 4423 cou-

864 4551 972 4619 (66)
1011 4551 1279 4620 Scriptum
1327 4553 1380 4605 in
1436 4554 1677 4618 margine
1714 4552 1845 4620 Reg.
1895 4553 2068 4618 quarti
2119 4549 2347 4612 ἐννοίας.

794 4622 987 4677 Statim
1024 4624 1162 4676 idem
1190 4623 1357 4677 codex
1397 4625 1603 4692 μήποτε
1630 4623 1899 4692 οἰηθῶμεν
1930 4624 2020 4674 sed
2054 4623 2181 4675 illud
2213 4621 2353 4688 quod

794 4694 952 4760 paulo
977 4705 1097 4762 post
1119 4694 1333 4763 legitur,
1361 4693 1408 4745 οἱ
1434 4693 1731 4764 ἄνθρωποι,
1765 4710 1828 4745 eo
1877 4694 1929 4744 in
1978 4695 2163 4748 codice
2197 4694 2356 4746 omit-

796 4775 942 4817 llllll‘.

867 4834 976 4902 (67)
1011 4831 1208 4888 Vocula
1240 4851 1302 4900 γε
1335 4834 1385 4886 in
1418 4835 1606 4899 majori
1641 4845 1793 4901 parte
1825 4846 1954 4886 mss.
1986 4833 2158 4886 deest.

868 4905 976 4972 (68)
1012 4903 1172 4967 lllud,
1195 4904 1414 4968 καὶτὰς
1449 4905 1595 4972 περί,
1632 4915 1762 4966 etc.,
1801 4904 1865 4956 ad
1913 4905 2130 4955 verbum
2161 4905 2239 4956 sic
2275 4903 2357 4954 in-

801 4976 1209 5038 terpretabere:
1260 4987 1304 5029 et
1339 4977 1546 5038 deponit
1602 4975 1866 5041 opiniones
1901 4990 2072 5026 rerum
2101 4991 2216 5042 qua'
2251 4974 2357 5026 Deo

800 5063 899 5098 non
924 5047 1135 5098 adsunt.

872 5114 982 5182 (69)
1011 5116 1132 5167 llaac
1150 5115 1334 5174 verba,
1366 5116 1450 5177 Ὠς
1469 5113 1582 5179 οὖν,
1614 5126 1743 5174 etc.,
1774 5116 1848 5168 sic
1872 5116 2069 5168 debent
2097 5114 2313 5178 intelligi
2342 5129 2353 5163 :

805 5187 1256 5254 quemadmodum
1298 5189 1510 5239 nomina
1545 5188 1828 5253 privativa.
1856 5188 2029 5252 qualia
2065 5196 2187 5237 situt
2219 5185 2358 5236 indi-

800 5255 1020 5316 uisibile,
1044 5255 1451 5324 incorruptibile.
1481 5269 1607 5316 etc.,
1644 5268 1923 5309 removent
1947 5271 1974 5307 a
2016 5257 2123 5308 Deo
2153 5256 2355 5322 cogita-

804 5328 979 5379 tiones
1001 5326 1260 5390 quasdam
1305 5343 1318 5380 :
1359 5328 1429 5378 ita
1479 5343 1539 5381 ea
1575 5328 1787 5379 nomina
1841 5341 1958 5392 qn:e
2005 5328 2358 5390 privationem

802 5412 906 5450 non
939 5394 1250 5461 prmierunt,
1280 5399 1419 5462 quod
1438 5413 1600 5464 genus
1625 5406 1746 5447 sunt
1782 5398 1967 5456 bonus,
1991 5396 2192 5462 justus,
2222 5412 2363 5448 crea-

804 5477 907 5522 tor.
938 5477 1068 5522 etc.,
1097 5467 1381 5532 positivum
1409 5468 1659 5531 Quiddam
1693 5469 1743 5518 in
1772 5468 1876 5518 Deo
1912 5467 2218 5519 ostendunt.

876 5536 988 5602 (70)
1025 5534 1159 5607 [illiti
1193 5537 1353 5607 σχολή
1391 5539 1440 5605 γ’
1466 5537 1550 5591 ἄν.
1595 5538 1723 5604 Ileg.
1755 5537 1945 5590 tertius
1983 5535 2142 5604 σχολή
2180 5554 2241 5602 γε
2276 5535 2358 5588 ἄν.

806 5606 982 5658 Codex
1019 5604 1173 5657 Colb.
1205 5604 1580 5660 ctnu'dnobns
1613 5607 1789 5664 Regiis
1839 5607 2020 5675 σχολῇ.
2059 5609 2209 5659 bene.
2256 5607 2364 5659 lloc

808 5677 940 5728 dicit
975 5675 1208 5730 Basilius
1241 5696 1252 5729 :
1290 5678 1345 5731 Si
1381 5679 1676 5731 substantia
1716 5679 1926 5730 locatur
1981 5681 2118 5729 inter
2153 5692 2212 5728 ca
2245 5693 2364 5744 qua:

810 5746 862 5796 in
901 5744 1006 5797 Déo
1037 5748 1260 5812 positiva
1309 5763 1410 5801 non
1467 5759 1592 5801 sunt
1648 5763 1662 5800 :
1729 5749 1885 5814 longe
1951 5747 2122 5798 minus
2153 5749 2364 5811 quidvis

809 5817 953 5870 aliud
979 5829 1185 5883 eorum,
1220 5833 1336 5886 quae
1384 5819 1448 5872 de
1505 5819 1609 5869 Deo
1671 5820 2052 5880 praedicantur,
2102 5818 2365 5870 lucabitut‘

2443 3283 2554 3343 τοῖς
2578 3279 2904 3351 εἰρημένοις.
2942 3277 3004 3329 Ἢ
3028 3276 3082 3328 δὲ
3127 3275 3282 3328 οῦσία
3309 3277 3406 3343 οὑχ
3439 3275 3496 3326 ἓν
3524 3292 3576 3327 τι
3597 3274 3706 3327 τῶν
3740 3274 3814 3345 μὴ
3852 3293 4019 3347 προσ-

2441 3373 2608 3425 όντων
2647 3372 2812 3432 έστὶν,
2844 3369 2958 3422 ἀλλ’
2990 3369 3118 3421 αὐτὸ
3167 3368 3226 3421 τὸ
3270 3363 3418 3420 εἷναι
3445 3367 3538 3418 τοῦ
3581 3366 3747 3430 Θεοῦ,
3781 3370 3919 3440 ὅπερ
3965 3371 4021 3420 ὲν

2444 3468 2556 3527 τοῖς
2588 3465 2661 3534 μὴ
2696 3459 2813 3516 οὖσι
2856 3461 3210 3530 καταριθμεῖν
3263 3460 3560 3531 παρανοίας
3591 3462 3709 3514 ἐστὶ
3755 3461 3853 3530 τῆς
3881 3464 4020 3514 ἀνω-

2445 3554 2610 3605 τάτω.
2665 3554 2725 3603 El
2756 3551 2863 3621 γὰρ
2900 3553 2931 3618 ἡ
2978 3551 3136 3602 οὐσία
3177 3552 3232 3600 ὲν
3283 3552 3394 3612 τοῖς
3439 3551 3513 3620 μὴ
3557 3547 3696 3612 οὖσι,
3755 3552 3918 3622 σχολῇ
3959 3568 4021 3619 γε

2446 3643 2512 3697 ἂν
2544 3643 2651 3712 (70)
2689 3643 2813 3696 ἄλλο
2839 3659 2891 3693 τι
2926 3641 3032 3693 τῶν
3055 3639 3357 3709 λεγομένων
3388 3642 3470 3710 εἴη
3519 3642 3799 3696 Δέδεικται
3829 3645 3887 3697 δὲ
3914 3645 4019 3714 ἄρα

2449 3735 2510 3788 τὸ
2543 3735 2831 3803 ἀγέννητον
2865 3736 2977 3795 τοῖς
3007 3731 3079 3802 μὴ
3117 3730 3376 3802 προσ-οὖσι
3415 3737 3844 3801 συντεταγμένον
3875 3737 3984 3806 (7|)
4005 3752 4020 3766 ⁸

2452 3828 2590 3881 ὥστε
2618 3829 2819 3898 ψευδὴς
2855 3830 2882 3880 ό
2913 3826 3191 3896 τιθέμενος
3213 3825 3310 3896 τῆς
3339 3824 3524 3889 οὐσίας
3556 3825 3727 3895 αὐτῆς
3757 3822 3896 3879 εἶναι
3926 3829 4022 3897 τὴν

2456 3923 2636 3991 φωνὴν
2665 3921 2866 3988 ταύτην
2887 3919 3205 3991 δηλωτικήν.

2525 4180 2610 4234 il.
2651 4181 2709 4233 Ὀ
2737 4180 2814 4244 δὲ,
2849 4180 2923 4245 ὡς
2951 4181 3036 4233 ἐπ’
3076 4180 3258 4252 ἀτόπῳ
3283 4181 3358 4250 τῷ
3397 4180 3536 4233 κατά
3575 4181 3830 4253 στέρησίν
3863 4201 3914 4236 τι
3938 4183 4021 4236 λέ-

2453 4275 2643 4342 γεσθαι
2670 4275 2796 4344 περὶ
2843 4274 2977 4327 Θεοῦ
3021 4274 3416 4343 δυσχεραίνων,
3463 4273 3554 4326 ἐπὶ
3600 4274 3659 4327 τὸ
3710 4277 4020 4328 εὐσεϐἐστε⁹

2455 4383 2546 4437 ρον
2573 4367 2684 4436 (72)
2717 4366 2879 4434 δῆθεν
2920 4365 3285 4434 καταφεύγει,
3310 4365 3370 4419 τὸ
3396 4368 3474 4431 εἰς
3507 4367 3675 4438 αὐτὴν
3712 4368 3811 4438 τὴν
3839 4369 4021 4420 οὐσίαν

2461 4558 2600 4602 .ntcr
2626 4564 2687 4602 ea
2722 4563 2840 4617 qua:
2895 4551 3118 4619 positiva
3153 4561 3278 4605 sunt
3327 4550 3381 4603 in
3440 4549 3568 4603 Deo.
3623 4549 3837 4603 Etenim
3891 4551 4017 4604 nihil

2457 4635 2610 4686 aeque
2643 4621 2883 4689 designat
2941 4622 2990 4673 in
3043 4621 3148 4673 Deo
3199 4621 3483 4689 positivum
3533 4619 3814 4686 quiddam,
3865 4633 4021 4685 atque

2458 4688 2933 4757 substantia’ipsa,
2968 4707 3127 4759 quam
3164 4688 3402 4759 omnium
3429 4688 3599 4741 basim
3630 4707 3749 4744 esse
3787 4691 4014 4745 co‘nstat.

2458 4761 2533 4814 Ex
2565 4761 2757 4826 quibus
2778 4761 2953 4827 colligi
2986 4762 3160 4817 debet,
3198 4758 3471 4828 Basilium,
3508 4770 3564 4813 nt
3593 4761 3726 4814 alias
3753 4777 3920 4828 strpe,
3950 4763 4018 4812 ita

2459 4832 2546 4884 hic
2571 4831 2923 4894 ἐλλειπτικῶς
2956 4831 3186 4896 locutum
3241 4827 3430 4892 fuisse,
3469 4831 3546 4882 sic
3590 4843 3645 4882 ut
3676 4842 3796 4896 post
3834 4827 4016 4885 vorem

2459 4901 2544 4969 εἴη
2577 4903 2924 4954 snliaudiatur
2953 4902 3008 4952 έν
3036 4894 3173 4960 οὖσι,
3205 4900 3256 4950 in
3308 4894 3837 4966 exstantibusaquas
3889 4903 4016 4953 duas

2463 4985 2618 5023 voces
2655 4969 2873 5024 Latinas
2933 4971 2982 5021 in
3047 4972 3488 5038 interpretatione
3544 4987 3758 5039 quoque
3819 4969 4016 5024 subau-

2459 5041 2679 5093 diendas
2706 5056 2824 5091 esse.
2850 5055 3059 5093 moneo.

2532 5111 2641 5177 (71)
2672 5112 2807 5164 Editi
2833 5112 2890 5164 έν
2913 5115 3023 5174 τοῖς
3052 5111 3124 5180 μὴ
3154 5109 3414 5182 προσοῦσι
3445 5110 4015 5179 τεταγμένον.Αιηιεε.

2462 5180 2699 5250 plerique
2735 5196 2922 5234 omnes
2957 5195 3013 5235 ut
3038 5185 3087 5235 in
3118 5180 3388 5235 contextu.

2535 5251 2644 5321 (72)
2678 5251 2968 5321 lnterpres,
2993 5255 3104 5320 qui,
3130 5263 3185 5304 ut
3218 5261 3367 5317 puto,
3403 5250 3504 5304 sibi
3552 5251 3882 5319 persuadere
3915 5264 4012 5303 non

2463 5333 2692 5389 poterat,
2729 5325 3022 5390 quidquam
3055 5324 3138 5390 pie
3171 5325 3237 5374 ab
3269 5321 3530 5374 Eunomio
3572 5321 3773 5371 dic-tum
3833 5323 4013 5380 fuisse,

2464 5394 2562 5444 sibi
2599 5395 2744 5446 visus
2771 5404 2851 5446 est
2898 5394 3072 5464 legere
3115 5393 3206 5464 én‘f.
3249 5393 3309 5464 το
3355 5390 4014 5464 ἀσεϐέστερονηιιιιᾼοιιὶιιι

2462 5465 2626 5516 vertit
2668 5479 2680 5515 ζ
2717 5464 2783 5516 ad
2815 5459 3153 5528 aliudv‘maqis
3184 5463 3337 5526 impie
3365 5463 3558 5512 dictum
3590 5459 3804 5528 refugit.
3844 5459 4017 5513 Sedet

2463 5533 2589 5584 editi
2615 5544 2668 5585 et
2703 5550 2827 5586 mss.
2860 5535 3051 5586 habent
3084 5534 3173 5585 ἐπὶ
3201 5533 3258 5584 τὸ
3292 5530 3692 5599 εὐσεϐέστερον,
3725 5533 3794 5584 ad
3825 5531 4016 5598 aliquid

2464 5604 2630 5671 magis
2681 5603 2823 5667 pium
2879 5603 3156 5671 confugit:
3209 5604 3346 5670 quod
3383 5603 3586 5671 ironit-e
3632 5603 3834 5671 dictum
3883 5614 4013 5657 esse.

2466 5669 2625 5724 nemo
2654 5690 2757 5725 non
2783 5674 2942 5725 videt.
2986 5669 3092 5723 non
3126 5674 3239 5738 ipso
3274 5673 3324 5724 in
3375 5672 3491 5722 loco
3519 5669 3684 5723 editio
3719 5670 3888 5723 Paris.
3929 5684 4016 5721 κα-

2464 5745 2743 5810 ταφεύγει,
2768 5745 2859 5796 καὶ
2879 5741 3043 5812 αὐτὴν
3067 5743 3158 5811 τὴν
3179 5741 3362 5812 οὐσίαν
3388 5739 3594 5794 τίθεται
3621 5742 3688 5794 τὺ
3713 5741 4013 5812 ἀγέννητον.

2469 5812 2643 5869 Editio
2684 5815 2812 5867 Ven.
2843 5810 3194 5881 καταφεύγει,
3222 5811 3296 5882 τῷ
3323 5813 3514 5882 αὐτήν,
3545 5823 3675 5873 etc.,
3716 5823 3773 5864 ut
3829 5813 3880 5864 iu
3918 5810 4020 5865 edi-
