4230 6546
238 528 341 585 537

1315 515 1678 572 ADVERSUS
1718 510 2080 570 EUNOMlUM
2120 513 2247 566 LIB.
2290 512 2331 563 l.

3336 512 3435 565 55$

232 640 476 698 τίθεσθαι
501 640 562 694 τὸ
591 642 902 709 ἀγέννητον,
931 636 1023 689 καὶ
1045 636 1287 703 συνάγων
1319 632 1492 702 ἑαυτῷ
1518 632 1608 685 τὸν
1631 633 1785 700 λόγον
1817 635 1859 689 Α
1890 628 1902 681 l

1769 648 1785 682 ν
1817 635 1859 689 Α
1890 627 2058 698 fugit;
2085 643 2149 682 eo
2176 627 2454 687 nimirum,
2485 632 2541 676 ut
2580 626 2630 675 in
2669 628 2780 692 ipsa
2818 624 3116 679 substantia
3145 622 3439 689 ingenitum

234 731 374 804 πρὸς
398 732 460 785 τὸ
479 730 790 801 κεφάλαιον,
821 724 962 779 οὕτω
983 725 1202 794 γράψει’

311 905 467 961 ΕΥΝ.
501 901 707 957 Οὐκοῦν
728 943 743 969 ,
775 903 824 955 εἰ
855 901 990 971 μήτε
1028 902 1144 953 κατ’
1179 902 1451 962 ἐπίνοιαν,
1485 901 1617 971 μήτε
1653 900 1792 954 κατά

237 997 525 1069 στέρησιν,
560 995 695 1065 μήτε
733 995 790 1047 έν
831 992 983 1064 μέρει
1011 993 1239 1064 (ἀμερὴς
1265 990 1416 1060 γὰρ),
1451 993 1587 1062 μήτε
1618 994 1675 1046 ὲν
1699 993 1795 1047 αὑ-

236 1089 317 1159 τῷ
343 1090 416 1151 ὼς
437 1088 618 1159 ἕτερον
649 1086 871 1157 (ἁπλοῦς
895 1084 1044 1158 γὰρ),
1077 1090 1214 1159 μήτε
1256 1087 1384 1157 παρ’
1415 1085 1574 1141 αὑτὸν
1610 1085 1794 1158 ἕτερον

239 1176 342 1251 (εἷς
366 1181 470 1250 γὰρ
511 1181 604 1232 καὶ
653 1179 809 1250 μόνος
846 1179 1192 1252 ἀγέννητος),
1239 1178 1369 1232 αὐτὸ
1402 1177 1468 1233 ἂν
1509 1177 1592 1248 εἴη
1643 1179 1795 1231 οὐσία

235 1275 554 1343 ἀγέννητος.

315 1452 460 1508 ΒΑΣ.
493 1455 700 1522 Ἥγαγε
728 1453 817 1505 τὸν
845 1451 1001 1520 λόγον
1043 1451 1126 1520 ἐφ’
1156 1450 1191 1506 ἀ
1223 1451 1498 1516 ἐϐούλετο,
1539 1451 1629 1504 καὶ
1660 1467 1795 1502 παν-

236 1544 465 1614 ταχόθεν
505 1544 566 1598 τὸ
619 1544 910 1614 ἀγέννητον
949 1545 1300 1610 ἀποσπάσας,
1346 1547 1424 1608 είς
1474 1545 1641 1614 αὐτὴν
1685 1543 1795 1613 (75)

247 1639 559 1708 συνήλασεν,
606 1636 682 1700 ὡς
737 1635 892 1706 ῷετο,
926 1637 1020 1710 τὴν
1047 1641 1265 1695 οὐσίαν·
1325 1637 1491 1691 εἰπὼν
1537 1640 1663 1711 περὶ
1704 1637 1796 1692 τοῦ

239 1728 378 1782 Θεοῦ
417 1729 522 1782 τῶν
563 1727 718 1790 ὅλων,
756 1728 836 1781 ὅτι
881 1730 1009 1783 αὐτὸ
1053 1732 1117 1785 ἂν
1167 1732 1250 1800 εἴη
1296 1729 1448 1782 οὐσία
1487 1730 1793 1801 ἀγέννητος.

253 1819 396 1888 Ἐγὼ
419 1820 473 1872 δὲ
518 1820 615 1891 τὴν
656 1821 753 1891 μὲν
804 1821 987 1875 υὺσίαν
1018 1823 1110 1876 τοῦ
1160 1820 1292 1874 Θεοῦ
1342 1821 1628 1892 ἀγέννητον
1661 1819 1798 1875 εἶναι

239 1914 336 1966 καὶ
352 1913 511 1976 αὐτὸς
543 1913 606 1966 ἃν
638 1915 819 1985 φαίην,
848 1914 907 1967 οὺ
941 1913 1045 1984 μὴν
1073 1915 1131 1966 τὸ
1153 1913 1441 1984 ἀγέννητον
1465 1913 1562 1984 τὴν
1590 1914 1794 1966 οὐσίαν.

244 2007 476 2060 Ἔπειτα
509 2007 688 2076 μέντοι
710 2006 943 2075 κάκείνῳ
968 2007 1250 2077 προσέχειν
1275 2007 1440 2072 ἄξιον,
1473 2007 1552 2059 ὅτι
1582 2007 1642 2058 τὸ
1669 2008 1801 2078 ἀμε-
1833 1996 1874 2049 Β

242 2097 335 2169 ρὲς
362 2098 454 2149 καὶ
480 2095 539 2148 τὸ
567 2093 786 2159 ἁπλοῦν,
813 2096 1002 2149 ταυτὸν
1044 2097 1281 2169 ὑπάρχον
1305 2099 1443 2152 κατά
1475 2097 1570 2168 τὴν
1599 2097 1802 2150 ἔννοιαν

241 2188 470 2258 (ἀμερές
496 2204 553 2240 τε
584 2187 692 2258 (74)
721 2188 828 2259 γάρ
866 2191 979 2242 ἐστι
1004 2188 1064 2242 τὸ
1095 2189 1168 2261 μὴ
1199 2193 1262 2243 ὲκ
1305 2188 1485 2260 μερῶν
1517 2189 1804 2257 συγκείμε-

239 2294 350 2344 νον,
381 2280 474 2332 καὶ
506 2279 708 2332 ἁπλοῦν
737 2279 993 2343 ὡσαύτως
1017 2281 1076 2333 τὸ
1104 2281 1176 2350 μὴ
1223 2281 1287 2330 ὲκ
1315 2279 1574 2332 πλειόνων
1596 2279 1691 2349 τὴν
1720 2277 1805 2330 σύ-

241 2385 433 2422 στασιν
480 2368 642 2440 ἔχον),
682 2365 833 2432 οὗτος
881 2369 955 2431 ὼς
976 2368 1298 2437 διαφέροντα
1341 2365 1418 2436 τῷ
1465 2364 1804 2435 ὑποκειμένῳ

239 2458 506 2528 διίστησιν
534 2461 625 2513 ἀπ’
650 2458 910 2527 ἀλλήλων.
945 2452 1076 2508 Εἶτα
1100 2456 1429 2529 ἀπαγορεύει
1463 2457 1536 2528 μὴ
1565 2456 1672 2509 δεῖν
1703 2474 1803 2509 κα-

239 2551 560 2622 ταμερίζειν
588 2552 676 2604 τὸν
710 2550 861 2612 Θεὸν,
896 2549 1028 2620 μηδὲ
1067 2550 1126 2602 τὸ
1161 2549 1259 2620 μέν
1300 2567 1351 2601 τι
1383 2548 1544 2600 αὑτοῦ
1580 2549 1806 2617 ἀγέννη-

239 2659 356 2703 τον,
381 2641 442 2694 τδ
472 2642 527 2696 δὲ
551 2641 805 2713 γεννητὸν
849 2641 1202 2694 ὑποπτεύεινο
1253 2641 1376 2710 μηδ’
1419 2636 1483 2693 αὖ
1530 2640 1806 2707 ἐγκεῖσθαι

241 2735 320 2797 ὡς
347 2733 529 2805 ἕτερον
550 2735 605 2788 ὲν
636 2733 806 2804 ἑτέρῳ
834 2733 1069 2804 νομίζειν
1091 2731 1238 2802 αὐτῷ
1265 2733 1321 2784 τὸ
1348 2732 1654 2804 ἀγέννητον.
1676 2731 1808 2784 Τού-

241 2842 354 2877 των
392 2823 448 2876 δὲ
482 2824 541 2876 τὸ
585 2823 809 2895 μάταιον
857 2823 1076 2878 ἀποκνῶ
1108 2823 1419 2894 διελέγχειν.
1470 2825 1652 2877 Ἔοικε
1700 2824 1807 2895 γάρ

244 2931 363 2976 πως
386 2914 850 2984 συνεξομοιοῦσθαι
875 2915 949 2986 τῷ
975 2914 1409 2984 ματαιολογοῦντι
1436 2917 1463 2968 ό
1489 2915 1802 2982 ἀντιλέγων.

245 3005 468 3074 Διόπερ,
492 3000 665 3074 οἶμαι,
693 3008 720 3057 ό
757 3005 918 3072 σοφὸς
952 3008 1236 3075 παρεγγυᾷ
1273 3004 1519 3073 Σολομὼν
1569 3005 1642 3076 μὴ
1679 3007 1808 3058 ἀπο-

245 3093 535 3165 κρίνασθαι
567 3095 676 3164 (73)
701 3095 776 3162 τῷ
811 3095 1001 3168 ἄφρονι
1029 3096 1167 3148 κατά
1198 3096 1292 3166 τὴν
1329 3096 1540 3148 ἐκείνου
1573 3097 1810 3166 ἀφροσύ-

245 3201 364 3254 νην.
404 3183 540 3248 Τοὺς
566 3186 671 3258 γάρ
702 3185 810 3255 (76)
847 3187 982 3256 μήτε
1015 3186 1331 3257 εἰρημένους
1363 3187 1497 3256 μήτε
1525 3185 1810 3256 λεχθέντας

246 3277 380 3330 ποτὲ
407 3277 592 3345 λόγους
615 3277 718 3330 ὑπὸ
742 3276 1002 3347 διαίρεσιν
1035 3277 1259 3348 ἢγαγεν,
1300 3276 1385 3329 ἴνα
1426 3276 1552 3350 δόξῃ
1580 3279 1637 3329 έν
1681 3277 1808 3329 πολ-

243 3368 360 3430 λοῖς
401 3369 512 3429 τοῖς
556 3367 1061 3437 ἀπηριθμημένοις,
1099 3366 1220 3420 καθ’
1261 3366 1354 3420 ἕνα
1396 3366 1553 3438 μόνον
1589 3368 1806 3438 τρόπον,

242 3459 462 3521 οἰκείως
495 3458 824 3529 ἐξευρίσκειν
852 3459 1139 3528 λεγόμενον
1181 3459 1241 3511 τὸ
1294 3459 1601 3531 ἀγέννητον.
1652 3461 1809 3529 ’Ῑίμῖν

243 3552 303 3605 δὲ
355 3551 482 3613 ἴσως
527 3549 766 3612 πλείονος
815 3549 917 3601 ἔδει
955 3548 1112 3616 λόγου
1159 3549 1292 3619 πρὸς
1323 3549 1420 3621 τὴν
1461 3549 1553 3601 τοῦ
1588 3549 1810 3618 ψεύδους

246 3641 612 3712 παράστασιν,
650 3640 744 3693 κα)⁸
781 3641 915 3712 πρὸς
947 3640 1006 3692 τὸ
1031 3640 1228 3704 δεῖξαι,
1257 3641 1338 3693 ὅτι
1379 3657 1484 3711 περ
1528 3641 1625 3694 οὐκ
1656 3643 1812 3695 οὐσία

243 3733 385 3786 Θεοῦ
407 3734 464 3788 τὸ
489 3735 798 3804 ἀγέννητον,
827 3732 982 3805 εἴπερ
1009 3733 1076 3786 τά
1101 3736 1157 3786 ὲν
1186 3736 1249 3804 τῇ
1277 3733 1533 3804 διαιρέσει
1563 3734 1690 3803 παρ’
1724 3736 1808 3787 αὑ-

244 3825 344 3876 τοῦ
375 3826 803 3897 ἀπηριθμημένα
855 3824 928 3897 μὴ
973 3824 1157 3894 σαφῶς
1204 3825 1570 3896 ἐξελήλεγκτο.
1600 3826 1659 3878 Εἰ
1705 3827 1812 3896 γὰρ

252 3915 488 3986 ἰσχυρῶς
534 3911 676 3985 εἶχεν
710 3919 737 3969 ό
776 3917 927 3986 λόγος
971 3916 1138 3988 αὐτῷ,
1169 3917 1248 3969 ὃτι
1280 3916 1400 3970 οὔτε
1433 3920 1550 3971 κατ’
1575 3919 1811 3974 ἐπίνοιαν

246 4005 375 4060 οὔτε
426 4007 562 4059 κατά
615 4007 867 4078 στέρησιν
892 4008 1222 4079 λαμϐάνεται
1263 4012 1322 4064 τὸ
1351 4012 1640 4083 ἀγέννητον
1660 4054 1674 4077 ,
1702 4014 1807 4067 οὐδ’

246 4098 394 4151 οὕτω
426 4098 522 4168 μὲν
545 4098 608 4151 ἂν
633 4099 844 4162 πάντως
867 4101 1181 4154 ἀκολουθίαν
1213 4099 1323 4173 εἶχε
1342 4105 1401 4156 τὸ
1427 4106 1806 4176 συναγόμενον.

248 4189 350 4252 Τίς
371 4190 477 4259 γὰρ
505 4190 538 4259 ἡ
581 4188 813 4260 ἀνάγκη,
847 4191 949 4242 ὑπὸ
979 4191 1034 4243 ἓν
1074 4193 1179 4246 τῶν
1214 4193 1680 4264 ἀπηριθμημένων
1716 4197 1812 4266 τὴν

249 4280 578 4350 ἀγεννησίαν
630 4283 843 4345 πεσεῖν;
884 4282 955 4333 Οὐ
1019 4281 1122 4352 μὴν
1180 4283 1292 4335 ἀλλ’
1327 4284 1508 4354 ἐπειδὴ
1553 4287 1712 4349 αὐτὸς
1741 4287 1814 4349 ῶς

249 4368 560 4434 ἀναγκαίως
585 4369 922 4438 συνημμένον
947 4372 1056 4430 τοῖς
1090 4371 1414 4440 προάγουσιν
1449 4373 1693 4440 ἐπιφέρει
1732 4371 1812 4435 τὸ,

250 4459 462 4513 Οὐκοῦν
489 4462 536 4511 εί
566 4462 674 4529 (77)
708 4465 841 4532 μήτε
882 4461 1000 4514 κατ’
1043 4463 1301 4550 ἐπίνοιαν,
1336 4465 1468 4534 μήτε
1509 4465 1649 4517 κατά
1695 4463 1813 4516 στέ-

255 4568 434 4622 ρησιν,
472 4553 605 4622 μήτε
661 4554 799 4606 κατὰ
838 4555 990 4608 ἀλλον
1029 4554 1148 4607 τινὰ
1199 4554 1305 4608 τῶν
1351 4555 1816 4626 ἀπηριθμημέιων

1890 721 2210 782 constituat;
2238 730 2653 784 sermonemque
2694 718 2744 767 ιιι
2781 730 3044 770 summam
3097 713 3446 779 contrabeus,

1892 812 1962 866 ita
1990 813 2172 866 scribit
2201 827 2213 862 :

1963 902 2093 958 Eun.
2135 901 2300 973 Igitur
2335 901 2377 954 si
2413 913 2590 968 neque
2626 898 2920 953 secundum
2963 897 3302 970 concipiendi
3338 913 3451 952 mn-

1893 991 2041 1055 dum,
2073 1009 2245 1061 neque
2274 991 2563 1047 secundum
2606 989 2985 1058 privationem,
3011 1005 3184 1057 neque
3213 993 3264 1045 in
3299 999 3452 1059 parte

1895 1088 2110 1154 (quippe
2141 1094 2223 1136 est
2269 1083 2652 1150 indivisibilis),
2685 1096 2856 1151 neque
2885 1084 2935 1135 in
2968 1083 3084 1150 ipso
3115 1082 3258 1137 velut
3306 1079 3450 1136 aliud

1897 1178 2144 1250 (simplex
2199 1192 2427 1245 namque
2479 1177 2608 1245 est),
2666 1190 2836 1245 neque
2890 1182 3082 1243 prazter
3136 1187 3257 1227 eum
3309 1173 3451 1228 aliud

1897 1274 2058 1345 (unus
2092 1270 2232 1324 enim
2267 1279 2349 1323 est
2380 1280 2433 1323 et
2474 1270 2618 1323 solos
2642 1266 2932 1338 ingenitus)
2967 1284 2978 1320 :
3014 1267 3112 1320 hoc
3139 1267 3308 1335 ipsum
3337 1265 3452 1320 fue-

1894 1367 1968 1418 rit
1991 1364 2174 1431 utique
2205 1361 2503 1416 substantia
2534 1363 2790 1429 ingenita.

1967 1457 2088 1511 BAS.
2146 1455 2400 1509 Perduxit
2451 1455 2743 1507 orationem
2800 1467 2904 1520 quo
2932 1450 3127 1514 voluit;
3161 1457 3213 1503 et
3241 1457 3452 1518 postea-

1897 1567 2054 1620 quam
2103 1550 2372 1606 undelibet
2420 1549 2712 1616 ingenitum
2763 1548 3014 1608 extrusit,
3063 1545 3114 1598 itt
3163 1543 3349 1610 ipsam,
3399 1551 3458 1595 ut

1897 1646 2117 1711 putavit,
2168 1643 2518 1698 substantiam
2579 1639 2823 1699 intrusit,
2883 1638 3078 1706 quippe
3119 1637 3208 1704 qui
3250 1635 3315 1689 de
3350 1638 3456 1686 Deo

1897 1731 2266 1786 universorum
2322 1731 2561 1792 dixerit,
2607 1730 2746 1797 quod
2804 1727 3093 1795 ingenitum
3152 1728 3264 1796 ipsa
3310 1724 3459 1794 ingv-

1899 1825 2009 1876 nita
2038 1824 2332 1875 substantia
2374 1824 2463 1877 sit.
2515 1821 2636 1890 Ego
2675 1833 2800 1873 vero
2844 1819 3191 1872 substantiam
3238 1817 3328 1872 Dei
3377 1816 3459 1870 itt-

1899 1915 2131 1984 genitam
2162 1927 2301 1971 esse.
2339 1914 2498 1965 etiam
2528 1913 2642 1981 ipse
2681 1911 2930 1974 dixerim,
2965 1924 3066 1963 non
3098 1918 3272 1962 autem
3310 1909 3458 1978 inge—

1905 2009 2078 2062 nitum
2110 2020 2228 2062 esse
2257 2004 2639 2060 substantiam.
2667 2003 2866 2058 Deinde
2894 2002 3019 2056 illud
3057 2015 3267 2070 quoque
3287 2010 3458 2054 atten-

1905 2101 2028 2151 dere
2058 2111 2233 2166 operze
2289 2094 2515 2164 pretium
2565 2107 2667 2157 est,
2700 2097 2841 2164 quod
2892 2092 3222 2146 indivisibile
3251 2099 3304 2145 et
3331 2093 3454 2144 sim-

1905 2190 2048 2257 plex,
2086 2205 2204 2256 quae
2230 2188 2416 2242 eadem
2451 2196 2575 2239 sunt
2609 2187 2745 2238 inter
2787 2199 2844 2238 se
2872 2185 3270 2254 signiﬁcatione
3299 2182 3458 2252 (indi-

1904 2278 2110 2333 visibile
2139 2279 2280 2331 enim
2315 2287 2396 2332 est
2419 2276 2559 2344 quod
2591 2290 2656 2328 ex
2688 2274 2930 2344 partibus
2961 2290 3064 2327 non
3095 2273 3457 2340 componitur,

1903 2381 1957 2426 et
1981 2370 2203 2438 simplex
2253 2368 2502 2422 similiter
2526 2368 2668 2437 quod
2700 2383 2730 2422 e
2763 2367 3004 2436 pluribus
3051 2381 3153 2420 non
3188 2364 3456 2435 constat);

1905 2463 1992 2517 hic
2017 2463 2166 2532 quasi
2203 2461 2415 2516 diversa
2454 2462 2561 2513 sint
2596 2459 2859 2528 subjecto,
2908 2459 3135 2512 alterum
3186 2458 3253 2511 ab
3292 2455 3460 2510 altero

1904 2568 2134 2627 separat.
2173 2557 2362 2612 Postea
2403 2566 2568 2622 vetat,
2627 2555 2792 2610 Deum
2840 2555 3003 2608 dividi
3051 2565 3323 2622 oportere,
3369 2561 3461 2606 aut

1907 2651 2064 2702 aliam
2101 2650 2268 2717 ipsius
2295 2660 2498 2716 partem
2533 2649 2849 2714 ingenitam,
2902 2645 3060 2699 aliain
3109 2646 3342 2714 genitam
3378 2661 3462 2698 su-

1906 2739 2119 2809 spicari,
2146 2749 2239 2792 aut
2267 2753 2458 2792 rursus
2487 2738 2765 2800 arbitrari,
2798 2737 3093 2806 ingenitum
3126 2736 3177 2788 in
3209 2737 3322 2804 ipso
3348 2735 3463 2788 vel-

1907 2841 1965 2886 ut
1995 2830 2136 2884 aliud
2176 2831 2227 2882 itt
2287 2829 2390 2882 alio
2452 2829 2612 2884 situm
2645 2844 2782 2885 esse.
2823 2827 3022 2882 Horum
3066 2836 3242 2881 autem
3281 2828 3461 2879 verbo-

1908 2938 2022 2976 rum
2062 2921 2352 2975 vanitatem
2387 2919 2524 2988 piget
2582 2933 2667 2972 me
2714 2917 3017 2972 confutare.
3063 2915 3285 2970 Videtur
3316 2916 3459 2969 enim

1907 3013 2299 3082 quodaminodo
2349 3011 2542 3065 similis
2575 3011 2687 3064 fieri
2725 3011 2772 3064 ei
2819 3009 2908 3078 qui
2948 3024 3081 3061 vana
3116 3007 3339 3072 dicit,_is
3369 3006 3460 3073 qui

1908 3106 2240 3158 contradicit.
2275 3104 2436 3174 224
2476 3105 2830 3174 Quapropter,
2856 3103 3062 3170 opinor,
3093 3101 3310 3168 sapiens
3372 3097 3467 3152 Sa-

1911 3193 2088 3248 lomon
2135 3196 2482 3259 admonet”,
2535 3203 2588 3247 ιιι
2633 3210 2696 3247 ne
2731 3194 3144 3261 respondeamus
3192 3191 3462 3259 insipienti

1907 3284 2058 3352 juxta
2110 3283 2467 3352 insipientiam
2525 3283 2686 3339 illius.
2729 3285 2856 3348 Quae
2887 3283 3028 3336 enim
3080 3296 3254 3352 neque
3300 3281 3464 3346 dicta,

1912 3388 2082 3442 neque
2111 3373 2314 3441 prolata
2366 3380 2491 3425 sunt
2525 3387 2780 3440 unquam,
2813 3387 2875 3426 ea
2914 3371 3000 3426 ltic
3049 3387 3159 3426 sua:
3212 3371 3463 3426 divisioni

1909 3464 2156 3533 subjecit,
2190 3475 2268 3528 ut,
2302 3464 2483 3518 multis
2522 3465 2877 3528 enumeratis,
2931 3463 3171 3518 invenire
3222 3463 3469 3517 videatur

1912 3557 2204 3626 ingenitum
2258 3555 2417 3609 unico
2455 3555 2613 3608 modo
2653 3555 2863 3623 proprie
2907 3554 3032 3608 dici.
3073 3552 3237 3608 Nobis
3285 3563 3465 3608 autem

1913 3647 2135 3700 fortasse
2163 3646 2383 3716 longiori
2411 3661 2543 3715 opus
2570 3656 2713 3700 esset
2743 3645 3008 3709 oratione,
3037 3653 3091 3698 ut
3130 3644 3465 3699 mendacium

1913 3739 2303 3807 detegeretnus,
2351 3739 2755 3807 ingenuumque
2808 3738 3164 3792 substantiam
3226 3736 3318 3789 Dei
3361 3750 3460 3790 no:

1910 3844 2030 3882 esse
2052 3830 2544 3882 demonstraretnus
2579 3846 2591 3880 :
2626 3829 2728 3882 nisi
2762 3844 2879 3897 quae
2923 3830 2989 3883 ab
3020 3844 3084 3882 eo
3123 3843 3216 3898 per
3243 3828 3465 3882 divisio-

1911 3933 2030 3972 nem
2065 3927 2375 3972 enumerata
2408 3928 2553 3982 sunl,
2579 3920 2689 3985 jam
2741 3919 2942 3988 liquido
2988 3918 3217 3972 refutata
3264 3927 3464 3972 essent.

1910 4010 2041 4064 Nam
2073 4011 2282 4065 etiamsi
2313 4011 2415 4064 vim
2451 4012 2674 4066 haberet
2710 4012 2868 4064 allata
2902 4011 2969 4064 ab
3005 4011 3096 4065 illo
3129 4011 3290 4073 ratio,
3325 4010 3467 4078 quod

1914 4116 2084 4170 neque
2129 4116 2195 4156 ex
2252 4102 2580 4172 intelligendi
2614 4105 2791 4166 modo,
2841 4117 3015 4169 neque
3054 4116 3118 4154 ex
3175 4101 3469 4169 privatione

1914 4192 2206 4261 ingenitum
2237 4195 2497 4262 accipitur
2529 4207 2544 4246 :
2582 4195 2766 4263 utique
2793 4210 2857 4246 ne
2891 4195 2970 4248 sic
2997 4194 3208 4263 quidem
3244 4194 3294 4248 id
3327 4196 3465 4262 quod

1912 4286 2130 4355 colligit,
2157 4298 2594 4354 consequeretur.
2628 4287 2764 4354 Quid
2804 4288 2945 4342 enim
2995 4303 3210 4343 necesse
3243 4297 3326 4341 est
3365 4287 3466 4341 sub

1912 4392 2018 4429 uno
2050 4388 2484 4431 enumeratorum
2518 4380 2783 4434 contineri
2817 4380 3152 4448 ingenitum?
3186 4379 3291 4435 Sed
3334 4395 3469 4448 quo-

1914 4469 2054 4522 niam
2088 4471 2200 4536 ipse
2225 4479 2477 4538 tauquam
2520 4472 2719 4541 aliquid
2773 4472 3192 4541 prtecedentibus
3221 4485 3470 4525 necessa-

1915 4559 1996 4612 rio
2024 4560 2364 4628 conjonetutn
2399 4560 2562 4615 infert
2600 4562 2725 4614 illud
2754 4577 2766 4613 :
2793 4562 2960 4628 Igitur
2986 4561 3032 4614 si
3067 4574 3244 4628 neque
3277 4572 3469 4612 secun-

249 4643 473 4713 τρόπον,
510 4642 640 4694 αὐτὸ
679 4641 742 4694 ἂν
784 4644 866 4714 εἴη
901 4645 1054 4697 οὐσία
1080 4646 1368 4716 ἀγέννητος
1392 4663 1405 4678 ο
1438 4645 1608 4710 οὕτως
1651 4648 1809 4716 ἡμεῖς
1845 4665 1884 4718 ι)
1914 4672 1919 4699 ι

1795 4666 1809 4711 ;
1845 4665 1884 4718 ι)
1914 4650 2036 4702 dum
2079 4650 2504 4720 intelligentiam,
2538 4667 2711 4720 neque
2763 4651 3056 4705 secundum
3088 4651 3465 4719 privationem.

252 4731 704 4802 ἀντιστρέψαντες
765 4734 1031 4803 εἴπωμεν,
1085 4737 1166 4787 ὅτι
1214 4735 1420 4789 Οὐκοῦν
1464 4737 1645 4807 ἐπειδὴ
1689 4739 1814 4790 κατ’

253 4825 495 4876 ἐπίνοιαν
534 4822 831 4895 Θεωρεῖται,
881 4826 972 4878 καὶ
1023 4827 1336 4897 στερητικόν
1379 4831 1494 4880 ἐστι
1526 4829 1585 4880 τὸ
1617 4829 1810 4898 ὄνομα,

251 4915 377 4984 οὐχ).
430 4915 584 4969 οὐσία
631 4914 723 4968 τοῦ
749 4914 880 4969 Θεοῦ
924 4917 982 4968 τὸ
1026 4918 1336 4989 ἀγέννητον.
1376 4919 1518 4980 Ἕως
1562 4919 1668 4988 γὰο
1714 4921 1813 4974 οὐκ

334 5071 377 5102 ⁸³
400 5068 558 5125 Prov.
592 5087 738 5135 xxvi,
766 5072 827 5126 4.

258 5249 616 5323 tinne_Paris.
648 5250 825 5305 Codex
870 5250 1022 5323 Coll).
1053 5259 1107 5306 et
1136 5253 1479 5321 aliiquinque
1510 5254 1656 5323 Regii
1694 5273 1796 5310 κα-

254 5320 541 5389 ταφεύγει,
575 5321 634 5394 το
662 5324 739 5394 εἰς
770 5322 935 5394 αὐτὴν
959 5323 1055 5394 τὴν
1082 5320 1520 5377 οὐσίαντίθεσθαι
1544 5320 1612 5377 ea;
1636 5327 1794 5393 ἀγέν-

255 5408 436 5464 νητον.
469 5391 811 5464 διιρμΙθ--ἧτοι
845 5392 952 5451 ἐπί,
988 5391 1042 5445 ut
1079 5395 1218 5461 legas
1251 5395 1366 5464 ἦτοι
1394 5396 1484 5446 ἐπὶ
1509 5396 1567 5447 τὸ
1599 5391 1796 5458 εἰςαὺ-

255 5459 356 5532 τὴν
379 5463 494 5532 τῆν’
519 5475 624 5514 εις,
655 5459 910 5516 Videlicet
944 5479 1007 5516 eo
1031 5459 1306 5530 conl‘ngit'r
1342 5475 1432 5517 aut
1457 5466 1602 5529 illud,
1636 5466 1695 5517 τὸ
1718 5469 1796 5528 είς

256 5531 450 5604 αὑτήν,
487 5533 708 5604 inverte,
744 5545 799 5583 ut
829 5533 986 5599 legas,
1020 5533 1096 5594 είς
1125 5532 1184 5584 τὸ
1212 5532 1378 5604 αὐτὴν
1408 5535 1530 5604 τήν,
1561 5547 1687 5596 etc.,
1724 5538 1796 5587 ita

256 5612 313 5652 ut
336 5602 616 5653 arbitretur
642 5600 793 5661 illud,
829 5603 1130 5669 ingenitum,
1179 5600 1346 5669 ips-ani
1375 5600 1491 5656 esse
1543 5608 1796 5657 substan-

260 5674 414 5723 tiam.
452 5672 657 5724 Etenim
699 5673 974 5739 principiis
1022 5675 1130 5724 suis
1186 5673 1436 5726 insistens
1487 5673 1797 5740 Eonomius,

259 5755 383 5794 tuo:
416 5743 490 5794 ait
529 5741 676 5802 illud,
710 5743 986 5809 ingenitus,
1021 5745 1188 5806 ipsam
1212 5757 1330 5795 esse
1355 5747 1733 5799 substantiam.

327 5810 438 5884 (ζῆ)
471 5811 599 5884 Beg.
628 5823 847 5880 quartus
875 5812 1194 5875 ἀποσπάσας
1227 5814 1311 5864 ἐπ’
1341 5813 1526 5884 αὑτήν.

329 5880 442 5948 (74)
470 5880 557 5934 Sit:
587 5897 713 5933 tnss.
747 5893 874 5933 tres.
909 5884 1072 5934 Abest
1091 5899 1149 5933 τε
1174 5900 1198 5933 ιι
1235 5880 1480 5949 vulgatis;

326 5950 441 6020 (75)
469 5951 685 6020 Antiqui
713 5951 819 6004 duo
844 5952 961 6006 libri
1000 5952 1072 6022 μὴ
1097 5952 1501 6014 ἀποκρίνεσθαι.

1919 4757 2090 4808 neque
2111 4745 2401 4796 secundum
2429 4743 2588 4796 alium
2617 4743 2778 4795 ttllmtt
2800 4757 2864 4794 ex
2885 4742 3208 4796 enumeratis
3233 4742 3465 4803 modum,

1920 4832 2214 4899 iugenitunt
2260 4835 2444 4901 utique
2508 4833 2731 4902 ipsumet
2781 4832 2940 4886 fuerit
2978 4831 3279 4888 substantia
3324 4831 3473 4900 inge-

1924 4923 2035 4977 nita
2065 4943 2076 4978 :
2104 4938 2199 4978 nos
2233 4935 2606 4995 rctorquentes
2629 4925 2705 4978 sic
2732 4923 3000 4979 dicamus:
3021 4924 3186 4993 Igitur
3216 4922 3468 4992 quoniam

1971 5257 2084 5328 (76)
2117 5256 2316 5311 Horum
2353 5255 2836 5328 verborttm,__'l‘ob;
2866 5253 2998 5328 γάρ,
3048 5262 3180 5328 etc.,
3212 5252 3344 5328 inec
3391 5263 3471 5307 est

1902 5323 2166 5382 sententia
2207 5345 2220 5379 :
2268 5327 2580 5379 divisionem
2644 5325 2807 5387 illam,
2848 5323 2984 5394 μήτε
3047 5323 3162 5374 κατ’
3209 5323 3468 5386 ἐπίνοιαν,

1904 5400 2036 5468 μήτε
2062 5398 2200 5451 κατὰ
2248 5396 2520 5467 στέρησιν,
2569 5395 2703 5464 μήτε
2739 5396 2795 5468 ὲν
2829 5394 3009 5464 μέρει,
3042 5394 3334 5446 Eunomtus
3373 5396 3470 5446 lin-

1903 5467 2000 5532 χιι,
2037 5482 2261 5535 eantque
2296 5470 2499 5530 primus
2534 5467 2825 5532 evolgavit.

1972 5539 2081 5608 (Π)
2111 5532 2441 5601 ιιιὰ,οὑκοῦν
2471 5537 2536 5608 εί,
2559 5537 2626 5587 ita
2650 5537 2898 5608 intellige
2928 5551 2940 5585 :
2981 5532 3036 5587 Si
3074 5546 3247 5598 neque
3269 5545 3466 5584 secun-

1903 5605 2025 5664 dnin
2075 5620 2309 5660 nostram
2360 5605 2679 5674 intelligendi
2728 5606 3012 5668 rationem,
3063 5615 3234 5669 neque
3280 5615 3472 5654 secuit-

1912 5682 2035 5733 dont
2070 5677 2443 5745 privationem,
2479 5691 2652 5742 neque
2683 5677 2973 5729 secundum
3003 5674 3135 5725 alios
3170 5686 3305 5745 quos
3337 5684 3472 5745 eitu-

1914 5741 2236 5802 meravimus
2293 5741 2619 5814 intelligendi
2678 5747 2859 5798 modos
2921 5745 3205 5814 ingenitum
3233 5742 3308 5814 de
3366 5741 3472 5814 Deo

1913 5819 2140 5878 dicitur;
2188 5832 2408 5869 necesse
2452 5811 2533 5868 est
2560 5825 2616 5866 ιιι
2648 5817 2935 5883 ingenitum
2967 5811 3079 5884 ipsa
3127 5812 3198 5867 sit
3233 5811 3476 5879 ingenita

1912 5889 2147 5943 essentia
2177 5886 2602 5954 substantiaque.
