4230 6492
765 469 869 515 5.39

2077 449 2134 498 ὃ.
2175 446 2256 497 ΒΑ
2268 444 2416 497 SlLll
2456 441 2666 497 MAGNI

3901 430 4005 484 560

766 577 975 628 ratione
1010 573 1408 636 consideratur,
1445 581 1498 627 et
1521 569 1843 642 privativum
1874 584 2065 622 nomen
2087 578 2190 632 est,
2227 582 2328 622 non
2362 578 2397 630 Α
2435 590 2436 613 i

2362 578 2397 630 Α
2435 566 2644 635 ἐλέγχει
2695 564 2761 616 τὰ
2814 561 3094 634 εἰρημένα,
3144 559 3263 611 οὐδὲ
3299 561 3414 620 ταῖς
3443 556 3771 627 προτάσεσιν
3807 548 4003 605 ἑαυτοῦ

765 675 845 720 est
897 666 1201 719 substantia
1250 667 1341 720 Dei
1404 665 1725 733 ingenitum.
1762 660 2008 727 Quandiu
2039 660 2180 714 enim
2218 674 2336 727 qua:

767 758 1072 812 nebisdicta
1102 767 1225 811 sunt
1247 773 1351 811 non
1384 755 1598 818 refutat,
1625 770 1722 807 nec
1747 754 1858 806 suis
1887 753 2336 822 propnsitiOnihus

764 853 932 907 robur
951 851 1118 916 addit,
1152 851 1202 905 id
1240 851 1382 920 quod
1408 850 1630 917 colligit,
1672 848 1868 902 nullum
1894 848 2064 901 locqu
2101 848 2333 900 habebit.

841 942 921 996 l2.
985 942 1039 996 In
1087 959 1337 1008 summa,
1394 942 1533 1011 quod
1599 948 1748 1009 putat
1786 954 1841 992 se
1879 939 1992 1002 Dei,
2043 939 2132 1006 qui
2174 952 2337 1007 super

767 1055 947 1108 omnia
991 1064 1094 1120 est,
1140 1055 1498 1110 substantiam
1552 1054 1722 1122 ipsam
1781 1053 2143 1116 adinvenisse,
2173 1066 2337 1119 quan-

770 1157 836 1199 tze
867 1146 1128 1211 superbia:
1151 1157 1234 1198 est
1253 1156 1413 1215 atque
1435 1144 1719 1199 elationis!
1751 1142 1886 1197 Fere
1916 1143 2055 1196 enim
2077 1141 2336 1211 jactantia

768 1246 1028 1306 superant
1056 1237 1138 1290 vel
1177 1238 1326 1290 illum
1387 1238 1586 1306 ipsum,
1639 1238 1728 1304 qui
1779 1236 1955 1290 dixit:
1992 1233 2162 1302 Super
2191 1245 2335 1288 astra

766 1343 953 1394 ponam
977 1329 1146 1380 sedem
1176 1345 1340 1379 meam
1365 1329 1409 1358 ⁷ο
1438 1345 1450 1380 :
1479 1327 1566 1395 qui
1603 1327 1808 1380 scilicet
1838 1340 1940 1378 non
1977 1335 2161 1378 contra
2195 1323 2327 1377 stel-

768 1415 848 1470 las
868 1419 1170 1472 autcrelum
1193 1420 1492 1488 insuigant,
1522 1421 1613 1473 sed
1641 1420 1809 1486 ipsam
1843 1416 1931 1470 Dei
1961 1418 2332 1470 universorum

771 1508 1127 1562 substantiam
1180 1511 1471 1578 pervadere
1506 1526 1562 1565 se
1595 1511 1916 1578 glorientur.
1952 1509 2338 1563 Percontemur

770 1609 950 1653 autem
981 1615 1124 1664 eum,
1148 1602 1413 1655 undenam
1448 1602 1922 1670 comprehendisse
1948 1615 2006 1654 se
2032 1615 2147 1655 eam
2174 1600 2334 1653 dicat.

770 1691 850 1744 Ex
874 1693 1220 1745 communiue
1245 1693 1497 1746 notione?
1518 1694 1582 1746 At
1599 1693 1708 1746 haec
1735 1691 1898 1744 Deum
1919 1705 2060 1754 esse,
2086 1706 2190 1743 non
2211 1689 2336 1756 quid

771 1783 863 1844 sit,
888 1797 984 1835 nos
1015 1783 1284 1836 admonet.
1329 1782 1408 1835 An
1467 1797 1529 1836 ex
1574 1783 1819 1836 doctrina
1861 1780 2127 1848 Spiritus?
2160 1779 2334 1845 Quali,

770 1879 862 1923 aut
901 1871 988 1925 ubi
1038 1872 1268 1925 tradita?
1304 1872 1489 1926 Nonne
1517 1887 1738 1940 magnus
1781 1871 1867 1925 ille
1922 1872 2087 1925 David
2127 1873 2210 1925 cui
2248 1886 2338 1924 oc-

773 1963 920 2016 culta
946 1963 1364 2032 absconditaque
1401 1979 1510 2016 suae
1539 1964 1814 2032 sapientia:
1849 1963 1989 2016 Deus
2017 1963 2335 2017 manifesta--

769 2057 867 2119 vit,
901 2054 1075 2122 palam
1126 2057 1416 2109 conﬁtetur
1447 2056 1773 2110 inaccessam
1808 2070 1925 2109 esse
1957 2055 2048 2109 Dei
2073 2056 2336 2121 cognitio-

771 2158 917 2208 nem,
957 2160 1076 2196 cum
1109 2144 1239 2198 dicit
1273 2161 1288 2198 ι
1323 2144 1577 2200 Mirabilis
1618 2147 1761 2214 facta
1800 2157 1874 2199 est
1902 2146 2116 2199 scientia
2139 2157 2228 2199 tua
2275 2163 2338 2199 ea:

771 2251 872 2297 me,
910 2235 1203 2303 confortata
1252 2246 1367 2301 est;
1423 2254 1546 2290 num
1579 2247 1760 2304 potero
1793 2239 1860 2290 ad
1905 2237 2126 2291 eam“?
2169 2236 2338 2292 Isaias

771 2333 951 2377 autem
987 2325 1110 2377 dum
1145 2325 1478 2393 majestatem
1518 2327 1610 2380 Dei
1655 2327 2047 2395 specularetur,
2075 2327 2202 2394 quid
2239 2343 2335 2381 no-

770 2417 854 2469 bis
882 2417 946 2470 de
977 2419 1154 2471 divina
1209 2419 1504 2472 substantia
1533 2418 1824 2472 declaravit
1858 2418 1882 2470 ?
1934 2419 2020 2486 qui
2058 2419 2336 2488 proferens

771 2509 838 2562 de
869 2509 1088 2563 Christo
1123 2512 1455 2572 vaticinium,
1487 2520 1717 2565 testatur
1747 2512 1828 2564 his
1852 2512 2033 2564 verbis
2067 2528 2081 2564 :
2109 2509 2337 2564 Genera-

774 2601 971 2652 tionem
1009 2600 1120 2667 ejus
1154 2601 1267 2669 quis
1295 2601 1558 2652 enarrabit
1577 2600 1658 2651 "?
1687 2600 1824 2664 Quid
1850 2614 1976 2652 vero
2004 2614 2096 2652 vas
2119 2600 2337 2656 electio—

776 2693 864 2745 nis
894 2692 1111 2753 Paulus,
1147 2693 1236 2760 qui
1276 2693 1578 2760 loquentem
1615 2691 1667 2744 in
1706 2706 1764 2744 se
1792 2689 2335 2752 habebatChristnm,

771 2787 864 2854 qui
899 2785 964 2838 ad
998 2785 1213 2838 tertium
1245 2799 1413 2854 usque
1458 2784 1652 2838 malum
1690 2795 1870 2852 raptus
1901 2793 2000 2846 est,
2027 2784 2114 2852 qui
2147 2799 2335 2838 arcana

772 2875 976 2927 audivit
1027 2874 1205 2936 verba,
1233 2890 1351 2943 qua:
1410 2890 1512 2928 non
1571 2875 1692 2929 licet
1723 2877 1922 2929 homini
1951 2875 2091 2944 loqui
2122 2894 2136 2941 ;
2171 2890 2334 2944 quam

773 2965 928 3018 nobis
955 2964 1018 3018 de
1053 2965 1348 3018 substantia
1381 2964 1473 3019 Dei
1524 2964 1824 3019 doctrinam
1866 2966 2118 3033 reliquit?
2154 2965 2249 3019 Hic
2271 2966 2335 3019 ad

774 3057 1130 3125 particulures
1183 3056 1532 3125 providentia:
1573 3057 1806 3109 rationes
1837 3073 1956 3109 cum
1995 3059 2336 3125 respexisset,

778 3149 924 3202 velut
954 3149 1216 3216 vertigine
1251 3149 1504 3202 laborans
1524 3158 1744 3217 propter
1779 3147 2190 3215 insnperahilem
2220 3163 2341 3200 cono

783 3241 1072 3310 templandi
1113 3240 1503 3304 diﬂicnltatem,
1530 3241 1682 3310 quasi
1712 3240 1950 3293 clamans
1990 3254 2173 3293 vocem
2197 3238 2337 3292 illam

777 3333 957 3386 emisit
988 3350 1000 3386 :
1045 3332 1089 3388 0
1121 3332 1349 3387 altitudo
1388 3334 1688 3386 divitiarum
1727 3345 1771 3386 et
1802 3333 2071 3400 sapientiae
2093 3342 2140 3385 et
2163 3331 2340 3402 cogni-

777 3423 934 3475 tionis
969 3421 1106 3474 Dei:
1139 3438 1294 3491 quam
1332 3424 1696 3475 inscrutabilia
1737 3435 1854 3474 sunt
1880 3423 2091 3491 judicia
2132 3423 2264 3490 ejus,
2293 3432 2339 3476 et

777 3513 1272 3582 imperreuigabiles
1299 3514 1394 3567 via’
1432 3514 1545 3581 ejus
1571 3513 1651 3566 "l
1700 3513 1850 3578 Quod
1898 3515 1941 3566 si
1979 3514 2092 3566 hazc
2127 3514 2200 3566 illi
2245 3516 2342 3582 ipsi

778 3605 871 3674 qui
923 3605 988 3657 ad
1036 3619 1339 3657 mensuram
1393 3603 1715 3673 cognitionis
1762 3603 1908 3657 Pauli
1962 3613 2344 3672 pervenerunt,

779 3696 998 3764 assequi
1034 3710 1139 3749 non
1191 3704 1445 3763 possunt;
1497 3704 1696 3763 quanta
1739 3704 1820 3749 est
1857 3695 2104 3763 superbia
2136 3708 2344 3758 eorum,

778 3786 874 3855 qui
904 3802 963 3840 se
996 3787 1349 3842 substantiam
1376 3785 1535 3855 225
1574 3787 1664 3839 Dei
1693 3787 2011 3855 proﬁtentur
2052 3799 2345 3856 cognosce-

781 3877 880 3930 re?
917 3877 1060 3942 Quos
1091 3878 1332 3943 profecto
1379 3879 1551 3932 libens
1591 3878 2057 3949 iuterrogaverim,
2091 3879 2342 3948 quidnam

782 3967 849 4020 de
883 3975 1024 4020 terra
1068 3968 1119 4019 in
1153 3982 1258 4035 qua
1289 3979 1712 4033 commorantur,
1744 3981 1797 4023 et
1819 3986 1882 4024 ex
1914 3985 2017 4039 qua
2059 3970 2169 4024 nati
2199 3978 2343 4034 sunt,

781 4059 985 4121 dscant,
1015 4073 1177 4127 quam
1214 4057 1329 4124 ejus
1369 4060 1522 4112 nobis
1550 4071 1818 4127 exponant
1853 4061 2205 4116 substantiam
2243 4079 2256 4114 :
2286 4072 2346 4114 ut

781 4156 825 4212 si
851 4156 916 4211 de
943 4157 1007 4210 iis
1035 4172 1154 4226 quae
1179 4156 1324 4211 humi
1359 4166 1486 4211 sunt
1512 4171 1575 4211 ac
1609 4159 1832 4227 pedibus
1874 4160 2174 4228 subiacent,
2199 4173 2346 4218 certo

781 4247 1252 4316 iuduhitanterque
1285 4247 1571 4316 disserant,
1604 4258 1729 4303 tunc
1758 4251 1837 4305 eis
1875 4267 2107 4322 quoque,
2139 4268 2255 4306 cum
2283 4256 2346 4309 de

784 4337 945 4391 rebus
978 4337 1304 4392 intellectum
1339 4354 1550 4394 omnem
1590 4343 1970 4410 superantibus
2019 4346 2341 4400 sententiam

781 4426 1084 4497 proferunt,
1132 4431 1287 4484 (idem
1323 4431 1638 4486 habeamus.
1671 4434 1801 4498 Quae
1840 4436 1998 4503 igitur
2045 4436 2341 4490 substantia

783 4529 866 4571 est
897 4520 1090 4572 terra?
1130 4521 1252 4588 quis
1302 4523 1800 4589 comprehensionis
1841 4527 2062 4580 modus?
2103 4529 2344 4595 Respon-

2432 658 2530 729 τὴν
2560 657 2708 727 ίσχῖιν
2742 655 3078 719 ἀποδίδωσιν,
3118 651 3368 722 οὐδεμίαν
3390 649 3537 719 αὑτῷ
3583 647 3767 718 χώραν
3789 643 3903 710 ἔξει
3943 642 4006 696 τὸ

2436 753 2816 822 συναγόμενον.

2505 931 2588 984 12.
2617 931 2789 992 Ὅλως
2814 929 2868 980 δὲ
2889 969 2902 990 ,
2925 927 2984 980 τὸ
3022 925 3226 978 οἴεσθαι
3252 921 3344 976 τοῦ
3379 921 3469 974 ἐπὶ
3498 920 3712 973 πάντων
3737 918 3875 973 Θεοῦ
3906 919 4004 971 αύ-

2436 1024 2529 1094 τὴν
2581 1024 2678 1094 τὴν
2725 1023 2910 1075 οὐσίαν
2962 1019 3344 1090 ἐξευρηκέναι,
3405 1016 3577 1085 πόσης
3621 1014 4004 1084 ὑπερηφανίας

2436 1117 2547 1168 ἐστὶ
2586 1117 2677 1168 καὶ
2708 1119 3020 1183 φυσιώσεως
3045 1115 3056 1165 !
3099 1112 3290 1180 Σχεδὸν
3313 1111 3418 1181 γὰρ
3449 1110 3541 1162 καὶ
3567 1108 3726 1161 αὑτὸν
3753 1106 3972 1176 ἀποκρύ
3990 1137 4003 1144 -

2437 1226 2625 1261 πτούσι
2670 1213 2732 1280 τῇ
2776 1208 3147 1278 μεγαληγορίᾳ
3178 1207 3266 1260 τὸν
3307 1206 3560 1258 είπόντα⁶
3614 1201 3848 1255 Ἐπάνω
3887 1199 4006 1252 τῶν

2435 1300 2670 1367 ἄστρων
2708 1301 2957 1370 θήσομαι
2983 1300 3087 1352 τὸν
3112 1300 3324 1366 θρόνον
3337 1315 3456 1366 μου
3475 1316 3488 1328 ο
3519 1297 3574 1348 οἵ
3609 1313 3670 1363 γε
3700 1293 3821 1363 οὐχὶ
3849 1293 4006 1344 ἀττέ-

2438 1411 2566 1465 ρων,
2618 1395 2649 1463 ἦ
2697 1394 2924 1464 ούρανοῦ
2982 1392 3412 1460 κατατολμῶσιν,
3466 1389 3578 1442 ἀλλ’
3621 1388 3790 1458 αὐτὴν
3827 1387 4006 1456 ἐμϐα-

2435 1485 2608 1538 τεύειν
2650 1485 2743 1536 τοῦ
2794 1485 2926 1537 Θεοῦ
2981 1486 3085 1538 τῶν
3138 1485 3271 1538 ὅλων
3296 1483 3394 1554 τὴν
3424 1483 3609 1534 ούσίαν
3660 1479 4006 1543 ἀλαζονεύον-

2436 1596 2542 1632 ται.
2606 1576 2973 1646 Ἑξετάσωμεν
3026 1579 3132 1648 γὰρ
3186 1576 3365 1636 αὑτὸν,
3455 1575 3613 1626 πόθεν
3682 1573 3853 1642 αὐτῆς
3906 1589 4010 1641 φη-

2438 1687 2520 1723 σιν
2573 1672 2629 1723 ὲν
2694 1669 2939 1740 περινοίᾳ
2995 1668 3340 1739 γεγενῆσθαι.
3390 1663 3514 1738 'Ap'
3555 1668 3618 1718 ὲκ
3664 1665 3764 1734 τῆς
3819 1665 4010 1732 κοινῆς

2438 1761 2644 1824 ἐννοίας
2671 1761 2778 1829 (78)
2803 1776 2816 1823 ;
2866 1759 3002 1810 Ἀλλ’
3033 1759 3167 1830 αῦτη
3208 1760 3268 1812 τὸ
3295 1755 3434 1812 εἶναι
3469 1759 3556 1811 τὸν
3594 1757 3745 1819 Θεὸν,
3776 1757 3839 1808 ού
3867 1757 3928 1807 τὸ
3957 1754 4008 1806 τί

2440 1850 2573 1906 εἶναι
2626 1856 2754 1923 ἡμῖν
2801 1851 3107 1905 ὑποϐάλλει.
3175 1852 3309 1903 Ἀλλ’
3375 1855 3439 1905 ὲκ
3499 1851 3600 1921 τῆς
3658 1848 4010 1910 διδασκαλίας

2440 1945 2531 1998 τοῦ
2574 1945 2916 2015 Πνεύματοςς
2953 1945 3147 2007 Ποίας;
3176 1944 3208 2013 ἢ
3238 1944 3335 2013 τῆς
3368 1944 3468 1996 ποῦ
3499 1943 3753 2012 κειμένης
3781 1959 3794 2006 ;
3835 1944 3948 2011 Ούχ
3981 1942 4010 1993 6

2446 2037 2542 2106 μὲν
2595 2037 2764 2105 μέγας
2794 2037 2974 2096 Δασιδ,
3119 2035 3186 2086 τὰ
3226 2033 3390 2104 ἄδηλα
3434 2036 3525 2087 καὶ
3555 2036 3621 2087 τὰ
3659 2033 3868 2104 κρύφια
3911 2032 4010 2100 τῆς

2443 2125 2635 2180 ἑαυτοῦ
2683 2128 2870 2195 σοφίας
2911 2127 3175 2198 ἐδήλωσεν
3208 2127 3236 2178 6
3271 2124 3422 2187 Θεὸς,
3476 2126 3721 2196 φανερῶς
3758 2123 4012 2194 ὁμολογεῖ

2445 2218 2557 2289 (79)
2600 2218 2696 2288 τῆς
2740 2220 2989 2286 γνώσεως
3025 2219 3087 2272 τὸ
3115 2219 3427 2290 ἀπρόσιτον,
3463 2217 3661 2284 λέγων’
3720 2220 4008 2288 Ἐθαυμα-

2441 2310 2637 2377 στώθη
2671 2311 2720 2377 ἡ
2749 2310 2970 2378 γνῶσίς
3002 2311 3110 2381 (80)
3153 2329 3268 2364 σου
3310 2309 3376 2373 ἐξ
3403 2308 3567 2377 ἐμοῦ,
3602 2309 3968 2376 ἐκραταιώθη
3993 2325 4007 2338 ·

2442 2403 2513 2454 οὐ
2531 2400 2617 2470 μὴ
2651 2401 2913 2470 δύνωμαι
2935 2402 3080 2469 πρὸς
3106 2401 3336 2467 αὑτήν;
3379 2399 3598 2459 Ἡσαΐας
3629 2398 3701 2460 δὲ,
3727 2401 3755 2450 6
3786 2402 3844 2451 ὲν
3874 2399 4010 2450 Θεω-

2444 2495 2535 2565 ρίᾳ
2557 2495 2655 2564 τῆς
2680 2495 2834 2563 δόξης
2867 2494 2959 2546 τοῦ
2982 2494 3115 2546 Θεοῦ
3145 2495 3452 2564 γενόμενος,
3495 2491 3546 2544 τί
3583 2492 3708 2562 περὶ
3741 2492 3840 2560 τῆς
3864 2491 4014 2554 Θείας

2443 2588 2622 2650 οὐσίας
2655 2588 2920 2656 ἐδήλωσεν
2974 2589 3138 2658 ἡμῖν;
3193 2589 3250 2650 ὃς
3298 2604 3360 2654 γε
3417 2589 3473 2640 ἐν
3501 2589 3565 2657 τῇ
3596 2586 3724 2656 περὶ
3771 2585 4011 2655 Χριστοῦ

2445 2678 2745 2746 προφητείᾳ
2787 2677 3208 2749 διαμαρτύρεται
3257 2678 3458 2746 λέγων·
3506 2677 3622 2743 Τὴν
3660 2676 3878 2745 γενεὰν
3904 2679 4012 2728 σὺ»

2444 2768 2548 2820 τοῦ
2595 2769 2684 2833 τίς
2711 2767 3094 2835 διηγήσεται;
3127 2769 3190 2820 Τί
3231 2769 3285 2821 δὲ
3314 2771 3374 2821 τὸ
3413 2770 3601 2832 σκεῦος
3633 2770 3732 2839 τῆς
3785 2769 4014 2837 ἐκλογῆς

2444 2861 2670 2925 Παῦλος,
2708 2863 2735 2912 6
2764 2861 3023 2914 λαλοῦντα
3057 2861 3190 2932 ἔχων
3237 2865 3293 2914 ὲν
3333 2863 3510 2931 ἐαυτῷ
3554 2863 3644 2914 τὸν
3694 2865 3951 2934 Χριστὸν,
3985 2864 4014 2915 6

2443 2955 2544 3017 ἕως
2577 2955 2760 3024 τρίτου
2791 2954 3060 3025 ἁρπαγεὶς
3085 2952 3335 3024 ούρανοῦ,
3364 2957 3392 3006 6
3429 2953 3496 3005 τὰ
3529 2954 3743 3024 ἄρρητα
3773 2954 4014 3018 ἀκούσας

2446 3049 2682 3118 ῥήματα,
2729 3047 2763 3100 ἃ
2794 3048 2893 3101 οὐκ
2950 3047 3067 3113 ἐξὸν
3113 3046 3382 3119 ἀνθρώπῳ
3434 3045 3682 3116 λαλῆσαι,
3730 3049 3851 3099 τίνα
3883 3051 4014 3118 ἡμῖν

2446 3140 2572 3210 περὶ
2605 3141 2789 3203 οὐσίας
2821 3141 2952 3194 Θεοῦ
2978 3141 3320 3194 διδασκαλίαν
3354 3141 3592 3211 ἀφῆκεν;
3629 3142 3686 3204 ὃς
3723 3159 3785 3209 γε
3819 3143 3906 3194 ὅτε
3933 3146 4014 3206 εἰς

2444 3232 2570 3293 τοὺς
2622 3233 2874 3301 μερικοὺς
2908 3233 3007 3302 τῆς
3035 3233 3341 3302 οἰκονομίας
3385 3234 3603 3302 διέκυψε
3636 3233 3848 3303 λόγους,
3901 3229 4014 3287 οἷον

2449 3329 2746 3397 ἰλιγγιάσας
2787 3329 2918 3400 πρὸς
2951 3329 3009 3381 τὸ
3040 3330 3136 3400 τῆς
3163 3329 3392 3398 Θεωρίας
3436 3329 3820 3394 ἁδιεζόδευτον,
3871 3329 4016 3380 ὲκεί-

2444 3437 2540 3491 νην
2584 3421 2835 3491 ὲξεὸόησε
2887 3421 2985 3493 τὴν
3039 3424 3250 3494 φωνήν·
3287 3419 3354 3473 Ὦ
3395 3421 3575 3493 βάθος
3609 3423 3878 3474 πλούτου
3912 3418 4012 3473 καὶ

2444 3513 2661 3581 σοφίας
2699 3514 2796 3566 καὶ
2833 3513 3105 3581 γνώσεως
3133 3515 3277 3568 Θεοῦ
3304 3530 3317 3543 ⁸
3352 3515 3432 3577 ὠς
3468 3512 3904 3579 ἀνεξερεύνητα
3942 3513 4016 3565 τὰ

2446 3603 2695 3670 κρίματα
2723 3605 2928 3668 αὑτοῦ,
2953 3606 3050 3658 καὶ
3075 3604 3517 3672 ἀνεξιχνίαστοι
3545 3609 3601 3656 αἱ
3630 3604 3754 3657 ὁδοὶ
3786 3606 3974 3658 αὐτοῦ
3994 3608 4015 3657 .'

2445 3693 2508 3744 Εί
2533 3692 2588 3743 δὲ
2615 3694 2781 3746 ταῦτα
2816 3699 2923 3758 τοῖς
2954 3699 3032 3757 εἰς
3063 3693 3123 3745 τὸ
3161 3695 3258 3764 τῆς
3289 3694 3499 3748 Παύλου
3533 3695 3786 3763 γνώσεως
3817 3698 4015 3768 μέτρον

2447 3783 2736 3854 ἐφθακόσιν
2766 3786 3046 3854 ἀνέφικτα,
3095 3786 3255 3851 πόσος
3285 3790 3312 3842 6
3342 3787 3509 3857 τῦφος
3541 3790 3648 3842 τῶν
3683 3790 4017 3859 ἐπαγγελλο-

2449 3879 2623 3949 μένων
2656 3877 2850 3931 ειδέναι
2887 3879 2980 3931 τοῦ
3009 3878 3141 3932 Θεοῦ
3187 3882 3284 3952 τὴν
3317 3881 3536 3946 οὺσίανς
3586 3881 3694 3944 Οὓς
3723 3883 3893 3948 ἡδέως
3947 3885 4014 3935 ἂν

2446 3971 2783 4041 ἐρωτήσαιμι
2827 3970 2956 4040 περὶ
2988 3970 3085 4040 τῆς
3117 3971 3218 4041 γῆς
3243 3972 3327 4038 ἐφ’
3353 3967 3419 4041 ἦς
3453 3974 3659 4035 ἑστᾶσι,
3699 3976 3793 4025 καὶ
3826 3976 3920 4042 ἀφ’
3946 3970 4015 4045 ἧς

2445 4064 2718 4130 γεγόνασι,
2754 4063 2808 4114 τί
2860 4082 2986 4117 ποτε
3029 4066 3277 4135 λέγουσι;
3329 4066 3448 4118 τίνα
3489 4066 3784 4136 αὑτῆς-τὴν
3826 4068 4015 4119 οὐσίαν

2446 4155 2871 4223 ἀπαγγέλλουσιν
2913 4161 3082 4228 ὴμῖνς
3125 4159 3230 4221 ἵνα,
3269 4157 3362 4210 ἐὰν
3402 4159 3508 4227 ἄρα
3540 4160 3665 4227 περὶ
3702 4159 3811 4211 τῶν
3839 4161 4016 4229 χαμαὶ

2448 4251 2537 4301 καὶ
2564 4249 2666 4300 ὑπὸ
2692 4253 2801 4312 τοῖς
2841 4251 2981 4303 ποσὶ.
3001 4251 3262 4318 κειμένων
3290 4251 3695 4320 ἀναντιρῤήτως
3729 4254 3863 4321 ἡμῖν
3886 4253 4017 4304 δια-

2446 4339 2695 4409 λεχίλῶσι,
2741 4341 2858 4390 τότε
2901 4341 3081 4402 αὐτοῖς
3113 4340 3200 4392 καὶ
3248 4340 3373 4410 περὶ
3408 4339 3513 4391 τῶν
3548 4339 3804 4391 ἐπέκεινα
3835 4341 4017 4407 πάσης

2449 4431 2655 4494 ἐννοίας
2688 4431 3102 4502 διατεινομένοις
3128 4432 3521 4501 πιστεύσωμεν.
3549 4433 3643 4494 Τίς
3663 4427 3755 4484 οὖν
3787 4431 3886 4501 τῆς
3912 4437 4016 4501 γῆς

2448 4525 2479 4594 ὴ
2515 4523 2704 4587 odaria;
2734 4527 2882 4587 ποῖος
2915 4524 3112 4595 τρόπος
3146 4525 3241 4594 τῆς
3269 4523 3645 4594 καταλήιξεωςς
3695 4523 4017 4593 ’Δποκρινα-

783 4611 945 4664 deant
974 4611 1128 4665 nobis
1152 4623 1328 4664 utrum
1358 4627 1475 4666 eam
1503 4615 1637 4667 ratio
1663 4628 1999 4685 assequatur,
2023 4636 2089 4672 an
2119 4620 2346 4673 sensus?
2377 4629 2420 4685 ι)
2450 4641 2453 4662 ε

2345 4633 2346 4637 ‘
2377 4629 2420 4685 ι)
2450 4617 2660 4669 σθωσαν
2697 4619 2846 4687 ἡμῖν,
2894 4619 3121 4687 πότερον
3159 4617 3314 4683 λόγος
3361 4618 3576 4686 ἐφίκετο
3609 4617 3833 4688 ταύτης,
3867 4619 3900 4686 ἢ
3936 4618 4015 4670 αῖ-

783 4701 877 4754 sed
902 4705 944 4755 si
977 4716 1194 4756 sensum
1242 4703 1441 4770 dicent,
1470 4719 1576 4773 quo
1599 4722 1756 4760 sensu
1793 4718 1966 4776 potest
1993 4713 2347 4780 comprehcn-

783 4793 875 4846 di?
924 4790 1155 4846 Visune?
1208 4794 1273 4846 At
1307 4795 1396 4848 hic
1429 4796 1635 4850 colores
1670 4801 1914 4866 percipit.
1953 4801 2033 4857 An
2073 4803 2256 4856 tactu?
2280 4804 2347 4855 At

783 4880 871 4936 hic
898 4882 1150 4936 duritiem
1181 4893 1236 4936 et
1280 4885 1575 4949 mollitiem,
1617 4887 1847 4942 calidum
1879 4901 1932 4943 et
1990 4889 2263 4958 frigidum,
2294 4901 2346 4945 et

784 4975 887 5028 alia
930 4975 1234 5042 huiusmodi
1284 4978 1541 5030 discernit
1572 4999 1583 5032 :
1610 4996 1835 5047 quorum
1867 4982 1998 5034 nihil
2030 4984 2189 5048 ullus,
2241 4985 2342 5038 nisi

783 5065 835 5119 in
860 5083 1124 5120 summam
1168 5067 1491 5122 dementiam
1544 5069 1741 5138 lapsus,
1791 5073 2146 5127 substantiam
2195 5076 2345 5128 dixe-

783 5159 873 5211 rit.
925 5157 997 5212 De
1029 5170 1185 5227 gustu
1233 5171 1381 5221 vero,
1416 5159 1588 5228 deque
1627 5160 1824 5214 olfactu
1871 5164 2002 5231 quid
2036 5166 2226 5217 attinet
2258 5165 2341 5216 di-

783 5247 943 5301 cere?
974 5262 1202 5317 quorum
1244 5248 1381 5305 alter
1411 5265 1648 5320 sapores,
1678 5251 1814 5304 alter
1848 5267 2069 5321 vapores
2108 5255 2338 5321 attingit.

2444 4709 2666 4779 σῦησις,
2697 4709 2789 4760 καὶ
2831 4712 2878 4761 εί
2911 4711 3006 4778 μὲν
3039 4708 3136 4778 τὴν
3163 4707 3412 4776 αἴσθησιν
3455 4711 3706 4778 φήσουσι,
3741 4710 3870 4779 ποίᾳ
3909 4709 4014 4760 τῶν

2441 4797 2743 4868 αἰσθήσεών
2765 4801 2880 4856 ἐστι
2910 4798 3228 4868 καταληπτή
3253 4814 3267 4862 ;
3303 4797 3557 4867 Ὀρὰσει;
3599 4796 3755 4849 Ἀλλὰ
3785 4797 4014 4867 χρωμά-

2441 4907 2546 4943 των
2593 4890 2737 4941 ὲστὶν
2771 4888 3125 4960 ἀντιληπτικὴ
3155 4889 3311 4958 αῦτη.
3360 4888 3497 4941 Ἀλλ’
3544 4890 3652 4958 ἁφῇ
3681 4903 3695 4953 ;
3732 4889 3842 4941 Καὶ
3877 4888 4013 4957 αῦτη

2452 4981 2560 5050 (8|)
2611 4981 2970 5051 σκληρότητος
3001 4983 3094 5034 καὶ
3146 4980 3500 5049 ἁπαλότητος,
3536 4982 3628 5034 καὶ
3689 4979 3894 5049 θερμοῦ
3925 4982 4016 5032 καὶ

2447 5073 2670 5142 ψυχροῦ,
2711 5073 2801 5124 καὶ
2834 5073 2940 5124 τῶν
2981 5073 3230 5126 τοιούτων
3260 5073 3375 5124 ἐστὶ
3403 5072 3730 5144 διακριτικὴ,
3760 5066 3836 5124 ὧν
3866 5072 4018 5124 οὐδὲν

2447 5166 2510 5218 ἄν
2539 5182 2618 5227 τις
2655 5165 2838 5217 οὐσίαν
2880 5164 3044 5228 εἴποι,
3095 5166 3167 5235 μὴ
3212 5168 3290 5228 εἰς
3321 5165 3545 5234 ἔσχατον
3591 5165 3890 5236 παρανοίας
3918 5166 4020 5216 ὑπ-

2447 5256 2699 5327 ενεχθείς.
2741 5258 2873 5327 Περὶ
2899 5259 3138 5324 γεύσεως
3162 5257 3217 5309 δὲ
3241 5258 3331 5310 καὶ
3352 5258 3671 5327 ὀσφρήσεως
3702 5257 3753 5307 τί
3787 5257 3892 5328 χρὴ
3927 5257 4019 5310 καὶ

863 5436 909 5468 ⁷⁸
943 5434 1044 5492 lsa.
1072 5455 1180 5506 xw,
1217 5442 1304 5496 13.
1379 5443 1422 5474 “
1456 5441 1597 5499 Psal.
1628 5460 1893 5512 csssvtu,
1924 5445 1979 5500 6.
2056 5448 2099 5479 "
2127 5448 2228 5504 lsa.
2267 5461 2385 5514 LIII,
2417 5450 2469 5505 8.

1379 5443 1422 5474 "
1456 5441 1597 5499 Psal.
1628 5460 1893 5512 csssvtu,
1924 5445 1979 5500 6.
2056 5448 2099 5479 "
2127 5448 2228 5504 lsa.
2267 5461 2385 5514 LIII,
2417 5450 2469 5505 8.
2544 5450 2588 5480 ⁷⁸
2612 5449 2766 5503 Rom.
2803 5466 2878 5515 ιι,
2910 5449 2977 5503 35

858 5589 970 5672 (78)
1005 5592 1155 5672 Coll).
1183 5591 1328 5672 '_Apa
1359 5598 1422 5650 ἐκ
1440 5602 1538 5669 τῆς
1561 5602 1742 5671 κοινῆς
1764 5604 1983 5664 οὐσίαςς
2026 5603 2103 5657 An
2125 5620 2188 5657 ex
2211 5621 2345 5658 com-

786 5666 930 5712 muni
967 5666 1228 5717 essentia?
1263 5666 1420 5720 Male.

855 5727 965 5808 £79)
995 5731 1122 5808 Reg.
1155 5739 1344 5788 tertius
1372 5737 1599 5806 ἐδήλωσε
1627 5739 1870 5804 φανερῶς
1897 5741 1925 5790 6
1954 5739 2107 5801 Θεὸς,
2153 5742 2344 5808 ὁμολο-

789 5797 896 5862 γεῖ,
927 5813 1028 5848 non
1059 5802 1129 5850 ita
1157 5815 1320 5856 recte.

867 5863 977 5932 (80)
1023 5866 1167 5920 Libri
1202 5882 1408 5922 veteres
1439 5872 1471 5934 ἡ
1497 5869 1715 5932 γνῶσις.
1747 5869 2020 5924 Articulus
2044 5873 2094 5924 in
2128 5876 2340 5929 excusis

2454 5606 2809 5660 desideratur.
2843 5606 3034 5660 Statim
3057 5607 3108 5660 in
3134 5616 3362 5673 quatuor
3389 5621 3523 5660 mss.
3560 5608 3826 5668 reperitur
3858 5607 4022 5659 inter-

2451 5678 2748 5776 rogationis
2779 5691 2901 5729 nota
2939 5687 3058 5743 pust
3112 5692 3292 5730 vocem
3318 5678 3524 5746 αὑτὴν;
3570 5677 3714 5729 Num
3739 5683 3932 5744 potero
3956 5680 4022 5728 ad

2449 5760 2562 5792 eam
2589 5760 2599 5794 .‘

2521 5809 2805 5880 (St)_E._liti
2848 5810 3006 5880 Ἀλλὰ
3056 5813 3207 5878 ἀφῇς
3270 5813 3382 5864 Καὶ
3427 5814 3586 5880 αὐτή.
3630 5813 3698 5863 At
3745 5825 3879 5866 mss.
3924 5813 4025 5866 duo

2463 5877 2598 5927 Ἀλλ’
2636 5878 2777 5942 ἀφῇς
2805 5879 2896 5927 καὶ
2922 5878 3077 5946 αῦτη.
