4230 6496
263 467 364 522 561

1355 467 1720 524 ADVERSUS
1757 468 2119 524 EUNOMIUM
2161 469 2286 526 LIB.
2331 467 2373 526 l.

3398 474 3502 529 542

259 582 437 650 λέγειν
463 598 478 646 ;
516 575 641 652 ὧνή
677 582 772 653 μὲν
794 583 1002 654 χυμῶν,
1039 585 1070 653 ἡ
1096 585 1152 638 δὲ
1184 585 1344 655 ἑτέρα
1377 586 1484 638 τῶν
1516 588 1703 656 ἀτμῶν
1726 589 1827 658 τὴν
1853 599 1895 652 Α
1927 634 1929 638 Α

1853 599 1895 652 Α
1927 587 2162 640 Auditus
2212 587 2444 655 denique
2501 600 2662 641 sonos
2717 587 2945 658 percipit
2980 597 3034 641 et
3087 604 3272 657 voces,
3305 591 3501 661 quibus

256 673 541 744 ἀντίληψιν
574 675 704 745 ἔχει.
743 676 902 747 Ἀκοὴ
930 677 985 728 δὲ
1027 677 1214 746 ψόφων
1246 679 1360 730 ἐστὶ
1393 680 1486 730 καὶ
1518 679 1711 747 φωνῶν
1744 681 1827 732 ai-

257 763 513 836 σϐητικὴ,
549 767 654 818 τῶν
687 767 940 836 οὐδεμίαν
967 768 1192 837 ἐχόντων
1220 769 1353 840 πρὸς
1383 769 1479 839 τὴν
1505 771 1608 840 γῆν
1642 773 1827 824 οίκειό-

255 873 416 927 τητα.
444 857 698 910 Λείπεται
731 854 824 911 οὖν
869 859 946 929 τῷ
974 859 1114 929 λόγῳ
1141 861 1365 928 φάσκειν
1393 862 1588 925 αὐτοὺς
1610 863 1708 934 τὴν
1737 864 1824 916 οὐ-

257 949 380 1000 σίαν
420 949 587 1018 αὐτῆς
616 951 924 1021 εὑρηκέναι.
962 953 1102 1022 Ποίῳ
1157 953 1366 1025 route);
1409 954 1510 1007 ποῦ
1560 957 1657 1026 τῆς
1687 957 1825 1027 Γρα-

249 1041 366 1110 qui};
393 1041 662 1111 κειμένῳ;
693 1044 796 1096 ὑπὸ
822 1044 962 1108 τίνος
995 1045 1102 1097 τῶν
1129 1045 1296 1113 ἁγίων
1321 1048 1677 1118 παραδοθέντι
1704 1065 1718 1112 ;

333 1133 418 1186 15.
458 1135 513 1187 '0
545 1135 642 1204 μέν
674 1152 738 1203 γε
773 1137 897 1206 περὶ
922 1137 1020 1207 τῆς
1058 1139 1286 1203 κτίσεως
1333 1142 1465 1212 ἡμῖν
1503 1141 1823 1211 διαλεχθεὶς,

251 1226 505 1281 τοσοῦτον
547 1231 691 1299 ἡμᾶς
723 1230 973 1296 ἐδίδαξεν,
1006 1231 1086 1284 ὅτι
1129 1231 1232 1285 Ἐν
1262 1234 1417 1302 ἀρχῆ
1467 1235 1756 1301 ἐποίησεν
1789 1239 1821 1288 ό

254 1323 402 1388 Θεὸς
418 1323 521 1376 τόν
552 1323 810 1392 οὐρανὸν
839 1324 936 1377 καὶ
954 1324 1067 1392 τὴν
1089 1325 1223 1394 γῆν·
1247 1328 1284 1394 ἡ
1305 1327 1372 1379 δὲ
1390 1327 1464 1396 γῆ
1486 1328 1565 1396 ἦν
1580 1329 1828 1396 ἀόρατος

253 1417 354 1469 καὶ
381 1419 910 1483 ἀκατησκεύιιστος
937 1419 1220 1488 ’ἐξαρκεῖν
1244 1418 1550 1490 ἡγούμενος
1566 1422 1654 1474 τὸν
1679 1424 1828 1494 ποιή-

255 1526 425 1562 σαντα
455 1510 618 1580 αὐτὴν
641 1510 732 1560 καὶ
761 1510 1201 1582 διακοσμήσαντα
1232 1513 1567 1582 διαγγεῖλαι·
1598 1515 1679 1576 τίς
1714 1516 1768 1568 δὲ

249 1601 411 1653 οὐσία
433 1601 632 1670 ταύτης
653 1603 1123 1671 περιεργάζεσθαι,
1151 1606 1225 1668 ὡς
1256 1607 1476 1676 μάταιον
1499 1607 1590 1659 καὶ
1619 1609 1828 1677 ἀνωφε-

252 1693 346 1756 λὲς
378 1697 487 1756 τοῖς
516 1695 768 1747 ἀκούουσι
797 1698 1168 1767 παρῃτήσατο.
1199 1700 1259 1750 Εἰ
1291 1699 1467 1752 τοίνυν
1496 1701 1631 1771 μήτε
1671 1705 1734 1770 τῇ
1763 1703 1825 1754 ἐκ

248 1785 351 1854 τῆς
381 1785 682 1855 αἰσθήσεως
723 1789 1016 1858 μαρτυρία,
1061 1789 1196 1858 μήτε
1240 1793 1303 1860 τῇ
1343 1793 1404 1842 ἐκ
1435 1789 1526 1842 τοῦ
1559 1791 1715 1860 λόγου
1749 1793 1825 1844 δι-

247 1876 590 1947 δασκαλίᾳή
625 1879 824 1946 γνῶσις
859 1880 1027 1949 αὐτῆς
1054 1879 1379 1948 βεϐαιοῦται,
1413 1881 1573 1935 πόθεν
1608 1883 1686 1936 ἔτι
1717 1886 1820 1954 φή-

1930 679 2065 733 nihil
2099 688 2183 733 est
2219 677 2496 733 afﬁnitatis
2524 694 2645 734 cum
2677 690 2838 734 terra.
2879 680 3160 751 Reliquum
3194 684 3367 754 igitur
3398 695 3498 749 est,

1929 781 1986 824 ut
2019 786 2270 826 sermone
2321 771 2597 826 invenisse
2646 788 2703 827 se
2731 774 2846 842 ejus
2877 775 3232 828 substantiam
3288 777 3498 830 dicant.

1927 862 2046 927 Quo
2085 864 2348 917 tandem?
2379 874 2433 918 et
2464 880 2571 933 quo
2611 865 2728 920 loco
2770 863 3066 933 Scriptura:
3102 867 3277 923 editus
3321 869 3497 923 est?a

1928 971 2035 1025 quo
2064 967 2370 1012 sanctorum
2398 959 2668 1014 traditus?

1999 1138 2087 1192 i3.
2127 1137 2288 1193 Certe
2314 1138 2380 1192 de
2411 1138 2682 1192 creatione
2723 1139 2811 1206 qui
2847 1139 3113 1206 disseruit,
3169 1151 3372 1196 tantum
3400 1145 3493 1198 do-

1928 1231 2039 1286 cuit
2085 1247 2204 1295 nos,
2244 1231 2407 1285 Deum
2461 1232 2513 1284 in
2546 1231 2807 1298 principio
2843 1231 3036 1286 fecisse
3084 1232 3276 1285 malum
3315 1246 3363 1287 et
3390 1247 3496 1289 ter‘

1931 1339 2068 1387 ram,
2113 1333 2276 1392 atque
2328 1333 2524 1377 terram
2593 1323 2759 1378 fuisse
2803 1323 3124 1378 iuvisibilem
3175 1335 3228 1379 et
3278 1325 3494 1379 iuorua-

1930 1423 2037 1467 tam
2060 1412 2140 1479 ";
2192 1413 2324 1467 satis
2373 1412 2474 1468 sibi
2508 1428 2629 1466 esse
2679 1423 2848 1476 ratus,
2889 1428 3009 1467 eum
3042 1415 3129 1484 qui
3180 1418 3316 1470 hanc
3368 1416 3494 1471 fecit

1928 1517 2090 1574 atque
2136 1507 2438 1568 exornavit,
2491 1506 2789 1574 praedicare
2847 1525 2858 1560 :
2912 1522 3028 1576 qua:
3057 1522 3182 1561 vero
3225 1509 3344 1578 ejus
3369 1511 3494 1563 sub-

1929 1601 2127 1654 stantia
2185 1601 2341 1662 foret,
2399 1609 2653 1668 tauquam
2683 1598 2946 1653 sifuisset
3002 1600 3252 1669 quiddam
3298 1617 3492 1655 vanum

1926 1702 1979 1747 et
2009 1692 2354 1746 audientibus
2397 1693 2606 1755 inutile,
2634 1693 2805 1746 noluit
2833 1693 3104 1746 curiosius
3143 1692 3467 1761 investigare

1927 1788 2110 1857 Itaque
2153 1789 2194 1842 si
2237 1804 2411 1857 neque
2441 1804 2505 1843 ex
2553 1805 2807 1844 sensuum
2861 1791 3189 1856 teStimonio,
3226 1805 3397 1859 neque
3425 1805 3490 1844 ex

1925 1881 2188 1934 sermonis
2218 1881 2488 1944 doctrina,
2520 1881 2754 1950 cognitio
2787 1879 2904 1946 ejus
2944 1891 3174 1946 constat,
3216 1884 3357 1936 unde
3383 1885 3491 1952 jam

250 1985 406 2020 σουσι
434 1971 532 2039 τὴν
563 1971 865 2042 κατάληψιν
904 1972 1073 2043 αὐτῆς
1115 1974 1435 2045 ὲσχηκέναι;
1473 1974 1545 2027 Τὸ
1582 1977 1682 2046 μὲν
1712 1977 1819 2047 γὰρ
1855 1951 1894 2004 Β

1855 1951 1894 2004 Β
1920 1973 2102 2028 dicent
2135 1973 2669 2042 comprehensionem
2710 1973 2878 2042 ipsius
2924 1973 3149 2042 adeptos
3179 1975 3333 2028 esse?
3359 1974 3490 2029 Nam

243 2062 370 2112 ὅσον
407 2064 572 2130 αὐτῆς
595 2063 868 2135 αἰσθητὸν,
901 2066 932 2134 ἢ
981 2066 1178 2136 χρῶμά
1205 2069 1370 2131 ἐστιν,
1407 2069 1436 2137 ἢ
1463 2069 1642 2136 ὄγκος,
1667 2070 1697 2141 ἢ
1726 2070 1820 2140 βά-

247 2171 360 2224 ρος,
393 2153 424 2224 ἢ
462 2155 749 2224 κουφότης,
799 2156 830 2226 ἢ
865 2157 1155 2227 πυκνότης,
1208 2158 1240 2228 ἢ
1275 2162 1562 2232 χαυνότης,
1595 2163 1628 2235 ἢ
1673 2165 1820 2217 ἀντι-

243 2249 433 2310 τυπία,
483 2248 514 2318 ἢ
547 2248 839 2317 ἁπαλότης,
869 2248 900 2319 ἦ
933 2249 1224 2320 ψυχρότης,
1273 2253 1304 2322 ἦ
1344 2254 1631 2326 Θερμότης,
1689 2256 1719 2326 ἢ
1763 2259 1818 2310 αἱ

244 2339 388 2392 κατὰ
420 2339 545 2400 τοὺς
571 2339 776 2408 χυμοὺς
804 2340 1108 2410 ποιότητες,
1149 2341 1181 2411 ἦ
1215 2345 1268 2394 αἱ
1300 2346 1441 2395 κατὰ
1474 2347 1655 2416 σχῆμα
1701 2348 1818 2400 δια-

245 2431 411 2501 φοραί
444 2428 552 2501 (89.)
575 2451 588 2462 ·
631 2426 705 2484 ὧν
741 2432 890 2485 οὐδὲν
923 2432 986 2486 ἂν
1013 2433 1198 2486 οὐσίαν
1244 2436 1446 2488 εἴποιεν
1491 2433 1654 2502 οῦτοι,
1698 2439 1817 2490 οὐδὲ

242 2525 294 2575 εί
325 2523 499 2577 πάντα
538 2524 733 2596 ῥᾳδίως
761 2526 984 2593 λέγοιεν.
1023 2526 1179 2596 Λόγῳ
1213 2525 1268 2578 δὲ
1315 2527 1475 2580 πάλιν
1520 2529 1692 2582 οὐδενὶ
1724 2529 1816 2598 γέ-

241 2632 367 2683 γονε
421 2615 666 2688 θεωρητὴ
711 2616 817 2670 τῶν
872 2617 1050 2686 σοφῶν
1105 2618 1197 2670 καὶ
1241 2621 1524 2691 μακαρίων
1569 2621 1814 2693 ἀνδρῶν’

241 2710 396 2770 ποῖος
418 2704 509 2760 οῦν
539 2709 616 2760 ἔτι
653 2708 850 2779 τρόπος
890 2709 989 2780 τῆς
1023 2708 1274 2778 γνώσεως
1303 2712 1648 2766 ὑπολείπεται
1673 2715 1815 2786 (85);

253 2801 766 2872 Ἀποκρινάσθωσαν
802 2805 928 2874 ἡμῖν
958 2807 1005 2857 οί
1028 2805 1478 2876 περιφρονοῦντες
1513 2807 1611 2877 μὲν
1644 2808 1818 2861 πάντα

239 2894 312 2946 τὰ
341 2895 399 2945 ὲν
446 2896 590 2957 ποσὶ,
631 2894 1001 2959 διαϐαίνοντες
1044 2897 1100 2949 δὲ
1125 2898 1215 2948 τὸν
1242 2898 1488 2968 οὐρανὸν,
1523 2900 1615 2951 καὶ
1639 2901 1817 2961 πάσας

239 2984 342 3048 τὰς
369 2985 768 3057 ὑπερκοσμίους
797 2987 1074 3058 δυνάμεις,
1102 2990 1235 3058 αὐτῇ
1265 2989 1320 3041 δὲ
1353 2993 1416 3060 τῇ
1453 2989 1641 3061 πρώτῃ
1662 2989 1817 3061 οὐσίᾳ

237 3079 330 3132 διὰ
363 3080 455 3132 τοῦ
481 3080 570 3132 νοῦ
610 3083 1023 3151 συναπτόμενοι.
1061 3081 1198 3132 Ἀλλ’
1219 3081 1391 3133 ἔοικεν
1419 3085 1446 3134 ό
1475 3082 1640 3150 τῦφος
1678 3083 1814 3136 πάνθ

238 3189 350 3224 των
384 3167 520 3225 εἶναι
566 3172 672 3224 τῶν
702 3175 758 3224 ὲν
802 3172 1106 3243 ἀνθρώποις
1146 3173 1333 3226 παθῶν
1363 3173 1473 3244 (84)
1502 3175 1818 3244 χαλεπώτα-

235 3282 352 3330 τον,
393 3267 485 3318 καὶ
517 3266 683 3329 ὅντως
726 3266 804 3337 τῷ
842 3266 934 3320 τοῦ
984 3266 1228 3321 διαϐόλου
1275 3268 1502 3340 κρίματι
1555 3269 1816 3342 περιϐάλω

236 3356 374 3417 λειν,
413 3351 493 3420 οἷς
532 3356 597 3410 ἂν
626 3357 994 3429 προσγένηται
1025 3358 1155 3430 (85).
1192 3358 1352 3411 Ὅθεν
1401 3359 1494 3412 καὶ
1525 3354 1668 3412 οῦτοι
1698 3359 1817 3412 οὐδὲ

235 3449 341 3518 τῆς
375 3448 495 3520 γῆς,
553 3451 618 3521 ἣν
673 3451 1066 3514 καταπατοῦσι,
1103 3451 1199 3517 τὴν
1251 3451 1432 3519 φύσιν,
1485 3453 1603 3521 ἥτις
1649 3453 1814 3518 ἐστὶν,

237 3540 612 3609 ἐπιστάμενοι,
648 3541 818 3612 αὐτὴν
848 3541 1170 3612 ὲμὸατεύειν
1207 3542 1304 3611 τὴν
1333 3542 1518 3595 οὐσίαν
1553 3542 1646 3594 τοῦ
1680 3541 1814 3594 Θεοῦ

236 3633 346 3686 τῶν
395 3632 529 3685 ὅλων
567 3631 976 3696 ἀλαζονεύονται
1005 3633 1138 3704 (86).
1174 3634 1283 3686 Καὶ
1333 3636 1445 3695 τοῖς
1497 3633 1594 3703 μὲν
1642 3634 1815 3702 ἁγίοις

235 3725 404 3779 αὑτοῦ
433 3728 461 3778 ό
493 3725 645 3788 Θεὸς,
694 3727 772 3797 τῷ
816 3725 1065 3798 Ἀϐραὰμ
1113 3724 1208 3778 καὶ
1262 3723 1337 3796 τῷ
1377 3723 1558 3778 Ἰσαὰκ
1591 3726 1683 3778 καὶ
1739 3725 1815 3796 τῷ

247 3815 465 3881 Ἶακὼδ,
499 3810 594 3880 ὧν,
620 3817 707 3870 διὰ
736 3818 797 3872 τὸ
825 3820 906 3882 είς
943 3819 1120 3872 πᾶσαν
1171 3817 1369 3890 ἀρετὴν
1395 3818 1586 3884 τελεῖν,
1637 3820 1730 3873 καὶ
1754 3817 1815 3871 τὸ

234 3909 371 3972 Θεὸς
425 3907 800 3978 ὀνομάζεσθαι,
837 3910 912 3974 ὣς
963 3929 1015 3963 τι
1075 3910 1354 3982 ἐξαίρετον
1387 3912 1480 3964 καὶ
1511 3912 1718 3983 πρέπον
1747 3915 1811 3982 τῇ

233 3998 431 4052 ἑαυτοῦ
457 3999 854 4070 μεγαλειότητι,
888 4003 1243 4072 προετίμησε,
1269 4001 1440 4068 λέγων
1469 4004 1656 4055 ἑαυτὸν
1682 4003 1812 4057 Θεὸν

248 4088 520 4160 Ἀϐραὰμ.
558 4090 650 4142 καὶ
678 4090 809 4142 Θεὸν
854 4091 1060 4154 Ἰσαὰκ,
1085 4094 1178 4144 καὶ
1199 4091 1331 4144 Θεὸν
1372 4092 1563 4144 Ἰακώὸ
1582 4109 1594 4120 ’
1633 4092 1810 4146 Τοῦτο

233 4181 350 4251 γάρ
365 4184 482 4251 μού
509 4183 679 4236 ἐστιν
708 4181 819 4254 (87)
851 4183 1036 4252 ὄνομα
1068 4183 1324 4251 αἰώνιον,
1353 4187 1504 4256 φησι,
1535 4183 1633 4238 καὶ
1660 4202 1811 4254 μνη-

226 4275 509 4343 μόσυνον
554 4275 773 4346 γενεῶν
822 4275 1073 4348 γενεαῖς.
1109 4276 1328 4341 Τούτοις
1375 4279 1550 4332 τοίνυν
1602 4277 1719 4330 οὐδὲ
1751 4277 1811 4330 τὸ

232 4368 405 4437 ὄνομα
431 4368 624 4421 ἑαυτοῦ
651 4369 920 4440 ἐδήλωσεν
958 4373 986 4424 ὁ
1019 4371 1171 4435 Θεὸς,
1199 4371 1339 4441 ἦπου
1381 4388 1444 4439 γε
1477 4371 1574 4442 τὴν
1623 4371 1808 4424 οὐσίαν

230 4459 356 4528 ἥτις
406 4458 554 4510 ἐστὶν
588 4460 958 4528 ἀπεκάλυψεν.
1007 4461 1154 4528 Ἐγὼ
1201 4461 1332 4528 γὰρ,
1369 4459 1523 4529 φησὶ,
1556 4460 1806 4526 Κίιριος’

229 4550 332 4602 καὶ
377 4548 583 4617 ὡφθην
624 4549 774 4616 πρὸς
820 4549 1069 4617 Ἀϐραὰμ
1116 4551 1249 4619 (88),
1294 4550 1390 4602 καὶ
1455 4549 1670 4610 Ἰσαὰκ,
1712 4546 1807 4600 καὶ

1918 2067 2058 2135 quod
2093 2067 2144 2120 in
2179 2082 2240 2122 ea
2287 2065 2541 2122 sensibile
2579 2075 2683 2128 est,
2719 2075 2810 2118 aut
2843 2065 2991 2120 color
3020 2075 3121 2133 est,
3169 2075 3260 2119 aut
3302 2067 3491 2132 moles,

1918 2167 2010 2211 aut
2041 2159 2302 2226 gravitas,
2337 2169 2429 2212 aut
2457 2158 2670 2220 levitas,
2722 2165 2814 2210 aut
2854 2157 3118 2220 densitas,
3149 2167 3242 2210 aut
3274 2157 3488 2222 raritas,

1918 2261 2010 2305 aut
2041 2252 2284 2314 durities,
2334 2261 2426 2304 aut
2477 2251 2760 2317 iuollities,
2797 2260 2890 2302 aut
2928 2251 3216 2319 frigiditas,
3248 2261 3340 2304 aut
3363 2251 3490 2305 cali-

1917 2344 2078 2407 ditas,
2104 2354 2195 2397 aut
2236 2343 2523 2397 [minorum
2561 2343 2874 2410 qualitates,
2907 2352 2999 2395 aut
3051 2344 3232 2411 figurae
3258 2345 3490 2400 diversi-

1919 2445 1998 2488 tas
2027 2453 2039 2490 :
2069 2451 2295 2504 quorum
2331 2435 2381 2490 hi
2419 2436 2549 2489 nihil
2574 2435 2806 2490 dixerint
2842 2435 3225 2499 substantiam,
3273 2438 3487 2490 etiamsi

1915 2525 2096 2579 omnia
2145 2525 2303 2580 facile
2349 2524 2563 2579 soleant
2613 2525 2897 2578 alIiruiare.
2941 2523 3151 2577 Rursus
3191 2524 3336 2578 nullo
3373 2540 3486 2579 ser-

1917 2634 2074 2674 mone
2101 2619 2425 2689 sapientimn
2463 2620 2698 2673 virorum
2728 2629 2887 2688 atque
2921 2617 3204 2672 beatorum
3238 2629 3487 2688 percepta

1916 2721 2016 2766 est.
2054 2710 2185 2776 Quis
2216 2713 2377 2780 igitur
2403 2711 2514 2779 jam
2546 2719 2789 2777 superest
2839 2709 3027 2763 modus
3058 2711 3488 2778 comprehensio-

1919 2804 2043 2857 nis?
2086 2803 2458 2870 liespondeant
2493 2801 2645 2854 nobis
2678 2801 2766 2867 qui
2809 2809 3000 2854 cuncta
3034 2818 3154 2870 qua:
3193 2804 3292 2857 sub
3335 2803 3488 2871 pedi-

1916 2893 2015 2948 bus
2045 2902 2190 2955 sunt,
2219 2892 2523 2961 despiciunt
2563 2909 2574 2944 :
2607 2890 2800 2945 coelum
2832 2907 2958 2946 vero
2991 2901 3045 2946 et
3077 2893 3340 2961 quaslibet
3373 2909 3487 2949 cu:-

1915 2986 2078 3042 lestes
2128 2995 2422 3055 potestates
2469 2985 2872 3048 transcendunt,
2924 2999 2985 3038 ac
3021 2985 3117 3054 ipsi
3153 2985 3335 3052 prima:
3357 2987 3486 3039 sub~

1915 3079 2129 3136 stantia!
2156 3091 2332 3135 mente
2359 3077 2782 3148 coujunguutur.
2815 3075 2918 3131 Sed
2952 3077 3158 3130 videtur
3183 3078 3487 3147 arrogantia

1916 3176 2154 3228 Omnium
2221 3173 2576 3225 humanorum
2626 3171 2876 3223 vitiorum
2908 3170 3284 3238 gravissimum
3347 3185 3483 3234 esse,

1919 3275 1972 3320 et
1995 3265 2188 3334 quibus
2229 3265 2386 3326 inest,
2430 3278 2523 3316 eos
2562 3277 2687 3317 vere
2713 3261 2908 3315 diaboli
2936 3262 3162 3316 crimine
3201 3263 3484 3330 implicari.

1924 3360 2072 3414 Unde
2092 3361 2252 3413 etiam
2285 3358 2360 3423 hi,
2398 3371 2464 3412 ne
2495 3365 2774 3411 noscentes
2801 3355 3012 3425 quidem
3043 3355 3215 3424 qualis
3231 3357 3297 3409 sit
3330 3365 3486 3411 terra:

1918 3468 2078 3522 quam
2113 3452 2324 3508 calcant
2356 3463 2568 3515 natura,
2614 3450 2782 3518 ipsam
2818 3450 2908 3503 Dei
2955 3450 3328 3505 universorum
3359 3451 3487 3506 sub’

1917 3546 2172 3601 stantiam
2232 3546 2382 3598 adire
2444 3558 2501 3598 se
2535 3551 2850 3613 arroganter
2897 3552 3166 3598 asserunt.
3225 3543 3289 3596 Et
3346 3543 3498 3602 Deus.

1916 3638 2118 3692 sanctis
2157 3637 2371 3706 quidem
2421 3637 2554 3703 suis,
2603 3636 2876 3690 Abraham
2925 3645 2981 3687 et
3015 3633 3162 3688 Isaac
3201 3643 3254 3689 et
3296 3622 3484 3698 JaCOb,

1916 3715 2166 3796 quorum,
2201 3729 2269 3784 ob
2309 3729 2475 3784 totius
2498 3729 2715 3782 virtutis
2741 3725 3154 3795 perfectionem,
3187 3729 3342 3794 quasi
3382 3728 3484 3780 hoc

1917 3819 2109 3875 fuisset
2143 3822 2472 3892 prmcipuum
2518 3821 2768 3888 quiddam
2806 3833 2869 3872 ac
2897 3816 3157 3885 majestati
3207 3833 3317 3873 suae
3352 3833 3482 3872 con-

1915 3914 2160 3976 veniens,
2197 3914 2337 3967 Deus
2380 3914 2541 3966 etiam
2577 3911 2845 3965 nominari
2894 3911 3083 3978 voluit,
3118 3911 3281 3966 Deum
3311 3912 3483 3966 Abra-

1914 4005 2035 4058 ham
2059 4005 2292 4073 seipsum
2327 4003 2624 4074 appellans,
2649 4016 2703 4058 et
2734 4005 2899 4059 Deum
2930 4004 3101 4069 Isaac,
3133 4015 3185 4058 et
3208 4005 3369 4058 Deum
3392 4002 3479 4057 Ja-

1912 4097 2012 4151 cob
2043 4116 2055 4149 :
2095 4095 2212 4150 Hoc
2245 4097 2382 4150 enim
2412 4116 2594 4153 nomen
2628 4116 2796 4153 meum
2835 4108 2911 4151 est
2955 4107 3226 4160 (sternunt,
3279 4095 3478 4166 inquit,

1911 4197 1960 4241 et
2020 4189 2324 4245 memoriale
2375 4193 2765 4261 generationem
2811 4189 3229 4260 generationibus
3259 4189 3327 4243 ".
3357 4177 3480 4241 Illis

1913 4279 2076 4348 igitur
2106 4297 2174 4335 ne
2198 4299 2350 4336 suum
2389 4284 2604 4351 quidem
2641 4297 2836 4337 nomen
2877 4281 3166 4335 declaravit
3205 4279 3360 4340 Deus,
3394 4295 3480 4333 ne-

1911 4376 2036 4426 dqu
2069 4388 2186 4441 qua:
2242 4374 2313 4427 sit
2369 4388 2462 4427 sua
2509 4373 2678 4440 ipsius
2712 4373 2970 4434 essentia,
3035 4370 3309 4425 revelarit.
3366 4370 3480 4440 Ego

1910 4465 2066 4529 enim,
2142 4464 2313 4533 inquit
2363 4465 2617 4518 Dominus
2647 4479 2665 4517 :
2694 4478 2740 4518 et
2802 4465 2938 4517 visus
2969 4477 3084 4514 sunt
3115 4460 3388 4515 Abraham
3427 4473 3474 4514 et

1912 4551 2065 4607 Isaac
2109 4555 2272 4625 226
2311 4566 2356 4608 et
2386 4559 2580 4620 Jacob,
2638 4557 2772 4607 Deus
2815 4553 3066 4606 exsistens
3114 4553 3382 4620 ipsorum;
3431 4562 3478 4606 et

243 4639 470 4713 Ἰακὼϐ,
514 4639 657 4706 Θεὸς
691 4639 775 4693 ὢν
814 4637 1045 4693 αὐτῶν·
1095 4641 1188 4692 καί
1233 4643 1297 4693 τὸ
1336 4639 1520 4708 ὄνομά
1541 4658 1660 4708 μου
1695 4641 1804 4692 οὐκ
1839 4657 1880 4710 ι)
1911 4664 1913 4693 :

1839 4657 1880 4710 ι)
1911 4660 2092 4698 numen
2131 4663 2297 4698 meum
2333 4665 2434 4700 non
2466 4649 2692 4700 indicaui
2726 4648 2852 4716 ipsis
2881 4647 2961 4710 ";
3013 4655 3266 4714 tanquam
3303 4648 3475 4714 majus

225 4732 511 4802 ἐδήλωσα
544 4732 784 4800 αὐτοῖς’
833 4733 905 4796 ὡς
966 4731 1148 4801 μεῖζον
1189 4731 1490 4802 δηλονότιῆ
1537 4730 1676 4783 ὥστε
1720 4732 1811 4783 ἀν-

227 4825 476 4896 θρωπίνη
511 4825 646 4896 ἀκοῇ
681 4825 1013 4898 χωρηθῆναι.
1058 4823 1304 4894 Εὑνομίῳ
1335 4824 1442 4893 (89)
1485 4824 1561 4887 δὲ,
1594 4825 1668 4886 ὡς
1702 4823 1808 4875 ἔοι-

305 4916 352 4948 ⁷⁸
375 4915 511 4970 Gen.
533 4931 573 4978 ι,
605 4916 728 4978 1,2.
803 4917 851 4947 τ’
885 4917 1052 4971 Exod.
1085 4931 1170 4978 ιιι,
1196 4914 1282 4968 15.
1355 4915 1401 4944 "
1427 4915 1598 4968 Exod.
1634 4915 1766 4979 “,2,
1797 4915 1848 4966 3.

305 5011 414 5093 (8%)
445 5011 578 5093 [ξιίίιί
617 5012 971 5093 διαφοραὶ,
1011 5012 1256 5093 μέγεθος.
1305 5009 1407 5093 Sed
1443 5011 1591 5074 illud,
1627 5011 1657 5082 ἢ
1701 5011 1798 5081 μέ-

1916 4735 2180 4797 videlieet,
2209 4752 2368 4808 quam
2403 4749 2459 4792 ut
2488 4739 2733 4793 humanae
2758 4754 2916 4792 aures
2938 4739 3172 4806 capiant.
3201 4737 3267 4788 At
3295 4735 3478 4790 Euno-

1917 4827 2047 4891 mio,
2083 4837 2140 4880 ut
2169 4829 2403 4895 videtur,
2444 4846 2546 4884 nou
2575 4846 2765 4884 nomen
2804 4831 2981 4894 modo,
3009 4827 3104 4882 sed
3129 4828 3291 4881 etiam
3324 4843 3476 4883 suam

1904 5010 2089 5064 noxios
2117 5011 2350 5083 reddere.
2401 5010 2521 5066 Mox
2568 5012 2695 5065 editi
2718 5007 2785 5083 ἦς
2815 5006 3208 5064 καταπατοῦσι.
3241 5008 3307 5060 At
3341 5023 3472 5062 mss.

225 5082 409 5160 γεθος,
437 5083 720 5160 delendum
751 5081 1084 5160 censuimus,
1120 5085 1278 5160 fidem
1298 5092 1538 5160 veterum
1569 5081 1800 5160 qttatuor

637 5099 720 5160 um
751 5081 1084 5160 censuimus,
1120 5085 1278 5160 fidem
1298 5092 1538 5160 veterum
1569 5081 1800 5160 qttatuor
1901 5081 2307 5160 nonmpau‘ciﬁv.

228 5156 492 5207 librorum
527 5155 716 5208 secuti.
755 5153 858 5206 Nec
900 5153 1053 5206 valde
1091 5153 1372 5207 admodum
1416 5152 1620 5222 duhito,
1668 5155 1798 5222 quin

226 5223 422 5277 melius
459 5223 619 5286 absit,
655 5239 776 5277 cum
802 5224 1074 5291 aliquanto
1132 5233 1256 5276 ante
1288 5238 1386 5276 vox
1415 5221 1578 5290 ὄγκος
1625 5225 1794 5290 posita

226 5296 321 5358 sit,
357 5305 476 5360 qua:
511 5308 616 5351 non
655 5308 796 5357 raro,
835 5303 890 5346 ut
930 5304 1111 5346 notum
1156 5302 1259 5356 est,
1294 5294 1434 5346 idem
1472 5292 1612 5345 valet
1655 5295 1796 5359 quod

225 5379 333 5417 vox
383 5362 630 5431 μεγέθος.
675 5365 898 5418 Accedit
942 5365 1126 5427 etiam,
1169 5369 1308 5430 quod
1347 5363 1443 5416 has
1469 5363 1602 5416 duas
1640 5378 1796 5416 voces

227 5435 509 5503 interpres
544 5444 699 5503 vetus
748 5449 851 5486 non
896 5435 1194 5503 agnoverit.
1238 5431 1440 5487 Ibidem
1479 5448 1607 5488 mss.
1639 5433 1790 5486 οὐδὲν

225 5502 313 5556 ἄν.
347 5499 544 5554 Vocula
566 5502 631 5556 ἄν
660 5507 711 5556 in
738 5503 896 5558 editis
930 5499 1134 5557 deerat.

298 5570 414 5644 (83)
443 5570 572 5635 Reg.
601 5586 825 5644 quartus
853 5573 1104 5642 γνώσεως
1150 5571 1554 5644 ὑπολέλειπται.
1590 5572 1787 5644 Ibidem

223 5641 352 5696 editi
393 5641 874 5712 ἀποκρινέσθωσαν
917 5646 1047 5712 ἡμῖν
1085 5645 1133 5694 oi
1162 5643 1616 5712 περιφρονοῦντες
1655 5641 1791 5692 πάν-

223 5726 315 5763 τα.
349 5711 528 5762 Codex
575 5710 726 5763 Colb.
767 5723 818 5762 et
863 5710 1012 5778 Regii
1047 5724 1154 5765 tres
1186 5715 1275 5766 ita.
1304 5721 1358 5760 ut
1392 5711 1682 5778 edidimus.

297 5778 410 5848 (δι)
441 5779 578 5848 ﬂes.
604 5789 825 5848 quartus
860 5777 968 5830 τῶν
995 5779 1345 5848 ἀνθρωπίνων
1369 5777 1575 5848 παθῶν.

297 5847 407 5911 (80)
437 5846 617 5896 Potest
649 5845 736 5896 hic
771 5847 935 5906 locus,
963 5849 1006 5897 si
1033 5845 1180 5909 libet,
1216 5846 1347 5897 verti
1375 5855 1425 5894 et
1456 5847 1553 5894 hoc
1579 5845 1734 5896 modo
1769 5859 1783 5895 :

224 5923 272 5968 (ι
300 5916 352 5964 in
385 5913 570 5964 ambus
594 5917 742 5972 inest,
775 5929 859 5963 eos
890 5929 999 5966 rere
1022 5914 1217 5965 diaboli
1252 5912 1675 5965 condemnationi
1703 5911 1784 5963 ob-

1897 5431 1929 5502 ἡ
1939 5449 2034 5484 που

1973 5145 2083 5222 (86)
2114 5145 2256 5204 Editi
2312 5145 3139 5222 dlat_§0vetiovra;,_negligentia
3163 5162 3466 5222 operarum.

1901 5217 2190 5291 Aliquanto
2240 5227 2362 5291 post
2407 5217 2539 5290 Reg.
2583 5228 2808 5290 quartus
2858 5221 2924 5288 τῇ
2977 5217 3142 5271 αὑτοῦ
3192 5218 3474 5289 μεγαλειό-

1897 5307 1963 5362 τη

2103 5360 2242 5446 ‘Reg‘.
2276 5368 2500 5446 quartus
2525 5359 2633 5430 γάρ
2663 5358 2750 5430 μοί
2777 5360 2942 5414 ἐστιν.
2989 5359 3130 5413 Infra
3163 5374 3291 5414 mss.
3318 5359 3470 5413 multi

2066 5432 2162 5554 τῦἒρ
2183 5432 2390 5512 ουσίαν.
3113 5499 3138 5511 η

2066 5505 2076 5554 l
2156 5503 2244 5553 tllll
2271 5511 2321 5554 et
2354 5515 2490 5554 unus
2523 5501 2686 5554 codex
2723 5499 2816 5552 καὶ
2845 5499 3032 5554 ὤφθην
3070 5517 3138 5554 τω

1967 5503 2076 5568 (88)
2110 5497 2244 5554 Etlili
2271 5511 2321 5554 et
2354 5515 2490 5555 unus
2523 5499 2816 5570 εοόςιγκαὶ
2845 5499 3032 5570 ὤφθην
3070 5499 3148 5570 τῷ
3185 5497 3464 5570 γἈὁραάμ.

1895 5571 1996 5622 Alii
2027 5567 2262 5640 quinque
2307 5586 2434 5625 mss.
2469 5569 2562 5640 και
2600 5567 2791 5640 Si)»nger
2821 5567 2956 5637 πρὸς
2987 5567 3264 5638 Ἄδραάμ,
3296 5567 3350 5619 ει
3389 5567 3463 5620 ita

1895 5635 2096 5692 editum
2132 5635 2398 5692 invenitur
2427 5639 2563 5703 apud
2598 5635 2760 5692 LXX.

1966 5708 2076 5782 (βο)
2109 5707 2246 5757 Editi
2275 5718 2328 5758 et
2357 5701 2487 5771 Reg.
2510 5711 2784 5782 secundus
2803 5703 3113 5782 x‘wprjeﬁvat
3137 5701 3452 5782 68‘vdtt'svov.

1891 5769 1993 5826 Alii
2031 5769 2140 5825 tres
2192 5789 2318 5825 mss.
2352 5769 2666 5840 χωρηθῇναι
2702 5774 2775 5840 μὴ
2804 5769 3132 5840 δυνάμενον.
3173 5769 3322 5840 Regii
3346 5777 3452 5840 duo

1890 5851 1943 5892 et
1968 5841 2118 5904 Colb.
2163 5837 2501 5908 χωρηθῇαρ
2534 5837 2802 5908 Εὐνομίῳ,
2825 5850 2879 5889 ει
2911 5841 2980 5908 ita
3000 5837 3280 5908 edendum
3305 5837 3449 5900 judi-

1890 5909 2146 5961 cavitnus.
2178 5905 2257 5960 Et
2275 5905 2399 5960 vero
2447 5905 2594 5969 illud,
2625 5905 2784 5967 ὥστε,
2819 5907 2952 5972 regit
2996 5905 3310 5956 infinitivum
3341 5917 3443 5967 χω-
