4230 6500
831 421 934 472 545

2212 431 2451 485 BASILII
2492 430 2704 487 MAGNI

4008 441 4028 489 ί

826 534 992 599 ipsam
1018 543 1301 587 essentiam
1327 535 1465 590 Deus
1494 540 1780 604 patefecit:
1806 549 1858 594 et
1880 557 2134 600 arcanum
2159 556 2362 598 tantum
2396 554 2434 606 Α
2467 563 2496 596 κ

2358 567 2362 597 ι
2396 554 2434 606 Α
2467 563 2577 608 κεν,
2606 548 2663 599 οῦ
2701 547 2758 599 τὸ
2802 548 2970 616 δνομα
3003 551 3180 618 μόνον,
3213 549 3343 602 ἀλλά
3386 551 3480 601 καὶ
3515 551 3678 622 αὐτὴν
3716 549 3883 601 αὑτοῦ
3921 551 4028 615 (90)

822 621 962 687 quod
1000 621 1126 672 nulli
1158 633 1462 678 sanctorum
1507 628 1608 683 l'uit
1636 640 1899 695 apertum,
1934 636 2047 705 ipse
2085 638 2135 689 in
2167 637 2276 688 suis
2306 637 2369 688 li-

822 709 933 764 bris
960 713 1304 769 conscribeus
1344 719 1538 785 prodit,
1568 735 1628 773 ac
1667 730 1866 778 temere
1893 730 2031 796 apud
2060 745 2246 783 omnes
2279 730 2370 784 ho-

820 802 990 854 mines
1043 801 1235 860 eﬂ'utit.
1289 805 1354 861 Et
1400 825 1517 879 qua:
1565 812 1781 879 quidem
1834 815 1887 871 in
1929 820 2370 888 promissionibns

817 891 973 945 nobis
1002 895 1227 962 reposita
1270 908 1413 962 sunt,
1441 899 1726 956 humanam
1768 920 1980 964 omnem
2013 911 2368 980 COgnitionetn

817 983 1105 1048 excedunt,
1133 997 1186 1041 et
1213 1004 1312 1056 pax
1341 988 1435 1043 Dei
1467 990 1793 1049 intellectum
1819 1012 2029 1054 onmem
2059 1003 2331 1070 superat"
2355 1020 2366 1032 -

817 1074 985 1142 ipsam
1025 1093 1150 1133 vero
1185 1079 1275 1134 Dei
1314 1087 1601 1139 essentiam
1628 1102 1786 1156 supra
1828 1108 2042 1147 omnem
2070 1095 2372 1166 intelligen-

821 1166 951 1221 tiam
989 1179 1043 1223 et
1093 1186 1253 1241 supra
1281 1174 1567 1231 humanam
1615 1196 1827 1239 omnem
1873 1186 2230 1254 cognitionem
2255 1205 2372 1244 esse

818 1273 924 1311 non
955 1259 1087 1316 vult.

893 1349 976 1403 H.
1009 1351 1119 1421 Ego
1143 1370 1272 1410 vero
1311 1357 1480 1426 ipsius
1503 1364 2034 1430 comprehensionem
2071 1382 2174 1422 non
2203 1369 2374 1425 homi-

817 1454 914 1496 nes
941 1442 1133 1507 solum,
1172 1448 1265 1500 sed
1312 1463 1524 1504 omnem
1569 1454 1732 1506 etiam
1772 1457 2086 1513 rationalem
2127 1471 2371 1516 naturam

817 1532 1082 1585 excedere
1121 1535 1376 1592 arbitror.
1415 1538 1563 1593 Nunc
1604 1553 1782 1597 autem
1829 1563 1947 1599 cum
1980 1550 2099 1603 dico
2133 1552 2372 1606 rationav

818 1621 946 1686 lem,
979 1637 1216 1680 creatam
1250 1630 1389 1683 dico.
1432 1631 1565 1685 Nam
1595 1637 1691 1689 soli
1727 1638 1864 1692 Filio
1891 1652 2050 1694 notus
2081 1653 2162 1696 est
2199 1641 2377 1710 Pater:

817 1724 871 1767 et
918 1714 1139 1785 Spiritui
1194 1733 1400 1777 sancto.
1465 1724 1631 1780 Nemo
1679 1731 1814 1782 enim
1866 1735 2001 1786 novit
2042 1734 2248 1790 Patrem
2277 1742 2375 1792 nisi

817 1803 1068 1864 Filius".
1119 1809 1184 1862 Et
1218 1829 1232 1864 :
1270 1811 1500 1879 Spiritus
1543 1820 1718 1873 omnia
1745 1831 2030 1889 scrutatur,
2052 1830 2218 1881 etiam
2247 1847 2372 1900 pro~

2467 636 2563 706 τὴν
2587 639 2769 690 οὐσίαν
2795 639 2821 688 ὁ
2849 639 2978 702 Θεὸς
3006 640 3284 708 ἐνεφάνισε
3307 658 3319 671 ·
3357 641 3448 692 καὶ
3477 642 3536 692 τὸ
3571 642 3822 696 τοσοῦτον
3856 642 4029 710 ἀπύρ-

2470 727 2648 795 ρητον,
2683 729 2710 780 ὃ
2743 728 2927 798 μηδενὶ
2964 729 3068 780 τῶν
3099 732 3269 798 ἁγίων
3303 729 3634 801 ἐφανερώθη,
3668 732 3832 795 αὐτὸς
3864 734 3922 783 ὲν
3954 731 4028 798 βί-

2468 813 2612 878 ϐλοις
2645 820 2866 888 γράφων
2907 818 3213 889 δημοσιεῦει
3257 824 3350 875 καὶ
3380 819 3591 876 ἐκλαλεῖ
3623 825 3784 876 πᾶσιν
3819 819 4032 890 ἀνθρώο

2469 923 2588 970 ποις
2613 909 3042 980 ἀπερισκέπτως.
3077 912 3186 963 Καὶ
3211 912 3278 963 τὰ
3308 915 3404 982 μὲν
3438 918 3493 966 ἐν
3519 915 3874 979 ἐπαγγελίαις
3905 912 4032 965 ἀπο-

2470 996 2694 1067 κείμενα
2724 1004 2852 1072 ἡμῖν
2884 1001 3022 1071 ὑπὲρ
3055 1004 3230 1055 πᾶσαν
3256 1005 3452 1071 γνῶσίν
3484 1011 3626 1060 ἐστιν
3657 1005 4031 1074 ἀνθρωπίνην,

2470 1091 2563 1142 καὶ
2594 1093 2625 1161 ἡ
2674 1096 2858 1165 εἰρήνη
2893 1093 2984 1146 τοῦ
3014 1094 3145 1147 Θεοῦ
3175 1096 3427 1165 ὑπερέχει
3460 1099 3633 1152 πάντα
3670 1096 3794 1149 νοῦν
3816 1113 3830 1125 ·
3864 1097 4031 1163 αὐτὴν

2468 1179 2524 1231 δέ
2558 1181 2652 1252 τὴν
2684 1185 2870 1237 οὐσίαν
2903 1183 2995 1235 τοῦ
3031 1185 3164 1237 Θεοῦ
3199 1185 3257 1237 οὺ
3292 1187 3638 1258 καταδέχεται
3677 1186 3819 1255 ὑπὲρ
3854 1188 4031 1238 πάντα

2469 1271 2591 1325 νοῦν
2612 1275 2703 1326 καὶ
2734 1277 2870 1348 ὑπὲρ
2905 1277 3079 1328 πᾶσαν
3100 1277 3294 1345 γνῶσιν
3318 1277 3616 1348 ἀνθρώπων
3642 1276 3798 1333 εἶναι.

2541 1363 2626 1416 Η.
2658 1362 2820 1435 Οἶμαι
2852 1368 2906 1419 δὲ
2939 1367 3035 1418 οὐκ
3069 1367 3380 1438 ἀνθρώπους
3419 1370 3598 1440 μόνον,
3641 1368 3775 1424 ἀλλά
3804 1368 3900 1420 καὶ
3931 1369 4032 1419 πᾶ·

2473 1470 2570 1506 σαν
2607 1454 2826 1530 λογικὴν
2861 1460 3017 1528 φύσιν
3050 1459 3394 1531 ὑπερϐαίνειν
3441 1462 3608 1532 αὐτῆς
3654 1463 3752 1533 τὴν
3795 1459 4030 1526 κατάλη-

2470 1545 2582 1613 ψιν.
2618 1549 2851 1620 Λογικὴν
2883 1552 2937 1604 δὲ
2965 1550 3055 1602 νῦν
3080 1553 3178 1623 τὴν
3203 1553 3259 1604 ἐν
3290 1555 3354 1621 τῇ
3387 1551 3558 1604 κτίσει
3588 1554 3747 1622 λέγω.
3782 1551 3896 1620 Υἱῷ
3925 1549 4032 1619 γὰρ

2476 1636 2619 1706 μόνῳ
2655 1641 2889 1707 γνωστὸς
2913 1643 2940 1693 ὁ
2968 1641 3172 1711 Πατὴρ,
3208 1643 3300 1695 καὶ
3326 1643 3403 1712 τῷ
3442 1642 3577 1712 ἁγίῳ
3614 1644 3891 1725 Ιξνεύματι
3910 1658 3922 1671 ·
3951 1642 4030 1692 ὅτι

2477 1727 2684 1796 Οὐδεὶς
2733 1727 2852 1783 οἶδε
2903 1730 3008 1783 τὸν
3033 1731 3261 1800 Πατέρα
3303 1735 3355 1785 εὶ
3378 1733 3463 1801 μὴ
3513 1734 3545 1785 ὸ
3584 1734 3744 1797 Υἱός·
3795 1732 3910 1793 καὶ,
3964 1732 4029 1784 Τὸ

2472 1821 2710 1890 Πνεῦμα
2741 1820 2932 1874 πάντα
2969 1821 3201 1890 ἐρευνᾷ,
3247 1825 3341 1877 καὶ
3396 1823 3466 1877 τὰ
3507 1823 3671 1892 ,ϐάθη
3707 1825 3815 1878 τοῦ
3864 1822 4029 1877 Θεοῦ.

819 1897 1107 1964 funditates
1140 1902 1254 1956 Dei.
1289 1901 1456 1959 Nemo
1497 1909 1631 1962 enim
1664 1913 1822 1975 novit,
1849 1914 2041 1982 inquit,
2071 1936 2189 1987 qum
2205 1894 2369 1973 ltomi-
2405 1894 2445 1951 Β
2477 1917 2489 1958 ⁴

2359 1951 2369 1961 .
2405 1894 2445 1951 Β
2477 1909 2683 1977 Οὐδεὶς
2746 1912 2854 1978 γὰρ
2891 1908 3035 1974 οἵδε,
3067 1914 3218 1984 φησὶ,
3264 1916 3333 1969 τὰ
3365 1916 3470 1970 τοῦ
3507 1916 3819 1985 ἀνθρώπου
3860 1919 3911 1968 εί
3945 1914 4029 1983 μὴ

816 1988 896 2040 nis
929 2000 1075 2052 sunt,
1102 1993 1202 2046 nisi
1235 1997 1449 2064 spiritus
1493 1997 1718 2053 hominis
1749 2005 1837 2072 qui
1870 2016 1944 2058 est
1972 2007 2027 2060 in
2062 2025 2120 2062 eo
2143 2026 2161 2064 :
2188 2022 2232 2063 et
2258 2027 2371 2079 qua:

817 2077 914 2132 Dei
942 2093 1086 2147 sunt,
1115 2101 1260 2138 nemo
1293 2089 1450 2150 novit,
1481 2091 1582 2143 nisi
1607 2091 1836 2161 Spiritus
1867 2100 1954 2163 qui
1982 2114 2054 2154 est
2084 2120 2147 2156 ea;
2183 2104 2366 2157 Deo".

817 2170 954 2236 Quid
988 2175 1148 2243 igitur
1171 2179 1420 2246 prmcipui
1443 2180 1744 2252 relinquent
1767 2185 2032 2259 Unigeniti
2057 2196 2369 2263 cognitioni,

816 2272 912 2315 aut
941 2266 1112 2319 sancti
1141 2266 1391 2334 Spiritus,
1442 2273 1702 2342 siquidem
1744 2279 1840 2347 ipsi
1874 2281 2038 2346 ipsam
2079 2286 2368 2341 essentiam

817 2355 1318 2421 comprehendunt?
1368 2360 1476 2417 Nec
1525 2365 1666 2418 enim
1716 2371 1988 2438 potentim,
2028 2373 2282 2431 bonitatis
2310 2395 2371 2432 ac

819 2442 1097 2512 sapientiae
1129 2447 1217 2501 Dei
1246 2453 1746 2522 contemplationem
1767 2457 2049 2530 Unigenito
2081 2467 2371 2522 attribuen-

818 2543 918 2598 tes,
948 2546 1402 2595 accommodatam
1438 2545 1542 2599 sibi
1565 2562 1685 2603 esse
1705 2555 1948 2609 essentize
1973 2557 2369 2626 intelligentiam

815 2626 1102 2692 putabunt.
1137 2627 1269 2685 Nam
1315 2646 1503 2688 contra
1541 2639 1783 2706 omnino,
1819 2656 2028 2700 constat
2052 2647 2219 2715 ipsam
2254 2655 2372 2721 qui-

816 2715 935 2767 dem
969 2721 1254 2775 essentiam
1309 2726 1435 2779 nulli
1461 2729 1562 2782 nisi
1603 2729 1887 2801 Unigenito
1919 2747 1972 2790 et
1995 2736 2213 2807 Spiritui
2248 2715 2371 2796 san-

815 2813 904 2858 cto
941 2811 1276 2878 cogitabileni
1305 2830 1455 2882 esse;
1487 2820 1580 2872 sed
1613 2823 1679 2874 ab
1707 2827 2106 2890 operationibus
2133 2830 2220 2883 Dei
2250 2834 2372 2886 sub-

813 2907 997 2954 vectos
1028 2917 1140 2966 nos,
1177 2913 1230 2958 et
1259 2920 1355 2974 per
1381 2923 1442 2961 ea
1491 2926 1608 2978 qua:
1635 2917 1849 2968 condita
1881 2927 2006 2971 sunt
2040 2923 2368 2978 conditorem

821 2989 1202 3064 intelligentes,
1253 2999 1333 3053 sic
1353 3000 1645 3057 bonitatem
1671 3021 1733 3060 ac
1773 3009 2090 3076 sapientiam
2119 3013 2232 3078 ejus
2251 3029 2372 3083 per-

817 3081 1021 3150 cipere.
1051 3083 1121 3137 De
1150 3088 1255 3140 Deo
1279 3093 1418 3140 enim
1453 3102 1633 3146 notum
1665 3105 1767 3160 est,
1800 3099 1937 3164 quod
1970 3103 2179 3156 cunctis
2209 3104 2373 3157 homi-

817 3172 974 3226 nibus
1027 3174 1166 3230 Deus
1208 3178 1659 3237 manifestavit”.
1713 3185 1840 3239 Nam
1886 3203 2003 3256 quae
2048 3198 2185 3260 apud
2221 3196 2370 3249 theo-
2399 3224 2443 3283 Ο

818 3260 970 3331 logos
1001 3264 1065 3316 de
1099 3267 1330 3320 essentia
1369 3269 1458 3322 Dei
1500 3275 1798 3345 conscripta
1837 3294 1955 3333 esse
1986 3282 2252 3348 videntur,
2281 3302 2374 3354 per

819 3353 1079 3420 quasdam
1123 3358 1448 3430 trapologias
1484 3375 1574 3418 aut
1617 3368 1776 3420 etiam
1806 3369 2107 3441 allegorias,
2151 3377 2214 3430 ad
2242 3353 2374 3434 alias

817 3444 1067 3499 notiones
1102 3446 1298 3504 ferunt.
1339 3451 1514 3520 Quare
1540 3458 1582 3510 si
1615 3459 1734 3526 quis
1764 3462 1895 3516 citra
1928 3479 2149 3521 examen
2187 3483 2376 3524 secun-

816 3536 941 3590 dum
969 3551 1184 3593 sensum
1210 3544 1381 3611 magis
1422 3547 1640 3602 obvium
1689 3551 1880 3608 litterae
1928 3557 2079 3611 nudae
2129 3559 2375 3618 insistere

816 3631 1124 3696 contendat,
1156 3633 1220 3685 ad
1249 3633 1499 3691 Jndaicas
1525 3651 1575 3693 et
1613 3643 1782 3697 aniles
1827 3647 2036 3703 rabulas
2075 3651 2370 3719 devolutus,

815 3719 1033 3771 Omnino
1070 3721 1184 3785 ejus
1224 3723 1290 3776 de
1333 3726 1436 3778 Deo
1477 3730 1728 3794 notionis,
1755 3749 1871 3800 qua:
1896 3737 2052 3806 digna
2089 3741 2176 3803 sit,
2222 3742 2371 3810 iuops

813 3820 1179 3864 cousenescet.
1235 3814 1367 3867 Nam
1432 3830 1786 3890 praeterquam
1837 3828 1978 3895 quod
2037 3831 2367 3886 malerialem

814 3901 1099 3969 quamdam
1124 3907 1409 3960 essentiam
1443 3909 1533 3964 Dei
1566 3912 1843 3984 intelliget,
1887 3931 2057 3988 eaque
2090 3921 2142 3975 in
2182 3938 2238 3976 re
2271 3925 2371 3977 im-

816 3992 920 4058 piis
969 3995 1215 4062 gentibus
1248 4001 1591 4066 assentietur,
1627 4005 1798 4074 ipsam
1830 4023 2043 4079 quoque
2081 4022 2135 4067 et
2165 4016 2368 4069 variam

816 4093 870 4138 et
887 4087 1235 4154 compositam
1260 4091 1440 4146 animo
1459 4093 1558 4148 sibi
1583 4094 1766 4165 ﬁnget.
1790 4097 1920 4155 Cum
1945 4102 2084 4157 enim
2113 4107 2368 4175 praplieta

817 4187 1002 4231 narret
1039 4178 1352 4235 electrinum
1391 4187 1608 4254 quidem
1649 4187 1814 4244 Deum
1846 4207 1965 4249 esse
2003 4210 2031 4248 a
2062 4196 2255 4252 lumbis
2284 4214 2372 4252 us—

816 4282 920 4336 que
945 4271 1010 4322 ad
1050 4286 1300 4340 superna,
1337 4291 1400 4329 ex
1448 4278 1566 4346 igne
1619 4296 1744 4336 vero
1790 4284 1993 4339 inferna
2036 4287 2257 4343 conﬂata
2285 4305 2372 4345 es-

814 4372 873 4414 se
892 4360 934 4391 ⁸¹
981 4376 995 4413 :
1033 4363 1340 4433 quicunque
1367 4369 1434 4420 ad
1467 4371 1708 4424 altiorem
1741 4375 2068 4430 intellectum
2110 4395 2201 4448 per
2228 4383 2370 4435 litte-

815 4466 928 4505 ram
960 4467 1061 4506 non
1096 4458 1358 4522 ascendit,
1400 4459 1494 4513 sed
1545 4465 1817 4530 corporeis
1861 4468 2127 4524 inhaérens
2165 4473 2366 4528 descri-

2472 2002 2538 2054 τὸ
2565 2003 2794 2072 πνεῦμα
2819 2004 2920 2058 τοῦ
2945 2006 3252 2075 ἀνθρώπου
3283 2008 3347 2062 τὸ
3374 2010 3443 2062 ἐν
3474 2008 3628 2074 αὐτῷ
3653 2009 3764 2077 (9|)
3786 2024 3798 2036 ο
3835 2005 3930 2060 καὶ
3963 2008 4030 2057 τὰ

2470 2092 2576 2145 τοῦ
2609 2093 2751 2147 Θεοῦ
2781 2095 2977 2163 οὐδεὶς
3008 2098 3269 2167 ἔγνωκεν
3301 2104 3352 2152 εὶ
3374 2101 3459 2168 μὴ
3506 2103 3568 2154 τὸ
3604 2101 3844 2169 Πνεῦμα
3872 2101 3936 2152 τὸ
3965 2104 4029 2152 ἐκ

2471 2183 2576 2236 τοῦ
2602 2184 2767 2237 Θεοῦ.
2804 2186 2866 2239 Τί
2906 2184 2996 2240 οῦν
3034 2188 3304 2259 ἐξαίρετον
3335 2194 3399 2261 τῇ
3443 2191 3638 2258 γνώσει
3667 2192 3762 2244 τοῦ
3796 2194 4029 2260 Μονογες

2471 2274 2655 2344 νοῦςῆ
2698 2276 2790 2329 τοῦ
2837 2280 2988 2348 ἁγίου
3049 2280 3360 2351 Πνεῦμα-τος
3396 2285 3832 2354 καταλείψουσιν,
3881 2289 4028 2355 εἶπε(

2471 2366 2619 2419 αὐτοὶ
2661 2367 2759 2437 τῆς
2793 2373 2978 2436 οὐσίας
3019 2374 3184 2444 αὐτῆς
3217 2374 3396 2445 ἔχουσι
3435 2379 3532 2447 τὴν
3575 2378 3910 2448 κατάληψιν;
3959 2382 4030 2432 Οῦ

2470 2457 2575 2528 γάρ
2605 2458 2688 2529 δὴ,
2718 2461 2812 2532 τῆς
2845 2463 3142 2533 δυνάμεως,
3173 2469 3265 2519 καὶ
3297 2470 3393 2539 τῆς
3423 2470 3773 2540 ἀγαθότητος,
3804 2473 3898 2524 καὶ
3936 2474 4030 2541 τῆς

2473 2549 2660 2617 σοφίας
2691 2553 2780 2605 τοῦ
2810 2554 2942 2607 Θεοῦ
2974 2555 3051 2625 τῷ
3080 2559 3370 2628 Μονογενεί
3395 2563 3488 2631 τὴν
3523 2562 3752 2633 Θεωρίαν
3787 2565 4012 2634 προσνεί-

2475 2657 2693 2710 μαντες,
2729 2643 3038 2718 σύμμετρον
3081 2649 3290 2714 ἑαυτοῖς
3326 2651 3573 2722 θήσονται
3600 2655 3699 2724 τῆς
3724 2656 3913 2719 οὐσίας
3938 2659 4034 2726 τὴν

2473 2734 2809 2805 κατανόησιν.
2848 2739 2960 2791 Πᾶν
2989 2740 3096 2809 γάρ
3125 2758 3226 2793 που
3279 2743 3339 2795 τὸ
3388 2745 3645 2808 ἐναντίον,
3693 2747 3838 2810 είκὸς
3867 2750 4033 2818 αὐτὴν

2476 2825 2572 2892 μὲν
2605 2825 2701 2896 τὴν
2739 2829 2922 2881 οὐσίαν
2951 2831 3276 2900 ἀπερίοπτον
3312 2829 3445 2887 εἶναι
3478 2837 3659 2899 παντὶ,
3705 2837 3842 2907 πλὴν
3882 2842 3930 2892 εἰ
3957 2841 4033 2911 τῷ

2473 2914 2584 2984 (99.)
2629 2919 2924 2987 Μονογενεῖ
2965 2923 3053 2975 καὶ
3103 2924 3177 2995 τῷ
3221 2927 3360 2995 ἁγίῳ
3393 2929 3665 2998 Πνεῦματι
3690 2947 3701 2958 ’
3749 2933 3813 2983 ἐκ
3847 2933 3903 2985 δὲ
3927 2935 4033 2986 τῶν

2473 3005 2760 3074 ἐνεργειῶν
2791 3009 2882 3062 τοῦ
2916 3011 3048 3064 Θεοῦ
3085 3015 3444 3086 ἀναγομένους
3484 3021 3647 3090 ἡμᾶς,
3684 3023 3779 3075 καὶ
3811 3022 3897 3076 διά
3927 3026 4033 3077 τῶν

2472 3098 2786 3166 ποιημάτων
2820 3103 2910 3154 τὸν
2943 3105 3167 3176 ποιητὴν
3201 3109 3529 3174 ἐννοοῦντας,
3564 3114 3662 3181 τῆς
3701 3115 4032 3187 ἀγαθότητος

2472 3185 2633 3240 αὑτοῦ
2668 3191 2876 3262 καὶτῆς
2910 3194 3096 3264 σοφίας
3133 3196 3425 3267 λαμϐάνειν
3462 3202 3557 3272 τὴν
3596 3204 3828 3260 σύνεσιν.
3864 3208 4033 3262 Τοῦτο

2473 3277 2579 3348 γάρ
2610 3279 2724 3332 ἐστι
2754 3281 2813 3334 τὸ
2843 3286 3078 3350 γνωστὸν
3107 3287 3200 3340 τοῦ
3235 3289 3367 3344 Θεοῦ
3399 3292 3530 3361 (95),
3559 3293 3588 3345 ὃ
3623 3297 3786 3349 πᾶσιν
3820 3299 4030 3372 ἀνθρώ-

2475 3387 2592 3434 ποις
2624 3374 2652 3424 ὀ
2694 3373 2824 3439 Θεὸς
2866 3379 3219 3450 ἐφανέρωσεν.
3271 3384 3417 3436 Ἐπεί
3471 3403 3533 3453 γε
3576 3387 3674 3440 ὅσα
3727 3391 3878 3460 παρά
3920 3397 4032 3459 τοῖς

2475 3462 2738 3534 θεολόγοις
2774 3471 2897 3539 περὶ
2925 3473 3107 3536 οὐσίας
3147 3473 3278 3527 Θεοῦ
3306 3477 3708 3548 ἀναγεγράφθαι
3739 3481 3887 3536 δοκεί
3911 3502 4031 3556 τρο-

2475 3558 2750 3627 πολογίαις
2779 3564 2919 3615 τισὶν
2947 3565 2978 3634 ἦ
3012 3568 3103 3618 καὶ
3140 3567 3505 3638 ἀλληγορίαις,
3552 3571 3687 3642 πρὸς
3720 3575 3914 3646 ἐτέρας
3948 3581 4031 3632 ἐν-

2473 3649 2619 3712 νοίας
2653 3653 2700 3702 οἱ
2750 3651 2892 3720 λόγοι
2925 3655 3190 3724 φέρουσιν.
3228 3661 3386 3713 Ὥστε
3434 3664 3486 3715 εί
3536 3681 3618 3728 τις
3654 3666 4030 3736 ἀϐασανίστως

2473 3740 2612 3791 κατὰ
2646 3742 2742 3811 τὴν
2771 3744 3056 3816 πρόχειρον
3083 3749 3306 3820 ἐκδοχὴν
3354 3752 3494 3823 ψιλῷ
3532 3758 3898 3827 παρίστασθαι
3948 3781 4029 3830 φι-

2469 3829 2729 3903 λονεικοίη
2762 3833 2836 3904 τῷ
2868 3838 3170 3908 γράμματι,
3209 3842 3340 3913 πρὸς
3385 3845 3703 3913 Ἰουδαϊκοὺς
3725 3853 3821 3904 καὶ
3848 3855 4028 3923 γραὼ-

2469 3922 2578 3986 δεις
2601 3923 2799 3992 μύθους
2825 3927 3136 3999 ἐκτραπεὶς,
3161 3935 3370 4005 πτωχὸς
3415 3940 3690 4004 παντελῶς
3723 3943 3833 3996 τῶν
3863 3944 4026 4010 ἀξίων

2469 4015 2594 4084 περὶ
2625 4014 2757 4068 Θεοῦ
2791 4019 3072 4089 νοημάτων
3099 4028 3483 4099 καταγηράσει.
3509 4029 3648 4101 Πρὸς
3670 4032 3778 4103 γάρ
3812 4034 3890 4104 τῷ
3919 4037 4028 4088 ὑλι-

2468 4104 2571 4174 κήν
2600 4123 2720 4160 τινα
2742 4110 2936 4164 ἐννοεῖν
2964 4112 3060 4183 τὴν
3090 4116 3273 4172 οὐσίαν
3295 4119 3386 4172 τοῦ
3412 4121 3563 4185 Θεοῦ,
3595 4125 3686 4176 καὶ¹
3713 4125 3852 4178 κατά
3871 4127 4027 4181 τοῦτο

2467 4202 2579 4263 τοῖς
2612 4202 2786 4266 ἀθέοις
2814 4205 2921 4256 τῶν
2955 4206 3213 4279 Ἐλλήνων
3249 4213 3638 4284 συμφέρεσθαι,
3679 4217 3758 4270 ἐτι
3787 4219 3881 4272 καὶ
3914 4239 4024 4272 ποι-

2472 4291 2620 4363 κίλην
2659 4293 2748 4346 καὶ
2784 4295 3028 4349 σύνθετον
3056 4298 3380 4369 ὑπολήψεται
3417 4303 3636 4374 ταύτην.
3684 4307 4025 4379 Ἦλέκτρινον

2472 4384 2568 4452 μὲν
2597 4384 2654 4435 τὸ
2690 4383 2795 4436 ἀπὸ
2828 4383 3022 4452 ὀσφύος
3054 4389 3156 4450 ἕως
3182 4389 3292 4441 ἄνω
3317 4391 3405 4443 τὸν
3436 4392 3564 4445 Θεὸν
3601 4389 3738 4447 εἶναι
3771 4397 3863 4449 τοῦ
3895 4414 4022 4467 προσ

2469 4475 2635 4542 φήτου
2687 4473 3060 4544 διηγουμένου,
3093 4480 3155 4529 ἐκ
3185 4479 3353 4551 πυρὸς
3389 4480 3444 4533 δὲ
3497 4483 3903 4555 συμϐεόλῆσθαι
3958 4488 4022 4539 τὰ

816 4544 1108 4613 ptionibus,
1142 4559 1196 4602 et
1226 4548 1382 4615 talem
1411 4566 1527 4606 esse
1549 4551 1642 4607 Dei
1676 4557 1961 4611 essentiam
1987 4560 2052 4612 ab
2087 4561 2366 4618 Ezechiele
2397 4556 2442 4613 Ι)
2470 4580 2486 4613 ι

2351 4580 2366 4618 3
2397 4556 2442 4613 Ι)
2470 4564 2644 4615 κάτω·
2679 4568 2706 4617 ὁ
2742 4566 2797 4618 δὲ
2833 4567 2905 4637 μὴ
2936 4565 3069 4638 πρὸς
3101 4569 3430 4642 ὑψηλοτέρας
3468 4575 3671 4640 ἐννοίας
3723 4579 4021 4632 ἀναϐαίνων

815 4637 1055 4702 edoctus,
1081 4654 1268 4693 rursus
1298 4641 1458 4696 Deum
1492 4644 1665 4712 ignem
1699 4661 1816 4702 esse
1841 4664 1868 4701 a
1893 4648 2072 4720 Moyse
2101 4653 2361 4717 audiet",

812 4735 975 4796 atque
1006 4743 1035 4782 a
1066 4730 1304 4799 sapiente
1327 4732 1544 4791 Daniele
1577 4742 1640 4792 ad
1665 4739 1796 4794 alias
1823 4741 2101 4809 opiniones
2128 4745 2361 4799 deduce-

2469 4655 2552 4707 διὰ
2580 4655 2669 4707 τοῦ
2701 4657 3022 4728 γράμματος
3056 4661 3185 4733 (94),
3215 4663 3327 4715 ἀλλ’
3355 4665 3518 4718 αὑτοῦ
3547 4685 3648 4720 που
3683 4673 3802 4732 ταῖς
3840 4687 4020 4740 σωμα-

2466 4749 2640 4810 τικαῖς
2680 4749 3057 4816 ἐγκατααένων
3104 4750 3462 4824 ὑπογραφαίς,
3495 4759 3588 4812 καὶ
3633 4761 3890 4815 τοιαύττιν
3930 4762 4018 4814 τοῦ

879 4947 923 4979 ’⁷
951 4948 1176 5021 Philipp.
1204 4967 1280 5018 tv,
1302 4952 1353 5008 7.
1427 4954 1474 4986 ⁷⁸
1491 4954 1676 5012 Matth.
1711 4973 1786 5026 xl,
1809 4959 1898 5015 27.
1973 4959 2201 5016 "lCor.
2228 4961 2394 5029 ti,l0,
2420 4963 2505 5018 ll.
2582 4964 2627 4996 ⁸ο
2650 4964 2801 5019 Rom.
2837 4965 2985 5030 1,19.
3061 4967 3314 5029 "Ezech.
3337 4987 3455 5035 vui.
3479 4975 3535 5030 2.
3609 4977 3656 5009 ⁸¹
3673 4977 3832 5034 Deut.
3859 4981 3893 5034 4
3929 4979 4013 5034 24.

817 5175 1073 5262 ρηθῆναι.
1124 5191 1221 5261 nec
1273 5192 1492 5260 necesse
1537 5177 1637 5262 init
1667 5178 1879 5262 addere,
1923 5180 2364 5262 θυι-δυνάμενον,

812 5246 901 5300 aut
930 5249 1001 5321 μὴ
1026 5246 1318 5317 δυνάμενον
1354 5263 1369 5278 ο
1405 5250 1509 5301 imo
1535 5258 1640 5300 tum
1683 5253 1800 5312 hoc,
1835 5262 1943 5303 tum
1999 5251 2128 5304 illud
2163 5246 2365 5321 pariter

809 5317 1102 5400 παρέλκειν
1130 5327 1412 5370 obscurum
1439 5332 1545 5401 non
1576 5327 1675 5401 «ζει.
1752 5387 1776 5398 _
1837 5387 1881 5401 __

879 5386 989 5454 (90)
1024 5387 1198 5438 Codex
1232 5403 1366 5440 unus
1393 5386 1557 5456 αὐτὴν
1589 5387 1800 5440 ἐαυτοῦ.
1836 5387 1951 5441 Mox
2001 5390 2126 5443 editi
2159 5390 2251 5442 καὶ
2283 5406 2364 5442 το-

811 5455 996 5508 σοῦτον
1024 5456 1083 5508 τὸ
1112 5456 1436 5540 ἀπδρῤητον.
1475 5455 1985 5540 μιυίιηάπόρῤητον,
2025 5469 2178 5540 ἐπει
2223 5463 2357 5540 arti-

807 5527 928 5579 culo
961 5526 1015 5579 in
1043 5526 1290 5580 omnibus
1317 5526 1517 5580 nostris
1549 5526 1835 5605 codicibus~
1881 5545 1895 5582 :
1947 5529 2037 5583 sed
2098 5530 2360 5598 reperitur

809 5598 862 5648 in
895 5606 1123 5661 quatuor
1154 5611 1279 5649 mss.
1317 5607 1442 5650 ante
1469 5611 1650 5674 vocem
1673 5598 1950 5678 τοσοῦτον.
2032 5668 2044 5678 ‘
2101 5669 2112 5678 _
2235 5668 2246 5678 _
2304 5667 2326 5678 _

879 5664 987 5733 (9i)
1018 5663 1239 5720 Codices
1281 5681 1382 5738 non
1427 5665 1581 5738 pauci
1638 5666 1698 5738 τὸ
1740 5667 1955 5738 πνεῦμα
1983 5668 2057 5738 ,τὸ
2097 5669 2152 5721 ἐν
2191 5667 2357 5738 αὐτῷ.

812 5732 949 5808 Editj
975 5743 1036 5808 et
1056 5733 1185 5808 Reg.
1212 5732 1438 5808 quintus
1451 5736 1510 5808 το
1538 5736 1750 5808 πνεῦμα
1775 5732 2181 5808 τοῦάνθρώπου
2213 5739 2270 5790 τὸ
2304 5732 2361 5789 ἐν

813 5801 977 5862 αὐτῷ.
1003 5801 1197 5860 Ιὺωεῖη
1223 5801 1348 5860 editi
1372 5807 1419 5857 εἰ
1448 5806 1521 5876 μὴ
1549 5801 1762 5877 πνεῦμα
1788 5807 1864 5859 τό.
1892 5801 2034 5862 Libri
2067 5819 2270 5864 veteres
2301 5808 2361 5859 τὸ

2842 5261 2904 5342 ει
2928 5255 3260 5342 codexunus
3289 5259 3427 5342 πλὴν
3453 5258 3485 5331 ἢ
3510 5260 3604 5342 τῷ.
3636 5265 3866 5342 A.Iii__s_ex_
3892 5283 4015 5342 mss.

2468 5321 2679 5398 ﬁliive!
2707 5321 2803 5390 τῷ.
2839 5322 2954 5375 Mox
2987 5326 3114 5398 editi
3166 5330 3265 5398 τῆς
3295 5321 3485 5398 σοφίας
3515 5321 3700 5385 αὖτοῦ.
3740 5336 3891 5393 Illud.
3928 5339 4018 5390 αὑ-

2463 5391 2578 5455 τοῦ,
2609 5391 2660 5444 in
2697 5407 2824 5447 mss.
2856 5407 2958 5447 non
2984 5391 3282 5464 invenitur;
3309 5391 3380 5453 ob
3408 5391 3563 5469 idque
3585 5391 4020 5460 deleudumioen-

2462 5474 2684 5514 Sumtus.

2532 5530 2644 5600 (95)
2679 5530 2828 5602 Illud,
2865 5533 3104 5600 γνωστὸν
3145 5535 3237 5589 τοῦ
3261 5536 3415 5602 Θεοῦ,
3453 5539 3521 5591 ita
3550 5539 3820 5596 redditum
3852 5555 3932 5600 est
3967 5547 4017 5598 iu

2461 5592 2686 5681 Vulgata
2705 5619 2732 5681 _:
2751 5592 3117 5681 ⁸Οαοαντοιιιεη
3150 5617 3223 5659 est
3258 5606 3351 5660 Dei
3372 5592 3554 5681 {apud

2465 5671 2618 5742 modo
2645 5668 2760 5742 :_Id
2788 5675 2923 5737 quod
2955 5674 3020 5725 de
3058 5673 3164 5727 Deo
3193 5668 3427 5742 cognosci
3453 5668 3642 5742 potest.

2532 5739 2640 5809 (9t)
2675 5740 2805 5811 lleg.
2833 5753 3055 5810 quartus
3087 5744 3175 5798 διὰ
3199 5739 3306 5798 τῶν
3329 5739 3690 5818 γραμμάτωνι
