4230 6510
264 450 295 503 5
308 451 369 504 l5

1333 444 1695 503 ADVERSUS
1733 447 2093 505 EUNOMIUM
2137 449 2261 503 LIB.
2308 450 2345 504 1.

3361 447 3461 503 546

250 562 387 616 Θεοῦ
415 559 507 630 τὴν
540 557 722 611 οὑσίαν
757 556 903 627 παρὰ
943 556 1034 609 τοῦ
1075 556 1326 627 Ίεζεκιὴλ
1369 557 1651 626 διδαχθεὶς,
1707 558 1797 611 πάι
1830 568 1920 621 At

1788 587 1797 596 -
1830 570 1871 621 Α
1892 568 1989 612 tur
2012 560 2085 627 ";
2112 571 2273 630 atque
2306 562 2405 615 ltoe
2437 569 2592 629 pacto
2624 576 2727 613 non
2774 560 2934 615 falsas
2960 561 3154 625 solum,
3192 562 3286 616 sed
3323 565 3458 619 inter

250 654 336 703 λιν
360 650 469 720 πῦρ
494 644 627 701 εἶναι
645 648 734 700 τὸν
763 647 893 699 Θεὸν
924 647 1068 718 παρὰ
1102 646 1192 699 τοῦ
1223 648 1462 710 Μωσέως
1495 648 1800 710 ἀκούσεται,

250 743 346 795 καὶ
390 741 535 812 παρὰ
562 739 651 792 τοῦ
686 738 846 809 σοφοῦ
893 739 1087 808 Δανιὴλ
1135 737 1468 808 πρὸς,ἄλλας
1510 740 1803 809 ὑπολήψεις

250 831 704 901 ἀπενεχθήσεται·
764 831 855 882 καὶ
883 829 1051 891 οὔτως
1094 828 1152 880 οὑ
1202 827 1414 897 ψευδεῖς
1448 829 1625 898 μόνον,
1670 830 1807 883 ἀλλὰ

252 924 349 976 καὶ
379 921 681 994 μαχομένας
710 921 957 991 ἀλλήλαις
991 920 1056 973 ἐκ
1086 919 1192 972 τῶν
1212 920 1557 992 Γραμμάτων
1585 921 1807 993 εὑρεθή-

256 1030 411 1066 σεται
453 1012 550 1074 τὰς
582 1011 873 1080 φαντασίας
907 1009 1314 1081 ἀναλεγόμενος.
1364 1012 1672 1084 Ἀφεμὲνοις
1699 1012 1807 1083 (95)

249 1101 347 1158 οὖν
369 1106 466 1176 τῆς
490 1103 627 1157 κατὰ
651 1105 747 1174 τὴν
769 1103 953 1156 οὐσίαν
988 1103 1509 1175 πολυπραγμοσύνης
1540 1105 1614 1167 ὡς
1644 1105 1807 1173 ἀνεφο

255 1199 429 1263 ίκτου,
461 1200 524 1267 τῇ
563 1196 703 1267 ἁπλῇ
724 1197 1034 1267 παραινέσει
1066 1197 1157 1250 τοῦ
1188 1197 1506 1251 Ἀποστόλου
1538 1198 1803 1255 πειστέον.

249 1288 532 1356 λέγοντος⁸
569 1285 893 1339 Πιστεῦσαι
944 1286 1054 1354 γὰρ
1100 1284 1191 1338 δεῖ
1237 1284 1491 1353 πρῶτον,
1548 1285 1635 1338 ὅτι
1678 1286 1807 1339 ἔστι

250 1380 416 1445 Θεὸς,
444 1377 537 1432 καὶ
587 1376 709 1442 τοῖς
749 1375 1096 1442 ἐκζητοῦσιν
1137 1376 1320 1430 αὑτὸν
1361 1378 1807 1445 μισθαποδότης

247 1473 489 1539 γίνεται.
524 1468 597 1520 Οὑ
631 1466 793 1538 γὰρὴ
832 1467 924 1519 τοῦ
952 1468 1005 1520 τί
1038 1468 1183 1519 ἐστιν
1223 1467 1584 1538 ὲξερεύνησις,
1626 1469 1739 1521 ἀλλ’
1768 1473 1800 1539 ἡ

245 1561 342 1615 τοῦ
370 1562 449 1613 ὅτι
482 1560 625 1612 ἐστιν
656 1558 909 1629 ὁμολογία
947 1556 1041 1628 τὴν
1083 1559 1350 1627 σωτηρίαν
1385 1560 1515 1628 ἡμῖν
1548 1558 1660 1629 (96)
1696 1576 1801 1612 πα-

249 1650 590 1723 ρασκευάζει.
628 1650 778 1706 Ἐπεὶ
814 1644 905 1702 οῦν
939 1648 1287 1719 ἀπερινόητος
1319 1648 1602 1720 ἀνθρώπου
1643 1650 1799 1719 φύσει

245 1746 340 1797 καὶ
369 1744 598 1814 ἁῤῥητος
627 1740 896 1803 παντελῶς
916 1743 948 1809 ἡ
969 1740 1122 1793 οὐσία
1142 1741 1231 1793 τοῦ
1256 1740 1388 1794 Θεοῦ
1410 1742 1797 1806 ἀποδέδεικται,

1910 664 1967 703 se
1996 650 2153 704 etiam
2187 660 2483 720 pugnantes
2508 650 2914 719 imaginatione:
2935 666 2999 704 ex
3027 650 3323 719 Scripturis
3354 655 3459 706 colo

1910 744 2070 809 ligere
2110 741 2428 810 reperietur.
2458 740 2689 794 Proinde
2716 740 2926 794 curiosa
2964 738 3457 810 essentiae'indaga-

1913 835 2072 893 tione,
2101 842 2351 901 tauquam
2379 847 2498 903 quae
2524 842 2736 901 captum
2763 843 3002 885 nostrum
3027 840 3267 897 superet,
3294 830 3455 901 227

1912 923 2115 987 relicta,
2146 924 2469 977 credendum
2509 924 2659 977 nobis
2689 932 2771 977 est
2802 922 3027 991 simplici
3063 922 3287 976 consilio
3318 923 3453 989 Apu~

1906 1014 2046 1075 stoli,
2095 1016 2183 1084 qui
2220 1015 2347 1069 dicit
2384 1032 2398 1069 :
2438 1013 2574 1068 Nam
2619 1016 2840 1085 primum
2870 1015 3076 1067 credere
3108 1023 3325 1083 oportet,
3349 1030 3457 1067 esse

1908 1104 2090 1168 Deum,
2117 1116 2162 1159 et
2184 1122 2293 1160 esse
2322 1120 2761 1160 remuneratorem
2793 1106 3142 1177 qmerentibua
3176 1123 3230 1160 se
3250 1106 3315 1158 “.
3339 1106 3453 1161 Non

1906 1196 2044 1251 enim
2090 1196 2427 1265 investigatio
2483 1212 2585 1267 qua
2621 1208 3020 1266 perscrutamur
3063 1198 3189 1265 quid
3233 1199 3323 1260 sit,
3363 1200 3454 1253 sed

1907 1287 2172 1343 confessio
2207 1302 2311 1356 qua
2342 1289 2515 1358 ipsum
2539 1302 2658 1343 esse
2683 1288 3024 1354 confitemur,
3052 1288 3275 1343 salutem
3305 1290 3459 1343 nobis

1908 1380 2176 1435 conciliat.
2211 1379 2388 1448 Quare
2409 1394 2528 1434 cum
2575 1381 2997 1434 demonstratum
3034 1381 3123 1444 sit,
3169 1380 3454 1435 essentiam

1909 1470 1999 1524 Dei
2043 1471 2110 1523 ab
2149 1470 2374 1523 humana
2401 1479 2587 1523 natura
2634 1469 2851 1539 intelligi
2902 1484 2965 1523 ac
2999 1468 3253 1539 explicari
3312 1468 3456 1523 nullo

1908 1559 2063 1613 modo
2092 1572 2285 1625 posse,
2326 1558 2588 1627 reliquum
2614 1569 2690 1613 est
2722 1569 2778 1611 ut
2813 1560 2879 1612 de
2916 1559 3026 1626 ipsa
3055 1559 3455 1628 ingeneratioue

1907 1649 2238 1718 inquiramus
2278 1650 2403 1717 quid
2435 1649 2525 1713 sit,
2574 1658 2629 1703 et
2657 1652 2920 1720 quomodo
2969 1664 3085 1703 eam
3119 1650 3171 1705 in
3202 1649 3311 1706 Deo
3335 1650 3454 1704 uni-

1907 1752 2179 1792 versurum
2220 1738 2571 1806 speculemur.

242 1834 557 1905 λειπόμενόν
607 1837 720 1886 ἐστι
762 1834 889 1900 περὶ
952 1832 1049 1902 τῆς
1091 1832 1413 1904 ἀγεννησίας
1467 1836 1635 1907 αὑτῆς
1682 1836 1734 1888 τί
1772 1834 1831 1888 τὲ
1866 1835 2001 1897 ἐστι,
2031 1832 2124 1886 καὶ
2162 1830 2277 1895 πῶς
2326 1832 2700 1902 ὲπιθεωρεῖται
2748 1831 2825 1903 τῷ
2851 1833 2967 1904 Θεῷ
3007 1833 3115 1887 τῶν
3156 1832 3288 1887 ὅλων
3314 1830 3451 1898 διεξ,

241 1926 436 1980 ελθεῖν.

317 2017 401 2071 15.
436 2016 762 2087 Εὑρίσκομεν
807 2010 898 2068 οῦν
951 2014 1307 2087 λογιζόμενοι,
1368 2020 1449 2071 ὅτι
1495 2019 1594 2072 οὑκ
1641 2020 1697 2072 ὲν
1730 2022 1796 2089 τῇ
1829 2026 1869 2080 Β
1971 2012 1987 2065 ί

1777 2022 1869 2089 ῇΒ
1971 2012 2057 2067 l5.
2120 2010 2435 2081 Reperimus
2497 2012 2679 2083 itaque
2741 2027 2851 2067 rem
2918 2022 3247 2082 reputantes,
3308 2014 3447 2082 quod

238 2109 332 2161 τοῦ
374 2109 423 2160 τί
456 2110 599 2160 ἐστιν
632 2109 1037 2179 ἁνερευνήσειή
1081 2108 1173 2161 τοῦ
1218 2110 1508 2179 ἀγεννήτου
1549 2112 1679 2179 ἡμῖν
1714 2110 1794 2161 ἔν-

237 2218 355 2253 νοια
377 2200 687 2262 ὑποπίπτει,
712 2199 845 2253 ἀλλὰ
870 2200 1087 2271 μᾶλλον,
1116 2202 1199 2252 ἵνα
1229 2200 1555 2270 βιασάμενος
1583 2201 1690 2271 (97)
1725 2202 1792 2253 εί-

236 2311 327 2345 πω
352 2292 443 2345 τὸν
468 2292 641 2360 λόγον,
673 2296 729 2346 ὲν
752 2296 817 2364 τῇ
847 2293 940 2345 τοῦ
975 2295 1119 2353 ὅπως
1156 2286 1318 2345 ἐστίν.
1368 2290 1660 2359 Ἐξετάζων
1687 2291 1793 2362 γὰρ

240 2383 394 2454 ήμῶν
412 2383 440 2436 6
467 2382 607 2447 νοῦς,
630 2385 677 2436 sl
710 2387 736 2437 6
758 2385 849 2437 ἐπὶ
876 2384 1087 2437 πάντων
1110 2382 1239 2445 Θεὸς
1262 2383 1450 2436 ἑαυτοῦ
1470 2401 1587 2437 τινα
1617 2385 1791 2439 αἰτίαν

235 2474 630 2545 ὑπερκειμένην
679 2474 808 2544 ἔχει,
846 2470 961 2527 εἶτα
998 2474 1056 2526 οὑ
1100 2473 1390 2544 δυνάμενος
1438 2476 1671 2529 ἐπινοεῖν
1701 2478 1791 2530 οὑ-

232 2566 449 2637 δεμίαν,
479 2567 537 2619 τὸ
564 2566 792 2635 ἄναρχον
817 2564 979 2617 αὑτοῦ
1011 2565 1109 2635 τῆς
1140 2565 1283 2637 ζωῆς
1310 2567 1598 2637 ἀγέννητον
1629 2586 1792 2639 προσ-

232 2660 550 2729 ηγόρευσεν.
601 2658 685 2720 Ὠς
716 2655 823 2728 γὰρ
852 2658 908 2709 ὲν
946 2660 1054 2720 τοῖς
1091 2660 1214 2729 περὶ
1242 2659 1349 2711 τῶν
1382 2660 1679 2731 ἀνθρώπων
1702 2662 1789 2713 λό-

232 2767 370 2818 γοις,
397 2751 522 2802 ὅταν
552 2749 798 2819 λέγωμεν
827 2751 929 2813 ὅτι,
958 2750 1015 2803 Ὀ
1034 2749 1176 2803 δεῖνα
1205 2752 1268 2802 ὲκ
1296 2751 1446 2804 τοῦδε
1474 2752 1710 2819 γέγονεν,
1728 2753 1787 2805 οὑ

229 2842 293 2894 τὸ
314 2841 365 2893 τί
392 2842 534 2895 ἐστιν
567 2842 815 2904 ἑκάστου,
844 2842 977 2896 ἀλλὰ
998 2842 1058 2895 τὸ
1081 2842 1199 2895 ὅθεν
1224 2843 1409 2910 γέγονε
1438 2843 1784 2913 διηγούμεθα⁸

233 2934 378 2989 οὕτω
407 2936 498 2991 καὶ
532 2937 589 2988 ἐν
620 2939 729 3001 τοῖς
754 2939 875 3007 περὶ
898 2935 1031 2989 Θεοῦ
1061 2937 1093 3007 ἡ
1122 2937 1444 3005 ἀγέννητος
1474 2935 1619 3006 φωνὴ
1640 2936 1697 2987 οὑ
1729 2936 1787 2988 τὸ

229 3026 308 3088 τί,
334 3025 469 3080 ἀλλὰ
495 3026 555 3079 τὸ
581 3025 689 3097 (98)
722 3026 1028 3096 μηδαμόθεν
1058 3025 1220 3079 αὑτοῦ
1256 3024 1524 3093 σημαίνει.
1562 3023 1713 3077 Οὕτω
1740 3026 1784 3078 δ’

229 3118 298 3171 ἂν
328 3118 649 3189 σαφέστερον
676 3118 704 3170 ὃ
731 3117 870 3185 λέγω
899 3120 1123 3186 γένοιτο.
1167 3116 1221 3166 '0
1245 3114 1626 3187 εὑαγγελιστὴς
1652 3119 1786 3170 Λου-

229 3210 354 3271 κᾶς,
386 3209 483 3279 τὴν
512 3209 650 3262 κατὰ
682 3209 856 3278 σάρκα
886 3206 1230 3273 γενεαλογίαν
1263 3203 1354 3257 τοῦ
1383 3206 1514 3260 Θεοῦ
1552 3209 1643 3261 καὶ
1675 3209 1785 3262 Σω-

236 3301 394 3372 τῆρος
436 3301 589 3372 ἡμῶν
641 3300 809 3371 Ἰησοῦ
860 3300 1087 3371 Χριστοῦ
1138 3301 1498 3373 ἐκτιθέμενος,
1536 3302 1628 3356 καὶ
1678 3302 1784 3356 ἀπὸ

236 3396 335 3450 τῶν
367 3395 683 3448 τελευταίων
711 3394 804 3445 ἐπὶ
843 3395 968 3458 τοὺς
1008 3394 1254 3465 πρώτους
1301 3396 1653 3459 ἀναποδίζων,
1682 3398 1781 3467 ἡρ-

228 3488 355 3552 ξατο
390 3486 486 3555 μὲν
525 3484 629 3538 ἀπὸ
659 3483 750 3537 τοῦ
793 3484 985 3557 Ἰωσήφ
1005 3503 1018 3516 ο
1067 3485 1234 3539 είπὼν
1265 3487 1321 3539 δὲ
1351 3487 1536 3540 τοῦτον
1565 3488 1659 3556 μὲν
1692 3486 1783 3540 τοῦ

235 3578 405 3641 Ἠλεὶ,
444 3576 534 3629 τὸν
575 3576 629 3629 δὲ
660 3575 753 3629 τοῦ
782 3578 1037 3641 Ματθὰν,
1070 3578 1163 3631 καὶ
1205 3578 1345 3631 οὕτω
1394 3580 1533 3632 κατὰ
1585 3579 1782 3632 ἀνάλυ-

226 3688 311 3727 σιν
358 3670 464 3741 (99)
515 3671 646 3740 πρὸς
682 3670 773 3723 τὸν
828 3670 995 3739 Ἀδὰμ
1030 3670 1125 3740 τὴν
1171 3671 1427 3741 ἐξήγησιν
1474 3672 1779 3738 ἐπανάγων,

225 3757 343 3814 εἶτα
377 3758 543 3814 ἐλθὼν
587 3758 679 3813 ἐπὶ
716 3760 839 3823 τοὺς
882 3761 1011 3820 ἀνω,
1050 3760 1143 3811 καὶ
1200 3758 1365 3812 εἰπὼν
1400 3760 1479 3812 ὅτι
1512 3760 1539 3810 6
1574 3758 1677 3829 Σὴθ
1719 3761 1782 3811 ἐκ

229 3853 316 3913 τοῦ
364 3853 554 3924 Ἀδὰμ,
589 3855 617 3907 6
663 3852 719 3906 δὲ
764 3851 931 3921 Ἀδὰμ
976 3852 1037 3902 ὲκ
1084 3849 1175 3901 τοῦ
1211 3850 1365 3913 Θεοῦ,
1408 3848 1637 3903 ἐνταῦθα
1683 3852 1783 3920 τῆς

224 3945 540 4007 αναῆἀσεως
572 3945 784 4012 ἔληξενο
820 3944 939 4013 οὐχὶ
964 3942 1064 4004 τὰς
1111 3940 1295 4003 οὐσίας
1327 3942 1404 4007 (1)
1438 3942 1543 3994 τῶν
1579 3941 1779 4013 ἀπηρι-

221 4037 515 4108 θμημένων
553 4034 727 4104 δηλῶν
759 4036 815 4085 ὲν
847 4037 911 4103 τῇ
955 4034 1197 4104 διηγήσει
1232 4033 1327 4103 τῆς
1362 4033 1590 4086 ἑκάστου
1629 4034 1779 4102 γενέ-

221 4148 379 4193 σεως,
410 4128 543 4183 ἀλλὰ
572 4126 670 4187 τὰς
705 4128 983 4197 προσεχεῖς
1014 4125 1185 4197 ἀρχὰς
1218 4125 1307 4194 ἀφ’
1342 4119 1408 4196 ἦς
1432 4125 1659 4189 ἕκαστος
1688 4126 1779 4193 γέ-

218 4237 377 4290 γονεν
415 4217 776 4289 ἐκτιθέμενος.
814 4217 1020 4285 Ὠσπερ
1052 4214 1143 4268 οὖν
1178 4217 1381 4279 ἐκεῖνος
1423 4210 1593 4278 εἶπεν,
1623 4216 1702 4267 ὅτι
1748 4216 1777 4267 6

1896 2122 1999 2161 non
2045 2106 2096 2158 in
2155 2104 2503 2169 scrutatione,
2561 2119 2662 2175 qua
2710 2106 2836 2173 quid
2876 2105 2947 2160 sit
2985 2114 3305 2167 scrutamur,
3365 2107 3449 2161 in-

1894 2197 2055 2266 geniti
2118 2196 2271 2251 nobis
2336 2198 2481 2250 notio
2539 2198 2744 2252 accedit
2792 2215 2806 2252 :
2853 2197 2945 2252 sed
2992 2198 3186 2267 potius,
3241 2206 3301 2251 ut
3353 2211 3444 2252 co-

1893 2297 2040 2342 actus
2078 2287 2393 2340 sententiam
2422 2287 2615 2353 dicam,
2668 2288 2719 2341 in
2746 2288 3093 2353 scrutatione,
3142 2303 3245 2360 qua
3293 2302 3445 2343 acru-

1893 2387 2068 2434 tamur
2123 2378 2391 2449 quomodo
2444 2379 2533 2434 sit.
2595 2377 2725 2434 Nam
2783 2394 2901 2433 cum
2937 2394 3087 2435 meus
3126 2390 3308 2436 nostra
3352 2397 3449 2437 ex—

1890 2476 2073 2545 pendit
2119 2491 2186 2531 an
2240 2476 2382 2531 Deus
2424 2475 2513 2546 qui
2565 2484 2650 2530 est
2700 2488 2859 2543 super
2909 2477 3088 2530 omnia
3108 2476 3177 2542 ³⁸,
3228 2492 3443 2532 causam

1890 2568 2123 2637 aliquam
2176 2581 2232 2623 se
2281 2567 2613 2637 superiorem
2658 2566 2875 2635 habeat,
2907 2582 3006 2622 nec
3055 2580 3228 2624 tamen
3283 2568 3443 2624 ullam

1890 2660 2200 2729 excogitare
2230 2668 2433 2729 potest,
2475 2658 2593 2728 ejus
2631 2659 2793 2712 vitam
2828 2659 3091 2729 principio
3132 2667 3404 2716 carentem
3426 2700 3443 2727 ,

1890 2752 2183 2821 ingenitum
2209 2751 2523 2820 'appellavit.
2562 2750 3021 2817 Quemadmodum
3057 2752 3202 2805 enim
3234 2752 3288 2805 in
3332 2768 3445 2807 ser-

1890 2844 2134 2896 monibus
2167 2842 2255 2910 qui
2289 2842 2357 2895 de
2385 2841 2692 2895 hominibus
2733 2840 3106 2907 instituuntur,
3146 2857 3269 2896 cum
3304 2842 3441 2897 dici-

1888 2948 2042 2987 mus:
2078 2932 2176 2988 Ilic
2204 2948 2268 2988 ex
2299 2931 2388 2987 illo
2423 2943 2582 2987 natus
2612 2942 2730 2999 est;
2762 2947 2866 2986 non
2897 2934 3022 3002 quid
3051 2936 3142 2996 sit,
3177 2937 3272 2990 sed
3304 2938 3442 2990 unde

1886 3036 2042 3081 natus
2068 3025 2159 3090 sit,
2188 3036 2469 3081 narramus
2494 3042 2507 3077 :
2535 3024 2613 3079 sic
2635 3033 2688 3078 et
2716 3024 2768 3078 iu
2794 3025 2859 3081 iis
2879 3027 2968 3094 qui
3007 3026 3071 3080 de
3097 3026 3204 3082 Deo
3237 3026 3441 3080 haben-

1886 3127 1973 3172 tur
2000 3116 2353 3181 sermonibus,
2381 3130 2480 3170 vox
2503 3115 2760 3184 ingenitus
2784 3129 2887 3171 non
2915 3117 3041 3189 quid
3072 3118 3161 3182 sit,
3192 3118 3285 3171 sed
3313 3132 3435 3173 eum

1885 3211 1951 3265 ab
1982 3210 2088 3264 alio
2132 3224 2237 3263 non
2282 3222 2403 3264 esse
2452 3209 2736 3277 significat.
2782 3211 2933 3276 Quod
2967 3219 3144 3265 autem
3180 3210 3335 3277 dico,
3387 3209 3440 3264 id

1884 3302 1985 3357 hoc
2016 3304 2175 3358 modo
2203 3302 2294 3359 ﬂet
2319 3303 2490 3372 magis
2517 3304 2883 3370 perspicuum.
2907 3304 3081 3359 Lucas
3108 3304 3433 3374 evangelista

1884 3394 2247 3466 genealogiam
2297 3397 2387 3451 Dei
2428 3406 2482 3452 et
2528 3396 2822 3453 Salvatoris
2869 3398 3037 3453 nostri
3074 3396 3198 3454 Jesu
3233 3398 3434 3453 Christi

1884 3488 2173 3541 secundum
2205 3503 2420 3542 carnem
2451 3504 2744 3558 exponens.
2774 3499 2829 3543 et
2873 3488 2940 3544 ab
2987 3488 3193 3544 ultimis
3224 3490 3288 3544 ad
3323 3490 3435 3558 μνία

1884 3592 1999 3633 mos
2023 3579 2249 3637 rediens.
2287 3579 2485 3649 incepit
2510 3580 2727 3650 quidem
2756 3595 2783 3633 a
2808 3579 3004 3649 Joseph
3030 3594 3045 3631 :
3072 3579 3164 3634 sed
3189 3579 3277 3635 ubi
3302 3580 3437 3635 dixit

1886 3670 2027 3724 hunc
2075 3667 2189 3721 Heli
2238 3684 2377 3733 esse,
2423 3671 2564 3725 hunc
2594 3685 2721 3725 vero
2755 3671 2989 3736 Matlian,
3027 3670 3213 3740 sicque
3247 3672 3437 3728 ordine

1885 3762 2098 3815 inverso
2131 3764 2195 3813 ad
2223 3762 2392 3814 Adam
2420 3777 2593 3832 usque
2616 3763 2986 3817 narrationem
3019 3763 3289 3835 perduxit,
3324 3774 3431 3818 tmn

1887 3852 1953 3904 ad
1990 3852 2299 3919 superim'ea
2340 3867 2678 3922 progressus,
2710 3868 2831 3908 cum
2880 3854 3106 3909 dixisset
3148 3851 3278 3911 Setlt
3313 3870 3434 3911 esse

1884 3957 1949 3997 ex
1981 3943 2170 4009 Adam,
2203 3946 2371 3999 Adam
2396 3958 2525 4001 vero
2550 3960 2616 4001 ex
2650 3945 2780 4011 Deo,
2811 3946 2899 4001 hic
2937 3960 3219 4003 ascensum
3253 3948 3434 4001 termi-

1884 4034 2033 4087 navit
2061 4034 2124 4086 ".
2159 4034 2262 4091 Nec
2292 4043 2491 4101 tamen,
2531 4052 2652 4092 cum
2683 4036 3107 4109 uniuscujusque
3131 4040 3433 4109 generatio-

1883 4142 2005 4181 nem
2038 4138 2303 4195 narraret,
2345 4143 2530 4184 eorum
2565 4130 2656 4201 qui
2698 4132 2997 4187 enumerati
3038 4131 3254 4185 fuerant
3286 4131 3431 4185 indi-

1881 4218 2022 4271 cavit
2054 4221 2354 4274 esseutias:
2388 4219 2482 4276 sed
2510 4220 2744 4289 origines
2774 4220 3045 4290 proximas
3070 4221 3215 4277 unde
3249 4235 3425 4277 unus-

286 4404 332 4438 ⁸⁸
358 4402 491 4456 Dan.
528 4415 623 4465 vu,
654 4400 707 4454 9.
779 4397 826 4431 “
856 4396 1017 4453 llebr.
1047 4412 1123 4461 ιι,
1151 4395 1203 4449 6.
1277 4396 1321 4427 ⁸⁸
1349 4394 1507 4448 Rom.
1539 4408 1615 4455 ις,
1646 4391 1697 4444 5.
1777 4391 1822 4423 ⁸⁸
1861 4392 1987 4449 Luc.
2020 4409 2099 4457 tu,
2127 4395 2316 4451 23-58.

294 4563 403 4635 (95)
436 4562 610 4635 Codex
636 4576 796 4635 _unus_
837 4558 1157 4629 ἀφεμένους.
1192 4556 1292 4635 Alii
1327 4559 1607 4635 quinque
1630 4569 1758 4608 mss.
1796 4560 1841 4617 ο

218 4625 340 4689 eum
376 4625 603 4698 vulgatis
626 4625 912 4698 ἀφεμένοις
945 4625 958 4683 Ξ
988 4643 1146 4698 quam
1176 4627 1492 4698 scripturam
1515 4625 1761 4677 vitiosam

217 4720 337 4761 esse
363 4694 711 4756 Combelisiu's
736 4694 961 4751 credidit
987 4694 1020 4764 ;’
1038 4708 1091 4752 et
1124 4698 1196 4749 ita
1224 4696 1363 4750 hunc
1387 4694 1556 4764 locum
1586 4708 1770 4747 einen-

215 4777 383 4836 davit,
421 4782 476 4825 ut
506 4785 599 4842 pro
621 4766 908 4842 ἀφεμένοις
937 4762 1075 4836 legat
1095 4765 1399 4842 despising.
1431 4762 1625 4817 Fateor
1654 4764 1771 4830 qui-

220 4848 341 4897 dem
388 4839 524 4896 hanc
553 4841 978 4895 emendationem
1028 4839 1200 4904 primo
1245 4843 1459 4905 aspectu
1523 4848 1771 4905 necessa-

222 4919 357 4969 riam
385 4912 549 4965 videri
605 4927 619 4963 :
656 4911 747 4963 sed
789 4908 830 4963 si
883 4902 1141 4974 quispiam
1178 4902 1490 4972 retn'paulo
1515 4903 1767 4974 attentius

219 4983 543 5039 consideret.
592 4979 871 5034 lectionem
901 4972 1057 5030 aliam
1089 4976 1299 5031 defendi
1338 4988 1497 5043 posse
1526 4972 1766 5043 fortasse

220 5067 325 5106 non
367 5051 596 5118 negabit,
632 5059 739 5101 tum
776 5050 844 5102 ob
866 5058 1184 5118 consensum
1216 5040 1454 5118 veterum
1487 5040 1762 5118 librorum,

220 5132 330 5178 tum
356 5112 491 5189 quod
518 5133 617 5172 vox
644 5120 775 5189 ἡμῖν
809 5118 973 5189 possit
1008 5113 1262 5189 suppleri,
1298 5114 1403 5189 hoc
1423 5112 1579 5164 modo
1604 5128 1617 5163 :
1648 5126 1764 5189 REI-

219 5181 385 5245 στὲον’
402 5192 529 5260 ἡμῖν
555 5181 842 5260 αφεμένοις
868 5187 964 5260 τῆς
1001 5181 1137 5236 δίατὰ
1161 5182 1473 5260 τὴν-οὐσίαν
1514 5219 1527 5233 .
1554 5217 1569 5232 .
1594 5220 1609 5260 τ
1632 5218 1644 5231 .
1696 5182 1760 5249 τῇ

216 5263 384 5332 ἁπλῇ,
417 5251 520 5332 etc.
562 5251 751 5332 Nobis,
790 5251 1052 5332 curiosum
1090 5251 1323 5332 essentia
1371 5251 1760 5332 indagationent

216 5318 584 5390 omiiientibus,
632 5323 941 5380 credendum
974 5333 1047 5378 est
1078 5322 1317 5389 simplici.
1356 5329 1462 5375 etc.
1495 5320 1562 5374 Et
1614 5328 1761 5372 certe

215 5415 336 5451 cum
376 5389 577 5453 Latine
614 5397 716 5451 dici
752 5395 939 5464 possit,
966 5392 1113 5446 nobis
1146 5390 1475 5464 credendum
1509 5400 1581 5464 est
1630 5389 1761 5464 {lpo-

214 5470 372 5531 atolo,
414 5484 516 5523 non
564 5469 716 5520 video
749 5460 845 5519 cur
880 5462 1063 5517 Graace
1107 5463 1209 5516 dici
1259 5476 1376 5531 non,
1409 5460 1594 5527 possit,
1627 5460 1758 5528 ημῖν

216 5530 459 5591 πειστέον
489 5537 567 5608 τῷ
599 5534 902 5603 Ἀποστόλῳ
959 5549 973 5584 :
1006 5546 1111 5608 quo
1141 5530 1315 5608 semel
1348 5530 1491 5608 dato,
1535 5544 1631 5582 vox
1658 5532 1759 5608 αφ-

212 5611 426 5678 εμένοις
453 5612 516 5661 ad
539 5599 725 5678 vocem
741 5599 883 5675 ἡμῖν’
902 5611 989 5678 aut
1014 5602 1081 5678 ad
1110 5602 1333 5678 similent
1354 5599 1631 5651 referetur.
1657 5599 1757 5651 Le-

212 5670 355 5747 gitur
382 5670 433 5731 in
484 5693 587 5731 uno
614 5670 793 5747 codice
818 5684 871 5728 et
901 5676 950 5727 in
998 5673 1239 5747 vulgatis
1259 5670 1507 5736 λέγοντος
1535 5685 1756 5721 πιστευ-

209 5741 348 5803 τέον.
379 5749 480 5803 Alii
505 5763 633 5801 mss.
662 5746 861 5800 habent
894 5741 1159 5803 πειστέον,
1186 5741 1451 5807 λέγοντος.

278 5821 389 5890 (96)
431 5818 565 5873 Editi
608 5827 662 5890 et
700 5831 835 5868 unus
888 5816 1053 5867 codex
1098 5806 1367 5882 σωτηρίαν
1431 5807 1603 5879 ἡμῶν.
1650 5806 1752 5865 Alii

210 5888 440 5961 quinque
470 5903 596 5941 mss.
635 5888 784 5955 ἡμῖν.

480 5984 748 6042 ΡΑτιιοι.
794 5980 911 6039 Gn.
958 5977 1189 6037 XXIX.

1938 4550 2047 4623 (97)
2080 4551 2231 4610 Illud.
2260 4554 2343 4607 ἴνα
2377 4555 2718 4625 βιασάμενος,
2743 4565 2872 4621 etc.,
2913 4557 2985 4611 ita
3010 4567 3244 4613 verterat
3268 4558 3425 4615 inter-

1872 4637 2037 4699 pres;
2070 4630 2124 4672 ut
2159 4627 2309 4699 quasi
2334 4637 2542 4699 coactus
2576 4629 2672 4677 hoc
2705 4627 2877 4699 dicem
2901 4628 3230 4699 verbum._At
3258 4629 3420 4685 Com-

1872 4691 2108 4753 befisitts,
2134 4694 2328 4758 rejecta
2355 4695 2457 4748 hac
2484 4696 2940 4762 interpretatione,
2974 4698 3110 4749 hunc
3136 4697 3308 4753 locum
3341 4700 3419 4755 sic

1870 4763 2134 4833 expressit
2159 4781 2172 4817 :
2204 4778 2260 4817 ιιι
2290 4764 2581 4817 doctrinam
2609 4765 2841 4833 proferre
2885 4768 3042 4818 m'lar.
3081 4766 3298 4822 Videtur
3323 4768 3421 4821 Ba-

1868 4830 2020 4884 silius
2072 4831 2173 4901 lioc
2208 4836 2322 4886 loco
2346 4830 2618 4888 excusare
2649 4830 2800 4889 sede
2834 4836 3049 4891 minutis
3098 4835 3201 4890 illis
3229 4837 3414 4901 rebus,

1866 4913 1985 4967 qua!
2019 4900 2084 4953 ad
2113 4902 2327 4956 scholas
2353 4907 2641 4971 pertinent,
2662 4913 2715 4957 et
2740 4907 2804 4956 ad
2828 4904 3232 4973 grammaticam
3257 4924 3270 4970 ;
3307 4900 3416 4960 mo;

1868 4980 2064 5043 netque
2109 4972 2329 5043 invitum
2367 4988 2425 5027 se
2474 4974 2556 5028 Itis
2586 4974 2637 5027 in
2664 4974 2812 5043 tricis
2839 4974 3058 5027 morari.
3086 4974 3160 5029 Ex
3188 4992 3294 5043 quo
3324 4978 3424 5031 inn

1867 5039 2123 5111 telligitur
2150 5042 2636 5109 interpretationem
2667 5042 3001 5111 Trapezuntii
3049 5059 3076 5097 a
3109 5039 3284 5101 mente
3312 5044 3412 5101 Ba-

1864 5110 1967 5162 silii
2002 5123 2103 5161 non
2144 5111 2211 5164 ita
2257 5113 2480 5165 alienam
2510 5113 2695 5177 videri,
2736 5110 2965 5169 nectam
2998 5112 3154 5170 facile
3184 5132 3212 5169 a
3248 5114 3410 5173 Com-

1863 5178 2048 5232 befisio
2079 5182 2345 5247 repudiari
2374 5184 2634 5235 debuisse.

1932 5248 2043 5317 (98)
2082 5249 2260 5305 Codex
2302 5266 2437 5305 unus
2468 5252 2528 5304 οὑ
2560 5252 2621 5303 τὸ
2655 5253 2705 5306 τί
2754 5254 2920 5318 ἐστιν,
2970 5252 3104 5307 ἀλλὰ
3151 5254 3234 5309 τό.
3291 5256 3409 5310 Mox

1859 5319 1988 5441 ἓξἯί
2036 5328 2087 5372 et
2142 5335 2282 5377 unua
2326 5336 2424 5375 ms.
2468 5322 2663 5375 οὑτωσὶ
2714 5322 2758 5375 δ’
2798 5323 2879 5376 ἄν.
2929 5321 3031 5377 Alii
3092 5339 3219 5380 mss.
3271 5326 3411 5380 οὕτω

1966 5406 2012 5440 ν.

1966 5406 2012 5440 ν.

1931 5458 2041 5526 (99)
2080 5458 2242 5525 Illud,
2295 5461 2433 5513 κατὰ
2484 5460 2581 5530 τὴν
2634 5463 2907 5527 ἀνάλυσιν,
2960 5463 3028 5517 ita
3075 5466 3142 5519 ad
3187 5464 3408 5522 verbum

1866 5530 2031 5582 vertit
2093 5531 2353 5599 interpres
2398 5549 2410 5581 :
2463 5547 2555 5599 per
2628 5536 3009 5586 resolutionem.
3065 5532 3158 5587 Eat
3228 5547 3409 5591 autem

1858 5613 2022 5669 genus
2054 5599 2339 5666 loquendi,
2386 5614 2492 5669 quo
2532 5600 2704 5657 Graeci
2742 5604 2816 5657 uti
2855 5604 3118 5667 solebant,
3167 5617 3287 5660 cum
3325 5622 3413 5663 res

1858 5668 2034 5736 aliqua
2092 5669 2304 5724 inverso
2356 5668 2545 5725 ordine
2596 5685 2754 5742 atque
2810 5684 3138 5743 ormpostero
3192 5676 3409 5732 dicere-

1857 5745 1960 5790 tur.

1925 5807 2001 5879 (ί)
2037 5808 2254 5879 Antiqui
2305 5820 2412 5865 tres
2455 5810 2573 5864 libri
2624 5814 2683 5864 οῦ
2730 5812 2829 5877 τὰς
2875 5813 3080 5877 οὑσίας.
3127 5814 3246 5871 Mox
3280 5816 3408 5876 editi

1856 5877 2164 5948 ἐκθέμενος.
2184 5877 2262 5935 At
2301 5896 2430 5936 mss.
2461 5881 2607 5936 multi
2636 5883 3001 5954 ἐκτιθέμενος.

3027 5979 3099 6038 18
