4230 6490
805 421 912 478 ενι

2106 417 2161 471 S.
2208 417 2448 474 BASILII
2491 418 2705 476 MAGNI

3925 420 4032 476 5η

803 543 1032 610 quisque
1059 545 1212 591 natus
1232 532 1682 602 esset,exposuit.
1709 532 2171 598 Quemadmodum
2198 535 2358 602 igitur
2392 545 2431 592 Α
2472 540 2473 544 ‘

2392 545 2431 592 Α
2472 537 2638 604 Ἀδὰμ
2679 539 2740 588 ὲκ
2769 535 2860 588 τοῦ
2891 535 3024 588 Θεοῦ
3045 553 3057 566 ·
3085 536 3255 597 οὕτως
3293 536 3450 606 ἡμεῖς
3475 536 3702 600 ἑαυτοὺς
3732 536 4000 606 ἐρωτήσω
4020 566 4032 576 -

806 633 893 686 ille
923 629 1060 683 dixit
1087 627 1256 680 Adam
1291 638 1357 678 ex
1393 625 1502 677 Deo
1531 639 1652 678 esse
1681 643 1693 676 :
1739 624 1816 677 sic
1856 639 1955 678 nos
1997 626 2359 692 nosmetipsos

806 731 1199 792 percontemur,
1233 719 1372 771 Deus
1399 726 1576 769 autem
1607 731 1668 768 es
1702 716 1847 784 quo?
1880 715 2068 768 Nonne
2091 716 2141 768 in
2172 717 2358 766 unius-

803 815 1062 884 cujusque
1115 821 1295 865 mente
1345 817 1646 879 promptum
1691 810 1852 862 l'uerit
1902 809 2247 875 respondere.
2293 823 2358 861 ex

804 907 988 962 nullo?
1017 905 1168 972 Quod
1197 912 1372 956 autem
1395 917 1457 956 ex
1489 901 1632 954 nullo
1659 911 1766 963 est,
1799 902 1983 970 utique
2013 902 2130 954 sine
2163 901 2363 967 princi-

803 1000 890 1066 pio
919 1007 1002 1049 est
1032 1013 1044 1049 :
1073 1004 1126 1049 et
1173 995 1312 1062 quod
1356 994 1473 1048 sine
1515 994 1782 1062 principio
1820 1004 1904 1046 est
1930 1032 1944 1055 ,
1982 993 2032 1044 id
2066 992 2358 1060 ingenitum

805 1098 908 1142 est.
947 1087 1097 1142 Sicut
1135 1101 1262 1156 ergo
1301 1086 1354 1140 in
1391 1085 1700 1138 hominibus
1733 1084 1882 1153 origo
1921 1097 1986 1136 ex
2016 1083 2219 1150 aliquo,
2254 1098 2356 1136 non

806 1189 1092 1233 esteorum
1125 1177 1358 1232 essentia
1392 1193 1404 1228 :
1435 1178 1515 1231 sic
1546 1189 1722 1244 neque
1758 1176 1810 1228 in
1840 1175 1946 1228 Deo
1985 1175 2354 1227 universorum

806 1269 977 1336 ipsum
1009 1268 1302 1338 ingenitum
1332 1266 1471 1333 quod
1501 1265 1640 1319 idem
1666 1275 1749 1318 est
1773 1274 1932 1334 atque
1955 1281 2019 1319 ex
2051 1264 2194 1318 nullo
2217 1280 2355 1328 esse,

804 1359 921 1426 ejus
949 1361 1242 1414 essentiam
1271 1359 1434 1428 λεδ
1484 1357 1665 1412 dicere
1693 1371 1991 1424 possumus.
2037 1356 2204 1416 Porro
2238 1373 2362 1411 esse

805 1452 923 1505 sine
955 1451 1222 1520 principio
1243 1487 1259 1514 ,
1287 1450 1575 1503 essentiam
1616 1463 1736 1503 esse
1762 1450 1848 1517 qui
1880 1449 2028 1508 dicit.
2069 1467 2172 1504 non
2205 1451 2362 1504 aliter

808 1545 938 1598 facit
979 1556 1042 1596 ac
1082 1541 1126 1595 si
1171 1542 1293 1611 quis
1341 1543 1701 1610 interrogatus
1758 1555 1874 1609 quae
1931 1539 2096 1593 fuerit
2129 1541 2358 1594 essentia

806 1636 954 1700 Adae,
977 1643 1032 1689 et
1056 1649 1173 1704 quae
1195 1633 1362 1702 ipsius
1388 1642 1601 1694 natura,
1630 1631 1970 1702 respondeat,
1998 1647 2099 1686 non
2125 1648 2189 1686 ex
2214 1633 2357 1686 coitu

807 1729 907 1784 viri
948 1737 1002 1783 et
1037 1727 1316 1789 mulieris,
1365 1725 1459 1779 sed
1519 1724 1698 1777 divina
1747 1739 1907 1777 manu
1959 1722 2358 1777 conformatum

807 1836 928 1876 eum
962 1820 1148 1874 fuisse.
1184 1819 1272 1882 At,
1303 1818 1508 1885 inquiet
1535 1817 1676 1886 quis,
1706 1831 1810 1871 non
1845 1814 2060 1868 modum
2093 1829 2200 1884 quo
2231 1814 2356 1869 sub-

813 1917 991 1978 sistat,
1027 1911 1256 1980 inquiro.
1299 1910 1390 1963 sed
1427 1911 1599 1978 ipsum
1637 1907 1916 1963 materiale
1964 1908 2196 1960 hominis
2229 1907 2359 1962 sub-
2393 1886 2431 1940 Β

804 2008 1006 2076 jectum
1038 2022 1054 2060 :
1094 2004 1238 2075 quod
1273 2002 1430 2072 longe
1465 2003 1650 2056 absum
1697 2009 1756 2054 ut
1789 1999 1991 2053 discam
2041 2013 2107 2052 ex
2136 2013 2359 2068 respon-

808 2101 977 2155 sione.
1015 2098 1127 2152 Hoc
1171 2106 1348 2150 autem
1404 2095 1558 2148 nobis
1606 2093 1769 2146 etiam
1818 2091 2100 2160 contingit,
2141 2106 2263 2144 cum
2296 2105 2361 2145 ex

811 2193 1032 2262 ingeniti
1065 2205 1192 2243 voce
1239 2187 1406 2256 magis
1436 2186 1709 2256 quomodo
1744 2185 1884 2240 Deus
1914 2186 2020 2250 sit,
2055 2197 2216 2253 quam
2245 2197 2364 2252 qua

809 2287 880 2340 sit
908 2285 1025 2354 ejus
1054 2293 1240 2338 natura
1273 2283 1622 2336 edoceamur.

881 2375 966 2430 16.
1009 2372 1064 2428 ln
1089 2387 1322 2436 summa,
1356 2372 1396 2424 si
1431 2371 1554 2440 quis
1581 2369 2008 2425 velitveritatem
2029 2383 2214 2423 eorum
2245 2383 2364 2438 qua:

810 2487 839 2524 a
881 2468 1035 2522 nobis
1066 2466 1318 2519 dicuntur
1351 2463 1681 2532 perdiscere,
1717 2476 1774 2516 se
1805 2461 1920 2530 ipse
1950 2471 2320 2529 perscrutetur
2347 2479 2360 2515 :

812 2576 938 2615 num
964 2559 1028 2611 ad
1062 2557 1282 2624 ingeniti
1323 2555 1593 2608 notionem
1627 2551 1906 2620 perveniat
1939 2560 2072 2614 tum,
2107 2565 2227 2603 eum
2254 2552 2368 2605 vult

809 2650 1012 2721 aliquid
1039 2650 1103 2702 de
1128 2648 1233 2700 Deo
1257 2644 1574 2714 intelligere.
1600 2642 1711 2713 Ego
1738 2642 1986 2712 equidem
2019 2641 2199 2705 video,
2224 2644 2364 2711 quod

811 2739 1137 2813 cogitatione
1191 2736 1335 2790 velut
1384 2735 1666 2789 inventura
1723 2729 1916 2786 sacula
1967 2739 2206 2795 extenta,
2263 2729 2368 2783 line

814 2842 1085 2890 carentem
1125 2830 1353 2884 dicimus
1375 2841 1520 2890 eum,
1546 2823 1703 2893 cujus
1730 2823 1836 2876 vita
1868 2822 2015 2876 nullo
2046 2822 2152 2876 line
2181 2822 2366 2875 termi-

814 2936 1020 2981 natur:
1064 2925 1136 2977 ita
1182 2923 1338 2975 etiam
1394 2920 1520 2972 dum
1570 2917 1634 2970 ad
1674 2916 1951 2984 superiora
1993 2915 2189 2969 szeuula
2236 2929 2366 2968 con-

817 3018 1132 3073 scendentes
1159 3012 1500 3082 c0gitatione,
1529 3019 1689 3078 atque
1717 3009 1770 3063 in
1803 3007 2220 3062 immensitatem
2244 3009 2368 3062 vita:

819 3111 908 3164 Dei
950 3107 1094 3162 velut
1127 3106 1178 3158 in
1232 3111 1442 3156 vastum
1484 3100 1754 3169 quoddam
1807 3098 2027 3168 pelagus
2076 3099 2365 3163 intuentes,

2466 642 2578 692 μεν,
2614 626 2642 674 ὁ
2675 624 2730 676 δὲ
2762 623 2891 685 Θεὸς
2924 627 2984 676 ἐκ
3015 624 3190 687 τίνος;
3230 618 3372 694 τΑρα
3407 625 3528 693 οὐχὶ
3561 625 3850 696 πρόχειρόν
3886 626 4032 677 ἐστιν

2463 716 2518 766 ὲν
2546 719 2609 784 τῇ
2641 715 2852 784 ἑκάστῳ
2877 715 3102 785 διανοίᾳ,
3135 717 3213 768 ὅτι
3239 715 3295 781 ἐξ
3325 715 3566 779 οὑδενός;
3599 717 3671 769 Τὸ
3714 717 3772 768 δὲ
3815 717 3877 781 ἐξ
3908 717 4031 768 οῦδ-

2463 807 2577 868 ενὸς
2605 807 2664 858 τὸ
2686 808 2916 876 ἄναρχον
2949 809 3061 859 ἐστι
3087 807 3346 876 δηλονότι·
3372 809 3432 860 τὸ
3457 808 3512 860 δὲ
3535 809 3765 878 ἄναρχον
3789 808 3853 860 τὸ
3876 809 4032 875 ἀγένο

2462 913 2637 967 νητον.
2679 899 2763 960 Ὠς
2795 896 2886 952 οὖν
2915 899 3007 952 ἐπὶ
3033 899 3330 970 ἀνθρώπων
3361 901 3460 952 οὐκ
3484 895 3551 969 ἦν
3580 900 3735 952 οὐσία
3767 901 3828 952 τὸ
3861 900 3924 952 ἐκ
3953 918 4032 951 τι-

2462 1004 2568 1050 νος,
2595 989 2762 1052 οῦτως
2778 991 2894 1044 οὐδὲ
2918 992 3007 1042 ἐπὶ
3031 991 3123 1044 τοῦ
3150 990 3280 1044 Θεοῦ
3302 991 3408 1044 τῶν
3429 992 3564 1045 ὅλων
3583 993 3768 1046 οὐσίαν
3789 994 3934 1044 ἐστὶν
3959 996 4033 1044 εἰς

2463 1085 2584 1133 πεῖν
2623 1083 2684 1134 τὸ
2719 1084 3010 1154 ἀγέννητον
3046 1084 3155 1154 (2)·
3191 1085 3325 1155 ὅπερ
3363 1084 3477 1138 ἴσον
3512 1087 3630 1138 ἐστὶ
3671 1085 3748 1155 τῷ
3796 1085 3856 1149 ἐξ
3906 1086 4030 1139 οὐδ-

2461 1173 2596 1236 ενός.
2646 1175 2702 1226 Ὀ
2723 1175 2778 1227 δὲ
2811 1176 2868 1228 τὸ
2899 1177 3128 1247 ἄναρχον
3152 1177 3335 1229 οὐσίαν
3368 1173 3505 1230 εἶναι
3537 1177 3707 1244 λέγων
3739 1178 4032 1248 παραπλή-

2463 1281 2572 1316 σιον
2610 1269 2784 1329 ποιεῖ,
2825 1267 3011 1339 ὣσπερ
3041 1269 3106 1321 ἂν
3135 1268 3187 1320 εί
3214 1286 3316 1332 τις,
3350 1269 3720 1339 ἐρωτώμενος,
3755 1269 3839 1332 τίς
3872 1271 3906 1339 ὴ
3937 1270 4031 1322 τοῦ

2472 1355 2640 1425 Ἀδὰμ
2674 1357 2850 1420 ούσία,
2891 1359 2984 1411 καὶ
3013 1359 3095 1422 τίς
3143 1362 3175 1430 ἡ
3224 1359 3382 1427 φύσις
3432 1360 3659 1430 αύτῷ;ὁ
3702 1360 3759 1412 δὲ
3799 1361 4032 1428 ἀποκρί-

2459 1463 2619 1510 νοιτο,
2675 1447 2748 1518 μὴ
2784 1449 2857 1517 (5)
2902 1451 2963 1502 ἐκ
3010 1450 3347 1521 συνδυασμοῦ
3393 1451 3581 1521 ἀνδρὸς
3620 1453 3714 1505 καὶ
3751 1453 4029 1520 γυναικᾰς,

2459 1539 2572 1590 ἀλλ’
2626 1542 2687 1592 ἐκ
2728 1542 2824 1610 τῆς
2863 1541 3007 1605 Θείας
3054 1544 3230 1614 χειρὸς
3263 1544 3676 1614 δια-πλασθῆναι·
3734 1543 3876 1597 Ἀλλ’
3913 1544 4032 1612 οὐχὶ

2458 1631 2548 1684 τὸν
2573 1633 2772 1704 τρόπον
2795 1634 2890 1703 τῆς
2921 1636 3266 1700 ὑποστάσεως
3296 1636 3555 1707 ἐπιζητῶ,
3580 1638 3803 1706 φήσειεν
3832 1638 3897 1690 ἄν
3923 1653 4030 1699 τις,

2459 1723 2573 1776 ἀλλ’
2609 1724 2739 1777 αὐτὸ
2779 1725 2872 1777 τοῦ
2925 1727 3210 1799 ἀνθρώπου
3256 1729 3314 1782 τὸ
3352 1729 3533 1782 ὑλικὸν
3577 1729 3967 1798 ὑποκείμενον’
4004 1728 4033 1779 δ

2460 1816 2653 1869 πολλοῦ
2688 1817 2789 1870 δέω
2822 1819 3110 1887 μανθάνειν
3142 1821 3228 1873 διὰ
3258 1822 3354 1891 τῆς
3385 1823 3742 1892 ἀποκρίσεως.
3775 1821 3945 1874 Τοῦτο
3972 1822 4030 1874 δὲ

2461 1911 2552 1963 καὶ
2591 1912 2718 1979 ἡμῖν
2754 1912 3032 1980 συμϐαίνει
3068 1915 3131 1965 ὲκ
3161 1914 3258 1982 τῆς
3283 1913 3374 1965 τοῦ
3403 1915 3735 1982 ἁγεννήτου
3754 1914 3938 1983 φωνῆς
3971 1915 4030 1965 τὸ

2459 2005 2604 2066 ὅπως
2625 2003 2719 2057 τοῦ
2745 2004 2878 2057 Θεοῦ
2917 2005 3111 2058 μᾶλλον
3141 2005 3173 2076 ἢ
3201 2006 3370 2076 αὐτὴν
3400 2007 3499 2077 τὴν
3526 2007 3687 2074 φύσιν
3715 2006 4029 2076 διδασκομέ-

2461 2115 2588 2161 νοις.

2533 2376 2620 2431 16.
2666 2376 2840 2441 Ὀλως
2886 2375 2941 2428 δὲ
2987 2376 3038 2428 εῐ
3078 2391 3162 2437 τις
3203 2372 3439 2444 βούλοιτο
3483 2371 3580 2443 τὴν
3621 2372 3880 2442 ἀλήθειαν
3924 2371 4031 2424 τῶν

2466 2471 2591 2538 παρ’
2635 2470 2787 2540 ἡμῶν
2831 2469 3136 2540 λεγομένων
3177 2465 3530 2538 καταμαθεῖν,
3575 2463 3762 2517 ἑαυτὸν
3807 2466 4030 2534 ἀνερευο

2467 2558 2638 2611 νάτω·
2671 2561 2797 2612 ὅταν
2829 2577 2881 2612 τι
2912 2561 3098 2630 νοῆσαι
3136 2559 3243 2612 τῶν
3270 2559 3395 2630 περὶ
3419 2557 3553 2609 Θεοῦ
3583 2555 3836 2627 βουληθῇ,
3877 2559 3924 2608 εἰ
3951 2557 4034 2619 εις

2466 2649 2524 2701 τὸ
2561 2651 2950 2720 σημαινόμενον
2980 2652 3053 2720 (4)
3082 2651 3173 2704 τοῦ
3202 2651 3493 2722 ἀγεννήτου
3525 2650 3710 2720 χωρεῖ.
3759 2647 3900 2715 Ἐγὼ
3934 2649 4034 2718 μὲν

2466 2737 2572 2808 γὰρ
2610 2735 2739 2807 ὁρῶ,
2779 2738 2881 2795 ὅτι.
2919 2737 3104 2808 ὥσπερ
3139 2741 3248 2801 τοῖς
3303 2736 3683 2806 ἐπερχομένοις
3725 2733 3887 2786 αἰῶσι
3932 2734 4033 2803 τὴν

2465 2831 2698 2884 διάνοιαν
2728 2828 3149 2891 ἐπεκτείνοντες,
3179 2829 3530 2897 ἀτελεύτητον
3549 2827 3780 2896 λέγομεν
3808 2825 3899 2879 τὸν
3921 2825 4035 2877 οὑδ-

2465 2923 2546 2977 ενὶ
2591 2923 2784 2994 πέρατι
2817 2921 2916 2991 τὴν
2981 2920 3122 2989 ζωὴν
3161 2920 3501 2989 ὁριζόμενονο
3538 2919 3680 2971 οὕτω
3727 2920 3820 2972 καὶ
3854 2919 3933 2980 εἰς
3971 2919 4034 2968 το

2468 3015 2576 3067 ἄνω
2619 3014 2726 3066 τῶν
2775 3011 2985 3066 αἰώνων
3032 3014 3140 3071 τοῖς
3179 3010 3452 3080 λογισμοῖς
3491 3010 3868 3070 ἀναϐαίνοντες
3891 3049 3906 3070 ,
3939 3025 4034 3061 κα.

2468 3102 2576 3160 οἷον
2607 3107 2687 3170 εἷς
2731 3125 2783 3160 τι
2816 3106 3048 3174 πέλαγος
3081 3103 3278 3174 ἀχανὲς
3308 3103 3399 3154 έπὶ
3439 3102 3499 3155 τὸ
3542 3103 3763 3171 ἄπειρον
3795 3101 3896 3172 τῆς
3937 3100 4033 3154 τοῦ

816 3218 937 3257 cum
963 3197 1282 3271 principium
1317 3192 1519 3248 nullum
1547 3191 1686 3245 unde
1713 3191 1784 3245 sit
1813 3189 2212 3259 apprehendere
2246 3205 2366 3256 pns-
2395 3221 2437 3280 c
2469 3198 2486 3250 ε

2363 3216 2437 3280 'c
2469 3198 2601 3251 Θεοῦ
2650 3198 2793 3270 ζωῆς
2843 3197 3265 3261 διακύπτυντες,
3308 3195 3562 3265 οὐδεμιᾶς
3609 3195 3783 3264 ἀρχῆς
3827 3195 3920 3264 ἀφ’
3965 3190 4033 3266 ἧς

818 3296 1016 3355 simus;
1063 3293 1170 3343 imo
1199 3302 1318 3342 cum
1361 3286 1637 3341 videamus
1668 3282 1760 3338 Dei
1811 3283 1976 3336 vitam
2028 3284 2165 3338 ultra
2211 3297 2369 3339 omne

817 3385 959 3453 quod
981 3380 1358 3439 intelleximus,
1385 3389 1597 3443 semper
1621 3374 1836 3427 extendi
1861 3389 1924 3428 ac
1949 3376 2216 3444 protrahi,
2246 3377 2366 3439 hoc,

819 3475 960 3545 quod
990 3474 1042 3527 in
1072 3471 1213 3524 illius
1251 3469 1356 3523 vita
1389 3466 1658 3537 principio
1688 3473 1840 3519 caret
1874 3474 1929 3518 et
1952 3466 2186 3534 origine,
2223 3466 2370 3532 inge-

822 3569 990 3622 nitum
1024 3563 1356 3618 vocavimus.
1397 3557 1520 3612 Haec
1546 3565 1630 3612 est
1667 3556 1810 3610 enim
1841 3555 1988 3610 vocis
2018 3557 2236 3625 ingeniti
2269 3570 2368 3609 no-

819 3662 914 3722 tio,
946 3673 1050 3711 non
1091 3651 1534 3710 haberealiunde
1573 3649 1873 3705 cxsistendi
1923 3648 2271 3719 principium.
2303 3648 2370 3701 At

819 3749 1149 3814 Eunomius,
1182 3745 1434 3814 quoniam
1467 3745 1519 3798 in
1564 3742 1679 3797 solo
1723 3743 2099 3797 universorum
2136 3743 2245 3797 Deo
2286 3741 2370 3796 in-

820 3841 1054 3910 genitum
1089 3835 1389 3903 inspicitur,
1418 3833 1875 3888 facinorosissime
1902 3833 2141 3886 omnium
2172 3835 2272 3887 hoc
2301 3832 2366 3886 ad

823 3929 1089 4001 Unigeniti
1125 3922 1512 3994 blasphemiam
1559 3924 1752 3990 rapuit.
1785 3923 1925 3989 Quid
1966 3923 2109 3978 enim
2143 3939 2367 3994 progre-

818 4030 970 4085 dicns
998 4025 1104 4081 ait?

891 4122 1024 4177 Eun.
1065 4117 1338 4188 lngenitus
1368 4122 1548 4168 autem
1596 4125 1719 4167 cum
1761 4109 1867 4173 sit,
1899 4117 1956 4162 ut
1997 4111 2239 4179 superius
2278 4112 2370 4166 de-

821 4213 1266 4273 monstravimus,
1304 4224 1574 4278 nunquam
1625 4214 1803 4276 potest
1839 4203 2235 4271 generationem
2280 4205 2370 4256 ad-

822 4312 1054 4373 mittere,
1087 4305 1220 4359 adeo
1253 4313 1314 4355 ut
1354 4317 1504 4356 suam
1531 4299 1699 4369 ipsius
1732 4306 1981 4351 naturam
2009 4295 2370 4348 communicet

819 4415 942 4454 cum
972 4397 1150 4468 genito
1177 4413 1190 4448 :
1225 4392 1568 4452 scd'omnem
1617 4387 2076 4458 comparationem
2109 4399 2172 4439 ac
2205 4387 2370 4454 parti-

819 4488 1139 4565 cipationem
1167 4503 1285 4542 cum
1311 4485 1494 4554 genito
1532 4482 1719 4552 fugiet.

2469 3292 2655 3359 γέγονε
2678 3291 2935 3344 λαϐέσθαι
2968 3290 3272 3361 δυνάμενοι,
3304 3288 3436 3342 ἀλλά
3467 3288 3556 3342 τοῦ
3585 3287 3874 3358 νοουμένου
3904 3288 4034 3354 ἐξω-

2469 3381 2630 3452 τέραν
2658 3382 2743 3433 ἀεὶ
2782 3383 2873 3432 καὶ
2910 3381 3416 3450 ὑπερεκπίπτουσαν
3445 3377 3538 3430 τοῦ
3587 3377 3721 3431 Θεοῦ
3761 3378 3860 3448 τὴν
3889 3376 4033 3447 ζωὴν

2470 3471 2797 3534 ἐννοοῦντες,
2841 3469 2996 3521 τοῦτο
3032 3471 3090 3520 τὸ
3137 3471 3366 3539 ἄναρχον
3404 3471 3503 3538 τῆς
3549 3471 3694 3540 ζωῆς
3741 3469 4034 3539 ἀγέννητον

2473 3565 2928 3635 προσειρήκαμεν.
2959 3560 3103 3631 Αῦτη
3132 3561 3240 3630 γὰρ
3268 3560 3360 3612 τοῦ
3393 3562 3720 3630 ἀγεινήτου
3757 3565 3790 3634 ἡ
3825 3562 4030 3624 ἔννοια,

2470 3655 2528 3707 τὸ
2559 3655 2631 3725 μὴ
2675 3657 2816 3724 ἔχειν
2848 3653 3111 3726 ἑτέρωθεν
3155 3654 3251 3725 τὴν
3283 3653 3456 3724 ἀρχὴν
3505 3653 3596 3705 τοῦ
3636 3651 3798 3708 εἶναι.
3853 3656 3911 3707 ’0
3943 3654 4031 3714 δὲ,

2471 3747 2656 3818 ἐπειδὴ
2687 3747 2813 3817 περὶ
2841 3746 2997 3817 μόνον
3027 3745 3114 3798 τὸν
3154 3745 3284 3798 Θεὸν
3323 3743 3429 3795 τῶν
3475 3741 3608 3795 ὅλων
3639 3743 3700 3794 τὸ
3741 3745 4032 3813 ἀγέννητον

2470 3840 2748 3905 θεωρεῖται
2799 3840 2909 3909 (5),
2964 3837 3373 3910 κακουργότατα
3423 3834 3636 3888 πάντων
3684 3833 3764 3904 (6)
3806 3837 3886 3897 εἰς
3934 3835 4031 3904 τὴν

2471 3931 2608 3985 κατά
2639 3931 2731 3984 τοῦ
2763 3931 3093 3999 Μονογενοῦς
3125 3932 3370 4002 ἥρπασεν
3399 3927 3528 3982 αὐτὸ
3561 3925 3926 3998 βλασφημίαν.
3966 3927 4030 3978 Τί

2469 4025 2573 4095 γάρ
2608 4041 2738 4093 φησι
2774 4025 2973 4093 προϊών
2994 4040 3007 4086 ;

2540 4114 2698 4170 ΕΥΝ.
2747 4113 3059 4182 Ἀγέννητος
3102 4111 3157 4163 δὲ
3204 4109 3277 4162 ὢν
3315 4109 3456 4163 κατά
3505 4112 3600 4180 τὴν
3652 4108 4028 4182 προλαϐοῦσα-δ

2471 4204 2760 4267 ἀπόδειξιν,
2795 4206 2894 4255 οὐκ
2927 4204 2990 4255 ἄν
3023 4218 3150 4253 ποτε
3177 4202 3428 4271 πρόσοιτο
3457 4203 3727 4270 γέννησιν,
3755 4201 3897 4254 ὥστε
3931 4203 4030 4271 τῆς

2475 4295 2608 4358 ἰδίας
2644 4293 2960 4364 μεταδοῦναι
2985 4292 3062 4362 τῷ
3089 4294 3411 4362 γεννωμένῳ
3449 4293 3681 4360 φύσεως,
3714 4295 3943 4361 ἐκφύγοι
3973 4311 4029 4345 τε

2473 4387 2537 4440 ἂν
2564 4388 2740 4439 πᾶσαν
2778 4385 3060 4456 σύγκρισιν
3092 4385 3184 4437 καὶ
3218 4385 3497 4436 κοινωνίαν
3521 4383 3619 4454 τὴν
3652 4383 3790 4454 πρὸς
3821 4384 3884 4435 τὺ
3913 4400 4032 4451 γεν-

2472 4482 2649 4553 νητόν.

892 4587 1017 4641 Bas.
1062 4581 1107 4638 Ο
1142 4581 1500 4648 impudentem
1523 4587 1578 4629 et
1614 4575 1912 4646 improbam
1944 4569 2365 4642 blasphemiam!
2402 4559 2442 4612 ῐ)
2541 4575 2562 4625 I

2358 4569 2365 4622 !
2402 4559 2442 4612 Ῐ)
2541 4574 2685 4625 ΒΑΣ.
2724 4573 2784 4624 Ὦ
2811 4573 2905 4642 τῆς
2929 4571 3278 4641 ἀναισχύντου
3301 4571 3376 4638 ('7)
3402 4571 3496 4624 καὶ
3527 4572 3768 4640 πονηρᾶς
3794 4571 4028 4642 βλασφη-

818 4680 864 4738 O
889 4675 1154 4735 occultum
1181 4669 1358 4724 dolum
1398 4677 1451 4722 et
1481 4665 1828 4737 multiplicem
1854 4665 2174 4720 versutiam!
2207 4677 2366 4731 quam

819 4773 1102 4842 diligenter
1143 4781 1210 4820 ex
1255 4763 1370 4832 ipso
1417 4759 1612 4815 diaboli
1650 4761 1879 4814 artitlcio
1925 4759 2180 4828 loquitur.
2236 4755 2367 4808 Nam

819 4862 942 4933 quia
972 4855 1284 4915 dissimilem
1309 4852 1416 4908 Deo
1438 4867 1502 4908 ac
1531 4851 1677 4906 Patri
1704 4850 2035 4920 unigenitum
2071 4847 2266 4903 Filium
2299 4861 2362 4900 ac

891 5088 968 5155 (Ξ)
1007 5085 1139 5154 Reg.
1170 5086 1359 5138 tertius
1389 5091 1444 5137 et
1474 5081 1624 5155 CQIb.
1672 5082 1820 5155 εστὶν
1870 5081 2060 5155 εἰπεῖν-
2088 5080 2150 5155 το
2183 5079 2260 5155 ἐξ,
2285 5079 2376 5131 ού-

815 5146 964 5222 δεηὶδξ
1003 5146 1140 5226 ὅπενρ
1183 5155 1292 5206 ῐσον
1323 5155 1440 5208 ἐστὶ
1476 5153 1554 5222 τῷ
1600 5153 1926 5226 ἀγέννητος·
1961 5151 2073 5226 ὁηδὲ
2106 5152 2185 5226 ςτὸΔ
2213 5146 2375 5220 ἄναρ.

820 5220 1084 5300 χονξιια-
1111 5220 1270 5300 neque
1320 5227 1374 5277 in
1421 5220 1799 5300 uniuersorum?
1832 5221 1939 5300 Deo
1982 5220 2114 5300 illud
2137 5223 2214 5300 ode
2251 5229 2374 5272 sub-

818 5291 1014 5354 s'tantia
1047 5296 1165 5349 licet
1186 5291 1388 5357 dicere,
1418 5294 1552 5362 quod
1577 5308 1640 5345 ea:
1660 5294 1800 5344 nullo
1839 5293 1924 5350 sit,
1954 5291 2102 5362 quod
2131 5291 2264 5342 idem
2298 5300 2372 5341 est

819 5382 972 5437 atque
1003 5359 1632 5437 generationigobnoxium
1678 5378 1781 5414 non
1818 5377 1947 5437 esse.
1975 5359 2104 5437 _§ed
2153 5370 2371 5437 praestat

821 5429 948 5507 legi.
975 5429 1034 5492 υἱ
1071 5437 1196 5488 Inibi
1231 5435 1444 5507 quidem
1491 5432 1719 5507 videtur,
1752 5443 1804 5507 ut
1844 5433 1892 5483 in
1933 5429 2059 5507 aliis
2090 5432 2367 5483 codicibus

818 5501 956 5563 etvin
985 5501 1261 5572 impressis
1290 5505 1440 5557 libris
1476 5501 1729 5572 scriptum
1769 5502 2057 5572 invenitur.

888 5577 978 5699 (δὲ
1007 5569 1138 5645 Reg.
1162 5583 1385 5643 quartus
1414 5570 1756 5654 ἀποκρίνοιτο
1784 5571 1969 5651 τὸμή.
2002 5569 2133 5648 Mox.
2150 5585 2274 5622 mss.
2304 5569 2368 5620 ἐκ

888 5665 916 5699 c
981 5646 1095 5699 είας
1125 5642 1319 5699 γειοός.
1353 5643 1624 5696 Articulus
1650 5647 1832 5695 deerat
1858 5659 1907 5694 ιιι
1942 5642 2185 5699 vulgatis.

817 5640 1319 5718 τῆςΑθεί-αξχεὶρός.
1353 5640 1624 5718 Articulus
1650 5647 1832 5718 deerat
1858 5640 1907 5694 in
1927 5640 2185 5718 A’vulgatis.

888 5716 963 5787 (4)
1004 5710 1156 5787 ἰεῖμίιῖ
1184 5710 1364 5787 et_se_x
1409 5728 1535 5768 mss.
1579 5710 1846 5787 βουληθῇ,
1894 5713 1971 5773 είς
2011 5711 2071 5762 τὸ
2115 5711 2370 5778 σημαινό-

823 5783 998 5856 μενον.
1026 5784 1204 5840 Codex
1237 5783 1383 5856 C_o|b.
1411 5786 1639 5856 secunda
1662 5787 1894 5856 quidem
1934 5797 2115 5856 manu,
2147 5792 2236 5831 δραι
2273 5800 2369 5832 an-

822 5851 966 5925 tiqua
1003 5868 1210 5916 tamen,
1257 5852 1489 5924 βουληθῇ
1530 5855 1576 5905 εξ
1629 5855 1704 5916 εἰς
1747 5854 1804 5904 τὸ
1854 5851 2267 5923 σημαινόμενον,
2317 5867 2368 5904 σε

2479 4666 2637 4736 μίαςί
2673 4666 2734 4717 Ὢ
2755 4665 2848 4717 τοῦ
2891 4666 3270 4736 κεκρυμμένου
3318 4663 3468 4716 δόλου
3513 4665 3604 4716 καὶ
3645 4664 3744 4733 τῆς
3787 4665 4028 4731 ποικίλης

2479 4757 2847 4826 ρᾳδιουργίαςῐ
2879 4757 2952 4820 ὡς
2981 4754 3221 4825 ἀκριϐῶς
3253 4754 3309 4820 ἐξ
3343 4754 3510 4823 αὐτῆς
3540 4753 3630 4806 τοῦ
3657 4753 3906 4805 διαϐόλου
3939 4755 4028 4824 τῆς

2471 4848 2745 4919 μεθοδείας
2777 4847 3104 4917 φθέγγεταιί
3155 4846 3427 4915 Ἀνόμοιον
3468 4844 3576 4913 γὰρ
3606 4842 3929 4914 βουλόμενος
3959 4843 4028 4912 τῷ

2471 5082 2577 5145 ipse
2606 5087 2959 5148 pererrantur
2995 5093 3063 5130 an
3095 5075 3338 5148 procedat
3372 5075 3439 5127 ad
3481 5073 3742 5148 notionem
3781 5071 4023 5138 ingeniri;

2469 5144 2524 5204 et
2559 5144 2628 5203 ita
2675 5151 2771 5218 legi
2802 5159 3050 5215 Oportere
3087 5147 3332 5218 arbitror.
3358 5161 3473 5218 nec
3501 5146 3568 5198 ob
3600 5144 3760 5195 aliain
3808 5156 4020 5218 causam

2469 5213 2784 5288 particula'un
2813 5213 2862 5271 εἰ
2907 5216 3316 5288 praetermissam
3351 5216 3534 5288 fuisse.
3583 5227 3740 5280 quam
3776 5214 3930 5288 quod
3961 5213 4019 5264 li-

2469 5283 2631 5344 brarii
2662 5294 2708 5342 εἰ
2741 5305 2860 5343 cum
2895 5283 2973 5350 εἰς
3008 5285 3363 5346 confuderint,
3395 5286 3747 5350 ultimamque
3778 5283 4018 5337 voculam

2469 5363 2707 5415 scribere
2742 5361 2874 5411 satis
2914 5358 3216 5412 habuerint.

2540 5432 2612 5500 (5)
2647 5431 2715 5484 Τὸ
2743 5429 3071 5496 ἀγέννητον
3101 5427 3412 5496 θεωρεῖται,
3438 5422 4022 5500 comideratur‘iugeni-

2465 5494 2605 5562 tum,
2629 5504 2727 5554 hoc
2758 5494 2858 5560 est.
2887 5501 3019 5551 ratio
3061 5494 3297 5566 ingenui,
3329 5498 3621 5567 praprietas
3653 5494 3893 5561 ingenita}
3930 5509 4018 5544 rtu-

2466 5577 2538 5626 tio
2570 5572 2805 5641 iugeniti,
2836 5582 2880 5622 et
2912 5569 3024 5636 ejus
3056 5579 3264 5641 natura.

2528 5632 2780 5712 (6)'l£diti
2837 5632 3076 5712 παντως,
3116 5639 3292 5691 Codex
3343 5634 3501 5712 C_olb._
3539 5641 3593 5686 et
3645 5632 3735 5712 alii
3806 5633 4018 5704 quidam

2468 5702 2600 5765 mss;
2627 5712 2858 5764 πάντων.
2897 5709 3012 5762 Mox
3049 5711 3154 5760 duo
3188 5725 3315 5760 mss.
3344 5707 3422 5768 εἰς
3452 5703 3550 5775 τὴν
3580 5702 3697 5757 τοῦ.

2539 5782 2614 5852 (7)
2654 5782 2791 5836 Editi
2828 5783 2890 5832 Ὢ
2918 5778 3008 5831 τοῦ
3044 5777 3416 5832 ἀναισηύντου.
3447 5773 3516 5829 At
3555 5791 3686 5831 mss.
3712 5775 3780 5827 Ὢ
3801 5773 3922 5844 τῆς.
