4230 6512
274 478 380 530 549

1351 471 1708 527 ADVEilSUS
1747 467 2106 524 EUNOMIUM
2148 472 2277 528 LIB.
2317 471 2358 525 1.

3375 480 3479 536 550

270 590 392 661 Θεῷ
414 590 505 671 καὶ
534 589 704 659 Πατρὶ
728 589 816 639 τὸν
837 587 1110 656 Μονογενῆ
1139 587 1259 639 Υίὸν
1287 586 1376 637 καὶ
1402 584 1530 635 θεὸν
1553 584 1828 650 ἐπιδεῖξαι,
1859 586 1905 644 Α
1937 585 1940 635 l

1815 622 1828 645 ,
1859 586 1905 644 Α
1937 584 2098 636 Deum
2144 584 2250 636 vult
2274 585 2574 648 ostendere,
2604 586 2776 642 Patris
2802 597 2856 642 et
2882 586 3000 642 Filii
3034 603 3228 645 nomen
3260 591 3477 648 silentio

274 682 335 734 τὸ
368 682 463 750 μὲν
483 679 574 732 τοῦ
598 678 806 746 Πατρὸς
833 678 922 728 καὶ
949 677 1041 729 τοῦ
1077 678 1200 730 Υἱοῦ
1225 677 1391 744 ὄνομα
1421 679 1615 746 σιωπᾷ,
1644 675 1828 734 ἁπλῶς

268 773 327 826 δὲ
356 774 481 836 περῖ
523 769 812 838 ἀγεννήτου
849 771 942 822 καὶ
973 768 1227 838 γεννητοῦ
1261 767 1596 835 διαλέγεται·
1633 771 1723 821 καὶ
1758 767 1826 819 τὰ

268 867 371 935 τῆς
403 862 664 930 σωτηρίου
700 862 928 925 πίστεως
961 863 1197 932 ὀνόματα
1246 859 1520 927 κρύπτων.
1555 860 1685 928 ψιλὰ
1720 877 1824 911 πα-

275 957 526 1027 ραδίδωσι
557 953 651 1024 τῆς
681 952 1020 1024 βλασφημίας
1048 953 1113 1005 τὰ
1142 952 1384 1022 δόγματα
1403 970 1416 982 ⁶
1446 953 1550 1013 ἴνα,
1581 954 1676 1023 τῆς
1703 954 1827 1005 ἀσε-

270 1047 425 1106 δείας
463 1046 518 1095 ἐν
549 1048 657 1108 τοῖς
695 1047 974 1118 πράγμασι
1024 1044 1420 1116 γυμνωθείσης,
1455 1042 1570 1099 εἶτα
1598 1047 1694 1114 τῆς
1729 1061 1824 1112 με-

269 1135 551 1197 ταόἁσεως
573 1136 660 1188 ἐπὶ
688 1137 755 1188 τὰ
781 1137 1043 1205 πρόσωπα
1076 1135 1367 1207 γενομένης
1403 1138 1500 1206 (8),
1532 1137 1692 1197 αὐτὸς
1727 1135 1824 1204 μὲν

274 1225 440 1295 μηδὲν
461 1226 582 1300 δόξῃ
612 1228 885 1295 eumnam;
912 1226 1203 1295 εἰρηκέναι,
1231 1232 1298 1298 τῇ
1327 1230 1380 1282 δὲ
1403 1229 1496 1281 τοῦ
1519 1229 1673 1293 λόγου
1699 1227 1826 1279 ἀκο-

269 1317 458 1389 λουθίᾳ
483 1317 982 1386 κατεσκευασμένην
1005 1317 1100 1391 ἔχη
1126 1318 1222 1389 τὴν
1247 1316 1607 1388 βλασφημίαν.
1645 1317 1826 1384 Ἀγέν·

269 1423 428 1477 νητος
457 1409 512 1459 δὲ
536 1406 628 1466 ὢν,
658 1407 837 1475 φησὶν,
870 1407 1090 1476 ἐκφύγοι
1115 1409 1179 1463 ἂν
1213 1412 1390 1462 πᾶσαν
1424 1407 1703 1476 σύγκρισιν
1731 1407 1823 1459 καὶ

269 1500 550 1551 κοινωνίαν
582 1497 677 1567 τὴν
708 1499 840 1568 πρὸς
869 1499 927 1553 τὸ
958 1501 1229 1568 γεννητόν.
1263 1503 1374 1552 Οὐκ
1403 1495 1568 1562 εἶπεν,
1600 1501 1678 1553 ὅτι
1712 1501 1824 1553 Πα-

267 1590 373 1658 τὴρ
400 1590 490 1640 καὶ
520 1589 643 1652 Υἱός
663 1607 676 1620 ·
705 1591 836 1654 ἀλλ’,
855 1594 1166 1659 Ἀγέννητος
1198 1592 1290 1642 καὶ
1319 1593 1575 1663 γεννητός
1607 1595 1701 1663 (9).
1726 1593 1822 1644 Ἕν

273 1681 373 1749 μὲν
401 1680 463 1749 δὴ
493 1683 653 1736 αὑτοῦ
684 1683 836 1737 τοῦτο
862 1682 1097 1735 τοιοῦτον
1131 1683 1489 1756 κακούργημα
1557 1686 1738 1754 ἕτερον
1767 1683 1822 1738 δὲ

270 1774 452 1839 ποῖον,
502 1779 768 1827 σκοπεῖτε.
829 1773 1140 1844 Ἀγέννητος
1171 1776 1225 1828 δέ
1267 1777 1361 1838 ὢν,
1396 1795 1578 1846 φησυν,
1631 1777 1724 1833 ὀὒκ
1759 1777 1822 1829 ἄν

268 1881 401 1916 ποτε
433 1868 680 1936 πρόσοιτο
713 1866 955 1935 γέννησιν
977 1881 989 1896 ’
1023 1867 1114 1918 καὶ
1139 1869 1348 1933 ἐπάγει,
1386 1868 1522 1918 ὥστε
1558 1869 1654 1936 τῆς
1688 1869 1820 1930 ἰδίας

1931 675 2322 743 praetermittit,
2359 690 2422 729 ac
2467 675 2782 744 simpliciter
2817 687 2882 736 de
2929 680 3166 749 ingenito
3207 688 3262 736 et
3295 685 3477 750 genito

1928 767 2162 820 disserit.
2194 766 2330 832 Quin
2359 775 2412 820 et
2441 769 2722 820 occultatis
2753 772 3044 826 salutiferae
3089 771 3214 826 fidei
3248 773 3476 828 nomini-

1930 861 2046 921 bus,
2076 859 2419 926 blasphemia
2446 859 2692 926 dogmata
2722 861 2858 914 nuda
2891 866 3073 933 tradit,
3102 872 3180 929 ut,
3211 864 3473 918 denudata

1928 950 1979 1001 iu
2013 950 2139 1019 ipsis
2169 951 2326 1004 rebus
2363 951 2654 1018 impietate,
2687 967 2749 1005 ac
2779 953 2971 1006 deinde
3007 956 3150 1012 facto
3183 956 3249 1012 ad
3289 969 3478 1026 perso-

1927 1055 2022 1094 nas
2052 1042 2302 1104 transitu,
2338 1042 2581 1096 videatur
2610 1041 2720 1109 ipse
2751 1043 2879 1095 nihil
2924 1043 3123 1099 dixisse
3149 1045 3473 1118 blasphemi,

1927 1132 2016 1183 sed
2043 1133 2300 1187 orationis
2340 1134 2480 1189 serie
2519 1133 2910 1202 blasphemiam
2953 1135 3328 1192 concinnatam
3370 1140 3473 1194 ha-

1926 1221 2064 1274 beat.
2096 1223 2366 1290 Ingenitus
2397 1233 2573 1280 autem
2599 1240 2720 1280 cum
2744 1227 2832 1289 sit,
2859 1227 3051 1295 inquit,
3077 1226 3263 1298 effugit
3291 1233 3470 1301 utique

1923 1326 2135 1364 omnem
2176 1315 2625 1380 comparationem
2667 1331 2730 1369 ac
2761 1319 3189 1374 communionem
3221 1333 3341 1373 cum
3381 1337 3475 1389 ge-

1927 1402 2053 1456 nito.
2095 1400 2210 1455 Non
2250 1403 2420 1457 dixit:
2455 1404 2613 1459 Pater
2651 1416 2705 1460 et
2735 1405 2936 1472 Filius,
2965 1409 3080 1473 sed,
3115 1408 3390 1481 lngenitus
3419 1422 3474 1465 et

1925 1494 2156 1561 genitus.
2189 1493 2318 1548 Tale
2349 1505 2431 1548 est
2460 1496 2624 1564 igitur
2656 1513 2821 1551 unum
2844 1537 2861 1564 ,
2889 1499 3030 1564 quod
3059 1499 3126 1554 ab
3163 1515 3228 1555 eo
3256 1505 3473 1573 excogi-

1925 1592 2089 1638 tatum
2114 1594 2196 1640 est
2228 1605 2240 1640 :
2275 1585 2499 1639 alterum
2533 1601 2659 1640 vero
2682 1588 2838 1656 quale
2879 1591 2950 1642 sit
2993 1591 3353 1648 considerate.
3384 1593 3472 1647 ln-

1923 1680 2133 1748 genitus
2159 1695 2286 1736 vero
2315 1697 2436 1736 cum
2472 1682 2564 1747 sit,
2599 1683 2801 1751 inquit,
2835 1700 3107 1753 nunquam
3138 1701 3268 1742 sane
3301 1688 3473 1742 admi-

1923 1771 2056 1824 serit
2096 1773 2490 1840 generationem
2533 1789 2546 1826 :
2590 1782 2643 1824 et
2691 1773 2996 1842 subiungit,
3041 1776 3175 1833 adeo
3216 1786 3274 1832 ut
3318 1793 3468 1834 suam

1925 1864 2091 1930 ipsius
2119 1873 2364 1916 naturam
2392 1865 2750 1919 communicet
2781 1881 2900 1919 cum
2929 1867 3127 1935 genito.
3155 1868 3304 1933 Illud,
3336 1887 3474 1925 nunc

273 1955 588 2024 μεταδοῦναι
620 1955 694 2025 τῷ
719 1956 1035 2026 γεννωμένῳ
1062 1957 1292 2024 φύσεως.
1327 1957 1418 2018 Τὸ,
1445 1959 1553 2009 οὐκ
1585 1957 1660 2009 ἄν
1682 1971 1823 2009 ποτε
1856 1933 1897 1990 Β
1926 1973 1943 2021 q

1794 1974 1823 2009 ε
1856 1933 1897 1990 θ
1926 1973 2078 2021 quam
2109 1972 2234 2009 sane
2265 1956 2533 2008 admiserit
2572 1961 2976 2024 generationem,
3017 1959 3124 2012 duo
3149 1959 3418 2029 signiﬁcat
3452 1979 3463 2014 :

269 2046 550 2114 πρόσοιτο
588 2047 892 2116 γέννησιν,
923 2048 1011 2100 δύο
1052 2048 1331 2118 σημαίνει·
1375 2048 1431 2100 ἓν
1473 2048 1602 2118 μὲν,
1634 2049 1712 2101 ὅτι
1755 2051 1819 2118 τῇ

272 2138 380 2210 ἰδίᾳ
407 2139 568 2192 αὐτοῦ
603 2141 756 2209 φύσει
789 2142 887 2194 ούκ
918 2142 1210 2213 ἐφαρμόζει
1238 2142 1346 2211 (l0)
1378 2142 1627 2212 γέννησις
1657 2140 1822 2212 (ἁδύ-

267 2249 423 2284 νατον
456 2233 561 2302 γὰρ
609 2234 710 2285 ὑπὸ
745 2235 991 2303 γέννησιν
1033 2233 1202 2285 ἐλθεῖν
1246 2233 1342 2303 τὴν
1388 2235 1677 2302 ἀγέννητον
1720 2232 1820 2300 φύ-

269 2324 394 2390 σιν)
419 2339 432 2351 ·
472 2324 654 2392 ἕτερον
685 2323 760 2383 δέ,
796 2325 874 2374 ὅτι
914 2323 1166 2391 γεννῆσαι
1201 2323 1259 2373 οὐ
1297 2323 1643 2391 καταδέχεται
1686 2325 1815 2394 (Η).

264 2408 435 2474 οὗτος
467 2413 564 2482 μὲν
593 2409 683 2465 οὖν
712 2415 849 2466 κατὰ
875 2414 933 2465 τὸ
961 2413 1206 2485 δεύτερον
1240 2415 1630 2484 σημαινόμενον
1662 2418 1822 2486 ἐχρή-

263 2521 398 2557 οτατο
436 2509 499 2575 τῇ
535 2509 717 2576 φωνῇ·
755 2506 1084 2578 συναρπάζει
1115 2506 1172 2559 δὲ
1204 2507 1330 2570 τοὺς
1359 2507 1584 2570 πολλοὺς
1618 2509 1680 2560 ἐκ
1724 2510 1820 2578 τῆς

261 2597 534 2667 προτέρας
575 2599 798 2662 ἐννοίας.
843 2600 992 2652 Ἐπεὶ
1023 2601 1102 2653 ὅτι
1139 2617 1200 2668 γε
1229 2599 1386 2654 τοῦτό
1424 2603 1535 2655 ἐστι
1565 2604 1624 2654 τὸ
1655 2620 1820 2656 κατα-

265 2691 673 2759 σκευαζόμενον,
738 2692 919 2758 σαφῶς
973 2691 1032 2742 τὸ
1084 2694 1471 2763 ἐπιφερόμενον
1531 2695 1813 2748 δείκνυσιν.

264 2779 448 2831 εἰπὼν
481 2781 586 2849 γὰρ
630 2782 728 2843 ὅτι,
760 2785 878 2832 Οὐκ
907 2781 983 2834 ἄν
1011 2795 1152 2835 ποτε
1182 2787 1462 2851 πρόσοιτο
1501 2787 1810 2854 γέννησιν,

263 2870 566 2938 επήγαγεψ
614 2869 766 2923 ὥστε
795 2870 901 2938 τῆς
938 2871 1089 2937 ιδίας
1110 2874 1470 2941 μεταδοῦναι
1503 2876 1580 2941 τῷ
1609 2889 1820 2944 γεννω-

257 2961 420 3029 μένῳ
460 2963 710 3029 φύσεως.
749 2964 827 3034 Τῇ
867 2962 974 3034 γὰρ
1013 2965 1237 3037 δευτέρᾳ
1287 2967 1396 3037 (ιε)
1447 2969 1623 3039 ἐννοίᾳ
1666 2969 1818 3022 τοῦτό

261 3051 412 3102 ἐστιν
449 3052 766 3105 ἀκόλουθονο
813 3055 892 3106 ὅτι
934 3055 991 3106 ού
1030 3057 1378 3126 καταδέχεται
1419 3059 1668 3126 γενέσθαι
1706 3061 1816 3113 Πα-

259 3141 387 3212 τὴρ,
430 3143 514 3196 ἵνα
555 3143 627 3216 μὴ
675 3145 883 3216 μεταδῷ
916 3147 1015 3216 τῆς
1068 3148 1200 3211 ἰδίας
1250 3149 1459 3217 φύσεως
1502 3150 1577 3220 τῷ
1621 3168 1818 3218 γεννω-

1923 2061 2083 2100 unum
2112 2087 2125 2110 ,
2169 2048 2310 2118 quod
2356 2048 2582 2116 propria:
2614 2049 2778 2116 ipsius
2811 2061 3017 2105 natura:
3061 2067 3165 2106 non
3213 2055 3459 2116 congruit

1922 2140 2200 2208 generatio
2241 2141 2475 2208 (quippe
2517 2141 2628 2193 fieri
2657 2157 2758 2196 non
2793 2153 2970 2212 potest
2997 2152 3057 2198 ut
3090 2155 3281 2199 natura
3313 2147 3463 2214 inge-

1921 2231 2028 2284 nita
2061 2231 2386 2302 generetur)
2417 2249 2430 2285 :
2469 2231 2717 2300 alterum,
2744 2236 2884 2303 quod
2913 2251 3173 2303 generare
3207 2253 3310 2292 non
3342 2252 3466 2293 sus-

1922 2325 2073 2378 tinet.
2106 2324 2204 2380 Hic
2230 2325 2445 2394 quidem
2493 2325 2590 2378 bac
2623 2341 2750 2380 voce
2793 2330 3082 2383 secundum
3112 2331 3464 2398 posteriorem

1920 2430 2129 2469 sensum
2172 2432 2300 2471 usus
2339 2428 2460 2472 est:
2505 2418 2597 2472 sed
2629 2433 2693 2472 ex
2726 2420 2902 2488 priore
2940 2437 3097 2477 sensu
3139 2423 3325 2494 vulgus
3366 2424 3465 2478 ho-

1921 2506 2121 2558 minum
2148 2508 2196 2560 iu
2224 2523 2374 2561 suam
2403 2509 2720 2563 sententiam
2749 2511 2928 2565 trahit.
2955 2513 3162 2567 Etenim
3185 2517 3325 2583 quod
3359 2515 3460 2570 hoc

1919 2596 1986 2649 sit
2015 2598 2154 2666 quod
2199 2599 2478 2660 astruitur,
2525 2600 2802 2654 manifeste
2835 2610 2979 2669 patet
3018 2617 3085 2657 ex
3121 2618 3185 2658 eo
3212 2604 3352 2672 quod
3385 2605 3464 2658 ἰη-

1920 2689 2109 2743 fertur.
2167 2689 2330 2759 229
2377 2688 2508 2743 Nam
2560 2700 2902 2760 posteaquam
2948 2693 3136 2749 dixit:
3186 2692 3462 2765 Nunquam

1916 2800 2041 2837 sane
2083 2784 2350 2837 admiserit
2392 2786 2808 2853 generationem,
2854 2787 3148 2855 subiunxit,
3213 2790 3344 2843 adeo
3404 2801 3458 2843 ut

1916 2892 2062 2927 suum
2091 2877 2254 2942 ipsius
2288 2885 2542 2938 naturam
2579 2878 2918 2930 communicet
2957 2893 3073 2931 cum
3118 2881 3310 2948 genito.
3348 2881 3458 2935 lloc

1918 2983 2145 3036 namque
2187 2971 2363 3023 sensui
2398 2970 2678 3038 posteriori
2710 2971 2994 3033 convenit,
3037 2971 3304 3040 siquidem
3356 2990 3459 3028 non

1917 3057 2141 3110 sustinet
2174 3055 2333 3110 Pater
2359 3059 2493 3121 fieri,
2525 3069 2582 3112 ut
2613 3075 2678 3114 ne
2708 3075 2828 3112 cum
2856 3060 3038 3129 genito
3067 3070 3314 3115 naturam
3343 3078 3464 3131 pro-

1916 3149 2086 3217 priam
2120 3151 2508 3204 Communicet.
2545 3151 2820 3220 Impietate
2850 3152 2948 3207 bac
2991 3167 3108 3222 qua
3145 3155 3310 3223 possit
3346 3170 3462 3210 esse

265 3233 431 3303 μένῳ.
476 3236 568 3299 Τίς
598 3236 662 3288 ἃν
692 3237 895 3304 γένοιτο
929 3239 1025 3308 τῆς
1056 3239 1306 3302 ἀσεϐείας
1341 3241 1538 3312 ταύτης
1572 3245 1813 3311 χαλεπω-
1840 3267 1880 3322 C
1917 3257 1935 3309 ι

1790 3273 1813 3282 -
1840 3267 1880 3322 C
1917 3241 2307 3309 perniciosior?
2340 3243 2459 3311 quis
2505 3259 2737 3312 unquam
2779 3253 2976 3299 tantam
3023 3245 3356 3317 iniquitatem
3386 3247 3460 3303 lc~

259 3323 428 3392 τέρα;
483 3326 565 3386 τίς
606 3325 828 3394 ἐλάλησε
879 3327 1142 3398 τοσαύτην
1189 3331 1398 3386 ἀδικίαν
1447 3335 1526 3396 είς
1575 3334 1633 3386 τὸ
1684 3333 1813 3402 ὕψος

261 3413 427 3478 ποτέ;

336 3504 421 3558 17.
477 3504 615 3571 Ἐγὼ
658 3507 754 3576 μὲν
795 3507 900 3578 γὰρ
945 3508 1231 3581 φοϐοῦμαι,
1279 3513 1352 3581 μὴ
1387 3517 1477 3565 καὶ
1517 3518 1708 3585 ἡμεῖς,
1753 3521 1810 3569 ἐν

259 3599 336 3669 τῷ
367 3598 464 3661 τὰς
496 3600 776 3670 ἀλλοτρίας
810 3601 1200 3672 ἀναλαμϐάνειν
1231 3604 1570 3676 βλασφημίας
1604 3611 1688 3662 διὰ
1718 3612 1808 3663 τοῦ

261 3693 544 3761 στόματος,
592 3691 901 3762 μολύνωμεν
941 3695 1142 3748 ἐαυτῶν
1179 3696 1272 3767 τὴν
1301 3697 1555 3759 διάνοιαν,
1590 3701 1680 3751 καὶ
1715 3704 1810 3771 τῆς

259 3782 630 3854 κατακρίσεως
673 3786 853 3848 αὐτοῖς
907 3789 1314 3858 κοινωνήσωμεν
1369 3790 1500 3858 (15).
1551 3792 1808 3861 Παραμυ-

259 3873 427 3926 θεῖται
461 3876 516 3928 δέ
567 3893 631 3946 με
681 3876 739 3927 τὸ
783 3878 840 3928 ἐν
888 3880 998 3940 τοῖς
1049 3879 1414 3946 Εὑαγγελίοις,
1466 3883 1544 3933 ὅτι
1605 3883 1696 3935 καὶ
1751 3885 1811 3936 τὸ

257 3964 477 4035 Πνεῦμα
510 3969 568 4019 τὸ
601 3968 750 4035 ἅγιον
781 3968 877 4039 τὴν
907 3968 1013 4020 τῶν
1069 3970 1332 4024 Ἰουδαίων
1366 3976 1438 4035 είς
1482 3975 1570 4024 τὸν
1611 3975 1808 4045 Κύριον

257 4057 600 4126 βλασφημίαν
642 4059 908 4130 ἔγγραφον
950 4063 1059 4124 τοϊς
1100 4062 1234 4130 μετὰ
1273 4064 1444 4117 ταῦτα
1478 4065 1806 4135 παραδοῦναι

251 4146 316 4197 οὐ
345 4149 711 4217 παρῃτήσατο,
753 4150 971 4203 ἐκείνων
999 4150 1303 4218 στηλιτεῦον
1336 4155 1413 4216 είς
1447 4155 1656 4207 ἅπαντα
1685 4157 1808 4225 χρό-

251 4253 342 4289 νον
374 4238 470 4307 τὴν
497 4239 856 4309 βλασφημίαν,
886 4242 1005 4310 οὐχὶ
1036 4244 1099 4310 τῇ
1144 4243 1391 4312 ἀχράντῳ
1417 4245 1538 4315 δόξῃ
1577 4245 1667 4297 τοῦ
1699 4249 1808 4299 Μο-

249 4327 500 4394 νογενοῦς
542 4331 993 4400 προστριϐόμενόν
1031 4348 1150 4384 τινα
1195 4331 1538 4403 βλασφημίαν
1570 4336 1697 4403 (14).
1741 4338 1802 4390 Ei

247 4419 428 4473 τοίνυν
451 4422 548 4473 οὐκ
569 4421 632 4474 ἄν
657 4439 780 4475 ποτε
810 4422 1057 4493 πρόσοιτο
1085 4423 1352 4495 γέννησιν,
1381 4425 1516 4478 ὥστε
1544 4428 1640 4498 τῆς
1672 4430 1805 4492 ἰδίας

251 4511 568 4578 μεταδοῦναι
616 4512 692 4582 τῷ
742 4511 1060 4583 γεννωμένῳ
1116 4514 1350 4582 φύσεως.
1391 4518 1486 4569 οὐκ
1543 4518 1655 4570 ἐστι
1704 4521 1800 4590 μὲν

1915 3344 2068 3389 cutus
2097 3343 2179 3389 est
2207 3336 2257 3388 in
2293 3334 2700 3390 celsitudinem?

1981 3511 2065 3562 17.
2124 3511 2230 3580 Ego
2274 3512 2516 3580 equidem
2573 3526 2780 3576 vereor,
2832 3526 2897 3565 ne
2945 3526 3044 3566 nos
3084 3527 3296 3582 quoque
3335 3514 3457 3569 dum

1910 3608 2112 3661 alienas
2134 3607 2492 3676 blasphemiae
2513 3621 2606 3660 ore
2631 3607 2942 3675 repetimus,
2965 3615 3197 3661 mentem
3218 3619 3456 3662 nostram

1907 3699 2238 3767 polluamus,
2293 3707 2453 3765 atque
2504 3695 2975 3752 condemnationis
3017 3712 3200 3752 eorum
3259 3699 3452 3754 fiamus

1908 3791 2213 3859 participes.
2261 3792 2362 3844 Sed
2417 3789 2736 3845 consolatur
2765 3804 2851 3844 me
2901 3789 3028 3844 illud
3072 3790 3125 3844 in
3159 3791 3458 3859 Evangeliis

1907 3882 2216 3948 proditum,
2268 3883 2408 3946 quod
2463 3880 2695 3950 Spiritus
2739 3893 2957 3935 sanetus
2996 3895 3204 3949 quoque
3247 3880 3456 3935 Judmo-

1908 3985 2025 4022 rum
2075 3971 2125 4021 iu
2166 3970 2445 4022 Dominum
2491 3970 2876 4038 blasphemiam
2926 3971 3177 4039 scriptam
3230 3972 3457 4041 posteris

1910 4060 2120 4114 tradere
2160 4075 2264 4112 non
2313 4060 2665 4127 abstinuerit,
2719 4061 2927 4116 illorunt
2965 4061 3350 4131 blasphemiam
3400 4064 3452 4116 in

1907 4165 2068 4204 omne
2096 4161 2302 4217 tempus
2328 4151 2396 4204 ita
2431 4161 2645 4216 notans,
2681 4163 2740 4205 ut
2774 4152 2970 4206 nullam
3001 4162 3175 4205 tamen
3206 4151 3456 4207 incont2.

1906 4242 2119 4296 minata;
2171 4239 2438 4309 Unigeniti
2478 4240 2738 4308 maiestati
2793 4241 3179 4309 blasphemiam
3225 4239 3453 4296 aﬂ‘ricee.

1907 4334 2088 4402 Itaque
2123 4333 2166 4386 si
2216 4346 2484 4400 nunquam
2538 4331 2938 4400 generationem
2985 4332 3284 4400 admiserit,
3318 4336 3453 4388 adeo

1907 4438 1958 4480 ut
1995 4426 2219 4495 propria:
2251 4433 2454 4476 natura:
2485 4422 2796 4492 participem
2826 4422 2988 4478 faciat
3028 4425 3266 4491 genitum
3292 4462 3309 4489 ,
3345 4441 3450 4480 non

1905 4526 1987 4570 cst
2007 4516 2218 4583 quidem
2252 4512 2410 4565 Pater
2445 4511 2598 4573 Deus,
2629 4527 2732 4565 non
2775 4520 2856 4566 est
2881 4511 3080 4576 etiam;
3107 4511 3202 4565 sed
3228 4519 3448 4581 praestat

243 4601 434 4672 Πατὴρ
476 4605 504 4654 ὁ
537 4603 698 4671 Θεὸς,
734 4607 833 4659 οὐκ
863 4606 975 4658 ἔστι
1005 4607 1061 4660 δέ
1089 4607 1198 4678 (15)
1263 4607 1374 4659 ἀλλ’
1409 4608 1626 4676 ἄμεινον
1665 4613 1796 4681 ἡμῖν
1830 4604 1875 4663 D
1903 4628 1913 4663 ι

1774 4630 1796 4664 ν
1830 4604 1875 4663 D
1903 4625 1960 4663 ut
2002 4606 2388 4676 blasphemiam
2440 4603 2806 4673 imperfectam
2858 4601 3246 4672 relinquamus.
3296 4603 3444 4661 Alter

318 4832 392 4903 (8)
437 4833 573 4907 Editi
602 4837 908 4907 γινομένης.
935 4835 1076 4907 Libri
1105 4837 1304 4907 antiqui
1331 4837 1646 4907 γενομένης.
1674 4836 1790 4890 Mox

318 4853 392 4903 ιδ)
438 4853 573 4887 natu
602 4853 716 4902 γινο
765 4853 908 4904 ενης.
935 4853 1076 4888 muri
1105 4853 1186 4889 ant

243 4901 375 4976 Reg.
405 4904 592 4976 tertius
622 4853 779 4967 αύτξς
814 4906 910 4976 μὲν
943 4904 1019 4976 μὴ
1045 4905 1186 4976 δόξῃ.

313 4920 320 4953 2
364 4944 375 4955 .
405 4919 592 4957 terttus
622 4919 779 4967 αυτος
814 4919 910 4973 μεν
987 4919 1019 4974 η
1045 4919 1186 4976 οοςῃ.

313 4919 411 5044 (ᾗ)Δ
433 4972 559 5042 Reg.
589 4985 809 5043 quartus
835 4923 982 5026 ἀλλάι
999 4975 1285 5042 ἀγέννητον
1315 4976 1407 5029 καὶ
1441 4976 1720 5044 γεννητόν.

462 5041 680 5114 Codices
717 5044 820 5095 duo
852 5041 1170 5114 ἐφαρμόσει.

311 5112 421 5184 (Η)
460 5113 759 5180 Γεννῆσαι
784 5115 854 5165 οὺ
887 5112 1284 5182 καταδέχεται,
1317 5115 1369 5166 id
1403 5129 1504 5166 non
1536 5113 1784 5184 admittit,

239 5193 298 5234 ut
345 5193 546 5248 generet
576 5197 594 5232 :
625 5185 722 5236 hoc
759 5192 860 5244 est,
901 5201 1142 5252 generare
1174 5201 1274 5237 non
1320 5195 1482 5250 potest
1511 5197 1527 5233 :
1562 5183 1784 5234 liberum

233 5252 284 5303 ei
323 5267 424 5302 non
467 5260 540 5302 est
590 5267 832 5317 generare
867 5255 1152 5322 :gignendi
1206 5270 1306 5306 non
1354 5253 1504 5306 habet
1559 5253 1786 5320 faculta-

236 5330 360 5372 tem.

308 5389 418 5457 (19.)
463 5387 541 5454 Τῇ
588 5389 694 5456 γὰρ
744 5391 1006 5457 δευτέρᾳ.
1049 5390 1159 5443 Hoc
1191 5401 1274 5444 est
1308 5391 1485 5455 :quod
1518 5390 1779 5457 sequitur,

239 5459 320 5511 ἵνα
355 5457 428 5527 μὴ
474 5459 682 5527 μεταδῷ
708 5461 803 5529 τῆς
841 5460 970 5522 ἰδίας
998 5461 1205 5529 φύσεως
1240 5460 1316 5529 τῷ
1349 5460 1685 5528 γεννωμένῳ,
1732 5460 1781 5511 itl

234 5540 416 5595 aperte
461 5529 688 5581 ostendit
727 5531 882 5581 verba
933 5532 1014 5582 illa
1068 5531 1342 5588 Eunomii,
1391 5530 1487 5581 οὐκ
1534 5529 1597 5581 ἄν
1644 5544 1772 5579 ποτε

231 5598 484 5668 πρόσοιτο
511 5597 778 5666 γέννησιν,
813 5599 875 5650 de
908 5600 1072 5651 activa
1100 5600 1441 5667 generatione
1475 5599 1646 5665 accipi
1681 5600 1770 5650 de-

229 5668 377 5723 bere.
410 5668 486 5719 sic
522 5677 578 5718 ut
617 5678 766 5734 pater
799 5668 1010 5734 gignere
1039 5684 1138 5721 non
1173 5669 1357 5732 possit.

297 5737 406 5807 (i5)
450 5734 682 5807 §ic_libri
728 5747 945 5807 veteres.
979 5736 1115 5791 Editi
1146 5737 1772 5807 αὑτῆςᾼκοινωνήσωμεν.

296 5803 406 5873 (H)
447 5803 595 5876 Culb.
635 5819 756 5858 cum
801 5803 934 5874 Reg.
961 5807 1118 5860 tertio
1153 5803 1279 5860 τινα
1311 5803 1661 5876 δυσφημίαν,
1690 5806 1772 5859 in-

231 5875 440 5928 famiam
472 5873 722 5930 aliquam.

1963 4836 2071 4905 (Ιὸ)
2112 4837 2232 4896 Illa,
2260 4837 2359 4889 οὐκ
2402 4836 2516 4887 ἐστι
2565 4833 2642 4897 δέ,
2685 4832 2762 4905 sic
2811 4833 2970 4905 vertit
3014 4833 3280 4905 interpres
3309 4854 3320 4888 :
3354 4833 3445 4886 sed

1893 4903 1992 4960 non
2033 4903 2104 4957 ita
2149 4915 2245 4959 est.
2290 4908 2425 4969 Quid
2463 4914 2640 4957 autem
2687 4904 2798 4958 bare
2841 4903 2937 4957 sibi
2974 4903 3158 4966 velint,
3203 4903 3338 4956 alius
3371 4905 3445 4955 vi-

1893 4978 2046 5028 derit.
2092 4976 2198 5042 Ego
2243 4975 2474 5028 arbitror
2541 4989 2721 5028 vocem
2766 4972 2880 5035 υίὸς
2926 4972 3202 5042 subaudiri
3248 4971 3444 5026 debere

1892 5056 2012 5112 post
2047 5040 2174 5096 illud
2197 5045 2294 5096 οὑκ
2332 5043 2444 5096 ἐστι
2479 5043 2556 5104 δέ,
2586 5044 2682 5096 bac
2711 5043 3011 5112 sententia:
3049 5051 3108 5095 ut
3148 5040 3438 5112 Deusinou

1892 5111 1972 5166 est
2002 5113 2198 5176 Pater,
2257 5116 2327 5165 ita
2361 5130 2461 5166 nou
2508 5125 2588 5167 est
2618 5112 2801 5166 Filius.
2836 5111 2945 5164 Hoc
2989 5121 3102 5172 est,
3149 5123 3247 5164 nec
3296 5111 3436 5164 Deus

1882 5181 2044 5236 Pater
2083 5183 2259 5235 vocari
2330 5183 2484 5236 debet
2533 5182 2710 5244 Pater,
2763 5195 2861 5232 nec
2919 5179 3088 5233 Filius
3147 5179 3303 5233 debet
3338 5193 3435 5231 vo-

1894 5253 2001 5304 cari
2082 5252 2264 5304 Filius.
2312 5251 2377 5305 Et
2452 5253 2648 5304 idcirco
2718 5249 2944 5302 Basilius
3001 5249 3075 5302 ait
3135 5248 3436 5305 relinquere

1880 5335 1938 5374 se
1983 5322 2363 5385 blasphemiam
2417 5321 2684 5382 Eunomii,
2728 5318 3110 5385 imperfectam,
3159 5318 3299 5386 quod
3335 5331 3434 5386 no-

1881 5406 2000 5443 men
2058 5390 2169 5451 υίός
2225 5392 2638 5456 praetermiserit.
2689 5386 2796 5441 Nec
2842 5388 2914 5439 ita
2953 5387 3117 5442 multo
3164 5395 3282 5452 post
3329 5385 3433 5437 Ba-

1879 5459 2032 5512 silius
2076 5462 2174 5512 hoc
2214 5462 2348 5512 idem
2395 5458 2548 5520 fecit,
2590 5472 2711 5511 cum
2760 5458 2828 5509 ita
2866 5457 3099 5522 scripsit,
3129 5456 3362 5525 aerii}:
3397 5457 3430 5524 ἡ

1880 5528 2134 5598 ἀλήθεια,
2181 5530 2207 5580 ὁ
2252 5529 2458 5598 Κύριος
2506 5525 2912 5598 ἡμῶνᾼἸησοῦς
2966 5522 3434 5598 Χριστόςηᾘεηιό

1879 5593 2016 5650 enim
2048 5614 2148 5650 non
2181 5597 2321 5650 videt
2350 5593 2784 5666 Vocem'tiaeutir'ic'
2820 5596 2903 5648 hic
2938 5593 3175 5666 suppleri
3208 5594 3424 5666 debere,

1881 5668 1980 5718 hoc
2018 5668 2169 5719 modo
2199 5685 2210 5719 :
2254 5666 2451 5736 ψευδὴς
2492 5667 2625 5736 αύτή
2660 5664 2794 5737 τεὴ,
2825 5664 3081 5736 ἀλήθεια,
3114 5665 3348 5737 menda.1:_
3379 5673 3430 5716 et

1878 5737 1990 5812 ipsa
2025 5739 2231 5799 veritas,
2269 5729 2378 5790 etc.
2410 5729 2566 5812 'Saue
2602 5729 2818 5812 r't_on__(_ib
2859 5729 3018 5788 aliam
3067 5748 3282 5812 causam
3332 5729 3432 5812 has

1880 5805 2010 5858 duas
2048 5821 2206 5859 voces
2239 5807 2582 5873 praetermisit
2614 5805 2860 5870 Basilius,
2901 5819 3062 5873 quam
3094 5803 3232 5873 quod
3263 5802 3429 5872 impia

1880 5874 2117 5929 Eunomii
2151 5879 2308 5930 verba
2337 5877 2515 5933 omnia
2554 5874 2794 5946 proferre
2824 5875 3117 5932 horruerit.
