4230 6494
818 427 922 484 555

2103 422 2161 476 S.
2204 419 2449 474 BASlLlI
2487 420 2699 476 MAGNI

3923 434 4028 489 556

891 550 1015 605 Bas.
1057 547 1344 617 Postquam
1379 546 1613 616 sumpsit
1643 545 1744 600 sibi
1777 546 1828 599 in
1857 544 2100 600 oratione
2137 557 2255 612 quae
2280 557 2370 594 vo-
2398 548 2445 599 Α
2542 542 2561 592 l

2361 569 2370 580 -
2398 548 2445 599 Α
2542 542 2686 598 BA);
2749 545 3103 616 Ὑποθέμενος
3155 547 3263 616 (29)
3314 548 3486 618 ἐαυτῷ
3538 550 3679 602 κατά
3723 551 3818 604 τὸν
3875 551 4031 619 λόγον

817 641 936 702 luit,
955 647 1008 694 et
1023 654 1084 693 ea
1113 654 1231 708 qua:
1251 653 1362 693 sua
1384 653 1561 693 causa
1584 637 1980 692 accommodata
2019 644 2144 690 sunt
2170 636 2364 704 posuit,

823 741 930 786 tum
981 732 1033 785 in
1076 731 1338 785 absurdos
1368 744 1559 784 sensus
1593 731 1767 798 seipse
1795 728 2105 790 detrudens,
2134 726 2256 780 hinc
2278 726 2367 778 tle-

820 833 1148 876 monstrasse
1195 835 1253 876 se
1301 829 1473 889 putat,
1528 820 1832 874 necessario
1888 817 2188 886 recipienda
2246 831 2365 870 esse

815 911 1075 980 degmata
1096 928 1216 968 sua.
1243 913 1334 966 Ait
1360 913 1500 966 enim
1529 928 1545 965 :
1570 910 1681 966 Hoc
1709 911 1894 965 dicere
1927 924 2030 963 non
2059 923 2362 977 possumus,

816 1004 958 1070 quod
989 1003 1294 1057 communis
1324 1003 1539 1071 quidem
1563 1003 1635 1056 sit
1663 1001 1878 1070 utrique
1902 998 2196 1053 substantia
2223 1015 2237 1061 ;
2276 1011 2366 1050 or-

816 1092 940 1146 dine
964 1107 1110 1156 vero,
1146 1101 1200 1147 et
1242 1094 1497 1162 temporis
1531 1091 1886 1161 prterogativa
1920 1091 2005 1144 bic
2036 1089 2105 1143 sit
2141 1088 2365 1157 primus,

816 1185 904 1238 ille
926 1199 1054 1240 vero
1083 1187 1375 1240 secundus.
1401 1186 1552 1251 Quod
1579 1184 1623 1238 si
1646 1198 1982 1238 communem
2013 1181 2364 1235 substantiam

814 1276 893 1329 sic
919 1291 948 1328 a
979 1289 1038 1330 se
1061 1284 1341 1345 acceptam
1392 1276 1611 1340 dixerit,
1643 1286 1700 1328 ut
1721 1276 2006 1344 quamdam
2044 1289 2106 1328 ex
2141 1272 2364 1326 materia

815 1365 963 1434 prius
983 1369 1278 1422 exsistente
1297 1368 1727 1423 distributionem
1769 1383 1832 1421 ac
1861 1368 2194 1429 divisionem,
2221 1367 2272 1418 in
2304 1381 2364 1418 ea

815 1476 932 1529 quae
955 1462 1022 1515 ab
1050 1462 1164 1530 ipsa
1194 1471 1342 1525 sunt,
1374 1463 1676 1532 intelligat;
1718 1476 1814 1514 nos
1856 1461 1992 1514 hanc
2044 1461 2364 1514 sententiam

818 1566 920 1603 non
949 1564 1234 1619 possumus
1262 1551 1568 1619 suscipere;
1605 1551 1744 1604 absit
1775 1553 1788 1603 !
1817 1561 1870 1605 et
1898 1552 1986 1620 qui
2031 1553 2130 1605 boc
2157 1552 2364 1613 dicunt,

816 1641 860 1695 si
893 1641 985 1708 qui
1013 1649 1162 1707 sunt,
1182 1653 1278 1695 eos
1302 1640 1366 1695 iis
1395 1641 1485 1708 qui
1513 1641 1997 1696 dissimilitudinem
2027 1643 2364 1712 proﬁtentur,

819 1730 1091 1800 impietate
1143 1731 1429 1785 inferiores
1479 1745 1582 1785 non
1624 1745 1744 1784 esse
1769 1730 2121 1784 aﬂirmamus.
2154 1729 2208 1784 Si
2242 1746 2366 1783 vero

815 1822 937 1890 quis
974 1822 1290 1877 substantiae
1320 1823 1752 1877 communionem
1787 1823 1857 1874 ita
1884 1823 2100 1890 accipit,
2125 1831 2182 1874 ut
2206 1837 2363 1875 unam

815 1920 868 1965 et
892 1913 1134 1967 eamdem
1159 1913 1366 1967 esscndi
1388 1914 1646 1966 rationem
1682 1913 1731 1964 in
1765 1913 2008 1981 utrisque
2035 1914 2356 1977 consideret,

816 2011 875 2056 ut
899 2005 944 2058 si
982 2019 1048 2057 ex
1085 2005 1367 2075 bypothesi
1420 2005 1578 2060 Pater
1611 2003 1697 2056 lux
1729 2004 1966 2072 subjecto
2008 2006 2317 2075 intelligitur
2340 2045 2359 2072 ,

820 2098 1090 2167 Unigeniti
1115 2113 1326 2169 quoque
1379 2097 1669 2154 essentiam
1719 2098 1890 2152 lucem
1926 2099 2273 2164 conﬁteatur;
2309 2109 2362 2152 et

814 2183 1184 2261 quamcunque
1200 2192 1318 2261 quis
1329 2188 1530 2244 carendi
1546 2191 1797 2245 rationem
1817 2191 2101 2244 reddiderit
2119 2193 2167 2244 in
2183 2192 2359 2259 Patre,

815 2283 1056 2336 eamdem
1092 2291 1145 2336 et
1169 2282 1308 2336 Filio
1331 2283 1699 2337 accommodet
1725 2298 1739 2346 ;
1765 2282 1808 2335 si
1841 2281 1913 2334 ita
1941 2283 2190 2337 essentia:
2217 2299 2362 2338 com-

816 2374 997 2427 munio
1045 2373 1324 2441 accipitur,
1377 2372 1729 2437 admittimus,
1770 2383 1930 2441 atque
1969 2373 2070 2428 boc
2123 2385 2360 2428 nostrum

814 2468 1004 2534 dogma
1037 2480 1153 2520 esse
1185 2465 1572 2534 prolitebimur.
1610 2462 1742 2514 Nam
1781 2465 1880 2516 hoc
1904 2474 2062 2532 pacto
2093 2475 2147 2518 et
2192 2466 2364 2519 deitas

815 2572 918 2610 uua
945 2556 1068 2618 erit,
1100 2556 1304 2608 unitate
1334 2555 1586 2607 videlicet
1634 2555 1924 2608 secundum
1976 2556 2220 2610 essentia:
2279 2572 2362 2610 ra-

818 2648 1016 2701 tionem
1038 2645 1325 2710 intellecta,
1347 2645 1477 2698 adeo
1495 2655 1548 2697 ut
1569 2643 1622 2696 in
1639 2659 1862 2699 numero
1877 2646 2089 2714 quidem
2107 2656 2159 2702 et
2173 2648 2222 2702 in
2250 2663 2364 2717 pro-

813 2739 1130 2808 prietatibus
1161 2747 1448 2805 utrumque
1475 2736 1880 2804 designantibus
1903 2737 2204 2794 diﬂ‘erentia
2241 2742 2311 2795 sit
2345 2755 2359 2794 :

813 2832 864 2886 iu
894 2830 1108 2886 deitatis
1129 2844 1255 2884 vero
1284 2830 1490 2883 ratione
1511 2829 1687 2883 unitas
1716 2829 2104 2886 consideretur.

878 3006 968 3060 20.
997 3005 1128 3060 Cum
1163 3005 1325 3076 igitur
1359 3006 1704 3060 constitutum
1740 3008 2095 3076 sitquomodo
2120 3024 2365 3080 oporteat

811 3098 1253 3152 communitatem
1308 3097 1624 3152 substantiae
1680 3101 1872 3167 accipi,
1925 3117 2041 3170 qua:
2069 3115 2364 3170 sequuntur

2468 632 2608 702 ἅπερ
2638 634 2900 698 ἐϐούλετο,
2941 639 3030 689 καὶ
3060 637 3128 690 τά
3161 639 3425 692 ἀκόλουθα
3458 640 3632 694 λαϐὼν
3669 645 3788 705 ταῖς
3830 644 4030 697 ὑποθέ-

2469 741 2634 788 σεσιν,
2687 723 2799 779 εἶτα
2857 730 2935 792 εἰς
2987 731 3217 793 ἀτόπως
3273 733 3476 795 ἐννοίας
3537 735 3726 787 ἑαυτὸν
3784 735 4024 801 ἐξωθῶν,

2465 818 2763 885 ἀναγκαίαν
2803 819 3046 873 ἐντεῦθεν
3084 821 3250 874 οἴεται
3278 823 3374 893 τὴν
3401 825 3707 896 παραδοχὴν
3745 827 3853 881 τῶν
3887 828 4025 880 ἰδίων

2463 907 2744 976 δογμάτων
2778 907 2890 977 (50)
2921 908 3301 964 ἐπιδεικνύναι.
3338 912 3472 980 Φησὶ
3513 913 3620 982 γὰρ
3663 915 3766 977 ὅτι,
3824 915 3938 968 υύκ
3963 916 4025 968 ἂν

2463 998 2617 1050 τοῦτο
2640 1000 2902 1068 εἴποιμεν,
2937 999 3012 1062 ὡς
3047 1001 3196 1072 κοινὴ
3233 1002 3327 1070 μὲν
3360 1004 3558 1073 ἀμφοῖν
3588 1006 3620 1073 ή
3647 1005 3804 1056 οὐσία
3825 1022 3838 1034 ·
3876 1007 4024 1072 τάξει

2464 1091 2520 1142 δὲ
2550 1092 2642 1144 καὶ
2674 1093 2785 1154 τοῖς
2818 1094 2880 1144 ἐκ
2907 1092 3094 1162 χρόνου
3129 1093 3430 1163 πρεσϐείοις
3453 1097 3480 1146 ὁ
3515 1095 3612 1165 μὲν
3643 1095 3758 1148 ἐστι
3788 1099 4022 1166 πρῶτος,

2464 1183 2491 1234 ὁ
2529 1182 2584 1234 δέ
2611 1183 2876 1252 δεύτερος.
2923 1185 2984 1236 Εἰ
3017 1184 3112 1253 μὲν
3141 1180 3232 1236 οὖν
3253 1185 3314 1236 τὸ
3339 1187 3509 1237 κοινὸν
3540 1187 3638 1256 τῆς
3665 1187 3856 1248 οὐσίας
3889 1189 4028 1241 οὕτω

2465 1274 2664 1344 νοήσας
2702 1270 2871 1337 εἶπεν,
2918 1275 2990 1338 ὡς
3020 1275 3076 1340 ἐξ
3107 1275 3236 1346 ’ύλης
3266 1279 3722 1348 προϋπαρχούσης
3763 1281 4029 1349 διανομήν

2462 1383 2582 1420 τινα
2626 1367 2717 1419 καὶ
2747 1366 3144 1437 καταδιαίρεσιν
3181 1368 3291 1437 (5|)
3335 1370 3501 1432 είςτά
3525 1372 3616 1422 ἀπ’
3655 1372 3825 1440 αὐτῆς
3862 1375 4025 1433 νοεῖν,

2464 1455 2570 1508 οὐτ’
2598 1457 2661 1513 ἂν
2703 1457 2856 1509 αὐτοὶ
2904 1458 3328 1529 καταδεξαίμεθα
3377 1459 3474 1530 τὴν
3514 1460 3750 1512 διάνοιαν
3791 1463 4025 1528 ταύτην·

2469 1550 2540 1618 μὴ
2574 1550 2806 1616 γένοιτοί
2837 1549 2929 1602 καὶ
2969 1551 3092 1610 τούς
3135 1549 3412 1617 λέγοντας,
3462 1552 3516 1603 εἴ
3549 1569 3690 1613 τινες
3739 1554 3833 1604 καί
3870 1555 4025 1611 εἰσιν,

2465 1639 2610 1691 οὐδὲν
2634 1640 2848 1694 ἔλαττον
2885 1641 3095 1692 ἀσεϐεῖν
3127 1641 3233 1694 τῶν
3250 1643 3309 1694 τὸ
3329 1644 3576 1713 ἀνόμοιον
3606 1645 3880 1712 λεγόντων
3905 1648 4029 1698 ἀπο-

2465 1732 2790 1801 φαινόμεθαο
2825 1735 2870 1785 εἰ
2907 1733 2961 1784 δέ
2997 1730 3137 1784 οὕτω
3161 1749 3242 1795 τις
3273 1735 3601 1805 ἐκλαμϐάνοι
3630 1737 3688 1788 τὸ
3717 1737 3816 1804 τῆς
3843 1739 4028 1798 οὐσίας

2467 1823 2661 1885 κοινὸν,
2692 1821 2765 1886 ὡς
2798 1824 2884 1876 τὸν
2921 1823 3011 1876 τοῦ
3044 1816 3183 1874 εἶναι
3208 1823 3360 1890 λόγον
3389 1825 3482 1877 ἐνα
3511 1827 3603 1878 καὶ
3628 1826 3718 1878 τὸν
3750 1827 3914 1878 αὐτὸν
3943 1830 4027 1879 ἐπ’

2462 1918 2665 1985 ἀμφοῖν
2691 1915 3028 1986 θεωρεῖσθαι,
3051 1913 3189 1967 ὥστε
3223 1915 3316 1966 καὶ
3338 1917 3386 1966 εἰ
3417 1916 3535 1969 καθ’
3571 1917 3828 1970 ὑπόθεσιν
3859 1919 3974 1986 φῶς
4004 1922 4029 1971 ό

2461 2007 2648 2077 Πατὴρ
2664 2005 2738 2075 τῷ
2753 2007 3087 2076 ὑποκειμένῳ
3099 2005 3210 2074 (ὖῖ)
3230 2008 3417 2068 νοοῖτο,
3434 2007 3546 2074 φῶς
3565 2011 3656 2061 καὶ
3671 2011 3768 2079 τὴν
3794 2009 3890 2061 τοῦ
3920 2011 4030 2062 Μο-

2459 2096 2705 2166 νογενοῦς
2735 2097 2918 2148 οὐσίαν
2943 2094 3332 2166 ὁμολογεῖσθαι,
3366 2098 3455 2147 καὶ
3486 2098 3651 2168 ὅντπρ
3681 2101 3744 2152 ἄν
3768 2117 3853 2161 τις
3891 2103 4027 2152 ἀπο-

2459 2191 2534 2260 δῷ
2579 2191 2669 2243 ἐπὶ
2723 2187 2816 2240 τοῦ
2856 2187 3060 2258 Πατρὸς
3096 2186 3186 2239 τὸν
3229 2185 3321 2238 τοῦ
3359 2182 3500 2240 εἶναι.
3533 2188 3706 2258 λόγον,
3742 2191 3832 2243 τὸν
3868 2193 4027 2244 αὐτὸν

2459 2282 2644 2335 τοῦτον
2669 2281 2758 2334 καὶ
2783 2279 2861 2350 τῷ
2884 2278 2996 2349 Υἰῴ
3024 2279 3348 2350 ἐφαρμόζειν
3367 2294 3380 2306 °
3403 2279 3450 2329 εἰ
3479 2275 3618 2331 οῑτω
3645 2282 3702 2332 τὸ
3732 2283 3909 2334 κοινὸν
3930 2285 4026 2351 τῆς

2461 2376 2645 2437 οὐσίας
2669 2371 3016 2444 λαμϐάνοιτο,
3044 2369 3335 2440 δεχόμεθα·
3377 2370 3468 2422 καὶ
3499 2370 3764 2440 ἡμέτερον
3797 2369 3936 2424 εἰναι
3969 2376 4028 2425 τὸ

2461 2465 2634 2532 δόγμα
2657 2468 2916 2534 φήσομεν.
2973 2461 3126 2513 Κατὰ
3178 2460 3334 2512 τοῦτο
3387 2458 3495 2530 γὰρ
3537 2461 3629 2511 κα).
3672 2460 3862 2530 Osos-1;;
3893 2465 4023 2531 μία·

2461 2554 2697 2622 δηλονότι
2734 2555 2870 2606 κατά
2902 2553 2991 2606 τὸν
3020 2553 3114 2621 τῆς
3142 2552 3326 2614 οὐσίας
3355 2551 3508 2617 λόγον
3528 2552 3626 2621 τῆς
3655 2551 3904 2621 ἐνότητος
3940 2569 4027 2604 νο-

2462 2646 2716 2716 ουμένης,
2751 2645 2889 2696 ὥστε
2923 2643 3136 2714 ἀριθμῷ
3172 2645 3266 2712 μὲν
3291 2643 3388 2713 τὴν
3412 2642 3671 2714 διαφορὰν
3701 2643 3812 2710 (55)
3848 2643 4026 2714 ὐπάρ-

2462 2756 2596 2810 χειν,
2632 2735 2724 2790 καὶ
2752 2737 2868 2796 ταῖς
2903 2735 3119 2804 ἰδιότησι
3145 2737 3262 2797 ταῖς
3289 2735 3816 2806 χαρακτηριζούσαις
3845 2736 4029 2787 ἑκατε-

2464 2849 2556 2904 ρον
2577 2847 2588 2859 ·
2623 2831 2678 2881 ἐν
2701 2827 2756 2880 δὲ
2782 2825 2857 2896 τῷ
2877 2825 3016 2894 λόγῳ
3043 2826 3136 2894 τῆς
3157 2826 3402 2894 θεότητος
3429 2826 3524 2890 τὴν
3551 2829 3778 2896 ἑνότητα
3808 2828 4028 2898 θεωρεῖ-

2463 2925 2604 2978 σθαι.

2529 3016 2618 3070 ειο.
2645 3009 3005 3082 Διωρισμὲνου
3041 3007 3214 3059 τοίνυν
3247 3003 3361 3066 πῶς
3386 3008 3490 3075 χρὴ
3516 3007 3576 3058 τὸ
3596 3008 3772 3059 κοινὸν
3807 3011 3910 3077 τῆς
3933 3013 4024 3062 οὐ-

2464 3107 2583 3168 σίας
2625 3099 2958 3171 ἐκδέχεσθαι,
3004 3095 3071 3148 τὰ
3111 3092 3304 3164 ἐφεξῆς
3339 3092 3698 3161 ἐξετάσωμεν,
3740 3095 3858 3145 τίνα
3903 3112 4026 3146 συν-

810 3189 1197 3257 expendamus,
1231 3201 1391 3256 quam
1425 3187 1632 3243 scilicet
1661 3191 1890 3246 habeant
1910 3208 2030 3246 cum
2059 3197 2360 3263 prmeeden-
2386 3226 2428 3284 ε
2463 3207 2480 3260 ἀ

2353 3225 2360 3236 .
2386 3226 2428 3284 C
2463 3207 2651 3270 ἀφειαν
2678 3196 2787 3264 ἔχει
2823 3191 2956 3262 πρὸς
2985 3189 3051 3242 τὰ
3082 3188 3404 3260 προάγοντα.
3431 3185 3590 3249 Τάξει
3624 3187 3896 3284 δὲ,-φησὶ,
3932 3207 4023 3240 και

815 3283 955 3335 tibus
985 3281 1395 3337 eonnexionem.
1418 3281 1616 3336 Ordine
1653 3299 1802 3349 vero,
1830 3285 2024 3353 inquit,
2058 3296 2113 3340 et
2158 3299 2359 3355 tempo-

2452 3299 2564 3357 τοῖς
2609 3293 2673 3344 ἐκ
2703 3289 2895 3359 χρόνου
2933 3278 3232 3352 πρεσϐείοις
3268 3279 3296 3329 ό
3343 3277 3440 3346 μὲν
3484 3277 3597 3328 ἔστι
3632 3276 3866 3346 πρῶτος,
3907 3277 3932 3326 ὁ
3968 3277 4023 3329 δὲ

817 3372 890 3425 ris
923 3372 1301 3439 praerogativa,
1334 3371 1422 3423 ille
1454 3372 1655 3437 primus
1675 3383 1778 3438 est,
1805 3375 1891 3428 liic
1915 3380 2199 3432 secundes.
2225 3380 2359 3442 Quid
2453 3389 2487 3441 δη

2351 3383 2359 3432 Ι
2453 3387 2721 3455 δεύτερος.
2755 3379 2849 3439 Τίς
2879 3379 2911 3445 ἢ
2946 3373 3154 3440 ἀνάγκη
3195 3370 3278 3437 ἐφ’
3304 3362 3376 3420 ὦν
3410 3372 3441 3438 ἠ
3481 3369 3633 3420 οὐσία
3664 3368 3838 3437 κοινὴ.
3872 3369 4021 3430 τάξει

815 3478 1040 3518 necesse
1067 3472 1148 3516 est
1176 3475 1236 3516 ea
1274 3477 1502 3531 quorum
1549 3467 1848 3519 communis
1889 3474 1972 3520 est
2011 3470 2260 3532 essentia,
2312 3480 2365 3525 et

815 3554 990 3608 ordini
1043 3553 1252 3622 subjici,
1307 3559 1362 3606 et
1421 3565 1543 3606 esse
1599 3559 1836 3622 tempore
1868 3557 2204 3623 posteriora?
2248 3557 2360 3612 Non

813 3646 955 3698 enim
994 3645 1108 3699 lieri
1138 3652 1330 3712 potest,
1389 3655 1446 3697 ut
1502 3643 1869 3699 universorum
1907 3647 2045 3702 Deus
2094 3663 2214 3702 cum
2265 3667 2360 3705 sua

818 3738 988 3805 ipsius
1021 3737 1252 3805 imagine
1280 3750 1398 3805 qua:
1425 3737 1558 3789 citra
1612 3739 1868 3805 temporis
1913 3741 2280 3796 accessionem
2309 3743 2364 3795 il—

819 3827 1044 3880 lustrata
1093 3835 1195 3891 est,
1247 3827 1313 3879 ab
1358 3836 1557 3880 aeterno
1589 3842 1695 3882 non
1723 3830 1812 3893 sit,
1841 3839 1894 3884 et
1933 3833 2360 3902 coniunctionem

818 3933 921 3971 non
959 3917 1156 3970 habeat
1205 3932 1310 3969 non
1372 3917 1543 3971 solum
1581 3919 1717 3972 ultra
1769 3932 2028 3992 tempora,
2073 3929 2165 3980 sed
2203 3932 2362 3984 etiam

816 4010 954 4061 ultra
996 4009 1172 4062 omnia
1201 4007 1416 4064 saecula.
1447 4006 1580 4061 Nam
1633 4009 1832 4063 idcirco
1870 4013 2120 4077 splendor
2157 4018 2202 4048 ³⁸
2231 4019 2364 4073 dici-

818 4115 920 4164 tur,
955 4110 1012 4154 ut
1057 4102 1485 4168 conjunctiouem
1521 4100 1880 4171 intelligamus
1911 4121 1922 4155 :
1955 4114 2009 4158 et
2040 4111 2204 4176 ligura
2235 4113 2360 4166 sub-

815 4192 1026 4245 stantia:
1046 4191 1111 4254 θ’,
1139 4200 1196 4244 ut
1217 4189 1823 4247 consubstantialitatem
1840 4192 2223 4260 perdiscamus.
2251 4200 2353 4256 Sed

890 4309 936 4339 ⁸⁸
966 4306 1128 4361 Hebr.
1171 4324 1209 4365 ι,
1249 4309 1300 4360 3.
1377 4306 1420 4339 ”
1460 4308 1586 4361 ibid.

886 4418 993 4488 (29)
1036 4416 1207 4488 lllutl,
1244 4413 1605 4488 ὑποθέμενος,
1650 4413 1733 4488 sic
1751 4415 2009 4488 _rmldidit
2045 4416 2311 4485 interpres
2341 4439 2354 4473 :

817 4482 1106 4554 supposuit
1130 4487 1295 4554 primo
1339 4482 1475 4554 quod
1525 4484 1702 4536 tto/uit.
1750 4482 1940 4537 Fateor
1975 4482 2201 4552 quidem
2238 4503 2357 4541 ver-

2455 3495 2514 3530 τε
2578 3465 2977 3536 ὑποὸεὸλῆσθαι
3023 3462 3214 3525 ταῦτα,
3272 3460 3364 3512 καὶ
3418 3461 3608 3529 χρόνου
3653 3455 3790 3511 εἶναι
3837 3458 4023 3510 δεύτε-

2462 3586 2527 3640 pa,
2559 3565 2703 3636 (34);
2738 3561 2810 3613 Οὐ
2835 3558 2942 3627 γάρ
2970 3554 3187 3608 δυνατὸν
3219 3555 3282 3622 τῇ
3307 3551 3494 3603 ἑαυτοῦ
3530 3550 3693 3603 εἰκόνι
3723 3552 3835 3617 (55)
3862 3551 4024 3618 ἀχράς

2456 3675 2562 3719 νως
2590 3649 2999 3718 ἀπαυγασθείσῃ
3039 3646 3129 3697 τὸν
3166 3643 3294 3695 Θεὸν
3326 3642 3431 3694 τῶν
3458 3643 3593 3694 ὅλων
3630 3641 3702 3709 μὴ
3749 3641 3807 3704 ἐξ
3852 3642 4022 3694 ἀϊδίου

2459 3749 2717 3807 σιινεῖναι,
2769 3743 2859 3795 καὶ
2911 3741 2982 3809 μὴ
3021 3736 3206 3805 χρόνον
3239 3734 3416 3802 μόνον,
3466 3733 3558 3784 καὶ
3585 3730 3793 3782 αἰώνων
3825 3733 3881 3783 δὲ
3912 3733 4022 3795 (διε)

2458 3837 2673 3891 πάντων
2697 3833 2945 3886 ἐπέκεινα
2970 3828 3065 3898 τὴν
3097 3824 3382 3892 συνάφειαν
3416 3822 3577 3890 ἔχειν.
3616 3820 3710 3871 Διά
3737 3821 3896 3872 τοῦτο
3916 3822 4024 3891 γὰρ

2457 3928 2796 3996 ἀπαύγασμα
2847 3924 3078 3993 εἴρηται,
3120 3918 3204 3969 ἵνα
3247 3917 3303 3968 τὸ
3347 3913 3684 3984 συνημμένον
3719 3914 4022 3980 νοήσωμεν,

2458 4024 2552 4075 καὶ
2581 4016 2863 4090 χαρακτὴρ
2891 4014 2988 4082 τῆς
3021 4009 3384 4068 ὑποστάσεως,
3421 4008 3504 4058 ἵνα
3532 4005 3589 4056 τὸ
3621 4003 3905 4072 όμοούσιον
3927 4005 4023 4056 ἐκ·

2462 4113 2836 4184 μανθάνωμεν.
2871 4104 3027 4159 Ἀλλά
3049 4105 3142 4155 καί
3165 4100 3312 4162 τάξις
3337 4102 3367 4167 ἠ
3400 4100 3494 4166 μὲν
3523 4097 3719 4164 ιρυσική
3748 4097 3829 4155 τίς
3858 4097 4021 4152 ἐστιν,

2460 4206 2493 4274 ὴ
2526 4205 2581 4255 δὲ
2615 4205 2733 4254 κατ’
2769 4197 3125 4266 ἐπιτήδευσιν,
3165 4191 3368 4256 Φυσικὴ
3419 4189 3534 4256 μὲν,
3581 4187 3653 4247 ὡς
3699 4188 3731 4255 ἡ
3766 4186 3873 4236 τῶν
3907 4203 4022 4237 zz..-

2467 4431 2656 4472 vetus:
2694 4418 2756 4470 Et
2793 4427 3240 4486 quantumcunque
3274 4416 3462 4482 aliquis
3506 4410 3653 4464 Patri
3707 4419 4018 4486 attribuito-

2468 4506 2602 4550 nem,
2631 4487 2763 4539 hanc
2794 4489 2956 4553 ipsam
2983 4498 3028 4538 et
3060 4485 3197 4538 Filio
3224 4485 3567 4538 accommodet
3589 4500 3607 4535 :
3635 4485 3725 4534 sed
3759 4500 4015 4549 quantum

967 4535 1314 4608 ὗίτιότιὸεᾷθοὶι
1343 4535 1684 4608 jtirsilralertlit'i
1722 4535 1923 4621 proel)?
1951 4535 2207 4623 quodve-sit
2239 4535 2363 4624 iii};-
2396 4535 2437 4589 θ
2467 4535 2487 4610 ἑ

2347 4589 2363 4597 -
2396 4535 2437 4589 D
2467 4575 2494 4610 a
2525 4535 2696 4624 mente
2721 4535 2896 4609 Basilii
2928 4557 3212 4612 abcrrarit.
3239 4573 3301 4608 ex
3327 4555 3527 4608 ercis
3555 4562 3716 4617 patet.
3751 4535 3904 4619 Illud,
3929 4559 4017 4609 τὸν

815 4643 998 4692 ponere
1025 4642 1041 4678 :
1073 4628 1163 4678 sed
1198 4625 1430 4677 arbitror
1477 4625 1562 4677 bic
1602 4627 1738 4676 idem
1779 4625 1958 4676 valere
1992 4628 2128 4692 quod
2159 4644 2363 4683 sumere

813 4691 1052 4748 alicunde
1079 4695 1348 4746 materiam
1383 4691 1663 4745 scribendi.

885 4764 994 4833 (50)
1035 4764 1248 4831 Antiqui
1293 4778 1384 4833 sex
1433 4763 1550 4833 libri
1594 4759 1844 4815 τοιούτων
1890 4760 2188 4833 δογμάτων.
2224 4767 2357 4822 Editi

812 4846 865 4890 et
897 4832 1026 4901 Reg.
1051 4833 1267 4900 quintus
1291 4832 1396 4884 τῶν
1434 4832 1597 4885 ἰδίων.

885 4899 1000 4973 (31)
1033 4899 1174 4957 Editi
1216 4910 1270 4954 et
1299 4902 1449 4973 Δἰὶρει.
1496 4903 1730 4973 quiutns_
1747 4899 2003 4972 διανομήν
2054 4921 2174 4957 τινα
2223 4909 2359 4960 κατὰ

816 4970 1094 5044 διαίρεσιν,
1129 4985 1229 5044 nec
1263 4970 1416 5044 aliter
1461 4974 1660 5044 legerat
1695 4970 2000 5034 Coruarius,
2035 4977 2122 5041 qui
2165 4976 2250 5027 ita:
2280 4979 2358 5029 iu-

823 5039 1143 5110 terpretatus
1170 5041 1240 5095 sit
1265 5059 1276 5093 :
1309 5039 1734 5094 Distributionem
1764 5039 2358 5107 quamdnm'sccundnm

819 5113 1121 5166 divisionem
1151 5111 1207 5164 in
1234 5127 1295 5164 ea
1321 5125 1436 5176 qua:
1465 5112 1527 5182 at:
1554 5112 1666 5175 ipsa
1693 5122 1810 5163 sunt
1829 5125 1852 5182 7:
1878 5113 2014 5176 quod
2045 5114 2172 5179 quid
2203 5116 2359 5182 signi-

819 5187 982 5236 ticare
1017 5182 1206 5250 possit,
1242 5195 1308 5234 ex
1347 5195 1432 5250 eo,
1472 5181 1516 5233 si
1554 5182 1783 5242 viveret,
1825 5181 1997 5250 libens
2039 5199 2353 5248 qumreretn.

815 5253 915 5307 Alii
950 5249 1184 5319 quinque
1212 5264 1360 5322 _mss.
1388 5249 1772 5322 διανομὴνοκαὶ
1801 5249 2222 5322 καταδιαίρεσιν,
2253 5269 2357 5306 uno

815 5323 998 5392 verbo,
1029 5322 1181 5374 bene.
1211 5319 1344 5390 Reg.
1373 5321 1578 5392 primus
1605 5319 1862 5392 διανομήν
1904 5337 2022 5371 τινα
2054 5319 2160 5374 καὶ
2193 5340 2358 5374 κατα-

813 5391 1105 5462 διαίρεσιν,
1157 5389 1316 5458 paulo
1369 5389 1575 5444 melius.
1632 5389 1905 5461 Hoc'ipso
1953 5393 2005 5442 in
2057 5393 2172 5446 loco
2225 5393 2352 5462 Reg.

815 5461 1036 5532 quartus
1062 5461 1278 5514 ἐννοεῖν.

885 5530 996 5600 (δὲ)
1035 5532 1164 5584 Cum
1204 5545 1306 5583 vox
1354 5530 1707 5600 ὑποκείμενον
1755 5530 1858 5584 late
1894 5539 2087 5598 pateat,
2131 5531 2356 5584 fortasse

817 5604 972 5656 tlebel.
1014 5603 1112 5652 boc
1158 5602 1274 5653 loco
1317 5604 1452 5652 sumi
1501 5616 1594 5667 pro
1640 5601 1753 5663 ipsa
1805 5602 2110 5663 substantia,
2149 5611 2203 5651 ul
2257 5602 2355 5655 hoc

819 5673 956 5725 dicat
985 5669 1212 5723 Basilius
1238 5685 1252 5722 :
1280 5668 1340 5723 Si
1374 5670 1532 5723 Pater
1558 5687 1620 5722 ea:
1645 5670 1907 5735 hypotltesi
1937 5671 2236 5739 intelligitur
2265 5673 2354 5723 lux

818 5759 924 5793 esse
967 5743 1020 5794 in
1058 5755 1110 5791 se
1142 5748 1189 5792 et
1230 5742 1282 5791 in
1317 5757 1410 5792 sua
1443 5741 1754 5803 substantia,
1782 5749 1887 5791 etc.
1923 5741 2070 5803 Quod
2106 5756 2224 5791 mox
2271 5757 2354 5794 se-

820 5817 1016 5877 quitur,
1069 5810 1159 5862 καὶ
1206 5810 1388 5878 ὅνπερ,
1427 5813 1668 5874 etc.,.ita
1715 5820 2043 5865 converterat
2093 5811 2353 5881 interpres

2461 4627 2552 4679 τοῦ
2602 4623 2738 4680 εἶναι
2785 4628 2966 4693 λόγον,
3011 4628 3074 4676 ad
3123 4627 3339 4677 verbum
3410 4624 3766 4680 reddidimus.
3814 4629 4019 4678 essendi

2463 4699 2748 4761 rationem,
2805 4714 2906 4750 non
2963 4695 3150 4747 Latine
3201 4695 3446 4762 quidem,
3496 4695 3587 4747 sed
3640 4693 4017 4758 signiﬁcantis-

2461 4783 2612 4820 snue.

2531 4837 2641 4903 (55)
2675 4834 2786 4889 Vox
2822 4833 3053 4904 διαφορά
3079 4832 3428 4886 differentiam
3452 4830 3674 4904 quidem
3709 4835 4008 4901 signiﬁcat:

2459 4908 2549 4960 sed
2583 4922 2702 4958 cum
2736 4921 2923 4957 nomen
2957 4902 3268 4958 tlill'erentiae
3293 4902 3552 4954 latissime
3587 4911 3787 4965 pateat,
3819 4906 3888 4954 ita
3927 4905 4010 4957 liic

2459 4987 2511 5026 et
2553 4979 2602 5028 in
2639 4975 2900 5028 similibus
2930 4974 3060 5028 locis
3111 4973 3534 5035 restringentlunt
3575 4980 3678 5030 est,
3713 4983 3770 5022 ut
3805 4976 4014 5039 proprie

2459 5061 2554 5109 pro
2581 5043 2920 5098 distinctione
2949 5045 3260 5112 accipiatur.
3289 5040 3481 5094 Statim
3514 5054 3641 5093 mss.
3671 5044 3910 5094 nonnulli
3939 5040 4013 5112 τῷ

2457 5115 2595 5186 λόγῳ
2622 5112 2696 5180 τῷ
2720 5114 2838 5182 τῆς.

2497 5179 2918 5308 οὲῧ-ί)Αιίιὶψιί
2974 5199 3065 5235 sex
3121 5181 3236 5232 libri
3293 5195 3410 5232 cum
3461 5181 3692 5249 editione
3745 5179 3876 5231 Ven.
3923 5184 4010 5233 κιί

2497 5303 2500 5308 .
2557 5272 2644 5306 νου
2693 5251 2826 5306 εἶναι
2873 5253 3117 5308 δεύτερα.
3157 5253 3282 5308 Meg.
3313 5255 3577 5303 set-nudus
3611 5263 3730 5298 cum
3782 5252 4010 5305 editione

2457 5251 2644 5325 χρόνον
2693 5251 2826 5306 εἶναι
2862 5253 3117 5325 δεύτερα.
3157 5253 3282 5325 lfeg.
3313 5255 3577 5325 set-nudus
3611 5263 3730 5325 cum
3782 5252 4012 5325 editione

2456 5315 2625 5378 paris.
2653 5325 2746 5376 καὶ
2776 5321 2964 5393 χρόνου
3014 5315 3317 5391 πρεσϐείοις
3368 5317 3503 5371 εἶναι
3542 5315 3790 5393 δεύτερα.
3825 5317 4007 5382 Nemo,

2455 5400 2664 5460 Opinor,
2709 5386 2866 5447 boiiio
2913 5409 3014 5444 non
3050 5386 3191 5444 videt
3228 5406 3408 5443 vocem
3440 5386 3769 5460 Ϋπρεσϐείοιςγ
3809 5403 3873 5441 ex
3922 5411 4008 5444 su-

2457 5459 2756 5532 perioribus
2811 5465 3020 5515 incaute
3063 5463 3378 5516 accersitam
3428 5459 3615 5517 fuisse,
3665 5466 3715 5508 et
3760 5459 3861 5512 hoc
3898 5461 4007 5514 loco

2458 5535 2636 5595 inepte
2671 5533 2971 5599 repetitam.

2524 5603 2635 5669 (55)
2675 5597 2849 5656 codex
2885 5617 3021 5654 unus
3043 5603 3107 5672 τῇ
3138 5601 3229 5653 ἀπ’
3257 5599 3420 5672 αὐτοῦ
3448 5597 3632 5672 εἰκόνι.

2527 5668 2639 5741 (56)
2682 5673 2904 5728 Codices
2953 5668 3152 5738 aliquot
3212 5671 3404 5741 μόνον,
3455 5668 3664 5741 αἰώνων
3705 5672 3784 5725 δέ.
3831 5670 4008 5741 Itidem

2454 5739 2582 5796 mss.
2623 5739 2866 5798 nonnulli
2933 5741 3272 5810 συνημμένον
3327 5740 3549 5808 νοῶμεν.
3594 5739 3832 5794 Subinde
3885 5739 4011 5808 Reg.

2455 5823 2674 5882 quartus
2707 5827 2797 5866 και
2827 5812 3025 5882 φυσικὴ
3059 5811 3154 5878 μὲν
3184 5811 3274 5872 ὡς.
