4230 6536
259 499 365 555 557

1334 488 1699 545 ADVERSUS
1738 489 2103 546 ΕυΝοιιιυιι
2143 490 2270 545 LIB.
2311 491 2351 550 1.

3361 488 3464 540 558

261 613 482 683 σμὰτων
518 625 654 663 κατα
689 611 812 672 τοὺς
853 609 1269 680 δημιουργικοὺς
1296 609 1483 676 λόγους
1522 609 1816 680 διαταχθεῖ-
1846 616 1890 670 Α
1920 629 1931 665 ι

1791 613 1816 650 '-
1846 616 1890 670 A
1920 622 1973 665 et
2010 613 2142 667 ordo
2170 612 2307 665 alius
2330 611 2592 665 naturalis
2625 619 2728 677 est,
2759 609 2895 663 alius
2935 607 3250 662 artiﬁcialis.
3297 605 3461 661 Natu-

265 720 334 755 σα
367 703 494 768 ι57),
537 700 625 752 καὶ
652 700 725 761 ὼς
748 701 780 768 ἡ
802 699 916 751 ,τῶν
945 699 1256 769 ἀριθμητῶν
1280 700 1389 769 (58)
1427 699 1592 763 θέσις,
1624 702 1714 753 καὶ
1738 700 1814 763 ὠς

259 797 296 864 ὴ
342 794 448 846 τῶν
481 792 666 844 αἰτίων
700 792 834 862 πρὸς
863 791 932 844 τὰ
961 792 1171 845 αίτιατὰ
1204 792 1406 860 σχέσις,
1444 794 1648 845 ἐκείνου
1684 811 1814 864 προ-

259 883 727 953 διωμολογημένου
757 881 848 934 τοῦ
875 883 969 934 καὶ
1003 883 1100 951 τῆς
1139 884 1351 949 φύσεως
1386 883 1555 952 αὐτῆς
1587 885 1816 956 ποιητὴν

261 974 401 1029 εἶναι
432 975 522 1027 καὶ
553 973 877 1044 δημιουργὸν
914 974 1004 1026 τὸν
1033 972 1162 1024 Θεόν
1184 989 1198 1002 ·
1263 975 1715 1044 ἐπιτετηδευμὲνη
1761 976 1816 1028 δὲ

262 1067 358 1120 καὶ
384 1067 620 1136 τεχνικὴ,
649 1067 724 1129 ὡς
765 1069 798 1136 ἡ
828 1069 883 1118 ὲν
909 1069 1020 1128 τοῖς
1048 1067 1545 1135 κατασκευάσμασι,
1582 1067 1674 1118 καὶ
1716 1083 1818 1136 μα-

263 1156 488 1226 θήμασι,
527 1157 619 1208 καὶ
656 1155 942 1224 ἀξιώμασι,
991 1157 1081 1207 καὶ
1110 1156 1345 1226 ἀριθμῷ,
1389 1157 1482 1208 καὶ
1512 1159 1620 1218 τοῖς
1647 1157 1821 1208 τοιού-

261 1263 395 1310 τοις.
426 1248 639 1299 Τούτων
673 1247 848 1298 τοίνυν
873 1247 934 1298 τὸ
973 1247 1232 1317 πρότερον
1255 1248 1703 1318 ἀποκρυψάμενος
1735 1244 1821 1302 οῦ-

263 1355 377 1401 τος,
401 1338 492 1391 τοῦ
527 1339 772 1408 δευτέρου
797 1337 967 1400 εἴδους
995 1339 1092 1407 τῆς
1119 1337 1320 1402 τάξεως
1351 1339 1686 1410 ἐπεμνήσθη,
1727 1339 1820 1392 καί

265 1449 416 1502 φησι,
449 1432 520 1501 μὴ
560 1433 752 1500 χρῆναι
790 1431 966 1496 λέγειν
1007 1431 1097 1482 ἐπὶ
1133 1429 1264 1482 Θεοῦ
1309 1429 1476 1494 τάξιν,
1524 1432 1752 1502 ἐπείπερ
1789 1433 1821 1500 ἡ

263 1525 418 1590 τάξις
454 1523 676 1590 δευτέρα
713 1522 828 1574 ἐστὶ
863 1521 956 1574 τοῦ
999 1523 1297 1586 τάττοντος.
1354 1524 1557 1575 Ἐκεῖνο
1597 1522 1653 1576 δὲ
1695 1523 1727 1592 ἢ
1762 1522 1820 1573 οὑ

268 1616 520 1676 συνεῖδεν,
576 1614 607 1684 ἢ
666 1613 802 1665 ἑκὼν
837 1613 1206 1683 ἀπεκρύψατο,
1261 1615 1342 1666 ὅτι
1375 1614 1488 1666 ἔστι
1531 1630 1581 1665 τι
1621 1612 1823 1675 τάξεως

266 1705 425 1767 εἶδος,
469 1705 566 1756 οὐκ
615 1707 677 1757 ὲκ
718 1705 814 1775 τῆς
855 1703 1159 1775 παρ’ήμῶν
1182 1705 1381 1768 θέσεως
1422 1705 1821 1772 συνιστάμενον,

267 1797 380 1849 ἀλλ’
409 1798 540 1867 αὐτῇ
565 1799 629 1866 τῇ
665 1797 801 1849 κατὰ
827 1796 983 1864 φύσιν
1009 1797 1292 1868 ἀκολουθίᾳ
1315 1797 1623 1864 συμόαῖνον,
1646 1796 1720 1858 ὡς
1747 1795 1826 1866 τῷ

268 1889 402 1957 πυρὶ
429 1888 560 1961 πρὸς
589 1890 649 1940 τὸ
674 1906 786 1957 φως
821 1892 934 1940 ἐστι
967 1889 1027 1941 τὸ
1051 1888 1109 1952 ἐξ
1137 1887 1319 1941 αὑτοῦ.
1355 1889 1442 1940 Ἑν
1475 1887 1682 1949 τούτοις
1713 1888 1819 1958 γὰρ

268 1977 528 2046 πρότερον
567 1978 626 2030 τὸ
663 1978 830 2030 αἴτιον
869 1979 1114 2048 λέγομεν,
1162 1977 1406 2048 δεύτερον
1446 1977 1503 2029 δὲ
1545 1978 1605 2030 τὸ
1635 1978 1691 2042 ἐξ
1725 1979 1822 2030 αὗ-

264 2064 361 2116 τοῦ
410 2066 554 2134 (59)°
607 2067 666 2118 οὐ
719 2065 1040 2136 διαστήματι
1096 2067 1414 2137 χωρίζοντες
1451 2070 1545 2121 ἀπ’
1581 2069 1821 2137 ἀλλήλων

265 2155 460 2216 ταῦτα,
491 2155 624 2209 ἀλλὰ
667 2157 741 2226 τῷ
773 2158 1011 2226 λογισμῷ
1042 2157 1132 2211 τοῦ
1163 2159 1402 2212 αἰτιατοῦ
1446 2159 1822 2230 προεπινοοῦν-

265 2265 359 2310 τες
387 2249 448 2300 τὸ
476 2249 661 2300 αἴτιον.
699 2249 817 2310 Πῶς
857 2245 948 2301 οὖν
980 2248 1194 2317 εὔλογον
1223 2249 1497 2320 ἀρνεῖσθαι
1523 2251 1620 2318 τὴν
1647 2249 1818 2315 τάξιν,

266 2342 352 2409 ἐφ’
378 2334 450 2392 ὧν
475 2340 590 2390 ἐστι
623 2340 880 2410 πρότερον
911 2341 1002 2393 καὶ
1023 2341 1289 2411 δεύτερον,
1321 2341 1380 2392 οὐ
1398 2340 1536 2393 κατὰ
1560 2341 1657 2411 τὴν
1683 2341 1820 2411 ἡμε-

266 2429 430 2502 τέραν
461 2429 624 2491 θέσιν,
661 2429 772 2481 ἀλλ’
798 2433 860 2483 ὲκ
892 2432 986 2502 τῆς
1015 2432 1152 2484 κατὰ
1189 2431 1347 2499 φύσιν
1377 2431 1556 2495 αὐτοῖς
1591 2433 1823 2502 ἐνυπαρ-

266 2523 466 2591 χούσης
495 2521 840 2587 ἀκολουθίας;
872 2525 1023 2586 Τίνος
1061 2521 1150 2574 οὖν
1184 2523 1365 2575 ἕνεκεν
1396 2523 1576 2576 ἀθετεῖ
1605 2523 1702 2594 τὴν
1730 2525 1824 2578 τά-

268 2613 349 2677 ξιν
377 2613 465 2664 ἐπὶ
484 2614 617 2666 Θεοῦ
641 2615 1034 2685 λαμϐάνεσθαις
1064 2615 1323 2682 Ἡγεῖται,
1343 2617 1389 2667 εί
1413 2616 1522 2684 (40)
1543 2617 1823 2681 ἐπιδείξειε

273 2703 536 2773 μηδαμῶς
583 2704 754 2766 ἄλλως
803 2705 864 2756 τὸ
915 2705 1174 2775 πρότερον
1225 2707 1317 2758 ἐπὶ
1376 2706 1508 2758 Θεοῦ
1566 2707 1822 2773 νοεῖσθαι,

267 2797 584 2864 λειπόμενον
624 2795 784 2860 ἕξειν,
822 2799 941 2849 κατ’
974 2798 1142 2868 αὐτὴν
1171 2799 1267 2869 τὴν
1300 2799 1484 2852 οὐσίαν
1531 2801 1627 2870 τὴν
1661 2802 1826 2871 ὑπερ-

266 2889 397 2957 οχὴν
449 2887 843 2941 ἐπιδείκνυσθαι
880 2889 1010 2954 (41).
1053 2890 1242 2960 Ἡμεῖς
1267 2890 1343 2954 δὲ,
1400 2892 1537 2944 κατὰ
1591 2893 1686 2962 μὲν
1727 2892 1823 2962 τὴν

266 2979 374 3032 τῶν
439 2981 624 3034 αίτίων
686 2983 821 3053 πρὸς
868 2983 944 3035 ’τὰ
1009 2981 1067 3046 ἐξ
1126 2983 1302 3035 αὐτῶν
1369 2983 1568 3052 σχέσιν,
1633 3000 1824 3055 προτε-

266 3070 459 3138 τάχθαι
484 3071 575 3123 τοῦ
612 3072 737 3124 Υίοῦ
755 3073 844 3125 τὸν
873 3073 1093 3143 Πατέρα
1121 3072 1297 3142 φαμέν
1319 3090 1330 3102 ·
1369 3073 1506 3126 κατὰ
1527 3074 1580 3125 δὲ
1603 3073 1700 3144 τὴν
1728 3074 1824 3144 τῆς

269 3161 481 3227 φύσεως
514 3162 790 3232 διαφορὰν,
839 3164 1039 3227 οὐκέτι,
1091 3163 1208 3215 οὐδὲ
1254 3162 1390 3214 κατὰ
1436 3164 1533 3234 τὴν
1570 3166 1662 3217 τοῦ
1697 3166 1823 3235 χρό-

268 3270 360 3304 νου
407 3254 709 3324 ὑπεροχήνσ
763 3254 795 3322 ἢ
854 3253 992 3305 οὕτω
1031 3269 1094 3321 γε
1150 3255 1242 3308 καὶ
1286 3255 1415 3308 αὐτὸ
1449 3255 1579 3327 (4'2),
1615 3258 1673 3310 τὸ
1713 3260 1824 3311 Πα-

267 3346 401 3416 τέρα
456 3341 591 3398 εἶναι
646 3345 734 3397 τὸν
775 3343 926 3410 Θεὸν,
983 3344 1331 3416 ἀθετήσομεν,
1383 3350 1480 3418 τῆς
1537 3349 1672 3402 κατὰ
1723 3349 1822 3420 τὴν

266 3437 453 3489 οὐσίαν
507 3435 907 3506 ἀλλοτριότητος
947 3437 1044 3510 τὴν
1091 3438 1320 3510 φυσικὴν
1369 3441 1657 3510 συνάφειαν
1701 3440 1823 3494 ἀθε-

267 3528 486 3596 τοῦσης.

337 3616 426 3669 21.
467 3618 616 3670 Ἐπεὶ
647 3620 826 3690 μέντοι
861 3621 1217 3692 ἀφορίσασθαι
1244 3625 1372 3693 ἡμῖν
1396 3625 1486 3677 τοῦ
1509 3625 1697 3695 χρόνου
1727 3625 1824 3693 τὴν

269 3710 430 3778 φύσιν
473 3712 501 3763 ὁ
537 3712 695 3780 σοφὸς
730 3713 796 3765 τὰ
829 3714 1001 3766 πάντα
1030 3716 1296 3785 προήχθη,
1329 3718 1418 3768 καὶ
1447 3717 1674 3771 ἐνταῦθα
1714 3717 1824 3787 (45)

267 3802 434 3857 αὑτοῦ
479 3803 537 3856 τὸ
588 3803 798 3869 βέϐαιον
836 3805 925 3856 καὶ
952 3807 1416 3876 περιεσκεμμένον
1453 3808 1547 3875 τῆς
1591 3809 1826 3874 διανοίας

270 3894 488 3962 ἴδωμεν.
534 3895 736 3963 Χρόνον
762 3897 936 3948 τοίνυν
983 3894 1117 3950 εἷναί
1145 3916 1276 3968 φησι
1305 3900 1462 3952 ποιάν
1477 3917 1595 3954 τινα
1617 3901 1826 3972 κίνησιν

268 3986 546 4056 ἀστέρων’
580 3987 726 4059 ἡλίου
767 3989 1004 4059 δηλονότι
1049 3991 1140 4043 καὶ
1185 3991 1411 4061 σελήνης
1460 3995 1552 4045 καὶ
1589 3995 1696 4045 τῶν
1725 3995 1831 4047 λοι-

268 4079 408 4142 πῶν,
447 4081 587 4143 ὅσοις
633 4081 751 4133 καθ’
782 4081 947 4133 ἑαυτὰ
979 4081 1088 4150 (44)
1136 4082 1395 4134 κινεῖσθαι
1428 4083 1653 4154 δύναμίς
1688 4089 1820 4141 ἐστι.

268 4169 344 4221 Τὸ
381 4168 555 4222 τοίνυν
588 4171 694 4222 ἀπὸ
728 4171 989 4237 γενέσεως
1025 4171 1252 4241 οὐρανοῦ
1281 4173 1371 4224 καὶ
1403 4173 1505 4241 γῆς
1542 4175 1700 4243 μέχρι
1727 4175 1824 4244 τῆς

346 4372 631 4459 (δηλειιίιῐ
663 4371 847 4440 λόγους
876 4372 1150 4443 ταχθεῖσα.
1190 4374 1409 4432 Veteres
1433 4376 1666 4444 quinque
1711 4376 1829 4430 libri

270 4454 428 4506 διατα
466 4444 637 4496 θεῖσα.

341 4463 706 4585 (ᾆ8ἰΑιιιιιιιιί
754 4513 859 4566 duo
911 4513 1030 4566 libri
1081 4514 1172 4567 τοῦ
1214 4516 1472 4585 ἀριθμοῦ.
1521 4516 1671 4585 Alius
1723 4515 1828 4568 τῶν

271 4583 542 4706 αριθὸὦν.
573 4583 672 4634 Alii
704 4591 812 4636 tres
841 4599 960 4637 cum
990 4585 1146 4637 editis
1179 4583 1281 4635 τῶν
1317 4583 1648 4656 ἀριθμητῶν.

346 4653 398 4723 (5
442 4655 458 4718 )
508 4651 636 4718 Reg.
685 4654 872 4723 tertius
915 4651 975 4704 τὸ
1013 4654 1104 4723 ἀπ’
1148 4655 1332 4708 αὑτοῦ.
1378 4658 1648 4721 Aliquantt

1918 706 2044 760 ralis
2063 705 2298 774 quidem,
2321 717 2378 758 ut
2399 713 2788 767 creaturarum,
2805 702 2894 772 qui
2921 715 2986 756 cx
3010 699 3230 756 creandi
3263 699 3467 754 ratione

1916 797 2201 865 dispositus
2229 805 2329 861 est,
2361 803 2415 849 et
2443 795 2582 848 sicut
2601 792 3005 847 numerabilium
3031 792 3244 862 positio,
3263 801 3317 844 et
3335 806 3465 844 cau-

1917 901 2095 941 sarum
2132 886 2198 939 ad
2230 885 2490 954 producta
2514 886 2768 952 habitus;
2797 899 2917 940 cum
2970 898 3057 938 res
3103 884 3345 939 confessa
3375 883 3469 944 sit,

1919 977 2082 1030 Deum
2111 977 2271 1030 etiam
2311 976 2479 1045 ipsius
2506 985 2713 1030 natura:
2741 977 3070 1031 conditorem
3105 989 3225 1030 esse
3257 984 3310 1030 et
3351 976 3462 1042 opi-

1920 1067 2093 1120 licem.
2128 1065 2475 1134 Excogitatus
2509 1066 2668 1136 232
2707 1082 2835 1120 vero
2858 1076 2910 1120 et
2935 1067 3253 1128 artificialis,
3282 1075 3338 1118 ut
3361 1065 3466 1129 ille,

1919 1157 2006 1225 qui
2042 1157 2463 1225 deprehenditur
2512 1159 2562 1210 in
2612 1158 3034 1226 probationibus,
3067 1157 3117 1210 in
3151 1158 3467 1227 disciplinis.

1923 1249 1974 1301 in
2007 1249 2389 1318 dignitatibus,
2424 1249 2477 1302 in
2513 1264 2736 1301 numero
2783 1258 2836 1300 et
2883 1249 3098 1316 reliquis
3142 1249 3468 1318 huiusmodi.

1926 1341 2220 1394 Eunomius
2256 1341 2440 1411 itaque
2471 1341 2661 1397 horum
2711 1343 2891 1411 priore
2921 1343 3213 1408 ocenltato,
3263 1341 3331 1396 de
3383 1355 3470 1394 se-

1923 1432 2098 1485 eundo
2128 1432 2333 1486 ordinis
2366 1447 2560 1502 genere
2587 1433 2712 1486 fecit
2743 1433 3063 1487 mentionem
3092 1450 3106 1498 ;
3154 1433 3333 1499 aitque
3367 1447 3471 1484 non

1922 1533 2170 1589 oportere
2200 1524 2378 1576 dicere
2409 1523 2462 1575 in
2491 1523 2598 1576 Deo
2626 1521 2868 1575 ordinem
2899 1535 3038 1587 esse,
3071 1520 3324 1589 quoniam
3341 1524 3475 1574 ordo

1924 1613 2208 1666 ordinante
2237 1614 2502 1680 neaterior
2546 1622 2647 1670 est.
2693 1613 2822 1666 lllnd
2855 1627 2982 1667 vero
3003 1621 3092 1666 aut
3123 1626 3225 1665 non
3262 1611 3470 1666 intelle-

1925 1703 2022 1768 xit,
2061 1711 2150 1754 aut
2185 1703 2326 1756 ultro
2354 1703 2611 1764 occuluit,
2633 1705 2896 1771 quoddam
2923 1702 3127 1757 ordinis
3152 1716 3271 1757 esse
3286 1717 3472 1772 genus,

1927 1810 2030 1848 non
2068 1802 2248 1846 nostra
2283 1795 2633 1848 constitutum
2685 1795 3042 1857 ordinatione,
3079 1797 3171 1847 sed
3227 1794 3343 1863 ipsa
3377 1809 3472 1847 ne-

1929 1885 2259 1939 cessitndine
2318 1885 2545 1938 naturali
2597 1885 2937 1950 contingens,
2979 1898 3085 1953 quo
3112 1899 3171 1939 se
3202 1886 3360 1939 modo
3388 1884 3480 1938 ha-

1927 1976 2056 2029 bent
2086 1976 2223 2045 ignis
2250 1984 2304 2028 et
2338 1977 2450 2040 lux,
2475 1990 2593 2044 quae
2626 1991 2692 2029 ex
2717 1977 2830 2045 ipso
2855 1985 2956 2030 est.
2994 1976 3128 2030 Nam
3171 1975 3223 2029 in
3262 1975 3328 2030 iis
3355 1988 3478 2028 can-

1927 2081 2039 2120 sam
2077 2069 2308 2136 priorem
2336 2083 2453 2122 esse
2496 2069 2724 2122 dicimus
2751 2088 2765 2123 :
2803 2069 3071 2138 posterius
3100 2082 3227 2123 vero
3258 2068 3310 2124 id
3334 2068 3476 2138 quod

1926 2159 1994 2212 ab
2017 2159 2126 2226 ipsa
2161 2169 2263 2224 est,
2304 2173 2406 2212 non
2462 2159 2743 2214 intervallo
2773 2161 2882 2214 haec
2931 2175 2959 2212 a
2995 2175 3051 2214 se
3082 2159 3306 2213 invicem
3347 2161 3472 2214 diri-

1928 2256 2152 2312 mentes,
2190 2249 2282 2303 sed
2306 2249 2628 2318 cogitatione
2677 2263 2893 2302 causam
2950 2259 3076 2303 ante
3120 2247 3366 2304 eiectum
3398 2250 3479 2302 iii-

1928 2337 2244 2409 telligentes.
2274 2340 2518 2405 Quonam
2562 2340 2728 2408 igitur
2782 2350 2937 2407 pacto
2971 2339 3161 2394 rationi
3192 2349 3478 2393 consenta-

1928 2446 2084 2485 neum
2126 2429 2308 2494 fuerit,
2332 2431 2574 2486 ordinem
2604 2431 2655 2484 in
2697 2432 2764 2486 iis
2803 2446 3020 2501 negare,
3059 2432 3112 2485 in
3156 2433 3350 2498 quibus
3397 2441 3480 2485 est

1928 2526 2076 2593 prius
2102 2535 2156 2580 et
2196 2526 2479 2594 posterius,
2515 2539 2616 2578 non
2652 2539 2717 2579 ex
2746 2535 2932 2578 nostra
2968 2523 3346 2593 dispositione,
3383 2525 3476 2577 sed

1928 2630 1996 2668 ex
2030 2614 2261 2668 naturali
2297 2615 2524 2682 quadam
2556 2631 2732 2669 rerum
2767 2613 3195 2669 consecutione?
3235 2613 3344 2669 Cur
3381 2613 3478 2684 igi-

1932 2716 2017 2760 tur
2049 2706 2253 2760 fastidit
2280 2707 2524 2761 ordinem
2571 2707 2622 2760 in
2652 2708 2761 2762 Deo
2783 2707 3106 2761 admittere?
3145 2707 3475 2769 Arhitratur,

1928 2800 1972 2854 si
2001 2800 2299 2854 ostenderit
2325 2815 2428 2855 non
2463 2799 2621 2854 aliter
2645 2799 2793 2868 prius
2834 2799 2887 2852 in
2929 2800 3037 2855 Deo
3071 2800 3316 2870 intelligi,
3352 2801 3477 2854 reli-

1928 2906 2091 2959 quum
2125 2905 2184 2945 se
2217 2891 2545 2954 habiturum,
2581 2891 2632 2944 in
2669 2892 2777 2959 ipsa
2798 2891 3005 2945 scilicet
3021 2892 3315 2946 substantia
3342 2906 3478 2960 prae-

1928 2983 2179 3036 stantiam
2210 2983 2591 3040 demonstrari.
2615 2980 2723 3037 Nos
2753 2991 2953 3045 autem,
2986 2997 3082 3051 pro
3123 2983 3307 3037 habitu
3342 2997 3474 3036 cau-

1928 3090 2109 3130 sarum
2141 3075 2206 3129 ad
2233 3089 2295 3129 ea
2322 3089 2441 3144 quae
2477 3089 2543 3129 ex
2584 3073 2716 3143 ipsis
2746 3085 2891 3140 sunt,
2933 3073 3142 3128 Patrem
3173 3073 3308 3128 Filio
3341 3089 3478 3142 pra:-

1938 3168 2060 3237 poni
2097 3168 2324 3222 dicimus
2357 3186 2369 3221 :
2397 3178 2449 3222 at
2479 3183 2607 3222 vero
2634 3169 2924 3221 secundum
2963 3176 3164 3222 naturze
3193 3167 3475 3221 diversita-

1849 3299 1894 3357 ο
1931 3269 2057 3324 tem,
2084 3276 2185 3314 non
2222 3261 2368 3324 item,
2394 3275 2564 3330 neque
2581 3262 2870 3315 secundum
2895 3259 3145 3328 temporis
3165 3272 3474 3314 excessum:

1926 3351 2158 3420 alioquin
2193 3351 2294 3404 hoc
2327 3362 2484 3420 pacto
2531 3353 2691 3404 etiam
2723 3350 2886 3403 Deum
2931 3348 3140 3402 Patrem
3173 3362 3290 3401 esse
3317 3361 3476 3417 nega-

1927 3442 2140 3509 bimus;
2203 3457 2325 3497 cum
2381 3442 2634 3497 alienatio
2663 3457 2779 3510 qtae
2810 3442 2861 3494 in
2894 3440 3128 3495 essentia
3163 3442 3428 3510 reperitur
3458 3480 3473 3504 ,

1928 3535 2359 3606 coniunctionem
2393 3535 2689 3591 naturalem
2724 3534 2953 3588 aboleat.

1997 3627 2086 3680 ει.
2116 3627 2218 3680 Sed
2246 3627 2496 3695 quoniam
2521 3627 2623 3681 huc
2652 3626 2739 3678 ille
2769 3625 2820 3677 in
2844 3625 3092 3679 omnibus
3114 3623 3327 3692 sapiens
3361 3637 3475 3693 pro-

1934 3733 2153 3789 gressus
2181 3728 2285 3781 est,
2324 3718 2479 3772 nobis
2510 3726 2564 3770 ut
2585 3717 2833 3770 deﬁniret
2853 3716 3108 3785 temporis
3127 3724 3393 3778 naturam,
3419 3725 3475 3767 et

1925 3814 2009 3866 hic
2045 3827 2204 3881 quam
2242 3811 2415 3874 ﬁrma,
2450 3824 2609 3879 quam
2649 3810 3036 3879 circumspecta
3063 3808 3131 3862 sit
3164 3821 3317 3860 mens
3337 3807 3472 3876 ejus,

1923 3904 2216 3956 videamus.
2247 3900 2480 3971 Tempus
2496 3915 2622 3972 ergo
2649 3913 2852 3956 certum
2887 3901 3171 3971 quemdam
3201 3898 3471 3956 stt-diarum

1923 4006 2124 4050 motum
2159 4009 2278 4050 esse
2299 3995 2449 4061 dicit,
2491 3995 2619 4050 solis
2641 3995 2886 4048 videlicet
2916 4005 2968 4048 et
2994 3996 3130 4048 luna;
3153 4008 3216 4047 ac
3247 3993 3476 4062 reliqua-

1929 4101 2068 4148 rum,
2107 4087 2301 4156 quibus
2342 4089 2481 4142 inest
2537 4102 2646 4155 qua
2690 4101 2788 4154 per
2840 4099 2897 4139 se
2932 4093 3266 4138 moveantur.
3307 4081 3477 4136 luter-

1931 4178 2125 4233 vallum
2168 4181 2329 4250 igitur
2359 4179 2500 4248 quod
2532 4180 2598 4232 ab
2623 4178 2829 4247 origine
2857 4177 3046 4233 cmliel
3066 4185 3222 4232 terra:
3255 4174 3320 4229 ad
3343 4174 3473 4229 stel-

2007 4376 2114 4446 (44)
2157 4377 2288 4430 Editi
2317 4393 2435 4430 cum
2470 4377 2596 4444 Reg.
2625 4377 2854 4430 secundo
2881 4377 3025 4438 ὅσοις
3048 4375 3104 4426 έν
3130 4372 3306 4436 ἄλλοις
3337 4375 3476 4446 κατὰ

1935 4444 2137 4500 τούτων
2173 4446 2294 4500 καθ’
2340 4447 2506 4501 ἑαυτά
2532 4460 2546 4498 :
2582 4448 2720 4515 quod
2749 4447 2874 4514 quin
2921 4447 3169 4498 vitiosum
3197 4446 3288 4509 sit,
3318 4444 3474 4515 dubi-

1936 4520 2036 4570 tari
2072 4535 2174 4571 non
2221 4527 2412 4584 potest.
2459 4519 2521 4569 Et
2565 4513 2712 4570 certe
2761 4513 3086 4578 hominibus,
3123 4516 3212 4582 qui
3259 4513 3476 4584 paulum

1937 4591 2092 4641 modo
2121 4591 2171 4640 in
2205 4589 2303 4640 hoc
2332 4588 2622 4641 studiorum
2656 4600 2849 4652 genere
2876 4587 3071 4639 versati
3100 4591 3249 4648 sunt,
3277 4585 3477 4637 erroris

508 4651 636 4718 Reg.
685 4654 872 4738 tertius
915 4651 975 4704 τὸ
995 4654 1104 4738 ’ἀπ’
1148 4633 1666 4738 αὑτοῦ.“ΓΑΙῖιιξι;ιιιιο
1711 4667 1826 4724 post
1863 4633 1902 4684 θ
1931 4633 2152 4738 causam
2178 4633 2426 4725 detegere
2455 4633 2684 4738 dillicile"
2705 4670 2808 4709 non
2837 4664 2937 4709 est.
2964 4655 3188 4709 Caecutit
3215 4633 3367 4738 enim
3384 4654 3473 4720 qui

273 4721 442 4795 code;
475 4739 610 4795 unus
637 4721 893 4795 πρότερον
925 4725 1017 4795 καὶ
1048 4722 1267 4795 ὕστερον
1298 4727 1356 4777 οὺ
1389 4726 1544 4779 κατὰ.

341 4793 452 4862 (40)
493 4792 604 4853 illa,
636 4791 865 4860 ἡγεῖται,
897 4793 965 4857 εί,
1000 4791 1376 4861 etc.,.possnnt
1428 4794 1671 4850 fortassis
1723 4795 1825 4849 hoc

269 4865 430 4915 modo
473 4862 732 4933 intelligi:
766 4862 1056 4933 Eunomins
1095 4865 1195 4917 sibi
1244 4865 1452 4918 videtur
1496 4867 1823 4933 propositum

268 4943 560 5004 assecutus
593 4931 787 5004 fuisse,
816 4932 860 5004 si
898 4935 1238 4998 probaverit,
1286 4931 1539 5004 quidquid
1576 4931 1722 5002 prius
1773 4936 1823 4988 in

270 5002 381 5056 Deo
411 5001 728 5066 concipitur,
777 5002 827 5055 id
863 5005 1167 5073 necessario
1199 5005 1342 5073 prius
1376 5001 1495 5059 esse
1530 5001 1587 5058 et
1610 5020 1742 5063 aevo,
1772 5014 1826 5056 et

271 5084 542 5140 tempore,
584 5080 638 5123 et
682 5073 888 5128 ordine.
944 5072 1048 5125 Sed
1098 5073 1204 5126 falli
1259 5089 1379 5127 eum
1426 5084 1655 5128 constat.
1711 5074 1820 5128 Etsi

267 5144 413 5195 enim
448 5141 613 5193 Filius
641 5142 848 5194 dicatur
883 5143 1148 5209 posterior
1182 5159 1300 5198 esse
1327 5146 1535 5206 ordine,
1570 5145 1690 5197 inde
1717 5161 1820 5198 non

267 5212 500 5266 ellicitur
535 5225 652 5263 eum
690 5220 780 5262 aut
815 5212 959 5265 Patri
993 5227 1109 5266 esse
1139 5214 1474 5278 dissimilem,
1504 5225 1594 5267 aut
1627 5227 1690 5266 eo
1731 5232 1824 5282 po-

265 5285 552 5353 steriorem
581 5294 697 5332 esse
722 5290 876 5334 aetate
901 5291 955 5335 et
982 5293 1236 5352 tempore.
1264 5283 1394 5353 Reg.
1421 5286 1607 5339 tertius
1628 5283 1820 5350 οἴεται,

265 5353 316 5404 εἰ
347 5350 650 5414 ἐπιδείξειε.

493 5421 837 5496 godexmnus
861 5419 1131 5491 ὑπεροχὴν
1157 5422 1490 5496 θεωρεῖσθαι.

337 5489 450 5559 (42)
491 5491 641 5560 Illud,
669 5490 701 5559 ἢ
731 5490 868 5542 οὕτω
895 5489 981 5557 γε,
1002 5489 1139 5560 οισι,
1163 5495 1239 5547 sic
1267 5489 1646 5560 interpretatur
1671 5493 1822 5548 Cont-

269 5557 517 5621 belisius,
548 5557 844 5627 Ηοείηιιοίί
879 5571 952 5614 est
983 5559 1145 5612 Deum
1181 5561 1390 5616 Patrem
1410 5557 1548 5625 esse,
1590 5566 1821 5617 destrue-

262 5649 406 5685 mus.
437 5630 494 5684 ln
529 5643 633 5696 qno
662 5633 874 5697 quidem
911 5631 1377 5702 reprehendendus
1413 5650 1514 5686 non
1544 5643 1645 5696 est,
1679 5637 1818 5702 quod

264 5716 379 5770 rem
412 5716 516 5754 non
542 5702 872 5770 expresserit
903 5720 916 5755 :
950 5701 1064 5765 sed,
1106 5702 1246 5770 quod
1278 5701 1483 5758 locutus
1527 5703 1597 5756 sit
1645 5701 1820 5758 minus

263 5768 473 5835 Latine,
506 5767 556 5822 id
588 5778 688 5832 est,
714 5785 811 5823 suo
843 5787 1008 5825 more.

337 5841 448 5910 (45)
484 5840 702 5916 Editiet
729 5839 862 5916 Reg:
885 5841 1100 5910 quintus
1126 5843 1219 5898 καὶ
1247 5842 1512 5898 ἐντεῦθεν.
1541 5845 1640 5900 Alii
1672 5846 1820 5916 quiu-

264 5926 370 5977 (ωε
403 5927 530 5967 mss.
558 5911 649 5963 καὶ
677 5911 928 5970 ἐνταῦθα.

1928 4743 2033 4779 non
2067 4727 2209 4778 videt
2256 4721 2492 4778 eri-orem
2527 4726 2650 4779 hinc
2683 4735 2927 4778 exortum
2967 4739 3106 4786 esse,
3137 4723 3276 4791 quod
3315 4721 3476 4776 libra-

1927 4796 2038 4848 rius
2078 4796 2268 4862 aliquis
2299 4796 2404 4857 illa,
2435 4795 2492 4848 ὲν
2525 4795 2704 4858 ἄλλοις
2747 4796 2888 4848 κατὰ
2925 4793 3146 4856 τούτων,
3179 4794 3228 4844 in
3258 4807 3350 4846 ora
3393 4795 3474 4846 sui

1926 4864 2046 4916 libri
2071 4867 2392 4933 scripsisset,
2409 4876 2465 4917 ut
2489 4875 2832 4919 monerentnr
2848 4865 2935 4931 qui
2964 4867 3218 4931 legerent,
3233 4877 3330 4931 pro
3351 4862 3474 4916 καθ’

1928 4935 2093 4987 ἑαυτά
2138 4937 2393 5002 scriptum
2439 4936 2662 5004 inveniri
2711 4935 2760 4987 in
2797 4935 2915 4989 aliis
2954 4934 3268 5004 quibusdam
3297 4947 3476 4984 excut-

1927 5005 2163 5072 plaribus
2199 5005 2338 5057 κατὰ
2383 5003 2585 5056 τούτων
2615 5021 2629 5057 :
2662 5020 2725 5057 ex
2763 5019 2868 5071 quo
2907 5003 3155 5072 contigit,
3201 5012 3258 5072 ut
3306 5011 3473 5055 totum

1928 5071 2078 5137 illud,
2110 5077 2166 5127 ἐν
2199 5075 2375 5135 ἄλλοις
2409 5075 2548 5126 κατὰ
2587 5075 2809 5138 τούτων,
2849 5088 2914 5128 ex
2960 5071 3078 5126 libri
3125 5086 3218 5124 ora
3250 5071 3302 5124 in
3347 5087 3476 5124 con-

1927 5153 2125 5199 textum
2177 5144 2473 5212 irrepserit.
2505 5144 2860 5198 Combelisius
2890 5144 2999 5194 vitii
3036 5141 3233 5210 aliquid
3278 5142 3328 5193 in
3373 5144 3472 5193 ini-

1925 5214 2126 5283 pressis
2159 5212 2309 5267 libris
2345 5216 2568 5270 subesse
2615 5215 3063 5283 animadverterat
3093 5212 3475 5283 quidemised

1924 5279 2048 5335 dum
2103 5285 2242 5338 hunc
2295 5285 2467 5338 locum
2515 5287 2586 5336 ita
2633 5283 2965 5345 emendavit,
3012 5279 3155 5344 ὅσοις
3198 5280 3262 5333 ἂν
3297 5279 3476 5343 ἄλλοις

1925 5353 2062 5405 κατὰ
2105 5353 2325 5417 τούτους
2363 5353 2483 5406 καθ’
2511 5353 2696 5415 ἑαυτά,
2731 5354 2899 5421 magis
2944 5354 3104 5405 etiam
3132 5365 3251 5404 eum
3285 5365 3474 5421 corru-

1923 5428 2020 5492 pit.
2049 5424 2170 5477 Hazc
2198 5437 2372 5477 autem
2403 5434 2567 5487 recte,
2598 5433 2654 5475 ut
2687 5420 2924 5490 putabat,
2953 5422 3228 5474 emendata
3261 5420 3339 5474 sic
3363 5435 3474 5492 ver-

1924 5491 2064 5548 terat
2093 5513 2104 5546 :
2139 5495 2196 5548 Si
2228 5510 2342 5565 qua?
2373 5494 2491 5565 alia:
2524 5505 2675 5565 sunt,
2714 5494 2899 5562 quibus
2934 5503 2989 5565 ut
3034 5492 3138 5554 his,
3179 5506 3302 5565 anu1
3345 5491 3473 5565 ipsis

1922 5579 2090 5618 motus
2122 5566 2196 5618 vis
2241 5559 2498 5627 competit.
2538 5559 2760 5617 Codices
2795 5574 2905 5614 tres
2937 5562 3082 5624 ὅσοις
3131 5559 3252 5614 καθ’
3282 5560 3468 5613 ἑαυτά.

1921 5635 2023 5689 Alii
2065 5637 2280 5688 totidem
2333 5633 2476 5695 ὅσοις
2527 5633 2646 5687 καθ’
2689 5630 2929 5693 ἑαυτούς.
2982 5632 3141 5685 Certe
3193 5640 3310 5683 utro
3353 5630 3474 5696 quis

1923 5705 2078 5759 modo
2110 5703 2318 5772 legerit,
2365 5716 2709 5770 peccaturum
2744 5719 2864 5755 eum
2915 5716 3020 5756 non
3068 5711 3215 5770 puto.
3269 5697 3470 5772 Sed_st

1921 5773 2066 5842 legas
2104 5768 2224 5827 καθ’
2255 5768 2452 5836 ἑαυτά,
2498 5776 2683 5844 stipple
2725 5773 2897 5844 ἄστρα
2924 5790 2937 5827 :
2969 5773 3013 5828 si
3047 5768 3191 5841 legas
3220 5768 3472 5833 ἑαυτούς,

1921 5847 2102 5915 supple
2130 5844 2379 5916 ἀστέρας.
