4230 6512
256 447 358 505 56!

1342 447 1708 503 ADVERSUS
1746 447 2103 504 EUNOMIUM
2142 437 2268 504 uti.
2307 447 2348 504 ι.

3363 450 3467 505 562

256 578 315 618 τι
346 565 410 633 τῇ
440 561 596 633 οὐσίᾳ
623 561 716 614 τοῦ
747 561 880 615 Θεοῦ
905 563 1146 627 δυνατὸν,
1180 558 1288 617 οἷον
1312 559 1471 628 εἶδος,
1505 565 1538 634 ἢ
1572 565 1753 632 ὄγκον,
1780 565 1812 636 ἢ
1842 576 1881 632 Α

1780 565 1812 636 ἢ
1842 576 1886 632 Α
1915 569 2202 636 quidquam
2232 567 2282 620 in
2324 564 2419 620 Dei
2464 563 2754 620 substantia
2802 565 3049 627 exsistat,
3073 559 3218 618 velut
3269 562 3466 632 forma,

261 655 614 726 πηλικότητα,
653 654 742 706 διὰ
771 655 831 706 τὸ
861 655 1032 727 πάντη
1059 657 1329 726 συνθήκης
1367 656 1647 728 ἐλεύθερον
1672 653 1810 709 εἶναι

255 746 350 798 τὸν
377 744 525 799 Θεόν.
555 746 616 797 Εἰ
641 745 697 798 δὲ
721 746 920 800 τούτων
944 750 1032 801 καὶ
1055 747 1161 800 τῶν
1188 749 1440 801 τοιούτων
1465 766 1514 800 τι
1541 748 1650 817 (55)
1674 750 1810 819 μήτε

256 835 378 888 ἐστὶ
407 837 543 906 μήτε
583 836 709 888 ποτὲ
741 837 934 905 γένοιτ’
965 837 1028 890 ἂν
1059 837 1249 905 εὐαγὲς
1296 838 1574 907 ἐπινοῆσαι
1601 854 1812 906 συμπε-

260 927 562 998 πλεγμένον
586 931 653 1000 τῇ
679 930 833 999 οὐσίᾳ
855 929 945 982 τοῦ
979 929 1110 982 Θεοῦ
1145 930 1277 998 (56),
1313 932 1462 992 ποῖος
1491 929 1570 981 ἔτι
1593 945 1808 998 συγχω-

263 1021 420 1089 ρήσει
451 1020 604 1089 λόγος
642 1022 778 1092 πρὸς
803 1024 900 1090 τὴν
927 1021 1216 1090 ἀγέννητον
1244 1021 1461 1092 ὁμοιοῦν
1497 1021 1595 1092 τὴν
1623 1037 1812 1091 γεννηο

258 1113 395 1182 τήν;
418 1113 514 1183 τῆς
548 1115 666 1167 κατ’
693 1113 874 1166 οὐσίαν
906 1113 1014 1183 (57)
1043 1114 1424 1185 ὀμοιότητος,ἢ
1456 1114 1808 1185 συγκρίσεως,

257 1201 294 1273 ἢ
336 1205 638 1268 κοινωνίας,
687 1205 950 1274 μηδεμίαν
988 1207 1259 1276 ὑπεροχὴν
1293 1207 1324 1275 ἢ
1357 1205 1612 1276 διαφορὰν
1644 1223 1811 1259 καταο

257 1295 542 1366 λιπούσης,
589 1297 804 1367 ἰσότητα
832 1297 886 1350 δὲ
927 1298 1108 1365 σαφῶς
1141 1297 1533 1368 ἐργαζομένης,
1585 1297 1720 1367 μετὰ
1755 1297 1811 1350 δὲ

256 1388 360 1458 τῆς
391 1388 626 1457 ἰσότητος
661 1388 951 1458 ἀγέννητον
982 1387 1381 1459 ἁποφαινούσης
1407 1389 1497 1440 τὸν
1524 1386 1811 1458 ὁμοιούμε-

257 1495 372 1539 νον,
401 1479 432 1549 ἢ
464 1479 900 1549 συγκρινόμενον.
941 1479 1125 1541 Οὐδεὶς
1156 1478 1212 1532 δὲ
1251 1478 1422 1543 οὐτως
1449 1478 1560 1549 (58)
1589 1481 1809 1549 ἀνόητος

257 1571 353 1622 καὶ
401 1568 532 1636 πρὸς
579 1570 831 1623 ἀσέϐειαν
857 1569 1143 1640 τολμηρὸς,
1188 1569 1325 1622 ὥστε
1379 1571 1489 1622 ἴσον
1521 1572 1693 1622 είπεῐν
1731 1570 1808 1640 τῷ

259 1659 434 1728 Harp".
460 1660 548 1712 τὸν
578 1660 722 1723 Υἰύν,
752 1661 913 1714 αὐτοῦ
937 1662 1028 1714 τοῦ
1059 1663 1262 1733 Κυρίου
1305 1661 1599 1733 διαρρήδην
1633 1661 1808 1713 εἰπόν-

254 1769 367 1813 τος·
413 1752 464 1803 '0
505 1754 701 1822 Πατὴρ
738 1758 769 1808 ὀ
816 1755 1054 1824 πέμψας
1111 1772 1188 1824 με
1219 1754 1428 1823 μείζων
1460 1772 1578 1822 μου
1638 1753 1805 1806 ἐστι·

257 1842 352 1893 καὶ
387 1841 544 1895 πάλιν
593 1845 708 1913 μετ’
737 1843 911 1911 ὀλίγα.
959 1844 1092 1896 Ἀλλ’
1117 1845 1197 1897 ὅτι
1243 1845 1340 1912 μὲν
1371 1838 1450 1906 οἷς
1481 1845 1508 1894 ὁ
1537 1843 1646 1897 τῶν
1673 1845 1809 1898 πάν-

253 1951 365 1985 των
385 1932 514 1996 Θεὸς
541 1936 831 2005 ἀγέννητος
861 1937 951 1988 καὶ
974 1935 1319 2006 ἀσύγκριτος,
1356 1936 1612 1988 πλειόνων
1642 1937 1808 1988 ὄντων
1843 1925 1881 1975 Β

253 2025 368 2078 τῶν
419 2027 960 2098 παραλελειμμένων,
1013 2028 1257 2097 ἀποχρῆν
1308 2029 1544 2100 ἡγοῦμαι
1599 2029 1692 2080 καὶ
1745 2027 1812 2080 τὰ

257 2118 490 2188 ρηθέντα
521 2121 652 2190 πρὸς
674 2121 956 2184 ἀπόδειξιν.

328 2210 474 2264 ΒΑΣ.
514 2213 678 2264 Ὅταν
708 2212 848 2275 τινος
874 2211 1136 2266 ἅπτεσθαι
1176 2212 1338 2283 μέλλῃ
1373 2213 1605 2284 πονηροῦ
1631 2211 1809 2279 λόγου,

256 2301 629 2372 προλαμϐάνει
662 2302 771 2373 (59)
826 2305 946 2358 τινὰ
998 2305 1418 2376 συγχωρούμενα
1476 2305 1626 2375 παρά
1673 2304 1809 2356 πάν-

253 2413 385 2460 των,
411 2396 498 2449 ἵνα
526 2395 614 2448 διὰ
635 2397 732 2466 τῆς
763 2398 819 2451 ἐν
841 2399 1046 2462 τούτοις
1075 2398 1485 2468 εὐγνωμοσύνης
1519 2399 1651 2467 μηδὲ
1687 2396 1811 2466 περὶ

254 2489 364 2542 τῶν
399 2488 597 2544 λοιπῶν
627 2493 940 2563 ἀπιστῆται.
975 2494 1138 2545 Οὐδὲν
1199 2494 1329 2561 (60),
1366 2491 1546 2560 φησιν,
1592 2485 1701 2543 οἷόν
1752 2507 1811 2542 τε

255 2581 581 2654 ἐνυπάρχειν
603 2585 694 2638 τοῦ
711 2586 842 2638 Θεοῦ
873 2589 937 2655 τῇ
965 2585 1139 2654 οὐσίᾳ,
1158 2585 1278 2637 οὐτε
1301 2580 1454 2648 εἶδος,
1479 2582 1598 2636 οὐτε
1626 2583 1807 2652 ὄγκον,

255 2673 380 2728 οὐτε
409 2677 762 2746 πηλικότητα,
809 2676 895 2730 διὰ
926 2677 985 2729 τὸ
1026 2677 1199 2747 πάντη
1235 2677 1503 2746 συνθήκης
1535 2676 1809 2746 ἐλεύθερον

257 2762 394 2818 εἶναι
427 2765 514 2817 τὸν
553 2766 700 2818 Θεόν.
740 2767 911 2836 Μέχρι
941 2768 1139 2820 τούτων
1165 2771 1308 2820 ἐστὶν
1337 2767 1646 2836 εὐγνώμων·
1677 2768 1733 2818 ὲν
1757 2767 1812 2819 δὲ

257 2858 368 2916 τοῖς
395 2855 519 2925 ἑξῆς
552 2857 629 2918 εἰς
657 2858 840 2910 ἑαυτὸν
865 2859 1181 2930 ἐπανῆλθεν.
1231 2859 1317 2920 Ὠς
1357 2859 1463 2929 γὰρ
1504 2857 1809 2924 ἀναγκαίως

255 2945 780 3014 τοῖςπροεκτεθεῖσιν
801 2951 1068 3020 ἑπομένην
1098 2951 1194 3021 τὴν
1230 2950 1571 3020 βλασςημίαν
1601 2951 1814 2999 ἐπισυν-

259 3033 440 3099 άπτει,
502 3033 669 3104 λέγων
725 3039 786 3090 Ei
838 3039 892 3090 δὲ
931 3039 1128 3091 τούτων
1167 3039 1258 3090 καὶ
1310 3037 1415 3086 τῶν
1465 3034 1714 3086 τοιούτων
1761 3049 1810 3083 τι

241 3127 400 3198 ’μήτε
451 3127 587 3192 ἐστὶ,
633 3130 886 3198 μηδέποτ’
919 3130 982 3182 ἂν
1036 3130 1242 3194 γένοιτο
1293 3126 1486 3189 εὐαγὲς
1531 3123 1812 3193 ἐπινοῆσαι

261 3220 742 3288 συμπεπλεγμένον
771 3223 832 3288 τῇ
851 3218 1021 3288 οὐσίᾳ,
1051 3217 1132 3281 τίς
1157 3215 1666 3288 συγχωρήσειλόγος
1700 3216 1807 3286 (61)

259 3311 397 3382 πρὸς
428 3311 523 3382 τὴν
569 3311 855 3378 ἀγέννητον
902 3309 1118 3380 ὁμοιοῦν
1167 3313 1262 3382 τὴν
1315 3312 1610 3380 γεννητήνς
1649 3309 1807 3360 Ποίαν

257 3403 574 3457 ἀκολουθίαν
598 3402 708 3472 ἔχει
721 3402 890 3456 ταῦτα
906 3405 1038 3475 πρὸς
1056 3405 1275 3474 ἄλληλα,
1295 3407 1342 3456 εί
1366 3401 1652 3464 ἀσύνθετός
1670 3403 1813 3452 ἐστιν

256 3498 286 3547 ὁ
331 3495 480 3557 Θεὸς,
516 3494 857 3547 ἀνεπίδεκτον
892 3493 1026 3548 εἶναι
1063 3497 1152 3548 τὸν
1183 3497 1306 3548 Υἱύν
1338 3495 1439 3564 τῆς
1469 3492 1602 3564 πρὸς
1651 3491 1814 3542 αὐτὸν

259 3586 612 3656 ὀμοιότητος;
644 3589 775 3641 Είπὲ
804 3589 940 3658 γάρ·
976 3589 1093 3655 οὐχὶ
1133 3588 1188 3639 δὲ
1220 3587 1311 3639 καὶ
1346 3588 1408 3638 σὺ
1437 3587 1524 3638 τὸν
1556 3585 1679 3638 Υίὸν
1710 3601 1815 3637 πα-

267 3678 581 3749 ραπλησίως
613 3682 754 3749 ἐρεῖς
785 3682 917 3749 μῇτε
949 3676 1104 3740 εἶδος,
1145 3678 1279 3748 μήτε
1314 3677 1474 3745 ὄγκον
1514 3676 1647 3746 (62),
1681 3679 1815 3747 μήτε

259 3774 596 3844 πηλικότητα
647 3777 787 3846 ἔχειν
822 3779 878 3829 ἐν
926 3775 1135 3846 ἐαυτῷ,
1172 3777 1264 3827 καὶ
1319 3775 1491 3844 πάντη
1548 3771 1815 3843 συνθήκης

259 3868 543 3938 ἐλεύθερον
577 3863 746 3934 siuet;

333 4049 420 4101 25.
464 4044 604 4114 Ἐγὼ
641 4048 738 4116 μὲν
769 4048 874 4119 γὰρ
907 4050 1026 4100 οὐδὲ
1057 4067 1290 4118 μανεντα
1331 4067 1388 4102 σε
1419 4050 1657 4121 ἡγοῦμαί
1689 4067 1814 4103 ποτε

259 4140 552 4209 τολμήσειν
578 4139 703 4193 ἀλλο
730 4158 780 4193 τι
814 4144 984 4194 εἰπεῖν
1027 4142 1117 4195 τὸν
1149 4143 1272 4194 Υἱὸν
1304 4143 1336 4212 ἢ
1385 4143 1670 4212 ἀσώματον
1725 4144 1816 4196 καὶ

267 4229 505 4284 ἀνείδεον
533 4229 627 4281 καὶ
678 4231 1096 4302 ἀσχημάτιστον,
1133 4233 1225 4284 καὶ
1272 4234 1445 4285 πάντα
1495 4235 1699 4304 ὅσαπερ
1752 4233 1816 4286 ἂν

265 4322 358 4374 ἐπὶ
383 4321 474 4374 τοῦ
519 4322 726 4393 Ila-:96;
755 4322 944 4386 εἴποις.
980 4323 1103 4386 Πῶς
1128 4319 1219 4377 οὖν
1249 4324 1348 4377 οὐκ
1373 4323 1589 4386 εὐσεϐὲς
1622 4324 1710 4376 τὸν
1743 4323 1814 4394 μὴ

267 4417 461 4484 ἔχοντα
494 4410 628 4478 εἶδος
663 4417 739 4485 τῷ
770 4414 906 4479 εἶδος
943 4417 1016 4486 μὴ
1059 4417 1230 4487 ἔχοντι
1267 4417 1629 4488 παραϐάλλειν
1659 4416 1764 4486 (63)
1799 4432 1814 4476 ;

264 4507 360 4557 καὶ
400 4507 491 4559 τὸν
525 4507 596 4577 μὴ
633 4507 821 4575 ἔχοντα
870 4507 1206 4577 πηλικότητα
1249 4508 1325 4576 τῷ
1367 4509 1438 4578 μὴ
1487 4509 1657 4577 ἔχοντι
1692 4507 1817 4560 ταύ-

263 4615 402 4667 την;
456 4600 546 4651 καὶ
592 4598 682 4650 τὸν
727 4597 1012 4652 ἀσύνθετον
1065 4599 1198 4662 ὅλως
1245 4599 1322 4668 τῷ
1383 4599 1702 4668 ἁσυνθέτῳ;

339 4755 358 4786 ³
388 4751 542 4808 Joan.
587 4772 697 4820 inv,
728 4757 816 4810 28.

266 4895 473 4960 legatur
497 4892 667 4946 οὐδέν.
687 4893 998 4946 Addidimus
1026 4892 1187 4959 igitur
1209 4907 1270 4944 ex
1299 4891 1378 4943 his
1402 4891 1551 4944 libris
1576 4891 1814 4944 voculam

264 4963 339 5019 τί.
373 4962 556 5029 sicque
587 4963 918 5030 interpretati
943 4978 1128 5015 sumus
1154 4981 1166 5014 :
1192 4962 1373 5029 Atqui.
1403 4961 1593 5028 inquit,
1616 4977 1675 5012 ne
1703 4963 1814 5026 ﬁeri

263 5033 470 5102 quidem
496 5043 678 5103 potest,
706 5044 758 5086 ut
787 5032 1065 5103 quidquam
1089 5035 1141 5084 in
1175 5032 1266 5084 Dei
1289 5030 1576 5084 substantia
1601 5033 1815 5084 exsistat

266 5119 512 5168 (unquam
547 5102 735 5169 forma.
764 5102 870 5156 etc.

341 5172 452 5241 (ὕὸ)
488 5171 685 5227 Vocula
715 5171 766 5224 τί
803 5175 952 5224 deest
989 5171 1040 5222 in
1097 5172 1294 5225 nostris
1336 5180 1712 5241 scptemgmss.
1763 5181 1818 5224 et

268 5245 320 5296 in
351 5239 606 5297 editione
645 5241 769 5295 Ven.
803 5244 896 5295 sed
932 5242 1124 5311 legitur
1165 5243 1216 5294 in
1259 5243 1496 5296 editione
1547 5239 1720 5295 Paris.
1766 5253 1821 5295 et

266 5312 406 5381 apud
442 5312 763 5366 Fabricium.

340 5381 450 5452 (56)
482 5382 584 5435 Pro
616 5383 727 5447 illo,
758 5385 822 5451 τῇ
849 5383 1003 5451 οὐσίᾳ
1025 5381 1117 5434 τοῦ
1140 5381 1295 5446 Θεοῦ,
1315 5382 1363 5435 in
1392 5393 1550 5450 opere
1573 5379 1819 5452 Eunomii

265 5451 583 5519 simpliciter
615 5453 808 5522 legitur
841 5453 1010 5522 ταύτῃ
1037 5471 1050 5504 :
1077 5453 1170 5507 sed
1210 5454 1283 5506 ita
1321 5462 1581 5505 mutatum
1613 5467 1639 5503 a
1670 5451 1819 5504 Basi-

265 5525 340 5575 lio
373 5533 530 5591 ιιιιιο.Δ
553 5531 610 5574 ιιι
637 5524 881 5577 Ennomii
913 5523 1174 5576 sententia
1205 5522 1371 5591 magis
1398 5529 1623 5589 pateret.

339 5591 451 5662 (57)
497 5589 602 5644 Vox
649 5593 831 5646 οὐσίαν
877 5594 1054 5647 addita
1105 5604 1188 5645 est
1231 5589 1460 5660 in‘lteg.
1513 5591 1669 5642 tertio
1701 5599 1818 5658 post

268 5679 453 5717 vocem
503 5665 783 5733 γεννητὴν,
835 5664 880 5718 si
915 5678 1016 5717 non
1067 5665 1248 5733 eadem
1302 5678 1482 5723 manu,
1518 5671 1568 5712 at
1599 5663 1813 5733 anxii-pia

269 5744 446 5786 tamen
475 5750 488 5785 :
517 5732 607 5786 sed
652 5731 771 5786 cum
817 5747 984 5801 neque
1024 5733 1076 5785 in
1111 5732 1355 5800 vulgatis,
1401 5747 1571 5796 neque
1609 5731 1657 5801 in
1697 5731 1815 5784 aliis

273 5819 400 5856 mss.
443 5804 756 5869 reperiatur,
818 5799 1110 5856 addendam
1171 5799 1287 5856 eam
1327 5819 1430 5855 non
1475 5799 1811 5859 censuimus;

270 5891 335 5928 co
385 5875 571 5932 manu.
605 5874 744 5931 quod
778 5873 936 5928 facile
970 5888 1036 5928 ex
1083 5871 1340 5928 orationis
1390 5873 1528 5927 serie
1579 5870 1813 5936 suppleri

1916 671 2006 716 aut
2041 660 2231 723 moles,
2271 667 2360 712 aut
2384 658 2675 726 quantitas,
2711 656 2847 726 quod
2897 654 3284 725 compositione
3321 656 3466 709 omni

1913 768 2131 823 prorsus
2171 751 2424 804 immunis
2460 756 2542 802 est
2584 748 2739 802 Deus.
2779 747 2926 814 Quod
2955 747 2999 802 si
3030 743 3263 816 cogitare
3297 757 3468 812 neque

1912 843 1994 898 fas
2021 851 2124 907 est,
2159 855 2328 909 neque
2358 853 2593 909 unquam
2621 836 2800 901 fuerit,
2824 839 3006 891 horum
3035 845 3089 890 et
3110 834 3290 888 talium
3313 834 3468 904 quid-

1913 952 2071 1006 quam
2104 951 2224 990 cum
2259 935 2350 988 Dei
2385 931 2682 987 substantia
2714 930 3084 998 complicatum
3117 942 3235 981 esse
3271 943 3286 989 ;
3319 939 3467 996 qua:-

1916 1044 2038 1082 nam
2077 1028 2249 1082 adhuc
2284 1025 2418 1080 ratio
2453 1025 2614 1088 sinet,
2654 1031 2712 1076 ut
2751 1038 2868 1076 curn
2906 1019 3198 1076 substantia
3234 1018 3469 1085 ingenita

1915 1119 2146 1188 genitam
2208 1115 2601 1172 conferamus?
2635 1115 2828 1185 quippe
2885 1129 2945 1168 ea
3001 1129 3121 1182 qua:
3176 1111 3466 1166 secundum

1915 1211 2268 1266 substantiam
2315 1219 2398 1264 est
2444 1207 2893 1269 similitudo,sive
2950 1204 3311 1272 comparatio,
3356 1201 3468 1254 sive

1911 1301 2239 1365 communio,
2272 1300 2470 1354 nullam
2511 1299 2870 1368 praestantiam
2900 1305 2988 1350 aut
3010 1294 3360 1350 diﬂ‘erentiain
3393 1306 3468 1348 re-

1909 1394 2136 1462 linquit,
2163 1395 2268 1447 imo
2311 1392 2669 1460 avqnalitatem
2711 1399 2892 1460 aperte
2935 1387 3127 1451 eﬂicit;
3158 1395 3316 1454 atque
3343 1401 3465 1439 cum

1907 1487 2214 1553 :eqnalitate
2265 1486 2557 1556 ingenitum
2605 1484 2932 1537 demonstrat
2962 1495 3105 1542 eum,
3135 1480 3224 1547 qui
3249 1479 3464 1534 assiinio

1909 1578 2067 1638 fatur,
2093 1577 2171 1632 vel
2201 1587 2569 1644 comparatur.
2605 1572 2772 1628 Nemo
2811 1584 2985 1626 autem
3021 1573 3092 1623 ita
3133 1579 3214 1624 est
3242 1572 3466 1626 stolidus

1908 1677 1962 1721 et
1985 1667 2050 1721 ad
2081 1668 2412 1736 impietatem
2456 1667 2653 1727 audax,
2687 1664 2774 1733 qui
2804 1662 3059 1732 aqualem
3097 1661 3237 1715 Patri
3271 1661 3465 1716 Filium

1909 1761 2074 1822 dicat,
2108 1775 2228 1813 cum
2260 1757 2517 1812 Dominus
2549 1757 2665 1825 ipse
2696 1755 2867 1825 palam
2906 1754 3100 1809 dixerit
3127 1750 3330 1834 {Pater
3375 1756 3466 1821 qui

1909 1867 1987 1904 me
2025 1851 2184 1911 misit,
2213 1850 2382 1920 major
2413 1865 2492 1902 me
2521 1858 2592 1902 est
2613 1848 2652 1901 ³.
2672 1847 2735 1900 Et
2773 1860 2958 1900 rursus
2989 1845 3144 1914 paulo
3171 1854 3306 1913 pust.
3337 1843 3462 1906 Sed,

1912 1941 2090 1994 missis
2143 1941 2401 2008 pluribus,
2435 1954 2497 1992 ea
2539 1953 2656 2008 qua:
2699 1938 2931 1992 diximus
2967 1937 3120 2003 satis,
3177 1946 3339 2005 puto,
3370 1936 3463 1988 de-

1913 2040 2212 2085 monstrant
2249 2031 2617 2084 universorum
2668 2031 2831 2084 Deum
2864 2029 3155 2099 ingenitum
3185 2039 3344 2098 atque
3390 2028 3469 2082 in-

1911 2121 2346 2193 comparabilem,
2378 2137 2538 2175 unum
2568 2136 2709 2176 esse.

1983 2215 2101 2268 Bas.
2133 2213 2266 2268 Cum
2309 2215 2606 2282 improbum
2645 2214 2872 2283 aliquem
2919 2227 3220 2268 sermonem
3246 2211 3357 2265 vult
3383 2222 3464 2265 at-

1915 2309 2151 2375 tingere,
2209 2307 2462 2359 nonnnlla
2521 2321 2639 2374 qua:
2687 2309 2752 2361 ab
2817 2307 3064 2360 omnibus
3105 2305 3468 2359 conceduntur

1912 2399 2204 2467 prminittit,
2262 2408 2319 2452 nt
2371 2407 2685 2468 propterea,
2718 2381 2855 2466 quod
2913 2400 2977 2449 de
3025 2398 3089 2450 iis
3134 2389 3295 2467 234
3327 2407 3470 2450 recte

1910 2491 2095 2556 sentit,
2139 2492 2190 2544 in
2226 2491 2446 2560 reliquis
2486 2504 2696 2560 quoque
2725 2489 2822 2542 sibi
2858 2489 3013 2542 fidem
3057 2499 3227 2558 paret.
3264 2488 3465 2557 Neque,

1914 2585 2103 2653 inquit,
2128 2585 2240 2639 fieri
2268 2593 2531 2653 potest,ut
2553 2583 2606 2636 in
2633 2581 2724 2638 Dei
2747 2581 3039 2636 substantia
3067 2581 3292 2634 exsistat
3321 2580 3469 2649 quid.

1912 2691 2094 2742 quam,
2132 2689 2301 2740 neque
2338 2673 2530 2739 forma,
2559 2687 2730 2742 neque
2764 2671 2949 2737 moles,
2979 2687 3149 2740 neque
3177 2672 3465 2740 quantitas,

1912 2768 2052 2835 quod
2096 2767 2232 2821 Deus
2280 2781 2496 2833 prorsus
2558 2779 2750 2833 expers
2784 2773 2866 2816 est
2915 2763 3336 2832 compositionis.
3389 2761 3469 2814 Ad

1914 2857 2025 2908 haec
2056 2871 2222 2922 usque
2249 2857 2402 2907 verba
2431 2867 2610 2922 tequus
2637 2861 2750 2908 est:
2780 2854 2831 2908 In
2861 2853 2925 2908 iis
2950 2868 3074 2907 vero
3104 2866 3218 2922 quae
3241 2865 3470 2920 sequun-

1916 2957 2017 3009 tur,
2048 2947 2112 3000 ad
2137 2962 2194 3000 se
2216 2948 2327 3016 ipse
2352 2947 2506 3000 redit.
2535 2945 2664 2999 Nam
2695 2945 3082 3015 blasphemiam
3120 2945 3260 2998 velut
3283 2959 3470 2998 neces-

1913 3037 2056 3091 sario
2081 3052 2145 3090 ex
2195 3037 2480 3106 przcniissis
2526 3045 2944 3104 consequentem
2986 3034 3246 3104 adjnngit,
3289 3034 3467 3086 verbis

1915 3129 2019 3184 illis
2046 3146 2059 3181 :
2082 3127 2232 3192 Quod
2263 3129 2306 3184 si
2339 3129 2577 3198 cogitare
2609 3144 2780 3198 neque
2811 3131 2888 3182 fas
2921 3139 3020 3192 est,
3044 3142 3216 3196 neque
3235 3141 3467 3195 unquam

1915 3220 2094 3283 fuerit,
2126 3221 2316 3274 horum
2342 3229 2394 3272 et
2425 3220 2610 3272 talium
2629 3221 2917 3289 quidquam
2948 3235 3066 3273 cum
3113 3221 3201 3273 Dei
3227 3221 3471 3274 substan-

1917 3313 1986 3366 tia
2020 3310 2392 3381 complicatum
2426 3325 2562 3375 esse,
2601 3325 2845 3379 quaenam
2904 3311 3077 3362 adhuc
3134 3313 3269 3364 ratio
3307 3309 3467 3367 sinet.

1917 3415 1973 3457 ut
1999 3421 2118 3458 cum
2151 3404 2447 3459 substantia
2491 3403 2723 3472 ingenita
2771 3401 3003 3470 genitam
3047 3399 3472 3470 comparemus?

1916 3500 2210 3564 Quamnam
2241 3498 2378 3552 inter
2427 3514 2484 3550 sc
2536 3497 2903 3564 cognationem
2963 3487 3157 3547 habent
3201 3493 3322 3556 illa,
3357 3493 3469 3545 fieri

1918 3605 2019 3642 non
2075 3603 2254 3656 posse,
2308 3589 2352 3641 si
2392 3588 2526 3640 Deus
2566 3586 2950 3655 incompositus
2992 3593 3094 3651 est,
3127 3594 3186 3638 ut
3218 3584 3387 3638 Filius
3419 3586 3469 3638 ei

1915 3681 1986 3733 sit
2021 3679 2314 3732 consimilis
2343 3679 2365 3730 τ
2399 3679 2491 3733 Dic
2529 3677 2692 3742 enim,
2725 3693 2900 3732 nonne
2927 3687 2979 3732 tu
3015 3692 3229 3746 quoque
3272 3678 3472 3747 pariter

1917 3773 2062 3826 dices
2091 3769 2283 3824 Filium
2338 3783 2510 3838 neque
2553 3769 2801 3833 formam,
2837 3784 3008 3836 neque
3056 3767 3267 3828 molem,
3299 3781 3472 3832 neque

1915 3863 2268 3929 quantitatem
2306 3861 2356 3913 in
2389 3863 2565 3928 seipso
2594 3861 2809 3922 habere,
2837 3868 2996 3927 atque
3033 3871 3252 3926 prorsus
3272 3872 3300 3910 a
3324 3871 3473 3911 com-

1917 3955 2182 4022 p0sitionc
2210 3951 2432 4004 liberum
2464 3967 2578 4003 esse
2603 3950 2626 4001 ?

1984 4041 2072 4095 ‘25.
2109 4042 2216 4111 Ego
2241 4040 2508 4109 equidem,
2545 4038 2624 4092 vel
2653 4039 2696 4094 si
2739 4038 3027 4102 insanires,
3072 4054 3175 4093 nou
3210 4047 3336 4108 puto
3372 4053 3470 4090 au-

1917 4149 2098 4187 surum
2131 4145 2179 4186 te
2211 4147 2327 4186 esse
2360 4131 2500 4184 aliud
2523 4132 2646 4200 quid
2677 4131 2850 4185 dicere
2881 4130 3069 4184 Filium
3100 4145 3257 4198 quam
3299 4131 3471 4182 incor-

1917 4242 2154 4295 poreum,
2188 4240 2344 4293 quam
2379 4226 2559 4278 forma:
2595 4233 2862 4291 expertem
2893 4234 2946 4279 et
2979 4224 3179 4291 figurae,
3207 4231 3262 4276 et
3293 4222 3472 4275 omnia

1918 4334 2033 4388 qua:
2063 4321 2126 4372 de
2171 4317 2330 4371 Patre
2370 4319 2544 4371 dicere
2590 4315 2779 4383 possis.
2822 4315 3106 4380 Quomodo
3133 4315 3297 4384 igitur
3325 4313 3468 4382 pium

1918 4427 2020 4466 non
2049 4410 2226 4474 fuerit,
2246 4428 2364 4466 eum
2391 4409 2481 4478 qui
2509 4407 2732 4462 formam
2765 4425 2867 4460 non
2900 4409 3082 4470 habet,
3109 4406 3333 4459 formam
3364 4419 3471 4459 non

1919 4504 2132 4557 habenti
2158 4499 2506 4569 comparare?
2539 4499 2687 4563 item,
2716 4514 2834 4552 eum
2871 4497 3328 4566 quiquautitatem
3366 4510 3471 4548 non

1761 4600 1818 4652 Ὀ
1853 4615 1896 4670 ι)
1927 4595 2126 4659 habet,
2162 4592 2512 4660 quantitatem
2567 4606 2669 4645 non
2719 4590 2932 4644 habenti
2973 4589 3172 4653 ?item,
3213 4602 3334 4642 eum
3382 4587 3471 4654 qui

1926 4884 2112 4953 possit.
2152 4882 2348 4953 Statim
2372 4881 2457 4934 ubi
2500 4879 2695 4953 legitur
2728 4879 2779 4953 in
2811 4878 3022 4953 excusis
3052 4873 3471 4953 καταλιπούσης,

1924 4944 2185 5021 Scriptum
2225 4955 2276 5006 in
2324 4952 2528 5006 duobus
2553 4944 2854 5004 'codicibus
2915 4950 3178 5000 invenitur
3226 4944 3474 4998 καταλει-

1923 5042 2021 5076 που
2031 5041 2146 5086 σης.

1994 5065 2270 5162 (έέῗίῖάἱιί
2314 5102 2367 5146 et
2410 5091 2540 5162 Reg.
2572 5091 2760 5162 tertius
2805 5086 2990 5148 Οὐδεὶς
3036 5085 3143 5154 γὰρ
3183 5083 3373 5147 οὕτως.
3409 5085 3476 5136 At

1924 5159 2109 5232 reliqui
2151 5179 2274 5216 mss.
2313 5162 2495 5223 Οὐδεὶς
2523 5160 2577 5213 δὲ
2605 5159 2794 5232 οὕτως.

1995 5222 2104 5304 (59)
2139 5234 2355 5304 Editict
2406 5222 2534 5304 mss.
2581 5230 2732 5304 multi
2782 5223 3203 5299 προσλαμϐάνει.
3239 5225 3306 5276 At
3344 5222 3472 5291 Reg.

1923 5300 2145 5373 quartus
2185 5302 2586 5373 προλαμϐάνει,
2609 5300 2842 5373 ινςςι-ἰ-ιιςθ.Δ
2913 5366 2950 5373 __
3297 5361 3308 5372 ο

1995 5376 2108 5444 (60)
2140 5366 2313 5444 Editiu
2343 5366 2514 5424 Paris.
2541 5370 2679 5422 οὐδέ.
2709 5369 2883 5422 Editio
2913 5366 3042 5421 V'eu.
3067 5373 3119 5419 et
3144 5366 3310 5416 nostri
3345 5377 3472 5416 mss.

1921 5443 2107 5498 omnes
2136 5443 2305 5495 οὐδέν.

1992 5515 2101 5583 (6|)
2135 5515 2266 5583 Reg.
2303 5520 2522 5580 quartus
2545 5512 2609 5580 τῇ
2642 5509 2816 5579 οὐσίᾳ,
2852 5510 2997 5568 ποῖος
3032 5503 3108 5557 ἔτι
3135 5502 3475 5572 συγχωρήσει

1920 5586 2092 5640 λόγος.

2137 5655 2226 5709 Sic
2254 5653 2401 5707 Colb.
2435 5660 2487 5704 et
2516 5651 2619 5703 duo
2650 5649 2818 5720 Regii.
2853 5648 3004 5708 Illud,
3039 5645 3174 5713 μήτε
3209 5641 3392 5710 ὄγκον,
3422 5641 3474 5694 in

1923 5724 2153 5791 vulgatis
2183 5724 2606 5791 desiderabatur.

1993 5783 2100 5865 (ῧῦ)
2141 5795 2270 5848 Editi
2302 5792 2488 5862 ἔχοντα
2517 5787 2647 5865 εἶδος
2683 5791 2754 5859 μὴ
2796 5789 2966 5865 ἔχοντι
2999 5784 3382 5858 παραϐάλλειν.
3409 5783 3478 5837 At

1922 5859 2049 5923 mss.
2080 5859 2535 5936 pleriqnc'omncs
2575 5864 2663 5929 ita,
2699 5872 2751 5915 ut
2785 5859 3067 5914 edidimus.
