4230 6492
779 393 884 449 565
2074 405 2131 459 S.
2177 405 2419 460 BASlLll

2333 407 2419 460 Lll
2463 409 2674 465 MAGNI
3892 416 3995 471 564

775 509 993 564 omnino
1048 510 1430 581 incompositus
1482 525 1582 580 est,
1626 516 1978 584 incomposito
2012 518 2033 570 ?
2077 517 2172 571 llic
2214 535 2338 573 vero
2368 529 2445 582 Αι

2325 537 2338 572 ι
2368 529 2412 582 Α
2441 522 2494 574 δὲ
2532 524 2591 575 τὸ
2631 526 2813 594 ὅμοιον
2843 529 2899 580 ἐν
2925 531 3001 598 τῷ
3038 531 3165 582 εῖδει
3190 529 3422 592 τίθεται,
3458 533 3550 582 καὶ
3579 531 3640 582 τὸ
3673 532 3786 583 hev
3827 535 3884 584 ἐν
3918 536 3995 604 τῷ

773 601 828 654 in
859 600 1024 655 forma
1063 605 1249 656 statuit
1286 605 1709 670 similitudinem,
1750 617 1805 661 et
1854 608 1903 660 in
1945 609 2080 662 mole
2128 611 2336 678 aequali-

775 701 936 745 tatem
974 709 988 744 :
1021 695 1371 761 quantitatem
1409 707 1582 751 autem
1613 698 1740 764 quid
1773 708 1968 766 praeter
1995 700 2184 753 molem
2219 717 2335 757 esse

772 793 943 853 putet,
982 785 1092 853 ipse
1122 801 1250 841 sane
1282 791 1461 856 aptius
1488 791 1819 857 exposuerit.

843 873 973 926 Eua.
1009 875 1248 940 Idcirco,
1285 877 1476 945 inquit,
1528 893 1625 931 nec
1668 877 1921 944 atqualis,
1967 894 2063 933 nec
2117 879 2330 946 similis,

774 966 1024 1033 quoniam
1061 976 1114 1020 et
1141 968 1439 1034 quantitate
1470 979 1616 1022 caret
1653 979 1706 1022 et
1733 969 1922 1021 forma.

841 1055 966 1112 Bas.
1007 1058 1118 1128 Ego
1141 1073 1268 1113 vero
1324 1061 1373 1113 in
1428 1064 1528 1115 hoc
1569 1062 1682 1128 ipso
1729 1077 1869 1130 pono
1905 1061 2330 1117 similitudinem.

770 1145 1230 1214 Quemadmodum
1268 1152 1406 1203 enim
1438 1151 1597 1204 Pater
1635 1152 1767 1206 liber
1795 1164 1875 1207 est
1902 1160 1968 1206 ab
2006 1156 2148 1208 omni
2185 1171 2332 1209 com-

770 1239 1060 1308 positione,
1115 1241 1182 1294 ita
1238 1251 1291 1294 et
1321 1243 1487 1296 Filius
1531 1244 1755 1312 simplex
1792 1245 2008 1298 omnino
2050 1256 2131 1298 est
2171 1257 2331 1314 atque

776 1333 1179 1400 incompositus.
1205 1332 1340 1397 Quin
1377 1334 1536 1388 etiam
1574 1336 1972 1390 similitudinem
2012 1353 2113 1389 non
2137 1353 2330 1392 secun-

773 1424 896 1475 dum
924 1424 1106 1478 formae
1142 1426 1494 1491 identitatem,
1527 1428 1618 1481 sed
1661 1431 1948 1482 secundum
1988 1432 2158 1499 ipsam
2205 1434 2331 1484 sub-

775 1516 1030 1567 stantiam
1056 1517 1281 1585 perspici
1314 1517 1565 1570 arbitror.
1585 1517 1788 1583 Quibus
1822 1523 1961 1575 enim
1993 1521 2162 1576 forma
2200 1522 2331 1591 ﬁgu-

775 1621 940 1675 raque
971 1607 1337 1675 circumjacet,
1369 1611 1435 1662 iis
1461 1611 1752 1664 secundum
1783 1612 1966 1667 forma:
2000 1614 2329 1668 identitatcm

773 1699 914 1753 inest
946 1701 1236 1754 similitudo
1267 1721 1279 1755 :
1321 1718 1438 1770 qua:
1473 1717 1596 1756 vero
1628 1714 1818 1759 natura
1848 1721 1946 1760 nec
1986 1708 2209 1761 formam
2235 1721 2331 1760 nec

775 1791 998 1859 ﬁguram
1022 1793 1274 1858 admittit,
1304 1794 1560 1862 reliquum
1594 1807 1675 1850 est
1704 1807 1759 1850 ut
1806 1798 1855 1850 in
1896 1799 2009 1864 ipsa
2033 1797 2328 1850 substantia

2436 615 2616 686 ὄγκῳ·
2669 619 2765 689 τὴν
2812 620 2867 672 δὲ
2923 621 3254 691 πηλικότητα
3308 621 3439 692 (64),
3486 623 3514 674 ὃ
3567 639 3618 674 τι
3674 623 3769 674 καὶ
3823 625 3995 678 οἴεται

2437 709 2586 779 παρά
2619 710 2707 762 τὸν
2741 710 2901 778 ὄγκον
2934 708 3089 775 εἶναι,
3129 712 3290 775 αὐτὸς
3334 713 3398 765 ἂν
3433 713 3754 783 οἰκειότερον
3789 715 3991 786 ἐξηγή-

2436 815 2600 852 σαιτο.

2505 893 2660 946 ΕΥΝ.
2707 894 2805 947 Διά
2851 895 3008 949 τοῦτο
3052 897 3174 949 οὔτε
3215 898 3348 960 ἴσος,
3406 896 3587 965 φησιν,
3624 894 3743 948 οὔτε
3778 897 3988 966 ὅμοιος,

2434 982 2616 1052 ἐπειδὴ
2645 985 2736 1036 καὶ
2764 985 2961 1048 ἄποσός
2992 988 3104 1038 ἐστι
3127 989 3220 1039 καὶ
3241 986 3494 1048 ἀνείδεος.

2502 1074 2645 1127 ΒΑΣ.
2684 1075 2822 1143 Ἐγὼ
2847 1077 3053 1130 δὲοκατ⁹
3084 1079 3214 1131 αὐτὸ
3241 1079 3394 1131 τοῦτο
3421 1079 3515 1149 τὴν
3535 1082 3825 1149 ὁμοιότητα
3856 1079 3992 1131 τίθε-

2435 1182 2551 1233 μαι.
2603 1167 2813 1237 Ἐπειδὴ
2857 1168 3039 1240 ῶσπερ
3070 1173 3097 1222 ὁ
3123 1171 3310 1240 Πατὴρ
3340 1171 3609 1240 συνθήκης
3639 1171 3755 1222 ἐστὶ
3810 1170 3989 1236 πάῆς

2431 1254 2730 1326 ἐλεύθερος,
2787 1257 2925 1309 οὓτω
2971 1260 3118 1312 καὶὸ
3157 1260 3281 1320 Υἱὸς
3312 1261 3512 1324 ἁπλοῦς
3559 1259 3857 1322 παντελῶς,
3894 1262 3989 1312 καὶ

2430 1346 2743 1412 ἀσύνθετος,
2781 1350 2873 1400 καὶ
2919 1349 2979 1401 τὸ
3024 1352 3224 1417 ὅμοιον,
3260 1353 3332 1422 μὴ
3385 1353 3524 1406 κατὰ
3551 1353 3646 1424 τὴν
3683 1353 3777 1405 τοῦ
3818 1352 3989 1414 εἴδους

2429 1439 2732 1509 ταύτότητα
2773 1440 3115 1511 θεωρεῖσθαι,
3146 1446 3276 1498 ἀλλά
3303 1448 3419 1499 κατ’
3455 1446 3620 1517 αὐτὴν
3647 1446 3745 1516 τὴν
3776 1444 3984 1499 οὐσίαν.

2432 1530 2614 1594 ’Ὀσοις
2661 1533 2758 1602 μὲν
2803 1533 2912 1605 γὰρ
2947 1534 3126 1604 μορᾳὴ
3171 1538 3262 1588 καὶ
3294 1539 3474 1607 σχῆμα
3513 1539 3838 1608 περίκειται,
3873 1534 3990 1586 τού·

2429 1639 2560 1686 τοις,
2595 1625 2735 1677 κατά
2767 1624 2865 1696 τὴν
2904 1627 3204 1695 ταύτότητα
3237 1627 3326 1678 τοῦ
3376 1628 3579 1692 εἴδους,
3624 1631 3656 1698 ἡ
3695 1628 3986 1698 ὁμοιότης·

2431 1715 2527 1783 τὴν
2553 1715 2607 1767 δὲ
2655 1717 2888 1769 ἀνείδεον
2917 1717 3010 1769 καὶ
3050 1717 3449 1788 ἀσχημάτιστον
3482 1720 3639 1786 φύσιν
3666 1721 3724 1770 ὲν
3757 1721 3896 1788 αὐτῇ
3920 1720 3985 1786 τῇ

2430 1805 2586 1874 οὐσίᾳ
2613 1805 2856 1859 λείπεται
2884 1806 3028 1877 ἔχειν
3049 1808 3146 1877 τὴν
3180 1806 3469 1876 ὁμοιότητα
3497 1825 3507 1837 ·
3550 1809 3642 1861 καὶ
3676 1809 3736 1860 τὸ
3766 1810 3879 1860 ἴσον
3913 1809 3988 1877 μὴ

772 1880 969 1936 habeat
1005 1883 1428 1951 similitudinem,
1461 1887 1820 1955 aequalitatem
1848 1903 1974 1943 vero
2001 1905 2104 1943 non
2130 1890 2180 1942 in
2207 1905 2332 1943 mo-
2366 1879 2404 1931 Β
2431 1898 2442 1946 i

2317 1919 2332 1930 -
2366 1879 2404 1931 Β
2431 1898 2487 1947 ἐν
2517 1899 2581 1964 τῇ
2613 1895 2716 1948 τῶν
2746 1897 2920 1965 ὄγκων
2945 1898 3376 1968 παραμετρήσει,
3403 1897 3512 1949 ἀλλ’
3538 1901 3593 1950 ὲν
3614 1903 3678 1968 τῇ
3699 1897 3987 1968 ταύτότητι

771 1971 838 2025 l-s
867 1973 1216 2040 dimensione,
1246 1977 1336 2030 sed
1369 1979 1419 2030 in
1450 1979 1687 2044 potentia
1717 1979 1998 2035 identitate
2035 1982 2325 2049 possideat.

769 2061 1037 2126 Christus,
1068 2063 1259 2133 inquit,
1282 2067 1372 2118 Dei
1399 2069 1652 2135 potentia,
1675 2078 1729 2122 et
1756 2068 1845 2122 Dei
1865 2053 2184 2137 sapientia‘,
2220 2079 2329 2123 tota

771 2154 1020 2208 videlicet
1050 2166 1274 2225 paterna
1305 2167 1565 2224 potestate
1610 2161 1663 2213 in
1699 2161 1813 2229 ipso
1854 2161 2144 2214 residente.
2183 2159 2331 2213 Unde

772 2262 1106 2316 quaecunque
1129 2250 1270 2305 videt
1297 2250 1509 2307 Patrem
1542 2252 1848 2319 facientem,
1872 2267 1932 2306 ea
1967 2262 2018 2307 et
2057 2251 2221 2306 Filius
2257 2251 2332 2306 si-

769 2338 966 2391 utiliter
989 2338 1169 2394 facit”.

843 2430 974 2484 Eun.
1012 2432 1115 2487 Sed
1144 2433 1457 2497 similitudo,
1492 2434 1683 2503 inquit,
1716 2451 1832 2504 quae
1875 2435 2166 2489 secundum
2202 2436 2329 2490 sub-

772 2525 1020 2580 stantiam
1058 2534 1160 2590 est,
1199 2535 1290 2579 aut
1321 2527 1672 2594 comparatio,
1710 2535 1799 2577 aut
1825 2527 2202 2589 communitas,
2235 2541 2325 2579 ne-

772 2632 876 2686 que
903 2618 1299 2684 praastantiam,
1345 2631 1514 2685 neque
1565 2616 1919 2670 dill'erentiam
1955 2617 2115 2670 ullam
2165 2618 2328 2672 relin-

771 2725 963 2779 quens,
995 2708 1352 2778 mqualitatem
1379 2718 1559 2778 aperte
1587 2708 1766 2762 efﬁcit.

846 2802 966 2854 Bas.
993 2800 1269 2868 Quomodo
1320 2801 1476 2868 igitur
1527 2800 1880 2855 differentiam
1933 2800 2129 2856 nullam
2168 2800 2329 2854 relin-

773 2891 907 2958 quit,
936 2906 998 2942 ne
1025 2905 1141 2942 eam
1174 2891 1410 2958 quidem,
1437 2905 1554 2958 quae
1595 2890 1772 2945 causis
1799 2891 1938 2946 inest
1966 2907 2088 2946 cum
2120 2892 2185 2946 iis
2213 2906 2330 2962 qua:

773 2999 840 3036 ex
874 2981 1002 3048 ipsis
1036 2989 1161 3034 sunt
1190 2982 1213 3034 ?
1241 2979 1526 3051 Subjungit
1567 2991 1788 3051 postea:

841 3072 974 3126 Eua.
1003 3071 1132 3136 Quis
1163 3081 1338 3125 autem
1370 3073 1442 3126 ita
1476 3074 1699 3128 stolidus
1735 3084 1838 3135 est.
1871 3073 1953 3129 vel
1982 3074 2048 3127 ad
2084 3073 2330 3141 impieta-

775 3178 878 3222 tem
913 3168 982 3220 ita
1013 3167 1206 3231 audax,
1233 3175 1289 3220 ut
1317 3171 1574 3237 aequalem
1607 3169 1750 3222 Patri
1785 3169 1977 3224 Filium
2006 3168 2191 3224 dicat?

842 3261 962 3314 HAS.
998 3261 1078 3314 Ad
1127 3259 1239 3314 hmc
1287 3259 1529 3314 dicamus
1570 3260 1618 3315 ei
1665 3261 1750 3314 illa
1795 3258 2326 3330 prophetat:Facies

771 3352 1055 3405 meretricis
1120 3351 1260 3419 facta
1303 3362 1374 3404 est
1430 3354 1556 3417 tibi;
1597 3355 1817 3406 amisisti
1865 3356 2114 3421 pudorem
2169 3351 2327 3422 235

773 3460 895 3511 erga
925 3459 1097 3498 omnes
1139 3445 1178 3498 ⁸.
1216 3444 1424 3499 Etenim
1452 3453 1508 3496 ut
1545 3444 1646 3496 illa:
1684 3446 1793 3498 suis
1846 3446 2076 3512 ipsarum
2121 3447 2328 3512 probris

774 3547 921 3589 caste
945 3536 1181 3591 viventes
1207 3546 1513 3606 aspergunt,
1537 3537 1604 3588 ita
1637 3537 1719 3591 hic
1741 3552 1954 3608 quoque
1981 3554 2072 3592 eos
2098 3538 2190 3606 qui
2218 3553 2328 3590 ma-

771 3626 1016 3694 iestatem
1062 3629 1332 3699 Unigeniti
1383 3631 1724 3699 magniﬁcare
1754 3634 1990 3701 cupiunt,
2028 3631 2248 3686 stolidos
2277 3639 2330 3684 et

774 3724 838 3774 ad
869 3724 1191 3790 impietatem
1225 3728 1452 3778 audaces
1481 3735 1652 3786 vocat,
1691 3727 1876 3780 iisdem
1920 3726 2174 3786 ollensus.
2209 3725 2328 3793 qni-

778 3818 872 3867 ltus
907 3824 959 3866 et
987 3813 1150 3868 Judaei
1181 3816 1654 3880 exacerbabantur,
1682 3818 1914 3870 dicentes
1944 3827 2066 3871 tunc
2096 3815 2331 3886 :quua-

777 3907 875 3960 ient
903 3908 1128 3973 “ipsum
1155 3909 1280 3974 facit
1320 3909 1420 3961 Deo
1449 3909 1490 3961 ⁷.

848 4081 938 4134 24.
974 4079 1036 4134 Et
1073 4090 1219 4135 certe
1251 4080 1468 4150 (nemini
1503 4083 1743 4135 videatur
1786 4085 1975 4136 tnirum
2013 4084 2150 4153 quod
2189 4084 2330 4152 dico)

778 4171 850 4224 illi
882 4172 1272 4238 quodammodo
1319 4174 1756 4241 consequentiam
1810 4187 1986 4225 rerum
2019 4175 2183 4240 magis
2213 4188 2334 4240 pcr-

778 4264 987 4330 spicere
1019 4263 1355 4318 videbantur.
1383 4264 1514 4318 Nam
1549 4281 1688 4335 agre
1716 4265 1954 4319 ferebant
1994 4267 2134 4334 quod
2166 4265 2330 4320 Deum

778 4354 990 4409 Patrem
1021 4371 1174 4410 suum
1204 4356 1562 4424 appellaret“:
1601 4362 1735 4413 hanc
1772 4359 1894 4412 inde
1925 4375 1951 4411 a
1993 4359 2182 4415 scinsis
2214 4375 2334 4413 con-

779 4449 1106 4503 secutionem
1167 4449 1498 4520 colligentes,
1553 4450 1694 4519 quod
1758 4451 1858 4505 hoc
1919 4460 2072 4520 pacto
2138 4449 2334 4506 faceret

779 4541 1036 4607 azqnalem
1068 4556 1125 4594 se
1152 4543 1294 4608 Deo;
1327 4544 1478 4607 quasi
1513 4543 1813 4597 necessario
1839 4552 2111 4611 sequatur,
2154 4544 2196 4596 si
2229 4542 2330 4596 Pa-

783 4643 914 4685 trem
964 4633 1155 4687 habeat
1201 4634 1390 4697 l)eum,
1426 4634 1533 4689 Deo
1566 4636 1820 4689 moualem
1856 4649 1992 4690 esse.
2038 4635 2328 4691 Eunomius

779 4735 978 4782 autem,
1017 4723 1166 4791 prius
1216 4723 1340 4777 illud
1390 4726 1707 4785 concedens,
1755 4726 2016 4792 posterius
2052 4735 2230 4794 negat,
2265 4742 2326 4780 ac

781 4815 986 4869 Domini
1015 4831 1195 4870 vocem
1222 4816 1402 4882 objicit
1424 4817 1597 4882 nobis,
1623 4818 1847 4871 dicentis
1883 4836 1894 4870 :
1929 4815 2110 4880 Pater,
2134 4818 2222 4884 qui
2252 4835 2329 4872 me

853 4948 912 5001 ‘l
936 4949 1061 5004 Cor.
1095 4968 1134 5016 ι,
1169 4951 1258 5005 24.
1336 4953 1355 4983 ⁸
1385 4951 1541 5007 Joan.
1570 4967 1621 5015 v,
1658 4951 1743 5004 19.
1821 4952 1840 4981 ⁶
1875 4948 2073 5005 let-em.
2109 4967 2188 5014 ιιι,
2214 4951 2267 5004 5.

851 5175 958 5239 (Gil
990 5174 1304 5229 Eunomium
1341 5177 1478 5228 ridet
1509 5174 1758 5232 Basilius.
1788 5175 1938 5243 quasi
1991 5176 2131 5228 dicat
2159 5193 2170 5228 :
2202 5174 2326 5227 Phi-

784 5245 1126 5311 losophorum
1184 5247 1658 5313 prazstantissimus
1707 5245 2001 5297 Eutnnnius
2046 5245 2330 5312 distinguit

785 5315 977 5367 tuuletn
1032 5331 1060 5365 a
1107 5315 1425 5380 quantitate.
1477 5316 1630 5368 Dicat
1680 5325 1856 5369 autem
1903 5315 2058 5368 velim
2107 5315 2232 5382 quid
2263 5315 2332 5367 sit

783 5385 1105 5437 discriminis
1135 5387 1271 5438 inter
1301 5385 1599 5451 utraqu’e.

856 5453 1214 5525 (65)_Codices
1250 5455 1451 5523 aliquot
1481 5453 1787 5525 ἐργάζεται.
1808 5452 2007 5525 Ibidem
2041 5469 2170 5506 mss.
2203 5462 2331 5519 tres,

784 5522 906 5585 Πῶς
939 5520 1048 5575 οὖν.
1082 5523 1192 5577 Vox
1228 5520 1412 5577 ultima
1448 5520 1595 5578 deest
1624 5528 1674 5576 in
1711 5524 1944 5577 excusis.
1982 5525 2053 5578 Ex
2090 5526 2170 5576 his
2201 5539 2331 5575 con-

785 5603 892 5645 stat
937 5594 1148 5662 aliquod
1199 5595 1514 5649 dillerentize
1551 5611 1717 5658 genius
1766 5595 1816 5646 in
1861 5593 2019 5646 Patre
2059 5603 2112 5645 et
2144 5593 2333 5647 Filioa

787 5662 1002 5726 Basilio,
1035 5680 1177 5718 more
1205 5676 1258 5718 et
1284 5667 1525 5733 exemplo
1556 5663 1771 5717 Patrum
1807 5662 2138 5726 Grazcorum,
2178 5665 2335 5732 plane

787 5735 1036 5800 agnosci;
1084 5736 1237 5801 quale
1267 5745 1349 5788 est
1377 5736 1660 5797 videlicet,
1692 5736 1832 5801 quod
1883 5736 2149 5786 invenitur
2197 5737 2334 5787 inter

794 5818 1006 5858 causam
1033 5815 1086 5860 et
1117 5807 1168 5860 id
1216 5805 1356 5874 quod
1383 5806 1448 5860 ab
1487 5821 1547 5860 ea
1578 5815 1678 5871 est,
1714 5814 1802 5858 aut
1845 5804 2002 5874 quale
2049 5814 2152 5870 cst,
2193 5805 2332 5873 quod

2343 4954 2362 4983 ⁷
2389 4953 2544 5008 Joan.
2579 4969 2639 5018 ν,
2673 4953 2758 5007 18.

2429 1988 2532 2056 τῆς
2589 1988 2884 2057 δυνάμεως.
2923 1991 3174 2060 Χριστὸς,
3225 1989 3378 2059 φησὶ,
3428 1988 3560 2041 θεοῦ
3594 1990 3843 2060 δύναμις,
3893 1990 3988 2042 καὶ

2431 2079 2563 2133 Θεοῦ
2598 2082 2754 2149 σοφία
2778 2099 2789 2110 ·
2820 2083 2943 2151 ὅλης
2970 2085 3065 2153 τῆς
3096 2083 3364 2154 πατρικῆς
3399 2082 3678 2152 δυνάμεως
3707 2085 3990 2135 ἐναποκει-

2435 2171 2600 2240 μένης
2647 2170 2795 2240 αὑτῷ
2839 2171 3093 2240 δηλονότι.
3125 2175 3283 2226 Ὅθεν
3317 2175 3524 2244 ὅσαπερ
3571 2172 3636 2224 ἂν
3691 2172 3866 2245 βλέπῃ
3895 2173 3989 2225 τὸν

2432 2261 2648 2332 Πατέρα
2673 2260 2948 2326 ποιοῦντα,
2965 2263 3134 2315 ταῦτα
3166 2265 3257 2316 κα).
3284 2267 3312 2317 ὁ
3338 2265 3463 2328 Υἱὸς
3484 2263 3683 2334 ὁμοίως
3718 2265 3882 2314 ποιεῖ.

2496 2438 2654 2490 ΕΥΝ.
2702 2437 2901 2507 Ἀλλ’ή
2956 2440 3074 2490 κατ’
3110 2438 3315 2499 οὐσίαν,
3370 2439 3554 2511 φησιν,
3613 2437 3892 2509 ὁμοιότης,
3955 2437 3988 2506 ἢ

2431 2529 2732 2600 σύγκρισις,
2765 2532 2796 2600 ἢ
2825 2532 3096 2594 κοινωνία,
3131 2531 3395 2602 μηδεμίαν
3434 2534 3704 2602 ὑπεροχὴν
3735 2531 3768 2602 ἢ
3805 2531 3993 2598 διαφο-

2432 2620 2530 2689 ράν
2547 2620 2957 2683 καταλείπουσα,
2991 2623 3206 2693 ἰσότητα
3240 2623 3422 2691 σαφῶς
3449 2623 3820 2693 ἀπεργάζεται
3852 2621 3987 2691 (65).

2498 2798 2644 2849 ΒΑΣ.
2687 2795 2810 2859 Πῶς
2835 2790 2925 2849 οὖν
2947 2796 3199 2866 οὐδεμίαν
3219 2797 3478 2868 διαφορὰν
3501 2799 3836 2860 καταλείπι,
3868 2798 3992 2852 οὐδὲ

2425 2889 2524 2959 τὴν
2575 2891 2687 2952 τοῖς
2715 2887 2906 2951 αἰτίοις
2949 2888 3083 2958 πρὸς
3130 2888 3196 2940 τὰ
3227 2887 3286 2952 ἐξ
3315 2889 3490 2941 αὐτῶν
3533 2893 3988 2962 ὲνυπάρχουσαν;

2429 2978 2562 3034 Εἶτα
2595 2983 2790 3049 ἐπάγει
2812 2999 2823 3011 ο

2497 3075 2655 3128 ΕΥΝ.
2683 3076 2777 3136 Τίς
2803 3075 2859 3126 δὲ
2886 3073 3056 3136 οὕτως
3087 3073 3330 3142 ἀνόητος,
3363 3073 3395 3142 ἦ
3428 3071 3562 3143 πρὸς
3586 3073 3838 3125 ἀσέϐειαν
3871 3073 3994 3126 τολ-

2434 3167 2625 3237 μηρὸς,
2647 3167 2784 3220 ὥστε
2820 3167 2932 3220 ἴσον
2959 3169 3133 3220 εἰπεῖν
3154 3166 3245 3220 τὸν
3270 3166 3395 3219 Υιδν
3421 3165 3499 3237 τῷ
3519 3167 3693 3236 Πατρί
3713 3183 3728 3230 ;

2355 3227 2396 3284 C
2435 3227 2445 3234 '
2678 3259 2928 3327 Εἷπωμεν
2957 3258 3102 3328 αὐτῷ
3129 3259 3195 3310 τὰ
3223 3256 3316 3309 τοῦ
3334 3227 3608 3331 προτέήτου
3641 3258 3776 3328 πρὸς
3793 3258 3987 3310 ταῦτα·

2429 3349 2532 3411 ὅτι,
2561 3349 2738 3414 Ὀψις
2757 3351 2984 3415 πόρνης
3010 3347 3244 3415 ἐγένετό
3269 3361 3386 3399 σοι·
3413 3349 3992 3417 ἀπηναισχύντησας

2429 3440 2575 3508 πρὸς
2605 3439 2851 3504 πάντας.
2885 3440 2992 3491 Καὶ
3033 3439 3142 3509 γὰρ
3194 3442 3393 3493 ἐκεῖναι
3438 3444 3506 3495 τὰ
3550 3442 3756 3495 ἑαυτῶν
3814 3441 3991 3508 ὀνείδη

2427 3534 2537 3594 τοῖς
2570 3529 2779 3599 σεμνῶς
2811 3528 3097 3599 βεϐιωκόσι
3121 3530 3554 3601 προστρίϐονται·
3583 3535 3674 3584 καὶ
3697 3528 3850 3594 οὗτος
3866 3533 3992 3593 τοὺς

2428 3623 2524 3690 τὴν
2553 3621 2708 3685 δόξαν
2735 3621 2826 3674 τοῦ
2856 3621 3190 3689 Μονογενοῦς
3239 3620 3556 3692 μεγαλύνειν
3589 3622 3990 3692 ἐπιθυμοῦντας

2428 3716 2685 3785 ἀνοήτους
2732 3714 2995 3766 ἀποκαλεῖ
3037 3716 3129 3767 καὶ
3174 3716 3310 3785 πρὸς
3354 3714 3605 3768 ἀσέϐειαν
3650 3715 3988 3785 τολμηροὺς,

2428 3805 2518 3857 ἐπὶ
2540 3808 2648 3866 τοῖς
2675 3805 2854 3866 αὐτοῖς
2880 3804 3236 3874 χαλεπαίνων,
3264 3802 3439 3874 ὲφόἷς
3467 3807 3561 3858 καὶ
3588 3808 3990 3879 Ἰουδαῖοιπαρ-

2427 3898 2688 3963 ωξύνοντο
2741 3897 3042 3967 τηνικαῦτα
3099 3896 3346 3963 λέγοντες
3411 3899 3514 3961 ὅτι,
3555 3900 3728 3951 Ἴσον
3773 3898 3993 3951 ἑαυτὸν

2430 3989 2585 4044 ποιεῖ
2603 3987 2681 4053 τῷ
2715 3988 2851 4053 Θεῷ.
3851 4047 3856 4052 _

2498 4081 2587 4133 ΞΔ.
2618 4079 2806 4133 Καίτοι
2832 4097 2894 4147 γε
2931 4080 3043 4146 (καὶ
3077 4079 3261 4150 μηδενὶ
3291 4079 3586 4151 παράδοξον
3612 4081 3672 4133 τὸ
3701 4081 3990 4150 λεγόμενον

2428 4173 2572 4244 δόξῃ)
2601 4172 2798 4241 μᾶλλον
2840 4190 2953 4236 πως
2983 4173 3196 4224 ἐδόκουν
3227 4174 3418 4224 ἐκεῖνοι
3447 4174 3506 4225 τὸ
3537 4173 3824 4226 ἀκόλουθον
3872 4177 3992 4227 ἐπι-

2431 4270 2668 4320 ϐλέπειν.
2705 4269 3072 4336 Ἦγανὰκτουν
3118 4268 3244 4334 γὰρ,
3268 4269 3347 4318 ὅτι
3371 4270 3587 4337 Πατέρα
3613 4270 3806 4320 ἑαυτοῦ
3839 4271 3990 4338 ἔλεγε

2430 4364 2519 4415 τὸν
2549 4363 2678 4414 Θεόν
2706 4378 2718 4388 ·
2750 4362 2807 4412 τὸ
2845 4359 3039 4428 ἑφεξῆς
3071 4360 3159 4426 ἀφ’
3196 4357 3402 4410 ἑαυτῶν
3427 4359 3884 4429 συλλογιζόμενοι,
3909 4363 3991 4414 ὅτι

2430 4454 2518 4507 διὰ
2581 4452 2770 4505 τούτου
2827 4450 2939 4502 ἴσον
2996 4451 3184 4502 ἑαυτὸν
3236 4453 3376 4502 ποιεῖ
3433 4450 3542 4519 (66)
3604 4452 3681 4521 τῷ
3732 4453 3883 4522 Θεῷο
3915 4455 3992 4517 ὡς

2432 4546 2741 4614 ἀναγκαίως
2777 4543 3041 4614 ἑπομένου
3074 4541 3149 4610 τῷ
3180 4543 3391 4613 Πατέρα
3438 4543 3580 4613 ἔχειν
3610 4544 3698 4596 τὸν
3727 4545 3859 4598 Θεὸν
3897 4545 3989 4597 τοῦ

2435 4621 2551 4691 ἴσον
2572 4637 2679 4708 (67)
2709 4637 2967 4707 ὑπάρχειν
3003 4635 3165 4705 αὐτῷ.
3186 4636 3242 4687 '0
3265 4636 3340 4696 δὲ,
3373 4635 3432 4686 τὸ
3456 4635 3669 4704 πρῶτον
3694 4638 3991 4704 συγχωρῶν

2432 4729 2613 4799 δῆθεν,
2650 4728 2784 4798 πρὸς
2816 4727 2876 4778 τὸ
2905 4726 3153 4794 δεύτερον
3194 4726 3462 4780 ἀνανεύει.
3496 4729 3592 4779 καὶ
3622 4728 3718 4796 τὴν
3751 4727 3845 4779 τοῦ
3882 4730 3993 4780 Κυ-

2434 4822 2546 4891 ρίου
2576 4821 2756 4889 φωνὴν
2783 4823 2914 4888 ἡμῖν
2950 4817 3305 4890 προϐάλλεται
3353 4819 3631 4882 εἰπόντος’
3677 4820 3731 4872 Ὁ
3766 4820 3986 4888 Πατὴρ,

2833 4952 2854 4983 ⁸
2887 4952 3014 5006 ibid.

2431 5177 2696 5244 reperitur
2733 5178 2874 5231 inter
2913 5177 3237 5246 principium
3282 5187 3333 5231 et
3365 5177 3413 5230 id
3445 5178 3587 5246 quod
3631 5178 3698 5231 ab
3727 5194 3792 5233 eo
3827 5181 3988 5242 origi-

2432 5264 2550 5298 nem
2581 5249 2758 5301 trahit.
2791 5247 2893 5299 Sed
2923 5248 3048 5300 illud
3073 5246 3379 5301 diﬂ'erentiae
3406 5264 3574 5315 genus
3605 5261 3810 5301 natura!
3840 5253 3989 5304 idt-n-

2433 5320 2638 5369 titatem
2674 5319 2725 5371 in
2763 5317 2920 5370 Patre
2952 5327 3007 5371 et
3039 5316 3173 5372 Filio
3219 5334 3324 5372 non
3365 5320 3618 5381 destruit,
3671 5318 3780 5374 imo
3814 5321 3990 5375 ﬁrmat

2433 5401 2485 5439 ct
2515 5388 2843 5440 Cttttslaltiiil.

2504 5457 2615 5520 (66)
2657 5458 2791 5509 Edili
2825 5456 3013 5510 ἐποίει.
3043 5457 3111 5511 At
3138 5473 3266 5512 mss.
3297 5460 3456 5510 ποιεῖ.

2505 5527 2614 5595 (67)
2653 5527 2788 5579 Editi
2823 5527 2882 5578 τὸ
2928 5529 3062 5587 ἴσον,
3101 5529 3256 5582 male.
3289 5530 3464 5582 Codex
3497 5527 3842 5582 Colbertinus
3869 5545 3987 5582 cum

2438 5597 2645 5650 duobus
2679 5596 2858 5664 ltegiis
2882 5596 2975 5648 τοῦ
3011 5597 3143 5658 ἴσον,
3184 5599 3509 5667 benezquod
3541 5613 3596 5650 ιιι
3621 5599 3812 5652 melius
3837 5598 3991 5652 intel-

2437 5667 2654 5731 ligatur,
2679 5667 2808 5718 ordo
2835 5671 3114 5720 verborum
3146 5669 3220 5720 sic
3252 5669 3612 5720 itnunttamlus
3635 5680 3736 5733 est,
3763 5669 3854 5722 τοῦ
3882 5670 3989 5721 ἴτον

2437 5736 2695 5807 ὑπάρχειν
2730 5736 2871 5807 αὐτῴ
2907 5737 3167 5790 ἑπομένου
3195 5736 3269 5807 τῷ
3297 5737 3513 5809 Πατέρα
3544 5738 3686 5808 ἔχειν
3720 5740 3806 5793 τὸν
3839 5741 3986 5793 θεὸν.
