4230 6524
238 478 340 531 565

1333 480 1702 536 ADVERSUS
1742 477 2107 535 EUNOMIUM
2148 477 2274 533 LIB.
2319 477 2334 529 Ι

3337 477 3439 532 566

235 601 267 649 ό
303 595 411 665 (68)
460 598 698 665 πέμψας
719 615 812 667 με,
838 598 1045 668 μείζων
1065 619 1183 669 μου
1211 601 1371 654 ἐστί’
1403 601 1496 654 τοῦ
1539 601 1593 652 δὲ
1635 602 1790 654 Ἀπο-
1818 606 1862 660 Α
1893 616 1905 648 ι

1775 630 1790 639 -
1818 606 1862 660 Α
1893 598 2049 660 misit,
2086 597 2254 663 major
2283 611 2360 647 me
2389 603 2460 647 est
2487 596 2506 626 ⁹
2538 609 2550 646 :
2593 606 2690 646 nec
2714 591 2861 646 audit
2889 589 3220 661 Apostolum,
3253 591 3344 660 qui
3366 591 3445 643 di-

238 689 421 741 στόλου
449 688 694 756 λέγοντος
724 691 822 743 οὐκ
849 691 1032 744 ἀκούει
1058 691 1165 760 (69)
1198 693 1299 755 ὅτι,
1332 693 1441 761 Οὐχ
1492 693 1778 762 ἁρπαγμὸν

233 781 477 849 ἡγήσατο
500 778 559 831 τὸ
584 774 720 832 εἶναι
756 781 844 833 ίσα
887 780 1022 851 Θεῷ.
1055 781 1161 852 (70)
1195 782 1384 833 Καίτοι
1414 784 1461 833 εἰ
1510 782 1650 834 κατὰ
1687 781 1778 833 τὸν

235 872 327 925 σὺν
358 873 570 944 λόγονῆ
613 875 903 944 ἀγεννησία
952 875 1106 926 οὐσία
1155 869 1253 944 ἦν,
1311 875 1553 927 ἐϐούλετο
1590 875 1643 926 δὲ
1679 875 1778 944 τὴν

235 966 349 1018 κατ’
372 966 554 1018 οὐσίαν
581 965 848 1036 ὑπεροχὴν
887 965 1168 1030 ἐπιδεῖξαι,
1209 962 1358 1018 εἶπεν
1386 966 1449 1019 ἄν
1472 983 1484 994 ·
1534 966 1589 1017 '0
1618 965 1776 1032 ἀγέν-

233 1075 388 1125 νητος
415 1057 610 1127 μείζων
643 1075 742 1127 μου
774 1058 939 1110 ἐστίν.
982 1059 1274 1130 Ὑμέτερος
1307 1058 1361 1110 δέ
1389 1061 1530 1110 ἐστιν
1552 1059 1579 1109 6
1599 1057 1773 1124 λόγος,

231 1148 314 1199 ὅτι
364 1153 395 1217 ή
433 1148 521 1200 τοῦ
563 1147 771 1218 Πατρὸς
819 1149 1156 1220 προσηγορία
1209 1149 1484 1219 ἐνεργείας
1537 1149 1652 1199 ἐστὶ
1685 1147 1776 1199 καὶ

231 1240 332 1291 οὐκ
380 1240 564 1301 οὐσίας
609 1241 937 1309 σημαντικὴ.
990 1240 1225 1302 Μείζονα
1277 1235 1368 1292 οὖν
1410 1240 1653 1307 λέγοντες
1681 1239 1773 1290 τοῦ

230 1329 361 1382 Υίοῦ
391 1331 476 1383 τὸν
507 1329 739 1399 Πατέρα,
771 1329 990 1400 μείζονα
1019 1330 1111 1382 τοῦ
1136 1331 1294 1400 ἔργου
1327 1331 1460 1399 φατέ
1498 1333 1595 1398 τὴν
1627 1332 1776 1400 ἐνέρ-

228 1438 404 1489 γειαν.
438 1421 590 1472 Πᾶσα
623 1419 678 1472 δὲ
707 1421 873 1490 δήπου
919 1421 1027 1490 (71)
1081 1421 1326 1492 ἐνέργεια
1375 1421 1657 1490 συμϐαίνει
1700 1420 1776 1490 τῷ

231 1512 416 1582 μέτρῳ
452 1513 558 1572 τοῖς
610 1511 667 1576 ἐξ
705 1511 874 1580 αὐτῆς
904 1512 1236 1582 γινομένοιςο
1274 1516 1365 1566 καὶ
1424 1515 1628 1584 μεγάλη
1681 1513 1775 1581 μὲν

226 1601 334 1654 τῶν
370 1601 611 1670 μεγάλων
657 1602 830 1673 ἔργων
874 1602 1005 1665 ἐστὶ,
1044 1605 1248 1673 σμικρὰ
1275 1605 1330 1656 δέ
1360 1605 1465 1656 τῶν
1494 1604 1777 1676 σμικροτέ-

227 1710 357 1760 ρων.
396 1691 466 1742 Τὸ
517 1687 607 1744 οὖν
654 1694 872 1762 μείζονα
925 1693 1017 1744 τοῦ
1053 1694 1181 1746 Υίοῦ
1228 1695 1315 1746 τὸν
1374 1696 1588 1765 Πατέρα
1640 1693 1777 1746 κατὰ

223 1782 411 1834 τοῦτον
442 1784 530 1835 τὸν
580 1784 734 1852 λόγον
776 1784 1056 1853 ὁμολογεῖν
1107 1786 1256 1837 οὐδὲν
1305 1786 1487 1855 ἕτερον
1540 1789 1706 1848 ἐστιν,
1744 1786 1775 1855 ἢ

223 1874 572 1944 ἀσύμμετρον
734 1875 877 1945 ἔργῳ
928 1875 1166 1928 τίθεσθαι
1214 1877 1308 1946 τὴν
1356 1878 1649 1947 ἐνέργειαν,
1688 1878 1778 1929 καὶ

1881 690 1955 743 cit
1992 689 2131 757 quod
2158 701 2262 739 non
2299 686 2538 754 rapinam
2583 685 2879 739 arbitratus
2909 685 2981 739 sit
3018 699 3134 739 esse
3163 699 3222 738 se
3262 700 3445 753 aequa-

1877 782 1978 836 lem
2034 783 2141 835 Deo
2187 782 2250 834 ¹⁰.
2294 781 2548 849 Atquisi,
2605 791 2664 833 ut
2722 781 2874 841 dicis,
2923 778 3257 849 ingeneratio
3313 779 3444 833 sub-

1879 872 2072 926 stantia
2114 879 2278 936 esset,
2310 870 2671 938 voluissetque
2727 870 3088 939 praestantiam
3145 869 3439 924 secundant

1877 961 2236 1015 substantiam
2289 961 2592 1021 ostendere,
2629 959 2854 1013 dixisset
2904 958 3130 1028 utique:
3167 956 3442 1027 lngenltus

1877 1053 2047 1121 major
2080 1066 2162 1106 me
2187 1061 2291 1106 est.
2325 1050 2456 1104 Nam
2483 1049 2747 1104 sententia
2777 1059 2950 1104 vestra
2983 1052 3096 1104 haec
3131 1060 3235 1116 est,
3268 1050 3442 1105 Patris

1877 1143 2235 1212 appellatione
2251 1142 2611 1212 operationem
2631 1156 2734 1194 non
2754 1140 3106 1194 substantiam
3123 1141 3440 1210 signiﬁcari.

1875 1233 2061 1303 itaque
2083 1249 2202 1287 cum
2235 1233 2414 1287 dicitis
2450 1233 2662 1286 Patrem
2698 1232 2833 1285 Filio
2867 1232 3144 1300 majorem,
3171 1235 3441 1302 operatio-

1874 1342 1992 1380 nem
2027 1340 2188 1394 opere
2235 1325 2490 1394 majorem
2532 1325 2732 1378 dicitis.
2781 1325 2970 1379 Omnis
3003 1327 3145 1380 enim
3176 1327 3436 1395 operatio,

1875 1420 2222 1489 proportione
2258 1418 2576 1482 scrvata,iis
2605 1433 2722 1486 quae
2748 1433 2810 1472 ex
2845 1419 2933 1471 illa
2967 1419 3120 1484 ﬁunt,
3151 1411 3441 1490 congruit;

1873 1524 1926 1566 et
1969 1526 2159 1578 magna
2191 1511 2404 1579 quidem
2433 1526 2740 1579 magnorum
2761 1526 2978 1578 operum
2997 1521 3097 1574 est,
3121 1528 3284 1580 parva
3312 1528 3441 1569 vero

1875 1604 2162 1656 minorum.
2197 1602 2429 1655 Proinde
2455 1602 2707 1670 majorem
2745 1602 2880 1656 Filio
2906 1602 3114 1656 Patrem
3147 1605 3249 1658 hoc
3281 1606 3440 1661 modo

1875 1693 2138 1757 contiteri,
2175 1693 2305 1745 nihil
2336 1693 2477 1746 aliud
2503 1703 2605 1754 est,
2629 1708 2788 1761 quam
2823 1694 3259 1762 incongruentem
3283 1696 3436 1765 operi

1875 1783 2240 1852 Operationem
2276 1792 2533 1849 statuere,
2566 1794 2618 1835 et
2670 1784 2848 1838 dicere
2905 1786 3102 1839 frustra
3165 1786 3328 1840 Deum
3371 1789 3437 1842 ad

1880 1877 2210 1944 operationis
2236 1877 2657 1946 magnitudinem
2684 1887 3008 1931 commotum
3033 1894 3308 1943 esse,cum
3331 1894 3439 1935 non

225 1964 404 2033 μάτην
439 1965 661 2033 φάσκειν
693 1966 826 2036 πρὸς
861 1967 920 2018 τὸ
955 1967 1065 2037 (72)
1107 1968 1204 2036 τῆς
1234 1969 1510 2039 ἐνεργείας
1557 1969 1779 2038 μέγεθος
1811 1959 1850 2013 Β
1882 1987 1894 2037 ι

1767 1987 1779 2031 ;
1811 1959 1850 2013 Β
1882 1968 2113 2037 potuerit
2146 1968 2399 2023 effectum
2427 1970 2726 2039 operationi
2766 1972 3063 2039 adaequare.
3102 1972 3281 2036 Quare
3301 1972 3437 2026 duo-

219 2054 313 2106 τὸν
335 2055 462 2108 Θεὸν
486 2056 821 2126 κεκινῆσθαι,
855 2059 913 2110 οὐ
944 2058 1231 2129 δυνηθέντα
1260 2063 1322 2130 τῇ
1348 2062 1595 2131 ἐνεργείᾳ
1644 2079 1777 2130 παρ-

222 2146 419 2200 ισῶσαι
438 2149 493 2200 τὸ
521 2148 668 2211 τέλος
706 2151 864 2203 Ὥστε
894 2152 952 2204 τὸ
977 2153 1060 2204 ’έτε
1069 2170 1159 2223 ρον
1184 2155 1294 2205 τοῖν
1324 2153 1466 2206 δυοῖν
1499 2154 1777 2222 (75)ἀναγ-

218 2241 394 2304 καίως
415 2241 778 2295 διαπεσεῖται”
823 2244 852 2313 ἦ
891 2245 964 2314 μὴ
1000 2243 1189 2314 δηλοῦν
1223 2245 1499 2315 ἐνέργειαν
1537 2246 1625 2299 τὸν
1658 2248 1772 2299 Πα-

217 2336 375 2404 τέρα,
433 2334 566 2388 ἀλλὰ
596 2337 802 2399 οὐσίαν,
838 2339 930 2388 καὶ
958 2337 1128 2400 οἿιτως
1163 2338 1342 2400 αὐτοῖς
1374 2341 1400 2390 6
1451 2339 1769 2406 σεσοφισμέ-

217 2442 311 2489 νος
341 2425 438 2494 τῆς
467 2427 781 2497 ὁμοιότητος
812 2428 920 2497 (74)
949 2429 1099 2494 λόγος
1125 2429 1560 2497 διαγεγρὰέεται,
1591 2429 1771 2496 ὅμοιον

217 2516 298 2586 τῷ
352 2517 523 2590 Πατρὶ
567 2519 655 2570 τὸν
709 2519 832 2569 Υἱὸν
872 2517 1183 2585 τιθεμένων,
1225 2518 1484 2581 τουτέστι,
1518 2520 1580 2587 τῇ
1628 2520 1776 2586 ἐνερ-

218 2609 374 2679 γείᾳο
409 2605 516 2660 οἷον
568 2609 674 2676 γὰρ
729 2607 986 2675 ἠθέλησεν
1019 2611 1045 2659 6
1080 2607 1284 2679 Πατὴρ,
1317 2609 1480 2678 φησὶ,
1537 2610 1774 2661 τοιοῦτον

217 2700 472 2768 ἐποίησε,
524 2698 654 2750 καθὸ
701 2699 793 2749 καὶ
837 2699 1015 2750 εἰκόνα
1070 2698 1370 2768 βουλήσεως
1417 2699 1528 2770 (73)
1577 2701 1776 2770 ὀνομά-

218 2789 432 2853 ζουσιν·
470 2790 501 2859 ἢ
535 2789 690 2841 τοῦτο
725 2789 1112 2858 φυλάσσοντας,
1162 2791 1234 2862 μὴ
1276 2787 1412 2845 εἶναι
1449 2793 1624 2861 λέγειν
1662 2793 1776 2863 μεί-

219 2880 351 2945 ζονα
418 2881 506 2933 τον
590 2882 829 2952 Πατέρα.
889 2883 1209 2954 Ἐπειδήπερ
1281 2886 1423 2936 πᾶσα
1506 2884 1778 2954 ἐνέργεια,

221 2969 450 3042 μηδενὸς
487 2971 871 3044 ἀνθισταμένου
910 2974 1014 3026 τῶν
1040 2973 1253 3038 ἔξωθεν,
1313 2974 1619 3044 σύμμετρός
1667 2978 1782 3026 ἐστι

1881 2076 1996 2114 rum
2024 2062 2251 2114 alterum
2283 2062 2496 2115 eveniat
2530 2077 2748 2116 necesse
2796 2071 2900 2128 est,
2927 2074 2984 2117 ut
3015 2073 3104 2116 aut
3134 2063 3293 2117 Pater
3332 2079 3435 2119 nou

1878 2151 2141 2222 signiﬁcet
2173 2153 2673 2222 Operationem,sed
2704 2153 3285 2222 substantiam;sicque
3315 2169 3438 2208 eva-

1875 2255 2056 2299 nescet
2085 2248 2388 2316 excogitata
2409 2247 2472 2301 ab
2504 2246 2582 2301 eis
2607 2246 2969 2300 similitudinis
2997 2248 3153 2308 ratio,
3179 2262 3278 2315 qua
3307 2262 3402 2301 san
3421 2275 3437 2283 η

1874 2337 2022 2390 ciunt
2047 2337 2236 2392 Filium
2266 2337 2408 2391 Patri
2441 2338 2668 2392 similem
2706 2340 3168 2407 esse,operatione
3191 2339 3431 2394 scilicet:

1874 2430 2082 2497 qualem
2109 2431 2249 2484 enim
2281 2431 2444 2484 voluit
2469 2429 2643 2495 Pater,
2675 2431 2940 2499 inquiunt,
2968 2433 3119 2485 talem
3158 2433 3302 2498 fecit,
3333 2449 3438 2504 quo

1875 2522 2040 2576 etiam
2081 2533 2234 2590 pacto
2264 2523 2552 2578 voluntatis
2588 2523 2870 2591 imaginem
2893 2541 3014 2577 eum
3053 2534 3245 2578 vocant
3278 2543 3290 2578 :
3322 2536 3436 2591 aut,

1883 2615 1925 2670 si
1958 2615 2025 2668 ab
2057 2615 2156 2667 hoc
2189 2613 2289 2666 sibi
2326 2624 2566 2674 caveant,
2599 2629 2702 2666 non
2734 2615 2911 2667 dicent
2944 2613 3156 2668 Patrem
3185 2617 3433 2686 majorem

1885 2720 2028 2759 esse.
2068 2704 2195 2757 Nam
2223 2706 2464 2772 operatio
2493 2707 2686 2769 omnis,
2720 2714 2941 2760 externa
2973 2706 3112 2759 nulla
3137 2723 3192 2759 re
3223 2708 3437 2761 obstano

1884 2806 1953 2856 te,
1999 2796 2154 2848 liabet
2180 2811 2301 2849 cum
2335 2795 2612 2848 ell‘ectibus
2657 2797 2767 2848 suis
2822 2797 3238 2864 proportionem.
3264 2797 3439 2864 Atque

1884 2887 1995 2940 lucc
2022 2888 2085 2939 ad
2111 2885 2488 2938 confutandam
2519 2886 2750 2952 ipsorum
2787 2887 2836 2938 in
2869 2887 3202 2954 dogmatibus
3227 2885 3435 2940 dissen-

1884 2978 2087 3030 sionem
2119 2979 2254 3031 tliCla
2281 2979 2409 3031 sint.

217 3066 332 3126 τοῖς
381 3063 599 3128 οἰκείοις
646 3065 1062 3135 ἀποτελέσμασι.
1110 3065 1294 3118 Ταῦτα
1353 3066 1451 3135 μὲν
1512 3060 1603 3116 οὖν
1649 3064 1781 3133 πρὸς
1820 3064 2036 3138 ἔλεγχον
2062 3068 2159 3137 τῆς
2185 3069 2242 3121 ἐν
2270 3070 2380 3132 τοῖς
2407 3067 2667 3137 δόγμασιν
2723 3067 2898 3120 αὐτῶν
2955 3066 3304 3138 ἀσυμφωνίας
3328 3059 3437 3136 (76)

218 3156 474 3228 εἰρήσθω.

290 3248 380 3303 9.5.
434 3250 636 3301 Ἐκεῖνο
687 3251 741 3302 δὲ
774 3252 875 3301 τίνι
922 3251 1027 3300 τῶν
1077 3251 1292 3302 πάντων
1342 3249 1553 3318 ἄδηλον,
1598 3251 1678 3304 ὅτι
1716 3252 1843 3329 τὸς
1942 3251 1960 3303 Ξ

1766 3271 1843 3329 ic
1942 3250 2031 3303 25.
2076 3247 2202 3300 Illud
2224 3259 2398 3302 autem
2432 3250 2513 3301 cui
2546 3263 2646 3302 non
2681 3259 2760 3303 est
2793 3250 3148 3318 perspicuum,
3173 3249 3312 3316 quod
3337 3249 3436 3302 ali-

218 3338 409 3412 μεῖζον
460 3341 492 3410 ἦ
533 3340 670 3392 κατὰ
719 3341 805 3392 τὸν
850 3340 948 3408 τῆς
992 3341 1167 3404 αἰτίας
1204 3341 1356 3409 λόγον
1401 3343 1529 3412 (77),
1565 3343 1596 3412 ἢ
1639 3343 1775 3395 κατὰ

221 3433 312 3485 τὸν
358 3434 454 3501 τῆς
505 3432 782 3501 δυνάμεως
845 3434 1206 3504 πλεονασμὸν,
1253 3436 1285 3506 ἦ
1336 3437 1473 3488 κατὰ
1533 3436 1627 3504 τὴν
1679 3434 1771 3486 τοῦ

220 3518 528 3587 ἀξιώματος
561 3521 846 3592 ὑπεροχὴν,
871 3524 902 3593 ἦ
936 3525 1072 3577 κατὰ
1103 3525 1334 3595 τὴντῶν
1359 3526 1531 3590 ὄγκων
1563 3542 1777 3594 περιου-

220 3609 345 3661 σίαν
387 3609 629 3676 λέγεται;
682 3615 834 3667 Κατὰ
880 3617 974 3684 μὲν
1021 3613 1111 3668 οὖν
1163 3615 1251 3666 τὸν
1298 3616 1455 3682 ὄγκον
1507 3616 1578 3684 μὴ
1639 3616 1779 3685 εἰλῆ-

323 3787 343 3816 ⁹
373 3785 524 3839 Joan.
559 3803 664 3850 xlv,
715 3785 805 3841 28.
881 3786 920 3817 '°
956 3787 1128 3857 Philip
1174 3803 1241 3851 ιι,
1268 3788 1322 3844 6.

297 3941 408 4011 (68)
451 3941 671 3996 Veteres
723 3942 939 4014 aliquot
983 3941 1100 3995 libri
1154 3943 1478 4014 comeditis,
1527 3946 1553 3994 6
1594 3944 1780 4014 Πατήρ

225 4031 329 4081 μου
358 4014 404 4064 6.
437 4014 535 4083 Alii
580 4014 791 4064 codices
825 4013 1057 4066 melioris
1089 4022 1244 4072 noue,
1277 4014 1303 4062 6
1333 4013 1517 4083 Πατὴρ
1548 4017 1592 4065 6.

297 4083 410 4150 (69)
449 4082 578 4143 Reg.
620 4083 806 4133 tertius
851 4083 901 4132 in
938 4091 1186 4135 contextu
1227 4083 1438 4147 quidem
1487 4082 1642 4136 liabet
1682 4085 1778 4136 οὐκ

221 4150 413 4204 ἀκούει
442 4168 454 4201 :
484 4151 574 4201 sed
613 4153 662 4201 in
696 4165 786 4200 ora
837 4151 953 4203 libri
993 4155 1151 4204 habet
1182 4153 1279 4204 οὐκ
1319 4152 1553 4214 ἀκούεις.
1590 4156 1782 4205 Statim

223 4223 358 4293 editi
389 4221 632 4293 ἡγήσατο
671 4215 998 4293 εἶναιζιιι-ιιιί
1029 4233 1233 4273 veteres
1264 4226 1504 4293 ἡγήσατο
1531 4224 1590 4274 τὸ
1625 4220 1778 4276 εἶναι.

299 4291 409 4360 (70)
441 4291 510 4341 Ita
543 4292 640 4342 hoc
671 4291 786 4343 loco
810 4289 1033 4344 Basilius
1069 4289 1402 4344 adversarius
1431 4296 1689 4355 aduritur,
1727 4308 1783 4346 ut

225 4377 323 4415 eos
360 4363 471 4412 suis
513 4361 750 4426 ipsorum
791 4361 956 4413 armis
998 4361 1289 4416 eoulodiat.
1324 4363 1508 4416 Dicitis
1538 4380 1655 4425 vos,
1704 4365 1779 4416 in-

224 4434 346 4496 quit
377 4430 619 4490 Basilius,
653 4447 843 4484 nomen
876 4431 1048 4484 Patris
1089 4435 1476 4498 operationem,
1514 4450 1614 4485 non
1655 4437 1781 4486 sub.

224 4502 482 4552 stantiam
514 4501 767 4554 indicare.
805 4500 864 4553 ιιι
895 4511 1068 4552 autem
1105 4502 1145 4553 si
1177 4516 1357 4554 verum
1389 4514 1488 4561 est,
1523 4505 1644 4555 binc
1676 4505 1782 4555 elli-

225 4572 396 4628 citur,
441 4569 647 4621 l‘atrem
694 4585 794 4621 non
829 4572 1120 4623 substantia
1160 4571 1292 4624 Filio
1344 4572 1598 4640 majorem
1642 4590 1779 4634 εδει»,

227 4640 324 4692 sed
359 4641 668 4703 operatione
699 4642 974 4691 duntaxat.

306 4707 416 4774 (71)
445 4709 587 4780 [illiti
611 4718 662 4780 et
698 4724 834 4780 unus
858 4725 960 4780 ms.
986 4710 1137 4761 Πᾶσα
1168 4711 1273 4780 γὰρ
1299 4710 1487 4776 δήπου.
1521 4712 1619 4762 Alii
1656 4727 1786 4778 qua-

231 4790 357 4849 tuor
393 4791 516 4849 mss.
548 4779 700 4830 Πᾶσα
813 4777 1000 4847 δήπου.
1043 4777 1326 4849 Aliquanto
1365 4791 1482 4848 post
1514 4787 1615 4831 duo
1658 4777 1783 4832 mss.

227 4850 266 4919 ἢ
301 4846 662 4919 ἀσυμμέτρως
687 4847 785 4914 τῷ.

303 4919 416 4989 (72)
451 4917 557 4989 Illa,
591 4920 720 4989 πρὸς
749 4918 827 4980 τό,
860 4927 987 4976 ctc.,
1019 4917 1120 4972 hoc
1146 4936 1304 4974 sensu
1336 4921 1470 4973 dicta
1504 4919 1667 4971 fuisse
1702 4935 1786 4972 ar-

228 4986 428 5043 bitror.
460 4986 670 5040 Patrem
715 4989 850 5041 Filio
888 4988 1142 5056 majorem
1175 5007 1293 5044 esse
1325 4993 1366 5044 si
1407 4990 1784 5056 proﬁteamini,

229 5072 572 5126 ronsequens
602 5067 683 5109 est
717 5069 772 5111 ut
811 5059 1002 5111 dicatis
1030 5057 1192 5111 Deum
1239 5063 1432 5113 l‘rustra
1470 5063 1519 5111 in
1552 5062 1600 5111 id
1643 5061 1790 5112 ineu-

229 5130 438 5190 buisse,
473 5138 525 5180 ut
561 5143 807 5196 magnotu
842 5131 1123 5195 quemdam
1154 5128 1398 5182 elﬁectum
1432 5131 1633 5196 ederet,
1666 5146 1786 5181 cum

228 5200 378 5266 quod
399 5199 780 5264 velletassequi
811 5216 912 5252 non
943 5199 1192 5267 potuerit.
1218 5197 1321 5251 ista
1345 5210 1425 5253 est
1447 5200 1586 5251 enim
1617 5209 1789 5252 vestra

228 5271 522 5328 sententia,
561 5270 873 5335 productum
902 5286 1002 5322 non
1039 5268 1201 5320 fuisse
1227 5283 1255 5319 a
1286 5270 1408 5332 Deo,
1446 5285 1564 5321 cum
1597 5270 1786 5322 Filium

229 5340 438 5405 genuit,
483 5339 729 5392 cﬂectum
765 5341 1092 5405 quempiam,
1127 5340 1214 5405 qui
1246 5351 1338 5390 aut
1378 5341 1670 5407 operationi
1703 5356 1787 5392 re-

231 5410 518 5474 spondeat,
563 5417 654 5460 aut
689 5423 805 5460 cum
838 5423 896 5460 ea
932 5411 1327 5474 proportionem
1378 5410 1568 5461 habeat
1604 5410 1785 5462 ullam.

235 5479 312 5532 lix
343 5493 446 5545 quo
473 5480 527 5528 lit
559 5489 608 5530 ut
637 5479 812 5539 Pater,
847 5495 965 5530 eum
991 5477 1182 5531 Filium
1213 5480 1511 5548 generavit,
1546 5494 1655 5532 rem
1686 5496 1788 5532 non

234 5550 308 5603 ita
346 5562 585 5613 magnam
629 5549 954 5616 produxerit.

307 5617 421 5684 (75)
462 5617 641 5670 Ὥστε
673 5619 737 5671 τὸ
765 5618 965 5684 ἕτερον
991 5618 1117 5670 τοῖν
1150 5617 1338 5679 δυοῖν,
1368 5629 1473 5674 etc.
1505 5617 1670 5671 Totus
1705 5618 1791 5671 hic

235 5690 387 5741 locus
415 5688 494 5741 sic
533 5689 740 5741 videtur
784 5690 1080 5741 reddendus
1112 5707 1124 5741 :
1162 5688 1344 5756 Itaque
1385 5690 1691 5740 alterutrum
1729 5705 1791 5738 ex

233 5761 438 5810 duobus
472 5760 760 5810 necessario
790 5759 1084 5819 admittant,
1122 5760 1195 5810 ita
1227 5771 1278 5810 ut
1304 5759 1379 5809 vel
1411 5756 1570 5809 Pater
1592 5777 1690 5811 non
1718 5759 1790 5809 si-

237 5829 446 5895 gniﬁcet
495 5829 862 5895 operationem,
900 5830 988 5880 sed
1040 5830 1384 5881 substantiam
1440 5829 1633 5894 (sicque
1685 5828 1791 5879 illis

237 5911 496 5951 erattescet
532 5900 822 5964 excogitata
871 5899 1230 5952 similitudinis
1277 5901 1428 5964 ratio,
1470 5902 1592 5950 dum
1643 5896 1790 5949 I'atri

1881 3339 2003 3406 quid
2026 3338 2123 3392 diei
2154 3337 2320 3391 possit
2353 3335 2542 3402 majus,
2563 3349 2650 3392 aut
2682 3340 2887 3392 ratione
2916 3354 3110 3402 cattstr,
3140 3347 3434 3405 autpoten-

1880 3432 1964 3484 tia:
1997 3430 2366 3494 redundantia,
2389 3439 2480 3482 aut
2508 3429 2819 3483 excellentia
2854 3429 3144 3498 dignitatis,
3170 3440 3262 3483 aut
3283 3430 3437 3485 molis

1886 3523 2248 3591 magnitudine
2281 3521 2302 3573 ’ἰ
2334 3522 2513 3588 Itaque
2558 3536 2661 3574 non
2720 3521 2885 3587 accipi
2931 3521 3099 3588 majus
3147 3521 3435 3575 secundum

1887 3617 2392 3684 magnitudinem,et
2423 3615 2505 3668 hic
2537 3615 2649 3682 ipse
2681 3613 2824 3680 prior
2850 3612 3257 3684 dixit;236et
3284 3613 3439 3683 plane

1889 3944 2105 3996 similem
2160 3943 2356 3995 Filium
2400 3945 2598 4006 dicunt,
2657 3946 2710 3995 id
2758 3954 2828 3997 est
2869 3945 3156 4009 operationi
3187 3957 3205 3996 :
3235 3948 3438 4013 qualem

1885 4014 2015 4066 enim
2061 4015 2216 4064 coluit
2277 4013 2451 4076 Pater,
2499 4015 2757 4080 inquiunt,
2797 4015 2948 4067 talem
2994 4015 3162 4081 fecit:
3204 4021 3338 4066 unde
3391 4023 3437 4065 et

1885 4085 2154 4149 imaginem
2191 4083 2463 4136 voluntatis
2503 4084 2650 4136 illum
2701 4085 3019 4150 appellant);
3057 4086 3131 4136 vel
3157 4087 3199 4137 si
3231 4086 3285 4136 id
3315 4084 3439 4137 reti—

1893 4167 2027 4214 nent,
2055 4152 2223 4212 maior
2258 4151 2394 4204 Filio
2431 4154 2586 4204 Pater
2621 4155 2721 4204 diri
2760 4171 2858 4205 non
2885 4156 3068 4218 possit.

1961 4222 2070 4289 (7.4)
2106 4225 2280 4275 (iudex
2330 4224 2477 4275 Colb.
2513 4240 2631 4274 cum
2673 4223 2802 4291 Reg.
2840 4224 2995 4276 tertio
3039 4222 3437 4292 ἀνομοιότητος,

1889 4305 2156 4371 corrupte.
2189 4294 2288 4345 Alii
2322 4311 2446 4371 mss.
2479 4305 2529 4371 et
2571 4295 2695 4346 editi
2737 4291 3271 4371 6_j.tOt6:neo;,_recle.
3307 4291 3438 4345 illud

1889 4365 2028 4425 quod
2058 4378 2176 4414 mox
2210 4365 2468 4429 sequitur,
2501 4365 2681 4430 ὅμοιον
2707 4365 2782 4430 τῷ
2811 4374 2938 4426 ete.,
2973 4365 3039 4414 ita
3081 4365 3439 4430 interpretans

1889 4432 2298 4499 'l'rapczuntius,
2334 4448 2446 4482 cum
2501 4430 2646 4481 Patri
2689 4430 2908 4492 Filium,
2945 4433 2999 4482 id
3044 4441 3118 4483 est
3153 4433 3439 4496 operationi

1887 4505 2105 4552 similem
2153 4500 2485 4559 arbitrentur.
2519 4517 2735 4553 sensum
2783 4504 3063 4552 verborum
3115 4503 3216 4553 alio
3249 4503 3432 4552 detor-

1842 4626 1856 4657 ἱ
1889 4574 1973 4649 sit.
1996 4571 2110 4657 illoc
2137 4572 2263 4622 diett
2286 4569 2531 4657 Iri‘asilius,
2565 4573 2809 4650 arbitrari
2842 4571 3218 4626 Eunomianos.
3248 4570 3438 4624 Filium

1887 4643 2116 4693 similem
2149 4656 2266 4691 esse
2297 4639 2436 4691 Patri
2468 4641 2796 4706 operatione.

1961 4710 2070 4778 (75)
2110 4711 2233 4775 lteg.
2278 4710 2465 4763 tertius
2514 4711 2694 4762 εἰκόνα
2740 4710 2952 4779 βουλῆς.
3007 4710 3155 4773 Illud,
3208 4709 3240 4779 ἢ
3283 4708 3441 4762 τοῦτο

1890 4781 2277 4848 φυλάσσοντας,
2312 4781 2386 4830 sic
2413 4783 2569 4833 debet
2599 4783 2784 4846 accipi.
2812 4783 2915 4832 Aut
2947 4782 2987 4832 si
3023 4781 3202 4832 dicunt
3236 4796 3336 4832 non
3363 4784 3440 4832 si-

1891 4851 2131 4919 gltiliCal‘i
2180 4851 2530 4919 substantiam
2579 4851 2935 4918 appellatione
2970 4848 3164 4911 Patris,
3197 4853 3287 4902 sed
3312 4864 3439 4916 ope-

1893 4918 2171 4978 rationem,
2201 4919 2281 4970 Vel
2331 4918 2482 4972 inviti
2533 4919 2802 4973 fateantur
2845 4934 3061 4972 necesse
3101 4930 3180 4972 est
3227 4919 3439 4971 Patrem

1890 4990 2026 5041 Filio
2065 4989 2321 5055 majorem
2370 5005 2473 5043 non
2521 5006 2656 5044 esse.
2695 4991 2926 5050 Etenim,
2957 4998 3012 5040 ut
3040 4990 3114 5041 ait
3144 5005 3264 5042 mox
3293 4988 3440 5041 Basi—

1890 5059 2014 5116 lius,
2051 5062 2294 5125 operatio
2325 5062 2498 5113 onmis
2527 5061 2681 5113 liabet
2712 5075 2830 5111 cum
2863 5060 2975 5110 suis
3002 5057 3278 5111 cll'ectibus
3320 5073 3442 5126 pro.

1890 5131 2208 5196 portionem.
2242 5131 2371 5181 Cum
2420 5132 2577 5195 igitur
2624 5130 2862 5195 operatio
2905 5129 3075 5179 Patris
3114 5129 3316 5180 inﬁnita
3347 5128 3438 5187 sit,

1890 5210 1942 5251 et
1975 5201 2084 5267 ipse
2119 5215 2328 5266 quoque
2359 5197 2578 5251 eﬂ‘tzctus
2616 5199 2850 5250 inﬁnitus
2890 5213 3008 5249 esse
3038 5198 3214 5256 debet,
3244 5197 3439 5267 alioqui

1892 5266 2000 5322 nec
2031 5270 2325 5322 similitudo
2357 5283 2452 5322 nec
2489 5272 2761 5337 proportio
2791 5278 2932 5322 esset
2972 5269 3337 5334 operationem
3366 5266 3442 5318 in-

1897 5350 1975 5393 ter
2009 5350 2059 5390 et
2091 5337 2356 5390 eli'ectttm.

1960 5408 2068 5476 ('76)
2114 5409 2250 5461 Editi
2297 5420 2349 5461 et
2379 5408 2508 5476 Reg.
2542 5409 2756 5475 quintus
2799 5409 2974 5463 αὐτῶν
3023 5405 3357 5475 συμφωνίας,
3389 5415 3441 5460 et

1893 5479 1962 5530 ita
1996 5481 2193 5546 legerat
2225 5481 2508 5548 interpres,
2537 5496 2656 5532 cum
2691 5481 2932 5539 verterit,
2969 5481 3033 5530 ad
3069 5477 3441 5545 reprehenden-

1891 5552 2011 5599 dam
2060 5553 2282 5614 ipsorum
2336 5552 2386 5600 in
2433 5549 2755 5617 dogmatibus
2797 5550 3146 5602 concordiam.
3199 5548 3299 5599 Alii
3347 5561 3439 5599 sex

1893 5635 2020 5669 mss.
2082 5619 2470 5687 ἀσυμφωνίας,
2514 5622 2579 5670 ad
2636 5623 3044 5688 redarguendam
3100 5620 3328 5684 ipsorum
3388 5621 3442 5668 in

1891 5693 2211 5754 dogmatibus
2248 5691 2585 5747 discordiam,
2619 5692 2834 5755 optime.

1963 5753 2072 5828 (77)
2100 5759 2326 5812 Codices
2362 5761 2462 5812 duo
2496 5761 2526 5829 ἦ
2557 5753 2674 5812 κατ-⁸
2711 5761 2867 5811 αὐτὸν
2903 5761 2994 5812 τὸν
3034 5758 3129 5826 τῆς
3149 5756 3334 5829 ,αἰτίας
3358 5753 3443 5829 λ-ό-

1892 5845 2004 5895 γον.
2035 5825 2229 5882 lbidt'tn
2265 5830 2388 5880 editi
2422 5841 2474 5882 et
2518 5825 2658 5882 imus
2698 5844 2796 5880 IIIS.
2827 5832 2856 5898 ἦ
2902 5831 3017 5882 κατ’
3047 5825 3203 5879 αὐτὸν
3232 5825 3319 5876 τὸν
3349 5827 3440 5894 τῆς

1894 5899 2186 5968 δυνάμεως.
2220 5900 2318 5953 Alii
2348 5915 2438 5955 sex
2469 5917 2595 5955 mss.
2638 5900 2668 5968 ἢ
2699 5899 2835 5951 κατὰ
2869 5902 2956 5951 τὸν
2983 5900 3080 5966 τῆς
3105 5898 3262 5949 δυν...
