4230 6498
818 437 923 493 567

2124 434 2180 487 S.
2221 432 2459 488 BASILII
2493 432 2701 486 MAGNI

3931 432 4033 488 568

815 570 904 611 ms
928 554 999 608 ita
1033 567 1091 607 se
1120 553 1312 616 habet;
1344 565 1463 605 cum
1498 552 1547 603 in
1582 550 1949 619 magnitudine
1972 551 2142 619 majus
2168 560 2370 604 tantum
2403 561 2441 610 Λ
2474 570 2485 599 ι

2358 568 2370 600 ι
2403 561 2441 610 Λ
2474 551 2602 617 φθαι
2629 550 2688 602 τὸ
2716 551 2895 618 μεῖζον
2928 550 3039 619 (78)
3070 550 3227 610 αὑτός
3258 564 3314 600 τε
3349 542 3497 611 οὗτος
3528 548 3813 619 προλαϐὼν
3845 548 4027 619 ἔφησε,

816 650 905 709 sil,
936 654 1197 714 quantum
1225 653 1278 697 et
1309 645 1483 697 minus
1521 654 1575 696 et
1612 644 1857 711 amplius.
1892 644 2019 709 Qua:
2069 646 2211 697 enim
2260 661 2371 697 ma-

817 736 1094 803 gnitudine
1151 751 1251 786 non
1304 740 1522 800 possunt
1575 732 1989 799 comprehendi,
2027 734 2132 784 imo
2183 734 2374 799 potius,

815 842 933 893 qua:
974 824 1337 893 magnitudine
1388 837 1452 876 ac
1483 823 1780 890 quantitate
1829 824 2046 875 omnino
2081 833 2288 885 carent,
2315 839 2374 876 ea

814 916 938 985 quis
961 916 1127 983 possit
1162 914 1299 967 inter
1328 928 1385 967 se
1415 914 1643 967 dimetiri
1667 913 1822 981 ?qua:
1840 923 2015 967 autem
2044 929 2146 967 non
2176 925 2379 982 queunt

817 1008 953 1060 inter
980 1021 1039 1060 se
1075 1006 1394 1073 comparari,
1425 1006 1689 1073 quomodo
1731 1007 1783 1059 in
1823 1008 1885 1059 iis
1920 1008 1970 1060 id
2004 1011 2142 1075 quod
2172 1010 2377 1062 excedit

816 1107 1170 1165 cognoscetur
1212 1096 1235 1149 ?
1270 1096 1453 1150 Dicere
1492 1106 1667 1149 autem
1725 1097 1997 1150 Christum
2048 1099 2137 1151 Dei
2194 1108 2379 1167 poten-

818 1190 966 1253 tiam,
1006 1188 1237 1255 potentia
1263 1186 1570 1239 inferiorem
1606 1201 1744 1250 esse,
1782 1188 1933 1241 valde
1964 1189 2165 1255 puerile
2200 1198 2300 1253 est,
2325 1198 2379 1241 et

815 1296 1001 1335 eorum
1030 1280 1120 1347 qni
1150 1294 1215 1332 ne
1245 1278 1527 1331 audierunt
1556 1280 1765 1345 quidem
1807 1293 1989 1331 vocem
2033 1280 2260 1341 Domini,
2288 1284 2375 1345 qni

816 1376 950 1428 dixit
981 1392 993 1427 :
1032 1374 1141 1442 Ego
1170 1382 1215 1425 et
1264 1369 1424 1423 Pater
1466 1388 1624 1423 unum
1679 1388 1857 1423 sumus
1888 1371 1928 1401 ¹¹
1959 1387 1970 1421 :
1999 1374 2193 1440 quique
2229 1373 2373 1434 illud,

816 1482 1000 1529 unum,
1030 1480 1125 1533 pro
1164 1463 1465 1531 aequalitate
1497 1464 1744 1532 potentia:
1786 1466 2007 1532 accepit,
2051 1476 2105 1517 ut
2150 1482 2211 1519 ex
2250 1468 2377 1533 ipsis

818 1557 1087 1625 Evangelii
1126 1558 1299 1609 verbis
1326 1558 1691 1610 ostendemus.
1734 1555 1863 1609 Cum
1903 1558 2042 1610 enim
2066 1558 2285 1612 dixisset
2313 1561 2377 1612 de

818 1650 882 1703 iis
908 1650 998 1717 qni
1030 1648 1358 1702 crediderant
1384 1666 1394 1700 :
1423 1646 1617 1701 Nullus
1659 1664 1744 1702 eos
1789 1665 1816 1702 ε
1867 1665 2021 1702 manu
2051 1667 2159 1703 mea
2178 1654 2377 1718 rapiet;

814 1748 889 1802 et,
939 1738 1098 1791 Pater
1147 1740 1233 1807 qui
1278 1738 1402 1791 mihi
1450 1741 1628 1801 dedit,
1673 1740 1841 1808 major
1892 1742 2269 1806 omnibusut;
2302 1754 2374 1807 et,

820 1830 1014 1887 Nullus
1043 1851 1069 1885 ε
1093 1849 1249 1885 manu
1299 1830 1476 1885 Patris
1511 1833 1610 1885 mei
1634 1842 1796 1901 potest
1850 1850 2051 1898 rapere,
2082 1834 2326 1902 adjunxit
2362 1854 2372 1888 :

816 1923 930 1995 Ego
950 1936 997 1978 et
1030 1923 1189 1977 Pater
1211 1942 1369 1977 unum
1394 1942 1567 1978 sumus
1600 1927 1664 1987 η,
1696 1927 1773 1979 sic
1799 1934 1855 1979 ut
1877 1936 2057 1993 aperte
2087 1943 2247 1979 unum
2279 1944 2372 1996 pro

816 2016 1120 2083 aequalitate
1161 2030 1222 2069 ac
1255 2016 1527 2070 identitate
1558 2016 1806 2084 potentia:
1834 2015 2080 2085 accipiat.
2112 2016 2371 2072 Praeterea

814 2108 857 2160 si
890 2108 979 2160 Dei
1011 2109 1185 2169 sedes,
1223 2117 1279 2160 ut
1308 2123 1400 2162 nos
1420 2108 1709 2170 credimus,
1731 2108 2005 2176 dignitatis
2045 2123 2236 2163 nomen
2269 2120 2371 2173 est,

816 2200 900 2253 illa
935 2198 1067 2253 Filio
1096 2215 1122 2251 a
1173 2198 1377 2255 dextris
1423 2199 1598 2252 Patris
1628 2199 1895 2269 assignata
1930 2199 2085 2254 sedes
2118 2201 2371 2269 quidnam

816 2291 957 2344 aliud
988 2306 1144 2358 quam
1174 2290 1450 2357 dignitatis
1489 2291 1844 2359 aequalitatem
1880 2292 2145 2361 signiﬁcat
2174 2292 2198 2346 ἲ
2235 2292 2371 2359 Quin

814 2393 868 2436 et
900 2384 1158 2437 Dominus
1194 2384 1243 2435 in
1299 2384 1460 2453 gloria
1517 2384 1690 2438 Patris
1740 2396 2021 2439 venturum
2069 2400 2128 2440 se
2159 2387 2372 2451 pollice-

816 2474 979 2528 tur".
1007 2474 1282 2544 lteliquum
1315 2485 1395 2531 est
1430 2478 1610 2545 igitur,
1644 2488 1700 2530 ut
1732 2494 1829 2529 vox
1866 2478 2037 2544 majus
2071 2478 2153 2530 hic
2183 2493 2372 2531 secun-

814 2568 937 2619 dum
970 2583 1143 2620 causa:
1194 2568 1449 2621 rationem
1492 2570 1721 2621 dicatur.
1757 2568 1885 2620 Nam
1922 2569 2173 2635 quoniam
2205 2584 2234 2622 a
2271 2567 2370 2621 Pa-

819 2666 899 2709 tre
919 2657 1069 2725 origo
1103 2667 1183 2709 est
1211 2655 1349 2718 Filii,
1385 2656 1483 2711 boc
1523 2658 1689 2721 major
1711 2670 1791 2712 est
1825 2658 2001 2721 Pater,
2038 2660 2177 2729 quod
2212 2674 2370 2712 causa

817 2748 885 2799 sit
907 2759 958 2799 et
984 2747 1322 2815 principium.
1350 2747 1686 2816 QuaprOpter
1716 2758 1768 2801 et
1792 2748 2047 2803 Dominus
2084 2750 2159 2802 sic
2186 2749 2319 2801 dixit
2358 2770 2368 2803 :

822 2840 977 2892 Pater
1005 2858 1145 2893 meus
1187 2857 1264 2893 me
1294 2842 1462 2908 major
1494 2852 1588 2907 est,
1622 2852 1776 2908 prout
1826 2842 1983 2896 Pater
2009 2842 2266 2896 videlicet.
2307 2841 2372 2894 ll-

814 2934 1133 2994 laudantem,
1172 2930 1367 2996 Pater,
1404 2932 1532 2999 quid
1587 2931 1726 2986 aliud
1778 2934 1975 2988 indicat
2012 2934 2111 2988 nisi
2157 2950 2369 2988 causam

817 3034 975 3090 atque
1014 3024 1273 3094 originem
1310 3037 1428 3077 esse
1474 3023 1589 3089 ejus
1618 3023 1710 3092 qui
1740 3040 1803 3077 ex
1836 3025 1949 3091 ipso
1996 3026 2208 3095 genitus
2246 3025 2371 3078 est?

820 3114 1050 3181 Denique
1098 3117 1388 3170 secundum
1438 3126 1665 3169 vestram
1706 3120 2041 3186 sapientiam,
2076 3118 2369 3169 substantia

816 3206 929 3272 ipsa
962 3208 1253 3260 substantia
1294 3224 1394 3262 non
1428 3211 1620 3263 dit'ilttl‘
1651 3209 1816 3277 major
1851 3219 1941 3264 aut
1971 3211 2162 3264 minor.
2199 3210 2371 3275 Quare

813 3312 865 3352 et
910 3298 1197 3353 secundum
1263 3298 1379 3353 illos
1442 3300 1610 3367 ipsos,
1654 3312 1707 3355 et
1753 3302 2040 3356 secundum
2094 3304 2370 3356 veritatem

816 3393 1005 3458 ipsam,
1043 3406 1141 3443 vox
1192 3391 1402 3458 majoris
1452 3407 1569 3459 qua:
1625 3402 1875 3460 usurpata
1908 3402 2009 3453 est,
2045 3394 2185 3444 nullo
2217 3406 2372 3460 pacto

816 3482 1171 3545 priestantiam
1206 3483 1497 3536 secundum
1552 3483 1898 3535 substantiam
1944 3483 2224 3552 signiﬁcat.
2263 3483 2369 3538 Nec

817 3588 941 3626 vero
980 3575 1067 3627 hic
1100 3574 1213 3643 ipse
1247 3576 1407 3629 Deum
1446 3574 1654 3630 Patrem
1681 3574 1932 3643 majorem
1966 3576 2160 3630 dixerit
2185 3591 2370 3631 secun-

814 3666 936 3716 dum
974 3668 1187 3727 molem,
1214 3669 1305 3737 qui
1362 3670 1564 3722 scilicet
1609 3670 1874 3733 statuerit,
1918 3670 2265 3737 quantitatem
2319 3672 2367 3723 in

817 3755 921 3808 Deo
949 3757 1165 3827 intelligi
1200 3774 1301 3813 non
1344 3770 1609 3829 Oportere.
1633 3762 1881 3828 Superest
1914 3762 2072 3829 igitur
2102 3763 2167 3827 is,
2209 3778 2365 3833 quem

815 3862 909 3898 nos
950 3847 1194 3911 diximus,
1242 3851 1458 3918 majoris
1509 3850 1713 3914 modus,
1760 3851 2367 3920 principii,inquam,et

814 3950 1005 3987 causae.
1037 3936 1204 4001 Quam
1246 3941 1422 4007 itaque
1456 3941 1834 4009 blasphemiam
1872 3943 2013 3995 circa
2046 3959 2225 3998 vocem
2255 3961 2363 3996 ma-

812 4024 895 4088 jus
940 4030 1179 4092 tentavit,
1210 4046 1267 4083 ea
1300 4032 1555 4098 ejusmodi
1582 4043 1679 4086 est.

2479 643 2571 693 καὶ
2614 642 2672 694 τὸ
2719 643 2861 704 εἰκὸς
2894 641 3064 704 οὑτως
3111 640 3256 709 ἔχει’
3310 640 3599 711 ἐπειδήπερ
3641 641 3703 692 τὸ
3749 641 3949 710 μεῖζον
3977 644 4029 694 ἑν

2476 738 2587 797 τοῖς
2625 734 2875 803 μεγέθεσι
2906 733 3154 786 τοσοῦτόν
3195 735 3360 795 ἐστιν,
3395 733 3516 785 ὅσον
3548 734 3641 785 καὶ
3682 734 3743 785 τὸ
3790 734 4026 795 ἔλαττον,

2476 829 2567 880 καὶ
2612 827 2709 881 ἔτι.
2740 828 2817 879 Τὰ
2858 828 2912 880 δὲ
2945 829 3284 899 ἀπερίληπτα
3322 829 3397 899 τῷ
3442 828 3686 899 μεγέθει,
3738 830 3936 899 μᾶλλον
3975 830 4029 882 δὲ

2480 921 2719 990 ἀμεγέθη
2758 920 2851 980 καὶ
2898 920 3075 973 ἀποσα
3107 920 3400 984 παντελῶς,
3430 920 3512 983 τίς
3543 919 3607 973 ἂν
3647 920 3892 991 ἀλλήλοις
3937 936 4029 975 πα-

2483 1014 2894 1084 ραμετρήσειεν;
2928 1006 3002 1065 ὧν
3033 1012 3088 1065 δὲ
3115 1014 3387 1083 ἀμήχανος
3421 1015 3454 1084 ἡ
3496 1012 3931 1083 παράθεσις,τίνι
3966 1014 4027 1065 ἂν

2479 1107 2659 1175 τρόπῳ
2691 1110 2745 1159 ἐν
2774 1107 2979 1169 τούτοις,
3018 1108 3079 1158 τὸ
3116 1108 3444 1177 ὑπερϐάλλον
3483 1105 3884 1176 ἐπιγνωσθείη;
3926 1113 4027 1161 Δυ-

2479 1200 2636 1266 νάμει
2668 1200 2723 1251 δὲ
2754 1198 2930 1267 λέγειν
2965 1199 3227 1251 ἐλλείπειν
3262 1200 3350 1251 τὸν
3384 1200 3615 1270 Χριστὸν
3640 1199 3737 1270 τὴν
3770 1200 3863 1252 τοῦ
3899 1201 4029 1255 Θεοῦ

2480 1288 2705 1357 δύναμιν
2734 1289 2923 1359 κομιδῆ
2960 1290 3166 1359 νηπίων
3210 1291 3302 1341 καὶ
3335 1290 3450 1342 οὑδὲ
3485 1290 3892 1344 κατακανόντων
3936 1294 4031 1361 τῆς

2480 1380 2662 1449 φωνῆς
2694 1380 2785 1431 τοῦ
2810 1381 3011 1451 Κυρίου
3037 1382 3169 1450 (79),
3200 1380 3442 1449 λέγοντος
3461 1398 3474 1413 ’
3493 1382 3633 1451 Ἐγὼ
3654 1382 3750 1435 καί
3774 1386 3805 1436 ό
3833 1384 4031 1451 Πατὴρ

2475 1472 2543 1524 ἓν
2578 1472 2795 1541 ἑσμεν’
2836 1473 2928 1523 καὶ
2972 1473 3030 1525 τὸ
3072 1472 3141 1525 ἓν
3181 1473 3298 1526 ἀντὶ
3346 1470 3439 1524 τοῦ
3483 1472 3620 1525 κατὰ
3664 1474 3763 1543 τὴν
3809 1472 4031 1541 δύναμιν

2480 1563 2591 1615 ίσου
2642 1560 3171 1632 παραλαμϐάνοντος,
3215 1562 3289 1625 ὡς
3340 1561 3398 1626 ἐξ
3448 1561 3625 1615 αὑτῶν
3667 1562 3910 1632 δείξομεν
3939 1563 4030 1616 τοῦ

2478 1652 2804 1721 Εὑαγγε>.ίου
2866 1652 2972 1703 τῶν
3034 1653 3305 1721 ῥημάτων.
3358 1651 3539 1705 Εἰπὼν
3590 1652 3694 1723 γὰρ
3751 1655 3877 1724 περὶ
3926 1654 4032 1705 τῶν

2478 1744 2879 1796 πιστευσάντων
2904 1744 3007 1807 ὅτι,
3038 1743 3119 1793 Οὐ
3147 1743 3229 1809 μή
3265 1760 3351 1807 τις
3394 1741 3636 1810 ἁρπάσῃ
3665 1744 3731 1796 ἐκ
3769 1743 3879 1811 τῆς
3913 1760 4031 1811 18t-

2470 1839 2578 1903 ρός
2618 1850 2762 1904 μου·
2802 1834 2892 1886 καὶ
2938 1834 3018 1885 ὅτι
3069 1832 3120 1882 '0
3153 1831 3367 1898 Πατὴρ,
3403 1832 3470 1899 ὃς
3501 1831 3719 1886 δέδωκέ
3752 1851 3882 1901 μοι,
3912 1836 4034 1903 μει.

2411 1894 2448 1947 Β
2618 1894 2864 1978 ’πάντων
2900 1923 3064 1977 ἐστί’
3100 1923 3213 1987 καὶ,
3258 1894 3461 1989 Οὑδεὶξ
3492 1924 3737 1978 δύναται
3752 1894 4033 1993 -ἀρπιίσαι

2475 2019 2543 2070 ἐκ
2578 2018 2683 2083 τῆς
2730 2018 2924 2085 χειρὸς
2961 2017 3065 2071 τοῦ
3100 2016 3327 2082 Πατρός
3352 2034 3487 2082 μου,
3526 2019 3838 2087 ἐπήγαγεν·
3891 2018 4033 2086 Ἐγὼ

2478 2109 2573 2162 καὶ
2600 2112 2631 2162 ό
2663 2109 2860 2176 Πατὴρ
2888 2109 2955 2161 ἓν
2997 2109 3200 2177 ἐσμεν,
3234 2105 3417 2174 σαςῶς
3448 2108 3507 2159 τὸ
3534 2108 3601 2161 ἓν
3630 2111 3749 2162 ἀντὶ
3781 2109 3876 2162 τοῦ
3920 2109 4033 2163 [σου

2478 2202 2569 2255 καὶ
2637 2201 2830 2254 ταὺτοῦ
2891 2201 3028 2255 κατά
3079 2201 3305 2272 δύναμιν
3361 2200 3816 2271 παραλαμϐάνων.
3880 2202 4034 2255 Ἀλλά

2479 2294 2584 2365 μὴν
2615 2295 2666 2346 εί
2693 2311 2753 2362 γε
2789 2294 2880 2345 καὶ
2921 2296 2948 2345 6
2981 2293 3164 2363 θρόνος
3194 2296 3222 2347 6
3265 2291 3358 2345 τοῦ
3391 2291 3524 2344 Θεοῦ
3559 2294 3691 2363 (80),
3720 2294 3910 2366 ὥσπερ
3944 2291 4035 2348 οὖν

2474 2388 2633 2455 ἡμεῖς
2670 2386 3127 2454 πεπιστεύκαμεν,
3172 2384 3477 2453 ἀξιώματός
3517 2386 3662 2437 ἐστιν
3687 2386 3875 2455 ὄνομα,
3912 2388 3944 2456 ἡ
3974 2390 4034 2439 ἐκ

2473 2477 2657 2541 δεξιῶν
2705 2477 2798 2529 τοῦ
2834 2478 3042 2548 Πατρῖις
3080 2478 3429 2547 ἀφωρισμένη
3466 2475 3541 2546 τῷ
3574 2476 3685 2545 Υἱῷ
3723 2478 3956 2549 καθέδρα
3984 2482 4034 2531 τί

2477 2585 2605 2621 ποτε
2633 2569 2836 2638 ἕτερον,
2878 2571 2967 2622 καὶ
2994 2569 3112 2639 οὐχὶ
3143 2570 3201 2623 τὸ
3226 2568 3481 2639 ὁμότιμον
3508 2568 3607 2638 τῆς
3638 2568 3789 2633 ἀξίας
3830 2571 4034 2639 ἀποσηο

2480 2659 2689 2728 μαίνει;
2727 2659 2882 2710 Ἀλλά
2914 2660 3007 2711 καὶ
3056 2658 3202 2727 ἥξειν
3242 2661 3269 2712 6
3298 2658 3501 2729 Κύριος
3546 2656 3933 2725 ἐπαγγέλλεται
3982 2660 4035 2708 ἑν

2475 2755 2537 2819 τῇ
2570 2750 2693 2821 δόξῃ
2722 2749 2813 2801 τοῦ
2861 2750 3086 2819 Πατρός.
3126 2751 3378 2803 Λείπεται
3410 2752 3583 2804 τοίνυν
3628 2749 3767 2803 κατά
3799 2749 3890 2802 τὸν
3939 2749 4034 2815 τῆς

2476 2843 2653 2906 αἰτίας
2690 2842 2842 2909 λόγον
2892 2839 3123 2898 ἐνταῦθα
3162 2838 3222 2891 τὸ
3246 2840 3449 2907 μεῖζον
3494 2841 3764 2909 λέγεσθαι.
3820 2839 4033 2909 Ἐπειδὴ

2476 2936 2583 3006 γὰρ
2611 2934 2743 3001 (80‘)
2763 2934 2867 2985 ἀπὸ
2899 2932 2991 2985 τοῦ
3013 2930 3223 3000 Πατρὸς
3251 2930 3444 3000 ἡάρχὴ
3475 2931 3549 2999 τῷ
3575 2931 3702 2998 Υίῷ,
3723 2932 3863 2983 κατά
3880 2931 4036 2983 τοῦτο

2479 3026 2677 3096 μείζων
2705 3028 2731 3078 6
2762 3026 2971 3095 Πατὴρ,
3000 3024 3074 3086 ὡς
3106 3022 3276 3084 αἴτιος
3305 3021 3395 3073 καὶ
3424 3022 3582 3091 ἀρχή.
3612 3024 3699 3072 Διὸ
3732 3025 3824 3073 καί
3862 3024 3891 3073 ὁ
3920 3023 4033 3076 Κύ-

2480 3136 2589 3188 ριος
2619 3118 2789 3181 οὕτως
2819 3114 2966 3170 εἶπεν
2986 3134 2998 3147 ·
3041 3118 3095 3168 '0
3129 3114 3325 3182 Πατήρ
3356 3130 3474 3181 μου
3500 3111 3706 3182 μείζων
3732 3130 3847 3180 μου
3881 3113 4032 3178 ἐστι,

2476 3210 2607 3262 καθὸ
2656 3210 2838 3280 Πατὴρ
2885 3209 3140 3277 δηλονότι.
3179 3206 3249 3259 Τὸ
3298 3205 3375 3268 δὲ,
3412 3203 3630 3272 Πατὴρ,
3665 3204 3715 3255 τί
3766 3203 3892 3256 ἄλλο
3936 3221 4033 3275 ση-

2475 3300 2650 3371 μαίνει
2678 3302 2708 3370 ἣ
2742 3301 2860 3371 οὐχὶ
2890 3300 2949 3353 τὸ
2976 3300 3119 3352 αίτία
3177 3293 3313 3351 εἶναι
3346 3299 3436 3351 καὶ
3466 3297 3604 3367 ἀρχὴ
3638 3294 3731 3348 τοῦ
3766 3295 3823 3360 ἐξ
3870 3296 4032 3350 αὑτοῦ

2472 3393 2855 3463 γεννηθέντοςς
2889 3392 3061 3453 Ὂλως
3094 3391 3148 3443 δὲ
3184 3390 3336 3442 οὑσία
3376 3390 3593 3451 οὑσίας,
3643 3389 3736 3440 καὶ
3770 3387 3910 3439 κατὰ
3934 3388 4033 3458 τὴν

2477 3486 2743 3554 ὑμετέραν
2777 3484 2885 3551 (81)
2935 3482 3142 3550 σοεξίαν,
3193 3478 3388 3549 μείζων
3439 3482 3531 3533 καὶ
3578 3480 3811 3534 ἐλάττων
3843 3482 3901 3533 οὐ
3949 3480 4033 3532 λέ-

2476 3592 2645 3644 γεται.
2680 3575 2838 3625 Ὥστε
2874 3575 2965 3625 καὶ
3000 3573 3137 3626 κατά
3170 3572 3410 3635 τούτους.
3444 3574 3535 3625 καὶ
3583 3573 3702 3626 κατ’
3730 3574 3899 3643 αὑτὴν
3931 3572 4030 3642 τὴν

2477 3668 2751 3740 ἀλήθειαν,
2814 3666 2985 3718 οὐδενὶ
3022 3665 3085 3718 ἂν
3118 3666 3299 3736 τρόπῳ
3344 3666 3441 3734 τὴν
3488 3666 3602 3717 κατ’
3635 3666 3821 3717 οὑσίαν
3866 3667 4032 3735 ὑπερ-

2472 3759 2599 3828 οχὴν
2646 3759 2673 3809 6
2722 3756 3075 3827 προκείμενος
3122 3754 3274 3823 λόγος
3311 3753 3401 3806 τοῦ
3434 3751 3703 3819 μείζονος
3753 3758 4026 3824 ἐμεραίνοι.

2484 3850 2642 3903 Ἀλλά
2695 3850 2797 3920 μὴν
2840 3848 2956 3901 οὐδὲ
2999 3850 3116 3900 κατ’
3162 3847 3321 3913 ὄγκον
3358 3844 3488 3913 φαίη
3542 3844 3606 3897 ἂν
3658 3848 3817 3909 αὑτὸς
3870 3843 4025 3909 οὗτος

2474 3944 2692 4013 μείζονα
2715 3943 2803 3994 τὸν
2827 3942 2956 3994 Θεὸν
2980 3941 3194 4010 Πατέρα
3212 3956 3223 3967 ’
3244 3940 3269 3990 ὃ
3294 3954 3353 4003 γε
3376 3937 3789 4005 ἀποφηνάμενος
3814 3938 3923 4004 (82)
3953 3940 4028 4009 μὴ

2470 4038 2661 4107 χρῆναι
2712 4037 2837 4106 περὶ
2874 4036 2965 4087 τὸν
3004 4033 3134 4086 Θεὸν
3176 4032 3420 4082 ὑπονοεῖν
3463 4030 3816 4100 πηλικότητα.
3861 4030 4027 4082 ’Υπόο

811 4119 991 4183 λοιπος
1019 4116 1109 4175 οὗν
1142 4122 1286 4174 ἐστιν
1317 4128 1344 4176 6
1373 4126 1497 4194 παρ’
1761 4126 1968 4196 λεχθεὶς
2032 4127 2124 4179 τοῦ
2158 4124 2423 4196 μείζονος
2462 4130 2678 4199 τρόπος,
2709 4130 2735 4181 6
2770 4128 2869 4196 τῆς
2910 4127 3103 4195 ἀρχῆς,
3132 4122 3293 4190 λέγω,
3327 4124 3417 4175 καὶ
3460 4122 3556 4192 τῆς
3590 4122 3785 4185 αἰτίας·
3828 4123 3892 4175 Ἦ
3927 4121 4028 4191 μὲν

810 4212 899 4264 οἱν
933 4213 1069 4265 κατά
1114 4215 1171 4266 τὸ
1190 4216 1388 4283 μεῖζον
1424 4217 1763 4288 ἐπιχείρησις
1807 4217 1969 4271 αὑτοῦ
1997 4220 2093 4290 τῆς
2142 4218 2483 4287 βλασφημίας
2517 4218 2754 4285 τοιαύτη.

879 4308 966 4360 9.6.
1002 4307 1131 4359 Illud
1168 4319 1342 4361 autem
1376 4310 1725 4363 admiratione
1758 4312 1993 4380 dignum,
2024 4314 2163 4381 quod
2202 4315 2280 4367 sie
2312 4312 2363 4364 in
2400 4314 2441 4367 D
2537 4308 2549 4360 ε

2358 4331 2363 4363 l
2400 4314 2441 4367 D
2537 4308 2625 4361 26.
2681 4309 2881 4359 Ἐκεῖνο
2912 4307 2967 4358 δὲ
2996 4306 3268 4375 θαυμάσαι
3299 4307 3462 4370 ἄξιον,
3491 4306 3571 4356 ὅτι
3602 4305 3773 4367 οὑτως
3803 4310 3862 4358 ὲν
3898 4307 4028 4375 βρα-

813 4402 995 4465 paucis
1019 4400 1082 4453 ad
1116 4416 1390 4455 sermones
1420 4418 1670 4469 perquam
1699 4404 1833 4457 inter
1868 4418 1925 4456 se
1949 4406 2245 4458 contrarios
2273 4406 2367 4456 de-

813 4493 1014 4560 lapsus,
1042 4494 1209 4548 oculis
1252 4497 1413 4549 animi
1443 4498 1585 4551 velut
1614 4498 1841 4565 quadam
1877 4498 2115 4550 edacitate
2160 4497 2367 4564 percul-

811 4584 903 4648 sis,
935 4586 1216 4639 verborum
1265 4590 1400 4643 inter
1427 4606 1485 4645 se
1525 4606 1758 4660 pugnam
1796 4590 2095 4658 intelligere
2137 4604 2242 4642 non
2273 4605 2365 4658 po-

812 4680 908 4730 tuit
937 4696 949 4731 :
976 4678 1189 4747 planum
1211 4688 1265 4732 ut
1297 4680 1367 4733 sit
1394 4696 1455 4731 ac.
1476 4682 1840 4749 conspicuum,
1865 4695 1984 4733 eum
2012 4688 2115 4732 tam
2135 4680 2362 4731 alienum

810 4786 929 4825 esse
958 4788 984 4823 a
1028 4772 1114 4825 Dei
1148 4788 1297 4841 pace,
1327 4788 1486 4843 quam
1513 4772 1765 4828 Dominus
1817 4783 1997 4827 noster
2026 4773 2089 4825 iis
2121 4773 2206 4840 qui
2243 4788 2363 4825 vere

812 4877 873 4914 ac
899 4861 1105 4915 sincere
1145 4864 1198 4916 in
1251 4865 1421 4933 ipsum
1476 4866 1838 4928 crediderunt,
1868 4865 2099 4932 reliquit,
2134 4865 2312 4917 dicens
2345 4882 2358 4918 :

816 4954 999 5005 l’ncem
1039 4955 1271 5023 relinquo
1323 4959 1496 5017 vobis,
1528 4974 1701 5023 pacem
1728 4975 1889 5009 meum
1934 4960 2000 5009 do
2042 4957 2178 5009 vobis
2211 4957 2272 5019 ίδ,
2310 4966 2365 5009 ιιι

810 5062 913 5097 non
943 5060 1064 5101 cum
1094 5047 1214 5102 aliis
1243 5049 1437 5107 solum,
1468 5051 1557 5103 sed
1591 5064 1768 5103 secum
1812 5048 2119 5117 etiamipse
2150 5058 2362 5118 pugnet.

884 5246 919 5273 “
948 5242 1104 5299 Joau.
1136 5261 1187 5309 ι,
1216 5247 1302 5300 50.
1380 5250 1420 5279 ¹¹
1447 5249 1575 5304 ibid.
1607 5246 1794 5303 28—50.
1873 5247 1916 5277 ¹³
1941 5244 2125 5300 Matth.
2150 5264 2259 5312 xvr,
2289 5245 2377 5300 9.7.

884 5433 989 5501 (78)
1021 5432 1357 5541 gloriexvunns
1388 5436 1448 5487 τὸ
1487 5436 2046 5541 μείζοπθα.“ᾼ1ῑ‹ιυτιιιιο
2082 5447 2196 5541 ροει
2234 5439 2359 5492 editi

956 5522 1021 5541 νη
1079 5522 1107 5541 ρ
1233 5519 1328 5541 ηρ..
1358 5522 1380 5541 ρ.
1409 5524 1474 5541 νη
1773 5524 1811 5541 ..ι
2004 5528 2015 5541 ,
2042 5524 2126 5541 ..οε

808 5503 930 5553 ὁδον
956 5504 1048 5556 καὶ
1079 5504 1156 5557 τό.
1188 5503 1381 5558 Vocula
1409 5503 1500 5558 καί
1560 5509 1608 5559 in
1637 5507 1814 5560 multis
1847 5503 1969 5561 mss.
2003 5503 2173 5560 deest.

845 5573 992 5652 _(79)
1025 5574 1158 5652 Elliti
1210 5575 1310 5652 τῆς
1354 5577 1539 5652 φωνῆς
1582 5576 1680 5647 τῆς
1723 5578 1947 5647 Κυρίου,
2006 5578 2124 5632 libri
2165 5590 2369 5632 veteres

808 5644 1121 5717 τῆςφωνῆς
1150 5644 1243 5717 τοῦ
1272 5647 1472 5717 Κυρίου
1482 5644 1510 5699 .-

883 5713 1387 5785 tq0)i\ntiqtti_ilnn
1436 5716 1554 5770 libri
1603 5715 1789 5785 θρόνος
1838 5716 1929 5770 τοῦ
1968 5718 2124 5770 Θεοῦ.
2169 5716 2365 5771 Ibidem

812 5782 963 5903 c||iti,
996 5784 1205 5837 Ὤσπεο
1231 5781 1320 5839 οὖν
1349 5792 1525 5857 ἡμεῖς.
1564 5781 1842 5855 ΙΙΙιιιΙ,οὗν,
1866 5789 1915 5842 in
1947 5788 2210 5858 aliquibus
2241 5806 2367 5843 mss.

815 5863 986 5903 tuest-

815 5863 986 5910 deest.

2474 4402 2556 4471 χεῖ
2596 4398 2727 4469 πρὸς
2771 4400 2894 4461 τοὺς
2939 4400 3352 4461 ἐναντιωτάτους
3403 4398 3588 4463 λόγους
3630 4400 4025 4468 περιτρετόμε·

2471 4509 2585 4553 νος,
2636 4489 2877 4562 καθάπερ
2909 4492 3137 4563 ἀορασία
3169 4493 3271 4543 τινί
3301 4492 3425 4551 τοὺς
3460 4491 3556 4558 τῆς
3595 4488 3774 4559 ψυχῆς
3826 4490 4027 4558 ὀφθαλι

2473 4585 2601 4653 μους
2646 4584 3039 4653 πεπληγμένος,
3086 4582 3309 4635 συνιδεῖν
3354 4581 3452 4650 τὴν
3498 4585 3555 4634 ὲν
3605 4585 3718 4643 τοῖς
3773 4582 3886 4643 (85)
3939 4582 4027 4634 λε-

2468 4676 2638 4745 χθεῖσι
2678 4679 2853 4747 μάχην
2893 4679 2989 4729 οὑκ
3021 4674 3274 4745 ὲδυνήθη’
3308 4673 3389 4726 ἵνα
3423 4676 3561 4743 φανῇ
3595 4673 3847 4725 τοσοῦτον
3882 4673 4027 4737 ξένος

2467 4766 2539 4819 ὢν
2568 4768 2665 4837 τῆς
2700 4768 2790 4821 τοῦ
2832 4768 2963 4819 Θεοῦ
3000 4769 3216 4837 εἰρήνης
3239 4805 3250 4827 ,
3297 4767 3362 4835 ἣν
3394 4769 3419 4819 6
3455 4764 3657 4835 Κύριος
3705 4764 3868 4834 ἡμῶν
3914 4767 4026 4827 τοῖς

2466 4860 2698 4927 γνησίως
2747 4859 2839 4909 καὶ
2901 4858 3101 4919 ἀδόλως
3139 4858 3217 4918 είς
3261 4857 3417 4910 αὑτὸν
3466 4857 3887 4908 πεπιστευκόσιν
3926 4858 4025 4923 it;-

2467 4951 2619 5019 ἧκεν,
2647 4950 2841 5002 εἰπών’
2889 4949 3149 5017 Εἰρήνην
3184 4950 3388 5017 ἀφίημι
3424 4945 3583 5015 ὑμῖν,
3612 4946 3864 5015 εἰρήνην
3915 4948 4026 5013 τὴν

2469 5042 2619 5110 ἐμὴν
2667 5042 2868 5111 δίδωμι
2914 5042 3079 5111 ὑμῖν·
3119 5040 3253 5093 ὥστε
3301 5041 3419 5111 οὑχὶ
3465 5042 3573 5103 τοῖς
3618 5040 3798 5103 ἄλλοις
3846 5041 4022 5109 μόνον,

2457 5244 2499 5276 ¹⁶
2522 5244 2672 5299 Joan.
2706 5259 2812 5307 xw,
2848 5243 2936 5296 Ξῖ.

2539 5439 2669 5503 (80')
2701 5445 2827 5501 lteg.
2856 5447 3079 5505 quartus
3105 5437 3253 5508 παρά
3273 5438 3390 5491 τοῦ.

2535 5509 2645 5575 (XI)
2675 5508 2811 5561 Editi
2843 5518 2895 5561 et
2937 5508 3068 5575 Reg.
3101 5506 3365 5581 secundus
3405 5506 3545 5581 κατά
3580 5508 3679 5579 τὴν
3724 5510 4017 5581 ἡμετέραν.

2462 5581 2563 5633 Alii
2590 5591 2821 5640 quatuor
2850 5594 2977 5631 mss.
3008 5577 3146 5630 κατὰ
3166 5578 3261 5647 τὴν
3290 5578 3578 5647 ὑμετέραν.

2534 5650 2640 5717 (8‘2)
2673 5646 3054 5719 ΕιΙὶιίμείζονα
3076 5648 3165 5702 τὸν
3188 5646 3413 5717 πατέρα’
3438 5646 3467 5699 ὅ
3484 5665 3544 5715 γε
3568 5650 4015 5719 ἀποφαινόμενος.

2462 5719 2613 5773 Coll).
2647 5735 2764 5771 cum
2799 5717 2927 5783 Reg.
2970 5720 3123 5772 tertio
3160 5720 3232 5771 uti
3272 5721 3445 5784 legere
3469 5729 3551 5773 est
3584 5722 3634 5772 in
3672 5717 3945 5773 contestn.

2536 5790 2643 5855 (83)
2676 5787 2817 5839 Libri
2852 5798 3059 5845 veteres
3091 5788 3186 5859 τὴν
3219 5792 3273 5843 ὲν
3301 5789 3429 5850 τοῖς.
3463 5787 3617 5855 Illud,
3655 5791 3755 5860 τήν
3782 5792 3833 5843 in
3861 5790 4018 5844 editis

2466 5860 2817 5917 desideratur.
