4230 6500
236 471 348 527 569

1350 469 1708 528 ADVERSUS
1745 472 2105 529 EUNOMIUM
2140 472 2267 528 LIB.
2311 472 2351 523 1.

3332 481 3433 533 δῖε)

232 586 371 641 ἀλλά
409 592 500 637 και
527 596 685 648 αυτὸς
728 585 902 653 ἑαυτῷ
930 584 1268 654 διαμάχεται.
1314 584 1544 645 Μείζονα
1576 587 1681 657 γὰρ
1710 588 1784 637 εί-
1814 596 1855 650 Α
1884 586 1902 640 I

1760 617 1784 625 -
1814 596 1855 650 Α
1884 586 2015 640 Nam
2045 588 2132 642 ubi
2175 588 2339 642 Deum
2378 594 2430 638 et
2460 585 2666 639 Patrem
2702 586 2833 640 dixit
2862 588 3131 657 unigenito
3162 590 3297 646 Filio
3326 611 3430 649 ma-

232 679 352 731 πὼν
380 676 467 730 τὸν
499 675 626 729 Θεὸν
660 679 750 730 καὶ
782 676 994 745 Πατέρα
1025 677 1113 729 τοῦ
1151 676 1474 741 Μονογενοῦς
1507 677 1653 738 Υίοῦ,
1688 680 1778 731 καὶ

229 773 344 829 τοῖς
367 768 425 820 τὸ
450 766 558 821 ἴσον
582 768 793 835 λέγουσι
818 768 1010 838 μανίαν
1033 769 1353 831 ἐπικαλέσας
1376 770 1507 839 (84),
1529 770 1602 831 ὡς
1621 773 1778 833 αὐτὸς

230 862 653 933 ἀναντιρρήτους
686 859 821 928 ἔχων
866 862 1049 914 τούτου
1084 862 1179 924 τὰς
1222 853 1536 926 ἀποδείξεις,
1586 864 1777 934 μικρὸν

229 953 439 1017 ὑποϐὰς
465 952 729 1021 σκέψασθε
756 949 841 1007 οἷα
868 956 1085 1026 γράφει.

305 1047 458 1102 ΕΥΝ.
500 1044 635 1096 Ἀλλ’
678 1044 759 1098 ὅτι
811 1046 908 1115 μὲν
940 1042 1020 1107 εἷς
1065 1044 1221 1097 ὁτῶν
1272 1047 1407 1099 ὅλων
1452 1045 1581 1107 Θεὸς
1626 1046 1777 1115 ἀγέν-

229 1155 389 1210 νητος
425 1139 515 1191 καὶ
543 1136 888 1209 ἀσύγκριτος.
932 1137 1189 1191 πλειόνων
1232 1140 1399 1192 ὅντων
1444 1138 1551 1189 τῶν
1596 1156 1769 1206 παρα-

228 1230 621 1300 λελειμμένων,
660 1234 925 1302 ἀποχρῆν,
964 1229 1218 1300 ὴγοῦμαι,
1269 1230 1362 1282 καὶ
1422 1230 1488 1283 τά
1547 1230 1775 1301 ρηθέντα

228 1325 367 1393 πρὸς
399 1320 687 1387 ἀπόδειξιν.

301 1414 445 1468 ΒΑΣ.
495 1414 811 1487 Ἐῳτάσθω
844 1412 1036 1480 τοίνυν,
1088 1418 1133 1467 εἰ
1182 1412 1503 1484 ἀσύγκριτος
1545 1416 1573 1467 ὁ
1609 1413 1769 1474 Θεὸς,

226 1506 393 1559 πόθεν
430 1508 591 1561 αὑτοῦ
624 1508 657 1576 ἡ
695 1505 928 1579 ὑπεροχὴ
960 1503 1296 1575 κατελήφοης
1336 1506 1406 1559 Τὸ
1451 1505 1557 1576 γὰρ
1593 1504 1771 1575 μεῖζον

226 1601 291 1652 ὲκ
318 1599 417 1670 τῆς
454 1600 587 1670 πρὸς
632 1598 699 1650 τὰ
748 1598 1115 1671 ὑπερεχόμενα
1161 1598 1503 1667 παραθέσεως
1560 1588 1773 1669 Θεωρεῖ-

234 1709 336 1745 ται.
381 1692 501 1752 Πῶς
533 1685 624 1741 οὖν
654 1690 683 1741 ὸ
713 1690 871 1754 αὐτὸς
914 1689 1005 1743 καὶ
1045 1688 1238 1757 μείζων
1276 1689 1390 1739 ἐστὶ
1430 1690 1521 1740 καὶ
1562 1690 1772 1761 ἀπαρά-

224 1781 411 1845 Θετοςς
457 1780 701 1834 ’Ᾱλλ“ἴνα
734 1782 829 1853 μὲν
864 1778 1318 1849 παρηλλαγμένην
1358 1778 1450 1831 τοῦ
1500 1780 1631 1832 Θεοῦ
1674 1783 1770 1853 τὴν

224 1876 411 1929 ούσίαν
446 1874 577 1944 πρὸς
620 1874 715 1944 τὴν
760 1873 852 1927 τοῦ
886 1870 1218 1938 Μονογενοῦς
1252 1870 1508 1941 ἐπιδείξῃ.
1552 1888 1769 1944 συγκρι-

1877 678 2070 748 jorem,
2112 691 2163 733 et
2199 698 2290 735 eos
2340 681 2426 747 qui
2460 680 2713 749 aequalem
2758 680 2958 745 dicunt,
2998 683 3275 740 dementiae
3314 688 3432 742 insi.

1884 770 2131 835 mulavit;
2164 775 2313 839 quasi
2342 781 2677 840 suppeterent
2708 773 2807 827 sibi
2831 787 2891 827 ea
2921 777 2985 827 de
3014 789 3070 827 re
3097 777 3432 835 demonstra-

1883 862 2075 923 tiones,
2107 862 2295 930 quibus
2324 879 2424 917 non
2460 863 2625 931 possit
2664 865 2977 929 contradici,
3007 866 3278 933 paululum
3312 884 3433 937 pro-

1881 963 2097 1017 gressus
2130 949 2303 1016 qualia
2328 952 2547 1016 scrihat,
2583 953 2883 1017 expendite.

1950 1038 2080 1094 Eua.
2129 1038 2349 1104 Verum,
2391 1045 2529 1108 quod
2578 1056 2711 1095 unus
2766 1046 2834 1098 sit
2882 1046 3245 1101 universorum
3294 1048 3429 1103 Deus

1880 1135 2141 1203 ingenitus
2168 1144 2325 1201 atque
2364 1134 2811 1203 incomparabilis,
2837 1140 3071 1204 pluribus
3103 1141 3343 1207 omissis,
3364 1156 3425 1195 ea

1876 1240 1994 1295 quas
2047 1226 2183 1279 dicta
2232 1232 2371 1287 sunt,
2422 1236 2568 1292 puto,
2598 1226 2863 1281 snlIiciunt
2901 1232 2964 1282 ad
3014 1233 3428 1287 demonstratiu-

1878 1332 2016 1373 nem.

1946 1409 2067 1463 litis.
2093 1410 2455 1479 lnterrogetur
2481 1407 2660 1475 itaque
2698 1425 2709 1459 :
2749 1409 2791 1461 si
2818 1409 3241 1477 incomparabilis
3263 1416 3420 1487 237

1876 1508 1957 1551 est
1999 1501 2157 1561 Deus,
2199 1504 2334 1554 unde
2379 1500 2657 1569 prmsentia
2703 1500 2816 1567 ejus
2859 1502 3238 1569 comprehensa
3292 1510 3420 1561 est?

1876 1590 2077 1658 Quippe
2114 1591 2163 1644 id
2199 1592 2335 1657 quod
2366 1592 2535 1658 majus
2568 1602 2651 1646 est
2679 1607 2742 1646 ex
2792 1595 3188 1661 comparatione
3238 1612 3419 1652 eorum

1875 1696 1991 1749 qua:
2024 1692 2361 1748 superantur,
2393 1685 2706 1738 aestimatur.
2745 1684 2842 1749 Qui
2879 1686 3038 1755 igitur
3068 1688 3181 1741 ﬁeri
3226 1701 3418 1757 potest,

1875 1782 1929 1824 nt
1957 1771 2093 1825 idem
2124 1781 2176 1824 et
2223 1773 2391 1841 major
2422 1774 2490 1827 sit
2519 1784 2572 1828 et
2626 1776 3109 1844 incomparabilis?
3140 1778 3330 1834 Verum
3366 1794 3421 1835 ut

1876 1864 1965 1918 Dei
2010 1864 2358 1917 substantiam
2404 1867 2470 1919 ab
2510 1867 2771 1937 Unigeniti
2824 1869 3117 1924 substantia
3157 1875 3416 1928 diversum

224 1967 390 2028 τικῶς
433 1967 717 2033 λεγόμενον
755 1964 813 2017 τὸ
828 1960 1026 2032 μεῖζον
1069 1963 1145 2027 είς
1183 1962 1279 2033 τὴν
1309 1964 1403 2034 τῆς
1447 1962 1629 2026 οὐσίας
1665 1964 1768 2016 δια-
1800 1975 1844 2031 B
1871 1968 1894 2003 0

1743 1982 1768 2015 ε-
1800 1975 1844 2031 Β
1871 1956 2192 2018 ostenderet,
2212 1952 2359 2017 illud,
2389 1954 2578 2021 majus,
2602 1972 2694 2009 ceu
2729 1962 3084 2026 comparative
3112 1973 3413 2032 usurpatum

223 2060 395 2128 φορὰν
435 2044 736 2121 ὲξεδέξαὲοο
771 2055 855 2107 ἵνα
881 2054 937 2108 δὲ
980 2054 1136 2107 πάλιν
1184 2058 1262 2118 εις
1301 2056 1359 2109 τὸ
1405 2057 1661 2125 ὁμότιμον
1705 2056 1768 2126 τῇ

222 2150 403 2202 κτίσει
442 2148 531 2200 τὸν
581 2146 853 2215 Μονογενῆ
906 2148 1222 2216 καταγάγῃ.
1270 2147 1590 2217 ἀσύγκριτον
1637 2142 1772 2201 εἶναι

222 2242 315 2294 τὸν
357 2240 573 2310 Πατέρα
605 2240 905 2309 νομοθετεῖ·
948 2240 1134 2307 καινήν
1164 2254 1282 2289 τινα
1316 2239 1408 2289 καὶ
1451 2239 1769 2309 ἀσύγκριτον

222 2334 389 2396 ὗντως
428 2331 524 2403 τὴν
556 2331 672 2383 ὁδὸν
702 2331 797 2399 τῆς
833 2329 1172 2399 βλασφημίας
1220 2329 1476 2381 ἐπινοῶν·
1508 2332 1563 2381 ὲν
1606 2347 1770 2399 προσ-

222 2427 438 2497 ποιήσει
484 2425 547 2497 δὴ
595 2423 686 2477 τοῦ
736 2422 901 2491 ὑψοῦν
954 2423 1045 2476 καὶ
1094 2420 1326 2491 ἐξαίρειν
1368 2422 1456 2473 τὸν
1500 2420 1629 2473 Θεὸν
1678 2422 1771 2474 καὶ

222 2519 472 2589 Πατέρα,
510 2518 602 2570 τοῦ
644 2516 975 2585 Μονογενοῦς
1021 2515 1148 2568 Υἱοῦ
1180 2514 1271 2567 καὶ
1302 2514 1433 2567 Θεοῦ
1474 2515 1570 2585 τὴν
1616 2513 1769 2578 δόξαν

223 2607 706 2677 κατασμικρύνων
754 2607 843 2659 τοῦ
884 2606 1080 2675 Κυρίου
1109 2606 1638 2675 διαμαρτυρουμένου
1678 2606 1768 2658 καὶ

221 2700 501 2761 λέγοντος·
540 2698 592 2749 '0
632 2696 716 2765 μὴ
771 2696 950 2764 τιμῶν
1003 2695 1108 2747 τὸν
1164 2695 1318 2758 Υἱὸν,
1360 2698 1429 2747 οὐ
1488 2693 1620 2779 τιμᾷ
1663 2696 1768 2747 τὸν

222 2790 478 2860 Πατέρα·
529 2790 653 2843 καίο
702 2790 762 2841 '0
815 2786 1039 2842 ἀθετῶν
1080 2788 1183 2857 ἐμὲ
1232 2788 1341 2841 οὐκ
1392 2787 1494 2855 ἐμὲ
1542 2788 1763 2840 ἀθετεῖ·

218 2885 380 2937 ἀλλὰ
412 2883 516 2937 τὸν⁹
546 2880 859 2952 πέμψαντά
891 2898 981 2951 με.
1034 2880 1168 2933 Ἀλλ’
1209 2883 1236 2933 ὁ
1273 2879 1461 2951 ἐχθρὸς
1497 2878 1594 2948 τῆς
1642 2878 1768 2947 ἀλη-

218 2976 400 3039 θείας,
444 2980 471 3029 ὁ
504 2976 739 3045 ἐνεργῶν
786 2976 853 3027 τὰ
900 2974 1122 3027 τοιαῦτα
1174 2974 1347 3039 λέγειν
1396 2974 1486 3025 καὶ
1537 2972 1765 3040 γράφειν

219 3068 423 3127 αὐτοῖς,
451 3062 584 3116 εἶδεν
628 3067 800 3115 ἐκεῖνο
828 3063 958 3130 (85),
995 3064 1095 3123 ὅτι,
1127 3064 1173 3113 εί
1220 3062 1351 3130 πρὸς
1402 3062 1501 3130 τὴν
1556 3061 1764 3113 σύνεσιν

220 3158 416 3217 αὐτοὺς
445 3154 542 3223 τῆς
568 3154 659 3205 τοῦ
695 3152 1020 3220 Μονογενοῦς
1050 3153 1204 3221 δόξης
1231 3153 1646 3221 ἀποτυφλώσειε,
1675 3154 1764 3207 καὶ

218 3246 318 3316 τὴν
350 3243 510 3297 αὑτοῦ
542 3244 633 3297 τοῦ
680 3244 810 3296 Θεοῦ
844 3245 935 3297 καὶ
970 3244 1176 3315 Πατρὸς
1206 3244 1401 3310 γνῶσιν
1437 3245 1763 3313 συναφαιρή-

1871 2060 1965 2111 pro
2014 2046 2324 2100 substantia?
2374 2048 2680 2103 diversitate
2723 2052 2928 2119 accepit
2967 2068 2980 2105 :
3022 2071 3226 2121 rursus,
3262 2068 3317 2110 ut
3352 2060 3415 2111 ad

1871 2144 2126 2189 creatura:
2151 2140 2501 2205 aequalitatem
2538 2139 2873 2211 Unigenitum
2911 2145 3176 2214 detrudat,
3202 2148 3414 2204 Patrem

1869 2228 2040 2282 snncit
2072 2243 2187 2283 esse
2218 2232 2707 2302 incomparabilem.
2733 2234 2928 2291 Novam
2956 2240 3165 2307 quidem
3200 2259 3261 2297 ac
3296 2258 3415 2297 vere

1870 2322 2332 2389 incomparabilem
2384 2326 2725 2393 blasphemia:
2763 2328 2899 2381 viam
2940 2341 3271 2387 commentus
3313 2348 3407 2387 es:

1868 2414 1954 2479 qui
2000 2414 2197 2470 interea
2232 2416 2354 2468 dum
2393 2418 2627 2470 exaltare
2656 2433 2711 2472 se
2749 2434 2811 2472 ac
2851 2421 3101 2477 extollere
3157 2424 3320 2477 Deum
3362 2435 3415 2479 e'.

1868 2504 2079 2560 Patrem
2110 2507 2343 2571 simulat,
2374 2507 2650 2563 imminuat
2678 2508 2942 2581 Cnigeniti
2972 2513 3088 2569 Filii
3110 2528 3161 2571 et
3186 2519 3272 2571 Dei
3305 2534 3416 2571 ma-

1862 2602 2111 2667 jestatem
2148 2615 2161 2663 ;
2193 2615 2497 2669 quanquam
2549 2602 2801 2658 Dominus
2856 2616 3084 2660 testatur
3133 2624 3194 2659 ac
3237 2609 3409 2662 dicit:

1867 2689 1968 2753 Qui
2002 2706 2100 2743 non
2117 2688 2336 2743 honorat
2372 2688 2596 2754 Filium,
2628 2690 2832 2747 Patrem
2863 2714 2961 2749 non
2988 2697 3204 2751 honorat
3238 2699 3280 2731 "
3302 2718 3316 2765 ;
3340 2709 3411 2764 et,

1867 2780 1967 2842 Qui
1994 2796 2071 2833 me
2098 2781 2398 2847 contemnit,
2432 2797 2531 2835 non
2560 2799 2637 2836 me
2656 2788 3053 2849 contemnit,sed
3075 2804 3187 2841 cunt
3222 2789 3311 2857 qui
3337 2805 3415 2843 me

1865 2874 1998 2923 misit
2023 2874 2083 2926 ¹⁶.
2120 2876 2222 2929 Sed
2263 2877 2503 2932 veritatis
2540 2878 2807 2944 inimicus,
2835 2881 2982 2951 cujus
3019 2897 3177 2952 Opera
3217 2898 3278 2938 ac
3314 2885 3414 2938 im-

1866 2966 2015 3030 pulsu
2046 2964 2133 3016 isti
2178 2964 2289 3019 hzec
2326 2967 2505 3021 dicunt
2539 2970 2899 3039 scrihuntque,
2938 2973 3060 3026 illud
3096 2976 3243 3037 vidit,
3272 2978 3412 3044 quol

1864 3056 1907 3109 si
1938 3068 2033 3107 eos
2076 3056 2216 3109 circa
2261 3056 2441 3125 gloria:
2477 3058 2739 3127 Unigeniti
2784 3063 3139 3131 cognitionem
3177 3081 3380 3120 excaeca

1864 3147 1951 3209 rit,
1982 3147 2141 3201 etiam
2174 3148 2340 3215 ipsius
2397 3148 2489 3201 Dei
2529 3166 2591 3204 ac
2631 3148 2806 3204 Patris
2848 3156 3204 3221 cognitionem
3254 3157 3413 3217 simul

1863 3238 2134 3294 ablaturus
2175 3252 2316 3293 esset
2351 3258 2363 3293 :
2403 3253 2459 3294 ut
2484 3242 2690 3295 etiamsi
2737 3244 3012 3298 videantur
3042 3250 3414 3316 prwrogativas

219 3356 404 3391 σεται·
441 3339 607 3401 ὥστε,
649 3339 695 3388 εἱ
728 3338 817 3388 καὶ
866 3335 1109 3388 δοκοῦσιν
1154 3335 1449 3406 ὑπερϐολάς
1498 3354 1643 3399 τινας
1687 3336 1769 3386 νέο
1796 3318 1836 3373 C
1871 3346 1889 3377 ί

1713 3336 1769 3386 κέ-
1796 3318 1836 3373 C
1871 3332 2122 3395 quasdam
2158 3330 2264 3383 Deo
2299 3340 2351 3385 et
2381 3330 2519 3383 Patri
2546 3332 2860 3396 attribuere,
2898 3335 3095 3389 nullum
3128 3348 3301 3392 tamen
3335 3339 3383 3393 in

222 3448 347 3501 μειν
377 3431 453 3499 τῷ
482 3430 596 3499 Θεῷ
624 3431 714 3481 καὶ
742 3428 944 3499 Πατρὶ,
988 3427 1147 3498 μηδὲν
1195 3426 1375 3487 αὐτοῖς
1404 3426 1589 3493 ὄφελος
1635 3422 1769 3478 εἶναι

217 3523 319 3592 τῆς
368 3522 501 3590 πρὸς
542 3520 700 3572 αὑτὸν
744 3519 980 3589 ἀγούσης
1025 3516 1141 3572 ὁδοῦ
1173 3516 1269 3587 τὴν
1314 3518 1511 3585 γνῶσιν
1554 3518 1769 3587 ἀφῃρη-

222 3616 428 3688 μένοις.
483 3612 693 3682 Ἐπειδὴ
747 3614 839 3665 καὶ
902 3613 1141 3665 Ἰουδαῖοι
1197 3611 1436 3678 δοξάζειν
1496 3610 1584 3662 τὸν
1644 3610 1771 3662 Θεὸν

217 3708 451 3769 θεονται,
509 3705 599 3757 καὶ
653 3704 913 3771 Ἑλλήνων
980 3721 1061 3765 τις
1103 3704 1387 3757 ἀκούσεται
1440 3702 1771 3773 βουλομένων

218 3814 270 3854 τι
307 3798 447 3870 μέγα
498 3795 623 3867 περὶ
665 3794 796 3847 Θεοῦ
852 3793 1057 3862 λέγειν’
1091 3794 1203 3845 ἀλλ’
1249 3796 1395 3863 ὅμως
1442 3797 1541 3847 ούκ
1580 3794 1643 3847 ἄν
1688 3811 1770 3855 τις

216 3892 360 3943 εἴποι
397 3887 711 3959 μεγαλύνειν
737 3887 930 3948 αὐτοὺς
962 3886 1050 3939 τὸν
1078 3885 1209 3938 Θεὸν
1238 3886 1363 3939 ἄνευ
1394 3888 1490 3955 τῆς
1530 3887 1608 3948 είς
1638 3887 1769 3955 Χρι-

219 3982 344 4035 στὸν
393 3981 660 4042 πίστεως,
710 3980 777 4033 δι’
821 3971 943 4049 οῦὴ
1000 3979 1327 4049 προσαγωγὴ
1370 3980 1465 4048 τῆς
1520 3976 1770 4047 γνώσεώς

216 4078 388 4131 ἐστιν.

287 4171 377 4224 27.
432 4167 780 4239 Ἀσύγκριτον
820 4163 910 4218 οῦν
958 4165 1047 4217 τὸν
1093 4163 1225 4215 Θεὸν
1279 4163 1445 4230 λέγει,
1491 4163 1575 4214 ἵνα
1623 4161 1768 4233 δείξῃ

217 4262 349 4315 Υἰὸν
379 4261 489 4312 ῑσον
534 4260 661 4313 ὄντα
691 4261 755 4327 τῇ
789 4258 987 4319 κτίσει,
1023 4259 1079 4308 ὲν
1124 4254 1201 4324 τῷ
1238 4255 1433 4323 ὁμοίως
1473 4253 1571 4322 τῆς
1614 4254 1768 4322 δόξης

214 4352 314 4405 τοῦ
348 4350 559 4421 Πατρὸς
602 4346 1013 4403 ἀπολείπεσθαι·
1044 4346 1175 4398 διότι
1208 4345 1277 4397 τὰ
1314 4343 1421 4412 (86)
1461 4343 1557 4410 ῐσῳ
1589 4343 1769 4413 μέτρῳ

216 4444 592 4516 ὑπερεχόμενα
636 4442 726 4493 ῐσα
766 4439 1009 4509 ἀλλήλοις
1049 4436 1357 4504 ἀναγκαίως
1402 4436 1536 4487 ἐστί.
1577 4434 1770 4486 Τοσοῦ-

214 4555 311 4590 τον
339 4536 393 4590 δὲ
429 4534 747 4605 ὑπερέχεται
793 4530 929 4583 κατά
972 4530 1059 4582 τὸν
1103 4528 1286 4581 τούτου
1331 4527 1440 4597 (87)
1486 4526 1637 4593 λόγον
1666 4526 1769 4578 ὑπὸ

1871 3421 1936 3473 de
1964 3419 2379 3473 emolumentum
2430 3432 2841 3489 consequantur,
2876 3440 2995 3479 cum
3038 3428 3115 3479 eis
3154 3427 3267 3498 ejus
3296 3430 3411 3491 viae,

1870 3528 1987 3582 qua:
2027 3513 2090 3565 ad
2128 3512 2295 3581 ipsum
2348 3513 2509 3575 ducit,
2538 3518 2787 3584 adempta
2843 3518 3027 3570 notitia
3064 3520 3151 3571 sit.
3189 3517 3321 3573 Nam
3361 3532 3417 3575 et

1868 3603 2030 3657 Jndzei
2062 3605 2225 3671 gloria
2252 3604 2410 3659 Deum
2444 3605 2651 3660 allicere
2674 3623 2731 3662 se
2754 3618 2966 3673 putant;
2998 3620 3047 3664 et
3081 3613 3265 3666 audias
3288 3629 3417 3682 gen-

1871 3694 1989 3748 tiles
2029 3695 2327 3759 nonnnllos,
2357 3696 2444 3764 qui
2474 3697 2669 3764 aliquid
2707 3700 2867 3751 venint
2900 3702 3071 3768 magni
3102 3702 3166 3755 de
3197 3702 3304 3757 Deo
3330 3704 3411 3755 di-

1868 3800 2021 3843 cere:
2050 3788 2141 3841 sed
2182 3786 2248 3842 ab
2277 3789 2339 3841 iis
2370 3790 2568 3857 absque
2598 3790 2699 3843 fide
2742 3790 2792 3842 in
2824 3791 3091 3845 Christum
3124 3808 3219 3859 per
3256 3810 3411 3863 quem

1865 3880 1929 3933 ad
1962 3879 2313 3950 cognitionem
2344 3896 2588 3937 accessus
2615 3881 2692 3945 ﬁt.
2714 3883 2874 3938 Deum
2911 3886 3237 3953 magniﬁcari
3267 3887 3416 3940 dixe-

1866 3973 1935 4025 rit
1964 3987 2139 4028 nemo.

1934 4167 2020 4218 27.
2060 4166 2530 4237 lncomparahilem
2569 4169 2732 4240 igitur
2769 4172 2895 4226 dicit
2922 4172 3105 4238 Deum,
3138 4184 3194 4229 ut
3223 4176 3411 4231 Filium

1869 4262 1917 4311 in
1948 4275 2011 4313 eo
2038 4260 2297 4313 creaturis
2320 4260 2573 4329 :equalem
2602 4276 2722 4315 esse
2746 4264 3012 4329 ostendat,
3040 4268 3178 4333 quod
3211 4268 3416 4336 pariter

1869 4354 2017 4406 abest
2046 4367 2073 4405 a
2117 4352 2396 4421 majestate
2448 4353 2636 4409 Patris.
2670 4355 2796 4421 Qua:
2839 4358 2978 4411 enim
3026 4360 3215 4427 aequali
3254 4376 3414 4429 supeo

1869 4454 2055 4496 rantur
2092 4458 2362 4509 mensura,
2392 4445 2615 4515 aequalia
2664 4448 2801 4503 inter
2829 4463 2887 4503 se
2921 4452 3228 4503 necessario
3268 4462 3411 4506 sunt.

1868 4534 2096 4587 Tantum
2143 4542 2320 4588 autem
2355 4548 2640 4605 superatur
2682 4539 2974 4590 secundum
3008 4538 3160 4604 hujus
3196 4550 3414 4595 senten-

214 4628 313 4681 τοῦ
338 4627 471 4680 Θεοῦ
500 4627 592 4679 καὶ
614 4622 865 4694 Πατρὸςό
896 4620 1199 4687 Μονογενὴς
1222 4620 1363 4681 Υἱὸς,
1392 4620 1510 4671 ὅσον
1547 4618 1639 4671 καὶ
1664 4618 1769 4670 τῶν
1802 4655 1842 4707 D
1872 4636 1884 4676 ι

1747 4636 1769 4670 ν
1802 4655 1842 4707 D
1872 4626 1994 4677 tiam
2033 4641 2060 4678 a
2100 4625 2206 4679 Deo
2236 4636 2290 4678 et
2324 4625 2479 4679 Patre
2521 4628 2824 4696 unigenitus
2851 4628 3033 4695 Filius,
3070 4644 3325 4699 quantum
3362 4644 3417 4687 et

214 4719 391 4773 ἄλλων
428 4718 669 4769 ἕκαστον.
701 4714 945 4767 Τοιοῦτον
998 4714 1103 4781 γάρ
1148 4713 1258 4763 ἐστι
1309 4711 1369 4763 τὸ
1418 4710 1763 4779 ἀσύγκριτον,

212 4810 245 4862 ὃ
274 4810 438 4861 πᾶσιν
466 4806 662 4875 ὁμοίως
691 4807 833 4857 ἐστὶν
863 4802 1300 4872 ἀπροσπέλαστον
1340 4802 1430 4853 καὶ
1457 4801 1758 4868 ἀνέφικτον.

215 4902 282 4954 Ei
311 4899 368 4952 δὲ
413 4898 523 4950 ἴσον
573 4896 682 4966 (88)
725 4899 834 4958 τοῖς
883 4895 1057 4955 ἀλλοις
1095 4892 1187 4945 τοῦ
1226 4892 1434 4961 Πατρὸς
1481 4884 1767 4943 ἀπολείπε-

212 5011 328 5057 ται,
361 4992 471 5054 ἴσος
508 4990 733 5051 ἐκείνοις
772 4989 885 5039 ἐστὶ
923 4986 1037 5057 μεθ’
1067 4980 1138 5037 ὧν
1179 4984 1542 5037 ἀπολείπεται.
1573 4983 1636 5033 Τί
1675 4980 1765 5034 οὖν

215 5088 317 5155 τῆς
348 5085 689 5155 βλασφημίας
722 5081 919 5149 ταύτης
953 5082 1127 5149 χεῖρον
1160 5078 1358 5130 εἴποιεν
1388 5075 1452 5128 ἂν
1492 5076 1765 5140 Ἰουδαῖοι;

212 5179 270 5230 τί
296 5178 353 5229 δὲ
397 5176 503 5227 τῶν
542 5175 706 5227 ἐθνῶν
752 5172 1012 5239 λεγόντων
1046 5172 1189 5221 ἐστὶν
1234 5169 1476 5231 ἀκούειν;
1525 5168 1632 5220 Καὶ
1672 5170 1769 5221 ούκ

216 5267 540 5340 ὲρυθριῶσιν
567 5268 614 5318 oi
656 5265 745 5318 τὸν
772 5264 863 5315 τοῦ
903 5261 1036 5314 Θεοῦ
1068 5262 1235 5327 Λόγον
1278 5259 1592 5329 πρεσϐεύειν
1635 5278 1765 5331 σχη-

219 5356 590 5431 ματιζόμενοι,
625 5354 892 5415 Ἰουδαίοις
925 5352 1017 5404 καὶ
1048 5350 1266 5417 Ἕλλησι
1300 5350 1426 5401 φίλα
1470 5350 1560 5401 καὶ
1603 5368 1767 5419 προσ-

291 5495 334 5528 ¹¹
360 5491 514 5547 Joan.
542 5490 706 5553 v.23.
782 5490 823 5521 “
859 5489 991 5542 an.
1032 5504 1085 5550 χ,
1122 5486 1207 5539 16.

290 5607 404 5678 (84)
443 5606 571 5669 Reg.
596 5605 791 5678 tertius
825 5606 875 5657 in
924 5604 1161 5672 margine
1192 5617 1353 5655 manu
1393 5601 1551 5670 paulu
1582 5618 1769 5659 recen-

217 5676 357 5733 tiore
387 5676 771 5743 ἐπεγκαλέσας.

292 5747 402 5819 (85)
433 5739 560 5819 Reg.
590 5757 808 5819 quartus
835 5739 981 5819 οἶδεν⁸
1018 5745 1209 5819 ἐκεῖνο,
1243 5742 1377 5795 novit
1405 5742 1575 5819 illud,
1608 5756 1660 5798 et
1691 5746 1763 5801 ita

220 5814 433 5890 quoque
451 5816 649 5890 legitur
680 5816 729 5868 in
754 5815 1210 5890 Colliertino,_setl_
1248 5814 1474 5890 secunda
1510 5831 1693 5890 πηηηη,

290 5886 401 5946 (86)
443 5883 617 5941 COdex
652 5900 787 5939 unus
822 5884 901 5937 διὸ
929 5885 1014 5938 τά.
1049 5884 1148 5937 Alii
1182 5886 1284 5938 duo
1312 5883 1443 5935 διότι
1479 5887 1570 5936 καὶ
1604 5889 1689 5940 τὰ.

1873 4718 2096 4770 aliorum
2126 4716 2347 4786 singula.
2374 4716 2499 4769 Nam
2530 4720 2669 4785 quod
2695 4722 2985 4787 comparari
3012 4736 3115 4774 non
3145 4730 3339 4788 potest,
3366 4723 3415 4775 id

1869 4807 2123 4876 ejusmodi
2151 4818 2249 4871 est,
2282 4817 2337 4861 ut
2369 4808 2614 4863 omnibus
2647 4811 2842 4877 pariter
2874 4812 3203 4864 inaccessum
3236 4812 3305 4864 sit
3332 4821 3416 4864 at-

1872 4916 1974 4971 que
2006 4901 2527 4971 impervium.Quare
2555 4903 2599 4957 si
2630 4902 2792 4957 Filius
2818 4918 2845 4955 a
2878 4902 3031 4956 Patre
3054 4918 3201 4971 mque
3232 4904 3411 4966 distat,

1873 5002 2031 5061 atque
2062 5008 2144 5047 res
2171 4994 2307 5054 alite.
2332 4995 2550 5064 mqualis
2578 5004 2663 5048 est
2696 4995 2760 5046 iis
2790 4994 3098 5062 quibuscum
3134 4998 3311 5049 abillo
3340 4998 3416 5050 di-

1872 5090 1996 5134 stat.
2022 5080 2155 5147 Quid
2188 5084 2344 5151 igitur
2378 5084 2477 5136 hac
2521 5084 2843 5151 blasphemia
2874 5084 3020 5150 pejus
3057 5086 3290 5139 dixerint
3321 5084 3414 5137 Ju-

1871 5173 1965 5226 dai
2002 5175 2025 5226 ?
2057 5175 2181 5241 quid
2228 5175 2463 5229 deterius
2486 5191 2548 5228 ex
2584 5178 2825 5244 gentibus
2871 5178 3054 5230 audire
3090 5180 3417 5245 possumus?

1868 5262 1976 5317 Nec
2015 5267 2175 5333 pudet
2223 5281 2317 5319 eos
2357 5268 2443 5335 qui
2486 5282 2541 5321 se
2573 5266 2802 5321 Verbum
2834 5270 2923 5321 Dei
2971 5268 3145 5321 colere
3191 5269 3413 5335 tingunt,

1870 5354 2067 5410 Judacis
2092 5373 2152 5411 ac
2182 5358 2715 5427 gentilibusjncunda
2742 5361 3053 5414 documenta
3084 5371 3240 5414 atane
3264 5361 3417 5413 fami-

1966 5607 2054 5676 87)
2085 5608 2305 5662 Codices
2341 5608 2542 5676 aliquot
2574 5606 2661 5659 τὸν
2689 5606 2910 5667 τούτων,
2944 5607 3020 5659 uti
3050 5608 3275 5659 sentiunt
3309 5605 3417 5659 Eu-

1873 5695 2245 5819 ηοξιέὲιίιίξιὶίιί,
2266 5748 2325 5801 Εἰ
2348 5747 2404 5801 δὲ
2428 5748 2488 5801 τὸ
2518 5745 2650 5803 ἴσον.
2678 5752 2741 5801 At
2760 5763 2884 5803 mss.
2912 5747 3261 5817 antiquiores,
3282 5747 3343 5802 El
3362 5747 3418 5801 δὲ

1872 5825 2003 5877 ἴσον.
