4230 6498
813 459 908 510 571

2117 450 2171 501 S.
2215 446 2449 500 BASlLll
2489 448 2702 503 MAGNI

3911 450 4020 503 572

811 567 963 622 liaria
998 579 1312 634 proponere.
1337 563 1464 617 Nam
1501 564 1543 617 si
1571 565 1674 618 Deo
1700 573 1751 618 et
1783 563 1924 616 Patri
1952 579 2054 617 non
2087 578 2362 630 compara-
2394 579 2408 623 Α

2466 563 2635 633 ήγορα
2679 559 2790 630 (89)
2835 561 3130 631 διδάγματα
3201 562 3619 634 προτεινόμενοι.
3667 567 3727 618 Ei
3781 564 3890 635 γὰρ
3943 563 4020 634 μὴ

813 671 917 720 tur,
961 657 1406 726 quemadmodum
1471 673 1640 724 neque
1696 656 1890 724 angeli,
1932 673 2102 727 neque
2144 655 2360 719 caelum,

810 764 982 816 neque
1013 750 1113 813 sol,
1151 763 1324 816 neque
1355 759 1516 814 terra,
1541 763 1710 816 neque
1739 751 2043 804 animalium
2075 765 2189 819 qua:
2221 749 2271 800 in
2297 762 2359 803 ea

805 851 930 894 sunt
955 841 1142 904 ullum,
1179 856 1351 911 neque
1381 844 1681 912 plantarum
1715 842 1817 894 ulla
1850 861 1862 907 ;
1892 843 2155 912 quomodo
2187 857 2213 894 a
2239 857 2361 908 pro-

807 933 938 1000 priis
964 934 1224 987 creaturis
1256 936 1358 988 erit
1407 934 1646 986 diversus
1673 934 1696 987 ?
1727 945 1934 997 contra,
1959 935 2096 987 unde
2135 933 2206 985 illi
2239 948 2357 986 cum

807 1023 962 1077 Patre
1001 1024 1305 1092 conjunctio
1333 1025 1356 1076 ?
1389 1022 1515 1093 Ego,
1552 1023 1745 1094 inquit,
1783 1037 1826 1077 et
1887 1025 2045 1076 Pater
2075 1040 2232 1074 unum
2269 1041 2358 1076 su-

804 1133 916 1169 mus
957 1116 1020 1169 ".
1058 1115 1258 1170 Rursus
1287 1116 1429 1168 enim
1469 1117 1701 1184 ejusdem
1739 1117 1862 1170 dicti
1917 1117 2173 1169 faciamus
2209 1132 2357 1169 men-

806 1210 1023 1262 tionem.
1071 1208 1198 1271 Hoc,
1237 1208 1320 1261 die
1363 1211 1512 1274 mihi,
1551 1223 1721 1263 nonne
1761 1207 1977 1262 verbum
2024 1218 2102 1261 est
2139 1223 2355 1274 compa-

805 1301 974 1354 rantis
1006 1301 1427 1368 seipsum?Quitl
1459 1303 1576 1354 dico
1606 1301 1962 1366 comparantis
1987 1298 2008 1351 ?
2035 1301 2137 1352 imo
2169 1300 2354 1352 unien-

805 1392 893 1455 tis,
929 1400 984 1445 ut
1015 1391 1085 1445 ita
1113 1393 1309 1457 dicam,
1339 1401 1392 1445 et
1424 1401 1628 1443 natura!
1657 1390 2051 1442 similitudinem
2078 1391 2355 1455 integerri-

805 1497 943 1536 matn
983 1484 1108 1537 hinc
1150 1482 1471 1536 declarantis
1510 1481 1532 1532 ?
1574 1479 1670 1532 llic
1708 1496 1834 1532 vero
1887 1480 2352 1548 incomparabilem

803 1587 922 1627 esse
954 1575 1114 1627 Deum
1149 1572 1355 1624 statuit.
1384 1571 1445 1623 Et
1495 1570 1708 1624 bonitas
1736 1570 1895 1640 238
1928 1571 2138 1638 quidem
2169 1569 2258 1624 Dei
2292 1588 2354 1626 ac

806 1664 1100 1718 Salvatoris
1118 1664 1282 1716 nostri
1307 1661 1430 1716 Jesu
1454 1663 1671 1727 Christi,
1698 1664 1957 1725 homines,
1983 1670 2136 1731 prout
2163 1677 2353 1733 capere

802 1769 1080 1822 possumus
1099 1795 1114 1818 ,
1151 1769 1244 1822 per
1273 1753 1505 1806 studium
1534 1769 1592 1808 ac
1621 1755 2060 1808 eXercitationem
2093 1755 2348 1810 bonorum

801 1860 1020 1914 cperum
1051 1861 1116 1900 eo
1138 1845 1369 1908 adducit,
1393 1856 1448 1899 ut
1479 1847 1607 1898 liant
1640 1847 1743 1899 Deo
1768 1847 2135 1898 universorum
2172 1846 2348 1900 consi-

802 1935 975 1998 miles,
1009 1935 1132 1988 dum
1167 1934 1294 1989 dicit
1325 1952 1339 1988 :
1366 1934 1494 1988 Sitis
1518 1935 1724 2002 perfecti
1767 1935 1897 1987 sicut
1937 1944 1983 1987 et
2011 1933 2168 1989 Pater
2199 1947 2356 1988 vester

801 2025 1017 2079 celestis
1050 2025 1300 2093 perfectus
1335 2035 1408 2077 est
1436 2024 1505 2087 ¹⁸;
1542 2024 1626 2077 hic
1664 2033 1840 2076 autem
1884 2023 2221 2094 Uuigenilnm
2256 2041 2350 2077 na-

803 2118 957 2170 turali
993 2131 1111 2170 cum
1141 2117 1294 2170 Patre
1322 2117 1717 2186 conjunctione,
1737 2125 1992 2184 quantum
2021 2119 2069 2169 in
2105 2120 2216 2186 ipso
2243 2127 2344 2180 est,

803 2209 993 2277 privat.
1035 2209 1138 2264 Sed
1169 2219 1220 2263 et
1267 2209 1377 2261 haec
1421 2209 1560 2262 ratio
1606 2208 1684 2263 sic
1712 2210 1967 2263 adversus
2000 2209 2142 2263 hunc
2179 2209 2344 2276 ipsum

803 2300 1217 2370 retorquebitur.
1255 2299 1461 2354 Etenim
1504 2301 1547 2354 si
1591 2301 2021 2369 incomparabilis
2047 2310 2129 2354 est
2168 2297 2343 2367 Pater,

801 2393 942 2445 unde
971 2391 1158 2443 Filium
1189 2389 1501 2444 dissimilem
1527 2403 1641 2442 esse
1661 2388 2046 2440 demonstrabit
2067 2388 2088 2440 τ
2107 2388 2171 2441 Et
2198 2405 2343 2452 vero,

800 2484 844 2537 si
872 2498 936 2536 ex
976 2483 1329 2537 essentiarum
1386 2483 1525 2535 inter
1551 2497 1608 2535 se
1650 2481 2043 2548 Comparatione
2070 2482 2342 2537 dissimili-

802 2575 1035 2628 tudinem
1091 2573 1360 2628 invenisse
1389 2589 1447 2628 se
1489 2573 1730 2628 dicturus
1757 2582 1870 2641 est,
1900 2573 1988 2642 qui
2025 2575 2136 2628 lieri
2177 2583 2347 2643 potest

800 2676 861 2721 ut
892 2668 1328 2738 incomparabilis
1363 2668 1430 2722 sit
1478 2668 1565 2736 qui
1615 2667 1735 2721 talis
1778 2667 1904 2721 est?
1942 2666 2033 2721 Sin
2082 2678 2255 2720 autem
2283 2681 2349 2719 ne

801 2769 1141 2829 COll'lpal'ﬂlUI'
1172 2759 1384 2829 quidem
1417 2759 1524 2811 ullo
1551 2759 1724 2821 modo,
1756 2761 2019 2824 quomodo
2063 2761 2231 2827 potuit
2266 2760 2346 2811 di-

798 2852 1105 2905 versitatem
1156 2864 1476 2920 cognoscere
1509 2850 1532 2902 ?
1565 2850 1650 2902 Sic
1687 2849 1879 2901 malum
1934 2866 2037 2901 non
2079 2851 2217 2901 bono
2261 2866 2347 2904 so-

799 2941 907 2995 lttm
935 2942 1146 2997 videtur
1172 2943 1466 3001 adversari.
1502 2942 1591 2996 sed
1623 2943 1791 3010 ipsum
1819 2942 1978 2995 etiam
2013 2941 2136 2998 sibi.

2469 657 2809 724 συγκρίνεται
2851 653 2926 723 τῷ
2959 654 3075 724 Θεῷ
3120 656 3212 708 καὶ
3257 659 3426 727 Πατρὶ
3475 654 3618 725 (90),
3665 658 3853 728 ὥσπερ
3893 655 4017 709 οὔτε

2465 743 2712 810 ἄγγελοι,
2759 743 2876 796 οὔτε
2907 743 3162 814 οὐρανὸς,
3209 744 3332 796 οὔτε
3385 748 3551 815 ἣλιος,
3593 743 3714 795 οὔτε
3744 751 3846 818 γῆ,
3894 744 4018 799 οὗτε

2462 835 2567 886 τῶν
2598 837 2652 888 ὲν
2689 837 2821 905 αὐτῇ
2859 834 3008 898 ζώων
3043 855 3099 889 τε
3134 837 3225 889 καὶ
3256 839 3435 904 φυτῶν
3466 841 3722 893 ’ἑκαστον⁸
3759 842 3874 904 πῶς
3917 839 4017 910 μὲν

2462 929 2558 996 τὴν
2597 929 2852 1000 διαφορὰν
2893 929 3003 993 ἕξει
3039 930 3170 1000 πρὸς
3199 929 3266 981 τὰ
3297 931 3468 983 οἰκεῖα
3513 934 3813 1002 κτίσματα;
3857 934 4018 986 πόθεν

2462 1021 2515 1072 δὲ
2550 1021 2694 1090 αύτῴ
2747 1022 2880 1093 πρὸς
2921 1021 3012 1073 τὸν
3045 1022 3371 1091 γεννήσαντα
3421 1024 3453 1091 ἡ
3499 1025 3796 1094 οἰκειότης
3848 1022 4011 1090 Ἐγὼ,

2463 1113 2610 1182 φησι,
2640 1115 2736 1166 καὶ
2767 1119 2797 1167 ό
2835 1113 3030 1180 Πατὴρ
3062 1114 3129 1166 ἓν
3156 1115 3358 1180 ἐσμεν.
3389 1111 3553 1167 Πάλιν
3593 1115 3698 1185 γὰρ
3728 1113 3818 1168 τοῦ
3849 1113 4013 1166 αὐτοῦ

2464 1207 2916 1276 μνημονεύσωμεν
2948 1207 3076 1276 (91).
3122 1205 3309 1264 Τοῦτο,
3340 1205 3458 1258 εἰπέ
3496 1219 3605 1273 μοι,
3643 1209 3760 1276 οὺχ).
3793 1205 4014 1273 συγκρί-

2460 1313 2634 1357 νοντος
2665 1298 2850 1351 ἑαυτὸν
2886 1303 2996 1351 ἐστι
3025 1297 3083 1348 τὸ
3118 1297 3300 1367 (bima;
3329 1297 3392 1349 Τί
3435 1295 3575 1362 λέγω
3601 1299 4010 1368 συγκρίνοντοςς

2460 1387 2695 1450 ἑνοῦντος
2753 1390 2849 1458 μὲν
2897 1386 3008 1450 οὖν,
3075 1389 3146 1450 ὼς
3196 1391 3387 1452 εἰπεῖν,
3435 1386 3621 1439 καὶτὸ
3668 1387 3765 1455 τῆς
3797 1390 4011 1456 φύσεως

2457 1479 2866 1549 ἀπαράλλακτον
2918 1482 3050 1550 (92)
3118 1482 3482 1551 παριστὼντος
3549 1477 3817 1532 ἐντεῦθεν,
3859 1482 3914 1533 '0
3955 1479 4011 1531 δὲ

2457 1570 2778 1642 ἀσύγκριτον
2813 1571 2948 1625 εἶναι
2981 1571 3070 1623 τὸν
3108 1571 3239 1623 Θεὸν
3281 1569 3653 1638 ἀποφαίνεται.
3693 1569 3801 1620 Καὶ
3837 1571 3870 1638 ἡ
3915 1572 4012 1638 μὲν

2456 1660 2725 1732 ἀγαθότης
2770 1663 2862 1714 τοῦ
2893 1660 3025 1712 Θεοῦ
3057 1661 3150 1713 καὶ
3197 1661 3439 1731 Σωτῆρος
3477 1659 3631 1726 ἡμῶν
3673 1656 3848 1726 Ἰησοῦ
3884 1658 4014 1728 Χρισ-

2457 1752 2580 1804 στοῦ
2607 1755 2730 1817 τοὺς
2760 1751 3071 1824 ἀνθρώπους
3111 1752 3254 1821 (93),
3299 1751 3523 1805 καθόσον
3561 1752 3723 1820 ἐσμὲν
3773 1766 4010 1819 χωρητι-

2455 1847 2559 1906 κοὶ,
2601 1846 2688 1898 διὰ
2717 1846 2812 1914 τῆς
2846 1844 3069 1913 μελέτης
3111 1846 3203 1897 καὶ
3251 1845 3348 1913 τῆς
3386 1843 3669 1912 ἀσκήσεως
3711 1843 3820 1896 τῶν
3870 1843 4010 1907 ἀγα-

2460 1936 2566 1990 Θῶν
2599 1939 2770 2008 ἔργων
2821 1940 2884 2006 τῇ
2934 1936 3066 2007 πρὸς
3111 1935 3200 1990 τὶν
3250 1937 3378 1990 Θεὸν
3408 1935 3515 1986 τῶν
3571 1936 3704 1989 ὅλων
3756 1933 4012 2006 ὁμοιώσει

2460 2033 2718 2101 προσάγει
2758 2030 2814 2081 ἐν
2846 2024 2926 2090 οἷς
2956 2047 3083 2100 φησι
3106 2047 3118 2059 ⁸
3156 2033 3406 2084 Γίνεσθε
3437 2027 3650 2082 τέλειοι
3687 2029 3880 2092 καθὼς
3913 2025 4012 2079 και

2455 2128 2486 2176 ὁ
2516 2122 2712 2188 Πατὴρ
2754 2121 2918 2189 ὑμῶν
2948 2126 2978 2175 ὁ
3031 2125 3304 2191 οὐράνιος
3353 2121 3577 2188 τέλειός
3617 2124 3818 2176 ἐστιν’
3858 2111 4010 2181 οὗτος

2451 2215 2505 2266 δὲ
2536 2215 2623 2264 τὸν
2665 2214 2940 2285 Μονογενῆ
2988 2213 3087 2285 τὴν
3116 2216 3178 2268 ὲκ
3227 2213 3436 2283 φύσεως
3481 2214 3628 2284 αὐτῷ
3663 2213 4011 2281 ὑπάρχουσαν

2453 2306 2584 2374 προς
2615 2305 2706 2358 τὸν
2741 2310 3071 2379 γεννήσαντα
3115 2305 3415 2376 οἰκειότητα
3446 2306 3588 2376 (94),
3627 2305 3688 2358 τὸ
3735 2306 3815 2366 εἰς
3848 2303 4011 2355 αὑτὸν

2448 2393 2599 2467 ἧκον,
2631 2403 2933 2470 ἀποστερεῖ.
2975 2401 3162 2453 Καίτοι
3193 2398 3285 2452 καὶ
3313 2397 3483 2461 οὕτως
3517 2401 3625 2471 (95)
3659 2397 3806 2467 αὐτῷ
3837 2399 3914 2460 εἰς
3947 2397 4010 2450 τὸ

2447 2491 2682 2541 ἐναντίον
2716 2493 2742 2542 ὁ
2777 2491 2930 2558 λόγος
2967 2493 3449 2560 περιτραπήσεται.
3481 2492 3542 2544 Εἰ
3587 2492 3692 2562 γὰρ
3739 2488 4010 2558 ἀσύγκρι-

2450 2598 2539 2643 τος
2584 2583 2612 2632 ὀ
2656 2582 2863 2650 Πατὴρ,
2917 2580 3074 2633 πόθεν
3123 2579 3300 2633 λαϐὼν
3345 2582 3444 2651 τῆς
3493 2584 3870 2652 ἀνομοιότητος
3912 2582 4010 2634 τοῦ

2461 2673 2591 2727 Υἱοῦ
2624 2673 2721 2736 τὰς
2758 2673 3056 2740 ἀποδείξεις
3103 2672 3421 2745 impegerat;
3454 2677 3515 2728 Εἰ
3562 2676 3656 2742 μὲν
3699 2673 3828 2744 γὰρ,
3863 2673 4011 2726 ﬁve:—

2455 2766 2827 2837 παρεξετάζων
2858 2768 2956 2830 τὰς
2982 2768 3163 2832 οὐσίας
3203 2769 3472 2838 ἀλλήλαις,
3517 2769 3804 2840 εὑρηκέναι
3847 2768 4011 2838 φήσει

2453 2858 2513 2910 τὺ
2552 2859 2820 2928 ἀνόμοιον,
2852 2858 2966 2922 πῶς
2996 2857 3321 2929 ἀσύγκριτος
3359 2862 3385 2911 ὁ
3411 2860 3683 2923 τοιοῦτος;
3712 2862 3764 2912 εἰ
3793 2859 3849 2911 δὲ
3887 2859 4011 2912 οὐδὲ

2457 2949 2800 3020 συγκρίνεται
2847 2951 2944 3022 τὴν
2997 2951 3168 3023 ἀρχὴν
3225 2951 3369 3021 (96),
3420 2951 3536 3014 πῶς
3595 2951 3894 3019 ἐπιγνῶναι
3948 2951 4011 3002 τὸ

797 3037 1048 3109 διάφορον
1101 3037 1368 3110 ἠδυνήθης
1424 3036 1606 3100 Οὕτως
1651 3036 1794 3092 ἔοικε
1842 3035 1902 3090 τὸ
1951 3036 2120 3094 κακὸν
2164 3040 2226 3092 οὐ
2279 3039 2354 3108 τῷ
2413 3042 2597 3112 ἀγαθῷ
2650 3045 3014 3098 ἐναντιοῦσθαι
3080 3044 3270 3116 μόνον,
3322 3045 3458 3100 ἀλλά
3523 3046 3617 3100 καὶ
3691 3047 3824 3100 αὐτὸ
3879 3046 4004 3099 tau-

797 3133 877 3202 τῷ
910 3133 1038 3203 (97).

879 3312 919 3342 ¹⁷
948 3309 1102 3365 Joan.
1128 3326 1181 3377 ι,
1204 3310 1292 3365 30.
1369 3311 1408 3342 “
1445 3309 1633 3366 Matth.
1669 3327 1724 3380 ν,
1750 3311 1838 3367 48.

869 3487 978 3562 (89)
1007 3486 1161 3562 illud,
1189 3487 1313 3556 φίλα
1341 3491 1432 3542 καὶ
1462 3492 1793 3562 προσήγορα,
1826 3491 1870 3544 si
1904 3492 2093 3562 mavis,
2119 3492 2192 3544 ita
2219 3507 2339 3546 cum
2370 3498 2411 3554 C
2449 3491 2611 3562 multo
2645 3506 2782 3556 esse,
2811 3491 2981 3544 solere
3007 3488 3205 3558 aliquid
3251 3489 3389 3562 lieri,
3440 3487 3581 3562 aliud
3620 3501 3838 3562 semper
3866 3487 4005 3562 ﬁeri.

795 3556 1117 3629 Cotnlieiisio
1141 3556 1543 3629 interpretare:
1572 3556 1802 3629 jucunda
1831 3578 1889 3613 ac
1915 3561 2166 3628 faventia.

867 3625 977 3692 (90)
1015 3625 1525 3694 Dissident‘quidem
1559 3625 1699 3682 inter
1722 3647 1778 3683 se
1807 3625 1932 3682 editi
1962 3641 2013 3682 et
2041 3632 2158 3682 libri
2195 3639 2342 3681 vete-

797 3711 881 3748 res
908 3713 919 3747 :
945 3695 1037 3746 sed
1065 3695 1158 3764 ita,
1186 3704 1242 3747 ttt
1275 3699 1537 3749 sententia
1573 3699 1757 3750 eadem
1795 3713 2003 3764 semper
2043 3708 2337 3751 remaneat.

796 3764 934 3838 Editi
965 3761 1393 3838 συγκρίνοιτοτῷ
1419 3767 1607 3837 Πατρί.
1637 3766 1811 3820 Codex
1840 3761 2340 3838 ttnusdauyxplvemt

794 3833 1008 3955 «p.05?
1033 3833 1218 3916 Πατρί.
1246 3833 1394 3887 Alius
1421 3833 1769 3918 συγκρίνεται.
1783 3837 1860 3907 τῷ
1888 3833 2117 3918 Θεῷικαὶ
2143 3833 2338 3908 ’Πατρῂ

795 3916 850 3955 et
879 3912 946 3955 Ita
995 3919 1119 3955 oaul
1168 3905 1301 3955 solet
1351 3906 1590 3955 Basmus.
1646 3907 1882 3955 Demmte
1927 3914 2015 3955 alit
2065 3911 2169 3955 dun
2205 3924 2335 3955 mss-

795 3916 850 3958 et
879 3905 946 3956 ita
978 3905 1119 3977 loqui
1153 3905 1301 3977 solet
1351 3905 1590 3960 Basilius.
1646 3905 1882 3977 Denique
1927 3905 2016 3960 alii
2065 3911 2169 3962 duo
2205 3905 2335 3961 mss.

797 3974 1138 4046 συγκρίνεται
1165 3975 1240 4045 τῷ
1266 3976 1457 4046 Πατρί.

864 4045 974 4119 (91)
1025 4044 1164 4099 Editi
1213 4044 1668 4117 μνημονεύσομεν.
1730 4048 1950 4103 Codices
1988 4057 2096 4102 tres
2133 4065 2341 4119 μνημο-

796 4113 1092 4185 νεύσωμεν,
1124 4113 1284 4170 recte.

866 4183 984 4257 (οξ)
1012 4186 1157 4257 Illud,
1203 4186 1268 4257 to
1307 4187 1737 4257 ἀπαράλλακτον,
1785 4204 1886 4241 non
1923 4187 2341 4257 qualemcunque

795 4254 1194 4307 similitudinem
1231 4254 1515 4322 signiﬁcat,
1542 4261 1631 4310 sed
1660 4274 1798 4318 nam,
1825 4254 1951 4323 (μιαί
1978 4260 2150 4310 omnis
2182 4254 2340 4310 dis—si-

797 4323 1111 4394 militudinis
1136 4339 1327 4390 expers
1353 4326 1442 4386 sit,
1476 4330 1552 4379 sic
1588 4335 1643 4378 ut
1669 4327 1806 4379 idem
1836 4328 1903 4380 sit
1925 4329 2062 4394 quod
2093 4329 2338 4379 identilas

793 4393 930 4460 apud
967 4393 1256 4462 theologos.

864 4463 975 4531 (93)
1029 4462 1175 4517 Hunc
1247 4464 1415 4518 locum
1474 4464 1544 4517 ita
1605 4462 1994 4532 Trapezuntius
2052 4473 2334 4518 verterat:

795 4547 968 4585 omnes
994 4533 1224 4586 homines
1257 4537 1493 4599 perducit
1519 4548 1539 4586 :
1569 4534 1619 4586 in
1650 4551 1756 4602 quo
1787 4552 1813 4586 a
1857 4534 2176 4587 Combelisio
2213 4535 2334 4599 jure

796 4603 1218 4670 reprehenditur,
1247 4605 1384 4671 quod
1413 4619 1594 4657 vocem
1633 4621 1804 4657 omnes
1834 4604 1896 4656 de
1923 4619 2017 4656 suo
2051 4604 2333 4656 addiderit.

866 4671 1282 4742 (94)_Editiones
1315 4675 1444 4728 \'en.
1486 4685 1536 4725 et
1576 4675 1738 4726 Basil.
1771 4685 1825 4726 et
1869 4674 2124 4741 Stephani
2161 4685 2212 4724 et
2241 4689 2334 4726 sex

794 4740 928 4814 mss.
953 4740 1047 4814 τῂν
1073 4743 1136 4814 ἐκ
1158 4743 1364 4809 φύσεως
1388 4743 1531 4812 αύτῷ
1555 4740 1975 4814 ὑπάρχουσαν...⁷
1992 4743 2331 4814 οἰκειότητα,

796 4811 969 4895 βόῒιίο
992 4811 1161 4894 Paris.
1188 4823 1240 4865 et
1269 4814 1399 4895 Reg.
1425 4811 1808 4895 secunuusﬁ;
1841 4816 1904 4895 ὲκ
1936 4813 2147 4895 φύσεως
2188 4811 2332 4883 αὐτῷ
2367 4842 2408 4895 D

793 4879 1224 4950 6παρχούσης....
1275 4884 1617 4952 οίκειὸτητος,
1672 4893 1725 4937 et
1767 4879 1845 4935 ita
1894 4879 2165 4950 legendum
2203 4879 2334 4952 esse

793 4961 972 5002 censet
1011 4954 1249 5004 Ductus.
1298 4951 1403 5005 Sed
1447 4951 1616 5018 ipsum
1681 4955 1866 5006 audire
1916 4961 2153 5018 prtrstat.
2187 4951 2330 5004 Solet

793 5025 947 5091 enim,
979 5020 1166 5087 inquit,
1195 5037 1256 5073 ea:
1285 5022 1473 5088 regulis
1498 5026 1859 5089 grammatices
1884 5023 2083 5091 στερέω
2113 5023 2331 5089 genitivo

796 5090 867 5162 rei
893 5091 1062 5157 juttgi,
1097 5107 1194 5162 quia
1231 5092 1469 5162 privatur,
1489 5093 1700 5157 aliquis,
1736 5103 1788 5144 ut
1823 5090 2133 5162 στερεῖσθαι
2165 5107 2334 5158 κεφα-

793 5156 913 5230 λῆς,
945 5156 1238 5230 πέερείσῡαι
1267 5160 1362 5228 τῆς
1390 5156 1613 5221 πόλεως,
1644 5162 1809 5227 capite
1848 5156 1931 5214 vet'
1961 5164 2082 5213 urbe
2115 5156 2333 5229 privari.

796 5225 902 5281 Sed
929 5225 1430 5285 non'animadvertit
1463 5233 1543 5283 vir
1571 5225 1770 5299 alioqui
1799 5225 2162 5299 doctissimus,
2188 5231 2330 5285 aliud

2453 3561 2619 3613 Verba
2666 3572 2840 3614 autem
2891 3561 3150 3626 privativa
3185 3559 3357 3612 solent
3402 3559 3614 3627 quidem
3659 3559 3900 3626 genitivo
3925 3560 4002 3613 rei

2439 3630 2586 3696 jungi
2613 3632 2733 3682 :sed
2764 3632 2812 3682 id
2841 3645 2942 3682 non
2974 3643 3182 3694 semper
3205 3628 3316 3681 fieri
3340 3638 3585 3691 constat;
3615 3629 3721 3680 imo
3745 3643 3852 3682 non
3881 3644 4004 3683 raro

2446 3711 2634 3766 regunt
2669 3701 2800 3752 duos
2842 3699 3198 3751 accusativos.
3225 3699 3404 3764 Quare
3444 3697 3638 3750 nullam
3674 3697 3836 3751 video
3875 3713 4003 3751 catt-
4060 3702 4072 3712 ‘

2443 3783 2578 3832 sam,
2609 3784 2704 3822 cur
2731 3769 2992 3822 editiones
3015 3777 3220 3822 veteres
3249 3777 3325 3822 tot
3364 3769 3606 3821 codicum
3635 3781 3868 3822 numero
3890 3768 4004 3822 suf-

2443 3837 2601 3891 fultas
2631 3839 2779 3904 sequi
2812 3839 2964 3892 nobis
2988 3853 3090 3890 non
3120 3840 3293 3891 liceat.
3334 3839 3472 3906 Lege
3509 3837 3869 3891 Thesaurum.
3899 3839 4006 3892 \’e-

2443 3916 2585 4028 ttgres
2623 3909 2820 3976 aliquot
2877 3909 2995 3961 libri
3033 3908 3378 3979 ὑπάρχουσαν
3428 3907 3562 3979 πρὸς
3601 3907 3692 3959 τὸν
3739 3924 4004 3979 γεγεννη-

2443 3994 2474 4028 κ
2508 3995 2593 4028 τα.

2442 3994 2593 4029 κοτα.

2512 4047 2623 4117 (95)
2664 4047 2800 4101 Editi
2830 4047 2922 4101 xui.
2943 4038 3113 4110 οὗτος.
3137 4046 3280 4102 Libri
3307 4047 3508 4118 antiqui
3543 4047 3635 4100 καὶ
3657 4044 3854 4118 οὕτως.
3890 4045 4002 4100 \'ox

2441 4117 2695 4182 τοιοῦτος,
2720 4135 2837 4186 qua:
2872 4120 3141 4184 aliquanto
3166 4130 3282 4186 post
3316 4117 3528 4187 legitur,
3562 4121 3658 4172 hoc
3687 4117 3804 4169 loco
3840 4117 4000 4187 debet

2445 4191 2579 4242 Slillll
2616 4205 2708 4253 pro
2738 4185 2809 4240 Ceo
2842 4189 2928 4253 qui
2963 4201 3306 4254 comparatur
3334 4185 3395 4242 ai:
3426 4187 3697 4241 confertur
3721 4200 3844 4237 cum
3871 4185 3999 4237 alio.

2513 4258 2623 4325 (96)
2661 4258 2807 4319 Illud,
2847 4256 2942 4326 τὴν
2989 4257 3182 4326 ἀρχὴν,
3230 4274 3329 4310 non
3383 4274 3505 4310 raro
3539 4257 3768 4308 sumitur
3810 4255 4002 4307 adver-

2442 4327 2651 4378 bialiter
2676 4342 2770 4392 pro
2810 4343 2895 4387 eo,
2932 4330 3067 4392 quod
3112 4337 3211 4386 est,
3248 4328 3420 4388 initio,
3469 4327 3699 4388 omnino,
3733 4332 3864 4386 etc.,
3899 4339 4001 4378 nec

2440 4395 2696 4448 debuerat
2733 4397 2994 4459 interpres
3020 4394 3098 4446 sic
3131 4407 3338 4449 vertere
3370 4415 3383 4448 :
3417 4395 3568 4460 Quod
3591 4396 3636 4446 si
3669 4410 3760 4446 nec
3783 4394 3998 4446 initium

2437 4465 2642 4528 quidem
2669 4465 3066 4529 comparationis
3102 4462 3272 4516 habet.

2510 4533 2618 4600 (97)
2652 4532 2776 4586 Post
2814 4546 2990 4584 vocem
3026 4531 3197 4600 ἑαυτῷ
3224 4534 3273 4600 in
3304 4533 3490 4600 Regiis
3523 4533 3718 4600 primo,
3755 4531 3998 4584 secundo

2439 4611 2489 4655 et
2519 4595 2677 4655 'sex'to
2718 4612 3015 4672 sequuntur
3063 4595 3263 4664 ἱΙΙριξοῦ
3303 4595 3816 4672 γένόιτσλυτρῶσαι
3847 4601 3998 4668 ἡμᾶς

2438 4672 2614 4741 χάριτι
2639 4672 2730 4723 τοῦ
2760 4671 2957 4742 κυρίου
2985 4672 3139 4740 ἡμῶν
3185 4672 3356 4740 Ἰησοῦ
3390 4671 3653 4742 Χριστοῦ,
3674 4671 3791 4742 μεθ’
3832 4673 3893 4730 οὗ
3919 4672 3998 4740 τῷ

2437 4743 2652 4811 ἀνάρχῳ
2678 4741 2848 4811 Πατρὶ
2891 4741 3015 4812 δόξα
3059 4743 3151 4794 σὺν
3171 4743 3308 4812 ἁγίῳ
3346 4741 3618 4812 Πνεύματι
3651 4741 3745 4812 νῦν
3787 4747 3878 4797 καὶ
3911 4742 3999 4796 ἀεὶ

2439 4814 2530 4864 καὶ
2563 4816 2638 4874 είς
2671 4814 2789 4882 τοὺς
2814 4811 3012 4874 αἰῶνας
3043 4830 3054 4865 :
3086 4811 3310 4880 quorum
3343 4811 3626 4865 verberum
3662 4811 3994 4882 interpreta-

2441 4885 2634 4935 tionem
2675 4881 2915 4934 Latinam
2961 4898 3083 4934 cum
3134 4882 3352 4935 vidisset
3399 4882 3623 4936 Ducaaus
3667 4883 3721 4934 in
3755 4881 3995 4937 editione

2438 4951 2743 5009 Parisiensi,
2792 4959 3112 5019 conquestus
3171 4963 3251 5004 est
3303 4951 3489 5005 Graeca
3536 4967 3602 5005 ex
3658 4965 3756 5005 suo
3809 4958 3997 5008 codice

2438 5020 2604 5088 Regio
2637 5021 2813 5073 addita
2846 5036 2948 5074 non
2980 5021 3161 5074 fuisse.
3197 5020 3298 5074 Sed
3330 5035 3393 5073 ea
3424 5024 3474 5074 itt
3511 5036 3565 5074 re
3592 5021 3707 5074 viro
3735 5022 3989 5077 doctissi-

2438 5104 2524 5142 mo
2553 5091 2795 5142 assentiri
2849 5106 2946 5140 non
2988 5102 3143 5156 queo,
3189 5106 3309 5143 cum
3361 5090 3622 5158 ejusmodi
3662 5089 3932 5148 clausulas
3962 5106 3993 5144 ι

2439 5159 2672 5211 librariis
2703 5159 2821 5211 addi
2847 5161 3048 5221 solitas,
3081 5175 3234 5213 nemo
3263 5161 3352 5226 qui
3391 5161 3774 5227 paulummodo
3816 5165 3869 5216 in
3897 5177 3992 5216 ve—

2438 5229 2640 5283 teribus
2672 5229 2820 5283 libris
2853 5228 3090 5297 legendis
3121 5239 3366 5284 versatus
3395 5231 3487 5296 sit,
3515 5231 3747 5299 ignoret.
