4230 6532
227 489 319 545 573

1313 487 1682 545 ADVERSUS
1717 487 2082 544 EUNOMIUM
2124 487 2252 544 LIB.
2294 488 2359 545 ll.

3321 490 3423 543 574

243 648 3398 673 WH—

985 893 1262 980 ΠΡΟΣ
1325 894 1904 981 ΕΥΝΟΜΙΟΝ
1971 882 2078 953 (9⁸)
2123 890 2482 976 ΛΟΓΟΣ
2550 891 2652 972 B'.

1585 1158 1789 1212 ΠΕΡΙ
1854 1155 2070 1210 ΥΙΟΥ.

563 1497 1168 1592 ADVERSUS
1243 1493 1906 1588 EUNOMIUM
1986 1491 2341 1580 LIBER
2411 1488 3069 1582 SECUNDUS.

1654 1683 1742 1740 DE
1780 1681 1975 1738 FILIO.

1765 1849 1835 1861 υ...

294 2009 342 2064 ‘l.
409 2009 496 2063 Ἐν
543 2006 719 2061 τοίνυν
770 2008 879 2070 τοῖς
925 2005 1049 2076 περὶ
1079 2003 1212 2057 Θεοῦ
1259 2002 1362 2054 τῶν
1409 2000 1541 2053 ὅλων
1591 1999 1767 2068 λόγοις
1798 2004 1843 2061 Α

223 2100 730 2161 ὑποκατασκευάσας
759 2098 878 2150 ὅσον
906 2096 1123 2149 ἐδύνατο
1161 2094 1256 2155 τὰς
1300 2093 1377 2155 είς
1415 2092 1502 2144 τὸν
1530 2091 1654 2143 Υίὸν
1677 2089 1768 2143 τοῦ

223 2195 351 2248 Θεοῦ
384 2191 744 2262 βλασφημίας,
775 2187 919 2257 αὑτῷ
942 2186 1125 2239 λοιπὸν
1155 2186 1399 2256 ἐπαφῆκε
1431 2184 1508 2254 τῷ
1536 2185 1771 2251 Μονογε-

223 2290 302 2340 νεῖ
322 2287 438 2356 Θεῷ
460 2285 555 2355 τὴν
583 2281 851 2352 γλῶσσαν.
894 2279 958 2332 Τί
986 2279 1092 2349 γάρ
1129 2295 1295 2349 φησι;

292 2465 445 2518 ΕΥΝ.
478 2464 588 2518 Καὶ
621 2459 700 2527 εἷς
726 2461 869 2526 Υἱός.
899 2460 1204 2530 Μονογενὴς
1241 2457 1366 2526 γὰρ,
1406 2453 1532 2524 περὶ
1556 2470 1616 2506 ου
1646 2451 1770 2521 ἐνῆν

226 2557 321 2628 μὲν
349 2557 444 2619 τὰς
493 2556 597 2610 τῶν
630 2556 798 2623 άγίων
829 2553 1008 2622 φωνὰς
1038 2549 1428 2620 παραθέμενον,
1459 2546 1523 2599 δι’
1552 2539 1625 2597 ὧν
1644 2544 1770 2597 Υίὸν

223 2650 315 2703 καὶ
351 2648 590 2718 γέννημα
623 2648 714 2699 καὶ
759 2645 964 2714 ποίημα
1008 2639 1449 2708 καταγγέλλουσι,
1496 2639 1616 2699 ταῖς
1663 2635 1770 2688 τῶν

221 2741 492 2811 ὀνομάτων
520 2738 795 2807 διαφοραῖς
842 2735 934 2788 καὶ
979 2733 1075 2804 τὴν
1119 2732 1216 2803 τῆς
1261 2730 1443 2792 οὐσίας
1495 2725 1768 2799 παραλλα-

222 2831 321 2902 γὴν
350 2828 741 2900 ὲμφανίσαντας
761 2865 774 2888 ,
817 2823 1154 2896 ἀπηλλάχθαι
1185 2821 1473 2892 φροντίδων
1509 2819 1601 2870 καὶ
1635 2834 1770 2887 πρα-

220 2923 440 2992 γμάτων
466 2935 477 2947 °
525 2917 701 2970 διὰδὲ
726 2918 850 2979 τοὺς
885 2915 1197 2987 σωματικὴν
1232 2913 1327 2988 τὴν
1359 2912 1608 2982 γέννησιν
1638 2911 1770 2961 ὐπο-

220 3011 622 3082 λαμδάνοντας,
697 3009 787 3062 καὶ
845 3010 963 3070 ταῖς
1024 3005 1361 3077 ὀμωνυμίαις
1419 3000 1771 3073 προσπταίον-

219 3121 338 3166 τας,
368 3102 657 3170 ἀναγκαῖον
697 3100 823 3162 ἴσως
869 3099 963 3152 καὶ
1005 3097 1131 3149 περὶ
1171 3093 1370 3148 τούτων
1414 3091 1500 3143 διὰ
1530 3087 1771 3162 βραχέων

220 3211 415 3248 ειπειν.

291 3285 434 3337 ΒΑΣ.
465 3282 647 3336 Ταῦτα
679 3292 775 3351 μεν
808 3279 914 3348 (99)
943 3281 970 3330 ὁ
999 3276 1275 3344 Εὑνόμιος.
1319 3271 1457 3342 Ἐγὼ
1487 3272 1565 3336 δὲ,
1601 3273 1649 3324 εἰ
1677 3271 1773 3342 μὲν

218 3376 361 3431 οὕτω
387 3375 511 3446 ,χρὴ
563 3370 877 3425 διανοεῖσθαι
925 3367 1049 3439 περὶ
1099 3364 1192 3417 τοῦ
1229 3364 1387 3433 λόγου
1428 3363 1643 3424 παντὸς,
1702 3361 1775 3422 ὡς
1805 3351 1846 3405 Β

221 3463 532 3532 πλάσματος
555 3455 639 3512 οἷα
671 3463 726 3511 ἐν
757 3462 865 3520 τοῖς
892 3454 1272 3516 διδασκαλείοις
1296 3455 1392 3522 τῆς
1422 3453 1775 3522 ματαιότητος

218 3557 298 3618 εἰς
335 3552 557 3623 μελέτην
582 3550 676 3602 τοῦ
710 3551 764 3600 ἐν
799 3548 874 3618 τῷ
896 3547 1166 3617 ψεύσματι
1195 3544 1416 3599 πιθανοῦ
1447 3547 1558 3607 τοῖς
1589 3560 1774 3613 μειρα-

217 3647 358 3707 κίοις
382 3643 734 3713 προὸάλλεται
773 3640 978 3710 (ἐπειδὴ
1012 3637 1100 3691 καὶ
1131 3636 1521 3708 παραπλησίως
1553 3633 1774 3697 ἐκείνοις

217 3737 396 3790 πάντα
440 3733 736 3803 σκιαμαχία
783 3732 1102 3803 προσέοικε’
1156 3731 1290 3802 πρὸς
1337 3729 1667 3800 κατηγόρους
1716 3746 1773 3781 τε

219 3827 368 3898 μάχη
397 3823 468 3895 μὴ
495 3823 801 3892 ὑφεστῶτας
819 3841 830 3853 ·
871 3824 962 3876 καὶ
993 3822 1251 3890 ἀπολογία
1279 3821 1414 3892 πρὸς
1447 3820 1774 3889 κατηγορίαν

216 3919 277 3970 οὐ
311 3915 707 3988 προρρηθεῖσαν
733 3932 745 3944 ·
792 3915 886 3968 καὶ
918 3914 1069 3982 λόγος
1099 3913 1174 3983 (l)
1206 3913 1340 3983 πρὸς
1368 3913 1623 3974 δικαστὰς
1654 3913 1775 3972 τοὺς

216 4005 453 4076 οὐδαμοῦ
522 4005 928 4076 φαινομένους)·
988 4006 1034 4055 εί
1085 4001 1222 4054 οὕτω
1277 4002 1380 4072 χρὴ
1435 4003 1526 4053 καὶ
1576 4001 1774 4052 τούτων

214 4097 466 4160 ἀκούειν,
502 4097 659 4157 αὑτός
705 4114 763 4148 τε
806 4097 1004 4165 ἀφίημι
1045 4094 1142 4165 τὴν
1184 4093 1441 4160 ἐξέτασιν,
1491 4093 1580 4144 καὶ
1618 4094 1775 4145 παντὶ

215 4187 468 4257 παραινῶ
508 4187 669 4257 μηδὲν
713 4186 820 4238 τῶν
863 4187 1162 4256 εἰρημένων
1191 4181 1678 4255 περιεργάζεσθαι·
1729 4185 1775 4235 εἰ

214 4279 272 4332 δὲ
309 4278 488 4350 μεῖζόν
536 4281 650 4331 ἐστι
702 4279 760 4331 τὸ
804 4279 1152 4347 ἐπάγγελμα,
1193 4279 1286 4328 καὶ
1319 4277 1528 4339 πολλοῖς
1557 4275 1776 4342 γέγονεν

217 4372 446 4424 ὑπόνοια
484 4371 598 4443 (2),
655 4367 791 4425 εἶναί
846 4387 968 4425 τινα
1016 4371 1145 4441 παρ’
1188 4367 1334 4439 αὐτῷ
1381 4369 1478 4437 τῆς
1523 4367 1777 4438 ἀληθείας

217 4463 497 4534 φροντίδα,
528 4463 735 4534 ἀνάγκη
763 4465 908 4516 πᾶσα
932 4462 1037 4515 τῶν
1061 4460 1359 4532 εἰρημένων
1391 4461 1614 4512 ἕκαστον
1641 4459 1777 4512 διευ-

216 4555 402 4609 Θύνειν
426 4558 501 4617 εἰς
526 4555 768 4624 δύναμιν.
808 4555 902 4616 Τίς
932 4554 995 4606 ἂν
1031 4550 1121 4604 οὖν
1152 4553 1344 4621 τρόπος
1364 4552 1462 4620 τῆς
1485 4551 1776 4616 ἐξετάσεως

213 4645 552 4716 δικαιότερος
595 4646 818 4713 γένοιτο,
854 4645 886 4713 ἢ
921 4646 1029 4705 τοῖς
1070 4642 1354 4712 διδάγμασι
1387 4644 1459 4711 (3)
1488 4647 1593 4704 τοῖς
1627 4643 1774 4714 παρὰ

214 4738 317 4790 τοῦ
348 4737 656 4807 Πνεύματος
684 4738 814 4805 ἡμῖν
846 4734 1142 4805 δεδομένοις
1170 4733 1258 4788 τὸν
1285 4733 1434 4800 λόγον
1470 4735 1780 4804 συγκρίνον-

213 4844 345 4890 τας,
383 4831 410 4879 ὃ
448 4829 542 4897 μὲν
578 4828 640 4882 ἂν
672 4828 895 4891 ἐκείνοις
927 4825 1244 4897 συμφωνοῦν
1274 4825 1514 4895 εὕρωμεν
1552 4826 1777 4878 καταδέο

216 4920 436 4993 χεσθαι,
485 4923 559 4990 τῷ
619 4923 674 4975 δὲ
729 4923 981 4984 ἐναντίως
1038 4922 1210 4991 ἔχοντι
1264 4921 1504 4974 ἀπιστεῖν
1559 4921 1650 4972 καὶ
1706 4919 1779 4981 ὡς

216 5013 320 5086 ὲχθ
332 5013 420 5085 ρὸν
454 5013 778 5080 ἀποφεύγειν
803 5033 816 5081 ;

299 5197 355 5251 2.
381 5194 596 5267 Πρῶτον
625 5194 800 5246 τοίνυν
829 5196 999 5246 έκεῖνο
1026 5193 1300 5258 δεικνύτω,
1323 5192 1463 5257 τίνες
1484 5194 1589 5246 τῶν
1618 5194 1783 5262 ἁγίων

299 5400 414 5467 (98)
447 5399 592 5468 Regii
636 5397 835 5468 primus
863 5406 934 5468 e_t_
960 5407 1140 5452 sextus
1164 5397 1266 5449 Τοῦ
1303 5396 1467 5450 αὐτοῦ
1496 5397 1668 5468 Δλόγός
1706 5397 1772 5466 β’,

215 5465 502 5540 ἀνατροπὴ
529 5465 648 5520 Ἱτοῦ
689 5466 1144 5540 ἀθέου-δόγματος
1176 5469 1267 5520 τοῦ
1309 5465 1589 5540 Εὑνομίου.
1620 5465 1780 5535 Ejus-

215 5542 347 5592 dem
369 5536 798 5591 'tibersecundus.
833 5537 1036 5589 Eversiu
1064 5539 1206 5601 impii
1233 5539 1484 5605 dogmatis
1513 5536 1776 5588 I‘quomii.

219 5611 365 5675 Reg.
393 5612 650 5660 secundus
683 5607 787 5658 Τοῦ
822 5605 982 5659 αὑτοῦ
1019 5607 1143 5676 περὶ
1177 5607 1304 5659 Υἱοῦ
1336 5607 1485 5671 λόγος
1515 5605 1780 5675 δεύτερος,

215 5677 532 5746 ἀνατροπὴ,
551 5688 678 5736 etc.,
707 5686 761 5728 ut
782 5693 959 5745 supra.
989 5677 1159 5728 [ﬁdi-Io
1183 5679 1349 5731 Paris.
1372 5678 1504 5730 Κατ’
1523 5677 1783 5746 Εὑνομίου

215 5750 321 5808 τοῦ
355 5745 640 5808 δυσσεϐοῦς
669 5747 821 5816 λόγος
860 5747 902 5816 β’
954 5747 1129 5800 Codex
1161 5747 1308 5800 Colb.
1348 5757 1400 5800 et
1431 5749 1557 5814 lteg.
1600 5749 1787 5799 tertius

218 5847 280 5886 υι
317 5822 371 5872 in
404 5828 674 5872 contexui.

292 5890 414 5948 199)
455 5889 586 5942 Etliti
612 5886 790 5939 Ταῦτα
823 5887 919 5953 μὲν
949 5882 1060 5940 οὖν.
1101 5885 1212 5942 Vox
1240 5881 1329 5940 οὖν
1359 5888 1410 5941 in
1455 5902 1580 5942 mss.
1613 5887 1782 5941 deest.

1941 2000 1990 2053 t.
2018 1997 2200 2066 Itaque
2246 2005 2591 2067 posteaquam
2634 1995 2684 2048 in
2723 1994 2787 2048 iis
2811 2007 2945 2064 quos
2980 1993 3043 2049 de
3072 1993 3180 2048 Deo
3210 1993 3425 2047 univero

1871 2105 2048 2146 sorum
2089 2089 2272 2143 habuit
2316 2087 2654 2142 sermonibus
2705 2085 3048 2154 prtestruxit,
3101 2086 3275 2153 quoad
3331 2101 3428 2154 ροσε

1871 2183 1990 2241 tuit.
2028 2182 2079 2234 in
2113 2180 2203 2234 Dei
2230 2179 2420 2234 Filiqu
2455 2178 2849 2248 blasphemias,
2883 2178 3134 2244 deinceps
3167 2177 3219 2229 in
3249 2177 3423 2244 ipsum

1868 2273 2198 2341 unigenitum
2253 2273 2415 2325 Deum
2483 2269 2722 2324 immittit
2775 2268 3027 2338 linguam.
3090 2265 3227 2332 Quid
3279 2267 3422 2321 enin.

1869 2363 2035 2418 dicit?

1938 2456 2067 2510 Eua.
2121 2454 2187 2508 lat
2217 2469 2356 2510 unus
2405 2453 2594 2507 Filius.
2646 2451 2961 2520 Unigenitus
2991 2451 3169 2517 enim,
3206 2451 3272 2506 de
3321 2466 3426 2520 qun

1870 2559 2176 2603 sanctorum
2205 2561 2365 2601 voces
2404 2561 2498 2613 per
2543 2558 2676 2615 quas
2705 2541 2895 2596 Filium
2941 2550 2995 2596 et
3029 2543 3327 2613 genituram
3373 2556 3427 2597 et

1868 2648 2170 2693 creaturam
2223 2638 2540 2708 prazdicant,
2598 2637 2642 2690 si
2695 2636 3137 2704 protulissemus;
3189 2637 3268 2691 sic
3327 2653 3423 2706 p0-

1873 2739 2147 2792 teramus,
2185 2727 2496 2783 substantia
2535 2727 2696 2782 etiam
2743 2728 3052 2781 diversitate
3105 2743 3199 2796 per
3251 2728 3426 2780 nomi-

1870 2837 1993 2874 num
2026 2821 2388 2874 diversitatem
2443 2819 2733 2882 declarata,
2775 2819 2920 2872 curis
2971 2818 3124 2873 liberi
3175 2833 3295 2873 esse
3349 2831 3428 2871 at-

1869 2927 1971 2981 que
2023 2911 2272 2979 negotiis.
2331 2911 2438 2964 Sed
2494 2918 2710 2978 prepter
2745 2925 2839 2963 eos
2887 2910 2977 2979 qui
3025 2911 3426 2979 generationem

1870 3017 2182 3072 corpoream
2219 3000 2562 3071 intelligunt,
2602 3009 2656 3053 et
2709 2999 2905 3068 quibus
2955 3014 3114 3054 voces
3168 3000 3427 3067 ambiguae

1871 3107 1997 3152 sunt
2028 3094 2332 3159 ollensioni,
2386 3107 2606 3149 necesse
2656 3091 2797 3147 forte
2847 3091 3008 3147 fuerit
3052 3094 3116 3147 de
3159 3091 3226 3147 iis
3264 3093 3424 3147 etiam

1873 3204 2042 3259 pauca
2073 3190 2272 3242 dicere.

1941 3283 2065 3336 Bas.
2119 3281 2242 3336 Haec
2269 3280 2484 3350 quidem
2511 3277 2826 3332 Eunomius.
2872 3277 2980 3348 Ego
3016 3292 3141 3330 vero
3177 3277 3219 3330 si
3272 3291 3428 3346 opor-

1876 3382 1984 3429 teat
2014 3373 2081 3430 de
2111 3381 2217 3428 tota
2255 3374 2497 3425 oratione
2531 3370 2669 3424 sicut
2700 3373 2764 3424 de
2795 3385 2850 3423 re
2883 3369 3002 3422 ﬁcta
3040 3371 3264 3431 sentire,
3299 3383 3429 3437 qua-

1874 3465 1942 3520 lia
1976 3467 2027 3521 in
2063 3465 2316 3520 vanitatis
2362 3463 2562 3519 scholis
2613 3473 2982 3531 proponuntur
3005 3462 3429 3517 adolescentibus

1875 3556 1940 3610 ad
1987 3555 2441 3618 exercitationem,
2473 3563 2524 3606 ut
2562 3565 2818 3620 appareat
2857 3554 2906 3605 in
2942 3555 3219 3607 mendacio
3246 3553 3428 3606 verisi-

1876 3646 2117 3702 militudo
2160 3644 2445 3716 (siquidem
2477 3653 2536 3697 ut
2571 3644 2677 3698 illis
2703 3644 2987 3714 contingit,
3023 3645 3094 3696 ita
3124 3642 3211 3697 hic
3241 3658 3427 3711 pugna:

1876 3739 2204 3793 adumbratae
2251 3736 2445 3791 similia
2501 3746 2626 3791 sunt
2676 3738 2851 3790 omnia
2895 3755 2907 3789 :
2957 3750 3133 3804 pugna
3183 3736 3430 3790 videlicet

1875 3842 2059 3886 contra
2107 3838 2450 3883 accusatores
2492 3827 2583 3895 qui
2635 3843 2738 3881 non
2792 3837 3002 3881 exstant
3032 3843 3048 3881 :
3077 3827 3314 3897 apologia
3367 3843 3428 3882 ac

1878 3922 2151 3991 responsio
2213 3921 2279 3974 ad
2348 3919 2750 3974 accusationem
2812 3936 2915 3974 non
2979 3920 3428 3990 praenuntiatam;

1876 4016 2047 4067 oratio
2078 4012 2143 4066 ad
2177 4012 2386 4080 iudices
2420 4014 2510 4079 qui
2539 4028 2799 4081 nusquam
2835 4015 3206 4083 comparent);
3249 4012 3315 4076 si,
3352 4013 3432 4065 in-

1877 4117 2055 4167 quam,
2111 4109 2165 4152 et
2218 4099 2333 4152 hznc
2382 4100 2568 4153 audire
2606 4107 2836 4166 oportet,
2880 4107 2987 4151 tum
3018 4097 3130 4167 ipse
3159 4100 3223 4152 de
3252 4097 3315 4152 iis
3350 4099 3431 4150 in-

1875 4192 2090 4260 quirere
2119 4179 2322 4251 desino,
2373 4199 2482 4241 tum
2525 4204 2712 4242 omnes
2745 4193 3027 4254 admoneo,
3063 4199 3122 4243 ut
3162 4189 3296 4243 nihil
3341 4205 3431 4243 eo-

1876 4301 1991 4338 rum
2037 4299 2155 4353 qua:
2188 4283 2326 4336 dicta
2358 4292 2500 4345 sunt,
2542 4292 2814 4348 satagant.
2848 4281 2938 4335 Sin
2972 4283 3140 4350 majus
3178 4291 3261 4336 est
3292 4281 3433 4350 quod

1876 4375 2175 4445 promittit;
2229 4383 2284 4428 et
2322 4374 2498 4427 multis
2550 4376 2736 4426 aliorta
2779 4383 2863 4428 est
2891 4375 3144 4443 suspicio,
3196 4374 3429 4441 aliquam

1876 4482 1994 4522 esse
2040 4467 2177 4534 apud
2227 4481 2345 4519 eum
2395 4464 2637 4517 veritatis
2684 4479 2890 4525 curam,
2947 4479 3167 4517 necesse
3215 4464 3433 4517 omnino

1877 4559 2038 4612 fuerit
2073 4558 2276 4626 singula
2317 4556 2479 4626 239
2518 4557 2673 4609 verba
2724 4572 2819 4623 pro
2867 4566 3044 4609 uestra
3098 4556 3232 4609 virili
3285 4567 3433 4625 parte

1879 4649 2180 4704 confutare.
2235 4646 2366 4712 Quis
2416 4655 2592 4697 autem
2640 4646 2974 4714 expendendi
3024 4647 3210 4700 modus
3236 4647 3434 4716 justior

1885 4741 2064 4800 fuerit,
2116 4753 2274 4805 quam
2311 4739 2353 4790 si
2401 4736 2538 4788 datis
2577 4735 2735 4790 nobis
2789 4753 2817 4790 a
2867 4737 3064 4804 Spiritu
3103 4739 3433 4792 documentis

1884 4830 2176 4883 orationem
2208 4826 2573 4891 conferentes,
2604 4828 2744 4895 quod
2775 4830 2987 4896 quidem
3018 4829 3119 4881 illis
3143 4843 3430 4880 cmmmum

1887 4920 2264 4984 invenerimus,
2300 4919 2351 4973 id
2390 4921 2749 4987 suscipiamus
2783 4941 2794 4973 :
2833 4923 2969 4989 quod
2999 4936 3123 4973 vero
3152 4922 3212 4972 iis
3238 4921 3433 4973 adver-

1884 5021 2052 5074 satur,
2103 5012 2153 5065 id
2206 5025 2538 5080 nequaquam
2567 5013 2847 5067 credamus
2881 5021 3039 5078 atque
3069 5022 3126 5064 ut
3157 5012 3432 5066 inimicum

1884 5103 2239 5172 cllugiamus?

1957 5199 2010 5248 '2.
2051 5196 2285 5248 Primum
2320 5195 2501 5267 itaque
2543 5195 2672 5250 illud
2705 5197 2975 5262 ostendat,
3009 5199 3097 5267 qui
3125 5199 3230 5252 sint
3265 5198 3433 5254 sancti

1955 5397 2030 5467 (Ι)
2060 5397 2240 5453 Codex
2280 5415 2416 5455 unus
2461 5399 2554 5451 καὶ
2593 5397 2758 5468 λόγοι.
2785 5399 2887 5454 Alii
2919 5408 3026 5454 tres
3067 5414 3192 5454 mss.
3234 5399 3323 5452 καὶ
3346 5398 3436 5451 λό-

1885 5485 2016 5536 γοις,
2047 5481 2312 5537 Corrupte.

1957 5539 2031 5606 (2)
2063 5539 2280 5592 Codices
2313 5541 2414 5591 duo
2443 5539 2725 5608 ἐγγέγονεν
2754 5541 2989 5597 ὑπόνοια.

1958 5609 2049 5682 (5)Δ
2071 5609 2284 5682 Antiqui
2318 5611 2440 5682 duo
2461 5612 2576 5663 ltltri
2607 5614 2636 5682 ἦ
2675 5614 2782 5673 τοῖς
2819 5610 3099 5682 δόγμασιῄ,
3125 5618 3176 5662 ct
3204 5608 3269 5661 it’
3301 5623 3432 5682 quos

1888 5694 1991 5745 que
2039 5678 2229 5746 legitur
2259 5679 2306 5729 in
2356 5679 2476 5733 aliis
2515 5678 2718 5735 duobus
2767 5678 2931 5745 tuss.,'
2979 5681 3066 5733 sed
3101 5682 3150 5732 in
3182 5695 3273 5732 ora
3318 5681 3434 5732 libri

1889 5755 2164 5806 duntaxat,
2198 5749 2248 5799 in
2284 5760 2533 5802 contextu
2568 5767 2694 5804 vero
2722 5753 2975 5820 scriptum
3002 5751 3270 5803 invenitur
3293 5749 3432 5800 διδέια

1889 5833 2058 5886 γμασι
2098 5835 2110 5870 :
2139 5833 2297 5884 quam
2330 5819 2569 5873 ultimam
2605 5819 2883 5876 lectionem
2912 5821 3200 5888 pratlerunt
3226 5835 3435 5888 quoque

1889 5888 2017 5942 editi
2049 5898 2102 5942 et
2126 5888 2211 5940 alii
2243 5899 2350 5942 tres
2383 5905 2507 5944 mss.
