4230 6492
802 432 907 488 575

2096 428 2155 483 S.
2198 427 2441 483 BASILII
2480 429 2692 485 MAGNI

3920 434 4025 482 b'ib

800 550 891 623 qui
940 548 1235 618 genituram
1278 556 1332 601 et
1378 546 1638 599 iacturam
1683 544 1957 600 Christum
1994 544 2357 615 appellarint?
2385 549 2430 606 Α
2458 563 2470 576 ·

2355 551 2357 566 ¹
2385 549 2430 606 Α
2458 545 2707 617 γέννημα
2726 546 2817 599 καὶ
2842 547 3047 617 ποίημα
3076 544 3164 597 τὸν
3180 545 3408 616 Χριστὸν
3426 545 4025 618 προσειρήκασι;ποίας

800 654 937 711 quas
971 637 1369 706 Scripturarum
1401 650 1558 689 voces
1599 634 1793 689 habeat
1825 635 1889 688 ad
1938 635 2354 689 demonstratio-

802 730 967 786 nem?
1018 729 1151 783 Nam
1191 728 1234 783 si
1286 728 1422 783 beati
1468 727 1611 783 Petri
1646 743 1775 782 voce
1802 744 1920 797 qua:
1956 730 2007 782 in
2044 728 2193 782 Actis
2224 743 2353 797 apo-

800 821 1056 876 stolorum
1088 819 1391 889 conscripta
1425 828 1526 883 est,
1560 819 1827 885 innititur,
1866 818 1953 873 ubi
1988 818 2118 873 dicit
2159 841 2169 873 :
2207 818 2353 874 Sciat

799 922 907 965 tota
937 912 1119 965 domus
1141 909 1333 975 Israel,
1365 911 1499 980 quod
1526 908 1803 962 Dominum
1830 910 1995 977 ipsum
2020 918 2067 961 et
2090 907 2355 962 Christum

798 1002 918 1071 fecit
952 1002 1122 1069 Deus,
1159 1003 1296 1055 hunc
1340 1002 1519 1055 Iesum
1567 1018 1713 1071 quem
1768 1018 1853 1055 vos
1909 1002 2241 1071 cruci/iacietis
2276 1002 2348 1055 ηε

797 1098 1025 1163 primum
1059 1096 1275 1165 quidem
1307 1094 1357 1147 id
1385 1094 1746 1148 testimonium
1777 1094 2203 1148 convenientiam
2236 1092 2355 1147 nul-

802 1188 904 1240 Iam
937 1187 1099 1242 habet
1132 1201 1251 1241 cum
1303 1187 1545 1255 qumsito.
1596 1184 1725 1237 Nam
1760 1195 2099 1239 ostensurum
2136 1202 2191 1239 se
2226 1201 2351 1255 pro-

801 1283 993 1344 fessus,
1042 1279 1239 1334 Filium
1286 1295 1315 1333 a
1360 1278 1561 1332 sanctis
1606 1279 1863 1347 facturam
1911 1278 2108 1333 dictum
2165 1278 2348 1341 fuisse,

801 1372 1157 1428 testimonium
1194 1372 1438 1443 perhibet
1468 1374 1532 1424 de
1566 1370 1672 1425 Deo
1716 1381 1769 1425 et
1806 1370 1988 1434 Patre,
2034 1371 2173 1439 quod
2205 1370 2344 1426 lece-

800 1468 889 1521 t-it.
938 1466 1051 1521 Non
1088 1464 1231 1519 enim
1265 1464 1393 1519 illud
1434 1464 1665 1528 dixerit,
1718 1462 1880 1517 licere
1930 1462 2052 1529 sibi,
2091 1473 2199 1516 tum
2230 1478 2350 1516 cum

799 1559 866 1613 de
890 1559 1049 1613 tantis
1074 1558 1231 1613 rebus
1253 1571 1430 1612 sermo
1467 1556 1785 1621 instituitur,
1809 1554 2167 1609 derivationes
2197 1570 2355 1622 quas-

801 1651 921 1704 dam
950 1665 1015 1705 ac
1040 1648 1363 1703 variationes
1393 1647 1665 1702 nominum
1695 1646 2016 1714 excogitare.
2071 1645 2355 1701 Enimvero

799 1744 843 1797 si
874 1742 954 1797 vel
994 1740 1150 1797 otiosi
1200 1740 1345 1793 verbi
1386 1753 1575 1809 poenas
1622 1739 1674 1790 in
1720 1739 1804 1792 die
1838 1736 2020 1805 judicii
2070 1738 2351 1805 dabimus;

799 1834 968 1888 multo
1011 1834 1184 1887 minus
1223 1832 1265 1886 si
1302 1832 1593 1900 quidquam
1630 1832 1681 1885 in
1725 1830 1887 1883 tantis
1939 1830 2098 1884 rebus
2132 1831 2353 1883 innova-

799 1941 940 1990 nius,
982 1924 1033 1978 id
1088 1924 1241 1979 nobis
1291 1925 1424 1978 citra
1466 1937 1674 1992 [)(Btlam
1734 1923 2057 1978 remittetur.
2100 1922 2353 1978 Fortasse

799 2019 941 2072 enim
974 2016 1098 2071 illud
1128 2016 1340 2084 quidem
1398 2027 1649 2086 tanquam
1698 2026 2111 2070 consentaneum
2144 2018 2209 2069 de
2246 2016 2353 2070 Deo

798 2120 871 2179 et,
898 2108 1055 2164 Patre
1104 2108 1231 2174 dici,
1288 2123 1317 2161 a
1377 2108 1555 2162 divina
1589 2107 1864 2175 Scriptura
1904 2108 2077 2161 edocti
2126 2123 2348 2161 sumus:

798 2203 902 2256 hoc
927 2217 1051 2255 vero
1083 2217 1187 2255 non
1218 2200 1505 2255 convenire
1533 2199 1843 2267 Unigenito,
1875 2198 2107 2267 Spiritus
2131 2210 2352 2254 sanctus

798 2296 1006 2350 silendo
1023 2295 1277 2348 ostendit.
1310 2292 1583 2359 Quomodo
1623 2292 1781 2362 igitur
1812 2303 1979 2345 tutum
2013 2291 2190 2355 fuerit,
2224 2308 2351 2348 voce

797 2385 946 2441 Fecit
1002 2387 1297 2448 immutata,
1359 2384 1727 2438 universorum
1777 2382 2031 2439 factorem
2085 2382 2349 2439 facturam

799 2477 1012 2533 dicere?
1045 2476 1254 2530 Etenim
1306 2476 1351 2529 si
1399 2474 1680 2543 appellatio
1725 2473 1985 2541 ejusmodi
2023 2475 2070 2527 ei
2103 2477 2349 2529 conveni-

799 2580 901 2633 ret,
938 2570 1120 2637 utique
1154 2582 1256 2620 non
1289 2566 1473 2620 fuisset
1505 2566 1861 2634 pratermissa
1895 2581 1922 2617 a
1958 2566 2159 2633 Spiritu
2192 2567 2351 2619 silen-

801 2660 894 2714 tio.
941 2659 995 2712 In
1039 2656 1299 2712 creaturis
1342 2657 1550 2724 quidem
1590 2656 1884 2724 reperimus
1930 2672 1958 2708 a
2006 2658 2168 2710 verbo
2203 2656 2350 2710 Fecit

799 2752 1133 2819 desumptam
1166 2747 1329 2802 fuisse
1359 2748 1573 2801 facturae
1615 2748 2024 2816 appellationem
2058 2769 2069 2801 :
2124 2750 2173 2801 in
2219 2748 2353 2802 FlliO

800 2846 977 2892 autem
1008 2836 1100 2890 Dei
1128 2851 1231 2890 non
1263 2836 1411 2889 item.
1458 2834 1522 2889 In
1571 2839 1823 2905 principio
1866 2841 1998 2890 enim
2056 2838 2193 2893 Deus
2230 2840 2351 2908 fecit

798 2928 980 2984 cretum
1006 2939 1051 2982 et
1088 2936 1280 2981 terram
1300 2928 1364 2981 ὀ.
1399 2928 1465 2981 Et
1494 2944 1678 2981 rursus
1714 2948 1724 2981 :
1761 2928 1827 2981 In
1856 2930 2075 2997 {acturis
2104 2948 2350 2985 manuum

798 3030 1007 3073 tuarum
1032 3019 1323 3071 meditabar
1352 3019 1416 3070 ".
1461 3018 1559 3079 Et,
1600 3018 1871 3072 Enimvero
1911 3037 2025 3089 qua:
2063 3033 2177 3073 sunt
2222 3023 2351 3075 invi—

799 3111 971 3164 sibilia
1002 3110 1171 3173 illius,
1203 3124 1265 3162 ex
1306 3110 1562 3161 creatione
1604 3110 1819 3172 mundi,
1850 3111 1971 3162 dum
2000 3127 2090 3179 per
2117 3112 2349 3178 facturas

2453 636 2757 706 ἔχειφωνὰς
2790 638 2897 690 τῶν
2918 637 3143 708 remst-Iw
3176 639 3253 700 εἰς
3282 637 3579 702 ἀπόδειξιν;
3614 640 3675 692 Et
3704 640 3815 707 γὰρ
3842 640 3905 707 τῇ
3929 636 4025 688 τοῦ

2456 730 2720 800 μακαρίου
2756 730 2960 799 Πέτρου
2991 732 3139 799 φωνῇ
3163 733 3227 800 τῇ
3259 732 3314 781 ὲν
3340 732 3459 791 ταῖς
3482 731 3720 799 Πράξεσι
3744 730 3857 781 τῶν
3889 731 4015 781 ἁπο-

2455 822 2652 875 στόλων
2695 824 3156 895 ἁναγεγραμμένῃ
3202 822 3618 893 ὲπιστηρίζοιτο,
3665 820 3794 873 ἔνθα
3846 820 4022 889 φησί·

2454 916 2797 969 Γινωσκέτω
2835 914 2953 981 πᾶς
2983 912 3143 981 οἶκος
3176 914 3441 982 Ἰσραὴλ,
3470 913 3559 966 ὅτι
3580 914 3800 980 Κύριον
3832 911 4022 965 αὑτὸν

2454 1007 2548 1059 καὶ
2570 1008 2822 1075 Χριστὸν
2846 1008 3133 1073 ἐποίησεν
3155 1010 3187 1060 ό
3205 1007 3368 1072 Θεὸς,
3395 1006 3605 1059 τοῦτον
3628 1004 3733 1057 τὸν
3760 1002 4020 1068 Ἰησοῦν,

2454 1100 2526 1152 ὃν
2553 1099 2717 1167 ὑμεῖς
2757 1099 3201 1168 ἐσταυρώσατεο
3238 1098 3450 1169 πρῶτον
3487 1097 3584 1167 μὲν
3626 1095 3776 1148 οὐδὲν
3824 1095 4022 1147 οἰκεῖον

2454 1188 2565 1260 ἔχει
2612 1189 2687 1259 τῷ
2736 1191 3044 1260 ζητουμένῳ
3092 1191 3125 1260 ἡ
3181 1190 3468 1261 μαρτυρία.
3523 1188 4020 1256 Ἐπαγγειλάμενος

2452 1286 2559 1353 γὰρ
2589 1282 2778 1349 δείξειν
2814 1284 2961 1353 παρὰ
3006 1283 3111 1336 τῶν
3160 1284 3330 1351 ἁγίων
3378 1281 3626 1352 εἰρῆσθαι
3658 1280 3887 1349 ποίημα
3931 1279 4020 1332 τὸν

2454 1377 2601 1437 Υίδν,
2640 1375 2737 1445 τὴν
2787 1376 3083 1445 μαρτυρίαν
3133 1374 3421 1445 παρέχεται
3465 1376 3590 1445 περὶ
3632 1372 3727 1426 τοῦ
3753 1370 3891 1425 Θεοῦ
3927 1371 4021 1422 καὶ

2454 1468 2684 1538 [lat-pec,
2718 1468 2798 1520 ὅτι
2829 1467 3097 1537 ἐποίησεν.
3145 1467 3217 1518 Οὐ
3265 1467 3370 1537 γάρ
3418 1465 3590 1519 ἐκεῖνό
3622 1482 3685 1533 γε
3731 1463 3799 1517 ἂν
3854 1463 4020 1523 sinet,

2452 1558 2532 1609 ὅτι
2560 1556 2765 1621 ἔξεστιν
2797 1556 2944 1626 αὐτῷ
2971 1559 3027 1608 ἐν
3057 1560 3169 1618 τοῖς
3200 1557 3325 1625 περὶ
3348 1555 3453 1607 τῶν
3478 1554 3811 1625 τηλικούτων
3844 1553 4020 1621 λόγοις

2455 1649 2785 1720 παραγωγάς
2818 1665 2966 1711 τινας
3004 1649 3097 1701 καὶ
3128 1648 3725 1718 παρασχημαστισμοὺς
3758 1646 3873 1698 τῶν
3904 1647 4021 1697 ὀνο-

2458 1742 2638 1809 μάτων
2682 1742 2911 1792 ἐπινοεῖν
2939 1738 3033 1809 (ιι).
3083 1740 3143 1792 Et
3183 1739 3291 1809 γὰρ
3338 1738 3431 1792 καὶ
3460 1736 3628 1809 ἀργοῦ
3673 1738 3837 1805 λόγου
3866 1736 4022 1790 εὐθύ-

2455 1849 2548 1891 νας
2571 1834 2832 1903 ὑφέξομεν
2858 1836 2914 1885 ἐν
2937 1834 3115 1906 ἡμέρᾳ
3141 1835 3237 1905 τῆς
3260 1832 3509 1903 κρίσεως,
3535 1828 3694 1901 ἦπού
3722 1848 3783 1898 γε
3812 1831 3874 1883 τὸ
3894 1834 4023 1902 περὶ

2454 1922 2560 1973 τῶν
2591 1924 2911 1993 τηλικούτων
2955 1927 3289 1996 καινοτομεῖν
3322 1924 3605 1977 ἀνεύθυνον
3638 1925 3770 1993 ἡμῖν
3814 1923 4022 1991 ἀφεθή-

2456 2030 2624 2066 σεται.
2660 2015 2809 2085 Τάχα
2837 2018 2941 2089 γάρ
2971 2035 3071 2070 που
3096 2018 3156 2070 τὸ
3191 2018 3287 2087 μὲν
3318 2016 3394 2087 (5)
3426 2016 3498 2079 ὡς
3526 2015 3733 2086 πρέπον
3766 2014 3863 2066 ἐπὶ
3890 2013 4024 2066 Θεοῦ

2453 2108 2546 2159 καὶ
2594 2108 2805 2176 Πατρὸς
2848 2108 3095 2175 λέγεσθαι
3142 2109 3292 2179 παρὰ
3335 2107 3427 2162 τοῦ
3473 2107 3616 2161 Θείου
3662 2105 4024 2176 δεδιδάγμεθα

2451 2197 2639 2265 λόγου·
2673 2198 2731 2250 τὸ
2765 2198 2817 2251 δὲ
2849 2200 2945 2268 οὐχ
2977 2200 3208 2271 ἁρμόζον
3259 2201 3337 2271 τῷ
3376 2202 3663 2268 Μονογενεῖ
3696 2198 3761 2251 δι’
3794 2191 3871 2251 ὧν
3919 2198 4023 2250 ἁπ-

2452 2290 2723 2361 εσιώπησε
2756 2289 2817 2343 τὸ
2855 2290 3075 2361 Πνεῦμα
3123 2292 3183 2344 τὸ
3214 2293 3364 2357 ἆγιον
3404 2292 3717 2355 ἐνεδείξατο.
3771 2290 3898 2353 Πῶς
3931 2284 4024 2342 οὖν

2451 2383 2685 2452 ἀσφαλὲς
2747 2383 2865 2454 τὴν,
2943 2384 3233 2449 Ἐποίησε,
3285 2384 3465 2454 φωνὴν
3516 2383 4025 2453 μεταρῤυϐμίζοντα

2452 2474 2549 2545 (6),
2595 2475 2800 2545 ποίημα
2831 2476 3007 2543 λέγειν
3046 2474 3135 2527 τὸν
3171 2474 3397 2544 ποιητὴν
3440 2474 3546 2525 τῶν
3594 2474 3759 2534 ὅλωνς
3810 2474 3873 2525 Et
3916 2472 4027 2542 γάρ

2452 2566 2686 2638 ἔπρεπεν
2714 2567 2860 2637 αὐτῷ
2877 2566 3209 2639 προσηγορία
3247 2565 3487 2635 τοιαύτη,
3518 2564 3617 2617 οῦκ
3646 2563 3711 2617 ἂν
3740 2561 4021 2632 ἐσιωπήθη

2454 2658 2600 2729 παρὰ
2649 2658 2739 2711 τοῦ
2789 2658 3117 2728 Πνεύματος.
3186 2657 3322 2710 Ἀλλ’
3364 2656 3455 2709 ἐπὶ
3504 2655 3601 2726 μὲν
3645 2655 3746 2725 τῆς
3793 2654 4025 2715 κτίσεως

2453 2749 2681 2820 εῦρομεν
2728 2751 2833 2802 απὸ
2878 2750 3009 2813 τοῦ,
3074 2751 3389 2816 Ἐποίησε,
3444 2748 3539 2819 τὴν
3571 2745 3665 2799 τοῦ
3718 2746 4027 2815 ποιήματος

2453 2841 2817 2913 προσηγορίαν
2868 2840 3291 2910 μεταληφθεῖσαν
3318 2858 3331 2871 ο
3388 2841 3477 2892 ἐπὶ
3522 2839 3577 2891 δὲ
3610 2836 3703 2890 τοῦ
3747 2836 3879 2889 Υίοῦ
3930 2833 4025 2887 τοῦ

2451 2932 2583 2987 Θεοῦ
2631 2932 2705 3001 (7)
2744 2931 2942 2984 οὐκέτι.
2995 2932 3088 2981 Ἐν
3128 2930 3282 2998 ἀρχῇ
3328 2931 3435 2998 γὰρ
3478 2929 3764 2993 ἐποίησεν
3806 2930 3841 2980 ὁ
3879 2926 4027 2991 Θεὸς

2452 3026 2555 3078 τὸν
2596 3024 2855 3093 οὐρανὸν
2892 3021 2989 3074 καί
3032 3020 3144 3087 τὴν
3182 3019 3331 3089 γῆν
3367 3021 3457 3071 καὶ
3512 3018 3704 3072 πάλιν·
3770 3018 3867 3068 Ἐν
3897 3017 4024 3081 τοῖς

2453 3119 2737 3187 ποιήμασι
2768 3115 2885 3169 τῶν
2921 3112 3133 3185 χειρῶν
3157 3129 3269 3165 σου
3307 3110 3598 3179 ἐμελέτων
3622 3126 3634 3139 ·
3690 3108 3803 3171 καὶ,
3842 3108 3917 3161 Τὰ
3946 3096 4021 3177 (8)

798 3204 1141 3266 innotescunt,
1178 3202 1557 3271 perspiciuntur
1586 3203 1650 3255 ".
1704 3202 1794 3257 Sic
1835 3202 2109 3273 Scriptura
2148 3204 2197 3255 in
2234 3204 2349 3271 qui-
2375 3222 2417 3278 ο
2451 3230 2468 3280 π

2375 3222 2417 3278 c
2451 3211 2558 3280 γὰρ
2594 3210 2811 3277 ἀόρατα
2839 3206 3023 3262 αὐτοῦ
3066 3204 3180 3259 ἀπὸ
3216 3204 3462 3268 κτίσεως
3487 3201 3714 3268 κόσμου
3747 3197 3868 3263 τοῖς
3894 3215 4024 3251 ποι-

803 3295 901 3349 bus
948 3306 1304 3365 opportunum
1337 3305 1419 3347 est
1468 3310 1732 3361 usurpans
1783 3298 1882 3349 hoc
1934 3312 2146 3357 nomen,
2190 3296 2241 3347 id
2289 3298 2353 3350 de

802 3384 1029 3439 Domino
1060 3395 1242 3438 nostro
1275 3393 1328 3437 et
1365 3383 1641 3437 Salvatore
1672 3383 1793 3437 Jesu
1821 3386 2055 3449 Christo,
2106 3396 2353 3454 tanquam

799 3477 980 3551 gloria:
1012 3477 1125 3547 ejus
1158 3476 1489 3545 majestatem
1528 3476 1665 3530 haud
1708 3478 1928 3540 decens,
1964 3478 2213 3531 obticuit.
2250 3478 2353 3531 Sed

802 3579 977 3623 tamen
1015 3577 1066 3622 et
1096 3568 1319 3630 asciam.
1347 3578 1401 3622 et
1430 3568 1653 3636 lapidem
1687 3568 2020 3638 angularem,
2048 3578 2101 3622 et
2129 3568 2354 3637 lapidem

800 3659 1132 3723 oll'ensionis,
1173 3668 1226 3713 et
1270 3669 1474 3729 petram
1522 3661 1793 3724 scandali,
1842 3671 1893 3714 et
1931 3660 2047 3715 aliis
2093 3661 2354 3731 ejusmodi

804 3748 1122 3813 nominibus,
1183 3748 1233 3801 in
1274 3749 1466 3817 quibus
1500 3764 1604 3803 non
1656 3749 1876 3802 multum
1928 3752 2135 3805 videtur
2181 3752 2357 3806 inesse

802 3840 993 3906 laudis,
1030 3840 1115 3905 iis,
1165 3840 1255 3908 qui
1294 3841 1565 3893 nominum
1615 3840 2063 3911 signiﬁcationem
2113 3859 2215 3896 non
2272 3860 2357 3898 as-

803 3941 1116 4001 sequuntur,
1140 3933 1415 3986 hominum
1441 3932 1619 4003 gloria:
1645 3934 1909 4003 appellare
1938 3948 2041 3987 non
2066 3936 2356 3997 erubescit;

804 4033 855 4078 at
889 4024 1147 4092 [acturam
1194 4041 1457 4094 nusquam
1502 4026 1716 4080 omnino
1770 4028 2090 4081 nominavit.
2138 4029 2205 4080 At
2234 4043 2358 4080 vero

810 4118 897 4172 hic
934 4116 1000 4171 ab
1039 4117 1167 4186 ipsis
1211 4119 1409 4172 sanctis
1453 4118 1555 4172 hoc
1599 4132 1659 4173 se
1706 4120 1931 4173 nominis
1964 4120 2233 4188 accepisse
2260 4120 2357 4181 ait,

805 4218 863 4264 ut
888 4225 989 4264 non
1029 4225 1154 4264 suos
1186 4209 1353 4264 solum
1382 4211 1645 4278 aequales,
1689 4210 1783 4265 sed
1826 4221 2041 4267 sanctos
2071 4214 2230 4267 etiam
2266 4212 2356 4281 qui

802 4302 929 4356 olim
959 4299 1197 4364 luerunt,
1228 4302 1513 4357 calumniis
1540 4305 1650 4360 suis
1679 4303 1934 4361 involvat.

2456 3302 2640 3371 ήμασι
2680 3302 2973 3369 νοούμενα
3024 3296 3356 3365 καθορᾶται.
3408 3294 3593 3357 Οὕτως
3651 3284 3854 3360 ἐφἰὧν
3905 3292 4024 3342 ἐστι

2456 3396 2721 3464 χρήσιμον
2770 3393 2830 3446 τὸ
2861 3392 3027 3462 ὄνομα
3060 3388 3554 3461 παραλαμϐάνουσα
3590 3388 3623 3456 ή
3669 3382 3879 3456 Γραφὴ,
3931 3383 4026 3434 ἐπὶ

2455 3484 2549 3536 τοῦ
2581 3483 2783 3553 Κυρίου
2830 3482 2983 3552 ἡμῶν
3022 3482 3115 3533 mi.
3149 3481 3397 3549 Σωτῆρος
3438 3478 3613 3549 Ἰησοῦ
3644 3474 3879 3550 Χριστοῦ
3921 3475 4022 3544 (9).

2457 3575 2531 3637 ὡς
2558 3574 2616 3626 οὐ
2652 3573 2857 3644 πρέπον
2884 3572 2961 3643 τῷ
2995 3569 3260 3641 μεγαλείῳ
3287 3570 3383 3638 τῆς
3403 3567 3575 3638 δόξης,
3610 3562 4023 3635 παρεσιώπησε.

2458 3666 2569 3719 Νῦν
2599 3666 2655 3719 δὲ
2680 3665 2864 3732 ἀξίνην
2908 3664 3003 3734 μὲν
3028 3662 3119 3716 καὶ
3147 3662 3290 3715 λίθον
3321 3662 3730 3733 ἁκρογωνιαῖον,
3755 3659 3847 3711 καὶ
3874 3656 4025 3709 λίθον

2460 3760 2898 3829 προσκόμματος,
2940 3757 3031 3809 καὶ
3068 3754 3270 3827 πέτραν
3307 3752 3623 3815 σκανδάλου,
3668 3752 3762 3803 καὶ
3797 3749 4026 3803 τοιαῦτα

2455 3852 2616 3923 ἕτερα
2656 3852 2709 3903 ἐν
2741 3844 2818 3913 οἷς
2847 3850 2906 3902 οὐ
2934 3848 3065 3902 πολὺ
3106 3850 3251 3903 δοκεῖ
3276 3848 3336 3898 τὸ
3368 3844 3608 3913 εὔφημον
3633 3839 3770 3895 εἶναι
3799 3845 3910 3904 τοῖς
3947 3843 4024 3911 μὴ

2457 3943 2895 4014 καθικνουμένας
2926 3942 3023 4011 τῆς
3056 3938 3323 4011 σημασίας
3351 3936 3456 3989 τῶν
3478 3934 3771 4004 ὀνομάτων,
3800 3933 3887 3984 τὸν
3910 3934 4027 3983 Κύ-

2461 4053 2571 4105 ριον
2622 4035 2718 4105 τῆς
2768 4033 2922 4102 δόξης
2968 4027 3387 4102 προσαγορεύειν
3439 4026 3538 4080 οὐκ
3596 4022 4022 4093 ἐπαισχύνεται·

2460 4121 2677 4189 ποίημα
2704 4119 2760 4172 δὲ
2789 4116 3022 4188 οὐδαμοῦ
3049 4117 3110 4169 τὸ
3140 4115 3395 4187 παράπαν
3432 4113 3700 4183 ὠνόμασε.
3741 4110 3933 4163 Καίτοι
3960 4126 4025 4177 γε

2458 4206 2606 4274 οὗτος
2660 4211 2786 4283 παρ’
2823 4209 2999 4263 αὐτῶν
3042 4208 3315 4277 εἰληφέναι
3362 4206 3467 4257 τῶν
3512 4202 3678 4270 ἁγίων
3734 4202 3795 4253 τὸ
3849 4200 4025 4268 ῦνομα

2459 4301 2613 4354 τοῦτό
2644 4318 2825 4369 φησιν,
2872 4302 2957 4352 ἵνα
3004 4302 3121 4361 ταῖς
3152 4294 3532 4363 συκοφαντίαις
3586 4293 3659 4363 μὴ
3716 4293 3876 4361 μόνον
3906 4291 4023 4359 (10)

2459 4395 2581 4456 τοὺς
2607 4391 2721 4444 κατ’
2748 4391 2905 4443 αὑτὸν
2936 4388 3222 4461 περιϐάλῃ,
3255 4386 3390 4441 ἀλλὰ
3420 4385 3513 4438 καὶ
3539 4384 3661 4448 τοὺς
3691 4384 3861 4437 πάλαι
3891 4385 4025 4436 ποτὲ

2460 4481 2777 4552 γενομένους
2809 4480 3012 4549 ἁγίους.

876 4568 929 4622 5.
976 4567 1170 4621 Verum
1216 4578 1567 4638 prmterquam
1613 4570 1753 4638 quod
1804 4569 1871 4623 ob
1920 4570 2214 4639 periculum
2249 4588 2351 4625 non
2388 4580 2428 4627 ι.)
2525 4575 2546 4627 ἓ

2388 4580 2428 4627 ι.)
2525 4575 2577 4627 5.
2611 4573 2771 4627 Ἀνευ
2799 4573 2855 4626 δὲ
2880 4572 2971 4626 τοῦ
3005 4572 3078 4643 μὴ
3108 4572 3303 4642 χρῆναι
3332 4569 3420 4623 διὰ
3447 4570 3507 4622 τὸ
3540 4569 3875 4624 ἐπικίνδυνον
3912 4573 4026 4632 τοῖς

807 4670 1015 4730 oportet
1053 4660 1174 4713 talia
1202 4662 1415 4725 audere,
1444 4678 1617 4731 neque
1642 4662 1851 4717 Domini
1882 4664 2096 4717 nomina
2124 4678 2151 4715 a
2182 4664 2356 4729 seipso

810 4753 1517 4823 transformareuiraeterea
1573 4769 1638 4807 ne
1690 4756 1799 4821 ipsa
1854 4756 2067 4825 quidem
2120 4757 2353 4823 Apostoli

808 4845 1068 4901 sententia
1102 4846 1319 4901 exhibet
1343 4846 1496 4901 nobis
1520 4860 1635 4901 eam
1665 4844 1933 4916 Unigeniti
1965 4862 2084 4916 qua:
2111 4857 2236 4899 ante
2261 4862 2358 4901 sa:-

878 4988 923 5018 “
946 4988 1067 5040 Act.
1104 5002 1164 5053 tt,
1200 4984 1286 5041 36.
1362 4988 1407 5018 ¹⁶
1438 4987 1571 5041 Gen.
1609 5004 1646 5054 ι,
1680 4988 1729 5041 l.

878 5166 954 5239 (4)
990 5168 1121 5238 Reg.
1156 5179 1376 5238 quartus
1419 5169 1469 5221 in
1514 5169 1749 5240 margine
1802 5168 2075 5237 ὀνομάτων
2122 5171 2351 5241 ἐπικρα-

809 5242 939 5292 τείν.

881 5310 957 5380 (5)
988 5308 1098 5363 Hoc
1128 5308 1258 5365 dicit
1287 5308 1516 5363 Basilius
1554 5324 1571 5380 :_
1618 5309 1893 5376 Scriptura
1940 5324 2059 5363 cum
2094 5310 2173 5380 de,
2201 5308 2357 5364 Patre

812 5378 1107 5434 sermonem
1144 5380 1319 5444 habet,
1356 5381 1517 5432 verho
1546 5378 1665 5446 fecit
1694 5381 1881 5443 utitur,
1912 5390 1965 5432 ut
1988 5378 2236 5433 ostendat
2261 5380 2359 5433 hoc

812 5452 1028 5503 verbum
1079 5449 1221 5503 Patri
1272 5461 1525 5518 tanquam
1561 5464 1735 5503 rerum
1797 5452 2033 5504 omnium
2089 5450 2352 5501 conditori

811 5520 1095 5593 convenire
1122 5537 1137 5574 :
1165 5529 1372 5586 contra,
1396 5536 1513 5572 cum
1548 5521 1610 5573 de
1638 5519 1771 5593 Filio
1797 5521 2049 5593 loquitur,
2082 5532 2353 5593 nunquam

813 5587 992 5643 vocem
1028 5590 1246 5656 factum
1286 5598 1527 5660 usurpat,
1561 5599 1616 5641 ut
1648 5587 1934 5643 doceamur
1967 5590 2014 5643 id
2049 5604 2240 5643 nomen
2262 5587 2351 5660 ei,

810 5660 898 5726 qui
929 5660 1128 5727 pariter
1151 5674 1326 5713 rerum
1356 5658 1600 5714 conditor
1626 5671 1724 5727 est,
1759 5676 1859 5712 non
1894 5674 2209 5725 congruere.
2245 5658 2355 5709 An-

813 5725 943 5799 tiqui
975 5738 1202 5796 quatuor
1244 5731 1361 5783 libri
1396 5730 1545 5799 Τάχα
1572 5725 1677 5797 γάρ
1717 5748 1812 5781 που
1839 5731 1897 5783 τὸ
1932 5730 2026 5799 μὲν
2060 5766 2105 5782 ..
2128 5769 2141 5781 .
2166 5727 2359 5799 λόγῳ,

810 5796 971 5872 ab“.
999 5799 1135 5872 Editi
1156 5801 1293 5869 τάχα
1319 5801 1423 5872 γὰρ
1465 5796 1620 5853 τοῦτο
1652 5796 1758 5868 μὲν
1882 5796 2059 5868 λόγου,
2093 5798 2254 5872 τοῦτο
2283 5797 2360 5853 δέ.

814 5866 921 5921 Hoc
962 5870 1074 5935 ipso
1123 5871 1172 5923 in
1212 5866 1477 5926 lucorcditi
1526 5880 1580 5924 ct
1614 5866 1715 5925 duo
1756 5884 1882 5927 mss.
1932 5866 2027 5939 οὐχ
2079 5868 2357 5939 ἁρμόζειν.

2460 4666 2717 4730 τοιούτοις
2753 4664 3070 4734 ὲπιτολμᾷν,
3099 4664 3190 4716 καὶ
3218 4662 3284 4715 τὰ
3302 4660 3395 4714 τοῦ
3421 4661 3531 4732 (Η)
3561 4660 3763 4732 Κυρίου
3787 4660 4026 4726 ὀνόματα

2462 4758 2589 4827 παρ’
2622 4756 2813 4809 ἑαυτοῦ
2850 4754 3239 4826 μταπλὰττειν
3258 4770 3271 4784 ·
3300 4755 3381 4807 ἐτι
3412 4756 3533 4809 οὐδὲ
3562 4757 3593 4825 ἡ
3630 4754 3722 4807 τοῦ
3770 4754 4025 4805 Ἀποστά-

2464 4848 2555 4901 λου
2584 4848 2788 4902 διάνοια
2818 4848 2913 4917 τὴν
2954 4848 3057 4918 πρὸ
3095 4848 3285 4913 αἰῶνος
3332 4848 3623 4901 ὑπόστασιν
3654 4844 3744 4898 τοῦ
3784 4848 4026 4913 Μονογεο

1806 4989 1847 5019 ²¹
1882 4988 2021 5047 Psal.
2054 5005 2219 5052 CXLII,
2252 4989 2304 5042 5.
2359 4990 2401 5020 ¹¹
2435 4990 2589 5044 Rom.
2624 5006 2663 5057 ι,
2691 4990 2780 5049 20.

2458 5168 2559 5222 Alii
2598 5170 2832 5237 quinque
2868 5185 2995 5223 mss.
3031 5172 3127 5240 οὐχ
3156 5168 3419 5240 ἁρμόζον.

2530 5235 2770 5306 (6)⁷Ε‹Ιὶίὶ
2802 5235 3591 5310 μεταρρυθμίζοντας.Διιιίψιί
3616 5252 3708 5291 sex
3732 5235 3863 5310 libri
3900 5251 4025 5310 μετ-

2466 5308 2890 5380 αρρυθμίζοντα,
2923 5308 3177 5378 quomodo
3203 5320 3368 5363 tutum
3407 5309 3562 5376 fuerit
3586 5311 3629 5361 ei
3652 5309 3740 5375 qui
3774 5323 3838 5359 ex
3874 5308 4026 5359 verba

2465 5380 2593 5434 fecit
2619 5396 2788 5431 vocent
2819 5378 3041 5434 laetnrze
3066 5382 3428 5433 concinnavit?

2534 5448 2607 5517 (7)
2639 5450 2738 5501 Alii
2774 5448 2865 5500 τοῦ
2897 5449 3026 5502 Υίοῦ
3060 5448 3150 5501 καὶ
3183 5449 3339 5509 Θεοῦ,

2533 5515 2606 5588 (8)
2644 5518 2780 5571 Editi
2808 5520 2899 5571 καὶ
2929 5521 3088 5573 πάλιν
3113 5518 3201 5573 τά.
3237 5519 3465 5573 Codices
3489 5515 3637 5588 multi
3674 5517 3768 5570 καὶ
3794 5516 3885 5588 τάΖ

2530 5583 2604 5659 (9)
2643 5588 2783 5661 Editi
2835 5591 3037 5661 Κυρίου
3088 5591 3179 5643 καὶ
3225 5588 3475 5658 Σωτῆρος
3509 5586 3664 5658 ἡμῶν
3722 5585 3918 5657 Ἰησοῦ.
3959 5583 4027 5637 At

2463 5672 2594 5711 mss.
2623 5660 2695 5710 uti
2730 5659 2781 5710 in
2806 5659 3082 5715 contextu.

2534 5727 2643 5801 (10)
2673 5729 2803 5801 l_le3.
2832 5742 3053 5798 quartus
3091 5730 3165 5801 μὴ
3198 5728 3411 5800 μόνους.

2536 5750 2623 5793 μυ
2675 5750 2803 5796 ιιιῚς.
2832 5750 3053 5798 quartus
3130 5750 3165 5801 η
3198 5750 3411 5800 μονους.

2536 5750 2643 5872 (Η)
2672 5798 2809 5872 Editi
2838 5750 3153 5872 ὲπιτολμέν,
3186 5800 3325 5853 κατὰ
3357 5799 3471 5851 τοῦ.
3502 5796 3717 5865 Antiqui
3755 5806 3863 5850 tres
3903 5795 4023 5850 libri

2467 5868 2781 5939 ὲπιτολμᾷν,
2820 5873 2908 5923 καὶ
2940 5873 3005 5923 τά
3032 5868 3144 5938 τοῦ,
3175 5880 3337 5926 recte.
