4230 6522
220 453 322 508 5T1

1327 450 1691 507 Αονειιδιῐε
1734 450 2095 506 ΕυΝοιιιωι
2138 453 2267 505 LIB.
2310 454 2370 507 II.

3342 460 3445 514 δῖε

216 546 343 604 νοῦς
370 545 499 611 ἡμῖν
530 546 837 615 παρίστησι,
869 545 993 613 περὶ
1023 540 1088 613 ἦς
1111 548 1138 597 ὁ
1160 545 1313 612 λόγος
1348 548 1402 597 ὲν
1428 547 1503 616 τῷ
1534 548 1776 617 παρόντι.
1811 550 1853 602 Α
1882 568 1886 591 ε

1811 550 1853 602 Α
1882 547 1997 597 cnla
2033 547 2130 598 fuit
2165 546 2567 601 subsistentiam
2602 569 2617 602 :
2653 552 2718 605 de
2755 564 2859 619 qua
2898 565 3040 603 nunc
3085 551 3237 604 nobis
3270 568 3448 609 sermo

218 634 357 688 Οὐδὲ
394 633 501 706 γὰρ
533 637 658 706 περὶ
707 636 803 702 τῆς
854 635 1039 697 οὐσίας
1074 638 1241 708 αὐτῆς
1282 637 1376 690 τοῦ
1423 638 1555 692 Θεοῦ
1587 640 1783 707 Λόγου.

218 724 312 777 τοῦ
346 725 402 776 ὲν
447 728 588 797 ἀρχῇ
645 725 796 787 ὄντος
844 726 976 798 πρὸς
1020 728 1109 782 τὸν
1141 728 1305 790 Θεὸν,
1353 727 1487 781 ἀλλὰ
1523 733 1650 801 περὶ
1690 727 1784 782 τοῦ

218 811 553 877 κενώσαντος
592 814 780 867 ἑαυτὸν
810 816 865 866 ἐν
898 818 963 888 τῇ
1000 816 1092 871 τοῦ
1116 816 1299 872 δούλου
1332 820 1531 890 μορφῇ,
1572 820 1665 872 καὶ
1696 835 1787 885 γε-

218 908 443 978 νομένου
500 906 819 977 συμμόρφου
878 906 945 979 .ᾧ
995 911 1206 981 σώματι
1257 910 1357 981 τῆς
1404 910 1786 974 ταπεινώσεως

219 998 399 1069 ἡμῶν,
430 999 522 1050 καὶ
556 1000 955 1070 σταυρωθέντος
997 1005 1054 1070 ἐξ
1089 1002 1387 1067 ἀσθενείας,
1442 1003 1627 1071 σαφῶς
1667 1003 1784 1055 δια·

220 1092 458 1161 λέγεται.
498 1093 607 1145 Kal
654 1092 809 1148 τοῦτο
855 1098 1016 1149 παντὶ⁵
1054 1092 1327 1165 γνώριμον
1367 1095 1444 1165 τῷ
1474 1094 1565 1145 καὶ
1592 1093 1785 1164 μικρὸν

219 1183 570 1251 ἑπιστήσαντι
600 1182 697 1252 τῆς
726 1184 1086 1253 ἀποστολικῆς
1129 1181 1323 1248 λέξεως
1350 1183 1427 1254 τῷ
1464 1182 1783 1253 βουλήματι,

218 1274 303 1328 δτι
349 1273 467 1343 οὐχὶ
518 1271 790 1345 θεολογίας
840 1279 968 1348 ἡμῖν
1014 1275 1340 1345 παραδίδωσι
1387 1276 1605 1346 τρόπον,
1652 1272 1789 1328 ἀλλὰ

218 1368 346 1430 τοὺς
376 1367 475 1437 τῆς
506 1370 815 1441 οἰκονομίας
841 1371 1032 1438 λόγους
1061 1369 1376 1442 παραδηλοῖ.
1406 1369 1627 1436 Κύριον
1653 1369 1784 1441 γὰρ,

218 1460 374 1529 φησι,
425 1462 521 1516 καὶ
569 1464 824 1531 Χριστὸν
872 1462 1057 1516 αὑτὸν
1098 1462 1209 1528 (12)
1260 1464 1292 1514 ὀ
1334 1462 1476 1527 Θεὸς
1517 1461 1783 1530 ἐποίησε,

219 1551 435 1604 τοῦτον
480 1555 587 1608 τὸν
635 1552 868 1619 Ἰησοῦν
912 1553 984 1606 ὃν
1020 1552 1187 1621 ὖμεῖς
1219 1550 1667 1619 ἐσταυρώσατε,
1720 1555 1786 1624 τῇ

218 1645 461 1717 δεικτικῇ
490 1648 637 1715 φωνῇ
676 1646 954 1715 μονονουχὶ
986 1644 1122 1716 πρὸς
1152 1644 1213 1699 τὸ
1250 1644 1583 1717 ἀνθρώπινον
1622 1644 1787 1700 αὐτοῦ

218 1738 317 1790 καὶ
360 1739 631 1807 ὁρώμενον
682 1737 813 1789 πᾶσι
853 1736 1131 1810 προδήλως
1180 1738 1605 1810 ἐπερειδόμενος.
1647 1740 1704 1792 'U
1731 1739 1788 1792 δὲ

217 1829 339 1899 τὴν,
375 1829 681 1896 ἐποίησεν,
712 1827 891 1901 φωνὴν
920 1830 1001 1893 είς
1024 1830 1123 1899 τὴν
1146 1827 1380 1899 ἀρχῆθεν
1403 1828 1652 1895 γέννησιν
1680 1831 1787 1900 (i5)

1886 644 1986 687 est.
2018 634 2199 701 Neque
2218 632 2360 686 enim
2391 633 2459 687 de
2492 638 2787 693 substantia
2824 640 2936 709 ipsa
2974 640 3065 694 Dei
3099 641 3279 705 Verbi,
3306 645 3446 712 quod

1886 723 1938 779 in
1967 725 2229 795 principio
2259 736 2371 779 erat
2402 727 2540 795 apud
2568 727 2729 799 240
2761 732 2925 787 Deum
2957 732 3025 797 ",
3053 733 3146 787 sed
3173 735 3240 788 de
3266 748 3331 789 eo
3358 735 3447 804 qui

1886 815 2117 883 seipsnm
2145 814 2437 867 exinanivit
2482 815 2532 867 in
2582 814 2750 869 forma
2797 821 3031 887 servi“,
3066 831 3122 875 ct
3169 821 3342 878 {actus
3367 831 3445 878 est

1886 905 2175 958 conformis
2226 905 2441 973 corpori
2490 906 2804 961 lnnuilitatis
2858 922 3050 969 nostra:
3079 914 3146 977 “,
3176 928 3241 967 ac
3270 916 3447 970 cruci-

1888 996 2028 1052 ﬁxus
2050 1007 2134 1051 est
2163 1011 2230 1050 ex
2260 997 2572 1052 inﬁrmitate
2595 999 2661 1066 “,
2688 1000 2835 1056 clare
2867 1016 2929 1056 ac
2960 1008 3238 1078 perspicue
3273 1006 3448 1063 disse-

1890 1089 1979 1143 rit.
2024 1089 2090 1143 Et
2140 1090 2241 1145 hoc
2268 1100 2451 1146 notum
2482 1100 2568 1146 est
2601 1092 2850 1149 omnibus
2901 1096 2990 1163 qui
3037 1101 3115 1153 vel
3165 1115 3355 1169 parum
3384 1101 3451 1155 ad

1888 1184 2194 1250 apostolica:
2229 1184 2483 1239 dictionis
2515 1198 2731 1239 sensum
2784 1185 3023 1239 animum
3084 1187 3447 1254 intenderunt,

1886 1275 2028 1343 quod
2069 1290 2171 1327 nou
2214 1275 2493 1344 theologia:
2526 1277 2680 1332 nobis
2731 1277 2946 1331 modum
2979 1279 3163 1345 tradit,
3194 1282 3288 1335 sed
3338 1286 3453 1338 dis-

1886 1365 2217 1436 pensationis
2258 1366 2495 1421 rationes
2533 1369 2790 1424 declarat.
2831 1368 3111 1424 Dominum
3155 1372 3322 1436 enim,
3372 1374 3454 1427 in-

1889 1459 2044 1530 quit,
2092 1469 2139 1513 et
2184 1459 2450 1513 Christum
2501 1461 2669 1529 ipsum
2714 1463 2851 1518 Deus
2900 1461 3053 1533 fecit,
3100 1463 3237 1517 [tunc
3271 1463 3455 1519 Iesum

1887 1571 2039 1624 quem
2086 1570 2175 1608 vos
2208 1553 2541 1621 cruciﬁzistis
2568 1553 2613 1583 "
2649 1571 2662 1607 :
2704 1555 2806 1609 hac
2852 1554 3276 1610 demonstrativa
3327 1570 3457 1613 voce

1892 1644 1944 1699 in
1978 1645 2366 1699 humanitatem
2399 1643 2516 1713 ejus
2572 1652 2733 1713 atque
2766 1643 2819 1697 in
2856 1644 2907 1698 id
2955 1646 3096 1715 quod
3117 1646 3294 1702 oculis
3334 1660 3453 1701 om.

1889 1734 2038 1791 nium
2105 1734 2401 1803 subjectum
2453 1743 2568 1788 erat
2628 1743 2834 1789 tantum
2892 1749 2998 1789 non
3045 1747 3226 1805 aperte
3274 1740 3457 1794 inten»

1892 1838 1999 1884 tus.
2041 1825 2139 1881 Iiic
2183 1842 2312 1881 vero
2347 1841 2531 1880 vocem
2566 1826 2685 1893 fecit
2728 1826 2796 1881 ad
2835 1840 2953 1881 eam
2983 1826 3251 1896 Uuigeniti
3289 1845 3454 1903 gene-

215 1893 316 1974 ’το-ὕ
355 1893 686 1987 Μονογενοῦς
723 1893 1051 1993 μεταφέρει.
1081 1893 1373 1973 ’Καί-οὑδὲ
1415 1893 1596 1971 -ὲκεῖνο
1632 1893 1792 1974 aii-rbi)
1822 1893 1863 1948 Β

1783 1939 1792 1970 ι
1822 1893 1863 1948 Β
1893 1920 2154 1973 rationem
2190 1932 2310 1989 qua:
2338 1931 2366 1971 a
2407 1916 2673 1987 principio
2716 1915 2839 1978 fuit,
2885 1893 3160 1973 transfert.
3196 1918 3262 1973 Et
3290 1893 3359 1975 ne
3389 1922 3453 1975 il-

216 2011 477 2074 δυσωπεῖ,
508 2012 587 2065 ὅτι
616 2014 696 2077 τὸ,
716 2015 947 2080 Κύριος,
974 2012 1074 2064 οὐκ
1096 2010 1279 2073 οὐσίας
1308 2012 1476 2073 ἐστὶν,
1507 2009 1619 2063 ἀλλ’
1646 2011 1796 2077 ἐξου-

220 2102 345 2165 σίας
371 2102 558 2173 ὅνομα.
592 2105 753 2155 ’Ὥστε
789 2103 817 2153 ὁ
849 2101 1045 2167 είπὼν,
1076 2102 1297 2169 Κύριον
1322 2100 1510 2155 αὐτὸν
1536 2101 1633 2154 καί
1664 2102 1794 2168 Χρι-

219 2196 375 2248 στὸν
414 2200 445 2249 d
498 2195 639 2260 Θεὸς
687 2195 965 2262 ἐποίησε,
1012 2195 1111 2265 τὴν
1162 2195 1302 2249 κατὰ
1356 2195 1568 2248 πάντων
1622 2194 1794 2264 ἀρχὴν

219 2290 318 2342 καὶ
343 2289 657 2343 δεσποτείαν
696 2287 842 2352 λέγει
873 2288 969 2359 τὴν
1003 2288 1151 2359 παρὰ
1192 2289 1285 2341 τοῦ
1320 2289 1529 2360 Πατρὸς
1568 2290 1793 2358 ἐπιτρα-

220 2381 415 2431 πεῖσαν
450 2377 617 2447 αὐτῷ,
649 2378 709 2429 οὗ
740 2379 836 2447 τὴν
871 2377 978 2446 (Η)
1010 2380 1086 2439 είς
1112 2377 1175 2428 τὸ
1208 2374 1342 2428 εἶναι
1368 2377 1596 2446 πάροδον
1630 2378 1793 2431 αὐτοῦ

218 2470 505 2540 διηγεῖται.
557 2469 741 2523 Ταῦτα
782 2470 877 2539 μὲν
921 2464 1013 2522 οὖν
1057 2469 1247 2539 μικρὸν
1283 2468 1504 2539 ὕστερον
1538 2469 1796 2535 ἐπιδείξο-

224 2579 347 2633 μεν,
400 2562 526 2614 ὃταν
576 2561 885 2629 ὲλέγχωμεν
930 2559 1089 2612 αὑτὸν
1122 2558 1271 2629 παρὰ
1311 2557 1371 2611 τὸ
1418 2557 1661 2629 βούλημα
1700 2557 1794 2611 τοῦ

222 2653 543 2725 Πνεύματος
573 2653 672 2717 τὰς
709 2655 772 2707 ἐκ
798 2652 898 2723 τῆς
921 2653 1141 2723 Γραφῆς
1171 2650 1474 2723 μαρτυρίας
1503 2649 1795 2722 παρατιθέ-

226 2763 385 2816 μενον
413 2762 426 2776 ⁶
468 2747 583 2798 νυνὶ
610 2746 664 2798 δὲ
696 2745 787 2799 ὲπὶ
829 2743 895 2797 τὰ
926 2745 1123 2814 συνεχῆ
1162 2742 1255 2797 τοῦ
1304 2742 1461 2811 λόγου
1493 2744 1791 2814 προΐωμεν.

222 2838 290 2890 Τί
320 2834 410 2890 οὖν
440 2837 587 2907 αὐτῷ
632 2836 874 2906 βούλεται
926 2836 987 2889 τὸ
1041 2836 1209 2905 ὄνομα
1241 2835 1430 2897 τοῦτος
1473 2836 1567 2887 καὶ
1616 2835 1665 2888 τί
1699 2835 1792 2907 δή·

222 2945 357 2983 ποτε
396 2928 603 2996 ποίημα
652 2927 1075 2997 προσαγορεύειν
1126 2926 1216 2978 τὸν
1258 2926 1484 2995 ποιητὴν
1517 2924 1620 2975 τῶν
1661 2924 1794 2977 ὅλων

224 3021 521 3089 ὲπιχειρεῖ;
552 3019 848 3087 Σοφίσματι
871 3018 1105 3089 κιϐδήλῳ
1129 3017 1649 3089 παρακρουσάμενος
1672 3017 1796 3069 ἑαυ-

222 3110 335 3172 τὸν,
389 3112 553 3162 οἴεται
600 3112 719 3173 ταῖς
774 3108 883 3161 τῶν
927 3109 1201 3179 ὀνομάτων
1250 3109 1533 3180 διαφοραῖς
1574 3110 1793 3180 καὶτῆς

222 3201 411 3265 οὐσίας
441 3199 791 3272 παραλλαγὴν
824 3198 1271 3268 συνεκφαίνεσθαι
1297 3198 1427 3271 (I5).

296 3293 351 3346 4.
388 3294 577 3347 Καίτοι
608 3294 688 3356 τίς
720 3293 784 3345 ἂν
817 3292 893 3362 τῷ
937 3293 1079 3362 λόγῳ
1112 3292 1284 3362 τούτῳ
1318 3292 1607 3363 σωφρονῶν
1630 3295 1798 3365 πρόσ-

224 3384 388 3448 θοιτο,
417 3386 496 3437 ὅτι
528 3379 601 3437 ὧν
635 3385 703 3437 τὰ
726 3385 960 3454 ὀνόματά
991 3385 1101 3437 ἐστι
1131 3383 1382 3454 διάφορα,
1412 3383 1613 3435 τούτων
1659 3402 1800 3455 παρ-

222 3477 487 3550 ηλλάχθαι
526 3477 616 3529 καὶ
647 3475 745 3537 τὰς
784 3476 969 3537 οὐσίας
1002 3475 1209 3545 ἀνάγκη
1243 3489 1257 3540 ;
1293 3474 1502 3537 Πέτρου
1548 3474 1656 3546 γὰρ
1705 3476 1798 3528 καὶ

224 3570 461 3632 Παύλου,
504 3568 599 3621 καὶ
639 3565 973 3629 ἁπαξαπλῶς
1020 3565 1320 3637 ἀνθρώπων
1364 3565 1579 3619 πάντων
1628 3584 1797 3638 προσ-

220 3662 447 3733 ηγορίαι
473 3660 569 3731 μὲν
588 3659 851 3730 διάφοροι,
880 3657 1034 3709 οὐσία
1061 3657 1117 3709 δὲ
1141 3658 1356 3710 πάντων
1382 3658 1497 3727 μία.
1521 3658 1718 3728 Διόπερ
1740 3660 1797 3710 ὲν

224 3756 342 3817 τοῖς
369 3752 641 3814 πλείστοις
669 3751 719 3802 οί
742 3750 895 3804 αὐτοὶ
916 3746 1166 3817 ἀλλήλοις
1190 3748 1353 3818 ὲσμέν
1426 3750 1537 3811 τοῖς
1575 3747 1630 3799 δε
1665 3747 1799 3801 ίδιώ-

227 3862 363 3917 μασι
382 3846 562 3917 μόνοις
579 3841 685 3914 (16)
703 3844 813 3903 τοῖς
830 3857 895 3893 πε
902 3841 955 3912 pi.
976 3839 1200 3892 ἕκαστον
1213 3837 1412 3910 θεωρου
1422 3839 1598 3909 μένοις
1614 3840 1797 3911 ἕτερος

224 3938 413 4007 ἑτέρου
442 3936 840 4005 διενηνόχαμεν.
870 3931 1030 3984 Ὅθεν
1066 3931 1158 3984 καὶ
1202 3930 1259 3984 αἱ
1297 3931 1653 4003 προσηγορίαι
1674 3934 1794 4002 οὐχὶ

224 4031 333 4086 τῶν
361 4030 557 4082 οὐσιῶν
586 4030 690 4081 εἱσι
729 4025 1081 4098 σημαντικαὶ,
1110 4024 1247 4077 ἀλλὰ
1272 4024 1378 4077 τῶν
1411 4024 1706 4095 ίδιοτὴτων,
1736 4026 1791 4077 αῖ

222 4122 315 4176 τὸν
348 4121 466 4174 καθ’
504 4122 598 4174 ’ἐνα
637 4116 1146 4191 χαρακτηρίζουσιν.
1184 4116 1350 4170 ’Όταν
1381 4112 1474 4169 οὖν
1510 4116 1793 4185 ἀκούωμεν

227 4215 342 4284 (I7)
383 4212 627 4281 Πέτρον,
671 4212 731 4263 οὐ
776 4210 872 4280 τὴν
914 4208 1098 4261 οὐσίαν
1138 4206 1300 4259 αὑτοῦ
1335 4205 1558 4276 νοοῦμεν
1603 4208 1666 4259 ὲκ
1700 4205 1791 4258 τοῦ

223 4305 485 4372 ὀνόματος
516 4300 720 4369 χοὺσίαν
746 4299 802 4351 δὲ
823 4298 963 4365 λέγω
984 4296 1077 4350 νῦν
1103 4296 1164 4348 τὸ
1196 4294 1377 4347 ὖλικδν
1402 4295 1754 4363 ὑποκείμενον

221 4396 362 4465 ὅπερ
392 4392 641 4461 οὐδαμῶς
676 4388 928 4459 σημαίνει
966 4387 1243 4458 τοῦνομα),
1278 4387 1411 4440 ἀλλὰ
1438 4388 1543 4441 τῶν
1578 4390 1795 4460 ἰδιωμά-

221 4501 329 4537 των
369 4482 405 4536 ὃ.
437 4481 564 4551 περι⁵
605 4479 765 4532 αὐτὸν
803 4477 1083 4547 θεωρεῖται
1135 4476 1231 4547 τὴν
1281 4476 1485 4529 ἔννοιαν
1536 4479 1794 4532 ἐντυπού-

1892 2009 1981 2064 lud
2010 2010 2226 2079 quidem
2245 2022 2375 2066 'eum
2407 2009 2612 2078 pudore
2653 2006 2816 2062 allicit
2839 2048 2855 2071 ,
2894 2008 3036 2077 quod
3065 2025 3163 2065 vox
3199 2012 3451 2067 Dominus

1894 2114 1997 2151 non
2033 2114 2224 2153 nomen
2254 2102 2325 2155 sit
2352 2101 2692 2164 substantias,
2722 2098 2816 2154 sed
2844 2101 3141 2169 potestatis.
3167 2102 3344 2169 Quare
3364 2104 3456 2172 qui

1894 2190 2049 2255 dixit,
2090 2190 2367 2243 Dominum
2391 2193 2560 2258 ipsum
2591 2202 2639 2245 et
2666 2190 2932 2246 Christum
2959 2192 3096 2247 Deus
3128 2193 3271 2263 fecit,
3306 2196 3458 2265 priu-

1894 2282 2130 2353 cipatum
2165 2296 2229 2336 ac
2254 2282 2546 2335 dominium
2578 2282 2630 2336 in
2659 2297 2849 2337 omnes
2874 2284 2921 2337 ei
2955 2298 2983 2337 a
3019 2282 3177 2339 Patre
3198 2285 3455 2341 traditum

1888 2377 2043 2439 dicit,
2075 2390 2180 2430 non
2223 2374 2366 2429 illius
2406 2374 2473 2427 ad
2512 2389 2623 2427 esse
2666 2376 2953 2429 transitum
2985 2387 3191 2433 narrat.
3233 2375 3301 2432 Et
3331 2378 3455 2447 qui-

1894 2467 2013 2522 dem
2048 2468 2159 2521 hzec
2183 2467 2339 2536 paulo
2372 2477 2492 2537 post
2518 2467 2890 2534 ostendemus;
2924 2482 3044 2523 cum
3072 2468 3457 2524 convincemus

1894 2557 2044 2613 illum
2088 2556 2382 2625 Scriptura)
2436 2560 2738 2613 testimonia
2771 2570 2968 2627 praeter
2994 2558 3231 2628 Spiritus
3265 2558 3458 2614 volun-

1894 2658 2059 2705 tatem
2086 2649 2329 2731 prot‘erre
2356 2650 2408 2703 in
2450 2649 2684 2705 medium
2724 2665 2739 2704 :
2772 2650 2865 2705 sed
2897 2666 3041 2706 nunc
3071 2651 3139 2706 ad
3173 2651 3337 2708 verba
3368 2666 3460 2707 co-

1896 2742 2152 2797 bzerentia
2186 2740 2612 2812 progrediamur.
2662 2742 2800 2810 Quid
2834 2758 2963 2815 ergo
2990 2742 3090 2800 hoc
3118 2758 3317 2800 nomen
3353 2743 3459 2800 sibi

1894 2834 2064 2888 vult?
2126 2834 2506 2904 qua.tandem
2579 2833 2646 2888 de
2712 2850 2872 2889 causa
2941 2836 3201 2890 facturam
3280 2836 3458 2891 facto-

1892 2940 2007 2979 rem
2060 2925 2300 2979 omninm
2350 2924 2621 2994 appellare
2674 2924 3023 2996 aggreditur?
3075 2925 3192 2995 Ipse
3252 2940 3313 2982 se
3373 2926 3461 2981 fu-

1894 3024 2012 3069 cata
2038 3015 2377 3071 cavillatione
2421 3016 2711 3086 deeipiens,
2741 3018 3059 3074 substantias
3088 3020 3252 3074 etiam
3281 3018 3460 3074 diver-

1895 3105 2107 3161 sitatem
2181 3121 2286 3162 una
2354 3122 2475 3162 cum
2540 3111 2818 3165 numinum
2872 3110 3189 3165 discrimine
3245 3111 3457 3167 ostendi

1894 3197 2187 3253 existimat.

1967 3287 2022 3343 4.
2074 3286 2177 3343 Sed
2208 3291 2329 3359 quis
2366 3290 2562 3345 mentis
2600 3304 2818 3361 compos
2863 3291 2928 3345 ad
2962 3291 3102 3347 hanc
3134 3291 3457 3348 sententiam

1898 3380 2208 3444 accesserit,
2247 3381 2392 3450 quod
2419 3397 2645 3451 quorum
2686 3385 2903 3439 nomina
2937 3394 3067 3440 sunt
3093 3385 3326 3450 diversa,
3364 3384 3461 3441 ho-

1899 3486 2016 3524 rum
2056 3472 2216 3525 etiam
2266 3472 2597 3529 substantias
2630 3476 2870 3531 diversas
2923 3490 3044 3531 esse
3079 3490 3299 3532 necesse
3341 3476 3462 3532 sit!

1898 3562 2043 3620 Petri
2080 3564 2222 3618 enim
2266 3575 2321 3619 et
2352 3565 2525 3631 Pauli,
2575 3576 2629 3621 et
2663 3568 2714 3621 in
2751 3582 2982 3633 smmna,
3032 3567 3309 3623 hominum
3341 3584 3462 3625 om-

1899 3655 2045 3708 nium
2091 3656 2473 3725 appellationes
2522 3667 2648 3712 sunt
2697 3658 2912 3727 quidem
2953 3659 3179 3716 diversae
3213 3679 3227 3716 :
3256 3661 3349 3716 sed
3380 3672 3465 3717 ta-

1899 3759 2019 3798 men
2073 3746 2317 3799 omuium
2374 3762 2475 3800 una
2524 3746 2822 3800 substantia
2859 3756 2960 3802 est.
3016 3746 3354 3818 Quapropter
3407 3747 3460 3801 in

1895 3834 2141 3905 plurimis
2174 3835 2333 3898 iidem
2365 3837 2502 3892 inter
2537 3852 2637 3892 nos
2672 3852 2882 3901 smnus,
2918 3846 2972 3891 et
2998 3837 3129 3892 solis
3159 3837 3461 3907 proprieta-

1896 3927 2038 3982 tibus
2072 3943 2192 3997 qum
2242 3928 2295 3981 in
2349 3944 2673 3998 unoquoque
2723 3929 3154 3993 considerantur,
3207 3930 3341 3984 alter
3388 3929 3459 3985 ab

1894 4020 2067 4073 altero
2118 4017 2440 4075 differimus.
2475 4018 2627 4074 Unde
2660 4029 2717 4074 et
2760 4018 3148 4088 appellationes
3192 4036 3296 4075 non
3330 4020 3460 4075 sub-

1895 4112 2142 4172 stantias,
2177 4110 2269 4164 sed
2317 4110 2671 4180 proprietates
2711 4112 2904 4181 quibus
2948 4111 3176 4181 quisque
3209 4110 3459 4182 designa-

1897 4211 2005 4268 tur,
2043 4201 2371 4273 signilicant.
2410 4203 2598 4273 Itaque
2642 4218 2765 4258 cum
2806 4203 3054 4258 udimus
3080 4200 3316 4265 Petrum,
3348 4218 3457 4258 non

1895 4296 2015 4364 ejus
2042 4295 2395 4349 substantiam
2426 4295 2531 4351 hoc
2559 4296 2775 4350 nomine
2808 4295 3153 4366 intelligimus
3187 4296 3459 4368 (substan-

1896 4389 2030 4442 tiam
2066 4397 2243 4443 autem
2279 4404 2419 4445 nunc
2457 4389 2579 4444 dico
2628 4389 2903 4444 materiale
2943 4388 3263 4456 subjectum,
3314 4389 3457 4458 quod

1896 4496 2234 4550 nequaquam
2274 4496 2338 4536 eo
2371 4480 2588 4535 nomine
2617 4481 2994 4552 signiﬁcatur),
3029 4480 3122 4535 sed
3158 4480 3459 4548 proprieta-

225 4575 387 4647 μεθα.
421 4573 590 4635 Εὐθὺς
618 4572 725 4641 γὰρ
756 4572 817 4622 ὲκ
845 4569 945 4639 τῆς
990 4571 1169 4639 φωνῆς
1196 4570 1395 4641 ταύτης
1441 4570 1666 4641 νοοῦμεν
1702 4574 1793 4625 τὸν
1826 4567 1868 4622 D

1787 4593 1793 4618 ι
1826 4567 1868 4622 D
1896 4582 1978 4628 tes
2027 4589 2145 4643 quae
2196 4574 2339 4628 circa
2382 4589 2504 4627 eum
2548 4574 2979 4635 considerantur,
3013 4573 3334 4642 cogitatione
3363 4574 3457 4629 dc-

220 4666 317 4719 τοῦ
360 4666 512 4717 Ἰωνᾶ
547 4662 678 4732 (l8),
730 4662 821 4713 τὸν
870 4662 933 4712 ἐκ
975 4660 1074 4730 τῆς
1100 4660 1393 4733 Βηθσαῖδᾶ,
1443 4660 1532 4713 τὸν
1566 4662 1792 4731 ἀδελφὸν

294 4828 342 4861 ’³
364 4825 580 4886 Joao.t,
608 4825 665 4877 Ω.
743 4825 786 4856 ’⁵
820 4824 1012 4895 Philip.
1049 4842 1104 4891 ιι,
1148 4826 1200 4878 7.
1278 4826 1324 4859 "
1360 4826 1557 4895 I‘hilip.
1591 4843 1674 4893 ιιι,
1711 4828 1805 4882 2i.

296 4966 408 5037 (12)
442 4962 531 5037 Sic
572 4963 773 5037 antiqui
820 4971 929 5037 tres
958 4963 1101 5037 libri.
1128 4963 1239 5018 Vox
1266 4965 1425 5018 αὐτόν
1464 4966 1515 5018 iu
1554 4967 1783 5037 vulgatis

221 5033 654 5106 deSiderabatur.
707 5033 837 5106 Illud
864 5034 1007 5106 quod
1041 5049 1161 5087 mox
1211 5038 1471 5102 sequitur,
1503 5036 1784 5106 προδήλως

218 5104 654 5175 ἐπερειδόμενος,
696 5104 773 5155 sie
804 5105 872 5175 ad
899 5102 1118 5156 verbum
1156 5105 1497 5175 interpretari
1550 5102 1779 5173 poteris,

221 5174 429 5229 tantum
474 5192 575 5228 non
608 5175 780 5241 palam
843 5174 1163 5227 incumbens.
1203 5174 1315 5227 Hoc
1365 5186 1466 5237 est,
1512 5178 1784 5244 apostolus

220 5244 417 5298 Petrus
443 5260 537 5310 per
567 5257 750 5295 vocem
779 5244 914 5294 hunc
950 5252 1155 5296 tantum
1190 5259 1293 5295 non
1341 5246 1783 5299 commonstravit

220 5314 609 5366 humanitatem
634 5313 830 5366 Christi
865 5312 1071 5366 Domini
1118 5332 1131 5367 :
1173 5322 1284 5375 aut,
1325 5316 1367 5369 si
1423 5316 1611 5375 maris,
1648 5330 1780 5382 apo—

216 5384 396 5437 stolus
426 5382 616 5435 Petrus
649 5396 743 5448 per
771 5397 953 5435 vocem
982 5382 1117 5435 hunc
1152 5395 1255 5435 tam
1285 5386 1566 5451 perspicue
1600 5388 1782 5436 Iunon-

218 5453 445 5505 nitatetn
477 5453 678 5507 Christi
722 5451 930 5505 Domini
984 5454 1261 5519 indicavit,
1334 5465 1389 5507 ut
1417 5472 1534 5506 eam
1570 5466 1774 5506 tantum

212 5538 325 5643 ἓόοιι
354 5524 526 5577 oculis
558 5520 824 5590 subjiciat.
860 5520 989 5592 Reg.
1035 5524 1223 5578 tertius
1256 5524 1537 5595 προδήλως
1561 5525 1785 5594 ἀπερει-

281 5608 458 5643 αενοε.

351 5609 458 5655 νος.

279 5608 572 5733 ιῖῗέἳῖίὶοε.
602 5662 792 5717 tertius
818 5660 1055 5733 ἀρχῆθεν
1086 5662 1317 5730 γένεσιν.
1359 5664 1465 5719 Alii
1497 5678 1625 5717 mss.
1661 5678 1781 5716 cum

212 5730 391 5802 editis
403 5731 673 5802 γέννησιν.

287 5800 401 5870 (14)
432 5800 581 5861 Illud,
611 5805 671 5855 οὐ
696 5807 815 5875 τήν,
842 5815 970 5870 ete.,
1006 5805 1075 5859 ita
1105 5814 1339 5859 verterat
1362 5803 1777 5873 Trapezuntius.

213 5886 319 5923 non
342 5874 597 5940 quomodo
620 5889 727 5926 esse
752 5874 993 5941 'raperit,
1028 5887 1228 5928 narrat.
1271 5877 1777 5944 Interpretatiouetn

498 5966 760 6026 ΡΑτιιοι..
796 5970 910 6025 (in.
941 5969 1178 6028 XXIX.

1898 4665 2189 4737 pingimus.
2239 4664 2386 4719 Illico
2412 4665 2555 4719 enim
2601 4680 2697 4733 per
2727 4666 2866 4719 hanc
2890 4679 3075 4718 vocem
3110 4663 3458 4733 intelligimus

1883 4830 1928 4861 "
1958 4829 2000 4883 II
2031 4829 2154 4884 Cor.
2192 4844 2311 4893 xm,
2337 4830 2390 4883 ι.
2465 4829 2508 4860 ⁸⁷
2534 4828 2656 4883 Αοι.
2687 4844 2750 4893 ιι,
2781 4827 2868 4884 56.

1888 4963 2237 5029 Trapezuntii
2303 4972 2594 5024 emendans
2646 4968 3000 5023 Combeiisius
3048 4968 3127 5023 sic
3186 4967 3452 5034 scripsit:

1888 5038 2026 5102 quod
2048 5048 2231 5089 nactus
2262 5050 2357 5103 est,
2408 5051 2461 5093 ut
2489 5050 2640 5099 esset,
2674 5038 3079 5095 subobscurius.
3128 5037 3207 5092 Ad
3229 5038 3454 5092 verbum

1888 5106 2172 5167 vertimus,
2220 5124 2321 5161 non
2350 5110 2536 5162 Latine
2562 5110 2797 5176 quidem,
2845 5110 2939 5165 sed
2968 5108 3201 5165 ﬁdeliter
3254 5119 3455 5176 tamen,

1890 5193 1992 5228 non
2024 5176 2137 5243 eius
2185 5180 2251 5228 ad
2282 5194 2402 5233 esse
2436 5175 2710 5233 transitum
2745 5192 2926 5235 narrat
2969 5194 2987 5231 :
3016 5182 3129 5236 hoc
3181 5188 3287 5244 est,
3338 5175 3453 5233 Non

1890 5258 2069 5298 narrat
2099 5251 2366 5312 quomodo
2404 5253 2505 5302 huc
2528 5253 2852 5312 pervenerit,
2878 5262 2938 5304 nt
2972 5252 3065 5304 sit.

1960 5312 2068 5385 (I5)
2104 5318 2229 5389 Ileg.
2266 5332 2483 5385 quartus
2514 5322 2994 5389 συνεμφαίνεσθαι.

1959 5389 2068 5463 (lli)
2103 5387 2237 5440 Editi
2264 5406 2387 5463 cum
2416 5389 2547 5457 Reg.
2576 5387 2765 5460 quin—to
2816 5391 3064 5463 ἰδιώμασι
3108 5392 3289 5463 μόνον.
3347 5388 3454 5445 Alii

1890 5458 2284 5529 quiuqne‘tnss.
2323 5460 2525 5529 μόνοις.

2110 5521 2296 5613 gerro:
2323 5521 2497 5613 'Tunus
2526 5528 2698 5612 ’,Οταν
2729 5528 2989 5613 fama:
3034 5527 3219 5609 Colb.‘
3238 5527 3451 5613 et‘lleg.

1888 5599 2078 5650 tertius
2110 5596 2274 5648 Ὅταν
2300 5594 2392 5651 οὖν
2432 5594 2899 5669 ἀκούωμενξιιλιίὶιί
2925 5598 3092 5652 Ὅταν
3124 5598 3256 5666 γοῦν
3285 5594 3453 5652 δικοῦ-

1888 5683 2085 5718 σωιιεν.

1957 5684 2233 5805 iiii-siam
2280 5736 2504 5808 νοοῦμεν
2552 5737 2775 5809 Πέτρονν
2826 5738 2917 5791 τδν
2962 5737 3059 5791 τοῦ
3106 5738 3279 5791 ’¹ω’¹ἄ’
3339 5737 3453 5794 VM

1886 5807 2092 5876 Πέτρον
2119 5809 2267 5860 deest
2294 5810 2344 5859 in
2372 5807 2519 5862 Cotb.
2552 5820 2604 5860 et
2631 5807 2682 5860 in
2714 5810 2841 5875 Reg.
2873 5810 3072 5875 tertio;
3104 5822 3203 5862 nec
3232 5809 3451 5863 dubium

1882 5888 1987 5941 est,
2026 5877 2151 5944 quin
2187 5878 2374 5932 melius
2406 5878 2562 5931 absit.
2594 5877 2736 5949 Lege
2769 5881 3039 5933 Duorum.

3062 5973 3135 6032 19
