  <div class='ocr_page' id='page_1' title='image "/cluster/home/n/w/nwhite01/storage/ocr_20150623/29/uva.x004321530/710.png"; bbox 0 0 4230 6542; ppageno 0'>
   <div class='ocr_carea' id='block_1_1' title="bbox 243 495 2360 560">
    <p class='ocr_par' dir='ltr' id='par_1_1' title="bbox 243 495 2360 560">
     <span class='ocr_line' id='line_1_1' title="bbox 243 495 2360 560; baseline 0.006 -23"><span class='ocrx_word' id='word_1_1' title='bbox 243 504 326 560; x_wconf 70' lang='lat'><strong>58,</strong></span> <span class='ocrx_word' id='word_1_2' title='bbox 1330 495 1691 551; x_wconf 64' lang='lat' dir='ltr'><strong>aovensos</strong></span> <span class='ocrx_word' id='word_1_3' title='bbox 1727 496 2092 551; x_wconf 70' lang='lat' dir='ltr'><strong>nummum</strong></span> <span class='ocrx_word' id='word_1_4' title='bbox 2131 497 2258 551; x_wconf 81' lang='lat' dir='ltr'><strong>me.</strong></span> <span class='ocrx_word' id='word_1_5' title='bbox 2302 498 2360 550; x_wconf 93' lang='lat' dir='ltr'><strong>u.</strong></span> 
     </span>
    </p>
   </div>
   <div class='ocr_carea' id='block_1_2' title="bbox 3328 488 3429 540">
    <p class='ocr_par' dir='ltr' id='par_1_2' title="bbox 3328 488 3429 540">
     <span class='ocr_line' id='line_1_2' title="bbox 3328 488 3429 540; baseline -0.01 0"><span class='ocrx_word' id='word_1_6' title='bbox 3328 488 3429 540; x_wconf 72' lang='grc'><strong>582</strong></span> 
     </span>
    </p>
   </div>
   <div class='ocr_carea' id='block_1_3' title="bbox 237 612 1907 688">
    <p class='ocr_par' dir='ltr' id='par_1_3' title="bbox 237 613 1907 688">
     <span class='ocr_line' id='line_1_3' title="bbox 237 613 1907 688; baseline 0 -13"><span class='ocrx_word' id='word_1_7' title='bbox 237 617 504 687; x_wconf 81' lang='grc' dir='ltr'>Μονογενῆ</span> <span class='ocrx_word' id='word_1_8' title='bbox 532 617 790 687; x_wconf 82' lang='grc' dir='ltr'><strong>λεγούσης</strong></span> <span class='ocrx_word' id='word_1_9' title='bbox 820 618 1024 687; x_wconf 87' lang='grc' dir='ltr'>ποίημα</span> <span class='ocrx_word' id='word_1_10' title='bbox 1043 660 1055 682; x_wconf 86' lang='grc'><strong>,</strong></span> <span class='ocrx_word' id='word_1_11' title='bbox 1089 618 1187 673; x_wconf 86' lang='grc' dir='ltr'>οὑκ</span> <span class='ocrx_word' id='word_1_12' title='bbox 1216 619 1282 673; x_wconf 79' lang='grc' dir='ltr'>ἂν</span> <span class='ocrx_word' id='word_1_13' title='bbox 1313 616 1638 687; x_wconf 81' lang='grc' dir='ltr'>ἐκεκὼφωτο</span> <span class='ocrx_word' id='word_1_14' title='bbox 1671 613 1780 688; x_wconf 69' lang='grc'><strong>(26)</strong></span> <span class='ocrx_word' id='word_1_15' title='bbox 1810 617 1859 675; x_wconf 79' lang='grc' dir='ltr'><strong>Α</strong></span> <span class='ocrx_word' id='word_1_16' title='bbox 1883 629 1907 685; x_wconf 83' lang='lat' dir='ltr'>q</span> 
     </span>
    </p>
   </div>
   <div class='ocr_carea' id='block_1_4' title="bbox 1754 612 3424 688">
    <p class='ocr_par' dir='ltr' id='par_1_4' title="bbox 1754 612 3424 685">
     <span class='ocr_line' id='line_1_4' title="bbox 1754 612 3424 685; baseline 0.004 -21"><span class='ocrx_word' id='word_1_17' title='bbox 1754 613 1780 685; x_wconf 75' lang='grc' dir='ltr'><strong>ἰ)</strong></span> <span class='ocrx_word' id='word_1_18' title='bbox 1810 617 1859 675; x_wconf 77' lang='grc' dir='ltr'><strong>Α</strong></span> <span class='ocrx_word' id='word_1_19' title='bbox 1883 629 1991 685; x_wconf 90' lang='lat' dir='ltr'><strong>quo</strong></span> <span class='ocrx_word' id='word_1_20' title='bbox 2021 616 2337 685; x_wconf 83' lang='lat' dir='ltr'><strong>Unigenitus</strong></span> <span class='ocrx_word' id='word_1_21' title='bbox 2368 616 2578 671; x_wconf 87' lang='lat' dir='ltr'><strong>factura</strong></span> <span class='ocrx_word' id='word_1_22' title='bbox 2608 614 2897 681; x_wconf 80' lang='lat' dir='ltr'><strong>diceretur,</strong></span> <span class='ocrx_word' id='word_1_23' title='bbox 2932 629 3108 671; x_wconf 90' lang='lat' dir='ltr'><strong>nonne</strong></span> <span class='ocrx_word' id='word_1_24' title='bbox 3134 612 3244 682; x_wconf 87' lang='lat' dir='ltr'><strong>jam</strong></span> <span class='ocrx_word' id='word_1_25' title='bbox 3272 628 3424 670; x_wconf 80' lang='lat' dir='ltr'><strong>aures</strong></span> 
     </span>
    </p>
   </div>
   <div class='ocr_carea' id='block_1_5' title="bbox 237 705 1782 783">
    <p class='ocr_par' dir='ltr' id='par_1_5' title="bbox 237 705 1782 783">
     <span class='ocr_line' id='line_1_5' title="bbox 237 705 1782 783; baseline 0.001 -24"><span class='ocrx_word' id='word_1_26' title='bbox 237 710 382 781; x_wconf 77' lang='grc' dir='ltr'>ήμῶν</span> <span class='ocrx_word' id='word_1_27' title='bbox 408 708 505 781; x_wconf 80' lang='grc' dir='ltr'>ήδη</span> <span class='ocrx_word' id='word_1_28' title='bbox 530 711 596 765; x_wconf 85' lang='grc' dir='ltr'><strong>τά</strong></span> <span class='ocrx_word' id='word_1_29' title='bbox 620 705 735 763; x_wconf 78' lang='grc' dir='ltr'>ὦτα</span> <span class='ocrx_word' id='word_1_30' title='bbox 764 709 1279 783; x_wconf 79' lang='grc' dir='ltr'>περιθρυλλούμενα.</span> <span class='ocrx_word' id='word_1_31' title='bbox 1325 705 1460 763; x_wconf 75' lang='grc' dir='ltr'><strong>Εἶτά</strong></span> <span class='ocrx_word' id='word_1_32' title='bbox 1495 726 1664 781; x_wconf 85' lang='grc' dir='ltr'>φησι,</span> <span class='ocrx_word' id='word_1_33' title='bbox 1694 707 1782 763; x_wconf 83' lang='grc' dir='ltr'>διὰ</span> 
     </span>
    </p>
   </div>
   <div class='ocr_carea' id='block_1_6' title="bbox 236 797 1782 873">
    <p class='ocr_par' dir='ltr' id='par_1_6' title="bbox 236 797 1782 873">
     <span class='ocr_line' id='line_1_6' title="bbox 236 797 1782 873; baseline -0.001 -20"><span class='ocrx_word' id='word_1_34' title='bbox 236 802 350 863; x_wconf 79' lang='grc' dir='ltr'>τοὺς</span> <span class='ocrx_word' id='word_1_35' title='bbox 396 802 707 873; x_wconf 78' lang='grc' dir='ltr'>σωματικὴν</span> <span class='ocrx_word' id='word_1_36' title='bbox 761 801 857 871; x_wconf 81' lang='grc' dir='ltr'>τὴν</span> <span class='ocrx_word' id='word_1_37' title='bbox 889 802 1137 873; x_wconf 82' lang='grc' dir='ltr'><strong>γέννησιν</strong></span> <span class='ocrx_word' id='word_1_38' title='bbox 1177 800 1652 870; x_wconf 75' lang='grc' dir='ltr'>ὑπολαμϐάνοντας</span> <span class='ocrx_word' id='word_1_39' title='bbox 1688 797 1782 853; x_wconf 81' lang='grc' dir='ltr'><strong>τοῦ</strong></span> 
     </span>
    </p>
   </div>
   <div class='ocr_carea' id='block_1_7' title="bbox 237 891 1783 963">
    <p class='ocr_par' dir='ltr' id='par_1_7' title="bbox 237 891 1783 963">
     <span class='ocr_line' id='line_1_7' title="bbox 237 891 1783 963; baseline 0.002 -20"><span class='ocrx_word' id='word_1_40' title='bbox 237 891 451 961; x_wconf 77' lang='grc' dir='ltr'><strong>Κυρίου,</strong></span> <span class='ocrx_word' id='word_1_41' title='bbox 488 894 579 943; x_wconf 70' lang='grc' dir='ltr'>καὶ</span> <span class='ocrx_word' id='word_1_42' title='bbox 624 893 741 954; x_wconf 89' lang='grc' dir='ltr'>ταῖς</span> <span class='ocrx_word' id='word_1_43' title='bbox 773 894 1105 963; x_wconf 85' lang='grc' dir='ltr'>ὁμωνυμίαις</span> <span class='ocrx_word' id='word_1_44' title='bbox 1147 891 1573 961; x_wconf 88' lang='grc' dir='ltr'>προσπαίοντας,</span> <span class='ocrx_word' id='word_1_45' title='bbox 1618 893 1783 959; x_wconf 85' lang='grc' dir='ltr'>ἀναγ-</span> 
     </span>
    </p>
   </div>
   <div class='ocr_carea' id='block_1_8' title="bbox 239 976 1783 1051">
    <p class='ocr_par' dir='ltr' id='par_1_8' title="bbox 239 976 1783 1051">
     <span class='ocr_line' id='line_1_8' title="bbox 239 976 1783 1051; baseline 0.003 -25"><span class='ocrx_word' id='word_1_46' title='bbox 239 979 379 1030; x_wconf 85' lang='grc' dir='ltr'>καῖον</span> <span class='ocrx_word' id='word_1_47' title='bbox 418 976 563 1046; x_wconf 85' lang='grc' dir='ltr'>αὑτῷ</span> <span class='ocrx_word' id='word_1_48' title='bbox 600 978 692 1029; x_wconf 81' lang='grc' dir='ltr'><strong>καὶ</strong></span> <span class='ocrx_word' id='word_1_49' title='bbox 726 979 851 1048; x_wconf 81' lang='grc' dir='ltr'>περὶ</span> <span class='ocrx_word' id='word_1_50' title='bbox 903 979 1103 1033; x_wconf 76' lang='grc' dir='ltr'>τούτων</span> <span class='ocrx_word' id='word_1_51' title='bbox 1139 976 1392 1032; x_wconf 85' lang='grc' dir='ltr'>εἶναιδιά</span> <span class='ocrx_word' id='word_1_52' title='bbox 1429 978 1672 1051; x_wconf 78' lang='grc' dir='ltr'>βραχέων</span> <span class='ocrx_word' id='word_1_53' title='bbox 1708 981 1783 1031; x_wconf 90' lang='grc' dir='ltr'>εί-</span> 
     </span>
    </p>
   </div>
   <div class='ocr_carea' id='block_1_9' title="bbox 238 1070 1784 1143">
    <p class='ocr_par' dir='ltr' id='par_1_9' title="bbox 238 1070 1784 1143">
     <span class='ocr_line' id='line_1_9' title="bbox 238 1070 1784 1143; baseline 0.003 -21"><span class='ocrx_word' id='word_1_54' title='bbox 238 1074 366 1123; x_wconf 86' lang='grc' dir='ltr'>πεῖν.</span> <span class='ocrx_word' id='word_1_55' title='bbox 399 1070 587 1123; x_wconf 83' lang='grc' dir='ltr'><strong>Καίτοι</strong></span> <span class='ocrx_word' id='word_1_56' title='bbox 627 1070 678 1122; x_wconf 87' lang='grc' dir='ltr'><strong>τί</strong></span> <span class='ocrx_word' id='word_1_57' title='bbox 708 1071 930 1136; x_wconf 83' lang='grc' dir='ltr'>ἐκώλυε,</span> <span class='ocrx_word' id='word_1_58' title='bbox 963 1076 1079 1135; x_wconf 89' lang='grc' dir='ltr'>ταῖς</span> <span class='ocrx_word' id='word_1_59' title='bbox 1124 1074 1188 1125; x_wconf 86' lang='grc' dir='ltr'>ἐκ</span> <span class='ocrx_word' id='word_1_60' title='bbox 1220 1071 1327 1124; x_wconf 87' lang='grc' dir='ltr'>τῶν</span> <span class='ocrx_word' id='word_1_61' title='bbox 1365 1072 1595 1143; x_wconf 79' lang='grc' dir='ltr'>Γραφῶν</span> <span class='ocrx_word' id='word_1_62' title='bbox 1643 1089 1784 1143; x_wconf 86' lang='grc' dir='ltr'>μαρ-</span> 
     </span>
    </p>
   </div>
   <div class='ocr_carea' id='block_1_10' title="bbox 235 1159 1785 1232">
    <p class='ocr_par' dir='ltr' id='par_1_10' title="bbox 235 1159 1785 1232">
     <span class='ocr_line' id='line_1_10' title="bbox 235 1159 1785 1232; baseline -0.001 -18"><span class='ocrx_word' id='word_1_63' title='bbox 235 1163 438 1229; x_wconf 63' lang='grc' dir='ltr'>τδρίαις</span> <span class='ocrx_word' id='word_1_64' title='bbox 463 1159 551 1212; x_wconf 81' lang='grc' dir='ltr'><strong>τὸν</strong></span> <span class='ocrx_word' id='word_1_65' title='bbox 576 1160 728 1229; x_wconf 88' lang='grc' dir='ltr'>λόγον</span> <span class='ocrx_word' id='word_1_66' title='bbox 760 1163 950 1216; x_wconf 78' lang='grc' dir='ltr'>ἐαυτοῦ</span> <span class='ocrx_word' id='word_1_67' title='bbox 994 1163 1403 1232; x_wconf 81' lang='grc' dir='ltr'>πιστωσάμενον</span> <span class='ocrx_word' id='word_1_68' title='bbox 1429 1202 1443 1229; x_wconf 90' lang='grc'><strong>,</strong></span> <span class='ocrx_word' id='word_1_69' title='bbox 1475 1164 1643 1227; x_wconf 83' lang='grc' dir='ltr'>οὑτως</span> <span class='ocrx_word' id='word_1_70' title='bbox 1694 1163 1785 1215; x_wconf 77' lang='grc' dir='ltr'><strong>ἐπὶ</strong></span> 
     </span>
    </p>
   </div>
   <div class='ocr_carea' id='block_1_11' title="bbox 234 1251 1783 1325">
    <p class='ocr_par' dir='ltr' id='par_1_11' title="bbox 234 1251 1783 1325">
     <span class='ocr_line' id='line_1_11' title="bbox 234 1251 1783 1325; baseline -0.001 -20"><span class='ocrx_word' id='word_1_71' title='bbox 234 1255 325 1323; x_wconf 77' lang='grc' dir='ltr'><strong>τὴν</strong></span> <span class='ocrx_word' id='word_1_72' title='bbox 354 1251 628 1323; x_wconf 78' lang='grc' dir='ltr'>διόρθωσιν</span> <span class='ocrx_word' id='word_1_73' title='bbox 667 1256 773 1307; x_wconf 79' lang='grc' dir='ltr'><strong>τῶν</strong></span> <span class='ocrx_word' id='word_1_74' title='bbox 817 1254 1215 1325; x_wconf 82' lang='grc' dir='ltr'><strong>ἀσθενεστέρων</strong></span> <span class='ocrx_word' id='word_1_75' title='bbox 1247 1255 1439 1321; x_wconf 78' lang='grc' dir='ltr'><strong>ἐλθεῖν,</strong></span> <span class='ocrx_word' id='word_1_76' title='bbox 1471 1256 1565 1308; x_wconf 75' lang='lat' dir='ltr'><strong>xal.</strong></span> <span class='ocrx_word' id='word_1_77' title='bbox 1595 1255 1691 1324; x_wconf 80' lang='grc' dir='ltr'><strong>τὴν</strong></span> <span class='ocrx_word' id='word_1_78' title='bbox 1721 1255 1783 1305; x_wconf 83' lang='grc' dir='ltr'><strong>ἐκ</strong></span> 
     </span>
    </p>
   </div>
   <div class='ocr_carea' id='block_1_12' title="bbox 234 1343 1785 1416">
    <p class='ocr_par' dir='ltr' id='par_1_12' title="bbox 234 1343 1785 1416">
     <span class='ocr_line' id='line_1_12' title="bbox 234 1343 1785 1416; baseline -0.001 -21"><span class='ocrx_word' id='word_1_79' title='bbox 234 1346 326 1413; x_wconf 80' lang='grc' dir='ltr'>τῆς</span> <span class='ocrx_word' id='word_1_80' title='bbox 362 1345 671 1415; x_wconf 79' lang='grc' dir='ltr'><strong>ὁμωνυμίας</strong></span> <span class='ocrx_word' id='word_1_81' title='bbox 704 1344 906 1415; x_wconf 77' lang='grc' dir='ltr'><strong>βλάϐην</strong></span> <span class='ocrx_word' id='word_1_82' title='bbox 945 1346 1459 1416; x_wconf 78' lang='grc' dir='ltr'><strong>παραμυθήσασθαι,</strong></span> <span class='ocrx_word' id='word_1_83' title='bbox 1500 1343 1653 1406; x_wconf 76' lang='grc' dir='ltr'>εἴτις</span> <span class='ocrx_word' id='word_1_84' title='bbox 1679 1343 1785 1413; x_wconf 83' lang='grc' dir='ltr'><strong>ἀρα</strong></span> 
     </span>
    </p>
   </div>
   <div class='ocr_carea' id='block_1_13' title="bbox 235 1432 1781 1504">
    <p class='ocr_par' dir='ltr' id='par_1_13' title="bbox 235 1432 1781 1504">
     <span class='ocr_line' id='line_1_13' title="bbox 235 1432 1781 1504; baseline 0.001 -21"><span class='ocrx_word' id='word_1_85' title='bbox 235 1432 418 1500; x_wconf 77' lang='grc' dir='ltr'>γέγονέ</span> <span class='ocrx_word' id='word_1_86' title='bbox 448 1435 573 1487; x_wconf 87' lang='grc' dir='ltr'><strong>ποτέ</strong></span> <span class='ocrx_word' id='word_1_87' title='bbox 598 1451 735 1486; x_wconf 85' lang='grc' dir='ltr'>τισιν</span> <span class='ocrx_word' id='word_1_88' title='bbox 775 1434 807 1501; x_wconf 84' lang='grc' dir='ltr'><strong>ἥ</strong></span> <span class='ocrx_word' id='word_1_89' title='bbox 844 1436 1161 1502; x_wconf 85' lang='grc' dir='ltr'>γενήσεται;</span> <span class='ocrx_word' id='word_1_90' title='bbox 1194 1436 1287 1498; x_wconf 89' lang='grc' dir='ltr'>Τίς</span> <span class='ocrx_word' id='word_1_91' title='bbox 1322 1434 1429 1504; x_wconf 81' lang='grc' dir='ltr'>γὰρ</span> <span class='ocrx_word' id='word_1_92' title='bbox 1468 1432 1608 1485; x_wconf 81' lang='grc' dir='ltr'>οὑτω</span> <span class='ocrx_word' id='word_1_93' title='bbox 1647 1449 1781 1485; x_wconf 84' lang='grc' dir='ltr'>παν-</span> 
     </span>
    </p>
   </div>
   <div class='ocr_carea' id='block_1_14' title="bbox 233 1521 1784 1597">
    <p class='ocr_par' dir='ltr' id='par_1_14' title="bbox 233 1521 1784 1597">
     <span class='ocr_line' id='line_1_14' title="bbox 233 1521 1784 1597; baseline 0.001 -24"><span class='ocrx_word' id='word_1_94' title='bbox 233 1521 394 1586; x_wconf 78' lang='grc' dir='ltr'>τελώς</span> <span class='ocrx_word' id='word_1_95' title='bbox 434 1525 683 1595; x_wconf 85' lang='grc' dir='ltr'>σάρκινος</span> <span class='ocrx_word' id='word_1_96' title='bbox 727 1523 837 1591; x_wconf 75' lang='grc'><strong>(27)</strong></span> <span class='ocrx_word' id='word_1_97' title='bbox 870 1524 965 1597; x_wconf 78' lang='grc' dir='ltr'>τὴν</span> <span class='ocrx_word' id='word_1_98' title='bbox 994 1525 1228 1579; x_wconf 82' lang='grc' dir='ltr'>διάνοιαν</span> <span class='ocrx_word' id='word_1_99' title='bbox 1250 1565 1263 1587; x_wconf 91' lang='grc'><strong>,</strong></span> <span class='ocrx_word' id='word_1_100' title='bbox 1292 1525 1385 1576; x_wconf 70' lang='grc' dir='ltr'>καὶ</span> <span class='ocrx_word' id='word_1_101' title='bbox 1418 1522 1574 1576; x_wconf 84' lang='grc' dir='ltr'>θείων</span> <span class='ocrx_word' id='word_1_102' title='bbox 1614 1523 1784 1590; x_wconf 84' lang='grc' dir='ltr'>λόγων</span> 
     </span>
    </p>
   </div>
   <div class='ocr_carea' id='block_1_15' title="bbox 233 1615 1785 1687">
    <p class='ocr_par' dir='ltr' id='par_1_15' title="bbox 233 1615 1785 1687">
     <span class='ocr_line' id='line_1_15' title="bbox 233 1615 1785 1687; baseline 0 -20"><span class='ocrx_word' id='word_1_103' title='bbox 233 1615 465 1687; x_wconf 77' lang='grc' dir='ltr'>ἄπειρος,</span> <span class='ocrx_word' id='word_1_104' title='bbox 502 1616 661 1677; x_wconf 83' lang='grc' dir='ltr'>ὥστε,</span> <span class='ocrx_word' id='word_1_105' title='bbox 706 1616 915 1670; x_wconf 77' lang='grc' dir='ltr'>ἀκούων</span> <span class='ocrx_word' id='word_1_106' title='bbox 960 1618 1109 1680; x_wconf 81' lang='grc' dir='ltr'>θείας</span> <span class='ocrx_word' id='word_1_107' title='bbox 1154 1618 1485 1685; x_wconf 81' lang='grc' dir='ltr'>γεννήσεως,</span> <span class='ocrx_word' id='word_1_108' title='bbox 1519 1615 1655 1685; x_wconf 84' lang='grc' dir='ltr'>πρὸς</span> <span class='ocrx_word' id='word_1_109' title='bbox 1687 1615 1785 1677; x_wconf 78' lang='grc' dir='ltr'><strong>τὰς</strong></span> 
     </span>
    </p>
   </div>
   <div class='ocr_carea' id='block_1_16' title="bbox 233 1702 1787 1782">
    <p class='ocr_par' dir='ltr' id='par_1_16' title="bbox 233 1702 1787 1782">
     <span class='ocr_line' id='line_1_16' title="bbox 233 1702 1787 1782; baseline -0.001 -22"><span class='ocrx_word' id='word_1_110' title='bbox 233 1709 541 1777; x_wconf 78' lang='grc' dir='ltr'>σωματικὰς</span> <span class='ocrx_word' id='word_1_111' title='bbox 591 1710 987 1782; x_wconf 70' lang='grc' dir='ltr'>καταφέρεσθαι</span> <span class='ocrx_word' id='word_1_112' title='bbox 1044 1710 1363 1777; x_wconf 73' lang='grc' dir='ltr'>φαντασίας,</span> <span class='ocrx_word' id='word_1_113' title='bbox 1407 1710 1465 1760; x_wconf 87' lang='grc' dir='ltr'><strong>ἐν</strong></span> <span class='ocrx_word' id='word_1_114' title='bbox 1509 1702 1596 1769; x_wconf 76' lang='grc' dir='ltr'><strong>αἷς</strong></span> <span class='ocrx_word' id='word_1_115' title='bbox 1653 1724 1787 1776; x_wconf 82' lang='grc' dir='ltr'>συμ-</span> 
     </span>
    </p>
   </div>
   <div class='ocr_carea' id='block_1_17' title="bbox 233 1798 1786 1870">
    <p class='ocr_par' dir='ltr' id='par_1_17' title="bbox 233 1798 1786 1870">
     <span class='ocr_line' id='line_1_17' title="bbox 233 1798 1786 1870; baseline 0.005 -23"><span class='ocrx_word' id='word_1_116' title='bbox 233 1800 397 1868; x_wconf 85' lang='grc' dir='ltr'>πλοκὴ</span> <span class='ocrx_word' id='word_1_117' title='bbox 434 1798 532 1867; x_wconf 78' lang='grc' dir='ltr'><strong>μὲν</strong></span> <span class='ocrx_word' id='word_1_118' title='bbox 555 1800 777 1870; x_wconf 73' lang='grc' dir='ltr'>ἄρρενος</span> <span class='ocrx_word' id='word_1_119' title='bbox 807 1800 942 1870; x_wconf 82' lang='grc' dir='ltr'>πρὸς</span> <span class='ocrx_word' id='word_1_120' title='bbox 989 1800 1048 1851; x_wconf 85' lang='grc' dir='ltr'>τὸ</span> <span class='ocrx_word' id='word_1_121' title='bbox 1095 1798 1247 1869; x_wconf 82' lang='grc' dir='ltr'>θῆλυ,</span> <span class='ocrx_word' id='word_1_122' title='bbox 1282 1799 1475 1867; x_wconf 83' lang='grc' dir='ltr'><strong>κύησις</strong></span> <span class='ocrx_word' id='word_1_123' title='bbox 1501 1798 1556 1851; x_wconf 81' lang='grc' dir='ltr'><strong>δέ</strong></span> <span class='ocrx_word' id='word_1_124' title='bbox 1591 1800 1648 1852; x_wconf 89' lang='grc' dir='ltr'><strong>ἐν</strong></span> <span class='ocrx_word' id='word_1_125' title='bbox 1682 1798 1786 1870; x_wconf 84' lang='grc' dir='ltr'>μή·</span> 
     </span>
    </p>
   </div>
   <div class='ocr_carea' id='block_1_18' title="bbox 231 1889 1786 1960">
    <p class='ocr_par' dir='ltr' id='par_1_18' title="bbox 231 1889 1786 1960">
     <span class='ocr_line' id='line_1_18' title="bbox 231 1889 1786 1960; baseline 0.002 -19"><span class='ocrx_word' id='word_1_126' title='bbox 231 1907 365 1960; x_wconf 78' lang='grc' dir='ltr'>τρᾳ,</span> <span class='ocrx_word' id='word_1_127' title='bbox 394 1890 485 1941; x_wconf 65' lang='grc' dir='ltr'><strong>καλ⁹</strong></span> <span class='ocrx_word' id='word_1_128' title='bbox 515 1890 815 1955; x_wconf 73' lang='grc' dir='ltr'>διάπλασις,</span> <span class='ocrx_word' id='word_1_129' title='bbox 862 1891 955 1942; x_wconf 73' lang='grc' dir='ltr'><strong>καὶ</strong></span> <span class='ocrx_word' id='word_1_130' title='bbox 997 1889 1304 1960; x_wconf 87' lang='grc' dir='ltr'>μόρφωσις,</span> <span class='ocrx_word' id='word_1_131' title='bbox 1362 1892 1454 1943; x_wconf 79' lang='grc' dir='ltr'>καὶ</span> <span class='ocrx_word' id='word_1_132' title='bbox 1492 1893 1604 1955; x_wconf 85' lang='grc' dir='ltr'>τοῖς</span> <span class='ocrx_word' id='word_1_133' title='bbox 1652 1890 1786 1944; x_wconf 83' lang='grc' dir='ltr'>καθ-</span> 
     </span>
    </p>
   </div>
   <div class='ocr_carea' id='block_1_19' title="bbox 1884 705 3428 763">
    <p class='ocr_par' dir='ltr' id='par_1_19' title="bbox 1884 705 3428 763">
     <span class='ocr_line' id='line_1_19' title="bbox 1884 705 3428 763; baseline 0.001 -5"><span class='ocrx_word' id='word_1_134' title='bbox 1884 713 2082 759; x_wconf 79' lang='lat' dir='ltr'><strong>nostra:</strong></span> <span class='ocrx_word' id='word_1_135' title='bbox 2122 705 2206 759; x_wconf 84' lang='lat' dir='ltr'><strong>bis</strong></span> <span class='ocrx_word' id='word_1_136' title='bbox 2237 707 2563 763; x_wconf 77' lang='lat' dir='ltr'><strong>clamoribus</strong></span> <span class='ocrx_word' id='word_1_137' title='bbox 2613 706 3074 760; x_wconf 70' lang='lat' dir='ltr'><strong>circumsonantes</strong></span> <span class='ocrx_word' id='word_1_138' title='bbox 3115 705 3428 761; x_wconf 90' lang='lat' dir='ltr'><strong>obsurduis-</strong></span> 
     </span>
    </p>
   </div>
   <div class='ocr_carea' id='block_1_20' title="bbox 1882 796 3429 869">
    <p class='ocr_par' dir='ltr' id='par_1_20' title="bbox 1882 796 3429 869">
     <span class='ocr_line' id='line_1_20' title="bbox 1882 796 3429 869; baseline -0.001 -18"><span class='ocrx_word' id='word_1_139' title='bbox 1882 796 2041 851; x_wconf 83' lang='lat' dir='ltr'><strong>sent?</strong></span> <span class='ocrx_word' id='word_1_140' title='bbox 2077 796 2277 850; x_wconf 87' lang='lat' dir='ltr'><strong>Deinde</strong></span> <span class='ocrx_word' id='word_1_141' title='bbox 2319 801 2393 851; x_wconf 92' lang='lat' dir='ltr'><strong>ait</strong></span> <span class='ocrx_word' id='word_1_142' title='bbox 2432 813 2655 855; x_wconf 89' lang='lat' dir='ltr'><strong>necesse</strong></span> <span class='ocrx_word' id='word_1_143' title='bbox 2687 796 2788 851; x_wconf 89' lang='lat' dir='ltr'><strong>sibi</strong></span> <span class='ocrx_word' id='word_1_144' title='bbox 2828 811 2948 851; x_wconf 89' lang='lat' dir='ltr'><strong>esse</strong></span> <span class='ocrx_word' id='word_1_145' title='bbox 2978 806 3197 868; x_wconf 77' lang='lat' dir='ltr'><strong>propter</strong></span> <span class='ocrx_word' id='word_1_146' title='bbox 3219 812 3313 853; x_wconf 88' lang='lat' dir='ltr'><strong>eos</strong></span> <span class='ocrx_word' id='word_1_147' title='bbox 3339 797 3429 869; x_wconf 88' lang='lat' dir='ltr'><strong>qui</strong></span> 
     </span>
    </p>
   </div>
   <div class='ocr_carea' id='block_1_21' title="bbox 1883 885 3429 958">
    <p class='ocr_par' dir='ltr' id='par_1_21' title="bbox 1883 885 3429 958">
     <span class='ocr_line' id='line_1_21' title="bbox 1883 885 3429 958; baseline 0.001 -19"><span class='ocrx_word' id='word_1_148' title='bbox 1883 901 2197 953; x_wconf 85' lang='lat' dir='ltr'><strong>corpoream</strong></span> <span class='ocrx_word' id='word_1_149' title='bbox 2254 885 2463 940; x_wconf 87' lang='lat' dir='ltr'><strong>Domini</strong></span> <span class='ocrx_word' id='word_1_150' title='bbox 2530 888 2927 958; x_wconf 79' lang='lat' dir='ltr'><strong>generationem</strong></span> <span class='ocrx_word' id='word_1_151' title='bbox 2996 887 3328 957; x_wconf 86' lang='lat' dir='ltr'><strong>intelligunt,</strong></span> <span class='ocrx_word' id='word_1_152' title='bbox 3380 898 3429 940; x_wconf 90' lang='lat' dir='ltr'><strong>et</strong></span> 
     </span>
    </p>
   </div>
   <div class='ocr_carea' id='block_1_22' title="bbox 1883 976 3431 1047">
    <p class='ocr_par' dir='ltr' id='par_1_22' title="bbox 1883 976 3431 1047">
     <span class='ocr_line' id='line_1_22' title="bbox 1883 976 3431 1047; baseline -0.001 -18"><span class='ocrx_word' id='word_1_153' title='bbox 1883 976 2078 1046; x_wconf 84' lang='lat' dir='ltr'><strong>quibus</strong></span> <span class='ocrx_word' id='word_1_154' title='bbox 2109 991 2268 1031; x_wconf 90' lang='lat' dir='ltr'><strong>voccs</strong></span> <span class='ocrx_word' id='word_1_155' title='bbox 2293 977 2552 1047; x_wconf 77' lang='lat' dir='ltr'><strong>ambiguae</strong></span> <span class='ocrx_word' id='word_1_156' title='bbox 2580 991 2704 1035; x_wconf 90' lang='lat' dir='ltr'><strong>sunt</strong></span> <span class='ocrx_word' id='word_1_157' title='bbox 2731 977 3035 1039; x_wconf 81' lang='lat' dir='ltr'><strong>offensioni,</strong></span> <span class='ocrx_word' id='word_1_158' title='bbox 3068 978 3133 1029; x_wconf 91' lang='lat' dir='ltr'><strong>de</strong></span> <span class='ocrx_word' id='word_1_159' title='bbox 3161 977 3245 1031; x_wconf 87' lang='lat' dir='ltr'><strong>bis</strong></span> <span class='ocrx_word' id='word_1_160' title='bbox 3271 977 3431 1029; x_wconf 89' lang='lat' dir='ltr'><strong>etiam</strong></span> 
     </span>
    </p>
   </div>
   <div class='ocr_carea' id='block_1_23' title="bbox 1884 1068 3435 1138">
    <p class='ocr_par' dir='ltr' id='par_1_23' title="bbox 1884 1068 3435 1138">
     <span class='ocr_line' id='line_1_23' title="bbox 1884 1068 3435 1138; baseline 0.001 -18"><span class='ocrx_word' id='word_1_161' title='bbox 1884 1068 2122 1122; x_wconf 87' lang='lat' dir='ltr'><strong>breviter</strong></span> <span class='ocrx_word' id='word_1_162' title='bbox 2136 1069 2333 1123; x_wconf 91' lang='lat' dir='ltr'><strong>dicere.</strong></span> <span class='ocrx_word' id='word_1_163' title='bbox 2356 1068 2460 1123; x_wconf 89' lang='lat' dir='ltr'><strong>Sed</strong></span> <span class='ocrx_word' id='word_1_164' title='bbox 2490 1069 2619 1138; x_wconf 87' lang='lat' dir='ltr'><strong>quid</strong></span> <span class='ocrx_word' id='word_1_165' title='bbox 2645 1074 2874 1136; x_wconf 88' lang='lat' dir='ltr'><strong>vetabat,</strong></span> <span class='ocrx_word' id='word_1_166' title='bbox 2896 1071 3104 1126; x_wconf 83' lang='lat' dir='ltr'><strong>firmata</strong></span> <span class='ocrx_word' id='word_1_167' title='bbox 3139 1070 3435 1138; x_wconf 74' lang='lat' dir='ltr'><strong>Scriptum</strong></span> 
     </span>
    </p>
   </div>
   <div class='ocr_carea' id='block_1_24' title="bbox 1885 1159 3435 1225">
    <p class='ocr_par' dir='ltr' id='par_1_24' title="bbox 1885 1159 3435 1225">
     <span class='ocr_line' id='line_1_24' title="bbox 1885 1159 3435 1225; baseline 0.003 -16"><span class='ocrx_word' id='word_1_168' title='bbox 1885 1159 2204 1213; x_wconf 90' lang='lat' dir='ltr'><strong>testimoniis</strong></span> <span class='ocrx_word' id='word_1_169' title='bbox 2228 1161 2473 1214; x_wconf 88' lang='lat' dir='ltr'><strong>oratione</strong></span> <span class='ocrx_word' id='word_1_170' title='bbox 2510 1175 2625 1225; x_wconf 87' lang='lat' dir='ltr'><strong>sua,</strong></span> <span class='ocrx_word' id='word_1_171' title='bbox 2673 1162 2740 1213; x_wconf 91' lang='lat' dir='ltr'><strong>ita</strong></span> <span class='ocrx_word' id='word_1_172' title='bbox 2774 1165 2985 1216; x_wconf 86' lang='lat' dir='ltr'><strong>demum</strong></span> <span class='ocrx_word' id='word_1_173' title='bbox 3018 1163 3084 1215; x_wconf 88' lang='lat' dir='ltr'><strong>ad</strong></span> <span class='ocrx_word' id='word_1_174' title='bbox 3114 1161 3435 1216; x_wconf 85' lang='lat' dir='ltr'><strong>debiliorum</strong></span> 
     </span>
    </p>
   </div>
   <div class='ocr_carea' id='block_1_25' title="bbox 1882 1252 3437 1323">
    <p class='ocr_par' dir='ltr' id='par_1_25' title="bbox 1882 1252 3437 1323">
     <span class='ocr_line' id='line_1_25' title="bbox 1882 1252 3437 1323; baseline 0 -20"><span class='ocrx_word' id='word_1_175' title='bbox 1882 1254 2309 1307; x_wconf 79' lang='lat' dir='ltr'><strong>emendationem</strong></span> <span class='ocrx_word' id='word_1_176' title='bbox 2341 1254 2621 1315; x_wconf 72' lang='lat' dir='ltr'><strong>accndere,</strong></span> <span class='ocrx_word' id='word_1_177' title='bbox 2655 1263 2816 1322; x_wconf 90' lang='lat' dir='ltr'><strong>atque</strong></span> <span class='ocrx_word' id='word_1_178' title='bbox 2849 1266 3022 1310; x_wconf 88' lang='lat' dir='ltr'><strong>ortam</strong></span> <span class='ocrx_word' id='word_1_179' title='bbox 3065 1271 3129 1310; x_wconf 82' lang='lat' dir='ltr'><strong>ex</strong></span> <span class='ocrx_word' id='word_1_180' title='bbox 3168 1252 3437 1323; x_wconf 76' lang='lat' dir='ltr'><strong>ambiguis</strong></span> 
     </span>
    </p>
   </div>
   <div class='ocr_carea' id='block_1_26' title="bbox 1884 1342 3436 1414">
    <p class='ocr_par' dir='ltr' id='par_1_26' title="bbox 1884 1342 3436 1414">
     <span class='ocr_line' id='line_1_26' title="bbox 1884 1342 3436 1414; baseline 0.001 -21"><span class='ocrx_word' id='word_1_181' title='bbox 1884 1344 2101 1397; x_wconf 86' lang='lat' dir='ltr'><strong>vocibus</strong></span> <span class='ocrx_word' id='word_1_182' title='bbox 2126 1342 2414 1413; x_wconf 76' lang='lat' dir='ltr'><strong>perniciem</strong></span> <span class='ocrx_word' id='word_1_183' title='bbox 2455 1344 2715 1407; x_wconf 85' lang='lat' dir='ltr'><strong>emollire,</strong></span> <span class='ocrx_word' id='word_1_184' title='bbox 2752 1344 2796 1397; x_wconf 88' lang='lat' dir='ltr'><strong>si</strong></span> <span class='ocrx_word' id='word_1_185' title='bbox 2838 1359 2946 1413; x_wconf 88' lang='lat' dir='ltr'><strong>qua</strong></span> <span class='ocrx_word' id='word_1_186' title='bbox 2989 1354 3161 1400; x_wconf 91' lang='lat' dir='ltr'><strong>tamen</strong></span> <span class='ocrx_word' id='word_1_187' title='bbox 3201 1358 3436 1414; x_wconf 85' lang='lat' dir='ltr'><strong>unquam</strong></span> 
     </span>
    </p>
   </div>
   <div class='ocr_carea' id='block_1_27' title="bbox 1885 1434 3436 1500">
    <p class='ocr_par' dir='ltr' id='par_1_27' title="bbox 1885 1434 3436 1500">
     <span class='ocr_line' id='line_1_27' title="bbox 1885 1434 3436 1500; baseline 0.003 -15"><span class='ocrx_word' id='word_1_188' title='bbox 1885 1434 1975 1487; x_wconf 95' lang='lat' dir='ltr'><strong>ulli</strong></span> <span class='ocrx_word' id='word_1_189' title='bbox 2006 1437 2199 1490; x_wconf 89' lang='lat' dir='ltr'><strong>accidit</strong></span> <span class='ocrx_word' id='word_1_190' title='bbox 2228 1444 2318 1489; x_wconf 90' lang='lat' dir='ltr'><strong>aut</strong></span> <span class='ocrx_word' id='word_1_191' title='bbox 2347 1436 2547 1490; x_wconf 87' lang='lat' dir='ltr'><strong>accidet</strong></span> <span class='ocrx_word' id='word_1_192' title='bbox 2569 1436 2591 1489; x_wconf 93' lang='lat'><strong>?</strong></span> <span class='ocrx_word' id='word_1_193' title='bbox 2612 1436 2741 1500; x_wconf 86' lang='lat' dir='ltr'><strong>Quis</strong></span> <span class='ocrx_word' id='word_1_194' title='bbox 2768 1437 2908 1490; x_wconf 85' lang='lat' dir='ltr'><strong>enim</strong></span> <span class='ocrx_word' id='word_1_195' title='bbox 2933 1436 3010 1489; x_wconf 91' lang='lat' dir='ltr'><strong>sic</strong></span> <span class='ocrx_word' id='word_1_196' title='bbox 3034 1438 3249 1492; x_wconf 79' lang='lat' dir='ltr'><strong>omnino</strong></span> <span class='ocrx_word' id='word_1_197' title='bbox 3282 1451 3436 1492; x_wconf 91' lang='lat' dir='ltr'><strong>men-</strong></span> 
     </span>
    </p>
   </div>
   <div class='ocr_carea' id='block_1_28' title="bbox 1887 1525 3437 1594">
    <p class='ocr_par' dir='ltr' id='par_1_28' title="bbox 1887 1525 3437 1594">
     <span class='ocr_line' id='line_1_28' title="bbox 1887 1525 3437 1594; baseline 0.002 -17"><span class='ocrx_word' id='word_1_198' title='bbox 1887 1535 1935 1577; x_wconf 86' lang='lat' dir='ltr'><strong>te</strong></span> <span class='ocrx_word' id='word_1_199' title='bbox 1962 1527 2195 1580; x_wconf 91' lang='lat' dir='ltr'><strong>carnalis</strong></span> <span class='ocrx_word' id='word_1_200' title='bbox 2221 1536 2323 1587; x_wconf 85' lang='lat' dir='ltr'><strong>est,</strong></span> <span class='ocrx_word' id='word_1_201' title='bbox 2355 1536 2408 1580; x_wconf 90' lang='lat' dir='ltr'><strong>et</strong></span> <span class='ocrx_word' id='word_1_202' title='bbox 2454 1527 2525 1578; x_wconf 91' lang='lat' dir='ltr'><strong>ita</strong></span> <span class='ocrx_word' id='word_1_203' title='bbox 2557 1525 2857 1579; x_wconf 83' lang='lat' dir='ltr'><strong>divinarum</strong></span> <span class='ocrx_word' id='word_1_204' title='bbox 2902 1525 3302 1594; x_wconf 88' lang='lat' dir='ltr'><strong>Scripturarum</strong></span> <span class='ocrx_word' id='word_1_205' title='bbox 3349 1542 3437 1580; x_wconf 85' lang='lat' dir='ltr'><strong>ru-</strong></span> 
     </span>
    </p>
   </div>
   <div class='ocr_carea' id='block_1_29' title="bbox 1886 1617 3443 1687">
    <p class='ocr_par' dir='ltr' id='par_1_29' title="bbox 1886 1617 3443 1687">
     <span class='ocr_line' id='line_1_29' title="bbox 1886 1617 3443 1687; baseline 0.001 -18"><span class='ocrx_word' id='word_1_206' title='bbox 1886 1619 1986 1677; x_wconf 85' lang='lat' dir='ltr'><strong>dis,</strong></span> <span class='ocrx_word' id='word_1_207' title='bbox 2045 1625 2121 1682; x_wconf 93' lang='lat' dir='ltr'><strong>ut,</strong></span> <span class='ocrx_word' id='word_1_208' title='bbox 2160 1617 2339 1671; x_wconf 90' lang='lat' dir='ltr'><strong>divina</strong></span> <span class='ocrx_word' id='word_1_209' title='bbox 2382 1619 2725 1687; x_wconf 78' lang='lat' dir='ltr'><strong>generatione</strong></span> <span class='ocrx_word' id='word_1_210' title='bbox 2770 1617 2979 1683; x_wconf 84' lang='lat' dir='ltr'><strong>audita,</strong></span> <span class='ocrx_word' id='word_1_211' title='bbox 3030 1618 3095 1671; x_wconf 88' lang='lat' dir='ltr'><strong>ad</strong></span> <span class='ocrx_word' id='word_1_212' title='bbox 3148 1631 3443 1684; x_wconf 86' lang='lat' dir='ltr'><strong>corporeas</strong></span> 
     </span>
    </p>
   </div>
   <div class='ocr_carea' id='block_1_30' title="bbox 1887 1708 3442 1778">
    <p class='ocr_par' dir='ltr' id='par_1_30' title="bbox 1887 1708 3442 1778">
     <span class='ocr_line' id='line_1_30' title="bbox 1887 1708 3442 1778; baseline -0.002 -16"><span class='ocrx_word' id='word_1_213' title='bbox 1887 1709 2145 1778; x_wconf 86' lang='lat' dir='ltr'><strong>imagines</strong></span> <span class='ocrx_word' id='word_1_214' title='bbox 2176 1708 2470 1773; x_wconf 81' lang='lat' dir='ltr'><strong>deferatur,</strong></span> <span class='ocrx_word' id='word_1_215' title='bbox 2503 1710 2555 1763; x_wconf 92' lang='lat' dir='ltr'><strong>in</strong></span> <span class='ocrx_word' id='word_1_216' title='bbox 2584 1708 2779 1778; x_wconf 89' lang='lat' dir='ltr'><strong>quibus</strong></span> <span class='ocrx_word' id='word_1_217' title='bbox 2809 1722 3131 1775; x_wconf 83' lang='lat' dir='ltr'><strong>congressus</strong></span> <span class='ocrx_word' id='word_1_218' title='bbox 3162 1708 3233 1762; x_wconf 88' lang='lat' dir='ltr'><strong>sit</strong></span> <span class='ocrx_word' id='word_1_219' title='bbox 3255 1708 3352 1759; x_wconf 75' lang='lat' dir='ltr'><strong>viri</strong></span> <span class='ocrx_word' id='word_1_220' title='bbox 3385 1717 3442 1761; x_wconf 73' lang='lat' dir='ltr'><strong>et</strong></span> 
     </span>
    </p>
   </div>
   <div class='ocr_carea' id='block_1_31' title="bbox 1887 1799 3445 1869">
    <p class='ocr_par' dir='ltr' id='par_1_31' title="bbox 1887 1799 3445 1869">
     <span class='ocr_line' id='line_1_31' title="bbox 1887 1799 3445 1869; baseline -0.003 -14"><span class='ocrx_word' id='word_1_221' title='bbox 1887 1802 2150 1863; x_wconf 88' lang='lat' dir='ltr'><strong>mulieris,</strong></span> <span class='ocrx_word' id='word_1_222' title='bbox 2185 1802 2466 1869; x_wconf 90' lang='lat' dir='ltr'><strong>conceptio</strong></span> <span class='ocrx_word' id='word_1_223' title='bbox 2506 1803 2557 1855; x_wconf 92' lang='lat' dir='ltr'><strong>in</strong></span> <span class='ocrx_word' id='word_1_224' title='bbox 2588 1813 2761 1867; x_wconf 88' lang='lat' dir='ltr'><strong>utero,</strong></span> <span class='ocrx_word' id='word_1_225' title='bbox 2795 1800 3171 1866; x_wconf 74' lang='lat' dir='ltr'><strong>conformatio,</strong></span> <span class='ocrx_word' id='word_1_226' title='bbox 3203 1799 3445 1869; x_wconf 66' lang='lat' dir='ltr'><strong>configuo</strong></span> 
     </span>
    </p>
   </div>
   <div class='ocr_carea' id='block_1_32' title="bbox 1888 1890 3444 1964">
    <p class='ocr_par' dir='ltr' id='par_1_32' title="bbox 1888 1890 3444 1964">
     <span class='ocr_line' id='line_1_32' title="bbox 1888 1890 3444 1964; baseline -0.001 -19"><span class='ocrx_word' id='word_1_227' title='bbox 1888 1894 2049 1959; x_wconf 80' lang='lat' dir='ltr'><strong>ratio,</strong></span> <span class='ocrx_word' id='word_1_228' title='bbox 2081 1908 2145 1948; x_wconf 87' lang='lat' dir='ltr'><strong>ac</strong></span> <span class='ocrx_word' id='word_1_229' title='bbox 2176 1893 2370 1948; x_wconf 90' lang='lat' dir='ltr'><strong>debitis</strong></span> <span class='ocrx_word' id='word_1_230' title='bbox 2419 1896 2749 1962; x_wconf 89' lang='lat' dir='ltr'><strong>temporibus</strong></span> <span class='ocrx_word' id='word_1_231' title='bbox 2780 1908 3095 1964; x_wconf 85' lang='lat' dir='ltr'><strong>progressus</strong></span> <span class='ocrx_word' id='word_1_232' title='bbox 3134 1893 3185 1947; x_wconf 92' lang='lat' dir='ltr'><strong>in</strong></span> <span class='ocrx_word' id='word_1_233' title='bbox 3227 1890 3444 1945; x_wconf 75' lang='lat' dir='ltr'><strong>lucent?</strong></span> 
     </span>
    </p>
   </div>
   <div class='ocr_carea' id='block_1_33' title="bbox 232 1977 1902 2055">
    <p class='ocr_par' dir='ltr' id='par_1_33' title="bbox 232 1977 1902 2055">
     <span class='ocr_line' id='line_1_33' title="bbox 232 1977 1902 2055; baseline 0.002 -22"><span class='ocrx_word' id='word_1_234' title='bbox 232 1983 416 2051; x_wconf 79' lang='grc' dir='ltr'>ήχουσι</span> <span class='ocrx_word' id='word_1_235' title='bbox 459 1985 665 2055; x_wconf 79' lang='grc' dir='ltr'>χρόνοις</span> <span class='ocrx_word' id='word_1_236' title='bbox 718 1984 936 2053; x_wconf 78' lang='grc' dir='ltr'><strong>πρόοδος</strong></span> <span class='ocrx_word' id='word_1_237' title='bbox 982 1985 1059 2046; x_wconf 77' lang='grc' dir='ltr'>εἰς</span> <span class='ocrx_word' id='word_1_238' title='bbox 1084 1983 1141 2035; x_wconf 83' lang='grc' dir='ltr'><strong>τὸ</strong></span> <span class='ocrx_word' id='word_1_239' title='bbox 1169 1982 1271 2047; x_wconf 76' lang='grc' dir='ltr'>ἔξω</span> <span class='ocrx_word' id='word_1_240' title='bbox 1311 1982 1456 2053; x_wconf 73' lang='grc'><strong>(28);</strong></span> <span class='ocrx_word' id='word_1_241' title='bbox 1509 1984 1603 2043; x_wconf 83' lang='grc' dir='ltr'>Τίς</span> <span class='ocrx_word' id='word_1_242' title='bbox 1651 1981 1791 2035; x_wconf 73' lang='grc' dir='ltr'>οὓτω</span> <span class='ocrx_word' id='word_1_243' title='bbox 1822 1977 1902 2037; x_wconf 85' lang='lat' dir='ltr'><strong>Bl</strong></span> 
     </span>
    </p>
   </div>
   <div class='ocr_carea' id='block_1_34' title="bbox 1769 1977 3439 2055">
    <p class='ocr_par' dir='ltr' id='par_1_34' title="bbox 1769 1977 3439 2052">
     <span class='ocr_line' id='line_1_34' title="bbox 1769 1977 3439 2052; baseline -0.001 -13"><span class='ocrx_word' id='word_1_244' title='bbox 1769 2001 1791 2035; x_wconf 88' lang='grc' dir='ltr'>ι›</span> <span class='ocrx_word' id='word_1_245' title='bbox 1822 1977 1863 2033; x_wconf 89' lang='grc' dir='ltr'><strong>Β</strong></span> <span class='ocrx_word' id='word_1_246' title='bbox 1893 1986 2024 2052; x_wconf 88' lang='lat' dir='ltr'><strong>Quis</strong></span> <span class='ocrx_word' id='word_1_247' title='bbox 2067 1986 2200 2041; x_wconf 89' lang='lat' dir='ltr'><strong>adeo</strong></span> <span class='ocrx_word' id='word_1_248' title='bbox 2229 1984 2515 2050; x_wconf 88' lang='lat' dir='ltr'><strong>belluinus,</strong></span> <span class='ocrx_word' id='word_1_249' title='bbox 2539 1996 2620 2050; x_wconf 89' lang='lat' dir='ltr'><strong>ut,</strong></span> <span class='ocrx_word' id='word_1_250' title='bbox 2651 1986 2773 2041; x_wconf 88' lang='lat' dir='ltr'><strong>dum</strong></span> <span class='ocrx_word' id='word_1_251' title='bbox 2819 1988 2966 2040; x_wconf 82' lang='lat' dir='ltr'><strong>audit</strong></span> <span class='ocrx_word' id='word_1_252' title='bbox 3008 1986 3171 2041; x_wconf 85' lang='lat' dir='ltr'><strong>Deum</strong></span> <span class='ocrx_word' id='word_1_253' title='bbox 3208 1983 3439 2039; x_wconf 86' lang='lat' dir='ltr'><strong>Verbum</strong></span> 
     </span>
    </p>
   </div>
   <div class='ocr_carea' id='block_1_35' title="bbox 233 2074 1790 2147">
    <p class='ocr_par' dir='ltr' id='par_1_35' title="bbox 233 2074 1790 2147">
     <span class='ocr_line' id='line_1_35' title="bbox 233 2074 1790 2147; baseline 0 -22"><span class='ocrx_word' id='word_1_254' title='bbox 233 2074 523 2146; x_wconf 84' lang='grc' dir='ltr'>κτηνὼδης,</span> <span class='ocrx_word' id='word_1_255' title='bbox 544 2076 704 2139; x_wconf 81' lang='grc' dir='ltr'>ὥστε,</span> <span class='ocrx_word' id='word_1_256' title='bbox 732 2075 941 2128; x_wconf 79' lang='grc' dir='ltr'>ἀκούων</span> <span class='ocrx_word' id='word_1_257' title='bbox 973 2075 1104 2129; x_wconf 79' lang='grc' dir='ltr'>Θεὸν</span> <span class='ocrx_word' id='word_1_258' title='bbox 1129 2076 1297 2144; x_wconf 83' lang='grc' dir='ltr'><strong>Λόγον</strong></span> <span class='ocrx_word' id='word_1_259' title='bbox 1333 2078 1396 2129; x_wconf 87' lang='grc' dir='ltr'>ἐκ</span> <span class='ocrx_word' id='word_1_260' title='bbox 1437 2075 1567 2128; x_wconf 86' lang='grc' dir='ltr'><strong>Θεοῦ</strong></span> <span class='ocrx_word' id='word_1_261' title='bbox 1598 2074 1790 2147; x_wconf 84' lang='grc' dir='ltr'>προελ-</span> 
     </span>
    </p>
   </div>
   <div class='ocr_carea' id='block_1_36' title="bbox 234 2163 1790 2237">
    <p class='ocr_par' dir='ltr' id='par_1_36' title="bbox 234 2163 1790 2237">
     <span class='ocr_line' id='line_1_36' title="bbox 234 2163 1790 2237; baseline -0.001 -20"><span class='ocrx_word' id='word_1_262' title='bbox 234 2163 406 2229; x_wconf 87' lang='grc' dir='ltr'>θόντα,</span> <span class='ocrx_word' id='word_1_263' title='bbox 448 2167 658 2219; x_wconf 77' lang='grc' dir='ltr'>ἀκούων</span> <span class='ocrx_word' id='word_1_264' title='bbox 692 2165 745 2218; x_wconf 81' lang='grc' dir='ltr'>δὲ</span> <span class='ocrx_word' id='word_1_265' title='bbox 773 2167 959 2235; x_wconf 77' lang='grc' dir='ltr'>σοφίαν</span> <span class='ocrx_word' id='word_1_266' title='bbox 988 2170 1051 2221; x_wconf 81' lang='grc' dir='ltr'>ὲκ</span> <span class='ocrx_word' id='word_1_267' title='bbox 1078 2167 1211 2221; x_wconf 79' lang='grc' dir='ltr'>Θεοῦ</span> <span class='ocrx_word' id='word_1_268' title='bbox 1250 2168 1619 2237; x_wconf 81' lang='grc' dir='ltr'>γεννηθεῖσαν,</span> <span class='ocrx_word' id='word_1_269' title='bbox 1655 2166 1790 2236; x_wconf 67' lang='grc' dir='ltr'>πρὸς</span> 
     </span>
    </p>
   </div>
   <div class='ocr_carea' id='block_1_37' title="bbox 228 2256 1599 2328">
    <p class='ocr_par' dir='ltr' id='par_1_37' title="bbox 228 2256 1599 2328">
     <span class='ocr_line' id='line_1_37' title="bbox 228 2256 1599 2328; baseline -0.002 -19"><span class='ocrx_word' id='word_1_270' title='bbox 228 2256 297 2309; x_wconf 84' lang='grc' dir='ltr'>τὰ</span> <span class='ocrx_word' id='word_1_271' title='bbox 323 2256 568 2325; x_wconf 86' lang='grc' dir='ltr'>σώματος</span> <span class='ocrx_word' id='word_1_272' title='bbox 598 2256 741 2328; x_wconf 82' lang='grc' dir='ltr'>πάθη</span> <span class='ocrx_word' id='word_1_273' title='bbox 769 2262 879 2321; x_wconf 85' lang='grc' dir='ltr'>τοῖς</span> <span class='ocrx_word' id='word_1_274' title='bbox 909 2258 1183 2325; x_wconf 84' lang='grc' dir='ltr'>λογισμοῖς</span> <span class='ocrx_word' id='word_1_275' title='bbox 1209 2257 1599 2318; x_wconf 82' lang='grc' dir='ltr'>καταπίπτειν;</span> 
     </span>
    </p>
   </div>
   <div class='ocr_carea' id='block_1_38' title="bbox 298 2345 1790 2417">
    <p class='ocr_par' dir='ltr' id='par_1_38' title="bbox 298 2345 1790 2417">
     <span class='ocr_line' id='line_1_38' title="bbox 298 2345 1790 2417; baseline -0.002 -19"><span class='ocrx_word' id='word_1_276' title='bbox 298 2346 348 2398; x_wconf 84' lang='grc'><strong>6.</strong></span> <span class='ocrx_word' id='word_1_277' title='bbox 398 2347 553 2400; x_wconf 82' lang='grc' dir='ltr'>Ἀλλὰ</span> <span class='ocrx_word' id='word_1_278' title='bbox 590 2349 865 2400; x_wconf 74' lang='grc' dir='ltr'>καὶτοῦτο</span> <span class='ocrx_word' id='word_1_279' title='bbox 896 2348 1035 2417; x_wconf 85' lang='grc' dir='ltr'><strong>μετά</strong></span> <span class='ocrx_word' id='word_1_280' title='bbox 1061 2347 1169 2399; x_wconf 81' lang='grc' dir='ltr'><strong>τῶν</strong></span> <span class='ocrx_word' id='word_1_281' title='bbox 1212 2346 1386 2399; x_wconf 82' lang='grc' dir='ltr'>ἄλλων</span> <span class='ocrx_word' id='word_1_282' title='bbox 1440 2345 1790 2417; x_wconf 79' lang='grc' dir='ltr'>εὐπρόσωπον</span> 
     </span>
    </p>
   </div>
   <div class='ocr_carea' id='block_1_39' title="bbox 231 2437 1793 2509">
    <p class='ocr_par' dir='ltr' id='par_1_39' title="bbox 231 2437 1793 2509">
     <span class='ocr_line' id='line_1_39' title="bbox 231 2437 1793 2509; baseline -0.001 -18"><span class='ocrx_word' id='word_1_283' title='bbox 231 2438 375 2509; x_wconf 80' lang='grc' dir='ltr'>αὐτῷ</span> <span class='ocrx_word' id='word_1_284' title='bbox 413 2440 592 2509; x_wconf 84' lang='grc' dir='ltr'>σχῆμα</span> <span class='ocrx_word' id='word_1_285' title='bbox 640 2440 746 2491; x_wconf 83' lang='grc' dir='ltr'>τῶν</span> <span class='ocrx_word' id='word_1_286' title='bbox 785 2440 954 2506; x_wconf 89' lang='grc' dir='ltr'>λόγων</span> <span class='ocrx_word' id='word_1_287' title='bbox 1006 2438 1344 2507; x_wconf 76' lang='grc' dir='ltr'>ἐπινενόηται</span> <span class='ocrx_word' id='word_1_288' title='bbox 1368 2478 1381 2501; x_wconf 89' lang='grc'><strong>,</strong></span> <span class='ocrx_word' id='word_1_289' title='bbox 1428 2438 1502 2500; x_wconf 82' lang='grc' dir='ltr'>ὡς</span> <span class='ocrx_word' id='word_1_290' title='bbox 1534 2439 1630 2507; x_wconf 77' lang='grc' dir='ltr'><strong>τῆς</strong></span> <span class='ocrx_word' id='word_1_291' title='bbox 1658 2437 1793 2509; x_wconf 82' lang='grc' dir='ltr'>πρὸς</span> 
     </span>
    </p>
   </div>
   <div class='ocr_carea' id='block_1_40' title="bbox 228 2529 1790 2600">
    <p class='ocr_par' dir='ltr' id='par_1_40' title="bbox 228 2529 1790 2600">
     <span class='ocr_line' id='line_1_40' title="bbox 228 2529 1790 2600; baseline 0 -20"><span class='ocrx_word' id='word_1_292' title='bbox 228 2530 352 2591; x_wconf 83' lang='grc' dir='ltr'>τοὺς</span> <span class='ocrx_word' id='word_1_293' title='bbox 405 2530 696 2592; x_wconf 77' lang='grc' dir='ltr'>ἀσυνέτους</span> <span class='ocrx_word' id='word_1_294' title='bbox 726 2529 831 2582; x_wconf 80' lang='grc' dir='ltr'><strong>τῶν</strong></span> <span class='ocrx_word' id='word_1_295' title='bbox 875 2529 1116 2597; x_wconf 81' lang='grc' dir='ltr'>ἀδελφῶν</span> <span class='ocrx_word' id='word_1_296' title='bbox 1156 2529 1556 2600; x_wconf 73' lang='grc' dir='ltr'>εὐσπλαγχνίας</span> <span class='ocrx_word' id='word_1_297' title='bbox 1607 2530 1790 2581; x_wconf 74' lang='grc' dir='ltr'>ἕνεκεν</span> 
     </span>
    </p>
   </div>
   <div class='ocr_carea' id='block_1_41' title="bbox 229 2621 1786 2693">
    <p class='ocr_par' dir='ltr' id='par_1_41' title="bbox 229 2621 1786 2693">
     <span class='ocr_line' id='line_1_41' title="bbox 229 2621 1786 2693; baseline 0.002 -22"><span class='ocrx_word' id='word_1_298' title='bbox 229 2621 320 2671; x_wconf 84' lang='grc' dir='ltr'><strong>τὸν</strong></span> <span class='ocrx_word' id='word_1_299' title='bbox 350 2621 514 2673; x_wconf 85' lang='grc' dir='ltr'>κόπον</span> <span class='ocrx_word' id='word_1_300' title='bbox 551 2623 648 2693; x_wconf 77' lang='grc' dir='ltr'>τῆς</span> <span class='ocrx_word' id='word_1_301' title='bbox 678 2623 787 2693; x_wconf 69' lang='grc'><strong>(29)</strong></span> <span class='ocrx_word' id='word_1_302' title='bbox 813 2623 1159 2685; x_wconf 77' lang='grc' dir='ltr'>διδασκαλίας</span> <span class='ocrx_word' id='word_1_303' title='bbox 1188 2623 1359 2675; x_wconf 80' lang='grc' dir='ltr'>δοκεῖν</span> <span class='ocrx_word' id='word_1_304' title='bbox 1381 2622 1786 2692; x_wconf 84' lang='grc' dir='ltr'>καταδέχεσθαι.</span> 
     </span>
    </p>
   </div>
   <div class='ocr_carea' id='block_1_42' title="bbox 229 2712 1788 2785">
    <p class='ocr_par' dir='ltr' id='par_1_42' title="bbox 229 2712 1788 2785">
     <span class='ocr_line' id='line_1_42' title="bbox 229 2712 1788 2785; baseline 0.001 -21"><span class='ocrx_word' id='word_1_305' title='bbox 229 2712 339 2764; x_wconf 76' lang='lat' dir='ltr'><strong>Kal.</strong></span> <span class='ocrx_word' id='word_1_306' title='bbox 374 2713 471 2776; x_wconf 86' lang='grc' dir='ltr'>τὰς</span> <span class='ocrx_word' id='word_1_307' title='bbox 520 2714 617 2785; x_wconf 82' lang='grc' dir='ltr'><strong>μὲν</strong></span> <span class='ocrx_word' id='word_1_308' title='bbox 660 2715 771 2784; x_wconf 77' lang='grc'><strong>(50)</strong></span> <span class='ocrx_word' id='word_1_309' title='bbox 812 2716 1123 2783; x_wconf 83' lang='grc' dir='ltr'>σωματικὰς</span> <span class='ocrx_word' id='word_1_310' title='bbox 1167 2715 1447 2779; x_wconf 76' lang='grc' dir='ltr'>ὑπονοίας,</span> <span class='ocrx_word' id='word_1_311' title='bbox 1485 2717 1581 2777; x_wconf 74' lang='grc' dir='ltr'>τὰς</span> <span class='ocrx_word' id='word_1_312' title='bbox 1609 2716 1788 2785; x_wconf 79' lang='grc' dir='ltr'>ἐπἰτῇ</span> 
     </span>
    </p>
   </div>
   <div class='ocr_carea' id='block_1_43' title="bbox 231 2804 1785 2877">
    <p class='ocr_par' dir='ltr' id='par_1_43' title="bbox 231 2804 1785 2877">
     <span class='ocr_line' id='line_1_43' title="bbox 231 2804 1785 2877; baseline 0 -21"><span class='ocrx_word' id='word_1_313' title='bbox 231 2806 566 2875; x_wconf 71' lang='grc' dir='ltr'>προσηγορίᾳ</span> <span class='ocrx_word' id='word_1_314' title='bbox 596 2805 766 2877; x_wconf 79' lang='grc' dir='ltr'>ταύτῃ</span> <span class='ocrx_word' id='word_1_315' title='bbox 788 2804 1160 2873; x_wconf 77' lang='grc' dir='ltr'>ἐγγινομένας,</span> <span class='ocrx_word' id='word_1_316' title='bbox 1182 2804 1573 2875; x_wconf 74' lang='grc' dir='ltr'>ἐπανορθοῦται</span> <span class='ocrx_word' id='word_1_317' title='bbox 1594 2804 1751 2875; x_wconf 80' lang='grc' dir='ltr'>δῆθεν</span> <span class='ocrx_word' id='word_1_318' title='bbox 1773 2822 1785 2834; x_wconf 89' lang='grc'><strong>·</strong></span> 
     </span>
    </p>
   </div>
   <div class='ocr_carea' id='block_1_44' title="bbox 225 2894 1788 2967">
    <p class='ocr_par' dir='ltr' id='par_1_44' title="bbox 225 2894 1788 2967">
     <span class='ocr_line' id='line_1_44' title="bbox 225 2894 1788 2967; baseline 0.001 -21"><span class='ocrx_word' id='word_1_319' title='bbox 225 2894 326 2956; x_wconf 76' lang='grc' dir='ltr'><strong>τὰς</strong></span> <span class='ocrx_word' id='word_1_320' title='bbox 356 2896 409 2947; x_wconf 74' lang='grc' dir='ltr'>δὲ</span> <span class='ocrx_word' id='word_1_321' title='bbox 435 2898 496 2949; x_wconf 80' lang='grc' dir='ltr'>ἐκ</span> <span class='ocrx_word' id='word_1_322' title='bbox 522 2894 614 2948; x_wconf 81' lang='grc' dir='ltr'>τοῦ</span> <span class='ocrx_word' id='word_1_323' title='bbox 646 2897 850 2967; x_wconf 82' lang='grc' dir='ltr'>ποίημα</span> <span class='ocrx_word' id='word_1_324' title='bbox 879 2896 970 2949; x_wconf 83' lang='grc' dir='ltr'><strong>τὸν</strong></span> <span class='ocrx_word' id='word_1_325' title='bbox 1008 2894 1209 2965; x_wconf 80' lang='grc' dir='ltr'>Κύριον</span> <span class='ocrx_word' id='word_1_326' title='bbox 1254 2896 1613 2966; x_wconf 77' lang='grc' dir='ltr'>ὀνομάζεσθαι</span> <span class='ocrx_word' id='word_1_327' title='bbox 1660 2895 1788 2964; x_wconf 78' lang='grc' dir='ltr'>βλά-</span> 
     </span>
    </p>
   </div>
   <div class='ocr_carea' id='block_1_45' title="bbox 227 2984 1789 3059">
    <p class='ocr_par' dir='ltr' id='par_1_45' title="bbox 227 2984 1789 3059">
     <span class='ocr_line' id='line_1_45' title="bbox 227 2984 1789 3059; baseline 0.004 -24"><span class='ocrx_word' id='word_1_328' title='bbox 227 2984 328 3047; x_wconf 77' lang='grc' dir='ltr'>ϐας</span> <span class='ocrx_word' id='word_1_329' title='bbox 355 2987 412 3036; x_wconf 82' lang='grc' dir='ltr'><strong>οὑ</strong></span> <span class='ocrx_word' id='word_1_330' title='bbox 440 2990 799 3056; x_wconf 85' lang='grc' dir='ltr'>παραιτεῖται.</span> <span class='ocrx_word' id='word_1_331' title='bbox 838 2989 1026 3041; x_wconf 86' lang='grc' dir='ltr'>Καίτοι</span> <span class='ocrx_word' id='word_1_332' title='bbox 1056 2989 1083 3041; x_wconf 85' lang='grc' dir='ltr'><strong>ὃ</strong></span> <span class='ocrx_word' id='word_1_333' title='bbox 1114 3004 1176 3055; x_wconf 88' lang='grc' dir='ltr'><strong>γε</strong></span> <span class='ocrx_word' id='word_1_334' title='bbox 1208 2987 1317 3059; x_wconf 80' lang='grc'><strong>(51)</strong></span> <span class='ocrx_word' id='word_1_335' title='bbox 1358 2989 1672 3058; x_wconf 84' lang='grc' dir='ltr'>σωματικὴν</span> <span class='ocrx_word' id='word_1_336' title='bbox 1710 2984 1789 3041; x_wconf 77' lang='grc' dir='ltr'>εἴ·</span> 
     </span>
    </p>
   </div>
   <div class='ocr_carea' id='block_1_46' title="bbox 226 3078 1789 3148">
    <p class='ocr_par' dir='ltr' id='par_1_46' title="bbox 226 3078 1789 3148">
     <span class='ocr_line' id='line_1_46' title="bbox 226 3078 1789 3148; baseline 0.004 -21"><span class='ocrx_word' id='word_1_337' title='bbox 226 3094 314 3127; x_wconf 82' lang='grc' dir='ltr'><strong>ναι</strong></span> <span class='ocrx_word' id='word_1_338' title='bbox 346 3078 442 3144; x_wconf 80' lang='grc' dir='ltr'><strong>τὴν</strong></span> <span class='ocrx_word' id='word_1_339' title='bbox 472 3080 719 3147; x_wconf 80' lang='grc' dir='ltr'>γέννησιν</span> <span class='ocrx_word' id='word_1_340' title='bbox 754 3080 1165 3148; x_wconf 72' lang='grc' dir='ltr'>φανταζόμενος,</span> <span class='ocrx_word' id='word_1_341' title='bbox 1206 3082 1234 3133; x_wconf 79' lang='grc' dir='ltr'>ὁ</span> <span class='ocrx_word' id='word_1_342' title='bbox 1272 3081 1434 3143; x_wconf 81' lang='grc' dir='ltr'>αὑτὸς</span> <span class='ocrx_word' id='word_1_343' title='bbox 1481 3082 1544 3133; x_wconf 80' lang='grc' dir='ltr'>ἂν</span> <span class='ocrx_word' id='word_1_344' title='bbox 1574 3081 1667 3134; x_wconf 77' lang='grc' dir='ltr'>καὶ</span> <span class='ocrx_word' id='word_1_345' title='bbox 1697 3080 1789 3133; x_wconf 74' lang='grc' dir='ltr'><strong>ἐπὶ</strong></span> 
     </span>
    </p>
   </div>
   <div class='ocr_carea' id='block_1_47' title="bbox 224 3168 1785 3243">
    <p class='ocr_par' dir='ltr' id='par_1_47' title="bbox 224 3168 1785 3243">
     <span class='ocr_line' id='line_1_47' title="bbox 224 3168 1785 3243; baseline 0.003 -23"><span class='ocrx_word' id='word_1_346' title='bbox 224 3170 352 3229; x_wconf 72' lang='grc' dir='ltr'>τοὺς</span> <span class='ocrx_word' id='word_1_347' title='bbox 382 3168 594 3231; x_wconf 68' lang='grc' dir='ltr'>ὑλικοὺς</span> <span class='ocrx_word' id='word_1_348' title='bbox 621 3170 719 3239; x_wconf 81' lang='grc' dir='ltr'>τῆς</span> <span class='ocrx_word' id='word_1_349' title='bbox 763 3172 1026 3239; x_wconf 80' lang='grc' dir='ltr'>ποιήσεως</span> <span class='ocrx_word' id='word_1_350' title='bbox 1059 3174 1292 3240; x_wconf 76' lang='grc' dir='ltr'>τρόπους</span> <span class='ocrx_word' id='word_1_351' title='bbox 1340 3173 1685 3243; x_wconf 77' lang='grc' dir='ltr'>ὑπενεχθείη.</span> <span class='ocrx_word' id='word_1_352' title='bbox 1712 3174 1785 3225; x_wconf 90' lang='grc' dir='ltr'>Οὑ</span> 
     </span>
    </p>
   </div>
   <div class='ocr_carea' id='block_1_48' title="bbox 222 3259 1788 3333">
    <p class='ocr_par' dir='ltr' id='par_1_48' title="bbox 222 3259 1788 3333">
     <span class='ocr_line' id='line_1_48' title="bbox 222 3259 1788 3333; baseline 0.003 -23"><span class='ocrx_word' id='word_1_353' title='bbox 222 3260 336 3328; x_wconf 77' lang='grc' dir='ltr'>γὰρ</span> <span class='ocrx_word' id='word_1_354' title='bbox 357 3259 524 3329; x_wconf 81' lang='grc' dir='ltr'>δήπου</span> <span class='ocrx_word' id='word_1_355' title='bbox 553 3260 814 3330; x_wconf 75' lang='grc' dir='ltr'>μερισμὸν</span> <span class='ocrx_word' id='word_1_356' title='bbox 844 3261 941 3330; x_wconf 87' lang='grc' dir='ltr'><strong>μέν</strong></span> <span class='ocrx_word' id='word_1_357' title='bbox 962 3279 1081 3314; x_wconf 84' lang='grc' dir='ltr'>τινα</span> <span class='ocrx_word' id='word_1_358' title='bbox 1101 3263 1195 3315; x_wconf 71' lang='grc' dir='ltr'>καὶ</span> <span class='ocrx_word' id='word_1_359' title='bbox 1228 3263 1553 3333; x_wconf 76' lang='grc' dir='ltr'>μετάστασιν</span> <span class='ocrx_word' id='word_1_360' title='bbox 1577 3264 1667 3315; x_wconf 71' lang='grc' dir='ltr'>καὶ</span> <span class='ocrx_word' id='word_1_361' title='bbox 1697 3264 1788 3333; x_wconf 76' lang='grc' dir='ltr'><strong><em>ρὑ</em></strong></span> 
     </span>
    </p>
   </div>
   <div class='ocr_carea' id='block_1_49' title="bbox 227 3352 1789 3424">
    <p class='ocr_par' dir='ltr' id='par_1_49' title="bbox 227 3352 1789 3424">
     <span class='ocr_line' id='line_1_49' title="bbox 227 3352 1789 3424; baseline -0.001 -19"><span class='ocrx_word' id='word_1_362' title='bbox 227 3367 313 3405; x_wconf 87' lang='grc' dir='ltr'><strong>σιν</strong></span> <span class='ocrx_word' id='word_1_363' title='bbox 346 3352 442 3422; x_wconf 78' lang='grc' dir='ltr'><strong>τῆς</strong></span> <span class='ocrx_word' id='word_1_364' title='bbox 475 3352 566 3405; x_wconf 75' lang='grc' dir='ltr'><strong>τοῦ</strong></span> <span class='ocrx_word' id='word_1_365' title='bbox 598 3352 889 3420; x_wconf 82' lang='grc' dir='ltr'>γεννῶντος</span> <span class='ocrx_word' id='word_1_366' title='bbox 915 3355 1098 3417; x_wconf 78' lang='grc' dir='ltr'>οὐσίας</span> <span class='ocrx_word' id='word_1_367' title='bbox 1135 3354 1242 3424; x_wconf 72' lang='grc'>(52)</span> <span class='ocrx_word' id='word_1_368' title='bbox 1272 3357 1334 3407; x_wconf 84' lang='grc' dir='ltr'><strong>ἐκ</strong></span> <span class='ocrx_word' id='word_1_369' title='bbox 1360 3355 1459 3423; x_wconf 77' lang='grc' dir='ltr'><strong>τῆς</strong></span> <span class='ocrx_word' id='word_1_370' title='bbox 1493 3355 1673 3423; x_wconf 74' lang='grc' dir='ltr'>φωνῆς</span> <span class='ocrx_word' id='word_1_371' title='bbox 1698 3353 1789 3404; x_wconf 79' lang='grc' dir='ltr'>τοῦ</span> 
     </span>
    </p>
   </div>
   <div class='ocr_carea' id='block_1_50' title="bbox 224 3444 1791 3516">
    <p class='ocr_par' dir='ltr' id='par_1_50' title="bbox 224 3444 1791 3516">
     <span class='ocr_line' id='line_1_50' title="bbox 224 3444 1791 3516; baseline 0 -21"><span class='ocrx_word' id='word_1_372' title='bbox 224 3446 421 3513; x_wconf 83' lang='grc' dir='ltr'>γεννᾷν</span> <span class='ocrx_word' id='word_1_373' title='bbox 458 3446 485 3496; x_wconf 83' lang='grc' dir='ltr'>ὁ</span> <span class='ocrx_word' id='word_1_374' title='bbox 525 3444 753 3515; x_wconf 83' lang='grc' dir='ltr'>ἀσθενὴς</span> <span class='ocrx_word' id='word_1_375' title='bbox 789 3446 1027 3516; x_wconf 84' lang='grc' dir='ltr'>ἐννοήσει</span> <span class='ocrx_word' id='word_1_376' title='bbox 1050 3461 1063 3474; x_wconf 88' lang='grc'><strong>·</strong></span> <span class='ocrx_word' id='word_1_377' title='bbox 1101 3445 1231 3515; x_wconf 74' lang='grc' dir='ltr'>ὓλην</span> <span class='ocrx_word' id='word_1_378' title='bbox 1271 3446 1326 3497; x_wconf 80' lang='grc' dir='ltr'>δὲ</span> <span class='ocrx_word' id='word_1_379' title='bbox 1373 3445 1566 3509; x_wconf 78' lang='grc' dir='ltr'>ἔξωθεν</span> <span class='ocrx_word' id='word_1_380' title='bbox 1607 3447 1670 3497; x_wconf 85' lang='grc' dir='ltr'><strong>ἐκ</strong></span> <span class='ocrx_word' id='word_1_381' title='bbox 1698 3444 1791 3496; x_wconf 79' lang='grc' dir='ltr'>τοῦ</span> 
     </span>
    </p>
   </div>
   <div class='ocr_carea' id='block_1_51' title="bbox 226 3535 1790 3608">
    <p class='ocr_par' dir='ltr' id='par_1_51' title="bbox 226 3535 1790 3608">
     <span class='ocr_line' id='line_1_51' title="bbox 226 3535 1790 3608; baseline 0.001 -22"><span class='ocrx_word' id='word_1_382' title='bbox 226 3535 305 3605; x_wconf 82' lang='grc' dir='ltr'><strong>μὴ</strong></span> <span class='ocrx_word' id='word_1_383' title='bbox 337 3535 485 3595; x_wconf 78' lang='grc' dir='ltr'>δντος</span> <span class='ocrx_word' id='word_1_384' title='bbox 515 3536 905 3608; x_wconf 85' lang='grc' dir='ltr'>είσενεχθεῖσαν</span> <span class='ocrx_word' id='word_1_385' title='bbox 937 3540 1017 3600; x_wconf 84' lang='grc' dir='ltr'>εἰς</span> <span class='ocrx_word' id='word_1_386' title='bbox 1041 3537 1159 3607; x_wconf 76' lang='grc' dir='ltr'>τὴν,</span> <span class='ocrx_word' id='word_1_387' title='bbox 1193 3538 1266 3600; x_wconf 81' lang='grc' dir='ltr'>ὼς</span> <span class='ocrx_word' id='word_1_388' title='bbox 1306 3538 1463 3607; x_wconf 81' lang='grc' dir='ltr'>ὑμεῖς</span> <span class='ocrx_word' id='word_1_389' title='bbox 1498 3554 1663 3606; x_wconf 82' lang='grc' dir='ltr'>φατε,</span> <span class='ocrx_word' id='word_1_390' title='bbox 1696 3535 1790 3588; x_wconf 77' lang='grc' dir='ltr'>τοῦ</span> 
     </span>
    </p>
   </div>
   <div class='ocr_carea' id='block_1_52' title="bbox 223 3628 1794 3700">
    <p class='ocr_par' dir='ltr' id='par_1_52' title="bbox 223 3628 1794 3700">
     <span class='ocr_line' id='line_1_52' title="bbox 223 3628 1794 3700; baseline 0.001 -22"><span class='ocrx_word' id='word_1_391' title='bbox 223 3628 530 3696; x_wconf 73' lang='grc' dir='ltr'>ποιήματος</span> <span class='ocrx_word' id='word_1_392' title='bbox 572 3629 884 3694; x_wconf 76' lang='grc' dir='ltr'>ὑπόστασιν,</span> <span class='ocrx_word' id='word_1_393' title='bbox 926 3630 1323 3700; x_wconf 80' lang='grc' dir='ltr'>ὑπολαμϐάνειν</span> <span class='ocrx_word' id='word_1_394' title='bbox 1363 3631 1462 3683; x_wconf 83' lang='grc' dir='ltr'>οὑκ</span> <span class='ocrx_word' id='word_1_395' title='bbox 1501 3630 1794 3699; x_wconf 79' lang='grc' dir='ltr'>ἐναχθήσε-</span> 
     </span>
    </p>
   </div>
   <div class='ocr_carea' id='block_1_53' title="bbox 220 3714 1789 3791">
    <p class='ocr_par' dir='ltr' id='par_1_53' title="bbox 220 3714 1789 3791">
     <span class='ocr_line' id='line_1_53' title="bbox 220 3714 1789 3791; baseline -0.001 -20"><span class='ocrx_word' id='word_1_396' title='bbox 220 3732 337 3771; x_wconf 74' lang='grc' dir='ltr'>ται.</span> <span class='ocrx_word' id='word_1_397' title='bbox 388 3717 541 3779; x_wconf 87' lang='grc' dir='ltr'>Τίνος</span> <span class='ocrx_word' id='word_1_398' title='bbox 580 3714 672 3771; x_wconf 74' lang='grc' dir='ltr'>οὖν</span> <span class='ocrx_word' id='word_1_399' title='bbox 724 3719 907 3770; x_wconf 74' lang='grc' dir='ltr'>ἕνεκεν</span> <span class='ocrx_word' id='word_1_400' title='bbox 946 3718 1011 3771; x_wconf 81' lang='grc' dir='ltr'>τὰ</span> <span class='ocrx_word' id='word_1_401' title='bbox 1050 3721 1455 3791; x_wconf 75' lang='grc' dir='ltr'>ἀρρωστήματα</span> <span class='ocrx_word' id='word_1_402' title='bbox 1510 3719 1616 3770; x_wconf 84' lang='grc' dir='ltr'><strong>τῶν</strong></span> <span class='ocrx_word' id='word_1_403' title='bbox 1645 3718 1789 3785; x_wconf 89' lang='grc' dir='ltr'>λογι-</span> 
     </span>
    </p>
   </div>
   <div class='ocr_carea' id='block_1_54' title="bbox 224 3807 1785 3878">
    <p class='ocr_par' dir='ltr' id='par_1_54' title="bbox 224 3807 1785 3878">
     <span class='ocr_line' id='line_1_54' title="bbox 224 3807 1785 3878; baseline 0.003 -20"><span class='ocrx_word' id='word_1_404' title='bbox 224 3808 383 3877; x_wconf 81' lang='grc' dir='ltr'>σμῶν</span> <span class='ocrx_word' id='word_1_405' title='bbox 418 3808 525 3860; x_wconf 85' lang='grc' dir='ltr'><strong>τῶν</strong></span> <span class='ocrx_word' id='word_1_406' title='bbox 558 3807 796 3877; x_wconf 79' lang='grc' dir='ltr'>ἀδελφῶν</span> <span class='ocrx_word' id='word_1_407' title='bbox 829 3808 885 3873; x_wconf 81' lang='grc' dir='ltr'>ἐξ</span> <span class='ocrx_word' id='word_1_408' title='bbox 920 3808 1172 3878; x_wconf 82' lang='grc' dir='ltr'>ἡμισείας</span> <span class='ocrx_word' id='word_1_409' title='bbox 1213 3812 1374 3871; x_wconf 73' lang='grc' dir='ltr'>ίᾶται,</span> <span class='ocrx_word' id='word_1_410' title='bbox 1412 3811 1504 3863; x_wconf 72' lang='grc' dir='ltr'><strong>καὶ</strong></span> <span class='ocrx_word' id='word_1_411' title='bbox 1535 3810 1640 3862; x_wconf 83' lang='grc' dir='ltr'>τῶν</span> <span class='ocrx_word' id='word_1_412' title='bbox 1680 3827 1785 3862; x_wconf 87' lang='grc' dir='ltr'>σω-</span> 
     </span>
    </p>
   </div>
   <div class='ocr_carea' id='block_1_55' title="bbox 224 3895 1763 3968">
    <p class='ocr_par' dir='ltr' id='par_1_55' title="bbox 224 3895 1763 3968">
     <span class='ocr_line' id='line_1_55' title="bbox 224 3895 1763 3968; baseline 0.002 -21"><span class='ocrx_word' id='word_1_413' title='bbox 224 3895 465 3965; x_wconf 84' lang='grc' dir='ltr'>ματικὴν</span> <span class='ocrx_word' id='word_1_414' title='bbox 507 3896 602 3966; x_wconf 79' lang='grc' dir='ltr'>τὴν</span> <span class='ocrx_word' id='word_1_415' title='bbox 643 3896 891 3965; x_wconf 82' lang='grc' dir='ltr'>γέννησιν</span> <span class='ocrx_word' id='word_1_416' title='bbox 923 3895 1031 3967; x_wconf 79' lang='grc'>(55)</span> <span class='ocrx_word' id='word_1_417' title='bbox 1067 3898 1553 3967; x_wconf 78' lang='grc' dir='ltr'>ὑπολαμϐανόντων</span> <span class='ocrx_word' id='word_1_418' title='bbox 1597 3902 1763 3968; x_wconf 87' lang='grc' dir='ltr'>ἐπιμε</span> 
     </span>
    </p>
   </div>
   <div class='ocr_carea' id='block_1_56' title="bbox 219 3983 1789 4057">
    <p class='ocr_par' dir='ltr' id='par_1_56' title="bbox 219 3983 1789 4057">
     <span class='ocr_line' id='line_1_56' title="bbox 219 3983 1789 4057; baseline 0.001 -22"><span class='ocrx_word' id='word_1_419' title='bbox 219 3983 504 4053; x_wconf 78' lang='grc' dir='ltr'>λούμενος,</span> <span class='ocrx_word' id='word_1_420' title='bbox 539 3986 663 4047; x_wconf 72' lang='grc' dir='ltr'>τοὺς</span> <span class='ocrx_word' id='word_1_421' title='bbox 709 3988 774 4055; x_wconf 83' lang='grc' dir='ltr'>τῇ</span> <span class='ocrx_word' id='word_1_422' title='bbox 820 3986 1155 4057; x_wconf 78' lang='grc' dir='ltr'>προσηγορίᾳ</span> <span class='ocrx_word' id='word_1_423' title='bbox 1186 3986 1278 4038; x_wconf 77' lang='grc' dir='ltr'>τοῦ</span> <span class='ocrx_word' id='word_1_424' title='bbox 1312 3987 1608 4054; x_wconf 78' lang='grc' dir='ltr'>ποιήματος</span> <span class='ocrx_word' id='word_1_425' title='bbox 1637 4003 1789 4054; x_wconf 87' lang='grc' dir='ltr'>περι-</span> 
     </span>
    </p>
   </div>
   <div class='ocr_carea' id='block_1_57' title="bbox 220 4074 1792 4147">
    <p class='ocr_par' dir='ltr' id='par_1_57' title="bbox 220 4074 1792 4147">
     <span class='ocr_line' id='line_1_57' title="bbox 220 4074 1792 4147; baseline 0.001 -21"><span class='ocrx_word' id='word_1_426' title='bbox 220 4074 519 4138; x_wconf 85' lang='grc' dir='ltr'>πταίοντας</span> <span class='ocrx_word' id='word_1_427' title='bbox 547 4078 792 4147; x_wconf 73' lang='grc' dir='ltr'>παρορᾷς</span> <span class='ocrx_word' id='word_1_428' title='bbox 822 4078 939 4129; x_wconf 88' lang='grc' dir='ltr'><strong>Ὅτι</strong></span> <span class='ocrx_word' id='word_1_429' title='bbox 972 4076 1033 4129; x_wconf 83' lang='grc' dir='ltr'><strong>τὸ</strong></span> <span class='ocrx_word' id='word_1_430' title='bbox 1075 4078 1170 4147; x_wconf 88' lang='grc' dir='ltr'><strong>μέν</strong></span> <span class='ocrx_word' id='word_1_431' title='bbox 1213 4076 1603 4146; x_wconf 75' lang='grc' dir='ltr'>γεγεννῆσθαι</span> <span class='ocrx_word' id='word_1_432' title='bbox 1637 4076 1792 4127; x_wconf 84' lang='grc' dir='ltr'>πολέ-</span> 
     </span>
    </p>
   </div>
   <div class='ocr_carea' id='block_1_58' title="bbox 222 4162 1792 4238">
    <p class='ocr_par' dir='ltr' id='par_1_58' title="bbox 222 4162 1792 4238">
     <span class='ocr_line' id='line_1_58' title="bbox 222 4162 1792 4238; baseline 0 -20"><span class='ocrx_word' id='word_1_433' title='bbox 222 4183 355 4238; x_wconf 87' lang='grc' dir='ltr'>μιον</span> <span class='ocrx_word' id='word_1_434' title='bbox 382 4162 488 4219; x_wconf 75' lang='grc' dir='ltr'>οἶδε</span> <span class='ocrx_word' id='word_1_435' title='bbox 514 4172 620 4230; x_wconf 89' lang='grc' dir='ltr'>τοῖς</span> <span class='ocrx_word' id='word_1_436' title='bbox 652 4168 911 4238; x_wconf 90' lang='grc' dir='ltr'>δόγμασιν</span> <span class='ocrx_word' id='word_1_437' title='bbox 943 4167 1155 4234; x_wconf 81' lang='grc' dir='ltr'>ἐαυτοῦ,</span> <span class='ocrx_word' id='word_1_438' title='bbox 1191 4168 1283 4220; x_wconf 78' lang='grc' dir='ltr'>τοῦ</span> <span class='ocrx_word' id='word_1_439' title='bbox 1330 4167 1679 4237; x_wconf 78' lang='grc' dir='ltr'>γεννηθέντος</span> <span class='ocrx_word' id='word_1_440' title='bbox 1717 4168 1792 4219; x_wconf 80' lang='lat' dir='ltr'><strong>oi-</strong></span> 
     </span>
    </p>
   </div>
   <div class='ocr_carea' id='block_1_59' title="bbox 220 4258 1792 4332">
    <p class='ocr_par' dir='ltr' id='par_1_59' title="bbox 220 4258 1792 4332">
     <span class='ocr_line' id='line_1_59' title="bbox 220 4258 1792 4332; baseline 0.001 -21"><span class='ocrx_word' id='word_1_441' title='bbox 220 4258 391 4320; x_wconf 88' lang='grc' dir='ltr'>κείως</span> <span class='ocrx_word' id='word_1_442' title='bbox 434 4260 574 4328; x_wconf 79' lang='grc' dir='ltr'>ἔχειν</span> <span class='ocrx_word' id='word_1_443' title='bbox 607 4260 909 4327; x_wconf 81' lang='grc' dir='ltr'>ὀφείλοντος</span> <span class='ocrx_word' id='word_1_444' title='bbox 954 4261 1168 4323; x_wconf 84' lang='grc' dir='ltr'>πάντως</span> <span class='ocrx_word' id='word_1_445' title='bbox 1224 4261 1315 4313; x_wconf 72' lang='grc' dir='ltr'>καὶ</span> <span class='ocrx_word' id='word_1_446' title='bbox 1362 4261 1792 4332; x_wconf 81' lang='grc' dir='ltr'>ἀπαραλλάκτως</span> 
     </span>
    </p>
   </div>
   <div class='ocr_carea' id='block_1_60' title="bbox 221 4348 1791 4418">
    <p class='ocr_par' dir='ltr' id='par_1_60' title="bbox 221 4348 1791 4418">
     <span class='ocr_line' id='line_1_60' title="bbox 221 4348 1791 4418; baseline 0.001 -18"><span class='ocrx_word' id='word_1_447' title='bbox 221 4348 367 4417; x_wconf 81' lang='grc' dir='ltr'>πρὸς</span> <span class='ocrx_word' id='word_1_448' title='bbox 399 4348 487 4399; x_wconf 81' lang='grc' dir='ltr'><strong>τὸν</strong></span> <span class='ocrx_word' id='word_1_449' title='bbox 530 4349 895 4418; x_wconf 70' lang='grc' dir='ltr'>γεννήσαντασ</span> <span class='ocrx_word' id='word_1_450' title='bbox 927 4348 986 4400; x_wconf 82' lang='grc' dir='ltr'><strong>τὸ</strong></span> <span class='ocrx_word' id='word_1_451' title='bbox 1025 4349 1081 4400; x_wconf 78' lang='grc' dir='ltr'><strong>δὲ</strong></span> <span class='ocrx_word' id='word_1_452' title='bbox 1122 4348 1479 4416; x_wconf 78' lang='grc' dir='ltr'>πεποιῆσθαι</span> <span class='ocrx_word' id='word_1_453' title='bbox 1517 4350 1665 4417; x_wconf 85' lang='grc' dir='ltr'>φίλον</span> <span class='ocrx_word' id='word_1_454' title='bbox 1700 4351 1791 4402; x_wconf 74' lang='grc' dir='ltr'><strong>καὶ</strong></span> 
     </span>
    </p>
   </div>
   <div class='ocr_carea' id='block_1_61' title="bbox 223 4439 1789 4511">
    <p class='ocr_par' dir='ltr' id='par_1_61' title="bbox 223 4439 1789 4511">
     <span class='ocr_line' id='line_1_61' title="bbox 223 4439 1789 4511; baseline 0.001 -19"><span class='ocrx_word' id='word_1_455' title='bbox 223 4439 515 4509; x_wconf 78' lang='grc' dir='ltr'>σύμμαχον</span> <span class='ocrx_word' id='word_1_456' title='bbox 532 4443 649 4502; x_wconf 70' lang='grc' dir='ltr'>ταῖς</span> <span class='ocrx_word' id='word_1_457' title='bbox 670 4439 856 4493; x_wconf 77' lang='grc' dir='ltr'>ἑαυτοῦ</span> <span class='ocrx_word' id='word_1_458' title='bbox 880 4439 1184 4505; x_wconf 87' lang='grc' dir='ltr'>ὑποθέσεσι,</span> <span class='ocrx_word' id='word_1_459' title='bbox 1202 4440 1287 4493; x_wconf 85' lang='grc' dir='ltr'>διὰ</span> <span class='ocrx_word' id='word_1_460' title='bbox 1306 4440 1364 4493; x_wconf 86' lang='grc' dir='ltr'>τὸ</span> <span class='ocrx_word' id='word_1_461' title='bbox 1378 4441 1654 4511; x_wconf 81' lang='grc' dir='ltr'>ἀλλοτρίου</span> <span class='ocrx_word' id='word_1_462' title='bbox 1679 4440 1789 4511; x_wconf 72' lang='grc'><strong>(54)</strong></span> 
     </span>
    </p>
   </div>
   <div class='ocr_carea' id='block_1_62' title="bbox 1891 2078 3444 2147">
    <p class='ocr_par' dir='ltr' id='par_1_62' title="bbox 1891 2078 3444 2147">
     <span class='ocr_line' id='line_1_62' title="bbox 1891 2078 3444 2147; baseline -0.003 -16"><span class='ocrx_word' id='word_1_463' title='bbox 1891 2096 1955 2131; x_wconf 80' lang='lat' dir='ltr'><strong>ex</strong></span> <span class='ocrx_word' id='word_1_464' title='bbox 2012 2081 2118 2133; x_wconf 82' lang='lat' dir='ltr'><strong>Deo</strong></span> <span class='ocrx_word' id='word_1_465' title='bbox 2158 2080 2443 2147; x_wconf 87' lang='lat' dir='ltr'><strong>prodiisse,</strong></span> <span class='ocrx_word' id='word_1_466' title='bbox 2490 2086 2650 2145; x_wconf 88' lang='lat' dir='ltr'><strong>atque</strong></span> <span class='ocrx_word' id='word_1_467' title='bbox 2695 2093 2761 2131; x_wconf 79' lang='lat' dir='ltr'><strong>ex</strong></span> <span class='ocrx_word' id='word_1_468' title='bbox 2803 2079 2910 2133; x_wconf 90' lang='lat' dir='ltr'><strong>Deo</strong></span> <span class='ocrx_word' id='word_1_469' title='bbox 2938 2078 3168 2147; x_wconf 76' lang='lat' dir='ltr'><strong>genitam</strong></span> <span class='ocrx_word' id='word_1_470' title='bbox 3207 2090 3329 2130; x_wconf 89' lang='lat' dir='ltr'><strong>esse</strong></span> <span class='ocrx_word' id='word_1_471' title='bbox 3356 2090 3444 2128; x_wconf 89' lang='lat' dir='ltr'><strong>sa-</strong></span> 
     </span>
    </p>
   </div>
   <div class='ocr_carea' id='block_1_63' title="bbox 1892 2165 3441 2238">
    <p class='ocr_par' dir='ltr' id='par_1_63' title="bbox 1892 2165 3441 2238">
     <span class='ocr_line' id='line_1_63' title="bbox 1892 2165 3441 2238; baseline -0.001 -20"><span class='ocrx_word' id='word_1_472' title='bbox 1892 2171 2168 2234; x_wconf 77' lang='lat' dir='ltr'><strong>pientiam,</strong></span> <span class='ocrx_word' id='word_1_473' title='bbox 2211 2171 2277 2222; x_wconf 89' lang='lat' dir='ltr'><strong>ad</strong></span> <span class='ocrx_word' id='word_1_474' title='bbox 2317 2182 2607 2235; x_wconf 86' lang='lat' dir='ltr'><strong>corporcos</strong></span> <span class='ocrx_word' id='word_1_475' title='bbox 2656 2167 2880 2223; x_wconf 67' lang='lat' dir='ltr'><strong>affectus</strong></span> <span class='ocrx_word' id='word_1_476' title='bbox 2926 2167 3251 2238; x_wconf 83' lang='lat' dir='ltr'><strong>c0gitatione</strong></span> <span class='ocrx_word' id='word_1_477' title='bbox 3286 2165 3441 2219; x_wconf 81' lang='lat' dir='ltr'><strong>dela-</strong></span> 
     </span>
    </p>
   </div>
   <div class='ocr_carea' id='block_1_64' title="bbox 1892 2259 2094 2311">
    <p class='ocr_par' dir='ltr' id='par_1_64' title="bbox 1892 2259 2094 2311">
     <span class='ocr_line' id='line_1_64' title="bbox 1892 2259 2094 2311; baseline 0 0"><span class='ocrx_word' id='word_1_478' title='bbox 1892 2259 2094 2311; x_wconf 73' lang='lat' dir='ltr'><strong>batur?</strong></span> 
     </span>
    </p>
   </div>
   <div class='ocr_carea' id='block_1_65' title="bbox 1961 2346 3443 2421">
    <p class='ocr_par' dir='ltr' id='par_1_65' title="bbox 1961 2346 3443 2421">
     <span class='ocr_line' id='line_1_65' title="bbox 1961 2346 3443 2421; baseline 0 -19"><span class='ocrx_word' id='word_1_479' title='bbox 1961 2350 2013 2402; x_wconf 81' lang='lat'><strong>(5.</strong></span> <span class='ocrx_word' id='word_1_480' title='bbox 2054 2348 2159 2404; x_wconf 87' lang='lat' dir='ltr'><strong>Sed</strong></span> <span class='ocrx_word' id='word_1_481' title='bbox 2205 2350 2316 2405; x_wconf 68' lang='lat' dir='ltr'><strong>hinc</strong></span> <span class='ocrx_word' id='word_1_482' title='bbox 2362 2366 2574 2421; x_wconf 89' lang='lat' dir='ltr'><strong>quoque</strong></span> <span class='ocrx_word' id='word_1_483' title='bbox 2625 2350 2866 2421; x_wconf 88' lang='lat' dir='ltr'><strong>speciosa</strong></span> <span class='ocrx_word' id='word_1_484' title='bbox 2922 2350 3203 2405; x_wconf 83' lang='lat' dir='ltr'><strong>verborum</strong></span> <span class='ocrx_word' id='word_1_485' title='bbox 3268 2346 3443 2402; x_wconf 78' lang='lat' dir='ltr'><strong>forma</strong></span> 
     </span>
    </p>
   </div>
   <div class='ocr_carea' id='block_1_66' title="bbox 1891 2439 3447 2512">
    <p class='ocr_par' dir='ltr' id='par_1_66' title="bbox 1891 2439 3447 2512">
     <span class='ocr_line' id='line_1_66' title="bbox 1891 2439 3447 2512; baseline -0.001 -19"><span class='ocrx_word' id='word_1_486' title='bbox 1891 2441 2054 2511; x_wconf 64' lang='grc'><strong>242</strong></span> <span class='ocrx_word' id='word_1_487' title='bbox 2084 2455 2185 2492; x_wconf 91' lang='lat' dir='ltr'><strong>una</strong></span> <span class='ocrx_word' id='word_1_488' title='bbox 2219 2456 2340 2493; x_wconf 87' lang='lat' dir='ltr'><strong>cum</strong></span> <span class='ocrx_word' id='word_1_489' title='bbox 2378 2441 2497 2495; x_wconf 82' lang='lat' dir='ltr'><strong>aliis</strong></span> <span class='ocrx_word' id='word_1_490' title='bbox 2520 2443 2570 2495; x_wconf 87' lang='lat' dir='ltr'><strong>ei</strong></span> <span class='ocrx_word' id='word_1_491' title='bbox 2600 2442 2899 2512; x_wconf 82' lang='lat' dir='ltr'><strong>excogitata</strong></span> <span class='ocrx_word' id='word_1_492' title='bbox 2930 2452 3031 2503; x_wconf 86' lang='lat' dir='ltr'><strong>est,</strong></span> <span class='ocrx_word' id='word_1_493' title='bbox 3054 2451 3133 2504; x_wconf 83' lang='lat' dir='ltr'><strong>ut,</strong></span> <span class='ocrx_word' id='word_1_494' title='bbox 3167 2439 3235 2493; x_wconf 92' lang='lat' dir='ltr'><strong>ob</strong></span> <span class='ocrx_word' id='word_1_495' title='bbox 3257 2454 3447 2507; x_wconf 82' lang='lat' dir='ltr'><strong>quan:-</strong></span> 
     </span>
    </p>
   </div>
   <div class='ocr_carea' id='block_1_67' title="bbox 1893 2528 3447 2598">
    <p class='ocr_par' dir='ltr' id='par_1_67' title="bbox 1893 2528 3447 2598">
     <span class='ocr_line' id='line_1_67' title="bbox 1893 2528 3447 2598; baseline -0.005 -14"><span class='ocrx_word' id='word_1_496' title='bbox 1893 2533 2016 2585; x_wconf 85' lang='lat' dir='ltr'><strong>dam</strong></span> <span class='ocrx_word' id='word_1_497' title='bbox 2074 2545 2199 2598; x_wconf 86' lang='lat' dir='ltr'><strong>erga</strong></span> <span class='ocrx_word' id='word_1_498' title='bbox 2251 2531 2525 2598; x_wconf 89' lang='lat' dir='ltr'><strong>imperitos</strong></span> <span class='ocrx_word' id='word_1_499' title='bbox 2569 2532 2760 2585; x_wconf 87' lang='lat' dir='ltr'><strong>fratres</strong></span> <span class='ocrx_word' id='word_1_500' title='bbox 2792 2532 3329 2593; x_wconf 83' lang='lat' dir='ltr'><strong>commiserationent,</strong></span> <span class='ocrx_word' id='word_1_501' title='bbox 3364 2528 3447 2581; x_wconf 81' lang='lat' dir='ltr'><strong>la-</strong></span> 
     </span>
    </p>
   </div>
   <div class='ocr_carea' id='block_1_68' title="bbox 1891 2620 3445 2691">
    <p class='ocr_par' dir='ltr' id='par_1_68' title="bbox 1891 2620 3445 2691">
     <span class='ocr_line' id='line_1_68' title="bbox 1891 2620 3445 2691; baseline -0.003 -15"><span class='ocrx_word' id='word_1_502' title='bbox 1891 2622 2158 2676; x_wconf 87' lang='lat' dir='ltr'><strong>boriosam</strong></span> <span class='ocrx_word' id='word_1_503' title='bbox 2209 2621 2345 2675; x_wconf 87' lang='lat' dir='ltr'><strong>hanc</strong></span> <span class='ocrx_word' id='word_1_504' title='bbox 2396 2622 2618 2676; x_wconf 82' lang='lat' dir='ltr'><strong>docendi</strong></span> <span class='ocrx_word' id='word_1_505' title='bbox 2670 2622 3003 2691; x_wconf 82' lang='lat' dir='ltr'><strong>provinciam</strong></span> <span class='ocrx_word' id='word_1_506' title='bbox 3035 2620 3333 2689; x_wconf 80' lang='lat' dir='ltr'><strong>suscepisse</strong></span> <span class='ocrx_word' id='word_1_507' title='bbox 3363 2621 3445 2672; x_wconf 83' lang='lat' dir='ltr'><strong>vi-</strong></span> 
     </span>
    </p>
   </div>
   <div class='ocr_carea' id='block_1_69' title="bbox 1892 2713 3447 2783">
    <p class='ocr_par' dir='ltr' id='par_1_69' title="bbox 1892 2713 3447 2783">
     <span class='ocr_line' id='line_1_69' title="bbox 1892 2713 3447 2783; baseline -0.001 -17"><span class='ocrx_word' id='word_1_508' title='bbox 1892 2715 2099 2767; x_wconf 89' lang='lat' dir='ltr'><strong>deatur.</strong></span> <span class='ocrx_word' id='word_1_509' title='bbox 2143 2713 2211 2767; x_wconf 87' lang='lat' dir='ltr'><strong>Et</strong></span> <span class='ocrx_word' id='word_1_510' title='bbox 2263 2728 2550 2782; x_wconf 80' lang='lat' dir='ltr'><strong>corporeus</strong></span> <span class='ocrx_word' id='word_1_511' title='bbox 2601 2715 2812 2783; x_wconf 81' lang='lat' dir='ltr'><strong>quidem</strong></span> <span class='ocrx_word' id='word_1_512' title='bbox 2853 2713 3183 2782; x_wconf 89' lang='lat' dir='ltr'><strong>suspiciones</strong></span> <span class='ocrx_word' id='word_1_513' title='bbox 3216 2726 3334 2781; x_wconf 67' lang='lat' dir='ltr'><strong>qua:</strong></span> <span class='ocrx_word' id='word_1_514' title='bbox 3378 2727 3447 2765; x_wconf 73' lang='lat' dir='ltr'><strong>cx</strong></span> 
     </span>
    </p>
   </div>
   <div class='ocr_carea' id='block_1_70' title="bbox 1891 2804 3445 2875">
    <p class='ocr_par' dir='ltr' id='par_1_70' title="bbox 1891 2804 3445 2875">
     <span class='ocr_line' id='line_1_70' title="bbox 1891 2804 3445 2875; baseline -0.002 -15"><span class='ocrx_word' id='word_1_515' title='bbox 1891 2806 1992 2862; x_wconf 85' lang='lat' dir='ltr'><strong>hac</strong></span> <span class='ocrx_word' id='word_1_516' title='bbox 2019 2805 2381 2875; x_wconf 84' lang='lat' dir='ltr'><strong>appellatione</strong></span> <span class='ocrx_word' id='word_1_517' title='bbox 2421 2806 2763 2864; x_wconf 87' lang='lat' dir='ltr'><strong>oboriuntur.</strong></span> <span class='ocrx_word' id='word_1_518' title='bbox 2807 2806 3025 2875; x_wconf 76' lang='lat' dir='ltr'><strong>corrigit</strong></span> <span class='ocrx_word' id='word_1_519' title='bbox 3059 2805 3271 2860; x_wconf 83' lang='lat' dir='ltr'><strong>scilicet</strong></span> <span class='ocrx_word' id='word_1_520' title='bbox 3302 2822 3315 2859; x_wconf 87' lang='lat'><strong>:</strong></span> <span class='ocrx_word' id='word_1_521' title='bbox 3350 2804 3445 2859; x_wconf 76' lang='lat' dir='ltr'><strong>seti</strong></span> 
     </span>
    </p>
   </div>
   <div class='ocr_carea' id='block_1_71' title="bbox 1893 2896 3449 2968">
    <p class='ocr_par' dir='ltr' id='par_1_71' title="bbox 1893 2896 3449 2968">
     <span class='ocr_line' id='line_1_71' title="bbox 1893 2896 3449 2968; baseline -0.002 -15"><span class='ocrx_word' id='word_1_522' title='bbox 1893 2900 2210 2953; x_wconf 90' lang='lat' dir='ltr'><strong>detrimenta</strong></span> <span class='ocrx_word' id='word_1_523' title='bbox 2237 2914 2324 2963; x_wconf 89' lang='lat' dir='ltr'><strong>ea,</strong></span> <span class='ocrx_word' id='word_1_524' title='bbox 2365 2914 2483 2968; x_wconf 72' lang='lat' dir='ltr'><strong>qua:</strong></span> <span class='ocrx_word' id='word_1_525' title='bbox 2508 2899 2577 2953; x_wconf 89' lang='lat' dir='ltr'><strong>ob</strong></span> <span class='ocrx_word' id='word_1_526' title='bbox 2598 2898 2825 2953; x_wconf 75' lang='lat' dir='ltr'><strong>facturae</strong></span> <span class='ocrx_word' id='word_1_527' title='bbox 2865 2914 3058 2953; x_wconf 86' lang='lat' dir='ltr'><strong>nomen</strong></span> <span class='ocrx_word' id='word_1_528' title='bbox 3098 2897 3324 2952; x_wconf 91' lang='lat' dir='ltr'><strong>Domino</strong></span> <span class='ocrx_word' id='word_1_529' title='bbox 3348 2896 3449 2950; x_wconf 90' lang='lat' dir='ltr'><strong>im-</strong></span> 
     </span>
    </p>
   </div>
   <div class='ocr_carea' id='block_1_72' title="bbox 1891 2988 3446 3057">
    <p class='ocr_par' dir='ltr' id='par_1_72' title="bbox 1891 2988 3446 3057">
     <span class='ocr_line' id='line_1_72' title="bbox 1891 2988 3446 3057; baseline -0.003 -16"><span class='ocrx_word' id='word_1_530' title='bbox 1891 2988 2123 3056; x_wconf 86' lang='lat' dir='ltr'><strong>positum</strong></span> <span class='ocrx_word' id='word_1_531' title='bbox 2161 2998 2476 3054; x_wconf 89' lang='lat' dir='ltr'><strong>nascuntur,</strong></span> <span class='ocrx_word' id='word_1_532' title='bbox 2508 3003 2841 3057; x_wconf 79' lang='lat' dir='ltr'><strong>nequaquam</strong></span> <span class='ocrx_word' id='word_1_533' title='bbox 2874 2989 3060 3042; x_wconf 86' lang='lat' dir='ltr'><strong>evitat.</strong></span> <span class='ocrx_word' id='word_1_534' title='bbox 3091 2988 3155 3041; x_wconf 81' lang='lat' dir='ltr'><strong>Et</strong></span> <span class='ocrx_word' id='word_1_535' title='bbox 3191 3003 3318 3042; x_wconf 86' lang='lat' dir='ltr'><strong>vero</strong></span> <span class='ocrx_word' id='word_1_536' title='bbox 3350 3002 3446 3055; x_wconf 79' lang='lat' dir='ltr'><strong>ge.-</strong></span> 
     </span>
    </p>
   </div>
   <div class='ocr_carea' id='block_1_73' title="bbox 1893 3080 3447 3148">
    <p class='ocr_par' dir='ltr' id='par_1_73' title="bbox 1893 3080 3447 3148">
     <span class='ocr_line' id='line_1_73' title="bbox 1893 3080 3447 3148; baseline -0.001 -15"><span class='ocrx_word' id='word_1_537' title='bbox 1893 3080 2224 3133; x_wconf 88' lang='lat' dir='ltr'><strong>neratiouem</strong></span> <span class='ocrx_word' id='word_1_538' title='bbox 2274 3094 2585 3147; x_wconf 82' lang='lat' dir='ltr'><strong>corpoream</strong></span> <span class='ocrx_word' id='word_1_539' title='bbox 2618 3096 2737 3134; x_wconf 85' lang='lat' dir='ltr'><strong>esse</strong></span> <span class='ocrx_word' id='word_1_540' title='bbox 2762 3083 2857 3147; x_wconf 89' lang='lat' dir='ltr'><strong>qui</strong></span> <span class='ocrx_word' id='word_1_541' title='bbox 2884 3082 3063 3133; x_wconf 91' lang='lat' dir='ltr'><strong>animo</strong></span> <span class='ocrx_word' id='word_1_542' title='bbox 3098 3081 3270 3148; x_wconf 82' lang='lat' dir='ltr'><strong>lingit,</strong></span> <span class='ocrx_word' id='word_1_543' title='bbox 3308 3080 3447 3133; x_wconf 86' lang='lat' dir='ltr'><strong>idem</strong></span> 
     </span>
    </p>
   </div>
   <div class='ocr_carea' id='block_1_74' title="bbox 1892 3170 3448 3241">
    <p class='ocr_par' dir='ltr' id='par_1_74' title="bbox 1892 3170 3448 3241">
     <span class='ocr_line' id='line_1_74' title="bbox 1892 3170 3448 3241; baseline -0.001 -15"><span class='ocrx_word' id='word_1_544' title='bbox 1892 3174 2079 3241; x_wconf 83' lang='lat' dir='ltr'><strong>utique</strong></span> <span class='ocrx_word' id='word_1_545' title='bbox 2108 3170 2172 3223; x_wconf 90' lang='lat' dir='ltr'><strong>ad</strong></span> <span class='ocrx_word' id='word_1_546' title='bbox 2209 3170 2516 3224; x_wconf 90' lang='lat' dir='ltr'><strong>materiales</strong></span> <span class='ocrx_word' id='word_1_547' title='bbox 2536 3171 2697 3224; x_wconf 89' lang='lat' dir='ltr'><strong>etiam</strong></span> <span class='ocrx_word' id='word_1_548' title='bbox 2736 3170 2989 3225; x_wconf 81' lang='lat' dir='ltr'><strong>factionis</strong></span> <span class='ocrx_word' id='word_1_549' title='bbox 3036 3172 3223 3225; x_wconf 91' lang='lat' dir='ltr'><strong>modos</strong></span> <span class='ocrx_word' id='word_1_550' title='bbox 3258 3170 3448 3225; x_wconf 80' lang='lat' dir='ltr'><strong>deduci</strong></span> 
     </span>
    </p>
   </div>
   <div class='ocr_carea' id='block_1_75' title="bbox 1893 3262 3446 3334">
    <p class='ocr_par' dir='ltr' id='par_1_75' title="bbox 1893 3262 3446 3334">
     <span class='ocr_line' id='line_1_75' title="bbox 1893 3262 3446 3334; baseline -0.001 -15"><span class='ocrx_word' id='word_1_551' title='bbox 1893 3265 2105 3334; x_wconf 90' lang='lat' dir='ltr'><strong>poterit.</strong></span> <span class='ocrx_word' id='word_1_552' title='bbox 2143 3262 2253 3318; x_wconf 88' lang='lat' dir='ltr'><strong>Nec</strong></span> <span class='ocrx_word' id='word_1_553' title='bbox 2294 3263 2438 3317; x_wconf 90' lang='lat' dir='ltr'><strong>enim</strong></span> <span class='ocrx_word' id='word_1_554' title='bbox 2472 3263 2815 3333; x_wconf 84' lang='lat' dir='ltr'><strong>partitionem</strong></span> <span class='ocrx_word' id='word_1_555' title='bbox 2854 3264 3158 3332; x_wconf 81' lang='lat' dir='ltr'><strong>quampiam</strong></span> <span class='ocrx_word' id='word_1_556' title='bbox 3186 3274 3240 3318; x_wconf 90' lang='lat' dir='ltr'><strong>et</strong></span> <span class='ocrx_word' id='word_1_557' title='bbox 3272 3273 3446 3318; x_wconf 90' lang='lat' dir='ltr'><strong>trans-</strong></span> 
     </span>
    </p>
   </div>
   <div class='ocr_carea' id='block_1_76' title="bbox 1896 3353 3446 3423">
    <p class='ocr_par' dir='ltr' id='par_1_76' title="bbox 1896 3353 3446 3423">
     <span class='ocr_line' id='line_1_76' title="bbox 1896 3353 3446 3423; baseline -0.001 -15"><span class='ocrx_word' id='word_1_558' title='bbox 1896 3358 2025 3409; x_wconf 89' lang='lat' dir='ltr'><strong>itum</strong></span> <span class='ocrx_word' id='word_1_559' title='bbox 2065 3366 2155 3408; x_wconf 88' lang='lat' dir='ltr'><strong>aut</strong></span> <span class='ocrx_word' id='word_1_560' title='bbox 2181 3354 2402 3421; x_wconf 71' lang='lat' dir='ltr'><strong>fluxuun,</strong></span> <span class='ocrx_word' id='word_1_561' title='bbox 2438 3356 2527 3423; x_wconf 87' lang='lat' dir='ltr'><strong>qui</strong></span> <span class='ocrx_word' id='word_1_562' title='bbox 2559 3370 2620 3409; x_wconf 84' lang='lat' dir='ltr'><strong>ex</strong></span> <span class='ocrx_word' id='word_1_563' title='bbox 2655 3354 2959 3423; x_wconf 87' lang='lat' dir='ltr'><strong>generantis</strong></span> <span class='ocrx_word' id='word_1_564' title='bbox 2994 3354 3289 3408; x_wconf 85' lang='lat' dir='ltr'><strong>substantia</strong></span> <span class='ocrx_word' id='word_1_565' title='bbox 3330 3353 3446 3417; x_wconf 74' lang='lat' dir='ltr'><strong>ﬁat,</strong></span> 
     </span>
    </p>
   </div>
   <div class='ocr_carea' id='block_1_77' title="bbox 1897 3445 3448 3515">
    <p class='ocr_par' dir='ltr' id='par_1_77' title="bbox 1897 3445 3448 3515">
     <span class='ocr_line' id='line_1_77' title="bbox 1897 3445 3448 3515; baseline -0.001 -16"><span class='ocrx_word' id='word_1_566' title='bbox 1897 3445 1964 3510; x_wconf 87' lang='lat' dir='ltr'><strong>is,</strong></span> <span class='ocrx_word' id='word_1_567' title='bbox 1994 3446 2084 3514; x_wconf 86' lang='lat' dir='ltr'><strong>qui</strong></span> <span class='ocrx_word' id='word_1_568' title='bbox 2114 3446 2399 3501; x_wconf 86' lang='lat' dir='ltr'><strong>imbecillis</strong></span> <span class='ocrx_word' id='word_1_569' title='bbox 2424 3450 2526 3509; x_wconf 84' lang='lat' dir='ltr'><strong>est,</strong></span> <span class='ocrx_word' id='word_1_570' title='bbox 2562 3461 2626 3499; x_wconf 74' lang='lat' dir='ltr'><strong>ex</strong></span> <span class='ocrx_word' id='word_1_571' title='bbox 2660 3448 2951 3515; x_wconf 83' lang='lat' dir='ltr'><strong>generandi</strong></span> <span class='ocrx_word' id='word_1_572' title='bbox 2990 3460 3120 3500; x_wconf 87' lang='lat' dir='ltr'><strong>voce</strong></span> <span class='ocrx_word' id='word_1_573' title='bbox 3156 3445 3448 3515; x_wconf 87' lang='lat' dir='ltr'><strong>intelliget;</strong></span> 
     </span>
    </p>
   </div>
   <div class='ocr_carea' id='block_1_78' title="bbox 1895 3534 3454 3602">
    <p class='ocr_par' dir='ltr' id='par_1_78' title="bbox 1895 3534 3454 3602">
     <span class='ocr_line' id='line_1_78' title="bbox 1895 3534 3454 3602; baseline -0.002 -13"><span class='ocrx_word' id='word_1_574' title='bbox 1895 3537 2175 3589; x_wconf 85' lang='lat' dir='ltr'><strong>materiam</strong></span> <span class='ocrx_word' id='word_1_575' title='bbox 2208 3552 2335 3590; x_wconf 86' lang='lat' dir='ltr'><strong>vero</strong></span> <span class='ocrx_word' id='word_1_576' title='bbox 2366 3551 2483 3602; x_wconf 69' lang='lat' dir='ltr'><strong>qum</strong></span> <span class='ocrx_word' id='word_1_577' title='bbox 2519 3536 2856 3590; x_wconf 78' lang='lat' dir='ltr'><strong>extrinsecus</strong></span> <span class='ocrx_word' id='word_1_578' title='bbox 2882 3550 2947 3589; x_wconf 81' lang='lat' dir='ltr'><strong>ex</strong></span> <span class='ocrx_word' id='word_1_579' title='bbox 2981 3534 3148 3590; x_wconf 81' lang='lat' dir='ltr'><strong>nihilo</strong></span> <span class='ocrx_word' id='word_1_580' title='bbox 3176 3536 3242 3589; x_wconf 89' lang='lat' dir='ltr'><strong>ad</strong></span> <span class='ocrx_word' id='word_1_581' title='bbox 3278 3536 3454 3590; x_wconf 78' lang='lat' dir='ltr'><strong>factu-</strong></span> 
     </span>
    </p>
   </div>
   <div class='ocr_carea' id='block_1_79' title="bbox 1895 3626 3448 3692">
    <p class='ocr_par' dir='ltr' id='par_1_79' title="bbox 1895 3626 3448 3692">
     <span class='ocr_line' id='line_1_79' title="bbox 1895 3626 3448 3692; baseline -0.002 -11"><span class='ocrx_word' id='word_1_582' title='bbox 1895 3642 1988 3692; x_wconf 68' lang='lat' dir='ltr'><strong>rtr,</strong></span> <span class='ocrx_word' id='word_1_583' title='bbox 2028 3637 2085 3680; x_wconf 89' lang='lat' dir='ltr'><strong>ut</strong></span> <span class='ocrx_word' id='word_1_584' title='bbox 2108 3642 2203 3680; x_wconf 89' lang='lat' dir='ltr'><strong>vos</strong></span> <span class='ocrx_word' id='word_1_585' title='bbox 2239 3627 2436 3691; x_wconf 79' lang='lat' dir='ltr'><strong>dicitis,</strong></span> <span class='ocrx_word' id='word_1_586' title='bbox 2482 3628 2909 3680; x_wconf 81' lang='lat' dir='ltr'><strong>constituendam</strong></span> <span class='ocrx_word' id='word_1_587' title='bbox 2954 3626 3305 3680; x_wconf 82' lang='lat' dir='ltr'><strong>substantiam</strong></span> <span class='ocrx_word' id='word_1_588' title='bbox 3352 3626 3448 3679; x_wconf 87' lang='lat' dir='ltr'><strong>ad-</strong></span> 
     </span>
    </p>
   </div>
   <div class='ocr_carea' id='block_1_80' title="bbox 1895 3714 3452 3783">
    <p class='ocr_par' dir='ltr' id='par_1_80' title="bbox 1895 3714 3452 3783">
     <span class='ocr_line' id='line_1_80' title="bbox 1895 3714 3452 3783; baseline 0.001 -16"><span class='ocrx_word' id='word_1_589' title='bbox 1895 3726 2044 3769; x_wconf 86' lang='lat' dir='ltr'><strong>vecta</strong></span> <span class='ocrx_word' id='word_1_590' title='bbox 2091 3716 2180 3781; x_wconf 86' lang='lat' dir='ltr'><strong>sit,</strong></span> <span class='ocrx_word' id='word_1_591' title='bbox 2214 3732 2317 3768; x_wconf 93' lang='lat' dir='ltr'><strong>non</strong></span> <span class='ocrx_word' id='word_1_592' title='bbox 2352 3716 2649 3770; x_wconf 81' lang='lat' dir='ltr'><strong>adducetur</strong></span> <span class='ocrx_word' id='word_1_593' title='bbox 2678 3725 2734 3767; x_wconf 90' lang='lat' dir='ltr'><strong>ut</strong></span> <span class='ocrx_word' id='word_1_594' title='bbox 2783 3717 2963 3769; x_wconf 85' lang='lat' dir='ltr'><strong>animo</strong></span> <span class='ocrx_word' id='word_1_595' title='bbox 3011 3715 3298 3783; x_wconf 85' lang='lat' dir='ltr'><strong>concipiat.</strong></span> <span class='ocrx_word' id='word_1_596' title='bbox 3341 3714 3452 3769; x_wconf 87' lang='lat' dir='ltr'><strong>Cur</strong></span> 
     </span>
    </p>
   </div>
   <div class='ocr_carea' id='block_1_81' title="bbox 1894 3804 3453 3877">
    <p class='ocr_par' dir='ltr' id='par_1_81' title="bbox 1894 3804 3453 3877">
     <span class='ocr_line' id='line_1_81' title="bbox 1894 3804 3453 3877; baseline -0.001 -17"><span class='ocrx_word' id='word_1_597' title='bbox 1894 3808 2058 3877; x_wconf 83' lang='lat' dir='ltr'><strong>igitur</strong></span> <span class='ocrx_word' id='word_1_598' title='bbox 2096 3808 2484 3876; x_wconf 85' lang='lat' dir='ltr'><strong>cogitationum</strong></span> <span class='ocrx_word' id='word_1_599' title='bbox 2536 3806 2863 3875; x_wconf 71' lang='lat' dir='ltr'><strong>aegritudini,</strong></span> <span class='ocrx_word' id='word_1_600' title='bbox 2910 3820 3015 3875; x_wconf 90' lang='lat' dir='ltr'><strong>qua</strong></span> <span class='ocrx_word' id='word_1_601' title='bbox 3067 3804 3265 3859; x_wconf 81' lang='lat' dir='ltr'><strong>fratres</strong></span> <span class='ocrx_word' id='word_1_602' title='bbox 3305 3805 3453 3859; x_wconf 79' lang='lat' dir='ltr'><strong>labo-</strong></span> 
     </span>
    </p>
   </div>
   <div class='ocr_carea' id='block_1_82' title="bbox 1895 3900 3455 3968">
    <p class='ocr_par' dir='ltr' id='par_1_82' title="bbox 1895 3900 3455 3968">
     <span class='ocr_line' id='line_1_82' title="bbox 1895 3900 3455 3968; baseline -0.002 -14"><span class='ocrx_word' id='word_1_603' title='bbox 1895 3910 2033 3960; x_wconf 81' lang='lat' dir='ltr'><strong>rant.</strong></span> <span class='ocrx_word' id='word_1_604' title='bbox 2066 3901 2236 3954; x_wconf 88' lang='lat' dir='ltr'><strong>media</strong></span> <span class='ocrx_word' id='word_1_605' title='bbox 2264 3915 2329 3954; x_wconf 84' lang='lat' dir='ltr'><strong>ex</strong></span> <span class='ocrx_word' id='word_1_606' title='bbox 2363 3910 2513 3968; x_wconf 86' lang='lat' dir='ltr'><strong>parte</strong></span> <span class='ocrx_word' id='word_1_607' title='bbox 2543 3901 2805 3963; x_wconf 84' lang='lat' dir='ltr'><strong>medetur,</strong></span> <span class='ocrx_word' id='word_1_608' title='bbox 2833 3909 3093 3953; x_wconf 87' lang='lat' dir='ltr'><strong>eteorum</strong></span> <span class='ocrx_word' id='word_1_609' title='bbox 3132 3900 3221 3967; x_wconf 91' lang='lat' dir='ltr'><strong>qui</strong></span> <span class='ocrx_word' id='word_1_610' title='bbox 3263 3913 3455 3967; x_wconf 82' lang='lat' dir='ltr'><strong>corpo-</strong></span> 
     </span>
    </p>
   </div>
   <div class='ocr_carea' id='block_1_83' title="bbox 1896 3990 3452 4058">
    <p class='ocr_par' dir='ltr' id='par_1_83' title="bbox 1896 3990 3452 4058">
     <span class='ocr_line' id='line_1_83' title="bbox 1896 3990 3452 4058; baseline 0.001 -16"><span class='ocrx_word' id='word_1_611' title='bbox 1896 4005 2041 4043; x_wconf 90' lang='lat' dir='ltr'><strong>ream</strong></span> <span class='ocrx_word' id='word_1_612' title='bbox 2078 3991 2477 4058; x_wconf 87' lang='lat' dir='ltr'><strong>generalioncm</strong></span> <span class='ocrx_word' id='word_1_613' title='bbox 2532 3990 2856 4058; x_wconf 86' lang='lat' dir='ltr'><strong>intelligunt,</strong></span> <span class='ocrx_word' id='word_1_614' title='bbox 2893 4000 3142 4058; x_wconf 86' lang='lat' dir='ltr'><strong>suscepta</strong></span> <span class='ocrx_word' id='word_1_615' title='bbox 3180 4006 3331 4053; x_wconf 88' lang='lat' dir='ltr'><strong>cura,</strong></span> <span class='ocrx_word' id='word_1_616' title='bbox 3359 4004 3452 4043; x_wconf 88' lang='lat' dir='ltr'><strong>eos</strong></span> 
     </span>
    </p>
   </div>
   <div class='ocr_carea' id='block_1_84' title="bbox 1896 4080 3452 4151">
    <p class='ocr_par' dir='ltr' id='par_1_84' title="bbox 1896 4080 3452 4151">
     <span class='ocr_line' id='line_1_84' title="bbox 1896 4080 3452 4151; baseline 0 -19"><span class='ocrx_word' id='word_1_617' title='bbox 1896 4082 2089 4148; x_wconf 89' lang='lat' dir='ltr'><strong>quibus</strong></span> <span class='ocrx_word' id='word_1_618' title='bbox 2124 4082 2347 4134; x_wconf 79' lang='lat' dir='ltr'><strong>factura:</strong></span> <span class='ocrx_word' id='word_1_619' title='bbox 2408 4080 2694 4148; x_wconf 83' lang='lat' dir='ltr'><strong>appellatio</strong></span> <span class='ocrx_word' id='word_1_620' title='bbox 2730 4081 3016 4135; x_wconf 77' lang='lat' dir='ltr'><strong>offensioni</strong></span> <span class='ocrx_word' id='word_1_621' title='bbox 3051 4090 3152 4145; x_wconf 82' lang='lat' dir='ltr'><strong>est,</strong></span> <span class='ocrx_word' id='word_1_622' title='bbox 3201 4080 3452 4151; x_wconf 65' lang='lat' dir='ltr'><strong>negligit!</strong></span> 
     </span>
    </p>
   </div>
   <div class='ocr_carea' id='block_1_85' title="bbox 1898 4170 3449 4241">
    <p class='ocr_par' dir='ltr' id='par_1_85' title="bbox 1898 4170 3449 4241">
     <span class='ocr_line' id='line_1_85' title="bbox 1898 4170 3449 4241; baseline 0.005 -23"><span class='ocrx_word' id='word_1_623' title='bbox 1898 4170 2160 4234; x_wconf 77' lang='lat' dir='ltr'><strong>Quoniam</strong></span> <span class='ocrx_word' id='word_1_624' title='bbox 2205 4174 2303 4223; x_wconf 78' lang='lat' dir='ltr'><strong>hoc</strong></span> <span class='ocrx_word' id='word_1_625' title='bbox 2344 4171 2579 4238; x_wconf 89' lang='lat' dir='ltr'><strong>quidem,</strong></span> <span class='ocrx_word' id='word_1_626' title='bbox 2605 4172 2829 4239; x_wconf 68' lang='lat' dir='ltr'><strong>genitum</strong></span> <span class='ocrx_word' id='word_1_627' title='bbox 2856 4190 2986 4232; x_wconf 77' lang='lat' dir='ltr'><strong>esse,</strong></span> <span class='ocrx_word' id='word_1_628' title='bbox 3016 4174 3127 4239; x_wconf 70' lang='lat' dir='ltr'><strong>suis</strong></span> <span class='ocrx_word' id='word_1_629' title='bbox 3162 4173 3329 4241; x_wconf 88' lang='lat' dir='ltr'><strong>ipsius</strong></span> <span class='ocrx_word' id='word_1_630' title='bbox 3350 4172 3449 4226; x_wconf 67' lang='lat' dir='ltr'><strong>tic-</strong></span> 
     </span>
    </p>
   </div>
   <div class='ocr_carea' id='block_1_86' title="bbox 1900 4260 3451 4332">
    <p class='ocr_par' dir='ltr' id='par_1_86' title="bbox 1900 4260 3451 4332">
     <span class='ocr_line' id='line_1_86' title="bbox 1900 4260 3451 4332; baseline 0.001 -20"><span class='ocrx_word' id='word_1_631' title='bbox 1900 4260 2163 4329; x_wconf 86' lang='lat' dir='ltr'><strong>gmatibus</strong></span> <span class='ocrx_word' id='word_1_632' title='bbox 2194 4261 2518 4314; x_wconf 87' lang='lat' dir='ltr'><strong>contrarium</strong></span> <span class='ocrx_word' id='word_1_633' title='bbox 2551 4262 2719 4327; x_wconf 91' lang='lat' dir='ltr'><strong>novit,</strong></span> <span class='ocrx_word' id='word_1_634' title='bbox 2746 4278 2871 4316; x_wconf 86' lang='lat' dir='ltr'><strong>cum</strong></span> <span class='ocrx_word' id='word_1_635' title='bbox 2910 4264 3123 4330; x_wconf 88' lang='lat' dir='ltr'><strong>genitus</strong></span> <span class='ocrx_word' id='word_1_636' title='bbox 3150 4278 3268 4316; x_wconf 92' lang='lat' dir='ltr'><strong>cum</strong></span> <span class='ocrx_word' id='word_1_637' title='bbox 3293 4262 3451 4332; x_wconf 71' lang='lat' dir='ltr'><strong>geni-</strong></span> 
     </span>
    </p>
   </div>
   <div class='ocr_carea' id='block_1_87' title="bbox 1901 4351 3453 4420">
    <p class='ocr_par' dir='ltr' id='par_1_87' title="bbox 1901 4351 3453 4420">
     <span class='ocr_line' id='line_1_87' title="bbox 1901 4351 3453 4420; baseline -0.001 -16"><span class='ocrx_word' id='word_1_638' title='bbox 1901 4362 2016 4404; x_wconf 90' lang='lat' dir='ltr'><strong>tore</strong></span> <span class='ocrx_word' id='word_1_639' title='bbox 2046 4351 2329 4420; x_wconf 80' lang='lat' dir='ltr'><strong>conjumte</strong></span> <span class='ocrx_word' id='word_1_640' title='bbox 2352 4352 2572 4406; x_wconf 90' lang='lat' dir='ltr'><strong>omnino</strong></span> <span class='ocrx_word' id='word_1_641' title='bbox 2598 4368 2661 4406; x_wconf 88' lang='lat' dir='ltr'><strong>ac</strong></span> <span class='ocrx_word' id='word_1_642' title='bbox 2690 4352 2825 4406; x_wconf 89' lang='lat' dir='ltr'><strong>citra</strong></span> <span class='ocrx_word' id='word_1_643' title='bbox 2852 4353 3216 4407; x_wconf 83' lang='lat' dir='ltr'><strong>diversitatem</strong></span> <span class='ocrx_word' id='word_1_644' title='bbox 3250 4353 3453 4406; x_wconf 85' lang='lat' dir='ltr'><strong>habere</strong></span> 
     </span>
    </p>
   </div>
   <div class='ocr_carea' id='block_1_88' title="bbox 1899 4439 3449 4509">
    <p class='ocr_par' dir='ltr' id='par_1_88' title="bbox 1899 4439 3449 4509">
     <span class='ocr_line' id='line_1_88' title="bbox 1899 4439 3449 4509; baseline -0.003 -14"><span class='ocrx_word' id='word_1_645' title='bbox 1899 4456 1956 4496; x_wconf 89' lang='lat' dir='ltr'><strong>se</strong></span> <span class='ocrx_word' id='word_1_646' title='bbox 1975 4440 2166 4494; x_wconf 88' lang='lat' dir='ltr'><strong>debeat</strong></span> <span class='ocrx_word' id='word_1_647' title='bbox 2180 4456 2198 4505; x_wconf 16' lang='lat' dir='ltr'><strong>V;</strong></span> <span class='ocrx_word' id='word_1_648' title='bbox 2218 4440 2343 4494; x_wconf 90' lang='lat' dir='ltr'><strong>illud</strong></span> <span class='ocrx_word' id='word_1_649' title='bbox 2364 4455 2509 4505; x_wconf 88' lang='lat' dir='ltr'><strong>vero,</strong></span> <span class='ocrx_word' id='word_1_650' title='bbox 2528 4441 2726 4509; x_wconf 71' lang='lat' dir='ltr'><strong>factum</strong></span> <span class='ocrx_word' id='word_1_651' title='bbox 2747 4457 2877 4505; x_wconf 76' lang='lat' dir='ltr'><strong>esse,</strong></span> <span class='ocrx_word' id='word_1_652' title='bbox 2896 4456 3069 4495; x_wconf 75' lang='lat' dir='ltr'><strong>causze</strong></span> <span class='ocrx_word' id='word_1_653' title='bbox 3089 4455 3201 4493; x_wconf 60' lang='lat' dir='ltr'><strong>suae</strong></span> <span class='ocrx_word' id='word_1_654' title='bbox 3217 4439 3449 4493; x_wconf 84' lang='lat' dir='ltr'><strong>amicum</strong></span> 
     </span>
    </p>
   </div>
   <div class='ocr_carea' id='block_1_89' title="bbox 294 4631 1964 4715">
    <p class='ocr_par' dir='ltr' id='par_1_89' title="bbox 294 4631 1964 4715">
     <span class='ocr_line' id='line_1_89' title="bbox 294 4631 1964 4715; baseline 0.001 -18"><span class='ocrx_word' id='word_1_655' title='bbox 294 4641 409 4713; x_wconf 74' lang='grc'><strong>(26)</strong></span> <span class='ocrx_word' id='word_1_656' title='bbox 436 4642 658 4698; x_wconf 87' lang='lat' dir='ltr'><strong>Codices</strong></span> <span class='ocrx_word' id='word_1_657' title='bbox 698 4652 809 4715; x_wconf 79' lang='lat' dir='ltr'><strong>tres</strong></span> <span class='ocrx_word' id='word_1_658' title='bbox 854 4641 1085 4712; x_wconf 85' lang='grc' dir='ltr'>ποίημα,</span> <span class='ocrx_word' id='word_1_659' title='bbox 1146 4641 1247 4694; x_wconf 69' lang='grc' dir='ltr'>κᾶν</span> <span class='ocrx_word' id='word_1_660' title='bbox 1299 4641 1641 4709; x_wconf 79' lang='grc' dir='ltr'>ὲχεκὼφωτο,</span> <span class='ocrx_word' id='word_1_661' title='bbox 1672 4643 1791 4715; x_wconf 15' lang='grc' dir='ltr'>νεῑιιε</span> <span class='ocrx_word' id='word_1_662' title='bbox 1822 4631 1865 4684; x_wconf 82' lang='grc' dir='ltr'>Ῑ)</span> <span class='ocrx_word' id='word_1_663' title='bbox 1898 4644 1964 4698; x_wconf 89' lang='lat' dir='ltr'><strong>fin</strong></span> 
     </span>
    </p>
   </div>
   <div class='ocr_carea' id='block_1_90' title="bbox 1778 4631 3448 4715">
    <p class='ocr_par' dir='ltr' id='par_1_90' title="bbox 1778 4631 3448 4715">
     <span class='ocr_line' id='line_1_90' title="bbox 1778 4631 3448 4715; baseline 0.001 -20"><span class='ocrx_word' id='word_1_664' title='bbox 1778 4657 1791 4695; x_wconf 69' lang='grc' dir='ltr'><strong>ε</strong></span> <span class='ocrx_word' id='word_1_665' title='bbox 1822 4631 1865 4684; x_wconf 83' lang='grc' dir='ltr'>Ῑ)</span> <span class='ocrx_word' id='word_1_666' title='bbox 1898 4644 2062 4715; x_wconf 86' lang='lat' dir='ltr'><strong>ﬁngat</strong></span> <span class='ocrx_word' id='word_1_667' title='bbox 2092 4656 2183 4700; x_wconf 87' lang='lat' dir='ltr'><strong>aut</strong></span> <span class='ocrx_word' id='word_1_668' title='bbox 2222 4645 2587 4711; x_wconf 86' lang='lat' dir='ltr'><strong>partitionem,</strong></span> <span class='ocrx_word' id='word_1_669' title='bbox 2624 4651 2715 4715; x_wconf 65' lang='lat' dir='ltr'><strong>ait}</strong></span> <span class='ocrx_word' id='word_1_670' title='bbox 2758 4641 3062 4715; x_wconf 87' lang='lat' dir='ltr'><strong>transitum,</strong></span> <span class='ocrx_word' id='word_1_671' title='bbox 3095 4654 3186 4697; x_wconf 92' lang='lat' dir='ltr'><strong>aut</strong></span> <span class='ocrx_word' id='word_1_672' title='bbox 3214 4644 3448 4714; x_wconf 80' lang='lat' dir='ltr'><strong>aliquem</strong></span> 
     </span>
    </p>
   </div>
   <div class='ocr_carea' id='block_1_91' title="bbox 220 4713 1792 4783">
    <p class='ocr_par' dir='ltr' id='par_1_91' title="bbox 220 4713 1792 4783">
     <span class='ocr_line' id='line_1_91' title="bbox 220 4713 1792 4783; baseline -0.002 -16"><span class='ocrx_word' id='word_1_673' title='bbox 220 4725 357 4767; x_wconf 82' lang='lat' dir='ltr'><strong>nota</strong></span> <span class='ocrx_word' id='word_1_674' title='bbox 398 4713 850 4783; x_wconf 87' lang='lat' dir='ltr'><strong>interrogationis,</strong></span> <span class='ocrx_word' id='word_1_675' title='bbox 892 4716 1046 4765; x_wconf 83' lang='lat' dir='ltr'><strong>etiam</strong></span> <span class='ocrx_word' id='word_1_676' title='bbox 1078 4728 1230 4764; x_wconf 79' lang='lat' dir='ltr'><strong>aures</strong></span> <span class='ocrx_word' id='word_1_677' title='bbox 1271 4722 1461 4765; x_wconf 76' lang='lat' dir='ltr'><strong>nostrw</strong></span> <span class='ocrx_word' id='word_1_678' title='bbox 1487 4713 1792 4766; x_wconf 74' lang='lat' dir='ltr'><strong>obsurduis—</strong></span> 
     </span>
    </p>
   </div>
   <div class='ocr_carea' id='block_1_92' title="bbox 218 4795 366 4837">
    <p class='ocr_par' dir='ltr' id='par_1_92' title="bbox 218 4795 366 4837">
     <span class='ocr_line' id='line_1_92' title="bbox 218 4795 366 4837; baseline 0.014 -2"><span class='ocrx_word' id='word_1_679' title='bbox 218 4795 366 4837; x_wconf 76' lang='grc' dir='ltr'>εεηι.</span> 
     </span>
    </p>
   </div>
   <div class='ocr_carea' id='block_1_93' title="bbox 305 4851 1706 4923">
    <p class='ocr_par' dir='ltr' id='par_1_93' title="bbox 305 4851 1706 4923">
     <span class='ocr_line' id='line_1_93' title="bbox 305 4851 1706 4923; baseline 0.002 -18"><span class='ocrx_word' id='word_1_680' title='bbox 305 4855 419 4921; x_wconf 68' lang='lat'><strong>(27)</strong></span> <span class='ocrx_word' id='word_1_681' title='bbox 452 4853 665 4921; x_wconf 84' lang='lat' dir='ltr'><strong>Legitur</strong></span> <span class='ocrx_word' id='word_1_682' title='bbox 692 4852 741 4905; x_wconf 90' lang='lat' dir='ltr'><strong>in</strong></span> <span class='ocrx_word' id='word_1_683' title='bbox 767 4854 1006 4923; x_wconf 87' lang='lat' dir='ltr'><strong>margine</strong></span> <span class='ocrx_word' id='word_1_684' title='bbox 1035 4851 1183 4920; x_wconf 75' lang='lat' dir='ltr'><strong>Regii</strong></span> <span class='ocrx_word' id='word_1_685' title='bbox 1216 4853 1391 4918; x_wconf 90' lang='lat' dir='ltr'><strong>quarti</strong></span> <span class='ocrx_word' id='word_1_686' title='bbox 1425 4854 1706 4923; x_wconf 85' lang='grc' dir='ltr'>σαρκικός.</span> 
     </span>
    </p>
   </div>
   <div class='ocr_carea' id='block_1_94' title="bbox 303 4922 1794 4991">
    <p class='ocr_par' dir='ltr' id='par_1_94' title="bbox 303 4922 1794 4991">
     <span class='ocr_line' id='line_1_94' title="bbox 303 4922 1794 4991; baseline 0 -14"><span class='ocrx_word' id='word_1_687' title='bbox 303 4927 419 4991; x_wconf 69' lang='grc'><strong>«28)</strong></span> <span class='ocrx_word' id='word_1_688' title='bbox 463 4924 597 4975; x_wconf 76' lang='lat' dir='ltr'><strong>Editi</strong></span> <span class='ocrx_word' id='word_1_689' title='bbox 651 4924 728 4983; x_wconf 87' lang='grc' dir='ltr'><strong>είς</strong></span> <span class='ocrx_word' id='word_1_690' title='bbox 772 4922 838 4975; x_wconf 76' lang='grc' dir='ltr'><strong>τὰ</strong></span> <span class='ocrx_word' id='word_1_691' title='bbox 890 4922 1013 4985; x_wconf 80' lang='grc' dir='ltr'>ἔξω.</span> <span class='ocrx_word' id='word_1_692' title='bbox 1058 4924 1127 4973; x_wconf 85' lang='lat' dir='ltr'><strong>At</strong></span> <span class='ocrx_word' id='word_1_693' title='bbox 1174 4938 1303 4974; x_wconf 86' lang='lat' dir='ltr'><strong>mss.</strong></span> <span class='ocrx_word' id='word_1_694' title='bbox 1336 4922 1564 4988; x_wconf 87' lang='lat' dir='ltr'><strong>quatuor</strong></span> <span class='ocrx_word' id='word_1_695' title='bbox 1612 4927 1694 4987; x_wconf 86' lang='grc' dir='ltr'><strong>είς</strong></span> <span class='ocrx_word' id='word_1_696' title='bbox 1734 4925 1794 4977; x_wconf 85' lang='grc' dir='ltr'>τὸ</span> 
     </span>
    </p>
   </div>
   <div class='ocr_carea' id='block_1_95' title="bbox 217 4995 358 5050">
    <p class='ocr_par' dir='ltr' id='par_1_95' title="bbox 217 4995 358 5050">
     <span class='ocr_line' id='line_1_95' title="bbox 217 4995 358 5050; baseline 0 0"><span class='ocrx_word' id='word_1_697' title='bbox 217 4995 358 5050; x_wconf 67' lang='grc' dir='ltr'><strong>ἔξω.</strong></span> 
     </span>
    </p>
   </div>
   <div class='ocr_carea' id='block_1_96' title="bbox 254 5030 1797 5131">
    <p class='ocr_par' dir='ltr' id='par_1_96' title="bbox 254 5030 1797 5131">
     <span class='ocr_line' id='line_1_96' title="bbox 254 5030 1797 5131; baseline 0 -15"><span class='ocrx_word' id='word_1_698' title='bbox 254 5030 417 5129; x_wconf 49' lang='grc' dir='ltr'><strong>Τέθ)</strong></span> <span class='ocrx_word' id='word_1_699' title='bbox 445 5060 617 5114; x_wconf 80' lang='lat' dir='ltr'><strong>Codex</strong></span> <span class='ocrx_word' id='word_1_700' title='bbox 648 5075 781 5114; x_wconf 90' lang='lat' dir='ltr'><strong>unus</strong></span> <span class='ocrx_word' id='word_1_701' title='bbox 812 5061 903 5113; x_wconf 82' lang='grc' dir='ltr'><strong>τὸν</strong></span> <span class='ocrx_word' id='word_1_702' title='bbox 944 5060 1141 5114; x_wconf 78' lang='grc' dir='ltr'>σκοπὸν</span> <span class='ocrx_word' id='word_1_703' title='bbox 1166 5060 1283 5130; x_wconf 82' lang='grc' dir='ltr'>τῆς,</span> <span class='ocrx_word' id='word_1_704' title='bbox 1326 5064 1643 5129; x_wconf 75' lang='lat' dir='ltr'><strong>propositum</strong></span> <span class='ocrx_word' id='word_1_705' title='bbox 1679 5079 1797 5116; x_wconf 87' lang='lat' dir='ltr'><strong>con-</strong></span> 
     </span>
    </p>
   </div>
   <div class='ocr_carea' id='block_1_97' title="bbox 219 5131 777 5196">
    <p class='ocr_par' dir='ltr' id='par_1_97' title="bbox 219 5131 777 5196">
     <span class='ocr_line' id='line_1_97' title="bbox 219 5131 777 5196; baseline -0.002 -13"><span class='ocrx_word' id='word_1_706' title='bbox 219 5136 510 5196; x_wconf 70' lang='lat' dir='ltr'><strong>siliumque</strong></span> <span class='ocrx_word' id='word_1_707' title='bbox 540 5131 777 5183; x_wconf 74' lang='lat' dir='ltr'><strong>docendi.</strong></span> 
     </span>
    </p>
   </div>
   <div class='ocr_carea' id='block_1_98' title="bbox 301 5200 1792 5270">
    <p class='ocr_par' dir='ltr' id='par_1_98' title="bbox 301 5200 1792 5270">
     <span class='ocr_line' id='line_1_98' title="bbox 301 5200 1792 5270; baseline 0.002 -18"><span class='ocrx_word' id='word_1_708' title='bbox 301 5202 417 5269; x_wconf 81' lang='grc'><strong>(50)</strong></span> <span class='ocrx_word' id='word_1_709' title='bbox 449 5202 597 5260; x_wconf 88' lang='lat' dir='ltr'><strong>Illutl,</strong></span> <span class='ocrx_word' id='word_1_710' title='bbox 622 5200 717 5253; x_wconf 81' lang='grc' dir='ltr'><strong>καὶ</strong></span> <span class='ocrx_word' id='word_1_711' title='bbox 751 5200 853 5266; x_wconf 86' lang='grc' dir='ltr'>τὰς</span> <span class='ocrx_word' id='word_1_712' title='bbox 870 5200 1006 5269; x_wconf 79' lang='grc' dir='ltr'>μὲν,</span> <span class='ocrx_word' id='word_1_713' title='bbox 1046 5211 1173 5266; x_wconf 87' lang='lat' dir='ltr'><strong>etc.,</strong></span> <span class='ocrx_word' id='word_1_714' title='bbox 1207 5202 1404 5254; x_wconf 88' lang='lat' dir='ltr'><strong>dictum</strong></span> <span class='ocrx_word' id='word_1_715' title='bbox 1446 5210 1530 5255; x_wconf 87' lang='lat' dir='ltr'><strong>est</strong></span> <span class='ocrx_word' id='word_1_716' title='bbox 1561 5216 1655 5270; x_wconf 93' lang='lat' dir='ltr'><strong>per</strong></span> <span class='ocrx_word' id='word_1_717' title='bbox 1682 5200 1792 5255; x_wconf 89' lang='lat' dir='ltr'><strong>iro-</strong></span> 
     </span>
    </p>
   </div>
   <div class='ocr_carea' id='block_1_99' title="bbox 227 5271 1788 5337">
    <p class='ocr_par' dir='ltr' id='par_1_99' title="bbox 227 5271 1788 5337">
     <span class='ocr_line' id='line_1_99' title="bbox 227 5271 1788 5337; baseline -0.001 -12"><span class='ocrx_word' id='word_1_718' title='bbox 227 5274 402 5332; x_wconf 80' lang='lat' dir='ltr'><strong>niam,</strong></span> <span class='ocrx_word' id='word_1_719' title='bbox 450 5272 549 5323; x_wconf 84' lang='lat' dir='ltr'><strong>hac</strong></span> <span class='ocrx_word' id='word_1_720' title='bbox 587 5275 849 5325; x_wconf 84' lang='lat' dir='ltr'><strong>sententia</strong></span> <span class='ocrx_word' id='word_1_721' title='bbox 883 5290 894 5324; x_wconf 93' lang='lat'>:</span> <span class='ocrx_word' id='word_1_722' title='bbox 929 5272 1092 5337; x_wconf 81' lang='lat' dir='ltr'><strong>Quasi</strong></span> <span class='ocrx_word' id='word_1_723' title='bbox 1124 5286 1252 5325; x_wconf 87' lang='lat' dir='ltr'><strong>vero</strong></span> <span class='ocrx_word' id='word_1_724' title='bbox 1292 5271 1584 5325; x_wconf 85' lang='lat' dir='ltr'><strong>Eunomius</strong></span> <span class='ocrx_word' id='word_1_725' title='bbox 1619 5272 1788 5337; x_wconf 85' lang='lat' dir='ltr'><strong>timet,</strong></span> 
     </span>
    </p>
   </div>
   <div class='ocr_carea' id='block_1_100' title="bbox 226 5340 1789 5409">
    <p class='ocr_par' dir='ltr' id='par_1_100' title="bbox 226 5340 1789 5409">
     <span class='ocr_line' id='line_1_100' title="bbox 226 5340 1789 5409; baseline -0.001 -16"><span class='ocrx_word' id='word_1_726' title='bbox 226 5359 322 5405; x_wconf 84' lang='lat' dir='ltr'><strong>ne,</strong></span> <span class='ocrx_word' id='word_1_727' title='bbox 360 5340 717 5409; x_wconf 72' lang='lat' dir='ltr'><strong>generationis</strong></span> <span class='ocrx_word' id='word_1_728' title='bbox 762 5342 944 5393; x_wconf 86' lang='lat' dir='ltr'><strong>audito</strong></span> <span class='ocrx_word' id='word_1_729' title='bbox 994 5342 1226 5403; x_wconf 90' lang='lat' dir='ltr'><strong>nomine,</strong></span> <span class='ocrx_word' id='word_1_730' title='bbox 1286 5342 1530 5408; x_wconf 86' lang='lat' dir='ltr'><strong>corporei</strong></span> <span class='ocrx_word' id='word_1_731' title='bbox 1588 5342 1789 5409; x_wconf 85' lang='lat' dir='ltr'><strong>aliquid</strong></span> 
     </span>
    </p>
   </div>
   <div class='ocr_carea' id='block_1_101' title="bbox 224 5411 1792 5478">
    <p class='ocr_par' dir='ltr' id='par_1_101' title="bbox 224 5411 1792 5478">
     <span class='ocr_line' id='line_1_101' title="bbox 224 5411 1792 5478; baseline -0.003 -13"><span class='ocrx_word' id='word_1_732' title='bbox 224 5412 641 5477; x_wconf 76' lang='lat' dir='ltr'><strong>echgitemus;</strong></span> <span class='ocrx_word' id='word_1_733' title='bbox 673 5426 769 5463; x_wconf 88' lang='lat' dir='ltr'><strong>nec</strong></span> <span class='ocrx_word' id='word_1_734' title='bbox 822 5422 995 5465; x_wconf 88' lang='lat' dir='ltr'><strong>tamen</strong></span> <span class='ocrx_word' id='word_1_735' title='bbox 1029 5423 1242 5464; x_wconf 90' lang='lat' dir='ltr'><strong>veretur</strong></span> <span class='ocrx_word' id='word_1_736' title='bbox 1290 5411 1481 5463; x_wconf 82' lang='lat' dir='ltr'><strong>Filium</strong></span> <span class='ocrx_word' id='word_1_737' title='bbox 1529 5411 1792 5478; x_wconf 75' lang='lat' dir='ltr'><strong>facturum</strong></span> 
     </span>
    </p>
   </div>
   <div class='ocr_carea' id='block_1_102' title="bbox 227 5479 1792 5550">
    <p class='ocr_par' dir='ltr' id='par_1_102' title="bbox 227 5479 1792 5550">
     <span class='ocr_line' id='line_1_102' title="bbox 227 5479 1792 5550; baseline -0.003 -17"><span class='ocrx_word' id='word_1_738' title='bbox 227 5482 533 5533; x_wconf 87' lang='lat' dir='ltr'><strong>nominare.</strong></span> <span class='ocrx_word' id='word_1_739' title='bbox 567 5479 780 5533; x_wconf 86' lang='lat' dir='ltr'><strong>Scilicet</strong></span> <span class='ocrx_word' id='word_1_740' title='bbox 820 5480 951 5534; x_wconf 80' lang='lat' dir='ltr'><strong>Filio</strong></span> <span class='ocrx_word' id='word_1_741' title='bbox 980 5481 1229 5534; x_wconf 89' lang='lat' dir='ltr'><strong>convenit</strong></span> <span class='ocrx_word' id='word_1_742' title='bbox 1267 5482 1435 5550; x_wconf 89' lang='lat' dir='ltr'><strong>magis</strong></span> <span class='ocrx_word' id='word_1_743' title='bbox 1479 5496 1670 5533; x_wconf 88' lang='lat' dir='ltr'><strong>nomen</strong></span> <span class='ocrx_word' id='word_1_744' title='bbox 1712 5479 1792 5530; x_wconf 80' lang='lat' dir='ltr'><strong>fa-</strong></span> 
     </span>
    </p>
   </div>
   <div class='ocr_carea' id='block_1_103' title="bbox 224 5553 1011 5617">
    <p class='ocr_par' dir='ltr' id='par_1_103' title="bbox 224 5553 1011 5617">
     <span class='ocr_line' id='line_1_103' title="bbox 224 5553 1011 5617; baseline -0.003 -12"><span class='ocrx_word' id='word_1_745' title='bbox 224 5563 425 5611; x_wconf 62' lang='lat' dir='ltr'><strong>cturse,</strong></span> <span class='ocrx_word' id='word_1_746' title='bbox 454 5564 610 5617; x_wconf 85' lang='lat' dir='ltr'><strong>quam</strong></span> <span class='ocrx_word' id='word_1_747' title='bbox 635 5553 1011 5615; x_wconf 84' lang='lat' dir='ltr'><strong>generationis.</strong></span> 
     </span>
    </p>
   </div>
   <div class='ocr_carea' id='block_1_104' title="bbox 306 5618 1792 5689">
    <p class='ocr_par' dir='ltr' id='par_1_104' title="bbox 306 5618 1792 5689">
     <span class='ocr_line' id='line_1_104' title="bbox 306 5618 1792 5689; baseline -0.003 -17"><span class='ocrx_word' id='word_1_748' title='bbox 306 5622 418 5689; x_wconf 79' lang='grc'><strong>(51)</strong></span> <span class='ocrx_word' id='word_1_749' title='bbox 451 5623 541 5671; x_wconf 71' lang='grc' dir='ltr'><strong>διο</strong></span> <span class='ocrx_word' id='word_1_750' title='bbox 570 5634 696 5689; x_wconf 89' lang='lat' dir='ltr'><strong>m_ss.</strong></span> <span class='ocrx_word' id='word_1_751' title='bbox 743 5619 981 5689; x_wconf 81' lang='lat' dir='ltr'><strong>plerique</strong></span> <span class='ocrx_word' id='word_1_752' title='bbox 1026 5634 1232 5675; x_wconf 89' lang='lat' dir='ltr'><strong>omnes.</strong></span> <span class='ocrx_word' id='word_1_753' title='bbox 1285 5620 1423 5675; x_wconf 84' lang='lat' dir='ltr'><strong>Editi</strong></span> <span class='ocrx_word' id='word_1_754' title='bbox 1456 5618 1713 5684; x_wconf 76' lang='grc' dir='ltr'>Καίτοιγε</span> 
     </span>
    </p>
   </div>
   <div class='ocr_carea' id='block_1_105' title="bbox 227 5682 1795 5751">
    <p class='ocr_par' dir='ltr' id='par_1_105' title="bbox 227 5682 1795 5751">
     <span class='ocr_line' id='line_1_105' title="bbox 227 5682 1795 5751; baseline 0.004 -8"><span class='ocrx_word' id='word_1_755' title='bbox 227 5682 357 5743; x_wconf 67' lang='lat' dir='ltr'><strong>Mox</strong></span> <span class='ocrx_word' id='word_1_756' title='bbox 403 5682 534 5741; x_wconf 57' lang='lat' dir='ltr'><strong>&#39;editi</strong></span> <span class='ocrx_word' id='word_1_757' title='bbox 574 5682 830 5751; x_wconf 73' lang='grc' dir='ltr'>οὑτοςᾶν</span> <span class='ocrx_word' id='word_1_758' title='bbox 868 5682 979 5741; x_wconf 72' lang='grc' dir='ltr'>καί.</span> <span class='ocrx_word' id='word_1_759' title='bbox 1038 5693 1103 5743; x_wconf 82' lang='lat' dir='ltr'><strong>At</strong></span> <span class='ocrx_word' id='word_1_760' title='bbox 1146 5694 1249 5743; x_wconf 89' lang='lat' dir='ltr'><strong>duo</strong></span> <span class='ocrx_word' id='word_1_761' title='bbox 1289 5707 1417 5743; x_wconf 84' lang='lat' dir='ltr'><strong>mss.</strong></span> <span class='ocrx_word' id='word_1_762' title='bbox 1459 5691 1487 5740; x_wconf 86' lang='grc' dir='ltr'>ὁ</span> <span class='ocrx_word' id='word_1_763' title='bbox 1526 5682 1688 5750; x_wconf 60' lang='grc' dir='ltr'>αὑτὸς</span> <span class='ocrx_word' id='word_1_764' title='bbox 1731 5687 1795 5739; x_wconf 78' lang='grc' dir='ltr'><strong>ἂν</strong></span> 
     </span>
    </p>
   </div>
   <div class='ocr_carea' id='block_1_106' title="bbox 227 5761 352 5813">
    <p class='ocr_par' dir='ltr' id='par_1_106' title="bbox 227 5761 352 5813">
     <span class='ocr_line' id='line_1_106' title="bbox 227 5761 352 5813; baseline 0.008 -1"><span class='ocrx_word' id='word_1_765' title='bbox 227 5761 352 5813; x_wconf 82' lang='grc' dir='ltr'>καί.</span> 
     </span>
    </p>
   </div>
   <div class='ocr_carea' id='block_1_107' title="bbox 308 5827 1794 5900">
    <p class='ocr_par' dir='ltr' id='par_1_107' title="bbox 308 5827 1794 5900">
     <span class='ocr_line' id='line_1_107' title="bbox 308 5827 1794 5900; baseline -0.003 -18"><span class='ocrx_word' id='word_1_766' title='bbox 308 5830 421 5900; x_wconf 70' lang='lat'><strong>(52)</strong></span> <span class='ocrx_word' id='word_1_767' title='bbox 456 5830 565 5883; x_wconf 85' lang='lat' dir='ltr'><strong>Iluc</strong></span> <span class='ocrx_word' id='word_1_768' title='bbox 596 5829 723 5882; x_wconf 82' lang='lat' dir='ltr'><strong>dictt</strong></span> <span class='ocrx_word' id='word_1_769' title='bbox 752 5828 983 5900; x_wconf 81' lang='lat' dir='ltr'><strong>Basilius</strong></span> <span class='ocrx_word' id='word_1_770' title='bbox 1009 5847 1020 5880; x_wconf 92' lang='lat'><strong>:</strong></span> <span class='ocrx_word' id='word_1_771' title='bbox 1049 5828 1268 5900; x_wconf 78' lang='lat' dir='ltr'><strong>Siquis,</strong></span> <span class='ocrx_word' id='word_1_772' title='bbox 1302 5827 1665 5890; x_wconf 78' lang='lat' dir='ltr'><strong>generationis</strong></span> <span class='ocrx_word' id='word_1_773' title='bbox 1696 5843 1794 5877; x_wconf 84' lang='lat' dir='ltr'><strong>au-</strong></span> 
     </span>
    </p>
   </div>
   <div class='ocr_carea' id='block_1_108' title="bbox 234 5899 1793 5965">
    <p class='ocr_par' dir='ltr' id='par_1_108' title="bbox 234 5899 1793 5965">
     <span class='ocr_line' id='line_1_108' title="bbox 234 5899 1793 5965; baseline -0.004 -10"><span class='ocrx_word' id='word_1_774' title='bbox 234 5901 610 5963; x_wconf 64' lang='lat' dir='ltr'><strong>4‘lonomine,</strong></span> <span class='ocrx_word' id='word_1_775' title='bbox 642 5902 709 5953; x_wconf 91' lang='lat' dir='ltr'><strong>ob</strong></span> <span class='ocrx_word' id='word_1_776' title='bbox 750 5899 946 5965; x_wconf 78' lang='lat' dir='ltr'><strong>ingenii</strong></span> <span class='ocrx_word' id='word_1_777' title='bbox 998 5899 1418 5953; x_wconf 74' lang='lat' dir='ltr'><strong>imbecillitatem</strong></span> <span class='ocrx_word' id='word_1_778' title='bbox 1460 5900 1563 5953; x_wconf 83' lang='lat' dir='ltr'><strong>sibi</strong></span> <span class='ocrx_word' id='word_1_779' title='bbox 1612 5900 1793 5949; x_wconf 85' lang='lat' dir='ltr'><strong>animo</strong></span> 
     </span>
    </p>
   </div>
   <div class='ocr_carea' id='block_1_109' title="bbox 1898 4712 3449 4785">
    <p class='ocr_par' dir='ltr' id='par_1_109' title="bbox 1898 4712 3449 4785">
     <span class='ocr_line' id='line_1_109' title="bbox 1898 4712 3449 4785; baseline -0.003 -17"><span class='ocrx_word' id='word_1_780' title='bbox 1898 4731 1960 4768; x_wconf 82' lang='lat' dir='ltr'><strong>ex</strong></span> <span class='ocrx_word' id='word_1_781' title='bbox 1976 4712 2303 4785; x_wconf 55' lang='lat' dir='ltr'><strong>&#39;generantis</strong></span> <span class='ocrx_word' id='word_1_782' title='bbox 2332 4715 2627 4768; x_wconf 88' lang='lat' dir='ltr'><strong>substantia</strong></span> <span class='ocrx_word' id='word_1_783' title='bbox 2670 4712 2895 4785; x_wconf 78' lang='lat' dir='ltr'><strong>fluxum,</strong></span> <span class='ocrx_word' id='word_1_784' title='bbox 2931 4714 2993 4776; x_wconf 89' lang='lat' dir='ltr'><strong>is,</strong></span> <span class='ocrx_word' id='word_1_785' title='bbox 3020 4715 3108 4766; x_wconf 86' lang='lat' dir='ltr'><strong>ubi</strong></span> <span class='ocrx_word' id='word_1_786' title='bbox 3148 4712 3337 4770; x_wconf 82' lang='lat' dir='ltr'><strong>nomen</strong></span> <span class='ocrx_word' id='word_1_787' title='bbox 3366 4715 3449 4767; x_wconf 86' lang='lat' dir='ltr'><strong>fa-</strong></span> 
     </span>
    </p>
   </div>
   <div class='ocr_carea' id='block_1_110' title="bbox 1896 4784 3450 4851">
    <p class='ocr_par' dir='ltr' id='par_1_110' title="bbox 1896 4784 3450 4851">
     <span class='ocr_line' id='line_1_110' title="bbox 1896 4784 3450 4851; baseline -0.003 -13"><span class='ocrx_word' id='word_1_788' title='bbox 1896 4784 2061 4839; x_wconf 65' lang='lat' dir='ltr'><strong>cturae</strong></span> <span class='ocrx_word' id='word_1_789' title='bbox 2111 4786 2357 4847; x_wconf 88' lang='lat' dir='ltr'><strong>audierit,</strong></span> <span class='ocrx_word' id='word_1_790' title='bbox 2405 4785 2571 4835; x_wconf 90' lang='lat' dir='ltr'><strong>multo</strong></span> <span class='ocrx_word' id='word_1_791' title='bbox 2598 4784 2764 4850; x_wconf 85' lang='lat' dir='ltr'><strong>magis</strong></span> <span class='ocrx_word' id='word_1_792' title='bbox 2811 4786 3133 4851; x_wconf 79' lang='lat' dir='ltr'><strong>excogitabit</strong></span> <span class='ocrx_word' id='word_1_793' title='bbox 3168 4787 3450 4837; x_wconf 85' lang='lat' dir='ltr'><strong>materiam</strong></span> 
     </span>
    </p>
   </div>
   <div class='ocr_carea' id='block_1_111' title="bbox 1897 4852 3452 4923">
    <p class='ocr_par' dir='ltr' id='par_1_111' title="bbox 1897 4852 3452 4923">
     <span class='ocr_line' id='line_1_111' title="bbox 1897 4852 3452 4923; baseline -0.004 -16"><span class='ocrx_word' id='word_1_794' title='bbox 1897 4856 2129 4923; x_wconf 87' lang='lat' dir='ltr'><strong>aliquam</strong></span> <span class='ocrx_word' id='word_1_795' title='bbox 2164 4871 2227 4908; x_wconf 79' lang='lat' dir='ltr'><strong>ex</strong></span> <span class='ocrx_word' id='word_1_796' title='bbox 2260 4852 2428 4906; x_wconf 77' lang='lat' dir='ltr'><strong>nihilo</strong></span> <span class='ocrx_word' id='word_1_797' title='bbox 2450 4862 2837 4923; x_wconf 76' lang='lat' dir='ltr'><strong>sumptam.ex</strong></span> <span class='ocrx_word' id='word_1_798' title='bbox 2864 4868 2966 4920; x_wconf 81' lang='lat' dir='ltr'><strong>qua</strong></span> <span class='ocrx_word' id='word_1_799' title='bbox 2992 4856 3257 4907; x_wconf 87' lang='lat' dir='ltr'><strong>constabit</strong></span> <span class='ocrx_word' id='word_1_800' title='bbox 3280 4855 3452 4907; x_wconf 82' lang='lat' dir='ltr'><strong>factu-</strong></span> 
     </span>
    </p>
   </div>
   <div class='ocr_carea' id='block_1_112' title="bbox 1898 4922 3453 4992">
    <p class='ocr_par' dir='ltr' id='par_1_112' title="bbox 1898 4922 3453 4992">
     <span class='ocr_line' id='line_1_112' title="bbox 1898 4922 3453 4992; baseline 0 -16"><span class='ocrx_word' id='word_1_801' title='bbox 1898 4922 2111 4977; x_wconf 33' lang='lat' dir='ltr'><strong>raaVos</strong></span> <span class='ocrx_word' id='word_1_802' title='bbox 2151 4925 2332 4992; x_wconf 82' lang='lat' dir='ltr'><strong>igitur,</strong></span> <span class='ocrx_word' id='word_1_803' title='bbox 2370 4922 2457 4990; x_wconf 88' lang='lat' dir='ltr'><strong>qui</strong></span> <span class='ocrx_word' id='word_1_804' title='bbox 2492 4924 2555 4974; x_wconf 91' lang='lat' dir='ltr'><strong>de</strong></span> <span class='ocrx_word' id='word_1_805' title='bbox 2592 4923 2725 4974; x_wconf 83' lang='lat' dir='ltr'><strong>Filio</strong></span> <span class='ocrx_word' id='word_1_806' title='bbox 2757 4922 3031 4990; x_wconf 88' lang='lat' dir='ltr'><strong>loquentes</strong></span> <span class='ocrx_word' id='word_1_807' title='bbox 3069 4937 3199 4975; x_wconf 90' lang='lat' dir='ltr'><strong>voce</strong></span> <span class='ocrx_word' id='word_1_808' title='bbox 3232 4924 3453 4976; x_wconf 60' lang='lat' dir='ltr'><strong>factum</strong></span> 
     </span>
    </p>
   </div>
   <div class='ocr_carea' id='block_1_113' title="bbox 1899 4992 3452 5059">
    <p class='ocr_par' dir='ltr' id='par_1_113' title="bbox 1899 4992 3452 5059">
     <span class='ocr_line' id='line_1_113' title="bbox 1899 4992 3452 5059; baseline -0.001 -15"><span class='ocrx_word' id='word_1_809' title='bbox 1899 4996 2130 5057; x_wconf 79' lang='lat' dir='ltr'><strong>utimini,</strong></span> <span class='ocrx_word' id='word_1_810' title='bbox 2161 5009 2257 5046; x_wconf 90' lang='lat' dir='ltr'><strong>nec</strong></span> <span class='ocrx_word' id='word_1_811' title='bbox 2302 5004 2474 5044; x_wconf 70' lang='lat' dir='ltr'><strong>tatnen</strong></span> <span class='ocrx_word' id='word_1_812' title='bbox 2510 4992 2869 5059; x_wconf 78' lang='lat' dir='ltr'><strong>generationis</strong></span> <span class='ocrx_word' id='word_1_813' title='bbox 2906 4993 3123 5045; x_wconf 85' lang='lat' dir='ltr'><strong>nomine</strong></span> <span class='ocrx_word' id='word_1_814' title='bbox 3158 4992 3233 5043; x_wconf 90' lang='lat' dir='ltr'><strong>uti</strong></span> <span class='ocrx_word' id='word_1_815' title='bbox 3267 4993 3452 5055; x_wconf 83' lang='lat' dir='ltr'><strong>vultis,</strong></span> 
     </span>
    </p>
   </div>
   <div class='ocr_carea' id='block_1_114' title="bbox 1898 5062 3454 5128">
    <p class='ocr_par' dir='ltr' id='par_1_114' title="bbox 1898 5062 3454 5128">
     <span class='ocr_line' id='line_1_114' title="bbox 1898 5062 3454 5128; baseline -0.001 -12"><span class='ocrx_word' id='word_1_816' title='bbox 1898 5066 2090 5116; x_wconf 88' lang='lat' dir='ltr'><strong>minori</strong></span> <span class='ocrx_word' id='word_1_817' title='bbox 2150 5067 2288 5115; x_wconf 87' lang='lat' dir='ltr'><strong>malo</strong></span> <span class='ocrx_word' id='word_1_818' title='bbox 2332 5063 2611 5114; x_wconf 84' lang='lat' dir='ltr'><strong>rnedemiui</strong></span> <span class='ocrx_word' id='word_1_819' title='bbox 2651 5077 2856 5125; x_wconf 90' lang='lat' dir='ltr'><strong>eorum,</strong></span> <span class='ocrx_word' id='word_1_820' title='bbox 2895 5062 2983 5128; x_wconf 91' lang='lat' dir='ltr'><strong>qui</strong></span> <span class='ocrx_word' id='word_1_821' title='bbox 3018 5077 3328 5128; x_wconf 85' lang='lat' dir='ltr'><strong>corpoream</strong></span> <span class='ocrx_word' id='word_1_822' title='bbox 3362 5078 3454 5127; x_wconf 67' lang='lat' dir='ltr'><strong>pe-</strong></span> 
     </span>
    </p>
   </div>
   <div class='ocr_carea' id='block_1_115' title="bbox 1900 5132 3447 5197">
    <p class='ocr_par' dir='ltr' id='par_1_115' title="bbox 1900 5132 3447 5197">
     <span class='ocr_line' id='line_1_115' title="bbox 1900 5132 3447 5197; baseline -0.005 -13"><span class='ocrx_word' id='word_1_823' title='bbox 1900 5135 2231 5186; x_wconf 85' lang='lat' dir='ltr'><strong>neratiouem</strong></span> <span class='ocrx_word' id='word_1_824' title='bbox 2265 5132 2596 5185; x_wconf 74' lang='lat' dir='ltr'><strong>comminisci</strong></span> <span class='ocrx_word' id='word_1_825' title='bbox 2638 5142 2859 5197; x_wconf 83' lang='lat' dir='ltr'><strong>possunt</strong></span> <span class='ocrx_word' id='word_1_826' title='bbox 2893 5149 2906 5183; x_wconf 91' lang='lat'><strong>:</strong></span> <span class='ocrx_word' id='word_1_827' title='bbox 2957 5132 3049 5182; x_wconf 91' lang='lat' dir='ltr'><strong>sed</strong></span> <span class='ocrx_word' id='word_1_828' title='bbox 3090 5132 3240 5183; x_wconf 87' lang='lat' dir='ltr'><strong>vobis</strong></span> <span class='ocrx_word' id='word_1_829' title='bbox 3272 5133 3447 5182; x_wconf 81' lang='lat' dir='ltr'><strong>Sltltiln</strong></span> 
     </span>
    </p>
   </div>
   <div class='ocr_carea' id='block_1_116' title="bbox 1898 5201 3449 5269">
    <p class='ocr_par' dir='ltr' id='par_1_116' title="bbox 1898 5201 3449 5269">
     <span class='ocr_line' id='line_1_116' title="bbox 1898 5201 3449 5269; baseline -0.004 -12"><span class='ocrx_word' id='word_1_830' title='bbox 1898 5218 2003 5256; x_wconf 86' lang='lat' dir='ltr'><strong>n0u</strong></span> <span class='ocrx_word' id='word_1_831' title='bbox 2038 5213 2139 5265; x_wconf 82' lang='lat' dir='ltr'><strong>est,</strong></span> <span class='ocrx_word' id='word_1_832' title='bbox 2199 5202 2367 5269; x_wconf 72' lang='lat' dir='ltr'><strong>majus</strong></span> <span class='ocrx_word' id='word_1_833' title='bbox 2397 5202 2588 5252; x_wconf 86' lang='lat' dir='ltr'><strong>malum</strong></span> <span class='ocrx_word' id='word_1_834' title='bbox 2621 5216 2811 5253; x_wconf 85' lang='lat' dir='ltr'><strong>curare</strong></span> <span class='ocrx_word' id='word_1_835' title='bbox 2851 5215 3060 5260; x_wconf 79' lang='lat' dir='ltr'><strong>eorum,</strong></span> <span class='ocrx_word' id='word_1_836' title='bbox 3090 5202 3175 5265; x_wconf 87' lang='lat' dir='ltr'><strong>qui</strong></span> <span class='ocrx_word' id='word_1_837' title='bbox 3199 5201 3299 5251; x_wconf 86' lang='lat' dir='ltr'><strong>sibi</strong></span> <span class='ocrx_word' id='word_1_838' title='bbox 3327 5216 3449 5265; x_wconf 82' lang='lat' dir='ltr'><strong>per-</strong></span> 
     </span>
    </p>
   </div>
   <div class='ocr_carea' id='block_1_117' title="bbox 1896 5270 3451 5341">
    <p class='ocr_par' dir='ltr' id='par_1_117' title="bbox 1896 5270 3451 5341">
     <span class='ocr_line' id='line_1_117' title="bbox 1896 5270 3451 5341; baseline -0.003 -16"><span class='ocrx_word' id='word_1_839' title='bbox 1896 5274 2119 5325; x_wconf 88' lang='lat' dir='ltr'><strong>suadere</strong></span> <span class='ocrx_word' id='word_1_840' title='bbox 2166 5281 2405 5341; x_wconf 91' lang='lat' dir='ltr'><strong>possunt,</strong></span> <span class='ocrx_word' id='word_1_841' title='bbox 2448 5272 2804 5325; x_wconf 76' lang='lat' dir='ltr'><strong>SUb:lilllllilll|</strong></span> <span class='ocrx_word' id='word_1_842' title='bbox 2855 5270 2973 5323; x_wconf 84' lang='lat' dir='ltr'><strong>Filii</strong></span> <span class='ocrx_word' id='word_1_843' title='bbox 3001 5284 3065 5321; x_wconf 75' lang='lat' dir='ltr'><strong>ex</strong></span> <span class='ocrx_word' id='word_1_844' title='bbox 3100 5270 3261 5323; x_wconf 86' lang='lat' dir='ltr'><strong>nihilo</strong></span> <span class='ocrx_word' id='word_1_845' title='bbox 3306 5285 3451 5321; x_wconf 81' lang='lat' dir='ltr'><strong>suni-</strong></span> 
     </span>
    </p>
   </div>
   <div class='ocr_carea' id='block_1_118' title="bbox 1896 5353 2205 5411">
    <p class='ocr_par' dir='ltr' id='par_1_118' title="bbox 1896 5353 2205 5411">
     <span class='ocr_line' id='line_1_118' title="bbox 1896 5353 2205 5411; baseline -0.006 -16"><span class='ocrx_word' id='word_1_846' title='bbox 1896 5353 2038 5411; x_wconf 86' lang='lat' dir='ltr'><strong>ptam</strong></span> <span class='ocrx_word' id='word_1_847' title='bbox 2067 5358 2205 5395; x_wconf 86' lang='lat' dir='ltr'><strong>esse.</strong></span> 
     </span>
    </p>
   </div>
   <div class='ocr_carea' id='block_1_119' title="bbox 1967 5407 3452 5481">
    <p class='ocr_par' dir='ltr' id='par_1_119' title="bbox 1967 5407 3452 5481">
     <span class='ocr_line' id='line_1_119' title="bbox 1967 5407 3452 5481; baseline -0.001 -18"><span class='ocrx_word' id='word_1_848' title='bbox 1967 5412 2075 5480; x_wconf 81' lang='lat'><strong>(55)</strong></span> <span class='ocrx_word' id='word_1_849' title='bbox 2108 5412 2236 5480; x_wconf 75' lang='lat' dir='ltr'><strong>Reg.</strong></span> <span class='ocrx_word' id='word_1_850' title='bbox 2282 5410 2469 5465; x_wconf 89' lang='lat' dir='ltr'><strong>tertius</strong></span> <span class='ocrx_word' id='word_1_851' title='bbox 2521 5409 2617 5481; x_wconf 82' lang='grc' dir='ltr'><strong>τὴν</strong></span> <span class='ocrx_word' id='word_1_852' title='bbox 2670 5411 2900 5477; x_wconf 88' lang='grc' dir='ltr'>γένεσιν.</span> <span class='ocrx_word' id='word_1_853' title='bbox 2933 5410 3031 5463; x_wconf 84' lang='lat' dir='ltr'><strong>Alii</strong></span> <span class='ocrx_word' id='word_1_854' title='bbox 3065 5425 3155 5463; x_wconf 80' lang='lat' dir='ltr'><strong>sex</strong></span> <span class='ocrx_word' id='word_1_855' title='bbox 3187 5407 3452 5481; x_wconf 30' lang='lat' dir='ltr'><strong>mssa&#39;ﬁiv</strong></span> 
     </span>
    </p>
   </div>
   <div class='ocr_carea' id='block_1_120' title="bbox 1897 5477 3455 5551">
    <p class='ocr_par' dir='ltr' id='par_1_120' title="bbox 1897 5477 3455 5551">
     <span class='ocr_line' id='line_1_120' title="bbox 1897 5477 3455 5551; baseline -0.001 -19"><span class='ocrx_word' id='word_1_856' title='bbox 1897 5477 2162 5551; x_wconf 78' lang='grc' dir='ltr'>γέννησιν.</span> <span class='ocrx_word' id='word_1_857' title='bbox 2192 5477 2336 5535; x_wconf 74' lang='lat' dir='ltr'><strong>idem</strong></span> <span class='ocrx_word' id='word_1_858' title='bbox 2382 5482 2551 5535; x_wconf 79' lang='lat' dir='ltr'><strong>codex</strong></span> <span class='ocrx_word' id='word_1_859' title='bbox 2577 5477 3077 5551; x_wconf 74' lang='grc' dir='ltr'>ὑπολαμϐανόντων</span> <span class='ocrx_word' id='word_1_860' title='bbox 3124 5477 3455 5551; x_wconf 80' lang='grc' dir='ltr'>προνοούμε-</span> 
     </span>
    </p>
   </div>
   <div class='ocr_carea' id='block_1_121' title="bbox 1897 5568 2005 5613">
    <p class='ocr_par' dir='ltr' id='par_1_121' title="bbox 1897 5568 2005 5613">
     <span class='ocr_line' id='line_1_121' title="bbox 1897 5568 2005 5613; baseline 0 -11"><span class='ocrx_word' id='word_1_861' title='bbox 1897 5568 2005 5613; x_wconf 87' lang='grc' dir='ltr'>νος.</span> 
     </span>
    </p>
   </div>
   <div class='ocr_carea' id='block_1_122' title="bbox 1968 5619 3453 5693">
    <p class='ocr_par' dir='ltr' id='par_1_122' title="bbox 1968 5619 3453 5693">
     <span class='ocr_line' id='line_1_122' title="bbox 1968 5619 3453 5693; baseline 0 -20"><span class='ocrx_word' id='word_1_862' title='bbox 1968 5619 2077 5689; x_wconf 69' lang='grc'><strong>(54)</strong></span> <span class='ocrx_word' id='word_1_863' title='bbox 2109 5620 2218 5693; x_wconf 79' lang='lat' dir='ltr'><strong>Illa,</strong></span> <span class='ocrx_word' id='word_1_864' title='bbox 2250 5620 2333 5673; x_wconf 78' lang='grc' dir='ltr'>διὰ</span> <span class='ocrx_word' id='word_1_865' title='bbox 2385 5622 2446 5674; x_wconf 85' lang='grc' dir='ltr'><strong>τὸ</strong></span> <span class='ocrx_word' id='word_1_866' title='bbox 2485 5622 2786 5693; x_wconf 82' lang='grc' dir='ltr'>ἀλλοτρίου,</span> <span class='ocrx_word' id='word_1_867' title='bbox 2834 5634 2962 5684; x_wconf 72' lang='lat' dir='ltr'><strong>elc.,</strong></span> <span class='ocrx_word' id='word_1_868' title='bbox 3014 5622 3150 5674; x_wconf 87' lang='lat' dir='ltr'><strong>dicta</strong></span> <span class='ocrx_word' id='word_1_869' title='bbox 3184 5620 3453 5693; x_wconf 71' lang='lat' dir='ltr'><strong>sunthoc</strong></span> 
     </span>
    </p>
   </div>
   <div class='ocr_carea' id='block_1_123' title="bbox 1899 5691 3449 5753">
    <p class='ocr_par' dir='ltr' id='par_1_123' title="bbox 1899 5691 3449 5753">
     <span class='ocr_line' id='line_1_123' title="bbox 1899 5691 3449 5753; baseline 0.001 -12"><span class='ocrx_word' id='word_1_870' title='bbox 1899 5704 2058 5743; x_wconf 86' lang='lat' dir='ltr'><strong>sensu</strong></span> <span class='ocrx_word' id='word_1_871' title='bbox 2092 5709 2105 5742; x_wconf 89' lang='lat'>:</span> <span class='ocrx_word' id='word_1_872' title='bbox 2135 5691 2253 5743; x_wconf 89' lang='lat' dir='ltr'><strong>Ideo</strong></span> <span class='ocrx_word' id='word_1_873' title='bbox 2283 5693 2570 5745; x_wconf 83' lang='lat' dir='ltr'><strong>Eunomius</strong></span> <span class='ocrx_word' id='word_1_874' title='bbox 2599 5691 2824 5746; x_wconf 71' lang='lat' dir='ltr'><strong>libenter</strong></span> <span class='ocrx_word' id='word_1_875' title='bbox 2848 5708 2974 5745; x_wconf 84' lang='lat' dir='ltr'><strong>voce</strong></span> <span class='ocrx_word' id='word_1_876' title='bbox 3006 5693 3227 5745; x_wconf 70' lang='lat' dir='ltr'><strong>factura:</strong></span> <span class='ocrx_word' id='word_1_877' title='bbox 3260 5692 3449 5753; x_wconf 85' lang='lat' dir='ltr'><strong>utitur,</strong></span> 
     </span>
    </p>
   </div>
   <div class='ocr_carea' id='block_1_124' title="bbox 1898 5760 3451 5831">
    <p class='ocr_par' dir='ltr' id='par_1_124' title="bbox 1898 5760 3451 5831">
     <span class='ocr_line' id='line_1_124' title="bbox 1898 5760 3451 5831; baseline 0.003 -22"><span class='ocrx_word' id='word_1_878' title='bbox 1898 5760 2041 5825; x_wconf 85' lang='lat' dir='ltr'><strong>quod</strong></span> <span class='ocrx_word' id='word_1_879' title='bbox 2097 5776 2205 5813; x_wconf 69' lang='lat' dir='ltr'><strong>sua:</strong></span> <span class='ocrx_word' id='word_1_880' title='bbox 2260 5764 2496 5826; x_wconf 85' lang='lat' dir='ltr'><strong>opinioni</strong></span> <span class='ocrx_word' id='word_1_881' title='bbox 2559 5762 2729 5814; x_wconf 83' lang='lat' dir='ltr'><strong>faveat</strong></span> <span class='ocrx_word' id='word_1_882' title='bbox 2770 5763 3259 5831; x_wconf 85' lang='lat' dir='ltr'><strong>patrocineturque.</strong></span> <span class='ocrx_word' id='word_1_883' title='bbox 3317 5760 3451 5813; x_wconf 75' lang='lat' dir='ltr'><strong>Nam</strong></span> 
     </span>
    </p>
   </div>
   <div class='ocr_carea' id='block_1_125' title="bbox 1896 5830 3452 5900">
    <p class='ocr_par' dir='ltr' id='par_1_125' title="bbox 1896 5830 3452 5900">
     <span class='ocr_line' id='line_1_125' title="bbox 1896 5830 3452 5900; baseline 0.004 -23"><span class='ocrx_word' id='word_1_884' title='bbox 1896 5832 2072 5900; x_wconf 71' lang='lat' dir='ltr'><strong>omnis</strong></span> <span class='ocrx_word' id='word_1_885' title='bbox 2104 5830 2307 5882; x_wconf 78' lang='lat' dir='ltr'><strong>factura</strong></span> <span class='ocrx_word' id='word_1_886' title='bbox 2353 5832 2586 5884; x_wconf 82' lang='lat' dir='ltr'><strong>alienum</strong></span> <span class='ocrx_word' id='word_1_887' title='bbox 2621 5830 2871 5900; x_wconf 80' lang='lat' dir='ltr'><strong>quiddam</strong></span> <span class='ocrx_word' id='word_1_888' title='bbox 2910 5843 2989 5883; x_wconf 85' lang='lat' dir='ltr'><strong>est</strong></span> <span class='ocrx_word' id='word_1_889' title='bbox 3019 5842 3074 5884; x_wconf 85' lang='lat' dir='ltr'><strong>et</strong></span> <span class='ocrx_word' id='word_1_890' title='bbox 3112 5831 3452 5897; x_wconf 80' lang='lat' dir='ltr'><strong>peregrinum</strong></span> 
     </span>
    </p>
   </div>
   <div class='ocr_carea' id='block_1_126' title="bbox 1900 5898 3451 5971">
    <p class='ocr_par' dir='ltr' id='par_1_126' title="bbox 1900 5898 3451 5971">
     <span class='ocr_line' id='line_1_126' title="bbox 1900 5898 3451 5971; baseline 0.003 -20"><span class='ocrx_word' id='word_1_891' title='bbox 1900 5917 1928 5951; x_wconf 85' lang='lat' dir='ltr'><strong>a</strong></span> <span class='ocrx_word' id='word_1_892' title='bbox 1953 5898 2202 5963; x_wconf 80' lang='lat' dir='ltr'><strong>faciente,</strong></span> <span class='ocrx_word' id='word_1_893' title='bbox 2240 5917 2336 5954; x_wconf 83' lang='lat' dir='ltr'><strong>nec</strong></span> <span class='ocrx_word' id='word_1_894' title='bbox 2399 5898 2710 5971; x_wconf 75' lang='lat' dir='ltr'><strong>intelligitur</strong></span> <span class='ocrx_word' id='word_1_895' title='bbox 2751 5903 3047 5957; x_wconf 85' lang='lat' dir='ltr'><strong>naturalem</strong></span> <span class='ocrx_word' id='word_1_896' title='bbox 3099 5901 3297 5955; x_wconf 84' lang='lat' dir='ltr'><strong>habere</strong></span> <span class='ocrx_word' id='word_1_897' title='bbox 3330 5920 3451 5955; x_wconf 83' lang='lat' dir='ltr'><strong>cum</strong></span> 
     </span>
    </p>
   </div>
  </div>
