4230 6500
244 446 348 504 585

1361 440 1735 497 ADVERSUS
1768 444 2130 501 ΕυΝοιιιωι
2173 448 2299 502 LIB.
2338 446 2399 499 ll.

3358 453 3458 508 διο

231 562 411 629 τούτῳ
438 558 524 611 τόν
547 574 606 623 γε
632 557 709 629 τῷ
735 557 862 626 θείῳ
890 555 1035 626 φόϐῳ
1066 558 1489 630 πεπαιδευμένον
1517 563 1798 633 προσήκει,
1830 567 1877 624 Α

1786 604 1798 628 ,
1830 567 1877 624 Α
1907 573 2192 621 contentus
2232 566 2303 623 sit
2361 562 2576 619 usitatis
2606 563 2658 617 in
2706 562 2983 633 Scriptura
3024 566 3349 631 nominibus,
3406 569 3456 622 iu

235 649 349 703 ἀλλ’
379 648 617 720 ἀγαπᾷν,
661 652 769 710 τοῖς
812 649 869 699 ἑν
906 648 970 717 τῇ
1015 647 1202 719 Γραφῇ
1247 651 1516 718 κειμένοις
1543 650 1798 720 ὀνόμασιν

237 740 595 811 ἐπιμένοντα,
634 740 722 795 διά
766 740 969 793 τούτων
1015 738 1333 811 θεοπρεπῶς
1373 740 1467 810 τὴν
1495 742 1796 811 δοξολογίαν

234 828 601 904 ἀποπληροῦν.
656 829 718 882 Εί
752 830 862 900 γὰρ
894 832 943 883 oi
980 829 1037 897 ἑξ
1062 831 1235 902 ἀρχῆς
1255 831 1354 899 τὴν
1393 831 1653 903 Ἐϐραίων
1678 833 1795 887 διά-

235 919 421 975 λεκτον
454 926 533 985 είς
563 922 658 992 τὴν
694 922 915 978 Ἐλλάδα
938 924 1187 993 γλῶσσαν
1216 921 1605 991 μεταϐαλόντες
1634 926 1794 980 τινῶν

234 1013 511 1086 ὀνομάτων
540 1014 637 1085 τῆς
663 1015 953 1090 ἑρμηνείας
1006 1018 1065 1069 ού
1094 1016 1523 1087 κατετόλμησαν,
1556 1019 1668 1072 ἀλλ’
1700 1020 1795 1073 αύ-

234 1107 332 1176 τὴν
356 1105 454 1174 τὴν
489 1102 778 1178 Ἐϐραῖκὴν
816 1109 995 1179 ’φωνὴν
1043 1107 1152 1177 (41)
1204 1109 1593 1179 μετεκόμισανο
1634 1113 1710 1175 ὡς
1735 1114 1795 1167 τὸ

235 1194 483 1263 Σαϐαὼθ,
518 1198 610 1250 καὶ
654 1199 714 1252 τὸ
773 1200 1015 1264 ’Δδωναῖ,
1063 1201 1155 1254 καὶ
1192 1204 1253 1254 τὸ
1304 1201 1478 1266 Ἐλωῒ,
1522 1206 1613 1257 καὶ
1657 1208 1707 1259 ετ
1744 1225 1795 1261 τι

234 1285 490 1353 τοιοῦτον,
515 1290 613 1344 ούκ
631 1292 723 1344 ini.
744 1293 849 1345 τῶν
868 1291 1027 1345 Θείων
1042 1292 1318 1363 ὀνομάτων
1343 1294 1521 1363 μόνον,
1544 1296 1677 1351 ἀλλά
1704 1301 1797 1353 καὶ

236 1381 331 1433 ἐπὶ
365 1380 536 1435 ἄλλων
567 1384 823 1438 πλειόνων
850 1384 948 1454 τὴν
971 1384 1253 1440 εὐλάϐειαν
1275 1386 1479 1458 ταύτην
1499 1390 1795 1445 ἐπιδεικνύ-

238 1490 427 1543 μενοιε
449 1477 609 1531 πόσον
642 1479 763 1531 τινὰ
785 1478 1057 1548 προσῆκεν
1084 1482 1233 1551 ἡμᾶς
1271 1481 1397 1554 περὶ
1427 1480 1535 1534 τῶν
1562 1482 1654 1536 τοῦ
1694 1485 1796 1537 Κυ-

240 1564 355 1635 ρίου
387 1568 663 1640 ὀνομάτων
688 1571 778 1621 τὸν
811 1568 971 1637 φόϐον
1004 1571 1180 1641 Exi-2w;
1212 1573 1401 1627 Καίτοι
1432 1574 1562 1627 πότε
1594 1574 1702 1644 (42)
1730 1574 1795 1628 ἂν

234 1658 411 1713 ἐκεῖνο
457 1658 687 1733 [ἐκεῖνα]
726 1662 853 1731 παρ’
888 1663 1094 1717 ἑαυτῶν
1127 1682 1249 1718 τινα
1292 1666 1492 1721 πλάσαι
1526 1667 1634 1720 τῶν
1678 1667 1795 1720 ὀνο-

1902 655 2078 725 iisque
2108 666 2437 725 permaneat,
2470 666 2524 710 et
2564 671 2659 724 per
2684 656 2818 723 ipsa.
2846 665 2904 710 ut
2939 656 3104 711 Deum
3142 657 3319 722 decet,
3342 657 3456 729 gle-

1904 745 2256 801 ritlcationem
2292 748 2581 819 persolvat.
2617 746 2751 800 Nam
2773 748 2817 801 si
2855 748 2906 802 bi
2932 747 3021 817 qui
3048 748 3200 802 initio
3228 747 3455 803 Hebrai-

1901 852 2019 891 cam
2066 836 2301 907 linguam
2350 840 2401 893 in
2460 838 2701 895 Graecam
2784 846 3188 903 converterunt,
3243 838 3457 892 nomina

1902 926 2147 997 quaedam
2177 928 2519 996 interpretari
2563 927 2679 983 ausi
2715 940 2821 981 non
2852 935 2995 991 sunt,
3024 926 3118 981 sed
3150 926 3316 996 ipsam
3349 924 3458 981 Hc-

1904 1020 2143 1076 braicam
2193 1033 2377 1073 vocem
2436 1023 2736 1086 retinuere,
2802 1029 2860 1073 ut
2912 1018 3169 1082 Sabaoth,
3230 1018 3459 1082 Adoni,

1906 1111 2042 1177 Eloi,
2070 1121 2125 1168 et
2159 1112 2202 1166 si
2238 1110 2367 1181 quid
2404 1108 2663 1178 ejusmodi
2707 1122 2810 1178 est,
2838 1127 2940 1167 non
2972 1111 3023 1165 in
3055 1110 3252 1165 divinis
3287 1110 3460 1166 solum

1906 1203 2238 1268 nominibus,
2281 1203 2373 1258 sed
2408 1204 2460 1257 in
2504 1202 2626 1256 aliis
2666 1206 2827 1257 etiam
2857 1204 3098 1275 pluribus
3142 1202 3281 1258 hanc
3312 1217 3468 1257 reve--

1906 1296 2137 1354 rentiam
2180 1297 2557 1361 ostendentes;
2605 1302 2861 1363 quantum
2914 1297 3069 1349 decet
3118 1311 3217 1350 nos
3259 1294 3465 1351 habere

1908 1395 2155 1447 timorem
2186 1388 2326 1443 circa
2364 1390 2578 1442 nomina
2608 1386 2813 1442 Domini
2838 1386 2861 1439 1
2892 1385 3115 1453 Quando
3136 1398 3311 1441 autem
3338 1401 3458 1441 sus-

1904 1486 2186 1541 tinuissent
2225 1480 2299 1535 illi
2335 1494 2365 1534 a
2395 1480 2585 1547 seipsis
2615 1478 2864 1534 noonulla
2888 1478 3101 1535 nomina
3129 1478 3458 1547 conﬁngere,

1902 1579 1989 1647 qui
2015 1592 2080 1632 ne
2120 1572 2465 1642 interpretari
2494 1571 2709 1640 quidem
2743 1572 2857 1626 ausi
2888 1582 3015 1626 sunt
3042 1570 3243 1641 aliqua,
3268 1584 3333 1624 ne
3359 1583 3458 1622 ex-

1904 1667 2198 1735 pressionis
2228 1662 2673 1735 perspicuitatem
2705 1661 2887 1730 inepto
2916 1662 3221 1730 signiﬁcatu
3260 1658 3457 1717 debili-

238 1750 423 1818 μάτων
464 1751 769 1822 ἠνέσχοντο,
819 1754 931 1823 οἶγε
978 1756 1110 1825 μηδὲ
1158 1757 1255 1825 τῆς
1296 1760 1591 1830 ἑρμηνείας
1641 1760 1801 1813 τινῶν
1835 1761 1873 1815 Β
1905 1756 2120 1813 tarenti

236 1839 742 1912 καταθαρρήσαντες
759 1884 773 1906 ν
800 1843 871 1907 ὡς
898 1844 962 1896 ἂν
988 1844 1061 1913 μὴ
1088 1846 1149 1897 τὸ
1174 1846 1399 1916 ἐναργὲς
1423 1851 1521 1921 τῆς
1538 1852 1822 1921 ἐμφάσεως
1850 1849 1926 1921 τῷ
1948 1846 2297 1916 άκαταλλήλῳ
2324 1840 2861 1916 τῶνσημαινομένων
2892 1839 3200 1907 ἐκλύσειαν;

306 1958 358 2013 8.
409 1958 545 2013 Ἀλλ’
568 1962 615 2014 εί
641 1962 916 2032 ἐγέννησε,
962 1962 1156 2033 φησὶν,
1183 1964 1211 2016 6
1250 1963 1411 2030 θεὸς,
1444 1965 1562 2029 πῶς
1605 1969 1665 2021 ού
1691 1971 1795 2041 χρὴ

232 2050 325 2102 τὸν
357 2051 678 2120 γεννηθέντα
704 2052 1126 2123 προσαγορεύειν
1158 2052 1399 2125 γέννημα
1426 2072 1440 2121 ;
1486 2057 1605 2109 Ὂτι
1641 2060 1798 2126 φοϐε-

237 2142 329 2212 ρὸν
354 2143 483 2213 ἡμῖν
525 2143 810 2214 ἡμετέροις
860 2146 1019 2199 αὑτὸν
1067 2146 1289 2218 ὀνόμασι
1342 2153 1707 2219 προσφωνεῖν,
1756 2145 1798 2219 ᾧ

234 2236 523 2307 ἐχαρίσατο
562 2237 590 2291 6
633 2237 763 2301 Θεὸς
796 2240 962 2309 ὄνομα
996 2240 1055 2292 τὸ
1085 2242 1223 2311 ὑπὲρ
1276 2244 1381 2295 πᾶν
1424 2242 1610 2313 ὄνομα.
1669 2245 1798 2309 Υἱός

230 2344 348 2395 μου
376 2324 435 2381 εἴ
450 2329 551 2392 σὺ,
576 2332 759 2401 φησιν,
788 2332 900 2398 ἐγὼ
922 2332 1186 2398 σήμερον
1207 2335 1531 2403 γεγέννηκά
1550 2353 1635 2392 σε.
1664 2338 1799 2391 Καί-

234 2433 316 2469 τοι
346 2418 759 2491 άκολουθότερον
780 2417 846 2491 ἦν
888 2424 1025 2476 κατὰ
1054 2424 1143 2475 τὸν
1179 2424 1380 2477 τούτων
1414 2427 1587 2493 λόγον,
1622 2429 1707 2483 διὰ
1739 2431 1797 2482 τὸ

234 2509 613 2578 γεγεννῆσθαι,
631 2510 869 2582 γέννημα
892 2513 1410 2585 προσαγορευθῆναι,
1430 2517 1521 2568 καὶ
1537 2518 1632 2587 ούχ
1649 2520 1792 2574 Υἰόν’

235 2595 349 2649 ἀλλ’
379 2598 477 2650 ούκ
528 2600 757 2672 εἴρηται.
822 2603 1018 2674 Διόπερ
1076 2605 1177 2676 χρὴ
1231 2604 1322 2657 τὸν
1360 2605 1463 2675 πρὸ
1507 2606 1799 2679 ὀφθαλμῶν

235 2686 425 2757 ἔχοντα
464 2690 521 2744 τὸ
543 2692 774 2763 Χριστοῦ
806 2694 913 2761 (45)
944 2694 1305 2766 δικαστήριον,
1343 2698 1435 2749 καὶ
1474 2698 1649 2751 εἰδότα
1678 2701 1798 2763 ὅσος

235 2784 265 2834 6
290 2782 530 2849 κίνδυνος
552 2788 767 2854 ἀφελεῖν
798 2806 848 2841 τι
874 2789 905 2859 ἦ
940 2790 1250 2861 προσθεῖναι
1283 2795 1395 2854 τοῖς
1433 2794 1803 2865 παραδεδομέ-

239 2889 349 2926 νοις
384 2875 487 2927 ὑπὸ
510 2876 601 2929 τοῦ
626 2879 955 2949 Πνεύματος,
994 2882 1065 2949 μὴ
1113 2881 1240 2951 παρ’
1281 2884 1471 2936 ἑαυτοῦ
1505 2885 1797 2957 φιλοτιμεῖ-

238 2960 362 3014 σθαι
429 2971 791 3036 καινοτομεῖν,
847 2970 978 3023 ἀλλὰ
1054 2974 1163 3034 τοῖς
1234 2978 1799 3046 προκατηγγελμένοις

238 3053 389 3123 παρά
445 3055 553 3109 τῶν
606 3058 774 3125 άγίων
836 3061 1217 3131 ἑφησυχάζειν.
1268 3064 1334 3117 "O
1390 3066 1564 3118 τοίνυν
1602 3066 1794 3140 ούτεὴ

236 3144 389 3216 κοινὴ
440 3148 710 3219 συνήθεια,
746 3150 864 3206 οὔτε
889 3155 920 3226 ή
944 3153 1051 3207 τῶν
1077 3154 1115 3206 Γ
1120 3154 1306 3225 ραφών
1339 3157 1531 3229 χρῆσις
1573 3161 1800 3229 παραδέ-

1969 1966 2023 2023 8.
2064 1965 2169 2022 Sed
2199 1964 2265 2031 si,
2296 1963 2488 2032 inquit,
2524 1962 2662 2018 Deus
2695 1962 2899 2034 genuit,
2927 1961 3195 2031 quomodo
3217 1975 3317 2029 par
3348 1977 3456 2017 non

1899 2071 1985 2116 est
2016 2058 2258 2131 genitum
2297 2054 2599 2125 genituram
2629 2052 2932 2123 appellare?
2960 2050 3095 2119 Quia
3127 2052 3455 2107 horrendum

1897 2160 1979 2205 est
2018 2149 2169 2204 nobis
2206 2162 2349 2212 eum,
2387 2146 2469 2200 cui
2520 2143 2744 2213 largitus
2790 2154 2870 2199 est
2906 2143 3047 2198 Deus
3086 2158 3281 2198 nomen
3314 2141 3459 2212 quod

1898 2252 1981 2295 est
2010 2253 2173 2308 super
2200 2249 2359 2292 omne
2392 2248 2583 2289 nomen
2609 2234 2673 2299 ⁸⁸,
2707 2234 3013 2289 nominibus
3040 2235 3241 2288 nostris
3268 2236 3457 2305 appel-

1898 2331 2027 2386 lare.
2062 2329 2235 2384 Filias
2262 2342 2405 2382 iam
2434 2342 2486 2380 es
2515 2334 2595 2391 tu,
2616 2324 2808 2394 inquit,
2833 2342 2925 2395 ego
2957 2324 3111 2378 hodie
3140 2324 3291 2395 genui
3324 2325 3455 2378 te”.

1898 2422 2057 2491 Atqui
2084 2430 2202 2475 erat
2228 2418 2395 2488 magis
2429 2424 2857 2471 consentaneum
2889 2415 3182 2470 secundum
3230 2415 3454 2471 istorum

1901 2516 2185 2573 rationem,
2238 2521 2521 2579 propterea
2561 2508 2705 2579 quod
2767 2505 2980 2577 genitus
3016 2515 3117 2569 est,
3155 2509 3455 2576 genituram

1899 2602 2099 2668 vocari,
2142 2616 2248 2655 non
2306 2600 2530 2666 Filium;
2594 2611 2650 2655 at
2702 2612 3039 2668 nequaquam
3094 2597 3293 2651 dictum
3350 2604 3456 2651 est.

1901 2694 2131 2749 Proinde
2163 2700 2371 2761 oportet
2405 2706 2525 2746 eum
2548 2692 2637 2759 qui
2671 2688 2871 2745 Christi
2896 2688 3154 2759 judicium
3178 2688 3247 2743 ob
3271 2688 3457 2744 oculos

1899 2788 2060 2841 habet
2109 2785 2361 2853 novitque
2409 2799 2568 2854 quam
2628 2783 2989 2854 periculosum
3055 2782 3126 2836 sit
3182 2781 3455 2851 quidpiam

1896 2878 2215 2933 subtrahere
2268 2888 2359 2931 aut
2400 2874 2600 2930 addere
2648 2875 2715 2930 iis
2764 2889 2885 2945 qua:
2933 2889 2962 2929 a
3001 2872 3203 2945 Spiritu
3258 2873 3463 2929 tradita

1896 2980 2043 3034 sunt,
2092 2985 2197 3024 non
2229 2968 2413 3022 conari
2447 2968 2739 3035 quidquam
2768 2981 2799 3019 a
2834 2966 3012 3035 seipso
3050 2968 3327 3031 innovare,
3361 2966 3465 3021 sed

1899 3062 1951 3115 iu
1989 3062 2053 3115 iis
2098 3075 2217 3129 qua
2267 3059 2415 3129 prius
2445 3074 2473 3113 a
2506 3059 2706 3113 sanctis
2749 3058 2994 3112 nuntiata
3044 3067 3191 3124 sunt,
3238 3059 3457 3127 acquie-

1899 3167 2070 3208 scere.
2105 3152 2254 3220 Quod
2293 3152 2454 3223 igitur
2488 3167 2586 3206 nec
2634 3149 2938 3206 communis
2977 3150 3325 3215 consuetudo,
3356 3165 3457 3206 nec

234 3234 440 3302 δεκται,
498 3241 685 3295 τούτου
733 3246 1074 3317 κατατολμᾷν
1109 3246 1224 3310 πῶς
1265 3250 1383 3320 οὐχὶ
1428 3250 1526 3322 τῆς
1562 3253 1797 3324 ἐσχάτης
1824 3248 1865 3305 C
1902 3251 1904 3296 τ

1784 3272 1797 3317 ;
1824 3248 1865 3305 ϐ
1902 3245 2304 3316 Scripturarum
2332 3260 2465 3299 usus
2495 3244 2741 3309 admisit;
2767 3243 2819 3298 id
2850 3242 3068 3306 audere.
3108 3258 3283 3298 nonne
3308 3258 3454 3298 sum-

234 3327 491 3394 ὰπονοίας
519 3333 665 3397 sati;
696 3335 790 3397 Τίς
819 3336 928 3406 γάρ
962 3340 1142 3410 πατὴρ
1168 3342 1199 3410 ἢ
1234 3345 1411 3414 μήτηρ
1438 3344 1681 3415 εὐμενῶς
1704 3348 1795 3399 καὶ

233 3420 456 3493 ἡμέρως
507 3424 641 3495 πρὸς
678 3426 767 3478 τὸν
810 3428 866 3494 ἐξ
912 3431 1074 3483 αὐτοῦ
1132 3433 1487 3503 διακείμενος,
1530 3440 1687 3507 ἀφεὶς
1735 3440 1795 3492 τὸ

234 3517 655 3586 προσαγορεύειν
710 3520 870 3573 αὑτὸν
924 3520 1031 3592 (ΑΗ)
1082 3524 1193 3576 υίόν
1237 3524 1268 3594 ἢ
1319 3526 1522 3595 τέκνον,
1552 3530 1795 3601 γέννημα

232 3602 300 3657 ἂν
338 3608 649 3677 προσείποι;
692 3610 908 3665 Τέκνον
948 3614 1082 3686 γὰρ,
1122 3617 1303 3686 φησὶν,
1336 3617 1523 3686 ὕπαγε
1567 3624 1651 3687 εἰς
1691 3621 1796 3675 τὸν

232 3698 557 3766 ἀμπελῶνα
580 3718 591 3731 ⁸
625 3704 715 3755 καὶ
744 3703 977 3775 ἀλλαχοῦ
1002 3722 1017 3738 ’
1076 3708 1135 3759 '0
1181 3708 1322 3774 Θεὸς
1363 3709 1567 3777 ὄψεται
1608 3714 1795 3780 ἐαυτῷ

230 3787 529 3853 πρόϐατον
556 3796 640 3857 είς
677 3794 939 3864 σφαγὴν,
969 3796 1207 3850 τέκνον·
1233 3798 1324 3851 καὶ
1356 3800 1515 3853 πάλιν
1539 3803 1565 3853 ὁ
1582 3804 1759 3857 Ἰσαάκ
1778 3820 1791 3833 ·

237 3874 333 3939 Τίς
346 3872 418 3939 εἴ,
436 3878 646 3933 τέκνον
662 3898 679 3944 ;
711 3884 821 3949 καὶ,
857 3884 969 3950 Υἱὲ,
988 3885 1072 3955 μὴ
1107 3886 1215 3959 (45)
1245 3888 1505 3958 ὀλιγώρει
1531 3891 1797 3959 παιδε.ἀς

230 3967 452 4035 Κυρίου
473 3986 486 3999 ο
519 3972 630 4036 καὶ,
659 3975 785 4041 Υἱὸς
805 3978 997 4046 σοφὸς
1021 3980 1321 4049 εὐφραίνει
1345 3982 1565 4050 πατέρα
1587 4001 1599 4013 ·
1626 3986 1717 4037 καὶ
1748 3988 1799 4039 εἴ

204 4076 281 4143 ,τι
313 4061 566 4117 τοιοῦτον.
602 4065 847 4137 Ούδαμοῦ
881 4070 935 4123 δὲ
974 4072 1217 4143 γέννημα
1263 4075 1353 4128 τὸν
1389 4075 1448 4140 ἑξ
1478 4076 1641 4129 αὐτοῦ
1670 4078 1796 4129 ἕκα-

232 4164 355 4211 στος
396 4151 708 4221 προσειπὼν
760 4158 1137 4215 ἐπιδείκνυται.
1191 4164 1362 4236 Καὶή
1406 4168 1552 4219 αἰτία
1582 4168 1789 4239 σαφής·

226 4241 311 4293 ὅτι
343 4242 371 4293 6
400 4243 497 4311 μὲν
520 4243 629 4307 υίὸς
652 4246 743 4299 καὶ
772 4248 829 4300 τὸ
854 4249 1038 4303 τέκνον
1069 4254 1326 4325 ἐμψύχων
1364 4257 1497 4309 εἰσὶν
1533 4258 1789 4329 ὀνόματα,

227 4334 289 4386 τὸ
334 4335 578 4407 γέννημα
627 4338 682 4390 δὲ
706 4340 765 4391 ού
809 4342 1042 4405 πάντως.
1100 4346 1348 4417 Γέννημα
1384 4350 1481 4418 μὲν
1506 4351 1611 4421 γὰρ
1643 4352 1794 4406 δύνα-

1900 3354 1999 3393 mae
2034 3338 2320 3392 dementiae
2342 3336 2464 3390 est?
2500 3336 2629 3401 Quis
2681 3336 2825 3389 enim
2873 3344 3026 3403 pater
3053 3346 3145 3388 aut
3190 3346 3383 3403 mater,
3408 3335 3453 3392 si

1899 3429 2153 3485 benevole
2176 3444 2237 3484 ac
2268 3428 2461 3483 blande
2485 3441 2609 3495 erga
2645 3441 2766 3481 eum
2804 3426 2897 3495 qui
2924 3441 2989 3480 ex
3028 3440 3086 3480 se
3127 3436 3229 3491 est,
3259 3427 3451 3482 allicia-

1899 3530 2004 3585 tur,
2032 3522 2232 3575 omisso
2262 3520 2355 3573 lilii
2397 3528 2490 3573 aut
2522 3518 2631 3571 nati
2686 3517 2925 3581 nomine,
2953 3518 3252 3587 genituram
3282 3518 3455 3587 ipsum

1898 3613 2207 3668 vocaverit?
2236 3612 2395 3675 Nate,
2434 3612 2599 3675 enim,
2649 3611 2843 3679 inquit,
2873 3611 3002 3663 vade
3057 3610 3112 3663 in
3166 3608 3450 3664 vineam".

1898 3706 1962 3759 Et
1994 3704 2119 3760 alibi
2153 3721 2167 3757 :
2194 3703 2333 3757 Deus
2362 3702 2551 3757 videbit
2587 3718 2726 3756 ovem
2754 3702 2822 3754 ad
2849 3702 3136 3766 victimam,
3164 3701 3362 3755 nate".
3391 3702 3456 3756 Et

1898 3814 2083 3854 rursus
2106 3798 2293 3853 Isaac:
2327 3796 2457 3863 Qui:
2489 3813 2565 3861 es,
2604 3796 2820 3849 nate“?
2844 3795 2906 3849 Et
2937 3813 2949 3849 :
2979 3794 3142 3866 244
3177 3793 3306 3861 Fili,
3347 3796 3451 3847 noli

1897 3894 2153 3963 negligere
2186 3892 2516 3959 disciplinam
2559 3888 2768 3942 Domini
2790 3889 2855 3941 ⁸⁷.
2888 3888 2948 3941 Et
2981 3904 2994 3939 :
3031 3886 3203 3941 Filius
3250 3887 3454 3957 sapiens

1897 3986 2131 4054 thiﬁcat
2186 3994 2386 4055 patrem
2408 3983 2472 4037 ³⁸.
2517 3981 2581 4036 Et
2623 3982 2667 4036 si
2699 3982 2826 4051 quid
2879 3980 3020 4035 aliud
3073 3979 3189 4049 ejus
3218 3982 3448 4050 generis.

1897 4078 2063 4133 Nemo
2120 4084 2295 4131 autem
2350 4090 2473 4130 eum
2528 4074 2619 4142 qui
2674 4086 2744 4126 ex.
2804 4074 2918 4142 ipso
2981 4079 3099 4136 est,
3151 4071 3450 4141 genituram

1898 4168 2191 4239 appellasse
2255 4180 2477 4236 usquam
2544 4165 2877 4236 perhibetur.
2962 4163 3025 4217 Et
3107 4173 3291 4233 aperte
3352 4163 3454 4217 hoc

1894 4271 1978 4317 est
2040 4275 2251 4324 causae,
2309 4259 2448 4329 quod
2504 4258 2644 4313 illius
2700 4258 2916 4327 quidem
2970 4272 3032 4311 ac
3085 4266 3280 4321 natus,
3341 4254 3453 4308 ani-

1896 4362 2161 4407 matorum
2214 4362 2339 4405 sunt
2378 4350 2614 4413 nomina,
2647 4349 2890 4419 genitura
2940 4356 3118 4402 autem
3179 4360 3285 4400 non
3320 4358 3451 4399 con-

224 4440 317 4476 ται
352 4423 601 4492 λέγεσθαι
630 4429 722 4480 καὶ
763 4432 823 4482 τὸ
852 4432 957 4501 πρὸ
1007 4433 1100 4486 τοῦ
1128 4434 1544 4508 ὲξεικονισθῆναι
1584 4441 1641 4493 ἑν
1676 4447 1791 4507 ταῖς

1783 4462 1791 4506 :
1894 4444 2063 4497 tinuo.
2125 4441 2257 4495 Nam
2316 4440 2367 4495 id
2425 4440 2587 4493 etiam
2633 4438 2772 4509 quod
2815 4447 3101 4507 antequam
3151 4434 3453 4490 conforma-

224 4514 567 4584 ἀμϐλώσεσιν
592 4518 974 4593 ἐκϐαλλόμενον
993 4542 1006 4554 ’
1035 4526 1093 4578 οὐ
1122 4526 1224 4597 μὴν
1254 4529 1342 4581 καὶ
1368 4530 1463 4601 τῆς
1486 4530 1575 4583 τοῦ
1600 4533 1786 4587 τέκνου
1821 4591 1855 4601 _

1780 4554 1786 4585 ι
1821 4591 1855 4601 _
1895 4545 2003 4589 tum
2058 4536 2149 4600 sit,
2202 4534 2253 4587 in
2298 4532 2577 4587 abortibus
2624 4530 2858 4599 ejicitur.
2900 4528 3159 4599 genitura
3185 4526 3450 4581 nominaui

225 4606 596 4699 προσηγορίας
629 4608 776 4673 ἄξιον
815 4591 877 4664 τὸ
904 4591 1157 4669 τοιοῦτον.
1184 4591 1313 4672 ’Καὶ
1346 4591 1659 4693 γεννήματα
1689 4627 1785 4697 μὲν
1820 4591 1862 4645 D
1894 4648 1895 4657 η

1778 4591 1862 4669 tD
1894 4638 2087 4699 potest,
2123 4642 2221 4681 nec
2279 4637 2455 4681 tamen
2508 4626 2610 4681 hoc
2670 4626 2779 4679 nati
2829 4622 3189 4693 appellatione
3230 4623 3448 4691 dignum

221 4696 501 4802 oi‘xap'rroi.
534 4699 632 4769 τῆς
665 4702 785 4772 γῆς,
820 4705 983 4757 τέκνα
1017 4705 1071 4758 δὲ
1118 4708 1286 4762 ταῦτα
1316 4712 1515 4765 οὐκέτι.
1554 4717 1633 4768 Οὐ
1675 4696 1783 4789 γάρ

1778 4739 1783 4765 ι
1891 4732 1992 4779 est.
2037 4722 2339 4789 Quinetiam
2393 4732 2549 4777 terra:
2599 4721 2809 4775 fructus
2861 4727 3125 4773 vocantur
3159 4717 3448 4784 geniturae,

217 4790 478 4880 yiim'w,
516 4793 698 4861 φησὶν,
740 4795 809 4847 ἐκ
847 4795 952 4850 τοῦ
986 4798 1349 4869 γεννήματος
1383 4803 1489 4872 τῆς
1512 4806 1781 4876 ἀμπέλου

1894 4817 1998 4869 nali
2030 4832 2134 4869 non
2171 4818 2317 4869 item.
2348 4813 2469 4867 Non
2498 4814 2639 4866 enim
2673 4812 2864 4875 bibam,
2890 4810 3167 4880 inquit,de
3195 4809 3452 4879 genimine

222 4879 463 4979 ταύτης.
506 4883 752 4949 Σπανίως
776 4886 831 4939 δὲ
868 4888 959 4941 ἐπὶ
994 4889 1248 4961 ἐμψύχων
1276 4894 1372 4965 τὴν
1413 4900 1782 4970 προσηγορίαν

1781 4929 1782 4936 η
1894 4910 2012 4961 vitis
2054 4908 2212 4977 hujus
2236 4906 2473 4959 ".‘llaro
2503 4920 2629 4960 vero
2661 4906 2711 4958 in
2742 4879 2995 4958 animatis
3039 4902 3178 4957 hanc
3214 4900 3451 4972 appellav

219 4975 427 5038 ταύτην
466 4975 907 5046 παραληφθεῖσαν
946 4979 1325 5053 εὕρομενμϐ).
1378 4987 1487 5041 Καὶ
1530 4990 1663 5043 ὅπου
1720 5010 1781 5061 γε

1893 5002 2092 5053 tionem
2121 4975 2415 5053 adhibitam
2450 4998 2772 5051 invenimus.
2801 4993 2865 5048 Et
2899 5004 3043 5050 certe
3077 4992 3165 5048 ubi
3194 5002 3458 5063 usurpata.

292 5175 338 5205 ”
369 5175 596 5261 Pilll'l‘lpp.
625 5196 685 5242 ιι,
934 5185 1079 5261 Rsal.
1113 5202 1172 5250 ιι,
1203 5189 1251 5239 7.
1332 5190 1379 5261 δέ
1425 5192 1607 5247 Matth.
1646 5212 1758 5261 xxi,
1795 5196 1884 5249 28.
1960 5217 1962 5223 ‘

1795 5196 1884 5249 28.
1960 5197 2003 5227 ³⁵
2034 5195 2165 5251 Gen.
2204 5212 2334 5259 un,
2364 5194 2415 5247 8.
2494 5192 2538 5225 "
2567 5193 2705 5247 Gen.
2736 5208 2903 5257 xxv",
2933 5190 3019 5245 18.
3096 5190 3138 5221 "
3167 5187 3325 5245 Prov.
3362 5203 3442 5254 ιιι,

224 5248 309 5301 Η.
390 5247 435 5277 ³⁸
458 5246 614 5303 Prov.
645 5266 698 5315 ι,
737 5254 784 5307 Ι.
860 5256 903 5287 ³⁸
937 5255 1122 5312 Matth.
1155 5246 1299 5324 sxw,
1324 5259 1412 5315 99.

295 5384 406 5465 (fl)
439 5385 573 5465 ξξιιξςί
609 5403 734 5465 curn
756 5390 956 5457 aliquot
972 5393 1421 5465 rmsst'E6pat't'xi3v
1448 5394 1775 5465 ἑκφὼνησιν.

218 5455 401 5536 (ἶφι-σεξ
622 5468 668 5536 et
703 5455 1608 5536 Reg.tertius'E6pon'qv'(parant).

295 5524 405 5597 (ig)
440 5525 575 5597 Editi
613 5528 754 5582 τότε.
783 5524 1004 5597 Antiqui
1039 5533 1154 5586 libri
1182 5524 1335 5587 ¹πότεξ

432 5596 580 5675 ἐξιΙίιὶ
614 5599 673 5651 τὸ
698 5600 789 5675 τού
818 5600 1071 5675 Χριστού.
1110 5604 1169 5655 At
1210 5622 1334 5659 mss.
1363 5606 1421 5658 τὸ
1455 5606 1708 5675 Χριστοῦ.

220 5665 626 5788 ὀὶσῖᾖῄζέροοιιι
660 5671 820 5723 αὐτόν
853 5665 917 5724 ex
951 5672 1121 5726 tribus
1155 5676 1430 5730 codicibus
1473 5665 1651 5746 Kegits
1684 5676 1777 5729 ad-

261 5751 476 5787 IIIIIIIIIS.

296 5804 409 5871 (45)
439 5805 572 5861 Editi
727 5828 856 5884 μου.
897 5813 1007 5865 Vos
1040 5832 1140 5884 μου
1174 5816 1223 5867 in
1251 5826 1479 5883 quatuor
1525 5833 1653 5870 mss.
1691 5820 1781 5871 dc-

218 5884 325 5936 εει.
377 5891 470 5929 ncc
514 5881 651 5936 apud
684 5880 813 5935 LXX
870 5880 1080 5944 quoquc
1115 5880 1324 5947 legitur,
1370 5887 1524 5944 Prov.
1570 5904 1649 5948 ιιι,
1692 5889 1775 5941 ll.

1886 5400 1991 5455 Sed
2024 5412 2199 5456 tamen
2230 5416 2289 5455 ca
2316 5401 2631 5469 exprimitur
2657 5409 2709 5453 et
2746 5400 2795 5452 in
2827 5398 3071 5469 Vulgata,
3100 5398 3449 5469 Disciplinam

1889 5472 2109 5531 Domini,
2145 5472 2220 5539 [ili
2249 5477 2342 5533 mi,
2368 5468 2428 5523 ne
2464 5471 2703 5539 abjicins,
2741 5479 2795 5523 et
2830 5472 2966 5539 apud
3005 5468 3249 5539 Paulum,
3277 5468 3447 5522 Hebr.

1888 5556 1982 5598 xu.
2019 5541 2071 5598 5.
2104 5540 2211 5595 Fili
2238 5543 2326 5605 mi,
2353 5541 2458 5593 noli
2499 5538 2753 5609 negligere
2783 5538 3111 5608 disciplinam
3142 5538 3369 5609 Domini.

1964 5611 2075 5680 (46)
2107 5611 2284 5694 Codex
2315 5612 2466 5693 colb.
2492 5622 2543 5664 et
2573 5612 2699 5707 Heg.
2732 5612 2918 5707 tenuius
2954 5612 3051 5693 tiri
3070 5608 3311 5680 ἐμψύχου
3345 5608 3443 5680 τὴν

1890 5682 2252 5752 προσηγορίαν
2286 5681 2485 5750 ταύτην
2519 5680 2950 5751 μεταληφθεῖσαν
2999 5680 3227 5751 εὕρομεν
3259 5694 3272 5707 ·
3321 5694 3442 5745 (ιω-

1889 5752 1987 5834 bns
2021 5753 2070 5803 in
2118 5750 2396 5806 codicibus
2452 5768 2539 5805 urc
2605 5751 2818 5821 εἴρηται
2876 5752 3135 5835 scriptum
3174 5752 3443 5804 inuenitur

1888 5838 2131 5892 ευρηταμ
