  <div class='ocr_page' id='page_1' title='image "/cluster/home/n/w/nwhite01/storage/ocr_20150623/29/uva.x004321530/714.png"; bbox 0 0 4230 6558; ppageno 0'>
   <div class='ocr_carea' id='block_1_1' title="bbox 217 524 317 580">
    <p class='ocr_par' dir='ltr' id='par_1_1' title="bbox 217 524 317 580">
     <span class='ocr_line' id='line_1_1' title="bbox 217 524 317 580; baseline 0.04 -4"><span class='ocrx_word' id='word_1_1' title='bbox 217 524 317 580; x_wconf 74' lang='grc'><strong>589</strong></span> 
     </span>
    </p>
   </div>
   <div class='ocr_carea' id='block_1_2' title="bbox 1327 520 2372 578">
    <p class='ocr_par' dir='ltr' id='par_1_2' title="bbox 1327 520 2372 578">
     <span class='ocr_line' id='line_1_2' title="bbox 1327 520 2372 578; baseline 0.004 -4"><span class='ocrx_word' id='word_1_2' title='bbox 1327 520 1687 576; x_wconf 78' lang='lat' dir='ltr'><strong>ADVERSUS</strong></span> <span class='ocrx_word' id='word_1_3' title='bbox 1726 521 2095 578; x_wconf 76' lang='lat' dir='ltr'><strong>EUNOMIUM</strong></span> <span class='ocrx_word' id='word_1_4' title='bbox 2137 524 2264 578; x_wconf 82' lang='lat' dir='ltr'><strong>LIB.</strong></span> <span class='ocrx_word' id='word_1_5' title='bbox 2310 523 2372 578; x_wconf 94' lang='grc'><strong>11.</strong></span> 
     </span>
    </p>
   </div>
   <div class='ocr_carea' id='block_1_3' title="bbox 3325 526 3427 580">
    <p class='ocr_par' dir='ltr' id='par_1_3' title="bbox 3325 526 3427 580">
     <span class='ocr_line' id='line_1_3' title="bbox 3325 526 3427 580; baseline 0.01 -1"><span class='ocrx_word' id='word_1_6' title='bbox 3325 526 3427 580; x_wconf 67' lang='grc'><strong>590</strong></span> 
     </span>
    </p>
   </div>
   <div class='ocr_carea' id='block_1_4' title="bbox 212 632 1882 706">
    <p class='ocr_par' dir='ltr' id='par_1_4' title="bbox 212 632 1849 706">
     <span class='ocr_line' id='line_1_4' title="bbox 212 632 1849 706; baseline -0.003 -15"><span class='ocrx_word' id='word_1_7' title='bbox 212 636 343 691; x_wconf 82' lang='grc' dir='ltr'><strong>ἀλλά</strong></span> <span class='ocrx_word' id='word_1_8' title='bbox 385 634 551 706; x_wconf 82' lang='grc' dir='ltr'>μόνην</span> <span class='ocrx_word' id='word_1_9' title='bbox 598 635 695 704; x_wconf 75' lang='grc' dir='ltr'><strong>τὴν</strong></span> <span class='ocrx_word' id='word_1_10' title='bbox 743 635 875 704; x_wconf 78' lang='grc' dir='ltr'>πρὸς</span> <span class='ocrx_word' id='word_1_11' title='bbox 918 635 1100 704; x_wconf 73' lang='grc' dir='ltr'>ἕτερον</span> <span class='ocrx_word' id='word_1_12' title='bbox 1155 632 1334 702; x_wconf 79' lang='grc' dir='ltr'>σχέσιν</span> <span class='ocrx_word' id='word_1_13' title='bbox 1385 634 1773 704; x_wconf 71' lang='grc' dir='ltr'><strong>ἀποσημαίνει,</strong></span> <span class='ocrx_word' id='word_1_14' title='bbox 1805 643 1849 696; x_wconf 78' lang='grc' dir='ltr'>Α</span> 
     </span>
    </p>
   </div>
   <div class='ocr_carea' id='block_1_5' title="bbox 1756 632 3426 706">
    <p class='ocr_par' dir='ltr' id='par_1_5' title="bbox 1760 636 3426 706">
     <span class='ocr_line' id='line_1_5' title="bbox 1760 636 3426 706; baseline 0.003 -18"><span class='ocrx_word' id='word_1_15' title='bbox 1760 675 1773 696; x_wconf 98' lang='grc'><strong>,</strong></span> <span class='ocrx_word' id='word_1_16' title='bbox 1805 643 1849 696; x_wconf 78' lang='grc' dir='ltr'>Α</span> <span class='ocrx_word' id='word_1_17' title='bbox 1882 636 2251 690; x_wconf 86' lang='lat' dir='ltr'><strong>habitudinem</strong></span> <span class='ocrx_word' id='word_1_18' title='bbox 2309 645 2478 702; x_wconf 87' lang='lat' dir='ltr'><strong>notat,</strong></span> <span class='ocrx_word' id='word_1_19' title='bbox 2522 637 2573 691; x_wconf 91' lang='lat' dir='ltr'><strong>id</strong></span> <span class='ocrx_word' id='word_1_20' title='bbox 2631 637 2990 692; x_wconf 87' lang='lat' dir='ltr'><strong>substantiam</strong></span> <span class='ocrx_word' id='word_1_21' title='bbox 3043 652 3166 693; x_wconf 87' lang='lat' dir='ltr'><strong>esse</strong></span> <span class='ocrx_word' id='word_1_22' title='bbox 3196 642 3426 706; x_wconf 81' lang='lat' dir='ltr'><strong>sancire,</strong></span> 
     </span>
    </p>
   </div>
   <div class='ocr_carea' id='block_1_6' title="bbox 214 724 1771 797">
    <p class='ocr_par' dir='ltr' id='par_1_6' title="bbox 214 724 1771 797">
     <span class='ocr_line' id='line_1_6' title="bbox 214 724 1771 797; baseline -0.003 -15"><span class='ocrx_word' id='word_1_23' title='bbox 214 729 364 782; x_wconf 89' lang='grc' dir='ltr'>τοῦτο</span> <span class='ocrx_word' id='word_1_24' title='bbox 396 729 577 780; x_wconf 83' lang='grc' dir='ltr'>οὑσίαν</span> <span class='ocrx_word' id='word_1_25' title='bbox 610 724 746 780; x_wconf 77' lang='grc' dir='ltr'>εἶναι</span> <span class='ocrx_word' id='word_1_26' title='bbox 779 727 1084 796; x_wconf 79' lang='grc' dir='ltr'>νομοθετεῖν</span> <span class='ocrx_word' id='word_1_27' title='bbox 1131 727 1246 788; x_wconf 82' lang='grc' dir='ltr'><strong>πῶς</strong></span> <span class='ocrx_word' id='word_1_28' title='bbox 1275 727 1334 778; x_wconf 85' lang='grc' dir='ltr'><strong>οὑ</strong></span> <span class='ocrx_word' id='word_1_29' title='bbox 1385 728 1481 797; x_wconf 79' lang='grc' dir='ltr'>τῆς</span> <span class='ocrx_word' id='word_1_30' title='bbox 1511 728 1771 780; x_wconf 83' lang='grc' dir='ltr'><strong>ἀνωτάτω</strong></span> 
     </span>
    </p>
   </div>
   <div class='ocr_carea' id='block_1_7' title="bbox 215 818 1767 892">
    <p class='ocr_par' dir='ltr' id='par_1_7' title="bbox 215 818 1767 892">
     <span class='ocr_line' id='line_1_7' title="bbox 215 818 1767 892; baseline -0.002 -18"><span class='ocrx_word' id='word_1_31' title='bbox 215 821 588 892; x_wconf 79' lang='grc' dir='ltr'>παραπληξίας</span> <span class='ocrx_word' id='word_1_32' title='bbox 621 820 767 882; x_wconf 85' lang='grc' dir='ltr'>ἐστί;</span> <span class='ocrx_word' id='word_1_33' title='bbox 802 819 1057 886; x_wconf 76' lang='grc' dir='ltr'>Καίτοιγε</span> <span class='ocrx_word' id='word_1_34' title='bbox 1104 818 1294 888; x_wconf 79' lang='grc' dir='ltr'>μικρὸν</span> <span class='ocrx_word' id='word_1_35' title='bbox 1329 818 1634 889; x_wconf 76' lang='grc' dir='ltr'>ἔμπροσθεν</span> <span class='ocrx_word' id='word_1_36' title='bbox 1656 819 1767 884; x_wconf 67' lang='grc'>(54)</span> 
     </span>
    </p>
   </div>
   <div class='ocr_carea' id='block_1_8' title="bbox 215 910 1772 982">
    <p class='ocr_par' dir='ltr' id='par_1_8' title="bbox 215 910 1772 982">
     <span class='ocr_line' id='line_1_8' title="bbox 215 910 1772 982; baseline -0.002 -17"><span class='ocrx_word' id='word_1_37' title='bbox 215 913 480 965; x_wconf 69' lang='grc' dir='ltr'>ἐδείκνυτο</span> <span class='ocrx_word' id='word_1_38' title='bbox 527 913 652 982; x_wconf 82' lang='grc' dir='ltr'>παρ’</span> <span class='ocrx_word' id='word_1_39' title='bbox 685 911 861 982; x_wconf 80' lang='grc' dir='ltr'>ἡμῶν,</span> <span class='ocrx_word' id='word_1_40' title='bbox 913 912 993 963; x_wconf 81' lang='grc' dir='ltr'>ὅτι</span> <span class='ocrx_word' id='word_1_41' title='bbox 1032 911 1124 962; x_wconf 73' lang='grc' dir='ltr'><strong>καὶ</strong></span> <span class='ocrx_word' id='word_1_42' title='bbox 1156 911 1220 962; x_wconf 75' lang='grc' dir='ltr'><strong>τὰ</strong></span> <span class='ocrx_word' id='word_1_43' title='bbox 1267 910 1637 980; x_wconf 77' lang='grc' dir='ltr'><strong>ἀπολελυμένα</strong></span> <span class='ocrx_word' id='word_1_44' title='bbox 1665 911 1772 962; x_wconf 79' lang='grc' dir='ltr'><strong>τῶν</strong></span> 
     </span>
    </p>
   </div>
   <div class='ocr_carea' id='block_1_9' title="bbox 215 1001 1774 1073">
    <p class='ocr_par' dir='ltr' id='par_1_9' title="bbox 215 1001 1774 1073">
     <span class='ocr_line' id='line_1_9' title="bbox 215 1001 1774 1073; baseline -0.001 -18"><span class='ocrx_word' id='word_1_45' title='bbox 215 1002 505 1073; x_wconf 81' lang='grc' dir='ltr'><strong>ὀνομάτων,</strong></span> <span class='ocrx_word' id='word_1_46' title='bbox 535 1001 636 1055; x_wconf 78' lang='grc' dir='ltr'><strong>κᾶν</strong></span> <span class='ocrx_word' id='word_1_47' title='bbox 663 1003 730 1055; x_wconf 75' lang='grc' dir='ltr'><strong>τα</strong></span> <span class='ocrx_word' id='word_1_48' title='bbox 779 1003 1011 1072; x_wconf 81' lang='grc' dir='ltr'>μάλιστα</span> <span class='ocrx_word' id='word_1_49' title='bbox 1038 1002 1167 1071; x_wconf 82' lang='grc' dir='ltr'>δοκῇ</span> <span class='ocrx_word' id='word_1_50' title='bbox 1202 1001 1559 1070; x_wconf 79' lang='grc' dir='ltr'>ὑποκείμενόν</span> <span class='ocrx_word' id='word_1_51' title='bbox 1591 1019 1642 1054; x_wconf 88' lang='grc' dir='ltr'><strong>τι</strong></span> <span class='ocrx_word' id='word_1_52' title='bbox 1677 1002 1774 1071; x_wconf 89' lang='grc' dir='ltr'><strong>δη-</strong></span> 
     </span>
    </p>
   </div>
   <div class='ocr_carea' id='block_1_10' title="bbox 217 1091 1775 1165">
    <p class='ocr_par' dir='ltr' id='par_1_10' title="bbox 217 1091 1775 1165">
     <span class='ocr_line' id='line_1_10' title="bbox 217 1091 1775 1165; baseline 0 -20"><span class='ocrx_word' id='word_1_53' title='bbox 217 1093 358 1157; x_wconf 87' lang='grc' dir='ltr'>λοῦν,</span> <span class='ocrx_word' id='word_1_54' title='bbox 389 1094 487 1146; x_wconf 81' lang='grc' dir='ltr'><strong>οὑκ</strong></span> <span class='ocrx_word' id='word_1_55' title='bbox 519 1094 687 1164; x_wconf 84' lang='grc' dir='ltr'>αὑτὴν</span> <span class='ocrx_word' id='word_1_56' title='bbox 717 1094 1012 1165; x_wconf 72' lang='grc' dir='ltr'>παρίστησι</span> <span class='ocrx_word' id='word_1_57' title='bbox 1038 1094 1135 1163; x_wconf 80' lang='grc' dir='ltr'><strong>τὴν</strong></span> <span class='ocrx_word' id='word_1_58' title='bbox 1163 1093 1368 1156; x_wconf 80' lang='grc' dir='ltr'>οὑσίαν,</span> <span class='ocrx_word' id='word_1_59' title='bbox 1421 1091 1682 1164; x_wconf 79' lang='grc' dir='ltr'><strong>ἰδιώματα</strong></span> <span class='ocrx_word' id='word_1_60' title='bbox 1719 1093 1775 1145; x_wconf 81' lang='grc' dir='ltr'>δέ</span> 
     </span>
    </p>
   </div>
   <div class='ocr_carea' id='block_1_11' title="bbox 217 1184 977 1256">
    <p class='ocr_par' dir='ltr' id='par_1_11' title="bbox 217 1184 977 1256">
     <span class='ocr_line' id='line_1_11' title="bbox 217 1184 977 1256; baseline -0.001 -18"><span class='ocrx_word' id='word_1_61' title='bbox 217 1203 333 1239; x_wconf 88' lang='grc' dir='ltr'>τινα</span> <span class='ocrx_word' id='word_1_62' title='bbox 359 1187 486 1253; x_wconf 70' lang='grc' dir='ltr'>περὶ</span> <span class='ocrx_word' id='word_1_63' title='bbox 518 1186 684 1253; x_wconf 78' lang='grc' dir='ltr'>αὐτὴν</span> <span class='ocrx_word' id='word_1_64' title='bbox 711 1184 977 1256; x_wconf 77' lang='grc' dir='ltr'>ἀφορίζει.</span> 
     </span>
    </p>
   </div>
   <div class='ocr_carea' id='block_1_12' title="bbox 289 1274 1775 1348">
    <p class='ocr_par' dir='ltr' id='par_1_12' title="bbox 289 1274 1775 1348">
     <span class='ocr_line' id='line_1_12' title="bbox 289 1274 1775 1348; baseline 0.001 -20"><span class='ocrx_word' id='word_1_65' title='bbox 289 1277 372 1333; x_wconf 86' lang='grc'><strong>10.</strong></span> <span class='ocrx_word' id='word_1_66' title='bbox 410 1276 545 1328; x_wconf 78' lang='grc' dir='ltr'>Ἀλλ’</span> <span class='ocrx_word' id='word_1_67' title='bbox 587 1278 615 1328; x_wconf 83' lang='grc' dir='ltr'>ὁ</span> <span class='ocrx_word' id='word_1_68' title='bbox 663 1274 988 1343; x_wconf 76' lang='grc' dir='ltr'>σοφώτατος,</span> <span class='ocrx_word' id='word_1_69' title='bbox 1042 1276 1136 1329; x_wconf 69' lang='grc' dir='ltr'><strong>καὶ</strong></span> <span class='ocrx_word' id='word_1_70' title='bbox 1179 1279 1298 1339; x_wconf 87' lang='grc' dir='ltr'>ταῖς</span> <span class='ocrx_word' id='word_1_71' title='bbox 1347 1278 1775 1348; x_wconf 83' lang='grc' dir='ltr'>ματαιοτεχνίαις</span> 
     </span>
    </p>
   </div>
   <div class='ocr_carea' id='block_1_13' title="bbox 218 1367 1779 1442">
    <p class='ocr_par' dir='ltr' id='par_1_13' title="bbox 218 1367 1779 1442">
     <span class='ocr_line' id='line_1_13' title="bbox 218 1367 1779 1442; baseline -0.002 -19"><span class='ocrx_word' id='word_1_72' title='bbox 218 1368 428 1423; x_wconf 69' lang='grc' dir='ltr'>ἅπαντα</span> <span class='ocrx_word' id='word_1_73' title='bbox 471 1369 560 1421; x_wconf 83' lang='grc' dir='ltr'><strong>τὸν</strong></span> <span class='ocrx_word' id='word_1_74' title='bbox 593 1367 704 1437; x_wconf 83' lang='grc' dir='ltr'>βίον</span> <span class='ocrx_word' id='word_1_75' title='bbox 735 1367 1066 1437; x_wconf 79' lang='grc' dir='ltr'>ὲσχολακὼς,</span> <span class='ocrx_word' id='word_1_76' title='bbox 1106 1369 1204 1420; x_wconf 90' lang='grc' dir='ltr'><strong>οὑκ</strong></span> <span class='ocrx_word' id='word_1_77' title='bbox 1239 1368 1462 1440; x_wconf 80' lang='grc' dir='ltr'>ἐρυθριᾷ</span> <span class='ocrx_word' id='word_1_78' title='bbox 1487 1370 1656 1442; x_wconf 76' lang='grc' dir='ltr'>αὑτὴν</span> <span class='ocrx_word' id='word_1_79' title='bbox 1681 1369 1779 1439; x_wconf 78' lang='grc' dir='ltr'>τὴν</span> 
     </span>
    </p>
   </div>
   <div class='ocr_carea' id='block_1_14' title="bbox 218 1457 1778 1531">
    <p class='ocr_par' dir='ltr' id='par_1_14' title="bbox 218 1457 1778 1531">
     <span class='ocr_line' id='line_1_14' title="bbox 218 1457 1778 1531; baseline -0.003 -17"><span class='ocrx_word' id='word_1_80' title='bbox 218 1462 402 1515; x_wconf 83' lang='grc' dir='ltr'>ούσίαν</span> <span class='ocrx_word' id='word_1_81' title='bbox 429 1460 537 1531; x_wconf 83' lang='grc'>(55)</span> <span class='ocrx_word' id='word_1_82' title='bbox 565 1457 656 1511; x_wconf 88' lang='grc' dir='ltr'><strong>τοῦ</strong></span> <span class='ocrx_word' id='word_1_83' title='bbox 690 1459 1021 1528; x_wconf 79' lang='grc' dir='ltr'>Μονογενοῦς</span> <span class='ocrx_word' id='word_1_84' title='bbox 1054 1460 1337 1530; x_wconf 78' lang='grc' dir='ltr'>σημαίνειν</span> <span class='ocrx_word' id='word_1_85' title='bbox 1375 1460 1544 1528; x_wconf 87' lang='grc' dir='ltr'>λέγων</span> <span class='ocrx_word' id='word_1_86' title='bbox 1573 1460 1631 1512; x_wconf 78' lang='grc' dir='ltr'>τὸ</span> <span class='ocrx_word' id='word_1_87' title='bbox 1658 1460 1778 1526; x_wconf 73' lang='grc' dir='ltr'>γέν-</span> 
     </span>
    </p>
   </div>
   <div class='ocr_carea' id='block_1_15' title="bbox 221 1547 1776 1622">
    <p class='ocr_par' dir='ltr' id='par_1_15' title="bbox 221 1547 1776 1622">
     <span class='ocr_line' id='line_1_15' title="bbox 221 1547 1776 1622; baseline -0.003 -19"><span class='ocrx_word' id='word_1_88' title='bbox 221 1568 384 1622; x_wconf 88' lang='grc' dir='ltr'>νημα.</span> <span class='ocrx_word' id='word_1_89' title='bbox 416 1548 583 1600; x_wconf 88' lang='grc' dir='ltr'>Τοῦτο</span> <span class='ocrx_word' id='word_1_90' title='bbox 613 1548 668 1600; x_wconf 77' lang='grc' dir='ltr'><strong>δὲ</strong></span> <span class='ocrx_word' id='word_1_91' title='bbox 697 1549 825 1618; x_wconf 83' lang='grc' dir='ltr'>ὅσην</span> <span class='ocrx_word' id='word_1_92' title='bbox 852 1547 946 1618; x_wconf 80' lang='grc' dir='ltr'><strong>τὴν</strong></span> <span class='ocrx_word' id='word_1_93' title='bbox 986 1549 1211 1601; x_wconf 82' lang='grc' dir='ltr'>ἀτοπίαν</span> <span class='ocrx_word' id='word_1_94' title='bbox 1243 1548 1375 1618; x_wconf 76' lang='grc' dir='ltr'>ἔχει,</span> <span class='ocrx_word' id='word_1_95' title='bbox 1413 1549 1682 1600; x_wconf 80' lang='grc' dir='ltr'><strong>σκοπεῖτε.</strong></span> <span class='ocrx_word' id='word_1_96' title='bbox 1713 1549 1776 1598; x_wconf 76' lang='lat' dir='ltr'><strong>Et</strong></span> 
     </span>
    </p>
   </div>
   <div class='ocr_carea' id='block_1_16' title="bbox 221 1639 1778 1714">
    <p class='ocr_par' dir='ltr' id='par_1_16' title="bbox 221 1639 1778 1714">
     <span class='ocr_line' id='line_1_16' title="bbox 221 1639 1778 1714; baseline -0.004 -19"><span class='ocrx_word' id='word_1_97' title='bbox 221 1644 329 1714; x_wconf 73' lang='grc' dir='ltr'>γὰρ</span> <span class='ocrx_word' id='word_1_98' title='bbox 356 1645 386 1712; x_wconf 78' lang='grc' dir='ltr'>ἡ</span> <span class='ocrx_word' id='word_1_99' title='bbox 424 1641 582 1693; x_wconf 84' lang='grc' dir='ltr'>οὑσία</span> <span class='ocrx_word' id='word_1_100' title='bbox 611 1641 874 1711; x_wconf 85' lang='grc' dir='ltr'>γέννημα,</span> <span class='ocrx_word' id='word_1_101' title='bbox 905 1641 999 1693; x_wconf 72' lang='grc' dir='ltr'><strong>καὶ</strong></span> <span class='ocrx_word' id='word_1_102' title='bbox 1034 1641 1314 1701; x_wconf 75' lang='grc' dir='ltr'>ἀνάπαλιν,</span> <span class='ocrx_word' id='word_1_103' title='bbox 1351 1641 1404 1691; x_wconf 76' lang='grc' dir='ltr'>εἴ</span> <span class='ocrx_word' id='word_1_104' title='bbox 1429 1657 1479 1690; x_wconf 90' lang='grc' dir='ltr'><strong>τι</strong></span> <span class='ocrx_word' id='word_1_105' title='bbox 1515 1639 1778 1708; x_wconf 78' lang='grc' dir='ltr'><strong>γέννημα,</strong></span> 
     </span>
    </p>
   </div>
   <div class='ocr_carea' id='block_1_17' title="bbox 222 1730 1780 1802">
    <p class='ocr_par' dir='ltr' id='par_1_17' title="bbox 222 1730 1780 1802">
     <span class='ocr_line' id='line_1_17' title="bbox 222 1730 1780 1802; baseline -0.001 -17"><span class='ocrx_word' id='word_1_106' title='bbox 222 1734 376 1786; x_wconf 85' lang='grc' dir='ltr'>τοῦτο</span> <span class='ocrx_word' id='word_1_107' title='bbox 429 1732 620 1784; x_wconf 78' lang='grc' dir='ltr'>οὐσία·</span> <span class='ocrx_word' id='word_1_108' title='bbox 673 1732 933 1802; x_wconf 80' lang='grc' dir='ltr'>ὀμοούσια</span> <span class='ocrx_word' id='word_1_109' title='bbox 983 1732 1052 1784; x_wconf 78' lang='grc' dir='ltr'><strong>τὰ</strong></span> <span class='ocrx_word' id='word_1_110' title='bbox 1096 1732 1409 1799; x_wconf 80' lang='grc' dir='ltr'>γεννήματα</span> <span class='ocrx_word' id='word_1_111' title='bbox 1458 1732 1634 1783; x_wconf 77' lang='grc' dir='ltr'>πάντα</span> <span class='ocrx_word' id='word_1_112' title='bbox 1671 1730 1780 1799; x_wconf 66' lang='lat' dir='ltr'><strong>(EBG)</strong></span> 
     </span>
    </p>
   </div>
   <div class='ocr_carea' id='block_1_18' title="bbox 222 1813 1781 1887">
    <p class='ocr_par' dir='ltr' id='par_1_18' title="bbox 222 1813 1781 1887">
     <span class='ocr_line' id='line_1_18' title="bbox 222 1813 1781 1887; baseline -0.003 -16"><span class='ocrx_word' id='word_1_113' title='bbox 222 1819 464 1887; x_wconf 75' lang='grc' dir='ltr'>ἀλλήλοις</span> <span class='ocrx_word' id='word_1_114' title='bbox 493 1818 661 1871; x_wconf 75' lang='grc' dir='ltr'>ἔσται.</span> <span class='ocrx_word' id='word_1_115' title='bbox 693 1819 785 1869; x_wconf 75' lang='grc' dir='ltr'>Ἐκ</span> <span class='ocrx_word' id='word_1_116' title='bbox 807 1816 870 1887; x_wconf 83' lang='grc' dir='ltr'><strong>δὴ</strong></span> <span class='ocrx_word' id='word_1_117' title='bbox 895 1817 1078 1868; x_wconf 85' lang='grc' dir='ltr'>τούτου</span> <span class='ocrx_word' id='word_1_118' title='bbox 1096 1815 1146 1867; x_wconf 88' lang='grc' dir='ltr'><strong>τί</strong></span> <span class='ocrx_word' id='word_1_119' title='bbox 1178 1813 1507 1885; x_wconf 80' lang='grc' dir='ltr'>συμϐήσεται</span> <span class='ocrx_word' id='word_1_120' title='bbox 1533 1815 1670 1866; x_wconf 87' lang='grc' dir='ltr'><strong>κατά</strong></span> <span class='ocrx_word' id='word_1_121' title='bbox 1694 1815 1781 1866; x_wconf 71' lang='grc' dir='ltr'>τὸν</span> 
     </span>
    </p>
   </div>
   <div class='ocr_carea' id='block_1_19' title="bbox 221 1906 1782 1978">
    <p class='ocr_par' dir='ltr' id='par_1_19' title="bbox 221 1906 1782 1978">
     <span class='ocr_line' id='line_1_19' title="bbox 221 1906 1782 1978; baseline -0.003 -16"><span class='ocrx_word' id='word_1_122' title='bbox 221 1908 408 1963; x_wconf 83' lang='grc' dir='ltr'>τούτου</span> <span class='ocrx_word' id='word_1_123' title='bbox 452 1909 643 1976; x_wconf 84' lang='grc' dir='ltr'>λόγον;</span> <span class='ocrx_word' id='word_1_124' title='bbox 705 1911 763 1960; x_wconf 87' lang='lat'><strong>&#39;0</strong></span> <span class='ocrx_word' id='word_1_125' title='bbox 807 1906 1132 1978; x_wconf 72' lang='grc' dir='ltr'>δημιουργὸς</span> <span class='ocrx_word' id='word_1_126' title='bbox 1183 1906 1289 1958; x_wconf 78' lang='grc' dir='ltr'>τῶν</span> <span class='ocrx_word' id='word_1_127' title='bbox 1330 1907 1466 1959; x_wconf 82' lang='grc' dir='ltr'>ὅλων</span> <span class='ocrx_word' id='word_1_128' title='bbox 1499 1909 1631 1960; x_wconf 78' lang='grc' dir='ltr'>πᾶσι</span> <span class='ocrx_word' id='word_1_129' title='bbox 1671 1909 1782 1968; x_wconf 77' lang='grc' dir='ltr'>τοῖς</span> 
     </span>
    </p>
   </div>
   <div class='ocr_carea' id='block_1_20' title="bbox 1874 727 3431 800">
    <p class='ocr_par' dir='ltr' id='par_1_20' title="bbox 1874 727 3431 800">
     <span class='ocr_line' id='line_1_20' title="bbox 1874 727 3431 800; baseline 0.005 -22"><span class='ocrx_word' id='word_1_130' title='bbox 1874 741 1937 778; x_wconf 87' lang='lat' dir='ltr'><strong>an</strong></span> <span class='ocrx_word' id='word_1_131' title='bbox 1969 741 2072 780; x_wconf 92' lang='lat' dir='ltr'><strong>non</strong></span> <span class='ocrx_word' id='word_1_132' title='bbox 2108 741 2332 781; x_wconf 72' lang='lat' dir='ltr'><strong>summa:</strong></span> <span class='ocrx_word' id='word_1_133' title='bbox 2361 729 2610 781; x_wconf 69' lang='lat' dir='ltr'><strong>amentiae</strong></span> <span class='ocrx_word' id='word_1_134' title='bbox 2640 727 2762 781; x_wconf 78' lang='lat' dir='ltr'><strong>est?</strong></span> <span class='ocrx_word' id='word_1_135' title='bbox 2798 727 2956 796; x_wconf 89' lang='lat' dir='ltr'><strong>Atqui</strong></span> <span class='ocrx_word' id='word_1_136' title='bbox 2990 728 3147 797; x_wconf 91' lang='lat' dir='ltr'><strong>paulo</strong></span> <span class='ocrx_word' id='word_1_137' title='bbox 3182 732 3431 800; x_wconf 80' lang='lat' dir='ltr'><strong>superius</strong></span> 
     </span>
    </p>
   </div>
   <div class='ocr_carea' id='block_1_21' title="bbox 1872 823 3427 890">
    <p class='ocr_par' dir='ltr' id='par_1_21' title="bbox 1872 823 3427 890">
     <span class='ocr_line' id='line_1_21' title="bbox 1872 823 3427 890; baseline 0.002 -13"><span class='ocrx_word' id='word_1_138' title='bbox 1872 838 1902 877; x_wconf 93' lang='lat' dir='ltr'><strong>a</strong></span> <span class='ocrx_word' id='word_1_139' title='bbox 1935 823 2088 878; x_wconf 87' lang='lat' dir='ltr'><strong>nobis</strong></span> <span class='ocrx_word' id='word_1_140' title='bbox 2109 823 2537 880; x_wconf 78' lang='lat' dir='ltr'><strong>demonstratum</strong></span> <span class='ocrx_word' id='word_1_141' title='bbox 2569 834 2671 887; x_wconf 89' lang='lat' dir='ltr'><strong>est,</strong></span> <span class='ocrx_word' id='word_1_142' title='bbox 2716 823 2956 878; x_wconf 79' lang='lat' dir='ltr'><strong>absoluta</strong></span> <span class='ocrx_word' id='word_1_143' title='bbox 2986 824 3146 877; x_wconf 83' lang='lat' dir='ltr'><strong>etiam</strong></span> <span class='ocrx_word' id='word_1_144' title='bbox 3186 827 3427 890; x_wconf 87' lang='lat' dir='ltr'><strong>nomina,</strong></span> 
     </span>
    </p>
   </div>
   <div class='ocr_carea' id='block_1_22' title="bbox 1871 914 3430 988">
    <p class='ocr_par' dir='ltr' id='par_1_22' title="bbox 1871 914 3430 988">
     <span class='ocr_line' id='line_1_22' title="bbox 1871 914 3430 988; baseline 0.002 -19"><span class='ocrx_word' id='word_1_145' title='bbox 1871 917 2079 972; x_wconf 89' lang='lat' dir='ltr'><strong>etiamsi</strong></span> <span class='ocrx_word' id='word_1_146' title='bbox 2138 919 2371 970; x_wconf 82' lang='lat' dir='ltr'><strong>maxime</strong></span> <span class='ocrx_word' id='word_1_147' title='bbox 2441 914 2741 984; x_wconf 80' lang='lat' dir='ltr'><strong>subjectum</strong></span> <span class='ocrx_word' id='word_1_148' title='bbox 2813 918 3067 986; x_wconf 80' lang='lat' dir='ltr'><strong>quiddam</strong></span> <span class='ocrx_word' id='word_1_149' title='bbox 3120 917 3430 988; x_wconf 77' lang='lat' dir='ltr'><strong>significare</strong></span> 
     </span>
    </p>
   </div>
   <div class='ocr_carea' id='block_1_23' title="bbox 1871 1008 3426 1079">
    <p class='ocr_par' dir='ltr' id='par_1_23' title="bbox 1871 1008 3426 1079">
     <span class='ocr_line' id='line_1_23' title="bbox 1871 1008 3426 1079; baseline 0.002 -18"><span class='ocrx_word' id='word_1_150' title='bbox 1871 1008 2173 1072; x_wconf 78' lang='lat' dir='ltr'><strong>videamur,</strong></span> <span class='ocrx_word' id='word_1_151' title='bbox 2210 1023 2313 1061; x_wconf 93' lang='lat' dir='ltr'><strong>non</strong></span> <span class='ocrx_word' id='word_1_152' title='bbox 2346 1017 2527 1063; x_wconf 90' lang='lat' dir='ltr'><strong>tamen</strong></span> <span class='ocrx_word' id='word_1_153' title='bbox 2561 1011 2911 1064; x_wconf 87' lang='lat' dir='ltr'><strong>substantiam</strong></span> <span class='ocrx_word' id='word_1_154' title='bbox 2946 1011 3112 1079; x_wconf 87' lang='lat' dir='ltr'><strong>ipsam</strong></span> <span class='ocrx_word' id='word_1_155' title='bbox 3153 1011 3426 1074; x_wconf 84' lang='lat' dir='ltr'><strong>exhibere,</strong></span> 
     </span>
    </p>
   </div>
   <div class='ocr_carea' id='block_1_24' title="bbox 1873 1100 3353 1172">
    <p class='ocr_par' dir='ltr' id='par_1_24' title="bbox 1873 1100 3353 1172">
     <span class='ocr_line' id='line_1_24' title="bbox 1873 1100 3353 1172; baseline 0.001 -19"><span class='ocrx_word' id='word_1_156' title='bbox 1873 1100 1964 1154; x_wconf 82' lang='lat' dir='ltr'><strong>sed</strong></span> <span class='ocrx_word' id='word_1_157' title='bbox 1989 1100 2345 1169; x_wconf 84' lang='lat' dir='ltr'><strong>proprietates</strong></span> <span class='ocrx_word' id='word_1_158' title='bbox 2374 1101 2636 1168; x_wconf 88' lang='lat' dir='ltr'><strong>quasdam</strong></span> <span class='ocrx_word' id='word_1_159' title='bbox 2673 1101 2815 1155; x_wconf 89' lang='lat' dir='ltr'><strong>circa</strong></span> <span class='ocrx_word' id='word_1_160' title='bbox 2853 1101 3021 1171; x_wconf 84' lang='lat' dir='ltr'><strong>ipsam</strong></span> <span class='ocrx_word' id='word_1_161' title='bbox 3055 1103 3353 1172; x_wconf 81' lang='lat' dir='ltr'><strong>designare.</strong></span> 
     </span>
    </p>
   </div>
   <div class='ocr_carea' id='block_1_25' title="bbox 1951 1276 3428 1350">
    <p class='ocr_par' dir='ltr' id='par_1_25' title="bbox 1951 1276 3428 1350">
     <span class='ocr_line' id='line_1_25' title="bbox 1951 1276 3428 1350; baseline 0.003 -19"><span class='ocrx_word' id='word_1_162' title='bbox 1951 1277 2036 1331; x_wconf 79' lang='grc'>10.</span> <span class='ocrx_word' id='word_1_163' title='bbox 2082 1276 2184 1332; x_wconf 92' lang='lat' dir='ltr'><strong>Sed</strong></span> <span class='ocrx_word' id='word_1_164' title='bbox 2220 1277 2647 1345; x_wconf 83' lang='lat' dir='ltr'><strong>sapientissimus</strong></span> <span class='ocrx_word' id='word_1_165' title='bbox 2676 1281 2801 1345; x_wconf 80' lang='lat' dir='ltr'><strong>&#39;ille,</strong></span> <span class='ocrx_word' id='word_1_166' title='bbox 2829 1283 2919 1350; x_wconf 87' lang='lat' dir='ltr'><strong>qui</strong></span> <span class='ocrx_word' id='word_1_167' title='bbox 2957 1283 3006 1336; x_wconf 92' lang='lat' dir='ltr'><strong>in</strong></span> <span class='ocrx_word' id='word_1_168' title='bbox 3036 1284 3189 1337; x_wconf 85' lang='lat' dir='ltr'><strong>vanis</strong></span> <span class='ocrx_word' id='word_1_169' title='bbox 3220 1283 3428 1337; x_wconf 88' lang='lat' dir='ltr'><strong>artibus</strong></span> 
     </span>
    </p>
   </div>
   <div class='ocr_carea' id='block_1_26' title="bbox 1879 1367 3429 1437">
    <p class='ocr_par' dir='ltr' id='par_1_26' title="bbox 1879 1367 3429 1437">
     <span class='ocr_line' id='line_1_26' title="bbox 1879 1367 3429 1437; baseline 0.001 -19"><span class='ocrx_word' id='word_1_170' title='bbox 1879 1367 2041 1420; x_wconf 89' lang='lat' dir='ltr'><strong>vitam</strong></span> <span class='ocrx_word' id='word_1_171' title='bbox 2087 1376 2250 1420; x_wconf 89' lang='lat' dir='ltr'><strong>totam</strong></span> <span class='ocrx_word' id='word_1_172' title='bbox 2284 1369 2634 1437; x_wconf 86' lang='lat' dir='ltr'><strong>consumpsit,</strong></span> <span class='ocrx_word' id='word_1_173' title='bbox 2670 1370 2850 1424; x_wconf 84' lang='lat' dir='ltr'><strong>dicere</strong></span> <span class='ocrx_word' id='word_1_174' title='bbox 2881 1385 2985 1424; x_wconf 92' lang='lat' dir='ltr'><strong>non</strong></span> <span class='ocrx_word' id='word_1_175' title='bbox 3017 1371 3304 1434; x_wconf 87' lang='lat' dir='ltr'><strong>erubescit,</strong></span> <span class='ocrx_word' id='word_1_176' title='bbox 3337 1387 3429 1437; x_wconf 78' lang='lat' dir='ltr'><strong>ge-</strong></span> 
     </span>
    </p>
   </div>
   <div class='ocr_carea' id='block_1_27' title="bbox 1878 1456 3436 1531">
    <p class='ocr_par' dir='ltr' id='par_1_27' title="bbox 1878 1456 3436 1531">
     <span class='ocr_line' id='line_1_27' title="bbox 1878 1456 3436 1531; baseline -0.001 -21"><span class='ocrx_word' id='word_1_177' title='bbox 1878 1458 2054 1511; x_wconf 91' lang='lat' dir='ltr'><strong>nitura</strong></span> <span class='ocrx_word' id='word_1_178' title='bbox 2078 1458 2434 1511; x_wconf 81' lang='lat' dir='ltr'><strong>substantiam</strong></span> <span class='ocrx_word' id='word_1_179' title='bbox 2463 1459 2629 1526; x_wconf 84' lang='lat' dir='ltr'><strong>ipsam</strong></span> <span class='ocrx_word' id='word_1_180' title='bbox 2656 1456 2926 1526; x_wconf 80' lang='lat' dir='ltr'><strong>Unigeniti</strong></span> <span class='ocrx_word' id='word_1_181' title='bbox 2952 1460 3259 1531; x_wconf 79' lang='lat' dir='ltr'><strong>signiﬁcari.</strong></span> <span class='ocrx_word' id='word_1_182' title='bbox 3284 1460 3436 1525; x_wconf 82' lang='lat' dir='ltr'><strong>Quod</strong></span> 
     </span>
    </p>
   </div>
   <div class='ocr_carea' id='block_1_28' title="bbox 1877 1545 3435 1618">
    <p class='ocr_par' dir='ltr' id='par_1_28' title="bbox 1877 1545 3435 1618">
     <span class='ocr_line' id='line_1_28' title="bbox 1877 1545 3435 1618; baseline 0.001 -18"><span class='ocrx_word' id='word_1_183' title='bbox 1877 1562 2037 1616; x_wconf 89' lang='lat' dir='ltr'><strong>quam</strong></span> <span class='ocrx_word' id='word_1_184' title='bbox 2091 1545 2382 1602; x_wconf 88' lang='lat' dir='ltr'><strong>absurdum</strong></span> <span class='ocrx_word' id='word_1_185' title='bbox 2416 1549 2503 1611; x_wconf 88' lang='lat' dir='ltr'><strong>sit,</strong></span> <span class='ocrx_word' id='word_1_186' title='bbox 2533 1564 2734 1618; x_wconf 67' lang='lat' dir='ltr'><strong>quaeso,</strong></span> <span class='ocrx_word' id='word_1_187' title='bbox 2765 1551 3191 1604; x_wconf 83' lang='lat' dir='ltr'><strong>animadvertite.</strong></span> <span class='ocrx_word' id='word_1_188' title='bbox 3225 1549 3435 1603; x_wconf 80' lang='lat' dir='ltr'><strong>Etenim</strong></span> 
     </span>
    </p>
   </div>
   <div class='ocr_carea' id='block_1_29' title="bbox 1881 1639 3435 1711">
    <p class='ocr_par' dir='ltr' id='par_1_29' title="bbox 1881 1639 3435 1711">
     <span class='ocr_line' id='line_1_29' title="bbox 1881 1639 3435 1711; baseline -0.001 -17"><span class='ocrx_word' id='word_1_189' title='bbox 1881 1640 1925 1694; x_wconf 90' lang='lat' dir='ltr'><strong>si</strong></span> <span class='ocrx_word' id='word_1_190' title='bbox 1979 1639 2278 1695; x_wconf 88' lang='lat' dir='ltr'><strong>substantia</strong></span> <span class='ocrx_word' id='word_1_191' title='bbox 2329 1640 2570 1710; x_wconf 82' lang='lat' dir='ltr'><strong>genitura</strong></span> <span class='ocrx_word' id='word_1_192' title='bbox 2617 1642 2709 1706; x_wconf 89' lang='lat' dir='ltr'><strong>sit,</strong></span> <span class='ocrx_word' id='word_1_193' title='bbox 2758 1650 2812 1694; x_wconf 83' lang='lat' dir='ltr'><strong>et</strong></span> <span class='ocrx_word' id='word_1_194' title='bbox 2851 1641 2964 1696; x_wconf 86' lang='lat' dir='ltr'><strong>vice</strong></span> <span class='ocrx_word' id='word_1_195' title='bbox 3011 1655 3187 1704; x_wconf 87' lang='lat' dir='ltr'><strong>versa,</strong></span> <span class='ocrx_word' id='word_1_196' title='bbox 3217 1641 3260 1696; x_wconf 93' lang='lat' dir='ltr'><strong>si</strong></span> <span class='ocrx_word' id='word_1_197' title='bbox 3293 1643 3435 1711; x_wconf 89' lang='lat' dir='ltr'><strong>quod</strong></span> 
     </span>
    </p>
   </div>
   <div class='ocr_carea' id='block_1_30' title="bbox 1881 1728 3439 1798">
    <p class='ocr_par' dir='ltr' id='par_1_30' title="bbox 1881 1728 3439 1798">
     <span class='ocr_line' id='line_1_30' title="bbox 1881 1728 3439 1798; baseline 0.001 -16"><span class='ocrx_word' id='word_1_198' title='bbox 1881 1729 2126 1798; x_wconf 80' lang='lat' dir='ltr'><strong>genitura</strong></span> <span class='ocrx_word' id='word_1_199' title='bbox 2185 1738 2288 1790; x_wconf 86' lang='lat' dir='ltr'><strong>est.</strong></span> <span class='ocrx_word' id='word_1_200' title='bbox 2332 1731 2434 1784; x_wconf 86' lang='lat' dir='ltr'><strong>hoc</strong></span> <span class='ocrx_word' id='word_1_201' title='bbox 2482 1728 2782 1783; x_wconf 87' lang='lat' dir='ltr'><strong>substantia</strong></span> <span class='ocrx_word' id='word_1_202' title='bbox 2828 1730 2918 1793; x_wconf 87' lang='lat' dir='ltr'><strong>sit,</strong></span> <span class='ocrx_word' id='word_1_203' title='bbox 2961 1730 3219 1798; x_wconf 71' lang='lat' dir='ltr'><strong>geniturae</strong></span> <span class='ocrx_word' id='word_1_204' title='bbox 3248 1744 3439 1784; x_wconf 83' lang='lat' dir='ltr'><strong>omnes</strong></span> 
     </span>
    </p>
   </div>
   <div class='ocr_carea' id='block_1_31' title="bbox 1881 1816 3440 1890">
    <p class='ocr_par' dir='ltr' id='par_1_31' title="bbox 1881 1816 3440 1890">
     <span class='ocr_line' id='line_1_31' title="bbox 1881 1816 3440 1890; baseline 0.001 -18"><span class='ocrx_word' id='word_1_205' title='bbox 1881 1828 2040 1872; x_wconf 90' lang='lat' dir='ltr'><strong>erunt</strong></span> <span class='ocrx_word' id='word_1_206' title='bbox 2081 1820 2222 1872; x_wconf 90' lang='lat' dir='ltr'><strong>inter</strong></span> <span class='ocrx_word' id='word_1_207' title='bbox 2261 1834 2319 1873; x_wconf 89' lang='lat' dir='ltr'><strong>se</strong></span> <span class='ocrx_word' id='word_1_208' title='bbox 2359 1816 2867 1874; x_wconf 84' lang='lat' dir='ltr'><strong>consubstantiale’s.</strong></span> <span class='ocrx_word' id='word_1_209' title='bbox 2905 1821 3039 1876; x_wconf 85' lang='lat' dir='ltr'><strong>Hinc</strong></span> <span class='ocrx_word' id='word_1_210' title='bbox 3079 1820 3187 1890; x_wconf 82' lang='lat' dir='ltr'><strong>jam</strong></span> <span class='ocrx_word' id='word_1_211' title='bbox 3246 1835 3440 1876; x_wconf 86' lang='lat' dir='ltr'><strong>secun-</strong></span> 
     </span>
    </p>
   </div>
   <div class='ocr_carea' id='block_1_32' title="bbox 1883 1908 3440 1981">
    <p class='ocr_par' dir='ltr' id='par_1_32' title="bbox 1883 1908 3440 1981">
     <span class='ocr_line' id='line_1_32' title="bbox 1883 1908 3440 1981; baseline 0 -17"><span class='ocrx_word' id='word_1_212' title='bbox 1883 1911 2006 1964; x_wconf 89' lang='lat' dir='ltr'><strong>dum</strong></span> <span class='ocrx_word' id='word_1_213' title='bbox 2063 1908 2219 1976; x_wconf 87' lang='lat' dir='ltr'><strong>hujus</strong></span> <span class='ocrx_word' id='word_1_214' title='bbox 2271 1909 2528 1962; x_wconf 87' lang='lat' dir='ltr'><strong>rationem</strong></span> <span class='ocrx_word' id='word_1_215' title='bbox 2574 1911 2701 1978; x_wconf 89' lang='lat' dir='ltr'><strong>quid</strong></span> <span class='ocrx_word' id='word_1_216' title='bbox 2765 1911 3012 1968; x_wconf 77' lang='lat' dir='ltr'><strong>eveniet?</strong></span> <span class='ocrx_word' id='word_1_217' title='bbox 3069 1911 3440 1981; x_wconf 85' lang='lat' dir='ltr'><strong>Comperietur</strong></span> 
     </span>
    </p>
   </div>
   <div class='ocr_carea' id='block_1_33' title="bbox 223 1996 1893 2075">
    <p class='ocr_par' dir='ltr' id='par_1_33' title="bbox 223 1996 1893 2070">
     <span class='ocr_line' id='line_1_33' title="bbox 223 1996 1893 2070; baseline 0.002 -20"><span class='ocrx_word' id='word_1_218' title='bbox 223 2000 522 2070; x_wconf 76' lang='grc' dir='ltr'>γεννήσεως</span> <span class='ocrx_word' id='word_1_219' title='bbox 562 1998 904 2069; x_wconf 77' lang='grc' dir='ltr'>μετειληφόσι</span> <span class='ocrx_word' id='word_1_220' title='bbox 939 1997 1036 2066; x_wconf 79' lang='grc' dir='ltr'><strong>τὴν</strong></span> <span class='ocrx_word' id='word_1_221' title='bbox 1068 1997 1238 2068; x_wconf 84' lang='grc' dir='ltr'>αὑτὴν</span> <span class='ocrx_word' id='word_1_222' title='bbox 1271 1998 1407 2067; x_wconf 81' lang='grc' dir='ltr'><strong>ἔχων</strong></span> <span class='ocrx_word' id='word_1_223' title='bbox 1439 1998 1625 2050; x_wconf 88' lang='grc' dir='ltr'>οὑσίαν</span> <span class='ocrx_word' id='word_1_224' title='bbox 1653 1999 1780 2050; x_wconf 84' lang='grc' dir='ltr'>ἀνα·</span> <span class='ocrx_word' id='word_1_225' title='bbox 1810 1996 1851 2050; x_wconf 90' lang='grc' dir='ltr'><strong>Β</strong></span> <span class='ocrx_word' id='word_1_226' title='bbox 1883 2017 1893 2054; x_wconf 92' lang='lat' dir='ltr'><strong>l</strong></span> 
     </span>
    </p>
   </div>
   <div class='ocr_carea' id='block_1_34' title="bbox 1768 1996 3438 2075">
    <p class='ocr_par' dir='ltr' id='par_1_34' title="bbox 1768 1996 3438 2075">
     <span class='ocr_line' id='line_1_34' title="bbox 1768 1996 3438 2075; baseline 0.004 -25"><span class='ocrx_word' id='word_1_227' title='bbox 1768 2026 1780 2036; x_wconf 94' lang='lat'><strong><em>-</em></strong></span> <span class='ocrx_word' id='word_1_228' title='bbox 1810 1996 1851 2050; x_wconf 90' lang='grc' dir='ltr'><strong>Β</strong></span> <span class='ocrx_word' id='word_1_229' title='bbox 1883 2000 2252 2054; x_wconf 85' lang='lat' dir='ltr'><strong>universorum</strong></span> <span class='ocrx_word' id='word_1_230' title='bbox 2281 1999 2466 2068; x_wconf 80' lang='lat' dir='ltr'><strong>opifex</strong></span> <span class='ocrx_word' id='word_1_231' title='bbox 2495 2001 2740 2056; x_wconf 88' lang='lat' dir='ltr'><strong>eamdem</strong></span> <span class='ocrx_word' id='word_1_232' title='bbox 2774 2015 2894 2057; x_wconf 86' lang='lat' dir='ltr'><strong>cum</strong></span> <span class='ocrx_word' id='word_1_233' title='bbox 2925 2005 3176 2059; x_wconf 92' lang='lat' dir='ltr'><strong>omnibus</strong></span> <span class='ocrx_word' id='word_1_234' title='bbox 3206 2018 3438 2075; x_wconf 85' lang='lat' dir='ltr'><strong>genera-</strong></span> 
     </span>
    </p>
   </div>
   <div class='ocr_carea' id='block_1_35' title="bbox 225 2088 1783 2162">
    <p class='ocr_par' dir='ltr' id='par_1_35' title="bbox 225 2088 1783 2162">
     <span class='ocr_line' id='line_1_35' title="bbox 225 2088 1783 2162; baseline -0.003 -18"><span class='ocrx_word' id='word_1_235' title='bbox 225 2092 536 2162; x_wconf 75' lang='grc' dir='ltr'>φανήσεται.</span> <span class='ocrx_word' id='word_1_236' title='bbox 574 2091 646 2143; x_wconf 84' lang='grc' dir='ltr'>Ού</span> <span class='ocrx_word' id='word_1_237' title='bbox 677 2091 781 2160; x_wconf 82' lang='grc' dir='ltr'><strong>γὰρ</strong></span> <span class='ocrx_word' id='word_1_238' title='bbox 804 2090 866 2160; x_wconf 78' lang='grc' dir='ltr'><strong>δὴ</strong></span> <span class='ocrx_word' id='word_1_239' title='bbox 896 2090 986 2140; x_wconf 67' lang='grc' dir='ltr'><strong>ἐπὶ</strong></span> <span class='ocrx_word' id='word_1_240' title='bbox 1014 2088 1110 2159; x_wconf 77' lang='grc' dir='ltr'><strong>μὲν</strong></span> <span class='ocrx_word' id='word_1_241' title='bbox 1137 2088 1231 2141; x_wconf 87' lang='grc' dir='ltr'><strong>τοῦ</strong></span> <span class='ocrx_word' id='word_1_242' title='bbox 1257 2088 1385 2142; x_wconf 83' lang='grc' dir='ltr'>Υἱοῦ</span> <span class='ocrx_word' id='word_1_243' title='bbox 1416 2091 1600 2144; x_wconf 83' lang='grc' dir='ltr'>οὑσὶαν</span> <span class='ocrx_word' id='word_1_244' title='bbox 1625 2091 1783 2160; x_wconf 68' lang='grc' dir='ltr'>(ρήσει</span> 
     </span>
    </p>
   </div>
   <div class='ocr_carea' id='block_1_36' title="bbox 226 2179 1782 2253">
    <p class='ocr_par' dir='ltr' id='par_1_36' title="bbox 226 2179 1782 2253">
     <span class='ocr_line' id='line_1_36' title="bbox 226 2179 1782 2253; baseline -0.003 -19"><span class='ocrx_word' id='word_1_245' title='bbox 226 2181 505 2253; x_wconf 77' lang='grc' dir='ltr'>σημαίνειν</span> <span class='ocrx_word' id='word_1_246' title='bbox 531 2181 590 2232; x_wconf 83' lang='grc' dir='ltr'>τὸ</span> <span class='ocrx_word' id='word_1_247' title='bbox 625 2179 890 2249; x_wconf 77' lang='grc' dir='ltr'>γέννημα,</span> <span class='ocrx_word' id='word_1_248' title='bbox 922 2179 1011 2230; x_wconf 74' lang='grc' dir='ltr'>ἐπὶ</span> <span class='ocrx_word' id='word_1_249' title='bbox 1040 2179 1094 2231; x_wconf 83' lang='grc' dir='ltr'><strong>δὲ</strong></span> <span class='ocrx_word' id='word_1_250' title='bbox 1138 2179 1243 2231; x_wconf 83' lang='grc' dir='ltr'><strong>τῶν</strong></span> <span class='ocrx_word' id='word_1_251' title='bbox 1276 2179 1476 2231; x_wconf 79' lang='grc' dir='ltr'>λοιπῶν</span> <span class='ocrx_word' id='word_1_252' title='bbox 1505 2180 1610 2230; x_wconf 82' lang='grc' dir='ltr'><strong>τῶν</strong></span> <span class='ocrx_word' id='word_1_253' title='bbox 1655 2197 1782 2248; x_wconf 56' lang='grc' dir='ltr'>μετ-</span> 
     </span>
    </p>
   </div>
   <div class='ocr_carea' id='block_1_37' title="bbox 224 2272 1785 2346">
    <p class='ocr_par' dir='ltr' id='par_1_37' title="bbox 224 2272 1785 2346">
     <span class='ocr_line' id='line_1_37' title="bbox 224 2272 1785 2346; baseline -0.003 -18"><span class='ocrx_word' id='word_1_254' title='bbox 224 2277 450 2346; x_wconf 78' lang='grc' dir='ltr'>εχόντων</span> <span class='ocrx_word' id='word_1_255' title='bbox 493 2272 756 2340; x_wconf 78' lang='grc' dir='ltr'>γενέσεως</span> <span class='ocrx_word' id='word_1_256' title='bbox 801 2273 981 2326; x_wconf 75' lang='grc' dir='ltr'>οὐκέτι</span> <span class='ocrx_word' id='word_1_257' title='bbox 1023 2273 1118 2341; x_wconf 80' lang='grc' dir='ltr'>τὴν</span> <span class='ocrx_word' id='word_1_258' title='bbox 1145 2273 1312 2343; x_wconf 77' lang='grc' dir='ltr'>αὐτὴν</span> <span class='ocrx_word' id='word_1_259' title='bbox 1338 2273 1543 2325; x_wconf 75' lang='grc' dir='ltr'>ἔννοιαν</span> <span class='ocrx_word' id='word_1_260' title='bbox 1574 2272 1785 2325; x_wconf 81' lang='grc' dir='ltr'>ἀποσώ-</span> 
     </span>
    </p>
   </div>
   <div class='ocr_carea' id='block_1_38' title="bbox 227 2366 1784 2436">
    <p class='ocr_par' dir='ltr' id='par_1_38' title="bbox 227 2366 1784 2436">
     <span class='ocr_line' id='line_1_38' title="bbox 227 2366 1784 2436; baseline -0.002 -16"><span class='ocrx_word' id='word_1_261' title='bbox 227 2367 337 2431; x_wconf 85' lang='grc' dir='ltr'>ζειν</span> <span class='ocrx_word' id='word_1_262' title='bbox 366 2367 496 2436; x_wconf 81' lang='grc'>(57).</span> <span class='ocrx_word' id='word_1_263' title='bbox 537 2366 686 2417; x_wconf 75' lang='grc' dir='ltr'>Ἐπεὶ</span> <span class='ocrx_word' id='word_1_264' title='bbox 717 2366 922 2434; x_wconf 79' lang='grc' dir='ltr'>λεγέτω</span> <span class='ocrx_word' id='word_1_265' title='bbox 952 2367 1072 2420; x_wconf 78' lang='grc' dir='ltr'>τινὰ</span> <span class='ocrx_word' id='word_1_266' title='bbox 1100 2368 1276 2421; x_wconf 81' lang='grc' dir='ltr'>αἰτίαν</span> <span class='ocrx_word' id='word_1_267' title='bbox 1319 2367 1460 2436; x_wconf 63' lang='grc' dir='ltr'>σαφῆ</span> <span class='ocrx_word' id='word_1_268' title='bbox 1500 2366 1592 2418; x_wconf 72' lang='grc' dir='ltr'><strong>καὶ</strong></span> <span class='ocrx_word' id='word_1_269' title='bbox 1626 2368 1784 2420; x_wconf 86' lang='grc' dir='ltr'>ἀναν-</span> 
     </span>
    </p>
   </div>
   <div class='ocr_carea' id='block_1_39' title="bbox 225 2457 1785 2531">
    <p class='ocr_par' dir='ltr' id='par_1_39' title="bbox 225 2457 1785 2531">
     <span class='ocr_line' id='line_1_39' title="bbox 225 2457 1785 2531; baseline 0 -19"><span class='ocrx_word' id='word_1_270' title='bbox 225 2461 476 2530; x_wconf 72' lang='grc' dir='ltr'>τίρρητον</span> <span class='ocrx_word' id='word_1_271' title='bbox 508 2457 600 2510; x_wconf 85' lang='grc' dir='ltr'><strong>τοῦ</strong></span> <span class='ocrx_word' id='word_1_272' title='bbox 632 2459 729 2528; x_wconf 82' lang='grc' dir='ltr'>τὴν</span> <span class='ocrx_word' id='word_1_273' title='bbox 758 2459 922 2530; x_wconf 79' lang='grc' dir='ltr'>αὑτὴν</span> <span class='ocrx_word' id='word_1_274' title='bbox 954 2459 1318 2531; x_wconf 77' lang='grc' dir='ltr'>προσηγορίαν</span> <span class='ocrx_word' id='word_1_275' title='bbox 1349 2458 1421 2527; x_wconf 84' lang='grc' dir='ltr'>μὴ</span> <span class='ocrx_word' id='word_1_276' title='bbox 1456 2460 1546 2511; x_wconf 72' lang='grc' dir='ltr'><strong>ἐπὶ</strong></span> <span class='ocrx_word' id='word_1_277' title='bbox 1572 2459 1785 2514; x_wconf 86' lang='grc' dir='ltr'>πάντων</span> 
     </span>
    </p>
   </div>
   <div class='ocr_carea' id='block_1_40' title="bbox 225 2548 1786 2624">
    <p class='ocr_par' dir='ltr' id='par_1_40' title="bbox 225 2548 1786 2624">
     <span class='ocr_line' id='line_1_40' title="bbox 225 2548 1786 2624; baseline 0.003 -22"><span class='ocrx_word' id='word_1_278' title='bbox 225 2550 423 2620; x_wconf 83' lang='grc' dir='ltr'>ὁμοίως</span> <span class='ocrx_word' id='word_1_279' title='bbox 450 2548 511 2602; x_wconf 79' lang='grc' dir='ltr'><strong>τὸ</strong></span> <span class='ocrx_word' id='word_1_280' title='bbox 539 2551 650 2603; x_wconf 84' lang='grc' dir='ltr'>ἴσον</span> <span class='ocrx_word' id='word_1_281' title='bbox 682 2550 954 2603; x_wconf 83' lang='grc' dir='ltr'>δύνασθαι.</span> <span class='ocrx_word' id='word_1_282' title='bbox 997 2551 1133 2600; x_wconf 80' lang='grc' dir='ltr'>Ἀλλ’</span> <span class='ocrx_word' id='word_1_283' title='bbox 1168 2551 1264 2602; x_wconf 80' lang='grc' dir='ltr'><strong>οὑκ</strong></span> <span class='ocrx_word' id='word_1_284' title='bbox 1288 2550 1351 2603; x_wconf 79' lang='grc' dir='ltr'>ἂν</span> <span class='ocrx_word' id='word_1_285' title='bbox 1383 2551 1515 2621; x_wconf 77' lang='grc' dir='ltr'>ἔχοι.</span> <span class='ocrx_word' id='word_1_286' title='bbox 1554 2555 1650 2606; x_wconf 83' lang='grc' dir='ltr'>Ὃν</span> <span class='ocrx_word' id='word_1_287' title='bbox 1676 2553 1786 2624; x_wconf 79' lang='grc' dir='ltr'>γὰρ</span> 
     </span>
    </p>
   </div>
   <div class='ocr_carea' id='block_1_41' title="bbox 226 2638 1787 2716">
    <p class='ocr_par' dir='ltr' id='par_1_41' title="bbox 226 2638 1787 2716">
     <span class='ocr_line' id='line_1_41' title="bbox 226 2638 1787 2716; baseline 0.003 -23"><span class='ocrx_word' id='word_1_288' title='bbox 226 2641 291 2693; x_wconf 82' lang='grc' dir='ltr'><strong>ἂν</strong></span> <span class='ocrx_word' id='word_1_289' title='bbox 346 2642 607 2716; x_wconf 77' lang='grc' dir='ltr'>ἐπινοήσῃ</span> <span class='ocrx_word' id='word_1_290' title='bbox 636 2641 744 2712; x_wconf 82' lang='grc'>(58)</span> <span class='ocrx_word' id='word_1_291' title='bbox 807 2642 1137 2711; x_wconf 82' lang='grc' dir='ltr'>γεννήματος</span> <span class='ocrx_word' id='word_1_292' title='bbox 1192 2640 1364 2710; x_wconf 89' lang='grc' dir='ltr'>λόγον,</span> <span class='ocrx_word' id='word_1_293' title='bbox 1421 2638 1571 2707; x_wconf 68' lang='grc' dir='ltr'>οὗτος</span> <span class='ocrx_word' id='word_1_294' title='bbox 1627 2647 1787 2698; x_wconf 79' lang='grc' dir='ltr'>πᾶσιν</span> 
     </span>
    </p>
   </div>
   <div class='ocr_carea' id='block_1_42' title="bbox 226 2731 1789 2802">
    <p class='ocr_par' dir='ltr' id='par_1_42' title="bbox 226 2731 1789 2802">
     <span class='ocr_line' id='line_1_42' title="bbox 226 2731 1789 2802; baseline 0.002 -18"><span class='ocrx_word' id='word_1_295' title='bbox 226 2731 427 2801; x_wconf 87' lang='grc' dir='ltr'>ὁμοίως</span> <span class='ocrx_word' id='word_1_296' title='bbox 471 2735 583 2795; x_wconf 83' lang='grc' dir='ltr'>τοῖς</span> <span class='ocrx_word' id='word_1_297' title='bbox 634 2735 907 2800; x_wconf 79' lang='grc' dir='ltr'>γεννητοῖς</span> <span class='ocrx_word' id='word_1_298' title='bbox 949 2733 1266 2802; x_wconf 78' lang='grc' dir='ltr'>ἐφαρμόσει.</span> <span class='ocrx_word' id='word_1_299' title='bbox 1305 2735 1574 2801; x_wconf 81' lang='grc' dir='ltr'>Μέγιστον</span> <span class='ocrx_word' id='word_1_300' title='bbox 1607 2735 1662 2787; x_wconf 80' lang='grc' dir='ltr'>δὲ</span> <span class='ocrx_word' id='word_1_301' title='bbox 1705 2753 1789 2787; x_wconf 86' lang='grc' dir='ltr'>τε·</span> 
     </span>
    </p>
   </div>
   <div class='ocr_carea' id='block_1_43' title="bbox 229 2822 1788 2895">
    <p class='ocr_par' dir='ltr' id='par_1_43' title="bbox 229 2822 1788 2895">
     <span class='ocr_line' id='line_1_43' title="bbox 229 2822 1788 2895; baseline -0.007 -16"><span class='ocrx_word' id='word_1_302' title='bbox 229 2825 460 2894; x_wconf 88' lang='grc' dir='ltr'>κμήριον</span> <span class='ocrx_word' id='word_1_303' title='bbox 496 2826 591 2893; x_wconf 78' lang='grc' dir='ltr'>τῆς</span> <span class='ocrx_word' id='word_1_304' title='bbox 636 2822 889 2892; x_wconf 78' lang='grc' dir='ltr'>ἀληθείας</span> <span class='ocrx_word' id='word_1_305' title='bbox 935 2822 1028 2875; x_wconf 89' lang='grc' dir='ltr'><strong>τοῦ</strong></span> <span class='ocrx_word' id='word_1_306' title='bbox 1075 2823 1231 2891; x_wconf 80' lang='grc' dir='ltr'>λόγου</span> <span class='ocrx_word' id='word_1_307' title='bbox 1271 2827 1302 2895; x_wconf 79' lang='grc' dir='ltr'><strong>ή</strong></span> <span class='ocrx_word' id='word_1_308' title='bbox 1348 2825 1509 2877; x_wconf 88' lang='grc' dir='ltr'>αὑτοῦ</span> <span class='ocrx_word' id='word_1_309' title='bbox 1563 2825 1788 2878; x_wconf 75' lang='grc' dir='ltr'>ἑκάστου</span> 
     </span>
    </p>
   </div>
   <div class='ocr_carea' id='block_1_44' title="bbox 230 2911 1788 2985">
    <p class='ocr_par' dir='ltr' id='par_1_44' title="bbox 230 2911 1788 2985">
     <span class='ocr_line' id='line_1_44' title="bbox 230 2911 1788 2985; baseline 0 -19"><span class='ocrx_word' id='word_1_310' title='bbox 230 2914 336 2966; x_wconf 82' lang='grc' dir='ltr'><strong>τῶν</strong></span> <span class='ocrx_word' id='word_1_311' title='bbox 361 2913 662 2966; x_wconf 81' lang='grc' dir='ltr'>ἀκουόντων</span> <span class='ocrx_word' id='word_1_312' title='bbox 685 2911 910 2967; x_wconf 81' lang='grc' dir='ltr'>διάνοια.</span> <span class='ocrx_word' id='word_1_313' title='bbox 959 2913 1242 2983; x_wconf 80' lang='grc' dir='ltr'>Ἐρωτάτω</span> <span class='ocrx_word' id='word_1_314' title='bbox 1275 2913 1381 2985; x_wconf 84' lang='grc' dir='ltr'>γὰρ</span> <span class='ocrx_word' id='word_1_315' title='bbox 1410 2915 1635 2978; x_wconf 73' lang='grc' dir='ltr'>ἕκαστος</span> <span class='ocrx_word' id='word_1_316' title='bbox 1663 2916 1788 2966; x_wconf 78' lang='grc' dir='ltr'>ἐαυ-</span> 
     </span>
    </p>
   </div>
   <div class='ocr_carea' id='block_1_45' title="bbox 228 3003 1792 3075">
    <p class='ocr_par' dir='ltr' id='par_1_45' title="bbox 228 3003 1792 3075">
     <span class='ocr_line' id='line_1_45' title="bbox 228 3003 1792 3075; baseline -0.001 -17"><span class='ocrx_word' id='word_1_317' title='bbox 228 3008 340 3072; x_wconf 78' lang='grc' dir='ltr'>τὸν,</span> <span class='ocrx_word' id='word_1_318' title='bbox 375 3003 592 3058; x_wconf 72' lang='grc' dir='ltr'>ἐπειδὰν</span> <span class='ocrx_word' id='word_1_319' title='bbox 622 3003 826 3075; x_wconf 79' lang='grc' dir='ltr'>ἀκούσῃ</span> <span class='ocrx_word' id='word_1_320' title='bbox 851 3004 981 3075; x_wconf 87' lang='grc'>(59),</span> <span class='ocrx_word' id='word_1_321' title='bbox 1026 3005 1081 3056; x_wconf 92' lang='grc' dir='ltr'>Ὁ</span> <span class='ocrx_word' id='word_1_322' title='bbox 1114 3004 1259 3057; x_wconf 83' lang='grc' dir='ltr'>δεῖνα</span> <span class='ocrx_word' id='word_1_323' title='bbox 1290 3005 1380 3057; x_wconf 89' lang='grc' dir='ltr'><strong>τοῦ</strong></span> <span class='ocrx_word' id='word_1_324' title='bbox 1413 3005 1579 3067; x_wconf 86' lang='grc' dir='ltr'>δεῖνος</span> <span class='ocrx_word' id='word_1_325' title='bbox 1605 3005 1792 3074; x_wconf 84' lang='grc' dir='ltr'>γέννη-</span> 
     </span>
    </p>
   </div>
   <div class='ocr_carea' id='block_1_46' title="bbox 233 3089 1792 3165">
    <p class='ocr_par' dir='ltr' id='par_1_46' title="bbox 233 3089 1792 3165">
     <span class='ocr_line' id='line_1_46' title="bbox 233 3089 1792 3165; baseline -0.001 -18"><span class='ocrx_word' id='word_1_326' title='bbox 233 3113 330 3164; x_wconf 87' lang='grc' dir='ltr'><strong>μα,</strong></span> <span class='ocrx_word' id='word_1_327' title='bbox 372 3094 487 3146; x_wconf 85' lang='grc' dir='ltr'>τίνα</span> <span class='ocrx_word' id='word_1_328' title='bbox 545 3092 748 3146; x_wconf 82' lang='grc' dir='ltr'>ἔννοιαν</span> <span class='ocrx_word' id='word_1_329' title='bbox 784 3093 1123 3146; x_wconf 79' lang='grc' dir='ltr'>ὲντυποῦται.</span> <span class='ocrx_word' id='word_1_330' title='bbox 1154 3089 1297 3164; x_wconf 67' lang='grc' dir='ltr'>τΑρα</span> <span class='ocrx_word' id='word_1_331' title='bbox 1340 3096 1418 3147; x_wconf 80' lang='grc' dir='ltr'>ὅτι</span> <span class='ocrx_word' id='word_1_332' title='bbox 1451 3095 1479 3145; x_wconf 85' lang='grc' dir='ltr'>ὁ</span> <span class='ocrx_word' id='word_1_333' title='bbox 1519 3094 1792 3165; x_wconf 70' lang='grc' dir='ltr'>γεννηθεὶς</span> 
     </span>
    </p>
   </div>
   <div class='ocr_carea' id='block_1_47' title="bbox 229 3183 1790 3256">
    <p class='ocr_par' dir='ltr' id='par_1_47' title="bbox 229 3183 1790 3256">
     <span class='ocr_line' id='line_1_47' title="bbox 229 3183 1790 3256; baseline 0.001 -20"><span class='ocrx_word' id='word_1_334' title='bbox 229 3184 387 3237; x_wconf 79' lang='grc' dir='ltr'>οὐσία</span> <span class='ocrx_word' id='word_1_335' title='bbox 428 3183 520 3237; x_wconf 88' lang='grc' dir='ltr'><strong>τοῦ</strong></span> <span class='ocrx_word' id='word_1_336' title='bbox 561 3185 945 3256; x_wconf 83' lang='grc' dir='ltr'>γεγεννηκότος</span> <span class='ocrx_word' id='word_1_337' title='bbox 971 3184 1149 3248; x_wconf 82' lang='grc' dir='ltr'>ὲστίν;</span> <span class='ocrx_word' id='word_1_338' title='bbox 1197 3185 1266 3237; x_wconf 86' lang='grc' dir='ltr'><em>Ἢ</em></span> <span class='ocrx_word' id='word_1_339' title='bbox 1302 3185 1456 3236; x_wconf 85' lang='grc' dir='ltr'>τοῦτο</span> <span class='ocrx_word' id='word_1_340' title='bbox 1486 3185 1582 3253; x_wconf 83' lang='grc' dir='ltr'><strong>μὲν</strong></span> <span class='ocrx_word' id='word_1_341' title='bbox 1621 3203 1790 3239; x_wconf 89' lang='grc' dir='ltr'>κατα-</span> 
     </span>
    </p>
   </div>
   <div class='ocr_carea' id='block_1_48' title="bbox 228 3273 1792 3345">
    <p class='ocr_par' dir='ltr' id='par_1_48' title="bbox 228 3273 1792 3345">
     <span class='ocr_line' id='line_1_48' title="bbox 228 3273 1792 3345; baseline -0.001 -16"><span class='ocrx_word' id='word_1_342' title='bbox 228 3276 509 3345; x_wconf 80' lang='grc' dir='ltr'>γέλαστον,</span> <span class='ocrx_word' id='word_1_343' title='bbox 542 3276 714 3327; x_wconf 78' lang='grc' dir='ltr'>ἐκεῖνο</span> <span class='ocrx_word' id='word_1_344' title='bbox 739 3275 794 3326; x_wconf 85' lang='grc' dir='ltr'><strong>δὲ</strong></span> <span class='ocrx_word' id='word_1_345' title='bbox 822 3274 1036 3344; x_wconf 82' lang='grc' dir='ltr'>ἀληθὲς,</span> <span class='ocrx_word' id='word_1_346' title='bbox 1067 3275 1148 3326; x_wconf 79' lang='grc' dir='ltr'><strong>ὅτι</strong></span> <span class='ocrx_word' id='word_1_347' title='bbox 1179 3275 1302 3342; x_wconf 81' lang='grc' dir='ltr'>παρ’</span> <span class='ocrx_word' id='word_1_348' title='bbox 1333 3273 1492 3326; x_wconf 89' lang='grc' dir='ltr'>αὑτοῦ</span> <span class='ocrx_word' id='word_1_349' title='bbox 1523 3276 1792 3345; x_wconf 86' lang='grc' dir='ltr'>γεννητῶς</span> 
     </span>
    </p>
   </div>
   <div class='ocr_carea' id='block_1_49' title="bbox 228 3363 1790 3436">
    <p class='ocr_par' dir='ltr' id='par_1_49' title="bbox 228 3363 1790 3436">
     <span class='ocr_line' id='line_1_49' title="bbox 228 3363 1790 3436; baseline 0 -16"><span class='ocrx_word' id='word_1_350' title='bbox 228 3371 311 3431; x_wconf 77' lang='grc' dir='ltr'>εἰς</span> <span class='ocrx_word' id='word_1_351' title='bbox 344 3367 406 3420; x_wconf 71' lang='grc' dir='ltr'>τὸ</span> <span class='ocrx_word' id='word_1_352' title='bbox 443 3363 592 3419; x_wconf 76' lang='grc' dir='ltr'>εἶναι</span> <span class='ocrx_word' id='word_1_353' title='bbox 625 3366 899 3436; x_wconf 74' lang='grc' dir='ltr'>παρὴχθη.</span> <span class='ocrx_word' id='word_1_354' title='bbox 932 3365 1098 3417; x_wconf 81' lang='grc' dir='ltr'>Τοῦτο</span> <span class='ocrx_word' id='word_1_355' title='bbox 1141 3364 1319 3415; x_wconf 89' lang='grc' dir='ltr'>τοίνυν</span> <span class='ocrx_word' id='word_1_356' title='bbox 1360 3366 1559 3434; x_wconf 83' lang='grc' dir='ltr'>ὁμοίως</span> <span class='ocrx_word' id='word_1_357' title='bbox 1598 3367 1686 3419; x_wconf 83' lang='grc' dir='ltr'><strong>ὲπί</strong></span> <span class='ocrx_word' id='word_1_358' title='bbox 1733 3385 1790 3420; x_wconf 90' lang='grc' dir='ltr'><strong>τε</strong></span> 
     </span>
    </p>
   </div>
   <div class='ocr_carea' id='block_1_50' title="bbox 229 3457 1793 3531">
    <p class='ocr_par' dir='ltr' id='par_1_50' title="bbox 229 3457 1793 3531">
     <span class='ocr_line' id='line_1_50' title="bbox 229 3457 1793 3531; baseline -0.001 -17"><span class='ocrx_word' id='word_1_359' title='bbox 229 3461 325 3513; x_wconf 84' lang='grc' dir='ltr'><strong>τοῦ</strong></span> <span class='ocrx_word' id='word_1_360' title='bbox 355 3461 464 3530; x_wconf 83' lang='grc'>(60)</span> <span class='ocrx_word' id='word_1_361' title='bbox 495 3458 826 3526; x_wconf 85' lang='grc' dir='ltr'>Μονογενοῦς</span> <span class='ocrx_word' id='word_1_362' title='bbox 868 3457 961 3510; x_wconf 70' lang='grc' dir='ltr'><strong>καὶ</strong></span> <span class='ocrx_word' id='word_1_363' title='bbox 994 3457 1078 3523; x_wconf 71' lang='grc' dir='ltr'><strong>ἐφ’</strong></span> <span class='ocrx_word' id='word_1_364' title='bbox 1118 3457 1423 3510; x_wconf 78' lang='grc' dir='ltr'>οὑτινοσοῦν</span> <span class='ocrx_word' id='word_1_365' title='bbox 1468 3459 1574 3511; x_wconf 77' lang='grc' dir='ltr'>τῶν</span> <span class='ocrx_word' id='word_1_366' title='bbox 1606 3477 1793 3531; x_wconf 86' lang='grc' dir='ltr'>γεννη-</span> 
     </span>
    </p>
   </div>
   <div class='ocr_carea' id='block_1_51' title="bbox 232 3548 1790 3621">
    <p class='ocr_par' dir='ltr' id='par_1_51' title="bbox 232 3548 1790 3621">
     <span class='ocr_line' id='line_1_51' title="bbox 232 3548 1790 3621; baseline -0.001 -17"><span class='ocrx_word' id='word_1_367' title='bbox 232 3552 437 3604; x_wconf 77' lang='grc' dir='ltr'>Θέντων</span> <span class='ocrx_word' id='word_1_368' title='bbox 472 3550 699 3619; x_wconf 87' lang='grc' dir='ltr'>ἀρμόσει</span> <span class='ocrx_word' id='word_1_369' title='bbox 730 3548 998 3615; x_wconf 78' lang='grc' dir='ltr'>λέγεσθαι.</span> <span class='ocrx_word' id='word_1_370' title='bbox 1033 3548 1140 3601; x_wconf 70' lang='grc' dir='ltr'><strong>Καὶ</strong></span> <span class='ocrx_word' id='word_1_371' title='bbox 1172 3549 1355 3619; x_wconf 73' lang='grc' dir='ltr'>μηδεὶς</span> <span class='ocrx_word' id='word_1_372' title='bbox 1388 3550 1594 3621; x_wconf 72' lang='grc' dir='ltr'>(ἐπειδὴ</span> <span class='ocrx_word' id='word_1_373' title='bbox 1619 3552 1790 3603; x_wconf 80' lang='grc' dir='ltr'>κοινὸν</span> 
     </span>
    </p>
   </div>
   <div class='ocr_carea' id='block_1_52' title="bbox 230 3635 1794 3710">
    <p class='ocr_par' dir='ltr' id='par_1_52' title="bbox 230 3635 1794 3710">
     <span class='ocr_line' id='line_1_52' title="bbox 230 3635 1794 3710; baseline -0.001 -17"><span class='ocrx_word' id='word_1_374' title='bbox 230 3641 294 3693; x_wconf 84' lang='grc' dir='ltr'><strong>τὸ</strong></span> <span class='ocrx_word' id='word_1_375' title='bbox 319 3639 416 3706; x_wconf 84' lang='grc' dir='ltr'><strong>τῆς</strong></span> <span class='ocrx_word' id='word_1_376' title='bbox 447 3638 698 3707; x_wconf 79' lang='grc' dir='ltr'>σχέσεως)</span> <span class='ocrx_word' id='word_1_377' title='bbox 730 3639 1043 3709; x_wconf 76' lang='grc' dir='ltr'>καθαίρεσιν</span> <span class='ocrx_word' id='word_1_378' title='bbox 1070 3635 1207 3692; x_wconf 73' lang='grc' dir='ltr'>εἶναι</span> <span class='ocrx_word' id='word_1_379' title='bbox 1255 3643 1353 3710; x_wconf 85' lang='grc' dir='ltr'><strong>τῆς</strong></span> <span class='ocrx_word' id='word_1_380' title='bbox 1386 3640 1538 3706; x_wconf 80' lang='grc' dir='ltr'>ἀξίας</span> <span class='ocrx_word' id='word_1_381' title='bbox 1565 3642 1657 3694; x_wconf 86' lang='grc' dir='ltr'><strong>τοῦ</strong></span> <span class='ocrx_word' id='word_1_382' title='bbox 1683 3643 1794 3694; x_wconf 87' lang='grc' dir='ltr'><strong>Μο-</strong></span> 
     </span>
    </p>
   </div>
   <div class='ocr_carea' id='block_1_53' title="bbox 229 3726 1791 3801">
    <p class='ocr_par' dir='ltr' id='par_1_53' title="bbox 229 3726 1791 3801">
     <span class='ocr_line' id='line_1_53' title="bbox 229 3726 1791 3801; baseline 0.001 -19"><span class='ocrx_word' id='word_1_383' title='bbox 229 3726 482 3797; x_wconf 70' lang='grc' dir='ltr'>νογενοῦς</span> <span class='ocrx_word' id='word_1_384' title='bbox 504 3729 785 3798; x_wconf 78' lang='grc' dir='ltr'>νομιζέτω.</span> <span class='ocrx_word' id='word_1_385' title='bbox 813 3731 886 3782; x_wconf 87' lang='grc' dir='ltr'><strong>υὺ</strong></span> <span class='ocrx_word' id='word_1_386' title='bbox 919 3730 1025 3801; x_wconf 82' lang='grc' dir='ltr'>γὰρ</span> <span class='ocrx_word' id='word_1_387' title='bbox 1053 3733 1108 3782; x_wconf 84' lang='grc' dir='ltr'><strong>ὲν</strong></span> <span class='ocrx_word' id='word_1_388' title='bbox 1135 3731 1211 3799; x_wconf 83' lang='grc' dir='ltr'>τῷ</span> <span class='ocrx_word' id='word_1_389' title='bbox 1239 3731 1373 3800; x_wconf 87' lang='grc' dir='ltr'>πρός</span> <span class='ocrx_word' id='word_1_390' title='bbox 1415 3731 1465 3782; x_wconf 85' lang='grc' dir='ltr'><strong>τί</strong></span> <span class='ocrx_word' id='word_1_391' title='bbox 1509 3749 1623 3793; x_wconf 83' lang='grc' dir='ltr'><strong>πως</strong></span> <span class='ocrx_word' id='word_1_392' title='bbox 1652 3731 1791 3801; x_wconf 74' lang='grc' dir='ltr'>ἔχειν</span> 
     </span>
    </p>
   </div>
   <div class='ocr_carea' id='block_1_54' title="bbox 233 3820 1792 3893">
    <p class='ocr_par' dir='ltr' id='par_1_54' title="bbox 233 3820 1792 3893">
     <span class='ocr_line' id='line_1_54' title="bbox 233 3820 1792 3893; baseline 0.003 -21"><span class='ocrx_word' id='word_1_393' title='bbox 233 3825 268 3893; x_wconf 74' lang='grc' dir='ltr'><strong>ἡ</strong></span> <span class='ocrx_word' id='word_1_394' title='bbox 303 3820 533 3890; x_wconf 68' lang='grc' dir='ltr'>διαφορὰ</span> <span class='ocrx_word' id='word_1_395' title='bbox 567 3821 645 3891; x_wconf 84' lang='grc' dir='ltr'><strong>τῷ</strong></span> <span class='ocrx_word' id='word_1_396' title='bbox 676 3822 786 3893; x_wconf 81' lang='grc' dir='ltr'>Υίῴ</span> <span class='ocrx_word' id='word_1_397' title='bbox 819 3823 952 3893; x_wconf 74' lang='grc' dir='ltr'>πρὸς</span> <span class='ocrx_word' id='word_1_398' title='bbox 986 3822 1050 3874; x_wconf 79' lang='grc' dir='ltr'>τὰ</span> <span class='ocrx_word' id='word_1_399' title='bbox 1074 3821 1225 3884; x_wconf 84' lang='grc' dir='ltr'>ἄλλα,</span> <span class='ocrx_word' id='word_1_400' title='bbox 1259 3822 1371 3874; x_wconf 79' lang='grc' dir='ltr'>ἀλλ’</span> <span class='ocrx_word' id='word_1_401' title='bbox 1399 3824 1455 3876; x_wconf 81' lang='grc' dir='ltr'>ὲν</span> <span class='ocrx_word' id='word_1_402' title='bbox 1479 3825 1544 3892; x_wconf 80' lang='grc' dir='ltr'>τῇ</span> <span class='ocrx_word' id='word_1_403' title='bbox 1574 3824 1792 3893; x_wconf 83' lang='grc' dir='ltr'>ἰδιότητι</span> 
     </span>
    </p>
   </div>
   <div class='ocr_carea' id='block_1_55' title="bbox 232 3910 1789 3982">
    <p class='ocr_par' dir='ltr' id='par_1_55' title="bbox 232 3910 1789 3982">
     <span class='ocr_line' id='line_1_55' title="bbox 232 3910 1789 3982; baseline -0.001 -16"><span class='ocrx_word' id='word_1_404' title='bbox 232 3913 334 3980; x_wconf 71' lang='grc' dir='ltr'>τῆς</span> <span class='ocrx_word' id='word_1_405' title='bbox 368 3911 549 3974; x_wconf 83' lang='grc' dir='ltr'>οὑσίας</span> <span class='ocrx_word' id='word_1_406' title='bbox 576 3914 607 3982; x_wconf 81' lang='grc' dir='ltr'>ἡ</span> <span class='ocrx_word' id='word_1_407' title='bbox 637 3913 872 3982; x_wconf 79' lang='grc' dir='ltr'>ὑπεροχὴ</span> <span class='ocrx_word' id='word_1_408' title='bbox 901 3911 992 3963; x_wconf 87' lang='grc' dir='ltr'><strong>τοῦ</strong></span> <span class='ocrx_word' id='word_1_409' title='bbox 1037 3910 1169 3962; x_wconf 61' lang='grc' dir='ltr'>(θεοῦ</span> <span class='ocrx_word' id='word_1_410' title='bbox 1211 3911 1346 3980; x_wconf 75' lang='grc' dir='ltr'>πρὸς</span> <span class='ocrx_word' id='word_1_411' title='bbox 1375 3911 1441 3963; x_wconf 72' lang='grc' dir='ltr'>τὰ</span> <span class='ocrx_word' id='word_1_412' title='bbox 1483 3911 1650 3981; x_wconf 76' lang='grc' dir='ltr'>Ονητά</span> <span class='ocrx_word' id='word_1_413' title='bbox 1678 3912 1789 3966; x_wconf 62' lang='grc' dir='ltr'><strong>δια-Δ</strong></span> 
     </span>
    </p>
   </div>
   <div class='ocr_carea' id='block_1_56' title="bbox 233 4003 1793 4073">
    <p class='ocr_par' dir='ltr' id='par_1_56' title="bbox 233 4003 1793 4073">
     <span class='ocr_line' id='line_1_56' title="bbox 233 4003 1793 4073; baseline 0.001 -17"><span class='ocrx_word' id='word_1_414' title='bbox 233 4004 504 4072; x_wconf 78' lang='grc' dir='ltr'>φαίνεται.</span> <span class='ocrx_word' id='word_1_415' title='bbox 538 4006 792 4056; x_wconf 81' lang='grc' dir='ltr'>Σκοπεῖτε</span> <span class='ocrx_word' id='word_1_416' title='bbox 837 4006 1014 4073; x_wconf 86' lang='grc' dir='ltr'>μέντοι</span> <span class='ocrx_word' id='word_1_417' title='bbox 1042 4004 1142 4056; x_wconf 82' lang='grc' dir='ltr'><strong>ποῦ</strong></span> <span class='ocrx_word' id='word_1_418' title='bbox 1170 4005 1265 4073; x_wconf 79' lang='grc' dir='ltr'>τῆς</span> <span class='ocrx_word' id='word_1_419' title='bbox 1294 4003 1518 4065; x_wconf 71' lang='grc' dir='ltr'>ἀτοπίας</span> <span class='ocrx_word' id='word_1_420' title='bbox 1543 4006 1570 4056; x_wconf 85' lang='grc' dir='ltr'>ὁ</span> <span class='ocrx_word' id='word_1_421' title='bbox 1592 4005 1793 4058; x_wconf 86' lang='grc' dir='ltr'>τούτων</span> 
     </span>
    </p>
   </div>
   <div class='ocr_carea' id='block_1_57' title="bbox 232 4095 1794 4166">
    <p class='ocr_par' dir='ltr' id='par_1_57' title="bbox 232 4095 1794 4166">
     <span class='ocr_line' id='line_1_57' title="bbox 232 4095 1794 4166; baseline -0.001 -18"><span class='ocrx_word' id='word_1_422' title='bbox 232 4096 393 4162; x_wconf 82' lang='grc' dir='ltr'>λόγος</span> <span class='ocrx_word' id='word_1_423' title='bbox 425 4095 660 4164; x_wconf 73' lang='grc' dir='ltr'>ἐκφέρει.</span> <span class='ocrx_word' id='word_1_424' title='bbox 692 4095 752 4145; x_wconf 79' lang='lat' dir='ltr'><strong>El</strong></span> <span class='ocrx_word' id='word_1_425' title='bbox 782 4095 841 4145; x_wconf 78' lang='grc' dir='ltr'><strong>τὸ</strong></span> <span class='ocrx_word' id='word_1_426' title='bbox 866 4095 1103 4164; x_wconf 81' lang='grc' dir='ltr'>γέννημα</span> <span class='ocrx_word' id='word_1_427' title='bbox 1133 4095 1318 4163; x_wconf 80' lang='grc' dir='ltr'>ἐτέρου</span> <span class='ocrx_word' id='word_1_428' title='bbox 1361 4095 1574 4162; x_wconf 85' lang='grc' dir='ltr'>λέγεται</span> <span class='ocrx_word' id='word_1_429' title='bbox 1607 4097 1794 4166; x_wconf 83' lang='grc' dir='ltr'>γέννη-</span> 
     </span>
    </p>
   </div>
   <div class='ocr_carea' id='block_1_58' title="bbox 238 4183 1794 4257">
    <p class='ocr_par' dir='ltr' id='par_1_58' title="bbox 238 4183 1794 4257">
     <span class='ocr_line' id='line_1_58' title="bbox 238 4183 1794 4257; baseline 0.001 -19"><span class='ocrx_word' id='word_1_430' title='bbox 238 4203 338 4257; x_wconf 88' lang='grc' dir='ltr'><strong>μα,</strong></span> <span class='ocrx_word' id='word_1_431' title='bbox 368 4185 494 4254; x_wconf 78' lang='grc' dir='ltr'><strong>ὼςῆ</strong></span> <span class='ocrx_word' id='word_1_432' title='bbox 527 4203 582 4237; x_wconf 83' lang='grc' dir='ltr'><strong>τε</strong></span> <span class='ocrx_word' id='word_1_433' title='bbox 610 4184 759 4254; x_wconf 83' lang='grc' dir='ltr'>κοινὴ</span> <span class='ocrx_word' id='word_1_434' title='bbox 791 4183 1044 4252; x_wconf 77' lang='grc' dir='ltr'>συνήθεια</span> <span class='ocrx_word' id='word_1_435' title='bbox 1071 4183 1290 4252; x_wconf 74' lang='grc' dir='ltr'>βεϐαιοῖ,</span> <span class='ocrx_word' id='word_1_436' title='bbox 1325 4187 1417 4236; x_wconf 79' lang='grc' dir='ltr'><strong>καὶ</strong></span> <span class='ocrx_word' id='word_1_437' title='bbox 1457 4186 1627 4249; x_wconf 67' lang='grc' dir='ltr'>οὐδεὶς</span> <span class='ocrx_word' id='word_1_438' title='bbox 1671 4189 1794 4240; x_wconf 70' lang='grc' dir='ltr'>ἀντι</span> 
     </span>
    </p>
   </div>
   <div class='ocr_carea' id='block_1_59' title="bbox 232 4271 1796 4346">
    <p class='ocr_par' dir='ltr' id='par_1_59' title="bbox 232 4271 1796 4346">
     <span class='ocr_line' id='line_1_59' title="bbox 232 4271 1796 4346; baseline 0.004 -23"><span class='ocrx_word' id='word_1_439' title='bbox 232 4274 376 4342; x_wconf 75' lang='grc' dir='ltr'>ερεῖ,</span> <span class='ocrx_word' id='word_1_440' title='bbox 398 4273 559 4323; x_wconf 80' lang='grc' dir='ltr'><strong>ταὺτὸ</strong></span> <span class='ocrx_word' id='word_1_441' title='bbox 582 4273 638 4325; x_wconf 84' lang='grc' dir='ltr'><strong>δὲ</strong></span> <span class='ocrx_word' id='word_1_442' title='bbox 667 4273 822 4324; x_wconf 87' lang='grc' dir='ltr'>τοῦτο</span> <span class='ocrx_word' id='word_1_443' title='bbox 855 4271 947 4324; x_wconf 87' lang='grc' dir='ltr'><strong>καί</strong></span> <span class='ocrx_word' id='word_1_444' title='bbox 973 4272 1064 4323; x_wconf 76' lang='grc' dir='ltr'><strong>ἐπὶ</strong></span> <span class='ocrx_word' id='word_1_445' title='bbox 1079 4272 1170 4323; x_wconf 90' lang='grc' dir='ltr'><strong>τοῦ</strong></span> <span class='ocrx_word' id='word_1_446' title='bbox 1191 4273 1317 4323; x_wconf 82' lang='grc' dir='ltr'>Υίοῦ</span> <span class='ocrx_word' id='word_1_447' title='bbox 1347 4274 1456 4338; x_wconf 73' lang='grc'>((51)</span> <span class='ocrx_word' id='word_1_448' title='bbox 1484 4275 1667 4327; x_wconf 83' lang='grc' dir='ltr'>οὐσίαν</span> <span class='ocrx_word' id='word_1_449' title='bbox 1700 4293 1796 4346; x_wconf 81' lang='grc' dir='ltr'>ση·</span> 
     </span>
    </p>
   </div>
   <div class='ocr_carea' id='block_1_60' title="bbox 239 4363 1791 4435">
    <p class='ocr_par' dir='ltr' id='par_1_60' title="bbox 239 4363 1791 4435">
     <span class='ocr_line' id='line_1_60' title="bbox 239 4363 1791 4435; baseline 0.001 -18"><span class='ocrx_word' id='word_1_450' title='bbox 239 4365 420 4435; x_wconf 78' lang='grc' dir='ltr'>μαίνει</span> <span class='ocrx_word' id='word_1_451' title='bbox 453 4364 590 4416; x_wconf 71' lang='grc' dir='ltr'>κατὰ</span> <span class='ocrx_word' id='word_1_452' title='bbox 617 4365 706 4419; x_wconf 84' lang='grc' dir='ltr'><strong>τὸν</strong></span> <span class='ocrx_word' id='word_1_453' title='bbox 744 4365 945 4416; x_wconf 86' lang='grc' dir='ltr'>τούτων</span> <span class='ocrx_word' id='word_1_454' title='bbox 979 4363 1160 4431; x_wconf 84' lang='grc' dir='ltr'>λόγον·</span> <span class='ocrx_word' id='word_1_455' title='bbox 1190 4365 1395 4416; x_wconf 76' lang='grc' dir='ltr'>ἐκείνου</span> <span class='ocrx_word' id='word_1_456' title='bbox 1441 4365 1586 4417; x_wconf 81' lang='grc' dir='ltr'>ἔσται</span> <span class='ocrx_word' id='word_1_457' title='bbox 1619 4368 1791 4433; x_wconf 75' lang='grc' dir='ltr'>οὐσία,</span> 
     </span>
    </p>
   </div>
   <div class='ocr_carea' id='block_1_61' title="bbox 232 4449 1796 4525">
    <p class='ocr_par' dir='ltr' id='par_1_61' title="bbox 232 4449 1796 4525">
     <span class='ocr_line' id='line_1_61' title="bbox 232 4449 1796 4525; baseline 0.002 -17"><span class='ocrx_word' id='word_1_458' title='bbox 232 4449 299 4512; x_wconf 82' lang='grc' dir='ltr'><strong>οὗ</strong></span> <span class='ocrx_word' id='word_1_459' title='bbox 349 4455 440 4507; x_wconf 63' lang='grc' dir='ltr'><strong>καὶ</strong></span> <span class='ocrx_word' id='word_1_460' title='bbox 476 4454 717 4525; x_wconf 84' lang='grc' dir='ltr'>γέννημα</span> <span class='ocrx_word' id='word_1_461' title='bbox 746 4455 982 4522; x_wconf 87' lang='grc' dir='ltr'>λέγεται.</span> <span class='ocrx_word' id='word_1_462' title='bbox 1019 4457 1205 4508; x_wconf 85' lang='grc' dir='ltr'>Ἔσται</span> <span class='ocrx_word' id='word_1_463' title='bbox 1239 4456 1414 4508; x_wconf 78' lang='grc' dir='ltr'>τοίνυν</span> <span class='ocrx_word' id='word_1_464' title='bbox 1440 4459 1502 4509; x_wconf 82' lang='grc' dir='ltr'><strong>ἐκ</strong></span> <span class='ocrx_word' id='word_1_465' title='bbox 1533 4458 1630 4525; x_wconf 75' lang='grc' dir='ltr'><strong>τῆς</strong></span> <span class='ocrx_word' id='word_1_466' title='bbox 1669 4461 1796 4511; x_wconf 83' lang='grc' dir='ltr'>ἀκο-</span> 
     </span>
    </p>
   </div>
   <div class='ocr_carea' id='block_1_62' title="bbox 235 4547 1793 4622">
    <p class='ocr_par' dir='ltr' id='par_1_62' title="bbox 235 4547 1793 4622">
     <span class='ocr_line' id='line_1_62' title="bbox 235 4547 1793 4622; baseline 0.001 -21"><span class='ocrx_word' id='word_1_467' title='bbox 235 4547 458 4610; x_wconf 78' lang='grc' dir='ltr'>λουθίας</span> <span class='ocrx_word' id='word_1_468' title='bbox 482 4549 682 4618; x_wconf 82' lang='grc' dir='ltr'>ταύτης</span> <span class='ocrx_word' id='word_1_469' title='bbox 716 4547 896 4600; x_wconf 88' lang='grc' dir='ltr'>οὑκέτι</span> <span class='ocrx_word' id='word_1_470' title='bbox 936 4547 1027 4598; x_wconf 91' lang='grc' dir='ltr'><strong>τοῦ</strong></span> <span class='ocrx_word' id='word_1_471' title='bbox 1057 4547 1388 4615; x_wconf 82' lang='grc' dir='ltr'>Μονογενοῦς</span> <span class='ocrx_word' id='word_1_472' title='bbox 1411 4548 1508 4618; x_wconf 79' lang='grc' dir='ltr'>τὴν</span> <span class='ocrx_word' id='word_1_473' title='bbox 1532 4550 1717 4602; x_wconf 85' lang='grc' dir='ltr'>οὑσίαν</span> <span class='ocrx_word' id='word_1_474' title='bbox 1760 4552 1793 4622; x_wconf 77' lang='grc' dir='ltr'>ἡ</span> 
     </span>
    </p>
   </div>
   <div class='ocr_carea' id='block_1_63' title="bbox 1885 2091 3442 2161">
    <p class='ocr_par' dir='ltr' id='par_1_63' title="bbox 1885 2091 3442 2161">
     <span class='ocr_line' id='line_1_63' title="bbox 1885 2091 3442 2161; baseline 0.002 -16"><span class='ocrx_word' id='word_1_475' title='bbox 1885 2092 2083 2145; x_wconf 90' lang='lat' dir='ltr'><strong>tionem</strong></span> <span class='ocrx_word' id='word_1_476' title='bbox 2139 2091 2591 2161; x_wconf 83' lang='lat' dir='ltr'><strong>participantibus</strong></span> <span class='ocrx_word' id='word_1_477' title='bbox 2646 2094 3004 2147; x_wconf 89' lang='lat' dir='ltr'><strong>substantiam</strong></span> <span class='ocrx_word' id='word_1_478' title='bbox 3052 2094 3276 2149; x_wconf 88' lang='lat' dir='ltr'><strong>habere.</strong></span> <span class='ocrx_word' id='word_1_479' title='bbox 3331 2094 3442 2148; x_wconf 80' lang='lat' dir='ltr'><strong>Nec</strong></span> 
     </span>
    </p>
   </div>
   <div class='ocr_carea' id='block_1_64' title="bbox 1883 2183 3443 2254">
    <p class='ocr_par' dir='ltr' id='par_1_64' title="bbox 1883 2183 3443 2254">
     <span class='ocr_line' id='line_1_64' title="bbox 1883 2183 3443 2254; baseline 0 -16"><span class='ocrx_word' id='word_1_480' title='bbox 1883 2183 2026 2238; x_wconf 89' lang='lat' dir='ltr'><strong>enim</strong></span> <span class='ocrx_word' id='word_1_481' title='bbox 2077 2183 2319 2238; x_wconf 89' lang='lat' dir='ltr'><strong>dicturus</strong></span> <span class='ocrx_word' id='word_1_482' title='bbox 2345 2192 2428 2236; x_wconf 91' lang='lat' dir='ltr'><strong>est</strong></span> <span class='ocrx_word' id='word_1_483' title='bbox 2462 2185 2764 2254; x_wconf 79' lang='lat' dir='ltr'><strong>genituram</strong></span> <span class='ocrx_word' id='word_1_484' title='bbox 2817 2185 2870 2239; x_wconf 91' lang='lat' dir='ltr'><strong>in</strong></span> <span class='ocrx_word' id='word_1_485' title='bbox 2909 2185 3045 2240; x_wconf 89' lang='lat' dir='ltr'><strong>Filio</strong></span> <span class='ocrx_word' id='word_1_486' title='bbox 3086 2186 3443 2241; x_wconf 85' lang='lat' dir='ltr'><strong>substantiam</strong></span> 
     </span>
    </p>
   </div>
   <div class='ocr_carea' id='block_1_65' title="bbox 1884 2274 3441 2346">
    <p class='ocr_par' dir='ltr' id='par_1_65' title="bbox 1884 2274 3441 2346">
     <span class='ocr_line' id='line_1_65' title="bbox 1884 2274 3441 2346; baseline 0.001 -20"><span class='ocrx_word' id='word_1_487' title='bbox 1884 2274 2208 2344; x_wconf 78' lang='lat' dir='ltr'><strong>signiﬁcare,</strong></span> <span class='ocrx_word' id='word_1_488' title='bbox 2244 2274 2294 2327; x_wconf 92' lang='lat' dir='ltr'><strong>in</strong></span> <span class='ocrx_word' id='word_1_489' title='bbox 2338 2274 2559 2344; x_wconf 91' lang='lat' dir='ltr'><strong>reliquis</strong></span> <span class='ocrx_word' id='word_1_490' title='bbox 2606 2289 2734 2330; x_wconf 84' lang='lat' dir='ltr'><strong>vero</strong></span> <span class='ocrx_word' id='word_1_491' title='bbox 2773 2276 3135 2346; x_wconf 76' lang='lat' dir='ltr'><strong>generationis</strong></span> <span class='ocrx_word' id='word_1_492' title='bbox 3169 2276 3441 2346; x_wconf 82' lang='lat' dir='ltr'><strong>participi-</strong></span> 
     </span>
    </p>
   </div>
   <div class='ocr_carea' id='block_1_66' title="bbox 1884 2365 3442 2434">
    <p class='ocr_par' dir='ltr' id='par_1_66' title="bbox 1884 2365 3442 2434">
     <span class='ocr_line' id='line_1_66' title="bbox 1884 2365 3442 2434; baseline 0.001 -14"><span class='ocrx_word' id='word_1_493' title='bbox 1884 2365 1986 2420; x_wconf 88' lang='lat' dir='ltr'><strong>bus</strong></span> <span class='ocrx_word' id='word_1_494' title='bbox 2013 2379 2114 2418; x_wconf 92' lang='lat' dir='ltr'><strong>non</strong></span> <span class='ocrx_word' id='word_1_495' title='bbox 2148 2365 2394 2418; x_wconf 86' lang='lat' dir='ltr'><strong>eamdem</strong></span> <span class='ocrx_word' id='word_1_496' title='bbox 2437 2366 2670 2434; x_wconf 90' lang='lat' dir='ltr'><strong>amplius</strong></span> <span class='ocrx_word' id='word_1_497' title='bbox 2710 2369 2978 2422; x_wconf 85' lang='lat' dir='ltr'><strong>notionem</strong></span> <span class='ocrx_word' id='word_1_498' title='bbox 3010 2370 3262 2423; x_wconf 86' lang='lat' dir='ltr'><strong>retinere.</strong></span> <span class='ocrx_word' id='word_1_499' title='bbox 3293 2368 3442 2422; x_wconf 83' lang='lat' dir='ltr'><strong>Alio-</strong></span> 
     </span>
    </p>
   </div>
   <div class='ocr_carea' id='block_1_67' title="bbox 1884 2453 3444 2524">
    <p class='ocr_par' dir='ltr' id='par_1_67' title="bbox 1884 2453 3444 2524">
     <span class='ocr_line' id='line_1_67' title="bbox 1884 2453 3444 2524; baseline 0.001 -19"><span class='ocrx_word' id='word_1_500' title='bbox 1884 2453 1973 2522; x_wconf 88' lang='lat' dir='ltr'><strong>qui</strong></span> <span class='ocrx_word' id='word_1_501' title='bbox 2004 2453 2240 2524; x_wconf 81' lang='lat' dir='ltr'><strong>proierat</strong></span> <span class='ocrx_word' id='word_1_502' title='bbox 2263 2453 2460 2507; x_wconf 89' lang='lat' dir='ltr'><strong>claram</strong></span> <span class='ocrx_word' id='word_1_503' title='bbox 2495 2455 2781 2523; x_wconf 87' lang='lat' dir='ltr'><strong>quamdam</strong></span> <span class='ocrx_word' id='word_1_504' title='bbox 2809 2469 3026 2509; x_wconf 85' lang='lat' dir='ltr'><strong>causam</strong></span> <span class='ocrx_word' id='word_1_505' title='bbox 3062 2455 3146 2508; x_wconf 93' lang='lat' dir='ltr'><strong>cui</strong></span> <span class='ocrx_word' id='word_1_506' title='bbox 3181 2471 3284 2508; x_wconf 93' lang='lat' dir='ltr'><strong>non</strong></span> <span class='ocrx_word' id='word_1_507' title='bbox 3321 2469 3444 2522; x_wconf 88' lang='lat' dir='ltr'><strong>pos-</strong></span> 
     </span>
    </p>
   </div>
   <div class='ocr_carea' id='block_1_68' title="bbox 1889 2544 3442 2615">
    <p class='ocr_par' dir='ltr' id='par_1_68' title="bbox 1889 2544 3442 2615">
     <span class='ocr_line' id='line_1_68' title="bbox 1889 2544 3442 2615; baseline -0.005 -15"><span class='ocrx_word' id='word_1_508' title='bbox 1889 2548 1960 2601; x_wconf 89' lang='lat' dir='ltr'><strong>sit</strong></span> <span class='ocrx_word' id='word_1_509' title='bbox 1994 2545 2314 2608; x_wconf 88' lang='lat' dir='ltr'><strong>contradici,</strong></span> <span class='ocrx_word' id='word_1_510' title='bbox 2346 2561 2443 2601; x_wconf 87' lang='lat' dir='ltr'><strong>cur</strong></span> <span class='ocrx_word' id='word_1_511' title='bbox 2470 2546 2753 2615; x_wconf 85' lang='lat' dir='ltr'><strong>appellatio</strong></span> <span class='ocrx_word' id='word_1_512' title='bbox 2783 2546 2968 2601; x_wconf 89' lang='lat' dir='ltr'><strong>eadem</strong></span> <span class='ocrx_word' id='word_1_513' title='bbox 3016 2545 3256 2600; x_wconf 81' lang='lat' dir='ltr'><strong>eamdem</strong></span> <span class='ocrx_word' id='word_1_514' title='bbox 3291 2544 3442 2597; x_wconf 85' lang='lat' dir='ltr'><strong>simi-</strong></span> 
     </span>
    </p>
   </div>
   <div class='ocr_carea' id='block_1_69' title="bbox 1888 2635 3443 2698">
    <p class='ocr_par' dir='ltr' id='par_1_69' title="bbox 1888 2635 3443 2698">
     <span class='ocr_line' id='line_1_69' title="bbox 1888 2635 3443 2698; baseline -0.006 -8"><span class='ocrx_word' id='word_1_515' title='bbox 1888 2637 2012 2691; x_wconf 88' lang='lat' dir='ltr'><strong>liter</strong></span> <span class='ocrx_word' id='word_1_516' title='bbox 2035 2636 2086 2690; x_wconf 93' lang='lat' dir='ltr'><strong>in</strong></span> <span class='ocrx_word' id='word_1_517' title='bbox 2119 2637 2370 2689; x_wconf 87' lang='lat' dir='ltr'><strong>omnibus</strong></span> <span class='ocrx_word' id='word_1_518' title='bbox 2410 2636 2515 2688; x_wconf 86' lang='lat' dir='ltr'><strong>vim</strong></span> <span class='ocrx_word' id='word_1_519' title='bbox 2549 2649 2651 2688; x_wconf 92' lang='lat' dir='ltr'><strong>non</strong></span> <span class='ocrx_word' id='word_1_520' title='bbox 2700 2635 2914 2690; x_wconf 82' lang='lat' dir='ltr'><strong>habeat.</strong></span> <span class='ocrx_word' id='word_1_521' title='bbox 2945 2635 3014 2687; x_wconf 82' lang='lat' dir='ltr'><strong>At</strong></span> <span class='ocrx_word' id='word_1_522' title='bbox 3041 2642 3186 2686; x_wconf 87' lang='lat' dir='ltr'><strong>certe</strong></span> <span class='ocrx_word' id='word_1_523' title='bbox 3217 2645 3321 2684; x_wconf 90' lang='lat' dir='ltr'><strong>non</strong></span> <span class='ocrx_word' id='word_1_524' title='bbox 3347 2643 3443 2698; x_wconf 85' lang='lat' dir='ltr'><strong>po-</strong></span> 
     </span>
    </p>
   </div>
   <div class='ocr_carea' id='block_1_70' title="bbox 1889 2723 3446 2796">
    <p class='ocr_par' dir='ltr' id='par_1_70' title="bbox 1889 2723 3446 2796">
     <span class='ocr_line' id='line_1_70' title="bbox 1889 2723 3446 2796; baseline -0.006 -15"><span class='ocrx_word' id='word_1_525' title='bbox 1889 2727 2033 2781; x_wconf 91' lang='lat' dir='ltr'><strong>terit.</strong></span> <span class='ocrx_word' id='word_1_526' title='bbox 2064 2726 2446 2794; x_wconf 84' lang='lat' dir='ltr'><strong>Quamcunque</strong></span> <span class='ocrx_word' id='word_1_527' title='bbox 2491 2725 2634 2778; x_wconf 91' lang='lat' dir='ltr'><strong>enim</strong></span> <span class='ocrx_word' id='word_1_528' title='bbox 2677 2725 2934 2796; x_wconf 59' lang='lat' dir='ltr'><strong>geniturae</strong></span> <span class='ocrx_word' id='word_1_529' title='bbox 2971 2723 3232 2777; x_wconf 87' lang='lat' dir='ltr'><strong>rationem</strong></span> <span class='ocrx_word' id='word_1_530' title='bbox 3287 2734 3446 2776; x_wconf 80' lang='lat' dir='ltr'><strong>exco-</strong></span> 
     </span>
    </p>
   </div>
   <div class='ocr_carea' id='block_1_71' title="bbox 1890 2814 3444 2887">
    <p class='ocr_par' dir='ltr' id='par_1_71' title="bbox 1890 2814 3444 2887">
     <span class='ocr_line' id='line_1_71' title="bbox 1890 2814 3444 2887; baseline -0.003 -17"><span class='ocrx_word' id='word_1_531' title='bbox 1890 2817 2157 2887; x_wconf 88' lang='lat' dir='ltr'><strong>gitaverit,</strong></span> <span class='ocrx_word' id='word_1_532' title='bbox 2209 2831 2269 2870; x_wconf 89' lang='lat' dir='ltr'><strong>ea</strong></span> <span class='ocrx_word' id='word_1_533' title='bbox 2307 2816 2557 2871; x_wconf 89' lang='lat' dir='ltr'><strong>omnibus</strong></span> <span class='ocrx_word' id='word_1_534' title='bbox 2601 2816 2850 2872; x_wconf 88' lang='lat' dir='ltr'><strong>similiter</strong></span> <span class='ocrx_word' id='word_1_535' title='bbox 2910 2814 3104 2885; x_wconf 77' lang='lat' dir='ltr'><strong>genitis</strong></span> <span class='ocrx_word' id='word_1_536' title='bbox 3166 2821 3444 2882; x_wconf 88' lang='lat' dir='ltr'><strong>congruet.</strong></span> 
     </span>
    </p>
   </div>
   <div class='ocr_carea' id='block_1_72' title="bbox 1892 2904 3447 2977">
    <p class='ocr_par' dir='ltr' id='par_1_72' title="bbox 1892 2904 3447 2977">
     <span class='ocr_line' id='line_1_72' title="bbox 1892 2904 3447 2977; baseline -0.004 -15"><span class='ocrx_word' id='word_1_537' title='bbox 1892 2907 2086 2962; x_wconf 82' lang='lat' dir='ltr'><strong>Verum</strong></span> <span class='ocrx_word' id='word_1_538' title='bbox 2128 2917 2306 2960; x_wconf 88' lang='lat' dir='ltr'><strong>autem</strong></span> <span class='ocrx_word' id='word_1_539' title='bbox 2357 2921 2478 2960; x_wconf 90' lang='lat' dir='ltr'><strong>esse</strong></span> <span class='ocrx_word' id='word_1_540' title='bbox 2525 2907 2665 2977; x_wconf 87' lang='lat' dir='ltr'><strong>quod</strong></span> <span class='ocrx_word' id='word_1_541' title='bbox 2700 2908 2952 2969; x_wconf 83' lang='lat' dir='ltr'><strong>dicimus,</strong></span> <span class='ocrx_word' id='word_1_542' title='bbox 2983 2906 3033 2959; x_wconf 89' lang='lat' dir='ltr'><strong>id</strong></span> <span class='ocrx_word' id='word_1_543' title='bbox 3067 2906 3206 2973; x_wconf 89' lang='lat' dir='ltr'><strong>quod</strong></span> <span class='ocrx_word' id='word_1_544' title='bbox 3254 2904 3447 2971; x_wconf 86' lang='lat' dir='ltr'><strong>cuique</strong></span> 
     </span>
    </p>
   </div>
   <div class='ocr_carea' id='block_1_73' title="bbox 1890 2996 3444 3066">
    <p class='ocr_par' dir='ltr' id='par_1_73' title="bbox 1890 2996 3444 3066">
     <span class='ocr_line' id='line_1_73' title="bbox 1890 2996 3444 3066; baseline -0.003 -15"><span class='ocrx_word' id='word_1_545' title='bbox 1890 2998 2219 3052; x_wconf 90' lang='lat' dir='ltr'><strong>audientium</strong></span> <span class='ocrx_word' id='word_1_546' title='bbox 2278 2998 2326 3051; x_wconf 93' lang='lat' dir='ltr'><strong>in</strong></span> <span class='ocrx_word' id='word_1_547' title='bbox 2377 3007 2608 3053; x_wconf 88' lang='lat' dir='ltr'><strong>mentem</strong></span> <span class='ocrx_word' id='word_1_548' title='bbox 2655 3000 2822 3064; x_wconf 82' lang='lat' dir='ltr'><strong>venit,</strong></span> <span class='ocrx_word' id='word_1_549' title='bbox 2887 2998 3178 3053; x_wconf 79' lang='lat' dir='ltr'><strong>maximum</strong></span> <span class='ocrx_word' id='word_1_550' title='bbox 3234 2996 3444 3066; x_wconf 84' lang='lat' dir='ltr'><strong>signum</strong></span> 
     </span>
    </p>
   </div>
   <div class='ocr_carea' id='block_1_74' title="bbox 1891 3084 3444 3160">
    <p class='ocr_par' dir='ltr' id='par_1_74' title="bbox 1891 3084 3444 3160">
     <span class='ocr_line' id='line_1_74' title="bbox 1891 3084 3444 3160; baseline -0.003 -17"><span class='ocrx_word' id='word_1_551' title='bbox 1891 3097 1994 3144; x_wconf 88' lang='lat' dir='ltr'><strong>est.</strong></span> <span class='ocrx_word' id='word_1_552' title='bbox 2059 3088 2356 3158; x_wconf 82' lang='lat' dir='ltr'><strong>lnterroget</strong></span> <span class='ocrx_word' id='word_1_553' title='bbox 2416 3089 2560 3148; x_wconf 88' lang='lat' dir='ltr'><strong>enim</strong></span> <span class='ocrx_word' id='word_1_554' title='bbox 2607 3090 2982 3160; x_wconf 88' lang='lat' dir='ltr'><strong>unusquisque</strong></span> <span class='ocrx_word' id='word_1_555' title='bbox 3044 3089 3302 3158; x_wconf 85' lang='lat' dir='ltr'><strong>scipsum,</strong></span> <span class='ocrx_word' id='word_1_556' title='bbox 3356 3084 3444 3139; x_wconf 89' lang='lat' dir='ltr'><strong>ubi</strong></span> 
     </span>
    </p>
   </div>
   <div class='ocr_carea' id='block_1_75' title="bbox 1893 3180 3451 3252">
    <p class='ocr_par' dir='ltr' id='par_1_75' title="bbox 1893 3180 3451 3252">
     <span class='ocr_line' id='line_1_75' title="bbox 1893 3180 3451 3252; baseline -0.003 -18"><span class='ocrx_word' id='word_1_557' title='bbox 1893 3181 2164 3235; x_wconf 90' lang='lat' dir='ltr'><strong>audierit:</strong></span> <span class='ocrx_word' id='word_1_558' title='bbox 2197 3180 2293 3236; x_wconf 88' lang='lat' dir='ltr'><strong>llic</strong></span> <span class='ocrx_word' id='word_1_559' title='bbox 2344 3180 2501 3251; x_wconf 87' lang='lat' dir='ltr'><strong>hujus</strong></span> <span class='ocrx_word' id='word_1_560' title='bbox 2532 3184 2778 3252; x_wconf 81' lang='lat' dir='ltr'><strong>genitura</strong></span> <span class='ocrx_word' id='word_1_561' title='bbox 2817 3192 2918 3245; x_wconf 88' lang='lat' dir='ltr'><strong>est,</strong></span> <span class='ocrx_word' id='word_1_562' title='bbox 2946 3180 3073 3250; x_wconf 85' lang='lat' dir='ltr'><strong>quid</strong></span> <span class='ocrx_word' id='word_1_563' title='bbox 3112 3180 3290 3233; x_wconf 89' lang='lat' dir='ltr'><strong>animo</strong></span> <span class='ocrx_word' id='word_1_564' title='bbox 3320 3193 3451 3232; x_wconf 86' lang='lat' dir='ltr'><strong>con-</strong></span> 
     </span>
    </p>
   </div>
   <div class='ocr_carea' id='block_1_76' title="bbox 1898 3267 3454 3340">
    <p class='ocr_par' dir='ltr' id='par_1_76' title="bbox 1898 3267 3454 3340">
     <span class='ocr_line' id='line_1_76' title="bbox 1898 3267 3454 3340; baseline -0.003 -15"><span class='ocrx_word' id='word_1_565' title='bbox 1898 3271 2083 3340; x_wconf 89' lang='lat' dir='ltr'><strong>cipiat.</strong></span> <span class='ocrx_word' id='word_1_566' title='bbox 2122 3269 2255 3324; x_wconf 83' lang='lat' dir='ltr'><strong>Num</strong></span> <span class='ocrx_word' id='word_1_567' title='bbox 2296 3271 2497 3339; x_wconf 85' lang='lat' dir='ltr'><strong>cngitat</strong></span> <span class='ocrx_word' id='word_1_568' title='bbox 2537 3273 2774 3338; x_wconf 83' lang='lat' dir='ltr'><strong>genitum</strong></span> <span class='ocrx_word' id='word_1_569' title='bbox 2812 3269 3069 3340; x_wconf 83' lang='lat' dir='ltr'><strong>genitoris</strong></span> <span class='ocrx_word' id='word_1_570' title='bbox 3095 3267 3454 3324; x_wconf 86' lang='lat' dir='ltr'><strong>substantiam</strong></span> 
     </span>
    </p>
   </div>
   <div class='ocr_carea' id='block_1_77' title="bbox 1895 3361 3452 3428">
    <p class='ocr_par' dir='ltr' id='par_1_77' title="bbox 1895 3361 3452 3428">
     <span class='ocr_line' id='line_1_77' title="bbox 1895 3361 3452 3428; baseline -0.004 -9"><span class='ocrx_word' id='word_1_571' title='bbox 1895 3362 2059 3419; x_wconf 75' lang='lat' dir='ltr'><strong>esse?</strong></span> <span class='ocrx_word' id='word_1_572' title='bbox 2091 3362 2269 3426; x_wconf 85' lang='lat' dir='ltr'><strong>Certe,</strong></span> <span class='ocrx_word' id='word_1_573' title='bbox 2299 3373 2354 3416; x_wconf 91' lang='lat' dir='ltr'><strong>ut</strong></span> <span class='ocrx_word' id='word_1_574' title='bbox 2383 3363 2483 3417; x_wconf 86' lang='lat' dir='ltr'><strong>hoc</strong></span> <span class='ocrx_word' id='word_1_575' title='bbox 2517 3363 2799 3419; x_wconf 85' lang='lat' dir='ltr'><strong>ridiculum</strong></span> <span class='ocrx_word' id='word_1_576' title='bbox 2829 3371 2932 3428; x_wconf 90' lang='lat' dir='ltr'><strong>est,</strong></span> <span class='ocrx_word' id='word_1_577' title='bbox 2973 3362 3044 3416; x_wconf 90' lang='lat' dir='ltr'><strong>ita</strong></span> <span class='ocrx_word' id='word_1_578' title='bbox 3078 3361 3206 3416; x_wconf 91' lang='lat' dir='ltr'><strong>illud</strong></span> <span class='ocrx_word' id='word_1_579' title='bbox 3237 3374 3452 3422; x_wconf 80' lang='lat' dir='ltr'><strong>verum.</strong></span> 
     </span>
    </p>
   </div>
   <div class='ocr_carea' id='block_1_78' title="bbox 1891 3453 3449 3526">
    <p class='ocr_par' dir='ltr' id='par_1_78' title="bbox 1891 3453 3449 3526">
     <span class='ocr_line' id='line_1_78' title="bbox 1891 3453 3449 3526; baseline -0.003 -18"><span class='ocrx_word' id='word_1_580' title='bbox 1891 3456 2033 3526; x_wconf 87' lang='lat' dir='ltr'><strong>quod</strong></span> <span class='ocrx_word' id='word_1_581' title='bbox 2068 3457 2134 3510; x_wconf 90' lang='lat' dir='ltr'><strong>ab</strong></span> <span class='ocrx_word' id='word_1_582' title='bbox 2171 3471 2238 3510; x_wconf 91' lang='lat' dir='ltr'><strong>eo</strong></span> <span class='ocrx_word' id='word_1_583' title='bbox 2275 3472 2368 3525; x_wconf 80' lang='lat' dir='ltr'><strong>per</strong></span> <span class='ocrx_word' id='word_1_584' title='bbox 2399 3457 2765 3524; x_wconf 87' lang='lat' dir='ltr'><strong>generationis</strong></span> <span class='ocrx_word' id='word_1_585' title='bbox 2807 3456 3021 3510; x_wconf 87' lang='lat' dir='ltr'><strong>modum</strong></span> <span class='ocrx_word' id='word_1_586' title='bbox 3064 3453 3130 3508; x_wconf 87' lang='lat' dir='ltr'><strong>ad</strong></span> <span class='ocrx_word' id='word_1_587' title='bbox 3173 3468 3283 3506; x_wconf 74' lang='lat' dir='ltr'><strong>esse</strong></span> <span class='ocrx_word' id='word_1_588' title='bbox 3320 3466 3449 3520; x_wconf 75' lang='lat' dir='ltr'><strong>pro-</strong></span> 
     </span>
    </p>
   </div>
   <div class='ocr_carea' id='block_1_79' title="bbox 1891 3543 3452 3617">
    <p class='ocr_par' dir='ltr' id='par_1_79' title="bbox 1891 3543 3452 3617">
     <span class='ocr_line' id='line_1_79' title="bbox 1891 3543 3452 3617; baseline -0.002 -18"><span class='ocrx_word' id='word_1_589' title='bbox 1891 3547 2083 3602; x_wconf 91' lang='lat' dir='ltr'><strong>ductus</strong></span> <span class='ocrx_word' id='word_1_590' title='bbox 2119 3547 2207 3600; x_wconf 90' lang='lat' dir='ltr'><strong>sit.</strong></span> <span class='ocrx_word' id='word_1_591' title='bbox 2245 3546 2355 3601; x_wconf 87' lang='lat' dir='ltr'><strong>lloc</strong></span> <span class='ocrx_word' id='word_1_592' title='bbox 2387 3549 2564 3617; x_wconf 78' lang='lat' dir='ltr'><strong>itaque</strong></span> <span class='ocrx_word' id='word_1_593' title='bbox 2614 3563 2711 3615; x_wconf 91' lang='lat' dir='ltr'><strong>par</strong></span> <span class='ocrx_word' id='word_1_594' title='bbox 2759 3546 2922 3601; x_wconf 79' lang='lat' dir='ltr'><strong>fuerit</strong></span> <span class='ocrx_word' id='word_1_595' title='bbox 2969 3545 3220 3600; x_wconf 77' lang='lat' dir='ltr'><strong>similiter</strong></span> <span class='ocrx_word' id='word_1_596' title='bbox 3275 3552 3331 3598; x_wconf 88' lang='lat' dir='ltr'><strong>et</strong></span> <span class='ocrx_word' id='word_1_597' title='bbox 3384 3543 3452 3596; x_wconf 80' lang='lat' dir='ltr'><strong>do</strong></span> 
     </span>
    </p>
   </div>
   <div class='ocr_carea' id='block_1_80' title="bbox 1892 3636 3448 3710">
    <p class='ocr_par' dir='ltr' id='par_1_80' title="bbox 1892 3636 3448 3710">
     <span class='ocr_line' id='line_1_80' title="bbox 1892 3636 3448 3710; baseline -0.006 -15"><span class='ocrx_word' id='word_1_598' title='bbox 1892 3637 2179 3710; x_wconf 86' lang='lat' dir='ltr'><strong>Unigenito</strong></span> <span class='ocrx_word' id='word_1_599' title='bbox 2211 3638 2348 3694; x_wconf 83' lang='lat' dir='ltr'><strong>etde</strong></span> <span class='ocrx_word' id='word_1_600' title='bbox 2374 3653 2696 3708; x_wconf 88' lang='lat' dir='ltr'><strong>quocunque</strong></span> <span class='ocrx_word' id='word_1_601' title='bbox 2729 3638 2908 3709; x_wconf 78' lang='lat' dir='ltr'><strong>genitu</strong></span> <span class='ocrx_word' id='word_1_602' title='bbox 2941 3637 3140 3692; x_wconf 89' lang='lat' dir='ltr'><strong>dicere.</strong></span> <span class='ocrx_word' id='word_1_603' title='bbox 3176 3636 3239 3690; x_wconf 86' lang='lat' dir='ltr'><strong>Et</strong></span> <span class='ocrx_word' id='word_1_604' title='bbox 3270 3650 3448 3696; x_wconf 86' lang='lat' dir='ltr'><strong>nemo,</strong></span> 
     </span>
    </p>
   </div>
   <div class='ocr_carea' id='block_1_81' title="bbox 1894 3725 3453 3802">
    <p class='ocr_par' dir='ltr' id='par_1_81' title="bbox 1894 3725 3453 3802">
     <span class='ocr_line' id='line_1_81' title="bbox 1894 3725 3453 3802; baseline -0.004 -15"><span class='ocrx_word' id='word_1_605' title='bbox 1894 3735 2144 3802; x_wconf 89' lang='lat' dir='ltr'><strong>quoniam</strong></span> <span class='ocrx_word' id='word_1_606' title='bbox 2177 3730 2479 3785; x_wconf 87' lang='lat' dir='ltr'><strong>communis</strong></span> <span class='ocrx_word' id='word_1_607' title='bbox 2516 3731 2733 3786; x_wconf 90' lang='lat' dir='ltr'><strong>habitus</strong></span> <span class='ocrx_word' id='word_1_608' title='bbox 2784 3739 2889 3794; x_wconf 87' lang='lat' dir='ltr'><strong>est,</strong></span> <span class='ocrx_word' id='word_1_609' title='bbox 2927 3727 3195 3798; x_wconf 80' lang='lat' dir='ltr'><strong>Unigeniti</strong></span> <span class='ocrx_word' id='word_1_610' title='bbox 3226 3725 3453 3795; x_wconf 80' lang='lat' dir='ltr'><strong>dignita-</strong></span> 
     </span>
    </p>
   </div>
   <div class='ocr_carea' id='block_1_82' title="bbox 1895 3818 3453 3880">
    <p class='ocr_par' dir='ltr' id='par_1_82' title="bbox 1895 3818 3453 3880">
     <span class='ocr_line' id='line_1_82' title="bbox 1895 3818 3453 3880; baseline -0.007 0"><span class='ocrx_word' id='word_1_611' title='bbox 1895 3836 2000 3880; x_wconf 84' lang='lat' dir='ltr'><strong>tem</strong></span> <span class='ocrx_word' id='word_1_612' title='bbox 2037 3825 2240 3879; x_wconf 87' lang='lat' dir='ltr'><strong>destrui</strong></span> <span class='ocrx_word' id='word_1_613' title='bbox 2269 3824 2558 3878; x_wconf 82' lang='lat' dir='ltr'><strong>existimet.</strong></span> <span class='ocrx_word' id='word_1_614' title='bbox 2593 3822 2707 3877; x_wconf 83' lang='lat' dir='ltr'><strong>Non</strong></span> <span class='ocrx_word' id='word_1_615' title='bbox 2738 3823 2881 3877; x_wconf 78' lang='lat' dir='ltr'><strong>enim</strong></span> <span class='ocrx_word' id='word_1_616' title='bbox 2913 3821 3081 3876; x_wconf 89' lang='lat' dir='ltr'><strong>Filius</strong></span> <span class='ocrx_word' id='word_1_617' title='bbox 3111 3821 3163 3875; x_wconf 91' lang='lat' dir='ltr'><strong>in</strong></span> <span class='ocrx_word' id='word_1_618' title='bbox 3186 3835 3250 3876; x_wconf 89' lang='lat' dir='ltr'><strong>eo</strong></span> <span class='ocrx_word' id='word_1_619' title='bbox 3277 3818 3453 3875; x_wconf 82' lang='lat' dir='ltr'><strong>dili‘ert</strong></span> 
     </span>
    </p>
   </div>
   <div class='ocr_carea' id='block_1_83' title="bbox 1893 3911 3452 3983">
    <p class='ocr_par' dir='ltr' id='par_1_83' title="bbox 1893 3911 3452 3983">
     <span class='ocr_line' id='line_1_83' title="bbox 1893 3911 3452 3983; baseline -0.006 -14"><span class='ocrx_word' id='word_1_620' title='bbox 1893 3915 1960 3969; x_wconf 87' lang='lat' dir='ltr'><strong>ab</strong></span> <span class='ocrx_word' id='word_1_621' title='bbox 1995 3915 2137 3979; x_wconf 86' lang='lat' dir='ltr'><strong>aliis,</strong></span> <span class='ocrx_word' id='word_1_622' title='bbox 2167 3913 2309 3983; x_wconf 90' lang='lat' dir='ltr'><strong>quod</strong></span> <span class='ocrx_word' id='word_1_623' title='bbox 2357 3927 2475 3967; x_wconf 86' lang='lat' dir='ltr'><strong>sese</strong></span> <span class='ocrx_word' id='word_1_624' title='bbox 2521 3913 2586 3967; x_wconf 87' lang='lat' dir='ltr'><strong>ad</strong></span> <span class='ocrx_word' id='word_1_625' title='bbox 2626 3913 2826 3982; x_wconf 91' lang='lat' dir='ltr'><strong>aliquid</strong></span> <span class='ocrx_word' id='word_1_626' title='bbox 2853 3923 3000 3969; x_wconf 88' lang='lat' dir='ltr'><strong>certo</strong></span> <span class='ocrx_word' id='word_1_627' title='bbox 3026 3914 3269 3983; x_wconf 85' lang='lat' dir='ltr'><strong>quodam.</strong></span> <span class='ocrx_word' id='word_1_628' title='bbox 3293 3911 3452 3963; x_wconf 82' lang='lat' dir='ltr'><strong>modu</strong></span> 
     </span>
    </p>
   </div>
   <div class='ocr_carea' id='block_1_84' title="bbox 1893 4001 3449 4075">
    <p class='ocr_par' dir='ltr' id='par_1_84' title="bbox 1893 4001 3449 4075">
     <span class='ocr_line' id='line_1_84' title="bbox 1893 4001 3449 4075; baseline -0.006 -13"><span class='ocrx_word' id='word_1_629' title='bbox 1893 4007 2088 4062; x_wconf 89' lang='lat' dir='ltr'><strong>habeat</strong></span> <span class='ocrx_word' id='word_1_630' title='bbox 2116 4023 2131 4059; x_wconf 89' lang='lat'><strong>:</strong></span> <span class='ocrx_word' id='word_1_631' title='bbox 2159 4006 2250 4060; x_wconf 90' lang='lat' dir='ltr'><strong>sed</strong></span> <span class='ocrx_word' id='word_1_632' title='bbox 2284 4005 2374 4059; x_wconf 88' lang='lat' dir='ltr'><strong>Dei</strong></span> <span class='ocrx_word' id='word_1_633' title='bbox 2410 4005 2714 4075; x_wconf 74' lang='lat' dir='ltr'><strong>praestantia</strong></span> <span class='ocrx_word' id='word_1_634' title='bbox 2749 4020 2852 4075; x_wconf 87' lang='lat' dir='ltr'><strong>qua</strong></span> <span class='ocrx_word' id='word_1_635' title='bbox 2884 4019 2969 4059; x_wconf 89' lang='lat' dir='ltr'><strong>res</strong></span> <span class='ocrx_word' id='word_1_636' title='bbox 3001 4001 3254 4057; x_wconf 89' lang='lat' dir='ltr'><strong>mortales</strong></span> <span class='ocrx_word' id='word_1_637' title='bbox 3287 4016 3449 4067; x_wconf 81' lang='lat' dir='ltr'><strong>supe-</strong></span> 
     </span>
    </p>
   </div>
   <div class='ocr_carea' id='block_1_85' title="bbox 1895 4093 3459 4166">
    <p class='ocr_par' dir='ltr' id='par_1_85' title="bbox 1895 4093 3459 4166">
     <span class='ocr_line' id='line_1_85' title="bbox 1895 4093 3459 4166; baseline -0.007 -13"><span class='ocrx_word' id='word_1_638' title='bbox 1895 4106 1999 4164; x_wconf 87' lang='lat' dir='ltr'><strong>rat,</strong></span> <span class='ocrx_word' id='word_1_639' title='bbox 2033 4098 2084 4151; x_wconf 88' lang='lat' dir='ltr'><strong>ia</strong></span> <span class='ocrx_word' id='word_1_640' title='bbox 2129 4096 2447 4153; x_wconf 68' lang='lat' dir='ltr'><strong>substantiae</strong></span> <span class='ocrx_word' id='word_1_641' title='bbox 2491 4096 2825 4166; x_wconf 86' lang='lat' dir='ltr'><strong>preprietate</strong></span> <span class='ocrx_word' id='word_1_642' title='bbox 2864 4095 3180 4151; x_wconf 80' lang='lat' dir='ltr'><strong>ostenditur.</strong></span> <span class='ocrx_word' id='word_1_643' title='bbox 3212 4093 3274 4147; x_wconf 80' lang='lat' dir='ltr'><strong>At</strong></span> <span class='ocrx_word' id='word_1_644' title='bbox 3318 4107 3459 4146; x_wconf 13' lang='lat' dir='ltr'><strong>con-7</strong></span> 
     </span>
    </p>
   </div>
   <div class='ocr_carea' id='block_1_86' title="bbox 1894 4184 3449 4258">
    <p class='ocr_par' dir='ltr' id='par_1_86' title="bbox 1894 4184 3449 4258">
     <span class='ocr_line' id='line_1_86' title="bbox 1894 4184 3449 4258; baseline -0.007 -14"><span class='ocrx_word' id='word_1_645' title='bbox 1894 4191 2125 4244; x_wconf 86' lang='lat' dir='ltr'><strong>siderate</strong></span> <span class='ocrx_word' id='word_1_646' title='bbox 2150 4189 2216 4244; x_wconf 92' lang='lat' dir='ltr'><strong>ad</strong></span> <span class='ocrx_word' id='word_1_647' title='bbox 2241 4203 2396 4258; x_wconf 91' lang='lat' dir='ltr'><strong>quam</strong></span> <span class='ocrx_word' id='word_1_648' title='bbox 2420 4188 2669 4258; x_wconf 87' lang='lat' dir='ltr'><strong>ineptiam</strong></span> <span class='ocrx_word' id='word_1_649' title='bbox 2700 4187 2942 4243; x_wconf 88' lang='lat' dir='ltr'><strong>doctrina</strong></span> <span class='ocrx_word' id='word_1_650' title='bbox 2974 4188 3166 4240; x_wconf 89' lang='lat' dir='ltr'><strong>horum</strong></span> <span class='ocrx_word' id='word_1_651' title='bbox 3195 4184 3449 4239; x_wconf 85' lang='lat' dir='ltr'><strong>deducat.</strong></span> 
     </span>
    </p>
   </div>
   <div class='ocr_carea' id='block_1_87' title="bbox 1896 4280 3451 4352">
    <p class='ocr_par' dir='ltr' id='par_1_87' title="bbox 1896 4280 3451 4352">
     <span class='ocr_line' id='line_1_87' title="bbox 1896 4280 3451 4352; baseline -0.005 -16"><span class='ocrx_word' id='word_1_652' title='bbox 1896 4282 1952 4336; x_wconf 86' lang='lat' dir='ltr'><strong>Si</strong></span> <span class='ocrx_word' id='word_1_653' title='bbox 1981 4282 2245 4352; x_wconf 84' lang='lat' dir='ltr'><strong>genitura,</strong></span> <span class='ocrx_word' id='word_1_654' title='bbox 2272 4282 2490 4336; x_wconf 89' lang='lat' dir='ltr'><strong>alterius</strong></span> <span class='ocrx_word' id='word_1_655' title='bbox 2523 4281 2764 4351; x_wconf 86' lang='lat' dir='ltr'><strong>genitura</strong></span> <span class='ocrx_word' id='word_1_656' title='bbox 2799 4283 3029 4345; x_wconf 87' lang='lat' dir='ltr'><strong>dicatur,</strong></span> <span class='ocrx_word' id='word_1_657' title='bbox 3066 4280 3202 4334; x_wconf 91' lang='lat' dir='ltr'><strong>sicut</strong></span> <span class='ocrx_word' id='word_1_658' title='bbox 3222 4286 3277 4331; x_wconf 89' lang='lat' dir='ltr'><strong>et</strong></span> <span class='ocrx_word' id='word_1_659' title='bbox 3301 4291 3451 4331; x_wconf 89' lang='lat' dir='ltr'><strong>com-</strong></span> 
     </span>
    </p>
   </div>
   <div class='ocr_carea' id='block_1_88' title="bbox 1896 4366 3450 4438">
    <p class='ocr_par' dir='ltr' id='par_1_88' title="bbox 1896 4366 3450 4438">
     <span class='ocr_line' id='line_1_88' title="bbox 1896 4366 3450 4438; baseline -0.004 -13"><span class='ocrx_word' id='word_1_660' title='bbox 1896 4372 2069 4426; x_wconf 88' lang='lat' dir='ltr'><strong>munis</strong></span> <span class='ocrx_word' id='word_1_661' title='bbox 2083 4371 2404 4426; x_wconf 85' lang='lat' dir='ltr'><strong>consuetudo</strong></span> <span class='ocrx_word' id='word_1_662' title='bbox 2421 4373 2836 4436; x_wconf 84' lang='lat' dir='ltr'><strong>conlirmat,nec</strong></span> <span class='ocrx_word' id='word_1_663' title='bbox 2867 4372 3146 4438; x_wconf 89' lang='lat' dir='ltr'><strong>quisquam</strong></span> <span class='ocrx_word' id='word_1_664' title='bbox 3179 4366 3450 4421; x_wconf 86' lang='lat' dir='ltr'><strong>contradi-</strong></span> 
     </span>
    </p>
   </div>
   <div class='ocr_carea' id='block_1_89' title="bbox 1895 4463 3453 4532">
    <p class='ocr_par' dir='ltr' id='par_1_89' title="bbox 1895 4463 3453 4532">
     <span class='ocr_line' id='line_1_89' title="bbox 1895 4463 3453 4532; baseline -0.004 -15"><span class='ocrx_word' id='word_1_665' title='bbox 1895 4464 2130 4525; x_wconf 74' lang='lat' dir='ltr'><strong>cct,li:ec</strong></span> <span class='ocrx_word' id='word_1_666' title='bbox 2160 4465 2268 4532; x_wconf 88' lang='lat' dir='ltr'><strong>ipsa</strong></span> <span class='ocrx_word' id='word_1_667' title='bbox 2301 4474 2475 4516; x_wconf 90' lang='lat' dir='ltr'><strong>autem</strong></span> <span class='ocrx_word' id='word_1_668' title='bbox 2505 4465 2743 4532; x_wconf 87' lang='lat' dir='ltr'><strong>genitura</strong></span> <span class='ocrx_word' id='word_1_669' title='bbox 2777 4465 2827 4517; x_wconf 92' lang='lat' dir='ltr'><strong>in</strong></span> <span class='ocrx_word' id='word_1_670' title='bbox 2851 4463 2985 4516; x_wconf 85' lang='lat' dir='ltr'><strong>Filio</strong></span> <span class='ocrx_word' id='word_1_671' title='bbox 3016 4475 3228 4530; x_wconf 88' lang='lat' dir='ltr'><strong>quoque</strong></span> <span class='ocrx_word' id='word_1_672' title='bbox 3256 4475 3453 4515; x_wconf 87' lang='lat' dir='ltr'><strong>secun-</strong></span> 
     </span>
    </p>
   </div>
   <div class='ocr_carea' id='block_1_90' title="bbox 1895 4552 3454 4625">
    <p class='ocr_par' dir='ltr' id='par_1_90' title="bbox 1895 4552 3454 4625">
     <span class='ocr_line' id='line_1_90' title="bbox 1895 4552 3454 4625; baseline -0.001 -19"><span class='ocrx_word' id='word_1_673' title='bbox 1895 4552 2018 4607; x_wconf 91' lang='lat' dir='ltr'><strong>dum</strong></span> <span class='ocrx_word' id='word_1_674' title='bbox 2034 4555 2221 4607; x_wconf 92' lang='lat' dir='ltr'><strong>horum</strong></span> <span class='ocrx_word' id='word_1_675' title='bbox 2237 4554 2526 4608; x_wconf 87' lang='lat' dir='ltr'><strong>doctrinam</strong></span> <span class='ocrx_word' id='word_1_676' title='bbox 2544 4555 2892 4609; x_wconf 86' lang='lat' dir='ltr'><strong>substantiam</strong></span> <span class='ocrx_word' id='word_1_677' title='bbox 2909 4555 3192 4625; x_wconf 82' lang='lat' dir='ltr'><strong>signiﬁcet,</strong></span> <span class='ocrx_word' id='word_1_678' title='bbox 3209 4553 3454 4610; x_wconf 77' lang='lat' dir='ltr'><strong>substan-</strong></span> 
     </span>
    </p>
   </div>
   <div class='ocr_carea' id='block_1_91' title="bbox 235 4636 1905 4720">
    <p class='ocr_par' dir='ltr' id='par_1_91' title="bbox 235 4636 1905 4715">
     <span class='ocr_line' id='line_1_91' title="bbox 235 4636 1905 4715; baseline 0.005 -25"><span class='ocrx_word' id='word_1_679' title='bbox 235 4637 334 4690; x_wconf 85' lang='grc' dir='ltr'><strong>τοῦ</strong></span> <span class='ocrx_word' id='word_1_680' title='bbox 368 4640 701 4708; x_wconf 83' lang='grc' dir='ltr'>γεννήματος</span> <span class='ocrx_word' id='word_1_681' title='bbox 732 4636 1064 4709; x_wconf 77' lang='grc' dir='ltr'>προσηγορία</span> <span class='ocrx_word' id='word_1_682' title='bbox 1111 4639 1462 4707; x_wconf 80' lang='grc' dir='ltr'>σημαίνουσα,</span> <span class='ocrx_word' id='word_1_683' title='bbox 1494 4642 1627 4712; x_wconf 80' lang='grc' dir='ltr'>ὅπερ</span> <span class='ocrx_word' id='word_1_684' title='bbox 1653 4639 1793 4696; x_wconf 72' lang='grc' dir='ltr'>οὗτοι</span> <span class='ocrx_word' id='word_1_685' title='bbox 1827 4661 1869 4715; x_wconf 84' lang='grc' dir='ltr'><strong>ι)</strong></span> <span class='ocrx_word' id='word_1_686' title='bbox 1900 4657 1905 4698; x_wconf 89' lang='grc'><strong>1</strong></span> 
     </span>
    </p>
   </div>
   <div class='ocr_carea' id='block_1_92' title="bbox 1782 4636 3452 4720">
    <p class='ocr_par' dir='ltr' id='par_1_92' title="bbox 1782 4645 3452 4720">
     <span class='ocr_line' id='line_1_92' title="bbox 1782 4645 3452 4720; baseline 0.002 -25"><span class='ocrx_word' id='word_1_687' title='bbox 1782 4661 1793 4695; x_wconf 88' lang='grc' dir='ltr'><strong>ι</strong></span> <span class='ocrx_word' id='word_1_688' title='bbox 1827 4661 1869 4715; x_wconf 85' lang='grc' dir='ltr'><strong>ι)</strong></span> <span class='ocrx_word' id='word_1_689' title='bbox 1900 4646 1967 4699; x_wconf 87' lang='lat' dir='ltr'><strong>tia</strong></span> <span class='ocrx_word' id='word_1_690' title='bbox 1991 4645 2091 4699; x_wconf 88' lang='lat' dir='ltr'><strong>erit</strong></span> <span class='ocrx_word' id='word_1_691' title='bbox 2113 4645 2434 4716; x_wconf 86' lang='lat' dir='ltr'><strong>illius,cujus</strong></span> <span class='ocrx_word' id='word_1_692' title='bbox 2461 4651 2698 4719; x_wconf 82' lang='lat' dir='ltr'><strong>genitura</strong></span> <span class='ocrx_word' id='word_1_693' title='bbox 2718 4649 3106 4720; x_wconf 64' lang='grc' dir='ltr'><strong>αἰσίμη-,246</strong></span> <span class='ocrx_word' id='word_1_694' title='bbox 3122 4650 3191 4702; x_wconf 79' lang='lat' dir='ltr'><strong>Ex</strong></span> <span class='ocrx_word' id='word_1_695' title='bbox 3220 4649 3320 4702; x_wconf 92' lang='lat' dir='ltr'><strong>hac</strong></span> <span class='ocrx_word' id='word_1_696' title='bbox 3353 4649 3452 4699; x_wconf 85' lang='lat' dir='ltr'><strong>ita-</strong></span> 
     </span>
    </p>
   </div>
   <div class='ocr_carea' id='block_1_93' title="bbox 240 4727 1796 4806">
    <p class='ocr_par' dir='ltr' id='par_1_93' title="bbox 240 4727 1796 4806">
     <span class='ocr_line' id='line_1_93' title="bbox 240 4727 1796 4806; baseline 0.001 -25"><span class='ocrx_word' id='word_1_697' title='bbox 240 4727 538 4806; x_wconf 71' lang='grc' dir='ltr'>βιᾴζονται,</span> <span class='ocrx_word' id='word_1_698' title='bbox 571 4730 702 4782; x_wconf 81' lang='grc' dir='ltr'><strong>ἀλλά</strong></span> <span class='ocrx_word' id='word_1_699' title='bbox 739 4729 828 4782; x_wconf 86' lang='grc' dir='ltr'><strong>τοῦ</strong></span> <span class='ocrx_word' id='word_1_700' title='bbox 855 4727 987 4780; x_wconf 84' lang='grc' dir='ltr'>Θεοῦ</span> <span class='ocrx_word' id='word_1_701' title='bbox 1019 4728 1131 4780; x_wconf 85' lang='grc' dir='ltr'><strong>τῶν-</strong></span> <span class='ocrx_word' id='word_1_702' title='bbox 1151 4729 1304 4783; x_wconf 83' lang='grc' dir='ltr'>ὅλων.</span> <span class='ocrx_word' id='word_1_703' title='bbox 1342 4731 1400 4781; x_wconf 83' lang='grc' dir='ltr'>Εἰ</span> <span class='ocrx_word' id='word_1_704' title='bbox 1427 4731 1533 4800; x_wconf 83' lang='grc' dir='ltr'><strong>γάρ</strong></span> <span class='ocrx_word' id='word_1_705' title='bbox 1561 4733 1655 4801; x_wconf 85' lang='grc' dir='ltr'>οὑχ</span> <span class='ocrx_word' id='word_1_706' title='bbox 1688 4728 1796 4787; x_wconf 73' lang='grc' dir='ltr'>οἷόν</span> 
     </span>
    </p>
   </div>
   <div class='ocr_carea' id='block_1_94' title="bbox 237 4821 1795 4894">
    <p class='ocr_par' dir='ltr' id='par_1_94' title="bbox 237 4821 1795 4894">
     <span class='ocr_line' id='line_1_94' title="bbox 237 4821 1795 4894; baseline -0.001 -19"><span class='ocrx_word' id='word_1_707' title='bbox 237 4840 298 4875; x_wconf 85' lang='grc' dir='ltr'><strong>τε</strong></span> <span class='ocrx_word' id='word_1_708' title='bbox 326 4822 509 4879; x_wconf 69' lang='grc' dir='ltr'>ἕτερον</span> <span class='ocrx_word' id='word_1_709' title='bbox 538 4822 633 4891; x_wconf 77' lang='grc' dir='ltr'><strong>μέν</strong></span> <span class='ocrx_word' id='word_1_710' title='bbox 656 4839 706 4874; x_wconf 86' lang='grc' dir='ltr'><strong>τι</strong></span> <span class='ocrx_word' id='word_1_711' title='bbox 739 4823 835 4891; x_wconf 72' lang='grc' dir='ltr'>τὴν</span> <span class='ocrx_word' id='word_1_712' title='bbox 864 4821 1048 4874; x_wconf 82' lang='grc' dir='ltr'>οὑσίαν</span> <span class='ocrx_word' id='word_1_713' title='bbox 1094 4822 1252 4885; x_wconf 77' lang='grc' dir='ltr'>νοεῖν,</span> <span class='ocrx_word' id='word_1_714' title='bbox 1284 4821 1465 4893; x_wconf 72' lang='grc' dir='ltr'>ἕτερον</span> <span class='ocrx_word' id='word_1_715' title='bbox 1494 4823 1550 4874; x_wconf 82' lang='grc' dir='ltr'>δέ</span> <span class='ocrx_word' id='word_1_716' title='bbox 1582 4840 1631 4874; x_wconf 91' lang='grc' dir='ltr'><strong>τι</strong></span> <span class='ocrx_word' id='word_1_717' title='bbox 1669 4827 1795 4894; x_wconf 82' lang='grc' dir='ltr'>παρ’</span> 
     </span>
    </p>
   </div>
   <div class='ocr_carea' id='block_1_95' title="bbox 317 5012 1789 5088">
    <p class='ocr_par' dir='ltr' id='par_1_95' title="bbox 317 5012 1789 5088">
     <span class='ocr_line' id='line_1_95' title="bbox 317 5012 1789 5088; baseline 0 -20"><span class='ocrx_word' id='word_1_718' title='bbox 317 5012 610 5088; x_wconf 3' lang='grc' dir='ltr'><strong>(54))1ᾷι11ιῖ</strong></span> <span class='ocrx_word' id='word_1_719' title='bbox 625 5026 678 5088; x_wconf 83' lang='lat' dir='ltr'><strong>ct</strong></span> <span class='ocrx_word' id='word_1_720' title='bbox 710 5016 839 5084; x_wconf 75' lang='lat' dir='ltr'><strong>Reg.</strong></span> <span class='ocrx_word' id='word_1_721' title='bbox 875 5022 1066 5088; x_wconf 71' lang='lat' dir='ltr'><strong>sextus</strong></span> <span class='ocrx_word' id='word_1_722' title='bbox 1103 5016 1292 5068; x_wconf 82' lang='grc' dir='ltr'>Καίτοι</span> <span class='ocrx_word' id='word_1_723' title='bbox 1343 5017 1535 5086; x_wconf 78' lang='grc' dir='ltr'>μικρὸν</span> <span class='ocrx_word' id='word_1_724' title='bbox 1580 5016 1789 5087; x_wconf 79' lang='grc' dir='ltr'>ἔμπρο-</span> 
     </span>
    </p>
   </div>
   <div class='ocr_carea' id='block_1_96' title="bbox 241 5084 1408 5154">
    <p class='ocr_par' dir='ltr' id='par_1_96' title="bbox 241 5084 1408 5154">
     <span class='ocr_line' id='line_1_96' title="bbox 241 5084 1408 5154; baseline -0.005 -10"><span class='ocrx_word' id='word_1_725' title='bbox 241 5084 391 5144; x_wconf 81' lang='grc' dir='ltr'>σθεν.</span> <span class='ocrx_word' id='word_1_726' title='bbox 422 5084 522 5136; x_wconf 86' lang='lat' dir='ltr'><strong>Alii</strong></span> <span class='ocrx_word' id='word_1_727' title='bbox 551 5087 784 5154; x_wconf 85' lang='lat' dir='ltr'><strong>quinque</strong></span> <span class='ocrx_word' id='word_1_728' title='bbox 815 5094 1030 5154; x_wconf 89' lang='lat' dir='ltr'><strong>mss._ut</strong></span> <span class='ocrx_word' id='word_1_729' title='bbox 1056 5085 1106 5136; x_wconf 92' lang='lat' dir='ltr'><strong>in</strong></span> <span class='ocrx_word' id='word_1_730' title='bbox 1134 5084 1408 5139; x_wconf 80' lang='lat' dir='ltr'><strong>contextu.</strong></span> 
     </span>
    </p>
   </div>
   <div class='ocr_carea' id='block_1_97' title="bbox 317 5152 1791 5228">
    <p class='ocr_par' dir='ltr' id='par_1_97' title="bbox 317 5152 1791 5228">
     <span class='ocr_line' id='line_1_97' title="bbox 317 5152 1791 5228; baseline -0.001 -16"><span class='ocrx_word' id='word_1_731' title='bbox 317 5155 432 5228; x_wconf 75' lang='grc'>(55)</span> <span class='ocrx_word' id='word_1_732' title='bbox 464 5154 636 5207; x_wconf 89' lang='lat' dir='ltr'><strong>Editio</strong></span> <span class='ocrx_word' id='word_1_733' title='bbox 683 5152 905 5228; x_wconf 50' lang='lat' dir='ltr'><strong>utraque</strong></span> <span class='ocrx_word' id='word_1_734' title='bbox 932 5152 1136 5228; x_wconf 29' lang='lat' dir='ltr'><strong>_Par_is.‘</strong></span> <span class='ocrx_word' id='word_1_735' title='bbox 1191 5164 1245 5209; x_wconf 87' lang='lat' dir='ltr'><strong>et</strong></span> <span class='ocrx_word' id='word_1_736' title='bbox 1274 5155 1426 5228; x_wconf 70' lang='lat' dir='ltr'><strong>_Veu.</strong></span> <span class='ocrx_word' id='word_1_737' title='bbox 1481 5172 1600 5209; x_wconf 87' lang='lat' dir='ltr'><strong>cum</strong></span> <span class='ocrx_word' id='word_1_738' title='bbox 1636 5155 1791 5228; x_wconf 75' lang='lat' dir='ltr'><strong>Reg.</strong></span> 
     </span>
    </p>
   </div>
   <div class='ocr_carea' id='block_1_98' title="bbox 239 5223 1795 5299">
    <p class='ocr_par' dir='ltr' id='par_1_98' title="bbox 239 5223 1795 5299">
     <span class='ocr_line' id='line_1_98' title="bbox 239 5223 1795 5299; baseline -0.003 -15"><span class='ocrx_word' id='word_1_739' title='bbox 239 5223 437 5299; x_wconf 84' lang='lat' dir='ltr'><strong>quinto</strong></span> <span class='ocrx_word' id='word_1_740' title='bbox 479 5235 532 5299; x_wconf 80' lang='lat' dir='ltr'><strong>et</strong></span> <span class='ocrx_word' id='word_1_741' title='bbox 564 5223 863 5299; x_wconf 80' lang='lat' dir='ltr'><strong>cnm_Cnlb.</strong></span> <span class='ocrx_word' id='word_1_742' title='bbox 893 5225 990 5299; x_wconf 75' lang='grc' dir='ltr'>τὴν</span> <span class='ocrx_word' id='word_1_743' title='bbox 1020 5224 1223 5299; x_wconf 71' lang='grc' dir='ltr'>οὑσίαν.</span> <span class='ocrx_word' id='word_1_744' title='bbox 1271 5225 1416 5278; x_wconf 73' lang='lat' dir='ltr'><strong>Ret-ii</strong></span> <span class='ocrx_word' id='word_1_745' title='bbox 1446 5227 1714 5299; x_wconf 78' lang='lat' dir='ltr'><strong>secundus</strong></span> <span class='ocrx_word' id='word_1_746' title='bbox 1741 5236 1795 5280; x_wconf 90' lang='lat' dir='ltr'><strong>et</strong></span> 
     </span>
    </p>
   </div>
   <div class='ocr_carea' id='block_1_99' title="bbox 245 5293 1793 5366">
    <p class='ocr_par' dir='ltr' id='par_1_99' title="bbox 245 5293 1793 5366">
     <span class='ocr_line' id='line_1_99' title="bbox 245 5293 1793 5366; baseline 0 -18"><span class='ocrx_word' id='word_1_747' title='bbox 245 5293 444 5354; x_wconf 70' lang='lat' dir='ltr'><strong>{cuius</strong></span> <span class='ocrx_word' id='word_1_748' title='bbox 469 5293 568 5366; x_wconf 75' lang='grc' dir='ltr'>τὴν</span> <span class='ocrx_word' id='word_1_749' title='bbox 597 5293 912 5366; x_wconf 77' lang='grc' dir='ltr'>ὑπόστασιν.</span> <span class='ocrx_word' id='word_1_750' title='bbox 944 5293 998 5345; x_wconf 93' lang='lat' dir='ltr'><strong>In</strong></span> <span class='ocrx_word' id='word_1_751' title='bbox 1052 5294 1180 5363; x_wconf 82' lang='lat' dir='ltr'><strong>Reg.</strong></span> <span class='ocrx_word' id='word_1_752' title='bbox 1209 5303 1400 5361; x_wconf 88' lang='lat' dir='ltr'><strong>quarto</strong></span> <span class='ocrx_word' id='word_1_753' title='bbox 1445 5295 1494 5346; x_wconf 89' lang='lat' dir='ltr'><strong>in</strong></span> <span class='ocrx_word' id='word_1_754' title='bbox 1537 5307 1793 5350; x_wconf 85' lang='lat' dir='ltr'><strong>contextu</strong></span> 
     </span>
    </p>
   </div>
   <div class='ocr_carea' id='block_1_100' title="bbox 246 5362 1800 5437">
    <p class='ocr_par' dir='ltr' id='par_1_100' title="bbox 246 5362 1800 5437">
     <span class='ocr_line' id='line_1_100' title="bbox 246 5362 1800 5437; baseline -0.003 -15"><span class='ocrx_word' id='word_1_755' title='bbox 246 5362 562 5437; x_wconf 58' lang='lat' dir='ltr'><strong>legiturft-ljv</strong></span> <span class='ocrx_word' id='word_1_756' title='bbox 613 5362 908 5437; x_wconf 77' lang='grc' dir='ltr'>ὑπόστασιν</span> <span class='ocrx_word' id='word_1_757' title='bbox 943 5378 958 5437; x_wconf 57' lang='grc' dir='ltr'>ζ</span> <span class='ocrx_word' id='word_1_758' title='bbox 1006 5366 1057 5437; x_wconf 79' lang='lat' dir='ltr'><strong>in</strong></span> <span class='ocrx_word' id='word_1_759' title='bbox 1107 5362 1344 5437; x_wconf 75' lang='lat' dir='ltr'><strong>margine</strong></span> <span class='ocrx_word' id='word_1_760' title='bbox 1387 5378 1512 5437; x_wconf 70' lang='lat' dir='ltr'><strong>vero</strong></span> <span class='ocrx_word' id='word_1_761' title='bbox 1546 5367 1679 5437; x_wconf 44' lang='lat' dir='ltr'><strong>fire</strong></span> <span class='ocrx_word' id='word_1_762' title='bbox 1710 5365 1800 5418; x_wconf 89' lang='grc' dir='ltr'>οὑ-</span> 
     </span>
    </p>
   </div>
   <div class='ocr_carea' id='block_1_101' title="bbox 247 5432 1796 5500">
    <p class='ocr_par' dir='ltr' id='par_1_101' title="bbox 247 5432 1796 5500">
     <span class='ocr_line' id='line_1_101' title="bbox 247 5432 1796 5500; baseline -0.003 -10"><span class='ocrx_word' id='word_1_763' title='bbox 247 5440 393 5490; x_wconf 83' lang='grc' dir='ltr'>σίαν.</span> <span class='ocrx_word' id='word_1_764' title='bbox 431 5432 553 5488; x_wconf 81' lang='lat' dir='ltr'><strong>Milu</strong></span> <span class='ocrx_word' id='word_1_765' title='bbox 591 5446 766 5489; x_wconf 88' lang='lat' dir='ltr'><strong>autem</strong></span> <span class='ocrx_word' id='word_1_766' title='bbox 801 5432 1088 5486; x_wconf 89' lang='lat' dir='ltr'><strong>verisimile</strong></span> <span class='ocrx_word' id='word_1_767' title='bbox 1122 5433 1198 5497; x_wconf 84' lang='lat' dir='ltr'><strong>ﬁt,</strong></span> <span class='ocrx_word' id='word_1_768' title='bbox 1231 5433 1514 5500; x_wconf 87' lang='lat' dir='ltr'><strong>scripsisse</strong></span> <span class='ocrx_word' id='word_1_769' title='bbox 1546 5432 1796 5487; x_wconf 74' lang='lat' dir='ltr'><strong>Basilium</strong></span> 
     </span>
    </p>
   </div>
   <div class='ocr_carea' id='block_1_102' title="bbox 245 5500 1797 5576">
    <p class='ocr_par' dir='ltr' id='par_1_102' title="bbox 245 5500 1797 5576">
     <span class='ocr_line' id='line_1_102' title="bbox 245 5500 1797 5576; baseline -0.001 -17"><span class='ocrx_word' id='word_1_770' title='bbox 245 5508 349 5576; x_wconf 81' lang='grc' dir='ltr'>τὴν</span> <span class='ocrx_word' id='word_1_771' title='bbox 375 5506 690 5568; x_wconf 81' lang='grc' dir='ltr'>ὑπόστασιν,</span> <span class='ocrx_word' id='word_1_772' title='bbox 726 5503 1040 5576; x_wconf 71' lang='lat' dir='ltr'><strong>hypostasiui</strong></span> <span class='ocrx_word' id='word_1_773' title='bbox 1085 5500 1347 5576; x_wconf 77' lang='lat' dir='ltr'><strong>Uuigeuili</strong></span> <span class='ocrx_word' id='word_1_774' title='bbox 1396 5514 1416 5552; x_wconf 89' lang='lat'><strong><em>:</em></strong></span> <span class='ocrx_word' id='word_1_775' title='bbox 1454 5517 1635 5576; x_wconf 74' lang='lat' dir='ltr'><strong>vocem</strong></span> <span class='ocrx_word' id='word_1_776' title='bbox 1671 5519 1797 5576; x_wconf 84' lang='lat' dir='ltr'><strong>vero</strong></span> 
     </span>
    </p>
   </div>
   <div class='ocr_carea' id='block_1_103' title="bbox 246 5572 1799 5643">
    <p class='ocr_par' dir='ltr' id='par_1_103' title="bbox 246 5572 1799 5643">
     <span class='ocr_line' id='line_1_103' title="bbox 246 5572 1799 5643; baseline -0.004 -12"><span class='ocrx_word' id='word_1_777' title='bbox 246 5572 439 5631; x_wconf 70' lang='grc' dir='ltr'>οὑσίαν</span> <span class='ocrx_word' id='word_1_778' title='bbox 501 5576 728 5643; x_wconf 83' lang='lat' dir='ltr'><strong>primum</strong></span> <span class='ocrx_word' id='word_1_779' title='bbox 764 5572 821 5628; x_wconf 81' lang='lat' dir='ltr'><strong>in</strong></span> <span class='ocrx_word' id='word_1_780' title='bbox 877 5573 1114 5636; x_wconf 78' lang='lat' dir='ltr'><strong>margine</strong></span> <span class='ocrx_word' id='word_1_781' title='bbox 1172 5575 1459 5643; x_wconf 84' lang='lat' dir='ltr'><strong>ascriptam</strong></span> <span class='ocrx_word' id='word_1_782' title='bbox 1517 5572 1684 5628; x_wconf 77' lang='lat' dir='ltr'><strong>fuisse</strong></span> <span class='ocrx_word' id='word_1_783' title='bbox 1732 5572 1799 5626; x_wconf 87' lang='lat' dir='ltr'><strong>ab</strong></span> 
     </span>
    </p>
   </div>
   <div class='ocr_carea' id='block_1_104' title="bbox 250 5641 1799 5715">
    <p class='ocr_par' dir='ltr' id='par_1_104' title="bbox 250 5641 1799 5715">
     <span class='ocr_line' id='line_1_104' title="bbox 250 5641 1799 5715; baseline -0.003 -14"><span class='ocrx_word' id='word_1_784' title='bbox 250 5650 458 5715; x_wconf 79' lang='lat' dir='ltr'><strong>aliquo,</strong></span> <span class='ocrx_word' id='word_1_785' title='bbox 500 5641 589 5714; x_wconf 77' lang='lat' dir='ltr'><strong>qui</strong></span> <span class='ocrx_word' id='word_1_786' title='bbox 640 5659 858 5697; x_wconf 87' lang='lat' dir='ltr'><strong>monere</strong></span> <span class='ocrx_word' id='word_1_787' title='bbox 908 5643 1082 5705; x_wconf 82' lang='lat' dir='ltr'><strong>vellet,</strong></span> <span class='ocrx_word' id='word_1_788' title='bbox 1116 5658 1300 5715; x_wconf 82' lang='lat' dir='ltr'><strong>vocem</strong></span> <span class='ocrx_word' id='word_1_789' title='bbox 1351 5641 1645 5696; x_wconf 86' lang='grc' dir='ltr'>ὑπόστασιν</span> <span class='ocrx_word' id='word_1_790' title='bbox 1695 5660 1799 5698; x_wconf 90' lang='lat' dir='ltr'><strong>non</strong></span> 
     </span>
    </p>
   </div>
   <div class='ocr_carea' id='block_1_105' title="bbox 252 5714 1799 5782">
    <p class='ocr_par' dir='ltr' id='par_1_105' title="bbox 252 5714 1799 5782">
     <span class='ocr_line' id='line_1_105' title="bbox 252 5714 1799 5782; baseline -0.006 -10"><span class='ocrx_word' id='word_1_791' title='bbox 252 5714 552 5772; x_wconf 25' lang='lat' dir='ltr'><strong>hic&#39;stricte</strong></span> <span class='ocrx_word' id='word_1_792' title='bbox 587 5715 724 5768; x_wconf 86' lang='lat' dir='ltr'><strong>sumi</strong></span> <span class='ocrx_word' id='word_1_793' title='bbox 780 5729 874 5781; x_wconf 91' lang='lat' dir='ltr'><strong>pro</strong></span> <span class='ocrx_word' id='word_1_794' title='bbox 921 5714 1226 5782; x_wconf 80' lang='lat' dir='ltr'><strong>hypostasi,</strong></span> <span class='ocrx_word' id='word_1_795' title='bbox 1265 5726 1358 5764; x_wconf 81' lang='lat' dir='ltr'><strong>seu</strong></span> <span class='ocrx_word' id='word_1_796' title='bbox 1402 5727 1497 5780; x_wconf 83' lang='lat' dir='ltr'><strong>pro</strong></span> <span class='ocrx_word' id='word_1_797' title='bbox 1548 5728 1799 5781; x_wconf 87' lang='lat' dir='ltr'><strong>persona,</strong></span> 
     </span>
    </p>
   </div>
   <div class='ocr_carea' id='block_1_106' title="bbox 251 5781 1794 5850">
    <p class='ocr_par' dir='ltr' id='par_1_106' title="bbox 251 5781 1794 5850">
     <span class='ocr_line' id='line_1_106' title="bbox 251 5781 1794 5850; baseline -0.003 -9"><span class='ocrx_word' id='word_1_798' title='bbox 251 5789 347 5842; x_wconf 83' lang='lat' dir='ltr'><strong>sed</strong></span> <span class='ocrx_word' id='word_1_799' title='bbox 384 5785 628 5849; x_wconf 88' lang='lat' dir='ltr'><strong>usurpari</strong></span> <span class='ocrx_word' id='word_1_800' title='bbox 671 5785 856 5838; x_wconf 82' lang='lat' dir='ltr'><strong>latiore</strong></span> <span class='ocrx_word' id='word_1_801' title='bbox 883 5781 1066 5843; x_wconf 85' lang='lat' dir='ltr'><strong>sensu,</strong></span> <span class='ocrx_word' id='word_1_802' title='bbox 1097 5781 1345 5834; x_wconf 86' lang='lat' dir='ltr'><strong>videlicet</strong></span> <span class='ocrx_word' id='word_1_803' title='bbox 1379 5797 1474 5848; x_wconf 89' lang='lat' dir='ltr'><strong>pro</strong></span> <span class='ocrx_word' id='word_1_804' title='bbox 1527 5785 1638 5850; x_wconf 81' lang='lat' dir='ltr'><strong>ipsa</strong></span> <span class='ocrx_word' id='word_1_805' title='bbox 1670 5787 1794 5836; x_wconf 85' lang='lat' dir='ltr'><strong>sub-</strong></span> 
     </span>
    </p>
   </div>
   <div class='ocr_carea' id='block_1_107' title="bbox 253 5851 1803 5916">
    <p class='ocr_par' dir='ltr' id='par_1_107' title="bbox 253 5851 1803 5916">
     <span class='ocr_line' id='line_1_107' title="bbox 253 5851 1803 5916; baseline -0.003 -6"><span class='ocrx_word' id='word_1_806' title='bbox 253 5858 478 5910; x_wconf 71' lang='lat' dir='ltr'><strong>stantia.</strong></span> <span class='ocrx_word' id='word_1_807' title='bbox 522 5851 647 5905; x_wconf 85' lang='lat' dir='ltr'><strong>Utut</strong></span> <span class='ocrx_word' id='word_1_808' title='bbox 672 5854 785 5912; x_wconf 74' lang='lat' dir='ltr'><strong>lues</strong></span> <span class='ocrx_word' id='word_1_809' title='bbox 819 5861 963 5916; x_wconf 86' lang='lat' dir='ltr'><strong>sunt,</strong></span> <span class='ocrx_word' id='word_1_810' title='bbox 1003 5853 1129 5906; x_wconf 87' lang='lat' dir='ltr'><strong>nihil</strong></span> <span class='ocrx_word' id='word_1_811' title='bbox 1160 5851 1209 5905; x_wconf 93' lang='lat' dir='ltr'><strong>in</strong></span> <span class='ocrx_word' id='word_1_812' title='bbox 1241 5861 1490 5906; x_wconf 70' lang='lat' dir='ltr'><strong>contextu</strong></span> <span class='ocrx_word' id='word_1_813' title='bbox 1525 5853 1803 5908; x_wconf 77' lang='lat' dir='ltr'><strong>immutan-</strong></span> 
     </span>
    </p>
   </div>
   <div class='ocr_carea' id='block_1_108' title="bbox 251 5922 723 5982">
    <p class='ocr_par' dir='ltr' id='par_1_108' title="bbox 251 5922 723 5982">
     <span class='ocr_line' id='line_1_108' title="bbox 251 5922 723 5982; baseline -0.008 -1"><span class='ocrx_word' id='word_1_814' title='bbox 251 5931 380 5982; x_wconf 83' lang='lat' dir='ltr'><strong>dum</strong></span> <span class='ocrx_word' id='word_1_815' title='bbox 403 5922 723 5980; x_wconf 81' lang='lat' dir='ltr'><strong>censuimus.</strong></span> 
     </span>
    </p>
   </div>
   <div class='ocr_carea' id='block_1_109' title="bbox 1900 4737 3456 4806">
    <p class='ocr_par' dir='ltr' id='par_1_109' title="bbox 1900 4737 3456 4806">
     <span class='ocr_line' id='line_1_109' title="bbox 1900 4737 3456 4806; baseline 0.001 -21"><span class='ocrx_word' id='word_1_816' title='bbox 1900 4749 2003 4803; x_wconf 90' lang='lat' dir='ltr'><strong>que</strong></span> <span class='ocrx_word' id='word_1_817' title='bbox 2029 4738 2405 4793; x_wconf 84' lang='lat' dir='ltr'><strong>consecutione</strong></span> <span class='ocrx_word' id='word_1_818' title='bbox 2437 4738 2763 4800; x_wconf 81' lang='lat' dir='ltr'><strong>coniicietur,</strong></span> <span class='ocrx_word' id='word_1_819' title='bbox 2799 4749 2856 4792; x_wconf 91' lang='lat' dir='ltr'><strong>ut</strong></span> <span class='ocrx_word' id='word_1_820' title='bbox 2885 4741 3140 4806; x_wconf 71' lang='lat' dir='ltr'><strong>geniturae</strong></span> <span class='ocrx_word' id='word_1_821' title='bbox 3173 4737 3456 4806; x_wconf 81' lang='lat' dir='ltr'><strong>appellatio</strong></span> 
     </span>
    </p>
   </div>
   <div class='ocr_carea' id='block_1_110' title="bbox 1914 4828 3454 4897">
    <p class='ocr_par' dir='ltr' id='par_1_110' title="bbox 1914 4828 3454 4897">
     <span class='ocr_line' id='line_1_110' title="bbox 1914 4828 3454 4897; baseline 0.002 -19"><span class='ocrx_word' id='word_1_822' title='bbox 1914 4842 2016 4878; x_wconf 91' lang='lat' dir='ltr'><strong>non</strong></span> <span class='ocrx_word' id='word_1_823' title='bbox 2063 4828 2296 4896; x_wconf 91' lang='lat' dir='ltr'><strong>amplius</strong></span> <span class='ocrx_word' id='word_1_824' title='bbox 2353 4829 2620 4897; x_wconf 83' lang='lat' dir='ltr'><strong>Unigeniti</strong></span> <span class='ocrx_word' id='word_1_825' title='bbox 2674 4831 3031 4885; x_wconf 87' lang='lat' dir='ltr'><strong>substantiam</strong></span> <span class='ocrx_word' id='word_1_826' title='bbox 3091 4828 3379 4897; x_wconf 84' lang='lat' dir='ltr'><strong>signiticet,</strong></span> <span class='ocrx_word' id='word_1_827' title='bbox 3404 4829 3454 4881; x_wconf 91' lang='lat' dir='ltr'><strong>id</strong></span> 
     </span>
    </p>
   </div>
   <div class='ocr_carea' id='block_1_111' title="bbox 1973 4999 3459 5076">
    <p class='ocr_par' dir='ltr' id='par_1_111' title="bbox 1973 4999 3459 5076">
     <span class='ocr_line' id='line_1_111' title="bbox 1973 4999 3459 5076; baseline 0.004 -24"><span class='ocrx_word' id='word_1_828' title='bbox 1973 4999 2084 5076; x_wconf 78' lang='grc'>(56)</span> <span class='ocrx_word' id='word_1_829' title='bbox 2120 5000 2249 5071; x_wconf 82' lang='lat' dir='ltr'><strong>Reg.</strong></span> <span class='ocrx_word' id='word_1_830' title='bbox 2293 5014 2514 5072; x_wconf 89' lang='lat' dir='ltr'><strong>quartus</strong></span> <span class='ocrx_word' id='word_1_831' title='bbox 2563 5005 2820 5076; x_wconf 80' lang='grc' dir='ltr'>όμοούσια</span> <span class='ocrx_word' id='word_1_832' title='bbox 2863 5003 2931 5056; x_wconf 78' lang='grc' dir='ltr'>τὰ</span> <span class='ocrx_word' id='word_1_833' title='bbox 2979 5003 3459 5076; x_wconf 15' lang='grc' dir='ltr'>γεννητάγπάντα,</span> 
     </span>
    </p>
   </div>
   <div class='ocr_carea' id='block_1_112' title="bbox 1904 5074 3458 5145">
    <p class='ocr_par' dir='ltr' id='par_1_112' title="bbox 1904 5074 3458 5145">
     <span class='ocr_line' id='line_1_112' title="bbox 1904 5074 3458 5145; baseline 0.003 -23"><span class='ocrx_word' id='word_1_834' title='bbox 1904 5074 2083 5145; x_wconf 7' lang='lat' dir='ltr'><strong>omnia,</strong></span> <span class='ocrx_word' id='word_1_835' title='bbox 2134 5088 2452 5145; x_wconf 64' lang='lat' dir='ltr'><strong>quiscunque</strong></span> <span class='ocrx_word' id='word_1_836' title='bbox 2502 5074 2745 5145; x_wconf 71' lang='lat' dir='ltr'><strong>generata</strong></span> <span class='ocrx_word' id='word_1_837' title='bbox 2805 5083 2947 5135; x_wconf 81' lang='lat' dir='ltr'><strong>sunt,</strong></span> <span class='ocrx_word' id='word_1_838' title='bbox 3016 5084 3167 5127; x_wconf 81' lang='lat' dir='ltr'><strong>erunt</strong></span> <span class='ocrx_word' id='word_1_839' title='bbox 3207 5075 3350 5145; x_wconf 60' lang='lat' dir='ltr'><strong>inter</strong></span> <span class='ocrx_word' id='word_1_840' title='bbox 3405 5091 3458 5126; x_wconf 77' lang='lat' dir='ltr'><strong>se</strong></span> 
     </span>
    </p>
   </div>
   <div class='ocr_carea' id='block_1_113' title="bbox 1902 5142 3462 5211">
    <p class='ocr_par' dir='ltr' id='par_1_113' title="bbox 1902 5142 3462 5211">
     <span class='ocr_line' id='line_1_113' title="bbox 1902 5142 3462 5211; baseline 0.004 -20"><span class='ocrx_word' id='word_1_841' title='bbox 1902 5142 2386 5196; x_wconf 55' lang='lat' dir='ltr'><strong>contubstantialia&#39;.</strong></span> <span class='ocrx_word' id='word_1_842' title='bbox 2423 5142 2617 5198; x_wconf 86' lang='lat' dir='ltr'><strong>Ibidem</strong></span> <span class='ocrx_word' id='word_1_843' title='bbox 2655 5161 2782 5198; x_wconf 85' lang='lat' dir='ltr'><strong>mss.</strong></span> <span class='ocrx_word' id='word_1_844' title='bbox 2822 5154 3051 5211; x_wconf 84' lang='lat' dir='ltr'><strong>quatuor</strong></span> <span class='ocrx_word' id='word_1_845' title='bbox 3081 5145 3172 5195; x_wconf 85' lang='grc' dir='ltr'>Ἐκ</span> <span class='ocrx_word' id='word_1_846' title='bbox 3200 5142 3280 5198; x_wconf 83' lang='grc' dir='ltr'>δέ.</span> <span class='ocrx_word' id='word_1_847' title='bbox 3317 5144 3462 5197; x_wconf 76' lang='grc' dir='ltr'><strong>Ειιίιί</strong></span> 
     </span>
    </p>
   </div>
   <div class='ocr_carea' id='block_1_114' title="bbox 1903 5215 2548 5284">
    <p class='ocr_par' dir='ltr' id='par_1_114' title="bbox 1903 5215 2548 5284">
     <span class='ocr_line' id='line_1_114' title="bbox 1903 5215 2548 5284; baseline 0.009 -22"><span class='ocrx_word' id='word_1_848' title='bbox 1903 5225 2154 5284; x_wconf 43' lang='lat' dir='ltr'><strong>cunning</strong></span> <span class='ocrx_word' id='word_1_849' title='bbox 2183 5228 2308 5265; x_wconf 84' lang='lat' dir='ltr'><strong>mss.</strong></span> <span class='ocrx_word' id='word_1_850' title='bbox 2355 5215 2447 5268; x_wconf 83' lang='grc' dir='ltr'>Ἐκ</span> <span class='ocrx_word' id='word_1_851' title='bbox 2465 5215 2548 5284; x_wconf 85' lang='grc' dir='ltr'><strong>δή.</strong></span> 
     </span>
    </p>
   </div>
   <div class='ocr_carea' id='block_1_115' title="bbox 1973 5281 2879 5349">
    <p class='ocr_par' dir='ltr' id='par_1_115' title="bbox 1973 5281 2879 5349">
     <span class='ocr_line' id='line_1_115' title="bbox 1973 5281 2879 5349; baseline 0.003 -15"><span class='ocrx_word' id='word_1_852' title='bbox 1973 5281 2084 5349; x_wconf 83' lang='grc'>(57)</span> <span class='ocrx_word' id='word_1_853' title='bbox 2119 5281 2296 5337; x_wconf 81' lang='lat' dir='ltr'><strong>Codex</strong></span> <span class='ocrx_word' id='word_1_854' title='bbox 2327 5302 2462 5339; x_wconf 91' lang='lat' dir='ltr'><strong>unus</strong></span> <span class='ocrx_word' id='word_1_855' title='bbox 2490 5281 2879 5337; x_wconf 82' lang='grc' dir='ltr'>ἀναποσώσειν.</span> 
     </span>
    </p>
   </div>
   <div class='ocr_carea' id='block_1_116' title="bbox 1974 5352 2897 5426">
    <p class='ocr_par' dir='ltr' id='par_1_116' title="bbox 1974 5352 2897 5426">
     <span class='ocr_line' id='line_1_116' title="bbox 1974 5352 2897 5426; baseline 0.005 -21"><span class='ocrx_word' id='word_1_856' title='bbox 2112 5352 2244 5426; x_wconf 65' lang='lat' dir='ltr'><strong>Reg.</strong></span> <span class='ocrx_word' id='word_1_857' title='bbox 2277 5355 2464 5426; x_wconf 80' lang='lat' dir='ltr'><strong>tertius</strong></span> <span class='ocrx_word' id='word_1_858' title='bbox 2498 5355 2561 5426; x_wconf 85' lang='grc' dir='ltr'><strong>ἂν</strong></span> <span class='ocrx_word' id='word_1_859' title='bbox 2586 5356 2897 5426; x_wconf 75' lang='grc' dir='ltr'>ἐπινοήσῃς.</span> 
     </span>
    </p>
   </div>
   <div class='ocr_carea' id='block_1_117' title="bbox 1974 5412 3420 5495">
    <p class='ocr_par' dir='ltr' id='par_1_117' title="bbox 1974 5412 3420 5495">
     <span class='ocr_line' id='line_1_117' title="bbox 1974 5412 3420 5495; baseline -0.003 -19"><span class='ocrx_word' id='word_1_860' title='bbox 2110 5412 2246 5495; x_wconf 73' lang='grc' dir='ltr'><strong>Ειιῆἰ</strong></span> <span class='ocrx_word' id='word_1_861' title='bbox 2271 5425 2407 5476; x_wconf 68' lang='grc' dir='ltr'>ἐπὰν</span> <span class='ocrx_word' id='word_1_862' title='bbox 2431 5423 2637 5495; x_wconf 82' lang='grc' dir='ltr'>ἀκούσῃ</span> <span class='ocrx_word' id='word_1_863' title='bbox 2689 5412 2769 5495; x_wconf 68' lang='lat' dir='ltr'><strong>At</strong></span> <span class='ocrx_word' id='word_1_864' title='bbox 2792 5412 2919 5495; x_wconf 54' lang='lat' dir='ltr'><strong>in&#39;i&#39;ss.</strong></span> <span class='ocrx_word' id='word_1_865' title='bbox 2952 5422 3170 5495; x_wconf 51' lang='grc' dir='ltr'>ἐπειδὰν</span> <span class='ocrx_word' id='word_1_866' title='bbox 3186 5420 3420 5495; x_wconf 75' lang='grc' dir='ltr'>ἀκούσῃ.</span> 
     </span>
    </p>
   </div>
   <div class='ocr_carea' id='block_1_118' title="bbox 1974 5482 3349 5563">
    <p class='ocr_par' dir='ltr' id='par_1_118' title="bbox 1974 5482 3349 5563">
     <span class='ocr_line' id='line_1_118' title="bbox 1974 5482 3349 5563; baseline 0 -19"><span class='ocrx_word' id='word_1_867' title='bbox 1974 5482 2086 5561; x_wconf 82' lang='grc'>(60)</span> <span class='ocrx_word' id='word_1_868' title='bbox 2120 5494 2341 5563; x_wconf 85' lang='lat' dir='ltr'><strong>Codices</strong></span> <span class='ocrx_word' id='word_1_869' title='bbox 2373 5495 2574 5563; x_wconf 85' lang='lat' dir='ltr'><strong>aliquot</strong></span> <span class='ocrx_word' id='word_1_870' title='bbox 2605 5482 2697 5548; x_wconf 67' lang='grc' dir='ltr'><strong>ξ’πί</strong></span> <span class='ocrx_word' id='word_1_871' title='bbox 2726 5511 2784 5546; x_wconf 88' lang='grc' dir='ltr'><strong>τε</strong></span> <span class='ocrx_word' id='word_1_872' title='bbox 2806 5493 2917 5548; x_wconf 90' lang='grc' dir='ltr'>τοῦ.</span> <span class='ocrx_word' id='word_1_873' title='bbox 2953 5492 3089 5545; x_wconf 85' lang='lat' dir='ltr'><strong>Editi</strong></span> <span class='ocrx_word' id='word_1_874' title='bbox 3116 5492 3209 5545; x_wconf 74' lang='grc' dir='ltr'>ἐπὶ</span> <span class='ocrx_word' id='word_1_875' title='bbox 3236 5489 3349 5544; x_wconf 87' lang='grc' dir='ltr'>τοῦ.</span> 
     </span>
    </p>
   </div>
   <div class='ocr_carea' id='block_1_119' title="bbox 1976 5562 3460 5632">
    <p class='ocr_par' dir='ltr' id='par_1_119' title="bbox 1976 5562 3460 5632">
     <span class='ocr_line' id='line_1_119' title="bbox 1976 5562 3460 5632; baseline -0.003 -17"><span class='ocrx_word' id='word_1_876' title='bbox 1976 5564 2084 5632; x_wconf 75' lang='lat' dir='ltr'><strong>(tit)</strong></span> <span class='ocrx_word' id='word_1_877' title='bbox 2128 5562 2297 5617; x_wconf 74' lang='lat' dir='ltr'><strong>Voces</strong></span> <span class='ocrx_word' id='word_1_878' title='bbox 2340 5562 2590 5628; x_wconf 41' lang='lat' dir='ltr'><strong>illze,&quot;ér:l.</strong></span> <span class='ocrx_word' id='word_1_879' title='bbox 2613 5564 2707 5618; x_wconf 88' lang='grc' dir='ltr'><strong>τοῦ</strong></span> <span class='ocrx_word' id='word_1_880' title='bbox 2758 5563 2905 5627; x_wconf 82' lang='grc' dir='ltr'>Υἱοῦ,</span> <span class='ocrx_word' id='word_1_881' title='bbox 2944 5577 3047 5615; x_wconf 91' lang='lat' dir='ltr'><strong>non</strong></span> <span class='ocrx_word' id='word_1_882' title='bbox 3090 5563 3460 5632; x_wconf 67' lang='lat' dir='ltr'><strong>solumerasm</strong></span> 
     </span>
    </p>
   </div>
   <div class='ocr_carea' id='block_1_120' title="bbox 1905 5631 3456 5700">
    <p class='ocr_par' dir='ltr' id='par_1_120' title="bbox 1905 5631 3456 5700">
     <span class='ocr_line' id='line_1_120' title="bbox 1905 5631 3456 5700; baseline -0.005 -13"><span class='ocrx_word' id='word_1_883' title='bbox 1905 5631 2103 5687; x_wconf 87' lang='lat' dir='ltr'><strong>suntin</strong></span> <span class='ocrx_word' id='word_1_884' title='bbox 2138 5633 2268 5700; x_wconf 80' lang='lat' dir='ltr'><strong>Reg.</strong></span> <span class='ocrx_word' id='word_1_885' title='bbox 2299 5634 2476 5695; x_wconf 86' lang='lat' dir='ltr'><strong>tertio,</strong></span> <span class='ocrx_word' id='word_1_886' title='bbox 2505 5641 2597 5689; x_wconf 85' lang='lat' dir='ltr'><strong>sed</strong></span> <span class='ocrx_word' id='word_1_887' title='bbox 2626 5638 2845 5688; x_wconf 88' lang='lat' dir='ltr'><strong>omnino</strong></span> <span class='ocrx_word' id='word_1_888' title='bbox 2883 5635 3078 5686; x_wconf 87' lang='lat' dir='ltr'><strong>desunt</strong></span> <span class='ocrx_word' id='word_1_889' title='bbox 3109 5632 3163 5687; x_wconf 92' lang='lat' dir='ltr'><strong>in</strong></span> <span class='ocrx_word' id='word_1_890' title='bbox 3205 5631 3326 5684; x_wconf 89' lang='lat' dir='ltr'><strong>aliis</strong></span> <span class='ocrx_word' id='word_1_891' title='bbox 3358 5634 3456 5682; x_wconf 89' lang='lat' dir='ltr'><strong>tri-</strong></span> 
     </span>
    </p>
   </div>
   <div class='ocr_carea' id='block_1_121' title="bbox 1906 5700 3458 5773">
    <p class='ocr_par' dir='ltr' id='par_1_121' title="bbox 1906 5700 3458 5773">
     <span class='ocr_line' id='line_1_121' title="bbox 1906 5700 3458 5773; baseline -0.005 -16"><span class='ocrx_word' id='word_1_892' title='bbox 1906 5705 2007 5757; x_wconf 88' lang='lat' dir='ltr'><strong>bus</strong></span> <span class='ocrx_word' id='word_1_893' title='bbox 2041 5704 2314 5757; x_wconf 88' lang='lat' dir='ltr'><strong>codicibus</strong></span> <span class='ocrx_word' id='word_1_894' title='bbox 2363 5704 2545 5760; x_wconf 82' lang='lat' dir='ltr'><strong>itidem</strong></span> <span class='ocrx_word' id='word_1_895' title='bbox 2593 5704 2773 5772; x_wconf 68' lang='lat' dir='ltr'><strong>Regiis</strong></span> <span class='ocrx_word' id='word_1_896' title='bbox 2810 5721 2820 5754; x_wconf 92' lang='lat'>:</span> <span class='ocrx_word' id='word_1_897' title='bbox 2859 5713 3034 5773; x_wconf 87' lang='lat' dir='ltr'><strong>tamen</strong></span> <span class='ocrx_word' id='word_1_898' title='bbox 3087 5717 3180 5757; x_wconf 85' lang='lat' dir='ltr'><strong>eas</strong></span> <span class='ocrx_word' id='word_1_899' title='bbox 3237 5700 3458 5773; x_wconf 76' lang='lat' dir='ltr'><strong>retinui-</strong></span> 
     </span>
    </p>
   </div>
   <div class='ocr_carea' id='block_1_122' title="bbox 1908 5770 3462 5842">
    <p class='ocr_par' dir='ltr' id='par_1_122' title="bbox 1908 5770 3462 5842">
     <span class='ocr_line' id='line_1_122' title="bbox 1908 5770 3462 5842; baseline 0.001 -17"><span class='ocrx_word' id='word_1_900' title='bbox 1908 5789 2044 5835; x_wconf 87' lang='lat' dir='ltr'><strong>mus,</strong></span> <span class='ocrx_word' id='word_1_901' title='bbox 2078 5774 2217 5841; x_wconf 88' lang='lat' dir='ltr'><strong>quod</strong></span> <span class='ocrx_word' id='word_1_902' title='bbox 2246 5773 2296 5826; x_wconf 93' lang='lat' dir='ltr'><strong>in</strong></span> <span class='ocrx_word' id='word_1_903' title='bbox 2326 5774 2443 5830; x_wconf 85' lang='lat' dir='ltr'><strong>aliis</strong></span> <span class='ocrx_word' id='word_1_904' title='bbox 2491 5770 2711 5831; x_wconf 77' lang='lat' dir='ltr'><strong>totidem</strong></span> <span class='ocrx_word' id='word_1_905' title='bbox 2743 5789 2868 5829; x_wconf 84' lang='lat' dir='ltr'><strong>mss.</strong></span> <span class='ocrx_word' id='word_1_906' title='bbox 2901 5779 2956 5827; x_wconf 86' lang='lat' dir='ltr'><strong>et</strong></span> <span class='ocrx_word' id='word_1_907' title='bbox 2992 5772 3043 5828; x_wconf 91' lang='lat' dir='ltr'><strong>in</strong></span> <span class='ocrx_word' id='word_1_908' title='bbox 3089 5770 3365 5842; x_wconf 62' lang='lat' dir='ltr'><strong>inipres&#39;sis</strong></span> <span class='ocrx_word' id='word_1_909' title='bbox 3397 5770 3462 5827; x_wconf 84' lang='lat' dir='ltr'><strong>li.-</strong></span> 
     </span>
    </p>
   </div>
   <div class='ocr_carea' id='block_1_123' title="bbox 1905 5844 2303 5915">
    <p class='ocr_par' dir='ltr' id='par_1_123' title="bbox 1905 5844 2303 5915">
     <span class='ocr_line' id='line_1_123' title="bbox 1905 5844 2303 5915; baseline 0.003 -16"><span class='ocrx_word' id='word_1_910' title='bbox 1905 5847 2016 5900; x_wconf 87' lang='lat' dir='ltr'><strong>bris</strong></span> <span class='ocrx_word' id='word_1_911' title='bbox 2040 5844 2303 5915; x_wconf 81' lang='lat' dir='ltr'><strong>legantur.</strong></span> 
     </span>
    </p>
   </div>
  </div>
