4230 6522
264 483 368 539 593

1336 474 1703 530 ADVERSUS
1740 474 2102 530 Εωυιιιωι
2143 477 2266 531 LlB.
2310 478 2368 531 ll.

3361 479 3466 534 ενι

257 599 610 672 γεγεννῆσθαι
640 597 773 667 (67),
821 595 1016 665 μᾶλλον
1056 594 1110 646 δὲ
1150 594 1307 646 αὑτὸν
1349 593 1438 644 τὸν
1473 592 1628 644 Υἱόν·
1668 591 1814 644 οὐδὲν
1844 607 1927 660 At

1795 610 1814 644 ν
1844 607 1888 660 Α
1918 593 2213 647 substantia
2249 593 2459 660 accipit,
2501 592 2749 659 dicetque
2801 591 3033 661 genitam
3069 591 3234 646 fuisse
3281 608 3344 645 ex
3387 595 3465 648 ni-

259 693 370 763 γὰρ
401 689 640 758 διαφέρει
681 686 813 758 πρός
854 702 918 753 γε
967 685 1132 754 αύτὴν
1174 683 1270 753 τὴν
1316 683 1551 736 διάνοιαν
1574 681 1744 742 οὕτως
1777 679 1810 750 ἢ

261 780 403 835 οὕτω
446 779 622 846 λέγειν
646 794 658 807 ο
707 776 919 848 πρῶτον
947 775 1045 846 μὲν
1069 774 1257 844 χρόνον
1288 770 1539 845 [χρόνων]
1567 770 1814 842 δεύτερον

259 873 485 928 τίθεται,
528 871 576 921 εί
617 867 672 921 δὲ
712 867 907 937 βούλει,
939 865 1031 919 καὶ
1069 864 1299 930 αἰώνων,
1343 865 1430 917 τὸν
1462 861 1685 934 ποιητὴν
1707 861 1814 914 τῶν

261 963 472 1018 αἰώνων
497 961 626 1032 (68)·
655 959 844 1013 ἔπειτα
889 956 1066 1027 μέντοι
1115 954 1416 1008 ἀκολουθῶν
1465 957 1582 1018 ταῖς
1623 949 1814 1006 ἑαυτοῦ

264 1057 373 1124 (69)
418 1052 801 1125 βλασφημίαις,
837 1050 930 1103 καὶ
968 1049 1058 1100 τὸν
1097 1048 1314 1118 Πατέρα
1343 1048 1526 1117 φήσει,
1569 1047 1666 1098 ούκ
1688 1044 1818 1102 ὄντα,

263 1147 487 1218 Πατέρα
505 1147 564 1200 1:6
586 1144 645 1210 ἐξ
674 1144 862 1213 ἀρχῆς,
906 1135 1021 1194 εἶτα
1053 1139 1274 1210 ὕστερον
1304 1139 1602 1207 γεγονέναι.

341 1323 424 1376 19..
465 1320 654 1375 Καίτοι
689 1321 737 1373 εί
768 1320 863 1389 μὲν
893 1318 1052 1375 καλὸν
1094 1318 1186 1371 καὶ
1221 1317 1424 1388 πρέπον
1460 1319 1524 1386 τῇ
1559 1333 1818 1389 μακαριο-

264 1432 386 1484 τητι
403 1413 497 1470 τοῦ
519 1411 651 1465 Θεοῦ
668 1411 728 1464 τὸ
752 1408 886 1464 εἶναι
913 1410 1150 1479 Πατέρα,
1175 1409 1290 1471 πῶς
1309 1409 1407 1462 ούκ
1431 1408 1489 1472 ἐξ
1516 1410 1686 1480 ἀρχῆς
1708 1410 1817 1480 (70)
1856 1423 1865 1433 ·

264 1508 326 1560 τὸ
351 1506 553 1576 πρέπον
574 1503 718 1574 αὐτῷ
743 1503 957 1574 παρῆν;
983 1503 1050 1553 Ἦ
1069 1500 1176 1570 γὰρ
1201 1500 1390 1571 ἀγνοίᾳ
1416 1499 1508 1553 τοῦ
1536 1500 1819 1571 βελτίονος,

266 1600 298 1668 ἥ
330 1596 596 1667 ἀδυναμίᾳ.
629 1595 841 1658 πάντως
868 1593 1166 1662 λογιοῦνται
1204 1595 1298 1663 τήν
1333 1592 1593 1662 ἔλλειψινο
1631 1592 1822 1664 ἀγνοίᾳ.

271 1689 390 1759 μὲν,
429 1687 583 1756 εἴπερ
615 1687 832 1757 ὕστερον
860 1684 1041 1756 ἐξεῦρε
1085 1685 1143 1738 τὸ
1185 1684 1422 1754 βέλτιον,
1445 1683 1714 1753 ἀδυναμίᾳ
1743 1683 1820 1746 δὲ,

267 1779 426 1849 εἴπερ
457 1778 609 1842 εἰδὼς
642 1779 734 1830 καὶ
782 1779 978 1839 συνιεὶς
1016 1777 1352 1846 ἀπετύγχανε
1382 1775 1475 1828 τοῦ
1516 1775 1819 1828 καλλίστου.

267 1871 330 1923 Et
359 1870 415 1923 δὲ
454 1869 616 1942 (ὃ-μὴ
649 1869 803 1938 Θέμις
843 1867 1054 1938 εἰπεῖν.)
1105 1867 1165 1920 ού
1198 1866 1358 1919 καλὸν
1403 1863 1549 1934 αὐτῷ
1586 1862 1646 1915 τὸ
1688 1860 1830 1914 εἶναι·

1918 683 2025 736 ltilo
2047 684 2399 737 substantiam
2424 683 2558 750 ejus,
2592 686 2696 738 imo
2721 683 2909 738 Filiutn
2935 683 3138 752 ipsum;
3172 684 3303 738 nihil
3324 686 3464 739 enim

1916 776 2097 841 refert,
2139 776 2280 842 quod
2330 774 2396 831 ad
2456 775 2777 829 sententiam
2822 774 3033 840 attinet,
3066 775 3145 827 sic
3167 774 3249 828 vel
3287 776 3366 828 sic
3390 777 3466 830 di-

1915 883 2038 922 cere
2063 884 2076 920 :
2103 868 2329 936 primum
2361 867 2574 935 quidem
2612 867 2962 936 temporibus,
2987 877 3165 934 atque,
3191 867 3234 920 si
3265 867 3340 922 ita
3367 869 3468 932 vis,

1916 959 2128 1012 saeculis
2154 959 2486 1013 conditorem
2530 958 2846 1014 stcculorum
2897 959 3175 1013 constituit
3204 960 3471 1029 posterio-

1917 1065 2028 1104 rem
2055 1068 2069 1104 :
2094 1050 2286 1104 deinde
2311 1065 2436 1120 verp
2469 1051 2817 1120 blaspheutiis
2856 1030 2968 1104 suis
3018 1050 3270 1104 insistens
3299 1049 3472 1104 dictu-

1917 1157 2009 1196 rus
2036 1151 2117 1196 est
2152 1142 2310 1196 etiam
2348 1143 2582 1207 Patrem,
2617 1158 2739 1197 cum
2777 1143 2936 1197 Pater
2963 1157 3069 1197 non
3101 1134 3247 1196 esset
3271 1142 3335 1194 ab
3370 1143 3473 1196 ini-

1921 1235 2013 1300 tio,
2046 1243 2154 1287 tum
2186 1235 2398 1288 demum
2434 1234 2633 1290 factum
2659 1235 2843 1290 fuisse.

1990 1325 2150 1397 247
2195 1326 2280 1380 12.
2321 1325 2478 1395 Atqui
2506 1325 2550 1379 si
2573 1326 2853 1380 honestum
2886 1341 2950 1380 ae
2983 1327 3237 1380 decorum
3272 1332 3356 1379 est
3380 1323 3473 1378 Dei

1919 1417 2236 1474 beatitudini
2271 1416 2484 1472 Patrem
2509 1431 2654 1481 esse;
2683 1416 2773 1484 qui
2801 1416 2857 1470 lit
2895 1426 2951 1469 ttt
2975 1416 3024 1468 id
3051 1416 3192 1485 quod
3217 1417 3472 1481 decebat,

1919 1509 1970 1562 ei
2007 1509 2075 1562 ab
2122 1507 2275 1563 initio
2310 1523 2414 1563 non
2457 1506 2701 1561 adesset?
2731 1507 2836 1559 Aut
2869 1505 3011 1559 enim
3048 1505 3287 1559 melioris
3325 1506 3472 1572 igno-

1924 1601 2140 1664 rationi,
2175 1609 2265 1654 aut
2291 1600 2510 1654 omnino
2543 1597 2867 1667 impotentiae
2905 1596 3046 1651 hunc
3071 1597 3334 1651 defectum
3375 1597 3474 1649 int-

1923 1693 2183 1760 pntabunt
2222 1708 2236 1745 :
2290 1690 2610 1760 ignorationi
2656 1689 2893 1758 quidem,
2945 1688 2988 1743 si
3031 1687 3285 1758 deinceps
3331 1689 3473 1754 quod

1925 1779 2112 1834 tnelius
2144 1790 2228 1832 est
2258 1781 2612 1849 excogitavit;
2663 1777 2993 1847 impotentia:
3033 1792 3182 1843 vero,
3220 1793 3262 1831 st
3297 1779 3474 1831 sciens

1924 1881 2084 1939 atque
2114 1872 2453 1939 intelligens,
2495 1873 2634 1940 quod
2667 1872 2927 1940 optimum
2961 1879 3082 1925 erat
3105 1870 3315 1937 assequi
3368 1881 3472 1920 non

267 1963 518 2034 Πατέρα,
562 1962 702 2024 τίνος
733 1961 915 2012 ἕνεκεν
949 1961 1013 2012 ὲκ
1063 1959 1358 2028 μεταῆολῆς
1390 1957 1451 2008 τὸ
1480 1958 1660 2026 χεῖρον
1693 1971 1827 2024 προ-
1858 1971 1899 2029 B
1928 1981 1937 2032 1

1807 1983 1827 1993 -
1858 1971 1899 2029 Β
1928 1964 2119 2032 potuit.
2166 1962 2317 2028 Quod
2346 1965 2390 2017 si
2429 1963 2601 2034 (quod
2636 1961 2713 2016 las
2747 1979 2849 2018 non
2883 1973 2964 2018 est
2995 1961 3212 2031 dicere)
3247 1975 3347 2014 non
3394 1969 3477 2014 est

267 2053 471 2119 είλετο;
522 2052 679 2106 ’Λλλά
717 2052 965 2122 τρέποιτο
995 2050 1093 2119 μὲν
1131 2052 1209 2110 εἰς
1255 2050 1380 2111 τοὺς
1414 2048 1521 2116 (7|)
1555 2046 1755 2106 αἰτίους
1786 2047 1824 2115 ἡ

269 2145 615 2216 βλασφημία·
645 2145 673 2195 ὁ
723 2142 778 2193 δὲ
825 2141 953 2202 Θεὸς
990 2139 1098 2191 τῶν
1145 2139 1277 2190 ὅλων
1325 2137 1384 2202 ea
1429 2137 1656 2206 ἀπείρου
1709 2137 1826 2187 ἐστὶ

271 2235 455 2306 Πατὴρ
475 2273 489 2297 ,
517 2236 614 2286 οὐκ
646 2233 944 2304 ἀρξάμενός
989 2247 1116 2285 ποτε
1146 2229 1236 2282 τοῦ
1271 2225 1406 2282 εἶναι
1439 2228 1644 2296 Πατήρ.
1688 2225 1822 2278 Οὔτε

269 2330 376 2398 γὰρ
410 2329 475 2396 τῇ
511 2326 611 2396 τῆς
640 2325 919 2395 δυνάμεως
961 2323 1137 2393 ἐνδείᾳ
1171 2321 1303 2393 πρὸς
1348 2320 1442 2390 τὴν
1485 2317 1823 2388 ἐκπλήρωσιν

267 2417 361 2470 τοῦ
391 2417 688 2488 θελήματος
711 2416 998 2478 ἐκωλύετο,
1026 2414 1143 2468 οὒτε
1169 2412 1373 2466 αἰώνων
1399 2410 1556 2464 τινῶν
1584 2407 1824 2479 περίοδος

267 2508 544 2578 ἀνέμενεν,
590 2509 696 2573 ἵνα,
747 2508 931 2575 ὥσπερ
976 2508 1068 2559 ἐπὶ
1111 2505 1215 2558 τῶν
1256 2501 1552 2574 ἀνθρώπων
1600 2500 1690 2554 καὶ
1719 2499 1824 2552 τῶν

267 2599 470 2654 λοιπῶν
500 2600 672 2665 ζώων,
717 2601 850 2671 μετά
899 2601 996 2668 τὴν
1041 2598 1135 2666 τῆς
1182 2597 1393 2666 ἡλικίας
1443 2594 1826 2664 συμπλήρωσιν

266 2693 369 2762 τῆς
395 2695 472 2754 είς
498 2693 557 2746 τὸ
581 2694 771 2763 γεννᾷν
797 2690 942 2760 αὐτῷ
969 2690 1243 2758 δυνάμεως
1267 2686 1662 2759 προσελθούσης
1688 2684 1822 2755 (72),

268 2785 330 2836 τὸ
385 2784 812 2853 σπουδαζόμενον
873 2781 1225 2851 περιγένηται
1283 2779 1656 2849 (μαινομένων
1719 2776 1825 2845 γὰρ

268 2875 440 2929 ταῦτα
471 2876 562 2927 καὶ
588 2875 832 2944 ἐννοῆσαι
862 2873 956 2926 καὶ
982 2871 1353 2942 φθέγξασθαι),
1381 2870 1515 2924 ἀλλὰ
1542 2872 1607 2939 τῇ
1633 2866 1824 2921 ἑαυτοῦ

270 2968 530 3039 ἀῐδιότητι
568 2968 1168 3037 συμπαρεκτεινομένην
1217 2965 1327 3035 ἔχει
1378 2964 1473 3034 τήν
1533 2963 1619 3030 (ἶν’
1657 2960 1825 3022 οὕτως

268 3059 556 3129 ὀνομάσω)
618 3058 943 3129 πατρότητα.
1002 3058 1205 3111 Οὐκοῦν
1256 3054 1348 3109 καὶ
1417 3054 1444 3104 6
1517 3055 1661 3115 Υἱὸς,
1722 3052 1826 3121 πρὸ

269 3151 463 3214 αἰῶνος
509 3152 615 3220 (³75)
649 3151 744 3215 ὢν,
793 3152 884 3204 καὶ
931 3150 1018 3203 ἀεὶ
1065 3148 1166 3210 ὢν,
1202 3148 1299 3199 οὐκ
1332 3146 1528 3217 ἤρξατο
1566 3145 1656 3197 τοῦ
1689 3140 1826 3199 εἷναί

269 3261 423 3305 ποτε,
452 3243 565 3296 ἀλλ’
592 3243 684 3309 ἀφ’
712 3239 772 3296 οὗ
796 3242 1001 3311 Πατήρ,
1035 3240 1128 3293 καὶ
1159 3240 1305 3307 Υιὺς,
1335 3241 1427 3293 καὶ
1457 3238 1614 3302 εὐθὺς
1643 3241 1707 3308 τῇ
1734 3237 1825 3290 τοῦ

1929 2056 1976 2111 ei
2013 2055 2207 2108 bonum
2245 2054 2455 2108 Patrem
2495 2069 2634 2118 esse,
2675 2054 2827 2123 cujus
2860 2053 2934 2108 rei
2966 2053 3136 2123 gratia
3177 2059 3475 2105 commuta-

1931 2155 2016 2199 tus
2042 2145 2194 2214 pejus
2221 2144 2419 2214 elegit?
2450 2142 2554 2197 Sed
2583 2143 2786 2198 recidat
2817 2143 2870 2196 itt
2900 2159 3026 2197 suos
3058 2151 3304 2195 auctores
3338 2137 3480 2193 blas-

1931 2237 2163 2305 phemia.
2212 2236 2341 2289 Nam
2395 2241 2529 2290 Deus
2581 2234 2955 2290 universorum
2990 2234 3149 2286 Pater
3182 2240 3266 2305 est
3295 2246 3360 2284 ex
3398 2231 3480 2283 in-

1932 2327 2113 2390 ﬁnito,
2162 2342 2259 2380 nec
2288 2342 2521 2395 unquam
2566 2324 2725 2378 Pater
2755 2339 2874 2380 esse
2902 2325 3086 2392 coepit.
3120 2321 3303 2391 Neque
3336 2321 3480 2375 enim

1931 2419 2182 2490 potentiae
2210 2419 2438 2483 defectu,
2469 2433 2534 2472 ne
2560 2417 2797 2487 expleret
2827 2417 3178 2477 voluntatem,
3205 2411 3481 2467 detineba-

1934 2524 2019 2567 tur
2050 2533 2061 2566 :
2099 2526 2269 2580 neque
2296 2511 2523 2562 ulloruin
2562 2509 2875 2563 smculorutn
2909 2505 3168 2560 circuitus
3199 2515 3479 2574 exspecta-

1930 2606 2024 2670 vit,
2059 2614 2115 2656 nt
2141 2604 2279 2657 sicut
2302 2604 2352 2655 in
2388 2601 2687 2655 hominibus
2718 2616 2780 2653 ac
2813 2599 3032 2667 reliquis
3060 2597 3402 2659 animalibus,
3431 2595 3478 2649 ei

1931 2695 2224 2766 generandi
2259 2693 2513 2748 facultate
2558 2703 2676 2763 post
2715 2692 3034 2760 completam
3080 2701 3290 2744 aetatem
3332 2704 3483 2742 acce-

1934 2792 2114 2857 dente,
2174 2789 2314 2858 quod
2375 2787 2588 2840 volebat
2640 2796 3040 2856 assequeretur.
3099 2783 3481 2837 lnsanientium

1931 2886 2071 2938 enim
2106 2893 2189 2936 est
2221 2884 2329 2934 haec
2362 2888 2416 2933 et
2461 2881 2716 2949 cogitare,
2751 2890 2804 2934 et
2841 2879 3008 2947 loqui.
3043 2877 3182 2941 Sed,
3220 2884 3278 2930 ut
3307 2877 3376 2928 ita
3405 2875 3485 2928 di-

1931 2991 2069 3038 cam,
2103 2980 2368 3028 extentam
2399 2971 2561 3025 habet
2598 2988 2718 3025 cmn
2753 2987 2848 3025 Sua
2897 2971 3202 3024 aeternitate
3243 2967 3484 3037 paterni-

1934 3077 2118 3120 tatem.
2157 3063 2513 3130 Quamobrem
2545 3073 2598 3118 et
2634 3062 2800 3116 Filius
2831 3078 2951 3115 cum
2984 3069 3111 3114 ante
3152 3058 3348 3113 sarcula
3380 3058 3482 3121 sit,

1931 3171 1985 3213 et
2015 3174 2224 3226 semper
2250 3158 2340 3223 sit,
2377 3172 2644 3227 nunquam
2682 3171 2800 3210 esse
2833 3155 3052 3225 incmpit
3083 3173 3095 3207 :
3135 3153 3227 3206 sed
3282 3168 3347 3204 ex
3382 3165 3484 3218 quo

1935 3251 2094 3305 Pater
2119 3261 2223 3313 est,
2260 3262 2313 3303 et
2347 3249 2516 3303 Filius
2543 3259 2644 3311 est,
2694 3256 2747 3300 ct
2787 3247 2966 3300 statim
3015 3259 3119 3297 una
3150 3258 3270 3296 cum
3313 3241 3486 3294 Patris

270 3332 484 3401 Πατρὸς
515 3331 691 3401 ἐννοίᾳ
719 3333 750 3401 ἡ
779 3331 873 3384 τοῦ
903 3331 1031 3385 Υἱοῦ
1061 3331 1482 3400 συνεισέρχεται.
1520 3331 1577 3382 'O
1599 3330 1705 3399 γὰρ
1726 3332 1834 3382 Πα-
1861 3335 1900 3389 C
1937 3361 1940 3396 ι

1813 3359 1834 3369 ·
1861 3335 1900 3389 C
1937 3344 2170 3407 notione,
2222 3340 2340 3394 Filii
2381 3355 2593 3409 quoque
2631 3340 2777 3393 notio
2821 3336 3078 3405 subrepit.
3131 3333 3263 3386 Nam
3305 3332 3483 3394 Pater,

271 3423 376 3491 τήρ
421 3420 551 3474 Υίοῦ
600 3423 787 3494 Πατήρ
831 3424 1088 3494 δηλονότι.
1137 3423 1303 3494 Ἀρχὴ
1351 3423 1447 3493 μὲν
1484 3418 1575 3474 οὖν
1619 3421 1828 3491 Πατρὸς

269 3515 515 3585 οὐδεμία,
543 3517 684 3589 ἁρχὴ
705 3520 759 3571 δὲ
788 3519 880 3570 τοῦ
907 3517 1033 3570 Υἱοῦ
1057 3519 1084 3568 6
1111 3518 1296 3587 Πατήρ
1315 3534 1328 3548 ·
1360 3517 1520 3586 μέσον
1549 3516 1602 3567 δὲ
1628 3513 1828 3566 τούτων

269 3607 444 3660 οὐδέν.
483 3609 600 3673 Πῶς
626 3606 717 3664 οὖν
743 3611 841 3662 οὐκ
872 3605 939 3679 ἦν
971 3609 1029 3661 τὸ
1059 3608 1116 3671 ἐξ
1143 3609 1315 3678 ἀρχῆς
1346 3612 1361 3676 (
1386 3607 1540 3659 τοῦτο
1577 3606 1683 3676 γάρ
1714 3608 1829 3659 ἐστι

269 3699 355 3758 τὸ,
382 3701 493 3766 πρὸ
526 3701 636 3769 τῆς
667 3701 818 3766 ιδίας
843 3699 1214 3766 συστάσεως,
1249 3703 1306 3754 ὲν
1340 3699 1630 3769 σοφίσμασι
1674 3698 1828 3766 λεγό-

277 3807 437 3860 μενον
479 3793 628 3862 παρά
653 3792 893 3858 τούτων)
920 3795 947 3844 ὁ
988 3793 1150 3863 μηδὲν
1183 3793 1319 3862 ἔχων
1352 3789 1829 3862 προεπινοούμενον

273 3881 490 3946 ἑαυτοῦ,
521 3885 567 3936 εί
603 3885 674 3954 μὴ
702 3884 789 3937 τὸν
823 3885 879 3949 ὲξ
909 3879 968 3938 οὗ
995 3884 1105 3954 ἔχει
1132 3885 1192 3936 τὸ
1222 3882 1380 3951 εἶναι,
1417 3885 1476 3936 ού
1508 3883 1830 3952 διαστήματι

273 3972 624 4042 ὑπερέχοντα,
671 3975 802 4027 ἀλλά
837 3977 902 4044 τῇ
933 3975 1078 4045 αἰτίᾳ
1111 3975 1545 4047 προτεταγμένον
1595 3973 1741 4043 (74);
1771 3975 1830 4025 Εἰ

271 4062 450 4116 τοίνυν
485 4064 650 4127 ἀΐδιος
679 4067 710 4134 ἡ
743 4064 835 4118 τοῦ
866 4066 991 4118 Υίοῦ
1028 4067 1277 4119 κοινωνία
1305 4066 1437 4134 πρὸς
1462 4067 1550 4118 τὸν
1579 4067 1708 4118 Θεὸν
1739 4066 1832 4118 καὶ

273 4153 492 4225 Πατέρα
540 4156 931 4225 ἀναπέφανται,
979 4160 1073 4228 τῆς
1121 4158 1354 4220 διανοίας
1401 4157 1556 4227 ήμῶν
1594 4156 1701 4206 ἀπὸ
1739 4157 1830 4208 τοῦ

273 4246 407 4299 Υἰοῧ
444 4246 508 4299 δι’
538 4249 748 4312 οὐδενὸς
794 4249 948 4302 κενοῦ
991 4251 1124 4321 πρὸς
1155 4254 1244 4303 τὸν
1280 4249 1493 4321 Πατέρα
1529 4248 1828 4320 χωρούσης,

272 4339 390 4396 ἀλλ’
422 4339 755 4403 ἀδιαστὰτως
785 4342 874 4395 τὸν
912 4343 1036 4394 Υίὺν
1075 4343 1150 4414 τῷ
1182 4345 1354 4414 Ila-.91
1387 4341 1776 4414 συναπτούσης,
1805 4343 1832 4393 6

278 4432 467 4502 μηδενὶ
494 4433 641 4504 μέσῳ
663 4433 1024 4506 διοριζόμενος
1049 4437 1168 4489 τίνα
1196 4437 1274 4488 ἔτι
1305 4436 1650 4506 παρείσδυσιν
1677 4453 1834 4488 κατα-

275 4523 453 4574 λείπει
489 4527 552 4594 τῇ
595 4527 804 4596 πονηρᾷ
839 4526 1153 4597 βλασφημίᾳ
1197 4529 1301 4580 τῶν
1330 4529 1613 4596 λεγόντων,
1649 4527 1831 4581 ἐκ.τοῦ

279 4613 355 4685 μή
382 4613 530 4676 ὄντος
559 4616 720 4670 αὐτον
748 4617 824 4679 είς
852 4617 910 4668 τὸ
942 4613 1078 4670 εἶναι
1108 4619 1412 4689 παρῆχοαι;

357 4707 439 4760 15.
485 4707 712 4762 Ἔπειτα
746 4708 924 4780 μέντοι
953 4709 1044 4762 καὶ
1070 4708 1167 4780 τῆς
1193 4710 1374 4771 ἀνοίας
1407 4710 1600 4773 αὐτοὺς
1625 4711 1835 4780 θαυμά-

1931 3434 2050 3489 Filii
2097 3434 2281 3502 utique
2313 3442 2395 3487 est
2442 3432 2623 3487 Pater.
2673 3431 2850 3484 Patris
2895 3431 3056 3498 igitur
3096 3429 3248 3496 Origo
3282 3424 3422 3479 nulla
3469 3439 3487 3477 :

1932 3528 2084 3595 origo
2111 3541 2240 3580 vero
2272 3525 2416 3590 Filii,
2454 3524 2649 3585 Pater;
2691 3523 2830 3574 inter
2867 3521 2965 3574 bos
3012 3519 3142 3573 nihil
3183 3528 3262 3572 est
3304 3516 3485 3570 medii.

1933 3617 2210 3683 Quomodo
2259 3616 2417 3684 igitur
2453 3630 2480 3667 a
2525 3613 2785 3681 principio
2836 3627 2942 3664 non
2983 3619 3098 3664 erat
3133 3608 3292 3677 (nam
3330 3608 3487 3671 illud,

1935 3721 2054 3763 ante
2083 3725 2232 3762 suam
2259 3707 2715 3769 constitutionem,
2745 3706 2883 3772 quod
2916 3703 2982 3754 ab
3018 3701 3099 3754 bis
3145 3716 3239 3768 per
3268 3698 3485 3752 cavilla-

1939 3800 2132 3853 tionem
2163 3798 2448 3866 profertur,
2481 3797 2582 3850 hoe
2608 3796 2708 3850 sibi
2742 3793 2908 3860 vult,)
2939 3793 3002 3859 is,
3035 3793 3125 3862 qui
3170 3791 3300 3845 nihil
3331 3791 3493 3846 habet

1936 3891 2076 3959 quod
2106 3899 2233 3943 ante
2262 3904 2320 3942 se
2353 3888 2704 3956 intelligatur,
2734 3885 2835 3939 nisi
2868 3885 3035 3950 illum,
3069 3902 3096 3936 ιι
3126 3899 3230 3954 quo
3259 3899 3367 3936 esse
3397 3882 3493 3936 lia-

1938 3984 2045 4046 bet,
2085 3995 2189 4034 non
2218 3976 2501 4033 intervallo
2531 3977 2946 4045 praecedentem,
2978 3976 3070 4028 sed
3111 3988 3288 4028 causa:
3313 3972 3494 4041 digni-

1939 4083 2047 4127 tate
2094 4071 2476 4142 prtepositum?
2513 4069 2745 4124 Proinde
2783 4069 2828 4123 si
2882 4067 2998 4122 Filii
3056 4082 3177 4120 cum
3227 4065 3391 4119 Patre
3442 4075 3496 4120 et

1941 4170 2050 4222 Deo
2084 4166 2393 4236 conjunctio
2421 4172 2634 4217 ostensa
2665 4170 2748 4215 est
2774 4172 2992 4224 aeterna,
3027 4175 3151 4213 cum
3192 4166 3369 4212 nostra
3401 4172 3496 4210 co-

1941 4261 2128 4330 gitatio
2161 4275 2189 4312 a
2221 4257 2360 4313 Filio
2393 4259 2457 4310 ad
2501 4256 2712 4311 Patrem
2759 4270 2851 4324 per
2886 4253 3087 4306 nullum
3132 4252 3364 4306 medium
3395 4251 3494 4304 de-

1941 4353 2141 4416 veniat,
2171 4351 2278 4405 itno
2316 4351 2518 4416 alisque
2551 4347 2832 4401 intervallo
2878 4345 3021 4398 Patri
3053 4344 3248 4398 Filium
3275 4341 3498 4411 conjun-

1939 4455 2058 4512 gat;
2090 4445 2135 4496 is
2170 4443 2258 4509 qui
2291 4441 2435 4493 nullo
2479 4439 2655 4493 medio
2685 4437 3004 4508 seiungitur,
3045 4452 3206 4506 quem
3238 4435 3349 4506 jam
3383 4435 3499 4489 adi-

1941 4547 2050 4587 tum
2100 4546 2274 4600 prava:
2313 4529 2658 4600 blasphemia:
2694 4531 2949 4599 relinquit
2984 4544 3170 4583 eorum
3193 4568 3208 4593 ,
3244 4528 3334 4599 qui
3368 4543 3492 4581 eum

1940 4618 2123 4671 dicunt
2155 4630 2219 4668 ex
2257 4631 2358 4668 non
2392 4615 2688 4668 exsistente
2717 4615 2780 4666 ad
2810 4630 2918 4666 este
2945 4613 3264 4681 productum
3289 4612 3445 4666 esse?

2016 4708 2106 4764 l5.
2148 4709 2226 4762 Ad
2271 4707 2383 4762 haec
2420 4709 2656 4774 ipsorum
2687 4719 2898 4775 quoque
2941 4705 3263 4762 dementiam
3308 4702 3498 4758 mirari

352 4903 463 4973 (67)
495 4906 630 4960 Editi
673 4913 726 4960 et
753 4923 879 4960 mss.
911 4925 1013 4962 non
1055 4909 1206 4976 pauci
1255 4907 1604 4977 γεγενῆσθαι,
1639 4909 1830 4976 {uetant
1865 4914 1905 4967 Ι)
1938 4923 2022 4960 tua

1827 4929 1830 4958 ι
1865 4914 1905 4967 ι)
1938 4923 2036 4960 nne
2063 4912 2177 4961 duae
2213 4921 2368 4960 voces
2393 4905 2587 4960 desunt
2619 4906 2673 4959 in
2710 4921 2866 4968 mss.,
2903 4917 3003 4977 nec
3027 4902 3212 4977 dubito
3243 4902 3373 4973 quin
3401 4905 3497 4959 de-

277 4991 391 5034 esse
417 4991 435 5028 :
465 4991 560 5047 nec
590 4977 745 5047 aliter
778 4978 966 5046 legitur
1000 4981 1050 5030 in
1093 4994 1156 5031 eo
1187 4982 1391 5038 codice.
1434 4981 1486 5030 in
1539 4995 1646 5047 quo
1698 4995 1833 5047 opus

281 5044 528 5119 Eunomii
565 5044 1138 5119 inveniri—diximus.7
1167 5050 1344 5101 Codex
1393 5044 1834 5119 (ὶυιὺίγεγεννῆο

283 5118 430 5178 σθαι,
461 5115 841 5186 θεηίιαυιηεδεε.
898 5117 1019 5171 Mihi
1055 5118 1268 5186 quidem
1316 5119 1532 5170 dubium
1581 5115 1682 5172 non
1725 5115 1828 5181 est,

281 5191 412 5255 quin
444 5185 589 5248 illttd,
625 5185 820 5253 μᾶλλον
873 5189 952 5253 δέ,
1003 5185 1133 5248 etc..
1165 5191 1240 5242 sic
1291 5187 1660 5254 accipiendum
1709 5189 1776 5242 sit
1813 5206 1826 5242 :

284 5259 400 5311 luto
429 5271 574 5319 vero,
605 5256 646 5325 si
679 5271 800 5308 vera
832 5257 984 5312 fateri
1026 5258 1316 5312 Ennomius
1353 5259 1484 5318 vult.
1527 5261 1700 5325 palam
1744 5261 1827 5312 di-

282 5339 470 5380 cturus
493 5336 573 5379 est
605 5324 795 5378 Filium
844 5328 1012 5393 ipsum
1054 5343 1119 5381 ex
1155 5329 1320 5381 nihilo
1359 5324 1596 5395 genitum
1643 5329 1826 5382 fuisse.

277 5396 454 5452 Aliter
479 5406 651 5452 tamen
699 5398 839 5449 ltnnc
891 5398 1060 5450 locum
1092 5398 1427 5451 intellexerat
1476 5409 1628 5452 vetus
1669 5400 1831 5452 inter—

280 5467 545 5537 pres,_qui
578 5470 644 5520 ita
676 5468 962 5520 vertisset:
994 5466 1110 5521 luto
1155 5469 1377 5534 primum
1399 5468 1576 5537 ipsum
1633 5467 1832 5520 Filium

282 5535 439 5606 (nihil
473 5537 608 5588 enim
640 5538 791 5603 refert
823 5547 1073 5604 quantum
1119 5541 1185 5590 ad
1238 5554 1362 5598 rem,
1388 5536 1482 5590 hoc
1525 5538 1600 5590 vel
1630 5539 1718 5590 illo
1753 5540 1834 5588 di—

279 5621 399 5662 cere
423 5606 595 5676 modo)
632 5609 1138 5676 posterior-eittrtitattt
1173 5617 1402 5668 tempora
1432 5620 1603 5671 ponet.
1634 5609 1828 5660 Ibidem

281 5675 411 5730 editi
442 5673 586 5744 Υἱδν,
620 5676 709 5728 καὶ
737 5677 906 5730 οὐδέν.
945 5675 1194 5729 Voculam
1218 5677 1700 5744 xaiexpunxitnns,
1737 5695 1828 5730 co-

283 5748 460 5800 dicum
489 5743 713 5817 duorum
755 5751 911 5799 lident
963 5747 1157 5800 secuti.
1206 5745 1322 5799 Mox
1360 5749 1486 5801 editi
1537 5747 1568 5817 ἦ
1615 5747 1831 5799 οὑτωσί.

283 5819 354 5870 At
388 5814 572 5884 mssnll
605 5814 791 5878 οὕτως.

357 5884 467 5955 (68)
493 5883 628 5939 Editi
670 5885 776 5938 τῶν
827 5888 1034 5941 αἰώνων
1081 5886 1328 5959 δεύτερον
1374 5883 1528 5941 εἶναι.
1566 5887 1670 5942 Sed
1705 5886 1828 5942 ulti-

1942 4982 2103 5031 bea-tt
2138 4978 2343 5036 abesse,
2384 4991 2508 5030 cum
2551 4979 2878 5031 sententiam
2921 4972 3156 5028 ellieiant
3183 4972 3494 5030 contortam

1939 5059 2099 5112 atque.
2134 5046 2466 5099 intricatam-

2007 5115 2510 5181 <69)Ει1ἰιὶαὐτού.
2563 5116 2631 5169 At
2683 5130 2810 5168 mss.
2871 5113 3087 5166 ἑαυτοῦ.
3143 5112 3336 5168 Statim
3368 5115 3495 5170 editi

1935 5187 2048 5240 ἀλλ’
2083 5187 2326 5258 ὕστερον.
2354 5188 2496 5241 Libri
2521 5197 2729 5258 veteres
2747 5181 3151 5258 εἶταλῦ-στερον,

2007 5258 2117 5326 (Ἷο)
2153 5252 2286 5327 Reg.
2318 5269 2539 5324 quartus
2566 5256 2680 5317 πῶς
2713 5252 2803 5306 οὖν
2839 5254 2911 5324 μὴ
2934 5253 2992 5318 ἐξ
3023 5252 3216 5326 ἀρχῆς.

2009 5323 2119 5398 (71)
2154 5323 2295 5381 Ειίῖιί
2330 5328 2464 5396 πρὸς
2493 5327 2635 5388 τούς.
2686 5323 2907 5398 Antiqui
2937 5341 3030 5398 sex
3063 5323 3196 5398 libri
3223 5325 3306 5398 εἰς
3340 5323 3487 5386 τούς.

2008 5395 2121 5465 (7‘2)
2150 5395 2383 5469 Editiet
2411 5413 2500 5450 sex
2546 5414 2674 5450 mss.
2710 5395 3098 5469 προελθούσης.
3120 5397 3189 5449 At
3221 5395 3352 5464 lleg.
3385 5405 3496 5448 ter-

1942 5470 2046 5522 tius
2082 5467 2504 5537 προσελθούσης,
2538 5476 2702 5520 recte.

2011 5534 2291 5607 (73)'Editi
2328 5547 2381 5589 et
2441 5534 2571 5590 inss.
2621 5539 2769 5591 multi
2821 5538 2948 5600 Υἱὸς
3005 5534 3110 5605 πρὸ
3152 5534 3372 5607 αἰῶνος.
3429 5535 3499 5588 At

1942 5603 2068 5672 lteg.
2100 5603 2296 5659 tertius
2333 5612 2564 5660 secunda
2589 5615 2770 5662 {tttztnu
2810 5609 2936 5670 Υἱὸς
2966 5603 3288 5674 προαιώνιος
3311 5605 3406 5656 ὧν.

2008 5679 2117 5747 (74)
2161 5677 2334 5730 Ἀλλὰ
2360 5676 2430 5744 τῇ
2447 5678 2601 5742 αἰτίᾳ
2618 5677 3108 5747 προτεταγμένον,
3140 5675 3496 5747 ταιηαηηοιηρ-

1945 5745 2387 5817 »ιεἰιναιροεὶιωη.
2443 5750 2580 5814 Lege
2618 5754 2843 5815 primum
2881 5745 3029 5801 num.
3065 5746 3117 5808 8,
3157 5746 3249 5810 ‘25,
3285 5748 3372 5798 tibi
3406 5745 3496 5798 i‘lla

1941 5818 2160 5872 Joannis
2185 5834 2292 5881 xw,
2330 5819 2417 5882 ‘28,
2449 5817 2608 5868 l'nter
2641 5818 2808 5883 major
2833 5835 2910 5873 me
2939 5829 3034 5884 est,
3063 5828 3115 5871 ut
3139 5819 3291 5873 docte
3313 5817 3383 5870 ita
3414 5831 3497 5869 co-

1943 5891 2085 5953 piose.
2118 5904 2145 5941 a
2180 5887 2375 5943 Basilio
2407 5887 2763 5956 explicantur.
