4230 6500
751 440 856 495 595

2078 448 2133 502 S.
2178 447 2420 502 BASlLll
2463 447 2675 502 MAGNI

3869 451 3977 505 596

747 570 925 624 opera:
972 559 1196 626 pretium
1228 571 1346 628 est,
1377 563 1519 631 quod
1566 564 1689 618 dum
1727 579 1792 618 ex
1835 581 1938 618 non
1971 569 2308 620 exstantibus
2339 579 2380 626 Α
2410 588 2417 616 ‹

2339 579 2380 626 Α
2410 585 2500 619 σαι
2530 566 2696 631 ἄξιον,
2738 566 2795 618 οὑ
2834 566 3128 627 συνιέντας,
3172 565 3274 628 δτι,
3307 566 3368 618 ἐκ
3411 566 3484 636 μὴ
3518 565 3687 619 ὄντων
3727 567 3978 634 λέγοντες

746 662 870 701 esse
915 646 1094 700 dicunt
1137 649 1370 713 Filium,
1423 664 1757 720 nequaquam
1806 653 2115 723 intelligunt
2165 660 2306 723 quod

749 754 870 792 eum
917 755 1019 793 non
1057 741 1216 795 Patre
1261 742 1458 803 solum,
1508 746 1601 798 sed
1643 759 1703 797 ea
1734 745 1896 798 etiam
1936 762 1992 799 re
2026 763 2120 814 per
2150 763 2306 815 quam

753 831 1092 900 Unigenitnm
1119 849 1146 884 a
1175 833 1328 886 Patre
1354 844 1629 902 separant,
1659 836 2013 904 posteriorem
2046 847 2304 892 statuant.

745 922 876 974 Nam
908 939 1128 977 necesse
1156 937 1260 984 est,
1285 926 1326 979 si
1358 927 1480 994 quid
1507 926 1738 980 sitinter
1771 927 1982 980 Patrem
2012 939 2063 980 et
2089 929 2305 993 Filium,

746 1015 796 1066 id
835 1013 955 1066 Filii
987 1015 1297 1069 exsistentia
1338 1019 1609 1086 antiquius
1650 1033 1786 1072 esse.
1824 1019 1970 1096 Quid
2009 1021 2166 1087 igitur
2201 1023 2301 1073 hoc

743 1120 864 1158 esse
890 1108 1119 1175 poterit?
1147 1107 1408 1172 Quidnam
1439 1110 1580 1162 aliud
1612 1111 1712 1163 nisi
1741 1123 1832 1162 aut
1858 1126 2028 1162 aevum
2052 1121 2142 1164 aut
2171 1122 2305 1164 tem-

744 1199 880 1268 pus?
905 1199 1002 1265 Qui
1037 1201 1178 1254 enim
1211 1200 1387 1256 Patris
1415 1205 1576 1256 vitam
1605 1203 1711 1256 vita
1749 1201 2018 1270 Unigeniti
2054 1204 2298 1272 intelligit

745 1292 1099 1354 anteriorem,
1134 1309 1238 1362 qua
1269 1308 1325 1347 re
1366 1295 1471 1347 alia
1503 1310 1662 1363 quam
1695 1294 2011 1348 szeculorum
2046 1304 2136 1348 aut
2172 1306 2304 1348 tem-

743 1397 932 1448 porum
986 1385 1344 1452 quorumdam
1406 1385 1580 1455 spatio
1635 1387 1953 1449 admetiens,
2016 1402 2298 1441 excessum

744 1475 1014 1530 invenisse
1041 1489 1099 1529 se
1137 1476 1371 1532 dixerit?
1406 1479 1548 1547 quod
1585 1477 1630 1530 si
1675 1477 1776 1529 hoc
1815 1492 2000 1530 verum
2033 1487 2136 1539 est,
2173 1476 2307 1530 falsa

745 1565 1024 1633 Scriptura
1066 1577 1180 1634 est,
1207 1584 1325 1636 quae
1365 1570 1498 1621 dicit
1545 1569 1682 1622 facta
1713 1582 1830 1621 esse
1864 1583 1959 1638 per
2000 1570 2174 1638 ipsum
2213 1585 2311 1622 sre-

742 1653 860 1706 cula
883 1655 947 1718 “;
979 1671 1203 1724 quaeque
1233 1659 1388 1711 docet
1412 1658 1548 1710 facta
1577 1670 1696 1709 esse
1719 1671 1810 1724 per
1836 1657 2005 1724 ipsum
2033 1658 2212 1710 onmia
2239 1660 2306 1724 δ’,

746 1763 868 1801 cum
900 1760 1043 1801 certe
1076 1749 1126 1801 in
1152 1750 1392 1805 omnium
1447 1765 1668 1802 numero
1709 1749 1905 1801 saecula
1962 1751 2122 1803 etiam
2163 1766 2308 1804 c0m-

744 1841 1167 1912 preliendantur.
1206 1841 1259 1893 Si
1293 1856 1418 1894 vero
1456 1840 1647 1893 dicturi
1685 1853 1804 1893 sunt
1855 1854 1914 1892 se
1953 1857 2058 1892 non
2110 1856 2306 1910 negare

2409 656 2498 708 τὸν
2535 655 2680 718 Υἰὸν,
2709 657 2769 707 οὑ
2799 654 2892 707 τοῦ
2927 654 3135 726 Πατρὸς
3165 654 3320 724 μόνον
3349 654 3605 726 νεώτερον
3637 657 3978 725 ἀποφαίνουο

2415 765 2514 810 σιν,
2548 748 2604 800 ά)
2616 747 2682 799 λὰ
2713 747 2806 800 καὶ
2832 746 2944 809 τοῦ,
2978 741 3021 814 ᾧ
3046 747 3133 799 τὸν
3157 746 3434 814 Μονογενῆ
3462 747 3571 817 (75)
3596 747 3704 800 ἀπὸ
3729 746 3825 800 τοῦ
3862 749 3977 801 Πα-

2412 841 2534 911 τρὺς
2569 841 2906 910 διορίζουσιν.
2964 841 3197 908 Ἀνάγκη
3242 838 3367 909 γὰρ,
3423 838 3577 908 εἴπερ
3627 857 3680 891 τι
3740 841 3826 908 εῖη
3878 858 3977 908 με-

2411 929 2541 994 ταξὺ
2573 930 2680 998 (76)
2706 930 2913 1000 Πατρὸς
2947 929 3036 980 καὶ
3068 927 3217 988 Υἰοῦ,
3250 927 3615 998 πρεσϐύτερον
3646 926 3787 981 εἶναι
3819 931 3978 982 τοῦτο

2410 1021 2507 1090 τῆς
2552 1022 2830 1092 ὑπάρξεως
2878 1020 2969 1074 τοῦ
3014 1019 3161 1073 Υἰοῦ.
3210 1019 3274 1071 Τί
3320 1015 3412 1072 οῦν
3445 1020 3508 1072 ἂν
3547 1019 3631 1090 εἴη
3673 1021 3866 1085 τοῦτο;
3913 1022 3976 1072 Τί

2412 1113 2538 1166 ἄλλο
2571 1130 2630 1181 γε
2660 1115 2690 1183 ἢ
2718 1114 2848 1167 αἰὼν
2878 1113 3091 1176 πάντως
3118 1113 3150 1183 ἢ
3176 1112 3362 1180 χρόνος
3382 1129 3395 1175 ς
3436 1113 3494 1164 Ὀ
3526 1113 3632 1183 γάρ
3663 1129 3746 1164 τοι
3777 1130 3967 1182 περιτῖ⁹

2413 1205 2634 1275 σοτέραν
2663 1207 2758 1274 τὴν
2801 1206 2894 1257 τοῦ
2927 1204 3137 1275 Πατρὸς
3187 1203 3327 1272 ζωὴν
3373 1204 3468 1273 τῆς
3509 1204 3602 1256 τοῦ
3637 1204 3974 1271 Μονογενοῦς

2411 1297 2605 1350 ἐννοῶν
2655 1297 2787 1364 (77),
2833 1296 2936 1348 τίνι
2971 1313 3034 1363 γε
3084 1295 3225 1364 ἄλλῳ
3259 1295 3644 1364 παραμετρῶν,
3677 1295 3973 1365 εὑρηκέναι

2410 1385 2474 1438 ἂν
2504 1387 2643 1438 εἴποι
2672 1385 2732 1436 τὸ
2766 1385 3034 1455 περισσὸν,
3066 1385 3098 1453 ἢ
3142 1385 3259 1453 οὐχὶ
3306 1384 3414 1452 (78)
3449 1383 3655 1437 αἰώνων
3687 1385 3721 1453 ἦ
3765 1384 3972 1455 χρόνων

2411 1477 2569 1529 τινῶν
2595 1476 2954 1545 διαστήματι;
2990 1478 3049 1527 Εἰ
3087 1476 3143 1528 δὲ
3169 1475 3322 1528 τοῦτο
3349 1475 3561 1545 ἀληθὲς,
3591 1475 3792 1545 ψευδὴς
3827 1477 3858 1544 ἡ
3887 1475 3973 1525 λέ-

2413 1580 2579 1630 γουσα
2623 1564 2808 1634 Γραφὴ
2837 1563 2960 1624 τοὺς
2989 1564 3183 1626 αἰῶνας
3213 1563 3278 1615 δι’
3307 1564 3468 1616 αὑτοῦ
3496 1563 3844 1632 γεγενῆσθαι,
3878 1564 3971 1616 καὶ

2413 1656 2445 1724 ἡ
2489 1654 2839 1718 διδάσκουσα,
2895 1654 2976 1706 ὅτι
3033 1654 3204 1708 πάντα
3249 1655 3314 1707 δι’
3353 1655 3513 1708 αὑτοῦ
3565 1656 3814 1724 ἐγένετο”
3859 1660 3970 1718 τοῖς

2415 1745 2565 1808 πᾶσι,
2600 1744 2860 1814 δηλονότι,
2903 1745 3439 1814 ἐμπεριειλημμένων
3473 1745 3701 1798 καὶτῶν
3734 1745 3967 1813 αἰώνων.

2414 1836 2474 1887 Εἰ
2501 1835 2556 1887 δὲ
2590 1837 2816 1907 φήσουσι
2859 1835 2930 1908 μὴ
2962 1836 3314 1906 ἀπαρνεῖσθαι
3345 1837 3450 1907 πρὸ
3483 1837 3588 1892 τῶν
3630 1836 3842 1890 αἰώνων
3880 1837 3971 1888 τὸν

747 1929 942 1988 Filium
968 1941 1091 1984 ante
1120 1933 1308 1985 szecnla
1341 1933 1502 2004 248
1530 1935 1764 2004 genitum
1792 1951 1929 1996 esse,
1950 1935 2139 1995 sciant,
2165 1935 2302 2001 quod
2340 1921 2378 1973 Β
2409 1928 2417 1936 ’

2300 1936 2302 1984 l
2340 1921 2378 1973 Β
2409 1928 2533 1979 Υἱὸν
2583 1927 2956 1998 γεγεννῆσθαι,
3014 1928 3085 1998 μὴ
3155 1927 3575 1996 λανθανέτωσαν,
3621 1929 3649 1982 ὃ
3697 1929 3775 1998 τῷ
3828 1929 3970 1999 λόγῳ

745 2023 924 2075 verbis
955 2025 1271 2086 concedunt,
1293 2025 1342 2077 id
1365 2041 1544 2078 revera
1569 2027 1634 2078 ab
1653 2026 1781 2093 ipsis
1800 2025 1930 2078 tolli.
1949 2023 2304 2094 Interrogabi-

746 2127 866 2165 mus
903 2113 1042 2165 enim
1078 2130 1191 2178 eos,
1226 2115 1314 2182 qui
1346 2131 1408 2168 ex
1447 2132 1549 2169 non
1585 2116 1920 2169 exstantibus
1951 2117 2300 2169 substantiam

745 2204 1045 2271 producunt
1087 2203 1348 2273 Unigeniti
1409 2223 1420 2256 :
1466 2207 1687 2270 Quando
1724 2222 1824 2260 non
1855 2217 1988 2272 erat,
2026 2218 2082 2260 ut
2108 2209 2300 2270 dicitis,

743 2294 871 2363 quid
895 2304 1012 2346 erat
1053 2295 1175 2346 illud
1212 2297 1584 2350 intervallum?
1618 2313 1774 2364 quam
1812 2299 1857 2352 ei
1895 2300 2300 2367 appellationem

745 2385 1156 2452 excogitabitis?
1192 2386 1321 2438 Nam
1365 2390 1660 2442 communis
1693 2393 2028 2443 consuetudo
2065 2392 2297 2458 spatium

743 2491 904 2530 omne
961 2489 1051 2530 aut
1106 2480 1434 2547 temporibus
1481 2491 1572 2534 aut
1617 2483 1826 2536 sarculis
1878 2483 2115 2548 subjicit.
2169 2483 2300 2535 Na'n

746 2568 889 2635 quod
923 2569 972 2621 in
1012 2573 1354 2625 sensiliilibus
1385 2586 1466 2626 est
1505 2584 1736 2641 tempus,
1770 2576 1870 2626 lIOC
1895 2576 2072 2628 saeculi
2100 2585 2179 2628 est
2213 2593 2306 2624 na-

748 2668 867 2711 tura
901 2660 951 2710 in
982 2663 1138 2714 rebus
1164 2665 1362 2714 mundo
1390 2667 1779 2733 superioribus.
1808 2665 1893 2718 Isti
1923 2682 2073 2731 vero,
2105 2668 2147 2720 si
2181 2668 2302 2734 quid

745 2753 961 2805 tertium
994 2769 1089 2821 pro
1117 2770 1209 2807 sua
1243 2757 1504 2823 sapientia
1543 2758 2050 2824 cointniniscuutur,
2090 2759 2296 2814 dicant.

743 2842 851 2897 Sed
888 2847 1010 2898 dum
1045 2848 1314 2906 laet-bunt,
1346 2849 1483 2903 haud
1518 2851 1761 2919 ignorent
1787 2866 1845 2904 se
1876 2849 2142 2921 Unigeniti
2180 2854 2304 2906 sob-

747 2937 1001 2988 stantiam
1039 2940 1250 2992 sznculis
1297 2942 1648 3007 posteriorem
1705 2944 2056 2996 constituere.
2095 2944 2301 2998 Etenim

745 3027 791 3080 si
827 3030 965 3094 quod
995 3031 1226 3097 spatium
1261 3032 1361 3082 fuit
1390 3031 1526 3084 Filio
1553 3033 1846 3099 antiquius,
1880 3034 2021 3100 quod
2059 3034 2306 3085 videlicet

745 3136 805 3175 se
842 3135 996 3187 mque
1027 3136 1088 3172 ac
1124 3121 1299 3172 Patris
1334 3123 1439 3173 vita
1473 3123 1806 3185 ostenderit,
1853 3124 2037 3190 tttiqne
2076 3123 2302 3174 alterum

745 3228 810 3266 ex
842 3211 924 3267 bis
960 3221 1097 3266 erat.
1153 3211 1255 3266 Sed
1303 3229 1400 3268 nec
1434 3223 1551 3281 est,
1595 3229 1693 3270 nec
1742 3215 1845 3268 erit
1888 3215 2143 3283 cogitatio
2182 3215 2301 3267 Filii

744 3305 1013 3357 exstantia
1053 3306 1345 3373 antiquior.
1385 3306 1514 3360 Nam
1551 3308 1694 3362 Omni
1735 3322 1808 3369 re,
1844 3322 1960 3374 qnze
1995 3307 2185 3360 ordine
2215 3325 2304 3357 an-

748 3395 1011 3463 tiquitatis
1041 3399 1331 3465 excogitari
1361 3409 1553 3467 potest,
1595 3399 1835 3453 anterior
1869 3400 2174 3453 invenietur
2221 3400 2306 3452 illa

748 3486 841 3538 Dei
885 3484 1044 3540 Verbi
1071 3487 1215 3554 quod
1245 3491 1381 3557 apud
1413 3490 1577 3543 Deum
1618 3507 1646 3543 a
1688 3491 1955 3558 principio
1994 3499 2129 3552 erat,
2167 3491 2308 3543 exsi-

747 3576 960 3629 stentia.
997 3576 1105 3629 Etsi
1130 3578 1271 3630 enim
1297 3592 1353 3631 se
1377 3579 1487 3646 ipsa
1518 3581 1792 3646 decipiens
1824 3596 1972 3634 mens
2008 3580 2308 3634 innumeris

752 3668 1262 3735 imaginationibus,
1316 3685 1479 3738 seque
1522 3687 1702 3724 rerum
1751 3687 1854 3726 non
1903 3673 2304 3726 subsistentium

749 3762 1068 3814 commentis
1107 3777 1392 3831 occupans,
1423 3778 1483 3815 ea
1519 3778 1636 3832 qua:
1673 3779 1775 3815 non
1816 3771 1940 3816 sunt
1967 3764 2306 3830 excogitave-

755 3851 852 3909 rit;
901 3852 1096 3902 nullam
1141 3855 1357 3906 omnino
1401 3856 1638 3908 inveniet
1679 3865 1884 3915 artem,
1937 3870 2039 3921 qua
2077 3855 2306 3921 seipsam

755 3942 925 4010 possit
967 3941 1103 3993 ultra
1151 3941 1417 4010 Unigeniti
1473 3947 1791 4013 principium
1841 3945 2162 4006 extendere,
2216 3952 2308 3995 aut

752 4035 914 4086 vitam
949 4032 1063 4102 ejus
1097 4036 1186 4103 qui
1222 4052 1316 4104 per
1345 4051 1403 4089 se
1437 4037 1539 4088 vita
1573 4048 1674 4100 cst,
1725 4053 1822 4089 suo
1849 4040 2014 4105 ipsius
2049 4049 2194 4090 ruotu
2229 4039 2306 4090 in—

754 4124 1000 4176 feriorem
1051 4126 1372 4195 relinquere,
1411 4133 1503 4178 aut
1551 4141 1645 4178 sua
1681 4128 2003 4194 cogitatione
2048 4128 2304 4193 originem

753 4213 846 4269 Dei
888 4219 1042 4272 Verbi
1077 4223 1475 4284 transcendere,
1504 4231 1593 4273 aut
1623 4219 1817 4272 swcula
1858 4217 1966 4272 Deo
1993 4218 2306 4272 swculurum

752 4306 1002 4361 deStituta
1030 4310 1129 4364 sibi
1163 4311 1378 4379 lingere.

820 4489 861 4518 “
890 4487 1050 4543 llebr.
1084 4507 1119 4552 ι,
1156 4492 1208 4545 9..

825 4607 936 4677 (75)
989 4607 1161 4658 ΕιΙίιίο
1217 4615 1442 4672 utraque
1508 4609 1640 4662 Ven.
1692 4617 1744 4663 et
1799 4607 1968 4660 Paris.
2035 4607 2169 4660 ἀλλὰ
2222 4607 2316 4660 καὶ

752 4679 928 4748 τούτῳ
961 4678 1052 4730 τὸν
1094 4678 1394 4748 Μονογενῆ,
1429 4689 1703 4748 corrupte.
1765 4679 1936 4748 Regii
1970 4681 2234 4730 Secundus
2263 4687 2316 4731 et

754 4743 977 4818 quartus
1003 4747 1137 4818 ἁλλᾲ
1174 4743 1268 4800 καί
1311 4743 1427 4810 τοῦ,
1451 4743 1494 4814 ᾧ
1539 4743 1628 4799 τὸν
1679 4743 1981 4815 Μονογενῆ,
2013 4749 2312 4818 emendate.

758 4814 922 4887 Igitur
955 4814 1143 4870 horum
1177 4821 1465 4871 verborum
1501 4822 1768 4871 sententia
1807 4814 1916 4870 bare
1949 4814 2036 4869 est
2068 4835 2080 4868 :
2132 4817 2311 4868 Mirari

757 4890 902 4943 subit
956 4888 1342 4950 Erinomianos,
1380 4889 1468 4957 qui
1535 4904 1638 4940 non
1701 4890 2001 4953 intelligunt
2055 4888 2205 4952 sequi
2249 4903 2322 4940 ex

758 4961 871 5012 suis
901 4959 1098 5019 verbis,
1150 4958 1344 5012 Filium
1379 4975 1482 5011 non
1533 4958 1692 5011 Patre
1747 4959 1916 5011 solum
1967 4960 2313 5023 posteriorem

757 5044 897 5092 esse,
924 5031 1014 5082 sed
1043 5044 1164 5081 eum
1202 5031 1364 5082 etiam
1418 5028 1772 5096 posteriorem
1807 5043 1926 5079 esse
1953 5047 2013 5080 ea
2065 5031 2174 5094 ipsa
2235 5043 2312 5096 re,

760 5113 853 5166 per
908 5113 1064 5163 quam
1116 5103 1286 5166 ipsum
1348 5117 1374 5150 ιι
1420 5095 1592 5150 Ῥιιιτιι
1653 5111 1929 5164 separant.
1981 5098 2138 5159 Illud,
2197 5095 2312 5156 τοῦ,

764 5167 968 5234 optime
993 5169 1376 5233 interpretatus
1400 5181 1482 5220 est
1521 5169 1774 5220 librarius
1808 5169 1856 5217 in
1893 5169 2130 5234 margine
2164 5166 2313 5234 llegii

761 5237 1009 5307 secundi,
1046 5253 1165 5288 cum
1205 5239 1272 5288 ita
1308 5239 1544 5306 scripsit,
1578 5237 1608 5304 ἢ
1656 5235 1905 5304 αἰῶνοςῆ
1958 5238 2168 5307 χρόνου.
2207 5239 2317 5288 lloe

761 5317 866 5371 est,
902 5305 1217 5359 Eunomiani
1245 5305 1476 5359 ellieiont
1501 5324 1714 5374 quoque
1739 5309 1930 5359 Filium
1968 5305 2312 5371 posteriorem

765 5379 883 5443 ipso
913 5393 1049 5438 aevo,
1084 5390 1174 5428 aut
1202 5379 1314 5444 ipso
1341 5389 1598 5445 tempore,
1627 5393 1853 5445 quorum
1886 5377 2165 5431 intervallo
2193 5391 2314 5430 eutn

763 5465 791 5500 a
826 5446 984 5498 Patre
1012 5447 1315 5514 sejnngunt.

836 5516 1144 5589 (16)C_odex
1174 5533 1388 5589 uitiiset
1482 5518 1702 5587 μεταξύ,

836 5535 946 5581 (HJ)
969 5535 1144 5567 υυιιιθΧ
1174 5535 1310 5568 1111115
1339 5535 1388 5570 τι
1428 5577 1436 5589 .
1482 5535 1702 5587 μεταξύ.

835 5587 949 5654 (Ti)
989 5585 1125 5638 Editi
1155 5535 1498 5641 ἐπινοῶν.ἷ1ιι
1531 5606 1654 5641 mss.
1693 5587 1842 5640 multi
1877 5587 2088 5643 ἐννοῶν.

839 5657 951 5722 (78)
990 5660 1078 5728 ῥίς
1102 5657 1220 5708 libri
1254 5667 1480 5728 “fleres.
1516 5659 1652 5727 Editi
1690 5656 1947 5728 περισσὸν
1981 5662 2070 5710 καὶ
2103 5657 2243 5725 ούχί.

839 5728 950 5796 (79)
984 5727 1270 5779 Ειίἰιίοιιεδ.
1294 5726 1398 5780 Ven
1447 5741 1498 5783 et
1525 5726 1696 5782 Paris.
1737 5726 2162 5795 Siephanwaqne
2193 5741 2312 5780 cum

768 5799 898 5865 Reg.
933 5799 1117 5862 qllltl'O
1147 5799 1208 5848 ἐκ
1249 5798 1320 5866 μὴ
1343 5799 1529 5852 ὄντων.
1565 5799 1739 5853 Codex
1777 5798 1926 5851 Coll).
1970 5810 2018 5849 ct
2046 5801 2153 5862 Reg
2208 5807 2314 5850 ter-

772 5872 874 5925 tius
902 5872 962 5922 ἐκ
995 5866 1066 5935 μὴ
1098 5867 1266 5933 ὄντος.
1308 5870 1405 5924 Alii
1432 5881 1659 5935 quatuor
1693 5885 1818 5925 mss.
1840 5870 1900 5920 ἐκ
1922 5868 2011 5920 τοῦ
2045 5871 2115 5934 μὴ
2146 5869 2314 5930 ὅντως.

1289 4492 1332 4523 ⁸⁸
1359 4491 1515 4544 Joan.
1561 4509 1595 4555 ι,
1622 4495 1675 4547 5.

2404 2021 2761 2091 συγχωροῦσι,
2802 2022 2939 2074 κατὰ
2971 2019 3223 2092 ἀλήθειαν
3262 2022 3666 2092 ἀφαιρούμενοι.
3725 2023 3957 2092 Ἐρωτή-

2404 2129 2583 2182 σωμεν
2611 2112 2720 2182 γὰρ
2750 2113 2940 2176 αὑτοὺς
2971 2114 3095 2175 τοὺς
3131 2113 3192 2163 ὲκ
3239 2112 3310 2182 μὴ
3341 2112 3505 2165 ὅντων
3551 2113 3660 2181 (79)
3695 2112 3970 2182 παράγονο

2401 2222 2496 2267 τας
2534 2204 2626 2256 τοῦ
2663 2205 2994 2271 Μονογενοῦς
3036 2205 3134 2276 τὴν
3171 2206 3354 2259 οὑσίαν
3379 2222 3392 2234 ·
3441 2206 3566 2258 Ὅτε
3607 2207 3707 2260 οὑκ
3751 2201 3853 2276 ἦν,
3893 2205 3968 2267 ῶς

2403 2315 2557 2364 φατε,
2585 2299 2637 2349 τε
2662 2293 2727 2368 ἦν
2751 2299 2925 2349 ἐκεῖνο
2956 2298 3014 2350 τὸ
3039 2297 3338 2369 διάστημα;
3368 2296 3487 2350 τίνα
3517 2298 3661 2368 αὑτῷ
3697 2314 3968 2370 προσηγο-

2406 2387 2522 2454 ρίαν
2546 2389 2890 2457 ἐπινοήσετες
2935 2387 2995 2438 Ἢ
3034 2388 3130 2457 μὲν
3160 2389 3268 2456 γὰρ
3307 2386 3458 2457 κοινὴ
3493 2387 3803 2456 συνήθειαῆ
3840 2389 3968 2458 χρό-

2404 2496 2511 2540 νοις
2559 2481 2589 2549 ἣ
2639 2481 2828 2533 αἰῶσιν
2875 2481 3016 2534 ἅπαν
3081 2480 3350 2552 διάστημα
3403 2479 3719 2532 ὑποϐάλλει·
3780 2481 3968 2550 ἐπειδὴ

2404 2571 2537 2638 ὅπερ
2572 2573 2626 2621 ὲν
2660 2575 2768 2634 τοῖς
2799 2573 3073 2642 αἰσθητοῖς
3104 2575 3132 2626 ὁ
3159 2574 3366 2642 χρόνος,
3395 2571 3552 2626 τοῦτο
3581 2573 3638 2623 ὲν
3665 2575 3773 2634 τοῖς
3803 2575 3966 2642 ὑπερ-

2406 2661 2650 2730 κοσμξοις
2688 2666 2718 2731 ἡ
2751 2664 2842 2714 τοῦ
2889 2664 3081 2728 αἰῶνος
3113 2663 3272 2733 φύσις
3309 2663 3475 2718 ἐστίν.
3513 2656 3669 2716 Οὗτοι
3702 2661 3794 2724 δὲ,
3831 2663 3884 2713 εῖ
3918 2681 3969 2714 τι

2402 2755 2582 2824 τρίτον
2626 2756 2688 2805 ὲκ
2715 2754 2812 2822 τῆς
2850 2755 3052 2806 ἑαυτῶν
3091 2756 3280 2823 σοφίας
3311 2754 3598 2818 ἐπινοοῦσι,
3636 2753 3964 2821 λεγέτωσαν.

2406 2843 2550 2904 Ἕως
2603 2841 2647 2893 δ’
2703 2841 2768 2894 ἂν
2829 2841 3089 2905 σιωπῶσι,
3143 2844 3214 2910 μὴ
3263 2843 3666 2897 λανθανέτωσαν
3709 2843 3970 2914 δευτέραν

2403 2933 2611 2986 αἰώνων
2639 2933 2737 3003 τὴν
2763 2932 2854 2986 τοῦ
2883 2933 3213 3000 Μονογενοῦς
3235 2933 3419 2984 οὑσίαν
3447 2935 3738 3002 τιθέμενοι.
3768 2935 3830 2986 Εἰ
3860 2934 3970 3005 γὰρ

2402 3022 2470 3096 ἦν
2500 3026 2606 3095 (80)
2644 3044 2692 3078 τι
2721 3027 2993 3096 διάστημα
3014 3023 3377 3097 πρεσϐύτερον
3415 3025 3506 3077 τοῦ
3531 3026 3679 3087 Υἰοῦ,
3717 3043 3962 3095 συμπαρ-

2405 3118 2769 3187 εκτεινόμενον
2826 3122 2891 3189 τῇ
2930 3117 3037 3189 ζωῇ
3079 3116 3172 3170 τοῦ
3210 3117 3442 3187 Πατρὸς,
3481 3116 3538 3168 ἐν
3571 3133 3623 3168 τι
3652 3116 3856 3168 τοὺτ-υν
3898 3112 3972 3186 ἦν

2407 3205 2662 3275 δηλονότι.
2723 3209 2858 3260 Ἀλλ’
2896 3208 3004 3260 οὔτ’
3039 3209 3200 3271 ἔστιν,
3252 3205 3374 3260 οὑτε
3430 3205 3503 3277 μὴ
3530 3206 3750 3275 γένηται
3791 3206 3970 3257 ἔννοια

2411 3297 2750 3365 πρεσϐυτέρα
2789 3298 2889 3365 τῆς
2919 3298 3012 3350 τοῦ
3048 3297 3381 3364 Μονογενοῦς
3416 3296 3784 3358 ὑποστάσεως.
3823 3296 3972 3347 [Iav-

2407 3387 2496 3447 τὺς
2527 3387 2632 3455 γάρ
2662 3385 2753 3437 τοῦ
2797 3387 3086 3455 δυναμένου
3132 3389 3210 3447 εἰς
3251 3388 3604 3459 ἀρχαιότητος
3649 3387 3806 3454 λόγον
3853 3390 3961 3439 ἐπι-

2407 3478 2638 3530 νοεῖσθαι
2670 3478 2913 3547 ἀνωτέρα
2951 3479 2982 3545 ἡ
3031 3475 3256 3546 ῦπαρξις
3289 3479 3380 3530 τοῦ
3413 3479 3546 3531 Θεοῦ
3581 3479 3754 3545 Λόγου
3783 3479 3876 3531 τοῦ
3915 3483 3971 3532 ἐν

2406 3573 2543 3642 ἀρχῇ
2571 3571 2719 3633 ὄντος
2747 3569 2876 3639 πρὸς
2901 3569 2991 3620 τὸν
3017 3567 3147 3619 Θεὸν
3177 3568 3545 3638 εὑρεθήσεται.
3577 3571 3716 3633 Κᾶν,
3750 3572 3972 3642 μυρίαις

2406 3662 2721 3730 φαντασίαις
2752 3660 2939 3713 ἑαυτὸν
2973 3658 3315 3728 ἐξαπατήσας
3348 3661 3375 3710 ὁ
3417 3659 3558 3724 νοῦς,
3592 3662 3682 3712 καὶ
3716 3666 3830 3724 τοῖς
3866 3662 3972 3712 τῶν

2414 3756 2769 3826 ἀνυπάρκτων
2818 3754 3187 3823 ἀναπὶιασμοίς
3241 3750 3563 3815 ἐπιϐάλλων,
3606 3753 3674 3804 τὰ
3718 3754 3792 3824 μὴ
3845 3755 3976 3806 ὄντα

2415 3850 2632 3917 περινοῇ
2668 3847 2797 3915 (81),
2827 3845 3077 3915 οὑδεμέαν
3110 3843 3214 3897 τῶν
3245 3842 3434 3896 πασῶν
3468 3844 3707 3912 μηχανὴν
3749 3845 3976 3913 ἐξευρὴ-

2416 3956 2518 4003 σει,
2546 3939 2609 3990 δι’
2633 3934 2700 4008 ἦς
2728 3939 3010 4008 δυνήσεται
3042 3937 3139 4006 τῆς
3169 3935 3340 4008 ἀρχῆς
3374 3934 3467 3987 τοῦ
3497 3934 3832 4002 Μονογενοῦς
3859 3939 3979 3988 ἑαυ-

2414 4030 2502 4081 τὸν
2536 4027 2842 4098 ὑπερθεῖναι
2865 4045 2878 4060 ·
2915 4028 3006 4081 καὶ
3043 4028 3352 4098 κατωτέραν
3383 4025 3475 4079 τοῦ
3516 4026 3640 4079 ἰδίου
3676 4028 3976 4096 κινήματος

2412 4123 2509 4192 τὴν
2555 4122 2697 4190 ζωὴν
2749 4120 3063 4174 καταλιπεῖν
3101 4120 3197 4187 τῆς
3233 4119 3542 4188 αὑτοζωῆς·
3591 4119 3682 4171 καὶ
3731 4118 3810 4188 τῷ
3861 4119 3979 4188 ἰδίῳ

2412 4215 2551 4284 λόγῳ
2595 4213 2686 4266 τοῦ
2735 4212 2866 4264 Θεοῦ
2927 4213 3098 4278 Λόγου
3140 4211 3238 4279 τὴν
3283 4211 3456 4281 ἀρχὴν
3499 4211 3829 4281 ὑπερϐῆναι·
3880 4211 3978 4262 καὶ

2413 4306 2612 4368 αἰῶνας
2648 4303 2973 4357 ἐποπτεῦσαι
3003 4302 3111 4371 (89.)
3143 4302 3376 4370 ἐρήμους
3418 4301 3511 4353 τοῦ
3539 4301 3670 4353 Θεοῦ
3703 4303 3812 4354 τῶν
3845 4303 3976 4354 αἰώ-

2345 4386 2386 4439 D
2416 4414 2539 4450 νων.

2488 4601 2595 4671 (80)
2627 4599 2760 4652 Editi
2787 4601 2954 4672 Εἴπερ
2980 4599 3083 4673 γὰρ
3106 4596 3193 4673 ἦν.
3226 4601 3294 4653 At
3326 4617 3466 4673 mss.
3495 4601 3556 4654 Εἰ
3583 4601 3688 4673 γὰρ
3719 4597 3806 4672 ἦν.
3848 4601 3974 4655 Sta-

2419 4651 2674 4726 ιῖιιῖἶιίεὲ.
2710 4651 2952 4725 nomen;
2991 4651 3482 4734 ὀὺἳέγέστινξοὺδὲ
3496 4651 3970 4741 ᾙιῆξίἧιὲέμῖέξε

2418 4744 2522 4796 Sed
2553 4757 2642 4792 nec
2664 4751 2760 4804 est,
2799 4759 2887 4795 nec
2920 4741 3020 4794 erit
3046 4741 3312 4805 antiquior
3334 4757 3516 4794 sensus
3548 4741 3812 4808 Unigeniti
3849 4747 3975 4794 sub-

2417 4813 2676 4866 sistentia.
2712 4811 2839 4873 Sed,
2877 4812 2980 4864 nisi
3008 4810 3160 4863 valde
3189 4810 3368 4874 fallor,
3395 4827 3494 4864 vox
3529 4811 3826 4873 ὑπόστασις
3862 4823 3973 4866 tum

2421 4885 2547 4940 hoc,
2579 4890 2688 4936 tum
2723 4882 2991 4935 similibus
3027 4879 3180 4951 locis,
3215 4896 3318 4934 non
3367 4881 3555 4934 stricte
3585 4881 3838 4943 sumitur,
3876 4900 3973 4951 pro

2420 4967 2645 5020 persona
2703 4951 2970 5004 videlicet.
3029 4949 3279 5020 Arbitror
3316 4951 3476 5020 igitur
3513 4963 3693 5003 vocem
3733 4949 3972 5006 ὑπόστα-

2421 5018 2503 5084 σις
2533 5022 2616 5075 ltic
2657 5023 2796 5076 sumi
2821 5020 3016 5090 debere
3048 5019 3359 5090 latius,pro
3391 5018 3711 5077 substantia.
3748 5033 3838 5074 aut
3873 5040 3972 5090 pro

2419 5104 2632 5152 natura,
2669 5093 2747 5146 sic
2783 5089 2977 5159 lllulIOC
3004 5089 3119 5143 loco
3154 5089 3450 5152 ὑπόστασις
3481 5090 3616 5143 idem
3643 5089 3973 5159 valcatqimd

2419 5161 2699 5224 σύστασις,
2731 5169 2824 5212 aut
2850 5157 3101 5229 ῦπαρξις,
3135 5160 3452 5221 constitutio,
3485 5157 3976 5220 subsistentiaana-

2417 5244 2556 5292 tura,
2595 5243 2702 5285 etc.
2735 5229 3030 5282 Notandum
3085 5231 3249 5283 etiam
3303 5245 3485 5282 vocem
3531 5232 3863 5282 subsistentia
3900 5232 3971 5282 ita

2420 5303 2736 5354 familiarem
2771 5299 2936 5352 fuisse
2966 5300 3267 5365 interpreti,
3307 5311 3363 5353 ut
3393 5301 3603 5367 quoties
3631 5315 3731 5351 vox
3780 5300 3974 5353 σύσταο

2420 5389 2503 5434 σις
2550 5371 2807 5433 occurrit,
2845 5371 3081 5422 occurrit
3127 5381 3304 5422 autem
3354 5371 3568 5435 :a3pius,
3598 5382 3716 5421 eam
3764 5386 3976 5438 semper

2418 5443 2608 5496 reddat
2641 5439 2831 5493 Latine
2874 5440 3264 5491 subsistenlinm
3299 5457 3315 5493 :
3349 5438 3490 5505 quod
3550 5454 3726 5502 nemo,
3763 5444 3977 5507 opinor,

2418 5513 2576 5566 Ιιοιιιο
2605 5509 2937 5580 probaverit,
2980 5509 3198 5580 cum_iis
3239 5509 3291 5562 in
3344 5510 3479 5562 locis
3513 5523 3622 5580 non
3647 5512 3875 5564 obscure
3905 5513 3976 5561 si-

2417 5577 2637 5651 gniticet
2669 5579 2893 5651 aliquid,
2933 5579 3074 5651 quod
3108 5577 3250 5651 Patri
3279 5595 3431 5645 :eqne
3476 5594 3538 5628 ac
3588 5577 3744 5641 Filio,
3780 5595 3974 5632 conve-

2419 5649 2527 5705 niat
2567 5670 2578 5702 :
2611 5649 2753 5718 quod
2779 5649 2843 5702 de
2873 5650 3224 5718 subsistentia
3254 5650 3359 5700 dict
3395 5661 3497 5699 non
3537 5665 3693 5718 posse
3740 5659 3976 5702 consul.

2487 5722 2595 5788 (8l)
2630 5716 2759 5787 lleg.
2802 5730 3026 5788 quartus
3065 5716 3137 5786 μὴ
3160 5719 3288 5771 ὄντα
3320 5720 3528 5787 ἐπινοῇ.

2490 5786 2600 5859 (8:!)
2633 5786 2880 5859 Ειιιιίςει
2933 5788 3135 5854 aliquot
3183 5805 3309 5844 mss.
3349 5786 3705 5844 ὑποπτεῦσαι.
3738 5791 3838 5844 Alii
3867 5800 3977 5844 tres

2419 5857 2544 5917 mss.
2580 5857 2927 5925 ἐποπτεῦσαι,
2956 5859 3167 5913 rectius.
