4208 6486
789 429 892 479 605

2117 420 2172 472 S.
2213 417 2452 469 BASILII
2494 415 2704 466 MAGNI

3909 416 4011 467 60$

788 543 952 593 stens,
991 530 1178 597 inquit,
1209 530 1423 597 genitus
1459 539 1562 584 est.
1594 530 1732 598 Ergo
1769 538 1948 597 postea
1984 530 2034 581 in
2080 527 2342 581 accessio—
2375 531 2413 583 Α
2445 535 2450 569 l

2375 531 2413 583 Α
2445 526 2556 576 Οὐκ
2590 525 2682 587 ῶν,
2720 523 2900 592 φησιν,
2936 524 3213 596 ἐγεννήθη.
3247 525 3449 578 θᾶκοῦν
3473 524 3547 595 (5)
3580 525 3810 599 ὕστερον
3842 542 4008 597 προσ-

791 627 873 677 nis
900 621 1054 690 251
1092 622 1306 675 modum
1342 621 1552 690 genitus
1577 630 1674 676 est.
1714 619 1863 685 Quod
1894 621 1935 673 si
1970 622 2070 673 hoc
2099 635 2199 674 non
2231 626 2348 671 erat

790 714 839 765 in
877 709 1161 781 principio,
1193 721 1248 762 ut
1289 725 1384 763 vos
1424 711 1638 777 dicitis;
1679 724 1839 780 quam
1892 725 2122 779 pugnam
2164 706 2350 761 clario-

792 817 903 855 rem
955 803 1215 856 adversus
1253 800 1663 873 Evangeliorum
1704 817 1866 856 voces
1900 803 2093 873 quibus
2123 798 2348 854 credidi-

789 908 925 955 mus,
957 893 1128 962 possit
1157 892 1279 960 quis
1306 892 1634 948 ostendere?

857 982 942 1036 16.
989 981 1051 1034 Et
1081 983 1295 1049 quidem
1345 985 1426 1036 cui
1475 997 1650 1034 rerum
1698 997 1851 1052 aiquo
1879 979 2188 1037 aestimatori
2215 979 2345 1034 illud

788 1090 891 1127 non
940 1074 1279 1142 probabitur,
1313 1073 1454 1140 quod
1485 1082 1540 1124 ut
1564 1075 1749 1128 oculus
1778 1091 1842 1127 ex
1873 1075 2002 1127 locis
2033 1071 2346 1125 illuminatis

786 1180 1068 1232 egressus,
1125 1165 1430 1218 necessario
1475 1164 1544 1216 ob
1597 1165 1948 1232 privationem
2007 1161 2222 1215 luminis
2279 1164 2346 1217 ab

786 1257 1002 1310 actione
1046 1264 1253 1320 cessat;
1304 1255 1378 1308 ita
1422 1269 1635 1324 quoque
1664 1268 1714 1310 ct
1752 1270 1900 1310 mens
1931 1254 1977 1308 si
2015 1252 2347 1323 imaginatio-

785 1347 946 1398 nibus
981 1355 1130 1398 extra
1164 1345 1215 1398 id
1235 1347 1374 1415 quod
1410 1355 1489 1399 est
1517 1348 1890 1416 compellatur,
1920 1345 2144 1400 veritate
2179 1346 2345 1398 instar

785 1437 1060 1505 cujusdam
1114 1436 1247 1492 lucis
1299 1437 1604 1503 deﬁciente,
1653 1436 1892 1502 confusa,
1943 1452 2003 1491 ac
2055 1437 2344 1493 stoliditate

785 1527 1060 1591 laborans,
1090 1527 1386 1596 intelligere
1427 1528 1665 1584 desinit?
1698 1527 1926 1582 Proinde
1960 1543 2132 1598 neque
2159 1530 2342 1584 oculus

782 1627 936 1670 extra
980 1617 1152 1672 lucem
1203 1615 1319 1669 visu
1374 1619 1571 1686 poterit
1620 1617 1719 1680 iiti,
1766 1631 1939 1685 neque
1982 1619 2158 1672 anima
2190 1628 2340 1673 extra

787 1707 1058 1778 Unigeniti
1125 1709 1398 1760 nOtioncin
1468 1708 1724 1775 abrepta,
1788 1709 2118 1779 intelligendi
2185 1725 2340 1763 usum

786 1802 1006 1855 habere.
1041 1795 1175 1852 Nam
1224 1812 1256 1853 a
1309 1801 1535 1853 veritate
1587 1801 1854 1864 excidere,
1893 1802 2134 1870 qumdam
2165 1811 2248 1855 est
2288 1801 2339 1855 in

2449 615 2786 686 γεγέννηται.
2825 616 2885 667 Ei
2928 615 2984 666 δὲ
3026 616 3179 668 τοῦτο
3212 621 3266 671 ὲν
3296 621 3435 692 ἀρχῇ
3477 616 3573 670 οὑκ
3608 614 3698 687 ἦν,
3731 621 3808 684 ῶς
3852 636 4007 690 φατε,

2446 707 2564 761 τίνα
2613 706 3070 776 περιφανεστέραν
3113 707 3288 778 μάχην
3327 708 3610 776 ἐπιδείξειέ
3640 726 3726 772 τις
3764 712 3843 778 (6)
3877 711 4008 783 πρὸς

2447 795 2547 858 τὰς
2570 796 2751 864 φωνὰς
2781 797 2886 850 τῶν
2912 795 3251 863 Εὐαγγελίων
3281 793 3367 861 αἷς
3393 797 3865 866 πεπιστεύκαμεη

2518 978 2601 1032 16.
2626 980 2738 1032 -Καί
2769 980 2871 1050 μὴν
2895 979 3065 1033 ἐκεῖνό
3086 995 3148 1047 γε
3174 979 3277 1032 τίνι
3303 979 3398 1030 οὐκ
3424 979 3486 1032 ἂν
3515 983 3619 1035 τῶν
3649 980 4005 1052 εὐγνωμόνων

2448 1069 2763 1134 συνδόξειεν,
2796 1071 2877 1123 ὅτι
2912 1072 3094 1142 ῶσπερ
3124 1069 3414 1139 ὀφθαλμὸς,
3451 1073 3554 1123 τῶν
3591 1074 4004 1145 περιλαμπομέο

2445 1177 2549 1211 νων
2577 1159 2754 1211 τόπων
2793 1160 3034 1213 ἐκπεσὼν
3071 1162 3166 1229 (7),
3197 1160 3504 1229 ἀναγκαίως
3551 1162 3617 1214 δι’
3651 1167 3885 1236 ἐρημίαν
3917 1163 4006 1214 τοῦ

2446 1249 2617 1319 φωτὸς
2640 1251 2736 1320 τῆς
2766 1252 3039 1319 ἐνεργείας
3062 1254 3292 1317 ἵσταται,
3317 1251 3458 1304 οὕτω
3489 1252 3544 1304 δὲ
3579 1255 3670 1305 καὶ
3695 1259 3723 1306 ὁ
3751 1258 3900 1320 νοῦς,
3919 1254 4005 1307 ἐπὶ

2443 1345 2502 1396 τὸ
2535 1342 2636 1405 ἔξω
2665 1343 2757 1395 τοῦ
2781 1344 2930 1406 ὄντος
2956 1349 3072 1408 ταῖς
3098 1345 3415 1414 φαντασίαις
3444 1344 3872 1414 είσδιαζὸμενος,
3898 1345 4005 1400 οἷον

2444 1452 2583 1496 τινος
2617 1436 2789 1502 φωτὸς
2830 1436 2925 1505 τῆς
2968 1435 3222 1504 ἀληθείας
3261 1434 3642 1503 ἐπιλειπούσης
3666 1434 3766 1503 (8),
3812 1455 4007 1506 cunu-

2445 1525 2553 1587 Οεὶς
2585 1524 2674 1576 καὶ
2712 1526 3036 1596 ἀνοηταίνων
3074 1530 3169 1598 τῆς
3201 1531 3433 1598 νοήσεως
3462 1529 3749 1597 ἀπολήγει;
3785 1530 3910 1580 Οὕτ⁹
3944 1533 4004 1582 ἂν

2443 1613 2532 1671 οὖν
2557 1615 2826 1686 ὀφθαλμὸς
2849 1617 2950 1682 ἔξω
2982 1617 3073 1670 τοῦ
3108 1620 3279 1686 φωτὸς
3305 1621 3380 1691 τῷ
3413 1622 3541 1692 ὁρᾷν
3561 1618 3796 1690 χρῆσθαι
3829 1619 4006 1671 δύναι-

2442 1727 2520 1773 το,
2546 1708 2665 1762 οὔτε
2697 1708 2859 1778 ψυχὴ.
2897 1711 2995 1779 τῆς
3058 1709 3154 1762 τοῦ
3191 1711 3522 1778 Μονογενοῦς
3566 1710 3769 1774 ἐννοίας
3812 1728 4006 1781 παρεν-

2448 1802 2685 1872 εχΘεῐσα,
2715 1803 2780 1870 τῇ
2808 1803 2987 1871 νοήσει
3017 1801 3331 1873 κεχρῆσθαι.
3381 1805 3443 1857 Ἦ
3478 1805 3584 1876 γὰρ
3631 1803 3728 1874 τῆς
3752 1802 4006 1873 ἀληθείας

785 1893 964 1946 animo
990 1890 1222 1962 privatio
1253 1891 1400 1944 visus
1429 1901 1590 1958 atque
1622 1892 1859 1945 etecitas.
1893 1893 2069 1958 Quare
2101 1907 2234 1945 vana
2262 1903 2343 1946 est
2376 1880 2414 1933 Β
2443 1921 2447 1943 4

2341 1936 2343 1943 ,
2376 1880 2414 1933 Β
2443 1896 2749 1956 ἀπόπτωσις
2778 1894 3005 1964 ἀορασία
3026 1895 3138 1946 ἐστί
3159 1894 3389 1957 διανοίας
3413 1897 3504 1947 καὶ
3528 1897 3816 1966 τύφλωσις.
3845 1895 4003 1947 Ὥστε

784 1996 967 2048 mens,
1023 1988 1425 2049 exeaacataquc,
1476 1991 1530 2034 et
1577 1981 1734 2048 plane
1791 1980 2142 2050 intelligentia
2198 1983 2340 2034 omni

783 2074 1074 2137 destituta,
1123 2088 1241 2142 qua;
1289 2088 1349 2128 se
1381 2071 1664 2141 Unigeuito
1706 2072 2009 2142 antiquiora
2057 2073 2345 2140 apprchen-

785 2166 929 2220 disse
968 2165 1288 2230 arbitratur,
1329 2165 1470 2220 haud
1504 2165 1680 2232 aliter,
1722 2174 1882 2234 atque
1931 2166 1977 2220 si
2025 2165 2143 2234 quis
2190 2165 2344 2218 oculo

785 2259 876 2328 qui
912 2258 966 2312 in
997 2257 1244 2313 tenebras
1278 2255 1447 2310 aciem
1489 2255 1694 2326 deligit,
1724 2271 1950 2310 acumen
1991 2256 2135 2308 visus
2169 2253 2344 2310 inesse

788 2351 1031 2396 testetur.
1070 2340 1138 2394 In
1171 2340 1364 2393 lumine
1402 2341 1542 2396 enim
1577 2352 1687 2406 tuo,
1714 2341 1904 2408 inquit,
1941 2337 2219 2393 videbimus
2264 2340 2344 2393 lu-

784 2449 901 2486 men
933 2433 1001 2486 ".
1052 2431 1152 2498 Qui
1198 2443 1374 2487 autem
1428 2431 1762 2487 intellexisse
1816 2444 1875 2485 se
1928 2431 2091 2494 dicit,
2134 2433 2345 2501 quando

786 2526 1020 2578 nondum
1053 2534 1172 2579 erat
1206 2524 1417 2589 lumen;
1456 2523 1648 2579 similis
1678 2524 1742 2580 iis
1776 2531 1878 2587 est,
1911 2523 2000 2593 qui
2034 2523 2086 2577 in
2119 2523 2345 2594 phrene—

789 2619 890 2672 tiea
932 2617 1126 2671 mentis
1171 2616 1465 2681 emotione,
1496 2630 1558 2670 ea
1609 2633 1726 2686 qua:
1771 2631 1872 2670 non
1919 2615 2134 2680 adsunt,
2169 2615 2346 2669 videre

785 2712 888 2764 sibi
939 2712 1205 2765 videnlur.
1264 2709 1396 2763 Nam
1443 2726 1562 2778 quae
1617 2711 1756 2762 ultra
1809 2708 2001 2761 Filium
2052 2716 2196 2772 sunt,
2239 2721 2343 2761 non

786 2803 1163 2871 intelliguntur
1192 2819 1205 2854 :
1241 2803 1501 2870 siquidem
1535 2800 1676 2868 quod
1709 2799 1866 2852 oculo
1899 2809 1979 2851 est
2012 2799 2186 2851 lumen
2219 2813 2342 2852 sen-

785 2892 962 2956 sibilo,
999 2893 1100 2946 hoc
1155 2893 1338 2945 animo
1386 2900 1467 2942 est
1514 2891 1649 2943 Deus
1687 2887 1941 2943 Verbum.
1994 2887 2122 2940 Erat
2173 2889 2342 2951 enim,

790 2979 982 3048 inquit,
1015 2977 1108 3031 lux
1156 2995 1297 3042 vera,
1343 2994 1460 3047 (μίαν
1509 2976 1766 3029 illuminat
1832 2991 2032 3027 omnem
2090 2974 2345 3026 hominem

787 3073 1071 3124 venientem
1104 3071 1156 3123 in
1196 3071 1330 3123 lium:
1375 3070 1624 3122 mundum
1660 3068 1726 3123 ⁸⁷.
1763 3066 2097 3137 Quapropter
2146 3064 2343 3126 anima,

787 3177 911 3228 quae
969 3161 1268 3213 illuminata
1325 3175 1428 3213 non
1483 3171 1586 3223 est,
1623 3159 1751 3213 nihil
1805 3167 1978 3227 potest
2029 3154 2342 3223 intelligere.

786 3251 1067 3319 Quomodo
1106 3251 1266 3318 igitur
1315 3251 1452 3304 ultra
1504 3251 1723 3304 luminis
1761 3250 2155 3319 generationem
2189 3247 2345 3317 quid-

787 3355 947 3410 quam
978 3340 1359 3409 comprehendi
1395 3340 1607 3408 possit?
1643 3339 1934 3410 Oportebat
1968 3350 2166 3405 autem,
2201 3348 2349 3408 puto,

786 3449 882 3488 eos
913 3433 1106 3503 quibus
1133 3432 1216 3488 vel
1256 3433 1516 3486 tantulum
1547 3447 1689 3486 cura:
1722 3444 1865 3486 esset
1897 3436 2115 3495 veritas,
2141 3443 2350 3502 postea-

789 3542 976 3595 quam,
1013 3525 1284 3595 corporeis
1335 3525 1777 3579 similitudinibus
1825 3523 2063 3585 omissis,
2109 3525 2352 3577 notiones

789 3620 883 3674 Dei
921 3635 1017 3689 per
1047 3617 1348 3672 materiales
1382 3615 1794 3681 imaginationes
1829 3614 2181 3683 eoinquinare
2209 3615 2352 3667 desi-

790 3714 980 3774 issent,
1006 3721 1114 3764 ttuu
1155 3713 1366 3764 demum
1404 3710 1652 3763 traditam
1686 3707 1838 3761 nobis
1868 3725 1895 3759 a
1927 3717 2114 3761 sancto
2150 3705 2350 3774 Spiritu

792 3805 1111 3872 theologiam
1163 3803 1335 3871 sequi,
1370 3810 1529 3870 atque
1573 3816 1670 3870 pro
1712 3801 1778 3854 iis
1812 3801 2194 3870 quazstionibus
2237 3815 2354 3869 quae

792 3897 860 3950 ab
889 3896 1265 3966 aanigtnatibus
1293 3894 1426 3948 nihil
1460 3895 1676 3958 absunt,
1714 3903 1769 3948 et
1805 3909 1940 3962 quas
1984 3893 2037 3947 in
2071 3904 2355 3962 utramque

790 3996 1000 4056 partem
1049 3987 1292 4056 accipere
1339 3985 1698 4057 periculosum
1732 3994 1836 4048 est,
1869 3983 2084 4053 dignam
2118 3982 2226 4036 Deo
2258 3997 2351 4052 ge-

791 4079 1128 4134 nerationem
1181 4079 1502 4148 intelligere.
1539 4077 1939 4149 impassibilem,
1980 4076 2344 4141 insecabilem,

791 4170 1195 4234 indivisibilein,
1233 4172 1349 4224 sine
1403 4181 1658 4238 tempore,
1696 4170 1867 4224 instar
1903 4168 2288 4239 resplendentis
2317 4183 2345 4221 a

791 4261 913 4318 luce
938 4261 1091 4327 radii,
1127 4261 1191 4314 ad
1222 4260 1457 4314 divinam
1499 4261 1902 4327 generationem
1937 4261 2158 4324 ductos;
2193 4259 2348 4314 intel-

861 4398 1060 4453 “Psal.
1089 4412 1250 4461 xxxv,
1275 4394 1362 4452 l0.
1423 4396 1466 4427 "’
1499 4392 1655 4448 Joan.
1692 4411 1730 4460 I,
1763 4395 1816 4448 9.

865 4567 941 4635 (ὅ)
977 4565 1114 4619 Editi
1136 4575 1192 4618 et
1220 4565 1324 4618 duo
1353 4581 1483 4618 mss.
1522 4566 1636 4618 Οὐκ
1665 4565 1758 4617 ὢν.
1791 4563 2078 4632 luterprcs,
2122 4582 2222 4619 non
2256 4582 2349 4618 ex-
2384 4573 2426 4628 υ

792 4637 978 4689 sistens
1031 4645 1206 4703 postea
1245 4646 1394 4686 natus
1444 4645 1538 4687 est.
1573 4639 1640 4688 At
1674 4635 1838 4687 codex
1886 4636 2037 4687 Colb.
2081 4650 2201 4689 cum
2236 4635 2346 4690 lie-

794 4707 894 4776 giis
913 4704 1170 4776 secundo,
1207 4705 1363 4776 tertio
1395 4713 1444 4757 et
1470 4715 1663 4772 quarto
1702 4704 1905 4756 Οὐκοῦν
1949 4722 1962 4756 :
1998 4704 2222 4757 Proinde
2252 4723 2344 4773 ge-

795 4774 1003 4828 neratus
1027 4774 1174 4826 estin
1211 4775 1420 4826 modum
1452 4778 1786 4830 accessionis,
1819 4790 1933 4829 seu.
1960 4790 2048 4837 per
2085 4779 2344 4828 accessio-

795 4861 934 4906 nem,
965 4854 1125 4898 recte.
1167 4842 1366 4914 Ibidem
1396 4844 1499 4897 duo
1524 4860 1650 4898 mss.
1681 4843 2131 4914 προσγεγένηται.

866 4913 944 4984 (6)
971 4914 1193 4984 Codices
1233 4913 1335 4984 duo
1364 4928 1482 4984 cum
1533 4915 1692 4968 editis
1731 4913 2017 4978 ἐπιδείξειε
2045 4931 2175 4984 (τις.
2208 4914 2340 4980 Reg.

797 4982 1060 5038 seCuiulus
1080 4982 1386 5046 ἐπιδείξειεν
1417 4983 1479 5036 ἀν
1498 5000 1599 5047 τις.
1627 4985 1725 5037 Alii
1753 4987 1856 5037 duo
1879 4999 2009 5040 tttss.
2038 4983 2346 5048 ἐπιδείξαντ’

795 5054 862 5107 ἄν
885 5071 990 5116 τις.

867 5123 942 5190 (7)
975 5123 1108 5174 Editi
1134 5133 1185 5176 et
1223 5123 1598 5192 Reg.iquiutus
1645 5124 1913 5176 ἐκπεσών.
1946 5122 2047 5175 Alii
2081 5137 2172 5176 sex
2218 5141 2344 5178 mss.

798 5192 1138 5261 ὑπερπεσών.
1176 5191 1317 5245 Mox
1351 5191 1481 5257 Reg.
1519 5196 1703 5245 tertius
1746 5195 1976 5245 secunda
2021 5209 2176 5245 manu
2211 5194 2349 5246 οὕτω

797 5261 883 5331 δή.
918 5263 1113 5315 Ibidem
1140 5264 1265 5316 editi
1292 5261 1383 5313 τοῦ
1413 5262 1597 5322 ὅντως.
1640 5264 1706 5313 At
1739 5279 1864 5315 tuss.
1894 5261 1985 5313 τοῦ
2020 5262 2350 5326 ὅντος,εαιι·ιι

799 5348 905 5384 rem
930 5347 1043 5398 ante
1073 5343 1143 5383 est
1169 5348 1187 5384 :
1214 5332 1291 5384 vel
1324 5331 1652 5397 simpliciter,
1691 5344 1837 5382 extra
1868 5348 1976 5383 rem
2006 5347 2022 5382 :
2073 5345 2218 5385 extra
2261 5351 2350 5386 ve-

800 5417 912 5450 rum
934 5415 952 5452 :
974 5411 1118 5452 ραιτιι
1150 5417 1370 5470 a'quum.
1400 5400 1603 5455 Rursus
1629 5401 1731 5453 hoc
1756 5403 1866 5468 ipso
1885 5403 1935 5452 in
1963 5401 2079 5454 loco
2099 5403 2348 5458 duoniss.

802 5470 1198 5539 ἐκϐιαζόμενος.

872 5541 944 5610 (8)
978 5538 1112 5592 Editi
1153 5550 1207 5592 et
1245 5555 1380 5610 unus
1418 5554 1517 5591 ms.
1551 5539 1924 5608 ἐπιλιπούσης.
1955 5538 2180 5593 Veteres
2210 5558 2346 5608 qua-

802 5609 922 5678 nim
953 5611 1065 5662 libri
1092 5609 1492 5678 ἐπιλειπούσης.
1542 5611 1828 5678 Aliquanto
1873 5619 1993 5677 post
2029 5611 2159 5663 editi
2211 5613 2348 5664 Οΰτε

798 5674 910 5734 οὖν.
942 5681 1162 5733 Codices
1199 5681 1398 5747 aliquot
1430 5674 1557 5729 Οΰτ*
1597 5674 1659 5730 ἂν
1693 5676 1805 5734 οὖν.
1831 5674 2068 5733 subinde
2102 5696 2228 5736 mss.
2249 5685 2352 5735 duo

799 5749 980 5870 νοίὶσῐι
1010 5752 1354 5820 κεχρήσεται.
1386 5750 1487 5803 Alii
1517 5751 1730 5818 quidam
1767 5766 1896 5806 mss.
1928 5763 2048 5804 cum
2069 5751 2226 5808 editis
2261 5769 2351 5804 κε-

800 5834 940 5870 γοησ
974 5836 1046 5870 αι.

798 5834 1046 5886 χρησυαι.

2446 1985 2671 2054 μάταιός
2697 1986 2810 2036 ἐστι
2839 1983 2960 2047 νοῦς
2999 1987 3091 2038 καὶ
3112 1984 3445 2051 τετύφλωται
3470 1985 3564 2054 (9),
3590 1987 3663 2055 τῷ
3691 1969 3806 2039 ὖντι
3842 1985 4004 2056 μηδὲν

2443 2076 2816 2142 ἐπ;στὰμενος,
2849 2076 2875 2127 ὁ
2907 2075 2972 2128 τὰ
3012 2075 3102 2128 τοῦ
3135 2073 3465 2141 Μονογενοῦς
3499 2076 3844 2146 πρεσϐύτερα
3878 2092 4007 2128 κατ-

2444 2166 2716 2235 ειληφέναι
2747 2167 2954 2238 φρονῶν
2972 2185 2983 2196 ⁸
3008 2167 3197 2236 ὥσπερ
3218 2165 3279 2218 ἂν
3309 2165 3356 2217 εί
3387 2167 3479 2218 καὶ
3504 2165 3763 2235 ὀφθαλμῴ
3786 2184 3868 2230 τις
3895 2168 4006 2231 ὀξυ·

2442 2261 2614 2315 ωπίαν
2642 2261 3083 2333 προσμαρτυροίη
3110 2259 3241 2330 (10),
3268 2263 3378 2322 τοίς
3405 2260 3806 2330 ὲσκοτισμένοις
3829 2263 4008 2313 ἐνατει

2443 2354 2656 2416 νίζοντι.
2724 2354 2824 2406 Ἐν
2875 2353 2953 2418 τῷ
3002 2355 3148 2421 φωτί
3199 2370 3314 2407 σου
3354 2352 3480 2424 γὰρ,
3511 2355 3694 2424 φησὶν,
3739 2356 4008 2423 ὀψόμεθα

2441 2443 2584 2513 φῶς.
2626 2445 2681 2496 Ὀ
2705 2444 2759 2496 δὲ
2786 2444 2842 2496 ἐν
2866 2445 3160 2515 καταλήψει
3191 2443 3284 2497 τοῦ
3313 2445 3398 2496 ὅτε
3426 2444 3576 2497 οὔπω
3596 2442 3659 2515 ἦν
3689 2446 3750 2497 τὸ
3781 2445 3895 2512 φῶς
3928 2460 4008 2510 γε-

2443 2537 2650 2606 γονέναι
2702 2534 2923 2604 φάσκων
2977 2537 3347 2608 παραπλήσιον
3385 2536 3617 2588 πέπονθε
3659 2537 3770 2605 (ll)
3810 2538 3922 2597 τοῖς
3955 2537 4007 2585 ἐν

2446 2629 2696 2682 ἐκστάσει
2732 2631 3010 2698 φρενιτικῇ
3044 2630 3172 2698 ὁρᾷν
3217 2623 3636 2696 φανταζομένοις
3664 2627 3733 2679 τὰ
3767 2627 3842 2696 μὴ
3874 2642 4010 2693 παρ-

2442 2721 2589 2773 όντα.
2619 2720 2698 2773 Τά
2724 2718 2829 2790 γὰρ
2864 2719 3000 2789 ὑπὲρ
3025 2718 3113 2770 τὸν
3143 2717 3265 2769 Υίὸν
3293 2717 3353 2769 οὐ
3386 2719 3606 2770 νοεῖται.
3647 2716 3866 2782 Ἐπειδὴ
3909 2716 3937 2766 ὃ
3961 2731 4009 2765 τι

2446 2828 2550 2880 περ
2583 2810 2842 2881 ὀφθαλμῷ
2873 2810 2929 2862 τὸ
2969 2809 3219 2880 αἰσθητόν
3266 2809 3380 2860 ἐστι
3421 2807 3557 2875 φῶς,
3606 2807 3764 2860 τοῦτο
3806 2806 3949 2875 ψυχῇ
3985 2806 4010 2856 ὁ

2445 2902 2574 2966 Θεὸς
2607 2904 2721 2955 ἐστι
2748 2904 2936 2970 Λόγος.
2969 2896 3077 2956 Ἦν
3109 2901 3236 2970 γὰρ,
3273 2899 3421 2971 φησὶ,
3459 2900 3524 2953 τὸ
3548 2898 3671 2968 φῶς
3702 2899 3767 2952 τὸ
3807 2900 4010 2962 ἀληθι-

2445 2993 2575 3055 νὸν,
2623 2992 2654 3045 ὃ
2707 2989 2930 3061 φωτίζει
2977 2991 3170 3044 πάντα
3215 2991 3523 3058 ἄνθρωπον
3563 2989 3894 3057 ἐρχόμενον
3927 2989 4009 3050 εἰς

2446 3083 2549 3136 τὸν
2580 3084 2811 3151 κόσμον
2876 3084 3034 3135 Ὥστε
3065 3082 3360 3150 ἀφώτιστος
3402 3079 3545 3148 ψυχὴ
3591 3080 3850 3139 ἀδύνατος
3899 3081 4008 3129 ἐστι

2449 3175 2581 3246 πρὸς
2611 3175 2811 3244 νόησιν.
2847 3174 2968 3234 Πῶς
3003 3173 3065 3225 ἂν
3091 3169 3181 3224 οὖν
3230 3172 3296 3223 τὰ
3333 3169 3586 3240 ὑπεράνω
3614 3169 3712 3238 τῆς
3746 3169 4009 3234 γενέσεως

2446 3265 2537 3316 τοῦ
2578 3264 2750 3332 φωτὸς
2801 3261 3201 3331 καταληφθείης
3237 3261 3387 3331 Χρῆν
3422 3261 3499 3323 δὲ,
3543 3255 3713 3328 οἶμαι,
3753 3260 3878 3321 τοὺς
3919 3259 4009 3311 καὶ

2451 3358 2641 3430 μικρὸν
2673 3356 2800 3426 γοῦν
2833 3358 2930 3426 τῆς
2967 3354 3220 3426 ἀληοείας
3248 3353 3687 3424 πεφροντικότας,
3708 3351 4009 3419 ἀφεμένους

2447 3451 2553 3502 τῶν
2600 3448 2921 3518 σωματικῶν
2969 3445 3297 3517 ὁμοιώσεων,
3345 3446 3436 3498 καὶ
3486 3443 3578 3495 τοῦ
3633 3446 3753 3504 ταῖς
3803 3443 4008 3501 ὑλικαῖς

2449 3541 2766 3611 φαντασίαις
2807 3540 2903 3601 τὰς
2942 3539 3068 3608 περὶ
3105 3536 3237 3588 Θεοῦ
3286 3537 3491 3598 ἐννοίας
3528 3533 4006 3606 καταρρυπαίνειν,

2448 3633 2558 3692 τοῖς
2606 3630 2752 3699 παρὰ
2782 3629 2872 3680 τοῦ
2906 3629 3058 3694 ἁγίου
3094 3627 3404 3696 Πνεύματος
3439 3624 3855 3694 παραδοθείσαις
3885 3625 4007 3691 ἡμῖν

2450 3721 2745 3787 θεολογίαις
2805 3719 3130 3781 ἀκολουθεῖν,
3182 3719 3274 3770 καὶ
3324 3717 3444 3770 ἀντὶ
3501 3715 3629 3774 τῶν,
3649 3715 4010 3785 ἐρωτημάτων

2449 3812 2668 3872 τούτων,
2699 3811 2734 3864 ἃ.
2764 3811 2871 3862 τῶν
2905 3810 3111 3880 γρίφων
3159 3811 3270 3879 (12)
3315 3809 3464 3860 οὐδὲν
3500 3807 3878 3866 ἀπολείπεται,
3911 3808 4006 3876 τὴν

2449 3904 2531 3971 ἐφ’
2557 3903 2791 3972 ἑκάτερα
2823 3903 3084 3971 ὑπόληψιν
3106 3900 3435 3953 ἐπικίνδυνον
3466 3899 3714 3968 ἐχόντων,
3739 3901 3879 3951 νοεῖν
3917 3899 4008 3967 μὲν

2450 3994 2604 4060 ἀξίαν
2643 3993 2733 4046 τοῦ
2758 3992 2892 4046 Θεοῦ
2932 3992 3179 4061 γέννησιν
3209 3989 3413 4059 ἀπαθῆ.
3433 3989 3747 4059 ἀμέριστον,
3773 3991 4018 4059 ἀδιαίρεο-

2450 4103 2538 4140 τον
2572 4087 2704 4155 (15),
2739 4086 2982 4157 ἄχρονον,
3020 4084 3159 4137 κατά
3194 4084 3290 4154 τὴν
3321 4082 3748 4151 ἀπολάμπουσαν
3776 4083 3872 4136 τοῦ
3906 4101 4010 4150 φωο

2451 4176 2539 4240 τὸς
2575 4178 2746 4248 αὐγὴν
2769 4179 2833 4248 τῇ
2865 4176 2982 4246 Θείᾳ
3011 4176 3255 4246 γεννήσει
3285 4175 3754 4246 προσαγομένους⁸
3790 4175 3929 4224 νοεῖν
3960 4171 4010 4222 δὲ

2453 4266 2631 4319 εἰκόνα
2662 4266 2754 4320 τοῦ
2787 4265 2920 4319 Θεοῦ
2955 4265 3045 4319 τοῦ
3075 4265 3324 4336 ἀοράτου,
3357 4264 3416 4316 οὐ
3452 4264 3590 4318 κατὰ
3625 4263 3722 4326 τὰς
3755 4261 4010 4333 τεχνητας

2527 4566 2603 4635 (9)
2630 4568 2846 4635 Antiqui
2884 4569 2986 4622 duo
3016 4567 3134 4621 libri
3158 4584 3251 4622 και
3283 4567 3610 4637 τετύφωται,
3643 4578 3690 4621 et
3719 4569 3907 4636 inﬂata
3934 4568 4010 4622 ni-

2450 4636 2522 4688 hil
2545 4640 2752 4708 omnino
2777 4639 3036 4706 intelligit.
3061 4638 3214 4696 Illud.
3245 4639 3321 4708 τῷ
3353 4636 3494 4703 ὄντι,
3527 4640 3578 4691 in
3623 4639 3785 4691 editis
3839 4640 4008 4692 locum

2448 4706 2746 4771 occupabat
2791 4722 2892 4760 non
2924 4724 3098 4770 suum,
3135 4708 3208 4777 uti
3243 4706 3310 4762 ex
3342 4723 3472 4764 mss.
3499 4709 3870 4777 c0gnovimus.

2518 4777 2632 4860 (l9)
2664 4777 2800 4832 Edili
2832 4775 3244 4850 προσμαρτύρῃ.
3285 4777 3429 4833 Libri
3462 4775 3673 4832 veteres
3719 4795 4008 4849 προσμαρ-

2447 4863 2664 4898 τυοοιη.

2519 4863 2834 4985 ῗῗίῗδεοάοχ
2864 4917 3013 4971 Colb.
3044 4929 3094 4972 et
3125 4917 3256 4986 Reg.
3283 4920 3472 4971 tertius
3511 4916 3895 4988 παραπλήσιος
3926 4919 4011 4987 γέ-

2449 5003 2590 5058 γονε.
2625 4987 2815 5058 Statim
2850 5003 2977 5040 mss.
3000 4988 3103 5041 duo
3120 4989 3300 5057 ἐπειδὴ
3325 4990 3404 5040 ὅτι
3439 4988 3592 5058 ὅπερ.
3618 4987 3860 5043 Subinde
3884 4993 4006 5043 editi

2447 5055 2605 5127 τοῦτο
2628 5057 2820 5126 ψυχῆς.
2862 5059 3075 5124 Antiqui
3103 5059 3219 5111 libri
3248 5055 3415 5127 ψυχῇ,
3447 5055 3610 5111 recte.

2525 5126 2635 5193 (12)
2670 5127 3082 5199 lueditionibus
3120 5126 3390 5199 veteribus
3428 5128 3701 5192 legebatur
3741 5127 3850 5180 τῶν
3879 5146 4008 5199 γρα-

2453 5196 2568 5262 φῶν
2603 5213 2614 5246 :
2649 5197 2740 5248 sed
2767 5197 2845 5247 vir
2893 5197 3288 5251 eruditissimus
3323 5198 3543 5250 υιιςςυιιε
3582 5206 3727 5252 recte
3751 5196 4009 5263 judicavit

2455 5266 2731 5337 legendum
2761 5280 2878 5337 esse
2911 5281 2975 5319 ex
3006 5265 3138 5333 Reg.
3177 5267 3412 5337 secundo
3447 5267 3555 5318 τῶν
3597 5267 3812 5337 γρίφων
3846 5283 3859 5318 :
3919 5282 4009 5320 nec

2455 5337 2610 5388 aliter
2635 5336 2686 5454 in
2724 5336 2944 5402 reliquis
2975 5337 3173 5390 nostris
3205 5352 3335 5391 mss.
3374 5336 3567 5406 legitur
3591 5336 3750 5406 quam
3791 5339 3847 5392 'rn
3878 5339 4004 5404 ltcg.

2455 5419 2630 5454 secum
2654 5419 2706 5454 0.

2451 5419 2706 5459 secundo.

2521 5473 2630 5543 (15)
2661 5472 2770 5526 Vox
2798 5473 3097 5544 ἀδιαίρετον
3130 5474 3181 5528 ἱιι
3214 5475 3480 5544 aliquibus
3510 5490 3640 5530 mss.
3673 5475 4005 5541 decst.Quod

2452 5545 2874 5615 _sequitur,_xaita
2896 5547 3019 5615 τήν,
3048 5558 3184 5609 etc.,
3216 5549 3295 5600 sic
3343 5547 3714 5615 accipiendum
3765 5560 3886 5599 esse
3920 5561 4002 5597 ar-

2452 5613 2619 5666 bitror
2652 5629 2665 5667 :
2708 5613 2858 5667 Adeo
2882 5613 3032 5668 ut'ad
3061 5617 3296 5668 divinam
3334 5614 3743 5685 generationem
3776 5618 4001 5669 deduce-

2454 5694 2656 5756 rentur,
2692 5698 2812 5756 eain
2841 5685 2940 5740 sibi
2975 5687 3158 5742 animo
3179 5687 3442 5756 tingentes
3465 5687 3635 5740 instar
3665 5685 3804 5739 radii
3836 5701 3866 5738 a
3893 5685 4004 5739 luce

2455 5752 2866 5821 resplendentis.
