4208 6492
254 426 359 479 (ι.ἲό

303 428 359 478 35
1347 422 1710 477 ADVERSUS
1750 420 2113 478 EUNOMIUM
2159 423 2282 475 LIB.
2321 424 2382 477 ll.

3388 431 3492 484 606

249 544 453 605 ταύτας
486 541 707 618 ὕστερον
746 542 1182 615 ἀπεργασθεῖσαν
1227 543 1358 616 πρὸς
1394 546 1458 597 τὸ
1501 544 1825 615 ἀρχέτυπον,
1858 547 1900 599 Α

1858 547 1900 599 Α
1932 539 2099 606 ligcre
2145 541 2324 595 itidem
2375 540 2661 611 imaginem
2701 544 2984 598 invisibilis
3014 542 3124 608 Dei,
3160 557 3262 594 non
3299 557 3489 597 sccnn-

248 633 386 687 ἀλλὰ
422 637 868 708 συνυπάρχουσαν
911 635 1004 687 καὶ
1037 638 1516 707 παρυφεστηκυῖαν
1567 635 1643 705 τῷ
1676 653 1821 705 πρω-

257 725 466 796 τοτύπῳ
513 730 896 798 ὑποστήσαντι,
951 729 1027 800 τῷ
1072 725 1209 784 εἶναι
1257 728 1316 780 τὸ
1363 729 1686 797 ἀρχέτυπον,
1739 724 1821 781 οὗ·

249 833 349 869 σαν
399 820 531 886 (14),
592 821 691 871 οὐκ
749 821 1150 875 ἐκτυπωθεῖσαν
1205 822 1290 873 διὰ
1345 823 1646 892 μιμήσεως,
1708 822 1816 873 ὦσ-

245 921 350 978 περ
371 909 480 977 (15)
499 910 554 958 ὲν
581 908 834 977 σφραγῖδί
859 926 961 963 τινι
990 915 1088 982 τῆς
1114 911 1239 979 ὅλης
1265 908 1580 977 φύσεωςτοῦ
1607 909 1816 981 Πατρὸς

242 997 787 1068 ἐναποσημανοείσης
828 1002 903 1072 τῷ
945 1003 1074 1072 Υἱῴ.
1114 1002 1176 1054 Εἰ
1207 1001 1260 1052 δὲ
1288 1000 1484 1070 βούλει,
1519 1002 1679 1055 ὁποία
1707 1002 1815 1055 τῶν

239 1092 442 1160 τεκνῶν
500 1093 531 1160 ἡ
575 1090 864 1158 ὑπόστασις
911 1097 1020 1163 (lli)
1067 1096 1129 1144 ἐκ
1176 1092 1281 1144 τῶν
1320 1094 1674 1148 διδασκόντων
1718 1094 1810 1164 ὅλη

236 1187 350 1243 τοῖς
384 1173 842 1257 μαθητευομένοις
872 1184 1193 1256 ἐγγινομένη
1217 1203 1229 1216 ο
1269 1187 1389 1240 οὔτε
1429 1187 1704 1248 λείποντός
1728 1205 1809 1238 τι-

235 1291 326 1336 νος
353 1281 459 1338 τοῖς
489 1277 815 1344 διδάσκουσι,
850 1283 945 1332 καὶ
976 1279 1074 1348 τῆς
1105 1278 1431 1340 τελειώσεως
1471 1279 1581 1339 τοῖς
1613 1279 1804 1347 ἐκμαν-

233 1363 454 1418 Θάνουσι
519 1371 968 1440 προσγινομένης.
1025 1371 1092 1421 Ἦ
1145 1376 1299 1423 τοῦτο
1355 1369 1452 1437 μὲν
1508 1369 1604 1420 ούκ
1655 1370 1810 1439 ἀκρι-

232 1452 326 1516 θὲς
374 1456 508 1526 πρὸς
535 1460 791 1529 ὁμοίωσιν
843 1457 930 1510 διὰ
979 1458 1076 1530 τὴν
1117 1460 1208 1513 τοῦ
1243 1457 1434 1529 χρόνον
1477 1460 1802 1530 παράτασιν.

232 1547 570 1619 (ὶίκειότερον
616 1551 672 1603 δὲ
731 1552 936 1613 εἰπεῖν,
1001 1553 1082 1606 ὃτι
1143 1553 1301 1604 ὁποία
1357 1547 1464 1601 τῶν
1523 1553 1805 1623 νοημάτων

230 1642 264 1711 ἡ
302 1643 462 1711 φύσις
487 1648 596 1708 τοῖς
629 1643 722 1696 τοῦ
751 1644 841 1698 νοῦ
873 1648 1162 1718 κινήμασιν
1203 1643 1444 1714 ἀχρόνως
1482 1661 1805 1716 συνυφιστα-

231 1736 391 1806 μένη.

299 1917 383 1970 l7.
423 1918 527 1970 Καὶ
565 1920 752 1990 μηδείς
786 1940 873 1992 μοι
904 1925 1304 1991 συκοφαντείτω
1336 1928 1424 1980 τὸν
1459 1927 1632 1996 λόγον,
1663 1934 1714 1985 ει
1742 1949 1792 1985 τι
1825 1903 1867 1956 Β

224 2007 333 2082 τῶν
362 2009 768 2080 ὑποδειγμάτων
802 2013 874 2083 μὴ
907 2015 1080 2086 πάντη
1113 2034 1173 2068 συ
1184 2018 1396 2086 μϐαίνοι
1429 2024 1540 2084 τοῖς
1571 2039 1792 2092 προκει-

223 2101 425 2173 μένοις.
484 2105 614 2157 Οὐδὲ
664 2105 770 2175 γὰρ
823 2107 1046 2160 δυνατὸν
1106 2110 1176 2162 τὰ
1237 2112 1406 2183 μικρὰ
1465 2114 1556 2165 καὶ
1618 2116 1792 2183 φαῦλα

215 2198 335 2258 τοῖς
359 2195 522 2261 Οείοις
551 2199 643 2252 καὶ
666 2199 852 2263 ἀϊδίοις
887 2201 1022 2271 μετὰ
1051 2201 1334 2272 ἀκριϐείας
1356 2205 1639 2275 ἁρμόζειν,
1677 2207 1789 2261 ἀλλ’

216 2288 342 2340 ὅσον
393 2289 608 2358 ἐλέγξαι
655 2293 754 2363 τὴν
800 2294 1079 2363 εἰρωνείαν
1135 2295 1242 2348 τῶν
1290 2297 1350 2348 ού
1383 2296 1692 2368 δυναμένων
1725 2299 1789 2371 δὴ

215 2382 474 2459 γέννησιν
525 2383 705 2452 ἀπαθῆ
753 2387 816 2453 τῇ
883 2387 1088 2458 διανοίᾳ
1137 2389 1540 2443 λαϐεῖν.Είκὼν
1604 2391 1659 2443 δὲ
1713 2393 1790 2445 εἷ-

217 2489 378 2540 ρηται
403 2475 493 2526 καὶ
515 2474 660 2526 ἔστιν
685 2477 712 2528 ὁ
741 2476 865 2537 Υἱὸς
886 2478 1134 2548 γεννητὴ,
1173 2482 1265 2532 καὶ
1298 2483 1636 2552 ἀπαύγασμά
1669 2486 1780 2538 ἐστι

210 2564 311 2632 τῆς
375 2563 531 2636 δόξης
594 2567 686 2620 τοῦ
756 2568 912 2632 Θεοῦ,
977 2572 1070 2623 καὶ
1129 2573 1306 2637 σοφία,
1380 2575 1475 2626 καὶ
1536 2575 1781 2645 δύναμις,

212 2656 304 2706 καὶ
337 2655 645 2729 δικαιοσύνη
678 2659 833 2724 Θεοῦ,
886 2662 983 2731 οὐχ
1031 2664 1105 2725 ὼς
1151 2662 1284 2728 ἕξεις,
1326 2664 1446 2716 ούδὲ
1484 2664 1559 2726 ὡς
1595 2667 1783 2736 ἐπιτη-

207 2747 437 2816 δειότης,
487 2750 600 2802 ἀλλ’
642 2752 797 2805 οὐσία
839 2752 986 2816 ζῶσα
1045 2755 1135 2806 καὶ
1177 2755 1424 2826 ἐνεργὴς.
1473 2755 1566 2808 καὶ
1615 2756 1784 2809 ἀπαιδ-

206 2841 398 2910 γασμά
461 2844 574 2896 ὲστι
634 2844 733 2914 τῆς
777 2845 932 2914 δόξης
975 2845 1068 2898 τοῦ
1110 2847 1265 2900 Θεοῦ.
1307 2847 1505 2918 Διόπερ
1546 2848 1638 2900 καὶ
1663 2847 1780 2901 ὅλον

204 2931 265 2984 ἐν
311 2933 487 3003 ἑαυτῷ
529 2935 767 2988 δείκνυσι
811 2936 901 2987 τὸν
951 2937 1188 3006 Πατέρα,
1231 2937 1288 3002 ἐξ
1317 2938 1442 3009 ὅλης
1484 2941 1647 2994 αὐτοῦ
1680 2942 1779 3012 τῆς

204 3022 361 3091 δόξης
386 3024 772 3092 ἁπαυγασθείς.
811 3025 919 3096 Τὴν
951 3027 1127 3079 τοίνυν
1177 3028 1333 3094 δόξαν
1384 3030 1476 3082 τοῦ
1509 3031 1642 3083 Θεοῦ
1699 3031 1772 3104 μὴ

203 3114 349 3185 ἔχειν
381 3116 722 3185 ἀπαύγασμα
746 3117 945 3184 λέγειν,
981 3118 1012 3188 ἢ
1044 3119 1140 3188 τὴν
1171 3121 1362 3187 σοφίαν
1408 3121 1501 3173 τοῦ
1534 3122 1667 3174 Θεοῦ
1701 3123 1774 3194 μὴ

1922 632 2046 683 dum
2101 633 2194 684 ltus
2253 632 2573 687 :ntiﬁciosas
2628 633 2786 702 252
2842 636 3098 704 imagines
3166 635 3361 688 exinde
3428 637 3489 688 ad

1919 724 2194 792 exemplar
2236 725 2587 789 elaboratam,
2621 727 2713 778 sed
2764 728 3111 782 exsistentem
3165 737 3327 796 atque
3373 729 3472 780 sub

1919 816 2202 868 sistentetn
2255 830 2375 868 cum
2426 818 2716 886 archetypo
2747 817 2886 884 quod
2919 832 3036 869 eam
3072 821 3341 884 produxit,
3372 834 3484 886 qute

1915 923 1977 960 ex
2025 910 2124 961 ltoc
2174 918 2259 960 est
2307 909 2444 975 quod
2481 921 2564 962 est
2596 911 2943 980 archetypum
2980 928 2991 962 :
3029 926 3144 977 qum
3187 928 3281 980 per
3322 912 3467 965 itnita

1917 999 2114 1052 tionem
2174 1015 2434 1068 expressa
2494 1017 2596 1054 non
2651 1012 2753 1066 est,
2799 1011 2902 1054 tota
2966 1001 3141 1054 Patris
3191 1014 3376 1055 natura
3432 1004 3481 1057 in

1912 1092 2048 1145 Filio
2074 1093 2216 1144 velut
2240 1094 2290 1146 in
2318 1094 2497 1163 aliquo
2528 1095 2704 1162 sigillo
2735 1095 3017 1163 impressa.
3051 1093 3200 1159 Quod
3225 1095 3266 1145 si
3297 1096 3479 1157 mavis,

1910 1185 2085 1252 qualis
2115 1197 2195 1238 est
2227 1187 2422 1238 artium
2465 1169 2760 1240 substantia
2796 1203 2859 1242 ex
2892 1186 3208 1239 docentibus
3241 1186 3290 1236 in
3323 1185 3476 1238 disci-

1910 1279 2063 1344 pulos
2095 1279 2364 1333 transiens
2403 1289 2536 1343 tota,
2571 1281 2706 1334 adeo
2734 1290 2790 1334 ut
2820 1295 2992 1348 neque
3024 1280 3161 1334 desit
3191 1280 3479 1349 (ltlltltlttztttl

1909 1371 2248 1434 docentibus,
2294 1380 2347 1424 ct
2400 1372 2661 1438 perfectio
2696 1374 3063 1428 ediscentibus
3097 1374 3338 1426 accedat.
3373 1372 3476 1426 Ca:-

1909 1463 2154 1531 tcroquin
2204 1466 2302 1521 hoc
2349 1464 2755 1518 similitudinem
2785 1467 3076 1535 perlectam
3107 1481 3212 1520 non
3240 1466 3475 1530 exhibet,

1905 1553 1973 1607 ob
2005 1557 2262 1623 temporis
2295 1571 2524 1610 moram.
2561 1556 2667 1610 Sed
2703 1557 2827 1610 illud
2857 1559 3268 1614 convenientius
3302 1567 3473 1627 potest

1906 1644 2007 1697 dici
2040 1661 2053 1696 :
2083 1647 2253 1712 qualis
2280 1658 2362 1701 est
2387 1647 2773 1718 cogitationum
2809 1657 3000 1701 natura
3035 1666 3137 1703 una
3169 1665 3290 1704 cum
3322 1664 3472 1703 men-

1908 1735 1974 1788 tis
2022 1736 2253 1789 motibus
2296 1738 2430 1791 citra
2480 1738 2638 1793 ullam
2685 1741 2943 1807 temporis
2989 1739 3300 1795 dilationem
3351 1753 3464 1794 con-

1903 1826 2118 1882 sistens.

1967 1921 2055 1974 17.
2091 1921 2202 1976 Νεε
2244 1923 2526 1991 quisquam
2589 1925 2718 1979 mihi
2766 1925 2908 1979 hunc
2941 1937 3241 1979 sermonem
3276 1922 3467 1977 calum-

1897 2016 2044 2070 niose
2077 2015 2316 2083 objiciat,
2359 2018 2402 2071 si
2447 2017 2572 2084 quid
2605 2018 2656 2070 in
2690 2018 2952 2087 exemplis
2974 2035 3078 2073 non
3107 2017 3466 2084 omniuopro~

1893 2110 2066 2174 posito
2096 2108 2405 2160 conveniat.
2442 2106 2626 2176 Neque
2655 2108 2795 2162 enim
2838 2109 2951 2162 tieri
2985 2118 3181 2175 potest,
3213 2116 3270 2160 ιιι
3302 2120 3464 2174 parva

1895 2213 1956 2251 ac
1985 2199 2109 2253 vilia
2141 2199 2339 2254 divinis
2368 2209 2530 2269 atque
2561 2201 2777 2252 :eternis
2800 2200 3036 2267 perfecte
3061 2201 3464 2252 accommodem

1892 2299 1978 2342 tttr
2008 2307 2021 2342 :
2050 2292 2140 2343 sed
2173 2301 2430 2358 quantum
2462 2290 2592 2343 satis
2619 2299 2720 2352 est,
2757 2302 2809 2343 ut
2831 2288 3191 2346 dissimulatio
3221 2291 3461 2344 confute-

1891 2391 1977 2434 tur
2026 2395 2236 2446 eorum,
2292 2383 2385 2451 qui
2447 2383 2851 2452 generationem
2909 2383 3294 2454 impassibilem
3353 2399 3458 2438 non

1887 2482 2093 2543 queunt
2144 2482 2322 2529 mente
2366 2476 2669 2542 concipere.
2715 2475 2893 2546 Imago
2942 2488 3122 2530 autem
3159 2476 3334 2530 dictus
3377 2489 3457 2530 est

1887 2567 2074 2631 Filius,
2096 2575 2152 2620 et
2170 2576 2253 2619 est
2273 2566 2447 2635 imago
2468 2568 2669 2635 genita,
2691 2575 2743 2619 et
2765 2568 3020 2635 splendor
3040 2578 3121 2621 est
3138 2570 3318 2636 gloria:
3340 2570 3455 2630 Dei.

1886 2671 1940 2712 et
1970 2659 2258 2727 sapientia,
2284 2668 2338 2711 et
2363 2659 2626 2726 potentia,
2647 2659 2920 2727 etjustitia
2949 2660 3062 2722 Dei,
3099 2677 3199 2713 non
3227 2672 3281 2713 ιιι
3304 2663 3455 2718 habi-

1888 2758 1993 2810 tus,
2030 2761 2204 2817 neque
2235 2756 2292 2801 ut
2317 2748 2583 2816 aptitutlo,
2615 2749 2707 2804 sed
2751 2749 3047 2804 substantia
3086 2752 3199 2804 viva
3234 2761 3287 2806 et
3324 2769 3454 2822 0pc-

1883 2853 2029 2903 rans,
2049 2854 2112 2894 ac
2137 2839 2396 2909 splendor
2412 2839 2596 2908 gloria:
2625 2842 2736 2895 D‘ei.
2758 2841 3098 2911 Quapmpter
3120 2855 3173 2897 et
3204 2855 3370 2898 totum
3399 2847 3450 2898 in

1879 2933 2056 3000 seipso
2086 2933 2296 2986 Patrem
2333 2932 2587 2996 ostendit,
2633 2946 2699 2985 ex
2739 2942 2844 2986 tota
2890 2934 3007 3002 ejus
3043 2935 3324 3004 majestate
3365 2951 3451 2991 re-

1879 3025 2182 3096 splendens.
2220 3025 2388 3091 Quam
2443 3026 2731 3079 absurdum
2784 3036 2867 3080 est
2924 3042 3055 3095 ergo
3104 3031 3302 3091 dicere.
3334 3029 3450 3099 glo-

1879 3117 2014 3169 riam
2057 3116 2145 3170 Dei
2187 3131 2290 3169 non
2339 3117 2538 3170 habere
2585 3117 2943 3183 splendorem,
2981 3129 3073 3170 aut
3130 3120 3446 3188 sapientiam

204 3209 442 3262 συνεῖναί
475 3227 602 3262 ποτε
631 3209 706 3279 τῷ
735 3208 872 3280 Θεῷ,
912 3211 1090 3280 πάσης
1113 3211 1211 3280 τῆς
1249 3212 1515 3277 ἀτοπίας;
1557 3213 1695 3266 Ἀλλ’
1724 3218 1772 3268 εί
1802 3246 1842 3303 C

1802 3246 1842 3303 ϐ
1880 3207 1970 3261 Dei
1997 3207 2287 3276 aliquando
2314 3222 2416 3259 una
2450 3223 2571 3260 cum
2605 3207 2711 3260 Deo
2747 3221 2850 3260 non
2882 3207 3208 3263 fuisse?Scd
3243 3212 3286 3264 si
3311 3223 3444 3272 erat.

200 3293 290 3368 ἦν,
324 3300 505 3367 φησιν,
531 3300 589 3350 οὐ
614 3299 948 3370 γεγέννηται.
984 3300 1427 3373 ’Λποκρινώμεθα
1451 3303 1628 3356 τοίνυν
1670 3305 1771 3369 ὅτι,

210 3389 426 3460 Ἐπειδὴ
451 3390 788 3461 γεγέννηται,
820 3388 1020 3462 ἧν’”οὑκ
1043 3393 1333 3462 ἀγέννητον
1362 3395 1498 3465 ἔχων
1523 3395 1583 3448 τὸ
1613 3392 1769 3461 εἶναι,

196 3482 274 3534 διν
302 3482 358 3533 δὲ
389 3483 475 3534 ἀεὶ
509 3484 600 3534 καὶ
652 3483 824 3535 συνὼν
852 3483 929 3552 τῷ
960 3485 1154 3554 Πατρὶ,
1193 3485 1251 3548 ἐξ
1290 3479 1348 3536 οὗ
1382 3489 1476 3540 καὶ
1511 3489 1620 3557 (l7)
1671 3490 1767 3561 τὴν

195 3573 378 3626 αἰτίαν
411 3573 509 3640 τῆς
557 3573 840 3642 ὑπάρξεως
881 3573 1011 3644 ἔχει.
1056 3576 1192 3627 Πότε
1247 3573 1339 3628 οὖν
1392 3579 1468 3639 είς
1515 3579 1574 3630 τὸ
1628 3576 1763 3633 εἶναι

195 3666 350 3735 παρὰ
382 3665 474 3718 τοῦ
504 3667 708 3737 Πατρὸς
742 3668 993 3738 παρήχθη
1021 3685 1034 3731 ;
1076 3668 1190 3736 Ἀφ’
1219 3663 1277 3722 οὗ
1310 3669 1454 3721 ἐστιν
1485 3672 1512 3721 ὁ
1542 3672 1763 3741 Πατήρς

208 3759 346 3809 Ἀλλ’
372 3758 428 3824 ἐξ
456 3758 642 3819 ἀϊδίου,
674 3759 855 3829 φησὶν,
889 3760 916 3811 ὁ
948 3760 1164 3830 Πατήρ·
1196 3758 1254 3824 ἐξ
1278 3760 1445 3813 ἀϊδίου
1468 3763 1643 3815 τοίνυν
1675 3764 1766 3816 καὶ

192 3853 222 3903 ό
248 3850 393 3912 Υἱὸς,
423 3852 690 3920 γεννητώς
714 3855 779 3924 τῇ
807 3853 1100 3924 ἀγεννησίςι
1136 3853 1228 3906 τοῦ
1260 3853 1470 3924 [ἰατρὸς
1496 3855 1763 3909 συναπτό-

197 3959 380 4012 μενος.
406 3943 525 3994 Ὅτι
557 3943 611 3995 δὲ
629 3940 782 4008 οὗτος
807 3946 904 4015 οὐχ
931 3947 1197 4016 ἡμέτερος
1222 3948 1250 3998 ὁ
1277 3945 1453 4013 λόγος,
1485 3948 1652 4008 αὐτὰς
1668 3948 1766 4011 τὰς

190 4035 350 4102 ἁγίου
383 4032 693 4103 Πνεύματος
723 4036 902 4089 φωνὰν
931 4037 1112 4090 αὐτοῖς
1134 4036 1497 4108 παρεξόμεθα.
1544 4040 1636 4091 Ἐκ
1660 4040 1758 4109 μὲν

264 4262 375 4332 (tl)
405 4261 556 4316 llunc
585 4264 759 4318 locum
789 4266 1058 4323 dillicilem
1088 4280 1208 4321 esse
1232 4266 1314 4321 vel
1343 4281 1406 4320 ex
1449 4280 1513 4320 eo
1547 4265 1746 4318 intelli-

188 4334 353 4408 gitur,
387 4335 526 4402 quod
561 4350 661 4408 non
692 4351 879 4405 parum
925 4338 1125 4408 negotii
1171 4336 1749 4408 librariisexltibuisse

188 4405 440 4475 videatqr
471 4419 485 4456 :
523 4406 720 4475 quippe
773 4409 862 4462 alii
895 4405 1054 4463 aliter
1081 4423 1203 4463 eum
1243 4407 1532 4462 emendare
1567 4407 1744 4460 conati

186 4485 338 4526 sunt.
386 4473 634 4546 Fortasse
659 4473 893 4532 alienum
923 4496 1026 4532 non
1053 4480 1232 4536 fuerit.
1256 4479 1356 4531 etsi
1389 4478 1622 4546 longum,
1658 4493 1748 4528 va-

191 4548 302 4616 rias
328 4559 516 4599 omnes
538 4545 795 4600 lectiones
831 4549 881 4602 in
917 4550 1150 4604 medium
1191 4548 1453 4616 proferre,
1485 4545 1567 4606 ut.
1598 4548 1738 4615 quod

183 4615 452 4678 Optimum
491 4625 592 4678 est,
631 4617 696 4670 ab
735 4619 961 4673 eruditis
998 4615 1305 4673 hominibus
1349 4618 1497 4682 seligi
1543 4618 1729 4685 possit.

185 4685 328 4738 Ettiti
387 4685 547 4752 igitur
586 4687 659 4739 ita
695 4689 892 4742 habent
927 4708 940 4742 :
988 4688 1124 4741 ἀλλὰ
1165 4689 1615 4759 συνυπάρχουσαν
1649 4689 1739 4759 και

182 4760 662 4829 παρυφεστηκυῖαν
710 4759 786 4829 τῷ
812 4759 1174 4829 *πρωτοτύπῳ
1222 4757 1602 4828 ὑποστήσαντι,
1650 4757 1741 4809 τοῦ

182 4820 324 4877 εἶναι
352 4820 964 4897 τὺ-ἀρχέτυπονξοῦσαν.
995 4829 1126 4895 Reg.
1147 4820 1360 4897 'primus
1394 4820 1743 4897 παρυφεστη-

181 4898 342 4969 κυῖαν
367 4894 443 4963 τῷ
476 4892 580 4969 ὕπὸ
616 4897 691 4967 τῷ
722 4892 1444 4969 πρωτοτύπῳῦποστήσαντι
1470 4892 1738 4969 τῷεῖναι,

182 4965 394 5036 reliqua
428 4965 556 5036 utin
600 4965 846 5036 vulgatis.
886 4969 982 5024 Hic
1018 4965 1190 5021 notari
1237 4965 1433 5036 potest,
1480 4965 1635 5036 voces
1661 4968 1736 5035 τῷ

182 5035 304 5117 ὑπό,
334 5035 619 5117 manifeste.
653 5035 970 5117 redundare;
1020 5040 1148 5107 Reg.
1181 5035 1554 5117 εεειιιιάιιεςτῷ
1588 5054 1736 5117 πρω-

1883 3301 2078 3368 inquit,
2125 3300 2335 3367 genitus
2377 3315 2480 3353 non
2527 3309 2629 3352 est.
2666 3299 3102 3367 Respondeamus
3128 3317 3275 3372 ergo,
3305 3306 3446 3372 quod

1879 3393 2131 3463 quoniam
2169 3393 2379 3462 genitus
2406 3401 2507 3457 est,
2544 3400 2680 3457 erat,
2711 3407 2830 3447 cum
2863 3394 3153 3461 ingenitum
3184 3412 3294 3448 esse
3339 3413 3443 3450 non

1875 3485 2107 3549 habeat,
2139 3485 2231 3539 sed
2271 3485 2495 3539 exsistat
2525 3499 2766 3551 semper,
2794 3496 2846 3538 et
2894 3485 3184 3539 coexsistat
3235 3487 3382 3541 Patri
3412 3505 3440 3541 a

1872 3593 1978 3647 quo
2011 3579 2168 3632 etiam
2206 3579 2500 3632 exsistcndi
2544 3577 2704 3631 habet
2729 3591 2966 3630 causam.
3005 3578 3229 3643 Quando
3281 3580 3441 3648 igitur

1875 3669 1939 3720 ad
1963 3685 2069 3721 esse
2093 3684 2120 3720 a
2167 3669 2326 3721 Patre
2368 3669 2658 3736 productus
2691 3678 2773 3721 est
2811 3668 2832 3720 ?
2860 3668 2934 3721 Ex
2979 3684 3083 3737 quo
3113 3668 3276 3725 Pater
3307 3683 3388 3726 est
3418 3673 3439 3710 ν

1875 3758 1980 3812 Sed
2022 3761 2088 3813 ab
2120 3771 2342 3825 aeterno,
2386 3761 2577 3829 inquit,
2611 3759 2771 3815 Pater
2806 3780 2820 3816 :
2854 3763 2920 3817 ab
2951 3773 3155 3817 mterno
3198 3765 3361 3834 igitur
3386 3776 3437 3819 et

1870 3850 2066 3916 Filius,
2108 3868 2201 3922 per
2245 3853 2642 3922 generationem
2700 3854 2949 3924 ingenitae
3001 3854 3174 3908 Patris
3234 3867 3437 3911 natura:

1872 3945 2213 4012 conjunetus._
2243 3946 2391 4011 Quod
2422 3956 2601 4000 autem
2640 3962 2742 3999 non
2773 3955 2956 3999 nostra
2988 3946 3057 4000 sit
3090 3946 3202 4002 haec
3237 3949 3432 4012 oratio,

1879 4037 2021 4105 ipsas
2051 4038 2220 4090 sancti
2251 4038 2482 4105 Spiritus
2505 4051 2662 4091 voces
2681 4037 2758 4092 eis
2778 4038 2844 4091 ob
2860 4037 3045 4091 oculos
3067 4053 3344 4108 ponemus.
3369 4039 3432 4096 Et

1856 4264 1998 4332 liqua
2047 4273 2102 4316 ut
2143 4264 2193 4316 in
2251 4263 2530 4329 impressis
2585 4263 2766 4332 libris.
2797 4265 2936 4320 Idem
2971 4265 3139 4318 codex
3187 4266 3424 4318 secunda

1858 4349 2014 4386 manu
2054 4335 2588 4403 συνυφεστηκυῖαν...
2630 4334 2705 4403 τῷ
2731 4331 2888 4386 εἶναι.
2943 4335 3016 4388 Ex
3045 4336 3238 4401 quibus
3279 4336 3427 4388 colli~

1857 4419 1982 4470 gere
2021 4405 2163 4464 licet.
2195 4408 2291 4473 has
2339 4419 2527 4457 omnes
2581 4404 2839 4458 lectiones
2868 4405 3106 4473 revocari
3149 4420 3308 4473 posse
3341 4408 3425 4458 vel

1855 4475 1920 4544 ad
1950 4476 2106 4544 hanc,
2143 4474 2220 4544 τῷ
2251 4471 2412 4537 εἶναι,
2479 4473 2559 4525 vel
2598 4473 2660 4526 ad
2691 4475 2855 4536 illaut,
2884 4475 2943 4528 τὸ
2975 4470 3224 4544 εἶναι.ξί
3254 4474 3423 4543 leges.

1851 4542 1927 4617 Et?)
1952 4540 2108 4617 εἶναι,
2145 4540 2428 4617 verborum
2466 4546 2798 4617 constructio
2835 4548 2946 4599 lnec
2980 4547 3103 4604 erit.
3134 4540 3424 4617 θύσαιμ’τῴ

1770 4599 1812 4652 D
1841 4599 2071 4687 εἶναιντὸ
2097 4599 2432 4687 ’ἀρχέτυποψ
2459 4615 2537 4687 Ad
2569 4617 2814 4679 verbum,
2842 4632 2958 4683 qua:
3001 4599 3172 4683 imago
3211 4623 3288 4667 est
3332 4601 3422 4683 pe}

1849 4684 1968 4748 hoc,
1997 4684 2154 4755 ᾳιιοιί⁷
2181 4684 2351 4752 ipsum
2396 4685 2734 4752 archetypum
2769 4697 2863 4748 est,
2910 4699 3030 4745 seu,
3081 4701 3197 4752 qua:
3248 4687 3420 4755 imago

1848 4764 1926 4822 est
1957 4756 2051 4807 hoc
2079 4757 2208 4822 ipso.
2246 4757 2383 4822 quod
2411 4755 2749 4820 archetypum
2784 4767 2857 4807 est
2885 4769 2903 4806 :
2934 4755 2976 4807 si
3010 4770 3137 4808 vero
3173 4757 3337 4822 legas,
3360 4758 3420 4810 τὸ

1847 4819 2010 4885 εἶναι,
2044 4819 2295 4877 videntur
2325 4825 2437 4893 haa_c
2463 4819 2622 4876 verba
2649 4825 2888 4878 construi
2915 4828 2990 4879 sic
3023 4840 3176 4893 posse
3208 4819 3412 4879 εόὗσαν

1845 4895 2206 4965 ὑποστήσαντι
2255 4893 2314 4946 τὸ
2367 4890 2501 4947 εἶναι
2555 4893 2884 4962 ἀρχέτυπον.
2912 4896 2989 4947 Ad
3024 4890 3265 4958 verbum,
3297 4914 3416 4965 qua:

1844 4965 2016 5033 imago
2040 4975 2114 5018 est
2147 4966 2349 5017 auctori
2379 4967 2496 5025 hoc,
2549 4980 2728 5031 nempe
2761 4981 2879 5018 eum
2919 4981 3028 5017 esse
3054 4966 3412 5033 archetypum.

1843 5035 1895 5086 ld
1920 5032 2026 5097 εει,
2061 5047 2245 5087 auster
2275 5035 2519 5102 imaginis
2548 5032 2614 5085 ab
2650 5037 2761 5098 ipsa
2803 5037 3032 5103 imagine
3072 5032 3248 5097 habet,
3273 5037 3414 5102 quod

1840 5117 1912 5157 est
1951 5106 2314 5176 archetypum.
2344 5105 2407 5158 Et
2435 5119 2562 5158 vero
2587 5106 2938 5176 archetypum
2977 5107 3411 5173 proprienullnut

1839 5186 1940 5238 est,
1977 5174 2077 5228 nisi
2134 5181 2309 5244 imago
2338 5177 2430 5239 sit,
2483 5190 2600 5242 qua:
2634 5190 2700 5228 ex
2750 5174 2867 5244 ipso
2909 5177 3264 5244 exprimatur.
3296 5175 3410 5230 Hoc

1838 5260 1905 5297 an
1943 5246 2033 5298 illo
2087 5246 2244 5299 modo
2275 5245 2554 5313 legendum
2605 5248 2693 5308 sit,
2749 5247 2933 5313 nescio
2966 5247 3178 5312 quidem
3216 5263 3228 5299 :
3282 5256 3408 5312 puto

1839 5325 2013 5385 tamen
2047 5317 2223 5380 potius
2257 5312 2354 5382 legi
2405 5316 2620 5385 debere:
2663 5315 2740 5385 τῷ
2767 5312 2930 5368 εἶναι.
2960 5316 3059 5368 Alii
3088 5316 3407 5368 triclinia.—

1839 5385 1923 5450 Τῷ
1954 5381 2106 5439 εἶναι
2137 5381 2498 5456 ἀρχέτὺπον,
2549 5381 2761 5440 οὖσαν.
2818 5387 3023 5456 Verte,
3050 5385 3256 5456 Imago,
3289 5404 3405 5456 qua:

1831 5457 1929 5508 hoc
1969 5458 2077 5519 ipso
2104 5462 2331 5524 quodest
2365 5454 2722 5522 archetypum.
2759 5457 2980 5512 exsistit.
3014 5455 3223 5508 ΜΑῐιΑΝ.

1901 5526 2012 5594 (15)
2046 5526 2184 5578 Editi
2223 5527 2525 5595 μιμήσεως,
2562 5525 2675 5578 ἀλλ’
2706 5527 2913 5596 ὥσπερ.
2940 5528 3158 5593 Aliquot
3191 5527 3404 5580 (OtllCCS

1833 5597 2131 5678 μιμήσεως,
2170 5599 2262 5649 καὶ
2287 5596 2493 5666 ὥσπερ.
2526 5597 2627 5650 Alii
2655 5600 2871 5667 quidam
2919 5611 3045 5650 mss.
3086 5599 3396 5666 μιμήσεως,

178 5104 400 5177 τοτύπῳ
424 5105 783 5177 ὑποστήσαντι
816 5107 876 5160 τὸ
917 5104 1076 5169 εἶναι,
1103 5104 1320 5177 ΤεΙίιιιιο
1360 5117 1416 5161 ιιι
1465 5108 1517 5177 in
1554 5104 1732 5177 editis.

183 5175 316 5242 Reg.
352 5173 537 5248 tertius
584 5173 755 5246 prima
814 5194 969 5248 manu
1022 5173 1386 5248 ὑποστήσαντι
1442 5174 1519 5246 τῷ
1575 5173 1732 5238 εἶναι,

180 5259 377 5297 ειειειειι
419 5256 475 5298 ιιι
501 5246 553 5299 in
589 5248 820 5302 excusis.
860 5247 956 5302 Hic
1009 5249 1097 5301 ille
1147 5246 1257 5315 ipse
1301 5249 1463 5301 codex
1497 5250 1728 5315 secunda

181 5331 340 5388 manu
381 5320 864 5388 Δἰταρυς[,›εσατ;ηκυίἐιν
910 5317 985 5387 τῷ
1036 5313 1396 5388 ὑποστήσαντι
1457 5317 1533 5386 τῷ
1591 5313 1730 5372 εἶναι

177 5385 316 5455 πρὸς
346 5385 405 5436 τὸ
425 5385 724 5456 ἀρχέτυπον
760 5385 1037 5441 obeam—Et
1069 5389 1154 5442 ltic
1186 5385 1452 5442 adnotabo
1489 5385 1629 5441 hunc
1652 5389 1730 5442 lo-

177 5472 300 5528 cuut
326 5471 352 5505 a
377 5455 704 5528 Cou‘tbelisio
727 5459 866 5509 aliud
898 5459 1158 5528 cogitanti
1197 5474 1302 5512 non
1337 5469 1590 5514 aeeurate
1628 5474 1724 5513 ex-

175 5525 436 5600 scriputh
473 5524 838 5600 {uisse.Regii
872 5524 1095 5596 quartus
1134 5539 1188 5583 et
1232 5533 1452 5600 quintus
1489 5529 1728 5600 ὑποστή-

175 5594 426 5664 σαντιτῷ
447 5591 584 5666 εἶναι
620 5615 631 5649 ;
668 5599 717 5649 in
758 5591 975 5666 reliquis
1015 5613 1139 5651 vero
1170 5591 1288 5651 cum
1322 5598 1551 5665 vulgatis
1582 5591 1717 5651 con;

173 5667 430 5738 sentjnnt.
468 5665 594 5734 Reg.
641 5677 823 5721 sextus
852 5665 1018 5737 prima
1053 5684 1209 5721 manu
1236 5666 1312 5737 τῷ
1357 5668 1720 5738 ὑποστήσαντι
1828 5665 2034 5738 ὥσπερ.

177 5733 232 5784 τὸ
262 5730 421 5808 εἶναι,
455 5730 654 5808 reliqua
689 5745 746 5791 ut
786 5730 1081 5793 iu'editis:
1122 5739 1259 5791 idem
1285 5730 1406 5793 'uts.
1448 5730 1602 5808 manu
1639 5755 1723 5794 re-

1897 5730 2003 5806 (16)
2041 5735 2304 5807 Τεχνῶνή
2340 5737 2652 5802 ὑπόστασις,
2683 5749 2871 5792 natura
2907 5738 3100 5791 artium
3143 5751 3294 5808 atque
3318 5738 3400 5791 in-

173 5807 410 5880 centiore
437 5806 512 5880 τῷ
543 5803 878 5880 πρωτοτύπῳ
928 5810 1286 5879 ὐποστήσαντι
1327 5808 1387 5861 τὸ
1424 5803 1580 5880 sistat.
1616 5809 1716 5862 De-
1825 5829 1835 5862 ι

593 5808 878 5879 ρωτοτύπῳ
928 5810 1286 5879 ύποστήσαντι
1327 5808 1387 5861 τὸ
1424 5803 1580 5880 sistat.
1616 5809 1716 5862 De-
1825 5803 2053 5880 duxtria.
2115 5803 2146 5807 ”
2247 5839 2255 5852 ι

172 5876 333 5944 niun
362 5875 510 5932 Colb.
548 5875 716 5947 prima
757 5875 913 5934 manu
942 5875 1307 5947 ύποστῆσαντι
1339 5879 1398 5930 τὸ
1437 5875 1596 5946 εἶναι,
1636 5895 1718 5936 re-

1389 5898 1398 5930 ›
1437 5875 1596 5946 εἶναι,
1636 5895 1718 5936 re-
1894 5880 2002 5948 (Π)
2030 5879 2155 5947 Reg.
2188 5887 2411 5946 quartus
2447 5879 2639 5948 Πατρὶ,
2674 5880 2804 5951 παρ’
2840 5875 2898 5932 οὗ
2941 5883 3051 5932 καί.
