4208 6484
795 413 894 469 007

2124 404 2179 457 S.
2221 404 2463 457 BASlLll
2500 402 2711 457 MAGNI

3908 402 4008 455 608

797 544 861 585 ex
900 519 1179 590 Evangelio
1211 518 1423 590 quidem
1467 533 1742 573 sumamus
1776 519 1942 572 illud:
1979 519 2045 572 In
2094 520 2343 587 principio
2374 528 2459 581 Ac

2340 542 2343 561 ν
2374 528 2417 581 Α
2443 515 2531 572 οὖν
2552 518 2643 571 τοῦ
2670 517 2993 586 Εύαγγελὶου
3018 518 3268 589 λάδωμεν
3290 518 3367 583 τὸ,
3406 518 3509 570 Ἐν
3532 516 3688 584 ἀρχῇ
3726 519 3809 586 ἦν
3838 522 3871 571 ό
3902 519 4002 571 Λό-

797 627 903 673 erat
946 612 1162 667 Verbum
1180 613 1261 676 ";
1296 614 1395 664 hoc
1452 625 1581 665 vero
1619 627 1680 665 ex
1717 610 1929 665 Psalmo
1974 612 2113 665 velut
2156 625 2187 662 ε
2231 627 2348 679 per-

798 724 926 763 sona
958 706 1133 760 Patris
1169 704 1369 757 dictum
1401 720 1415 757 :
1448 703 1524 755 Ab
1548 714 1690 755 utero
1726 714 1845 754 ante
1886 700 2159 770 luciferum
2194 702 2347 769 genui

801 810 848 852 te
872 799 953 863 ⁸⁹;
984 806 1144 864 atque
1181 794 1422 861 utrisque
1456 794 1593 846 inter
1626 805 1683 843 se
1728 790 2036 859 compositis
2064 790 2301 844 dicamus
2333 805 2345 839 :

802 891 866 945 Et
893 902 1029 952 erat,
1058 897 1115 942 et
1151 888 1360 955 genitus
1382 898 1482 941 est.
1516 883 1708 937 Verum
1734 898 1836 937 vox
1870 880 2035 935 Genui
2068 897 2281 936 causam
2321 899 2348 935 a

801 998 905 1052 qua
955 982 1277 1051 principiqu
1312 980 1472 1032 habet
1512 977 1733 1040 carendi,
1766 976 2071 1045 siguilicat:
2114 991 2212 1028 vox
2260 991 2350 1028 au-

804 1087 933 1141 tem,
965 1074 1116 1140 Erat,
1163 1072 1361 1126 indicat
1405 1068 1521 1136 ejus
1559 1069 1928 1121 exsisteutium
1981 1076 2218 1135 tempore
2260 1082 2353 1119 ca-

802 1177 1009 1222 rentem
1052 1179 1116 1217 ac
1148 1163 1550 1230 sempiternam.
1594 1160 1699 1213 Sed
1739 1174 1866 1213 vero
1907 1172 2007 1226 pro
2038 1172 2132 1211 sua
2170 1157 2354 1212 fraude

803 1260 1081 1311 decertans
1112 1252 1421 1316 Eunomius,
1439 1255 1736 1307 orationem
1767 1250 1832 1304 ad
1859 1248 2151 1304 absurdum
2187 1250 2355 1304 addu-

802 1365 923 1403 cere
953 1364 1011 1403 se
1041 1356 1212 1416 putat.

872 1439 1006 1493 Eun.
1043 1437 1101 1491 Si
1145 1436 1288 1491 enim
1316 1477 1331 1500 ,
1364 1436 1555 1505 inquit,
1607 1445 1729 1490 ante
1777 1449 1926 1490 suam
1957 1435 2355 1504 generationem

803 1530 971 1584 Filius
994 1538 1136 1593 erat,
1173 1528 1439 1597 ingenitus
1466 1537 1605 1582 erat.

873 1623 997 1676 Bas.
1024 1624 1091 1676 At
1123 1622 1269 1683 illud,
1305 1630 1425 1673 ante
1463 1620 1866 1691 generationem,
1889 1633 1921 1673 ο
1958 1619 2043 1672 vir
2072 1635 2231 1684 vane,
2265 1626 2361 1673 aut

803 1714 948 1768 nullo
974 1712 1130 1765 modo
1168 1711 1431 1775 subsistit,
1490 1712 1793 1778 mentisque
1834 1708 1961 1761 nulli
2005 1711 2247 1781 subjecto
2276 1710 2358 1761 in-

2447 628 2548 679 γος
2568 625 2580 637 ·
2601 611 2677 661 ’ἐκ
2700 609 2755 662 δὲ
2779 610 2869 663 τοῦ
2892 609 3104 679 ψαλμοῦ
3141 612 3215 673 ὡς
3244 614 3306 662 ἐκ
3347 607 3632 681 προσώπου
3664 608 3759 660 τοῦ
3795 604 4005 681 Πατρὶς

2446 700 2729 773 εἰρημένον
2762 703 2841 769 τὸ,
2876 705 2967 755 Ἐκ
2991 702 3249 769 γαστρὸς
3287 704 3399 770 πρὸ
3432 702 3739 771 ἑωσφρρου
3776 704 3892 774 (i8)
3919 721 4007 774 τε·

2446 792 2707 863 τέννηκά
2739 809 2812 846 σε
2832 812 2844 824 ·
2874 796 2967 847 καὶ
2992 792 3269 855 συνθέντες
3296 796 3598 866 ἀμφότερα,
3632 793 3906 863 εἴπωμεν,
3930 799 4009 850 ὅτι

2446 886 2541 939 καὶ
2576 881 2641 955 ἦν
2686 888 2777 938 καὶ
2806 887 3143 955 γεγέννηται.
3187 869 3347 937 Ἀλλά
3371 888 3431 937 τὸ
3477 890 3592 955 μὲν,
3628 885 4008 959 Γετέννηκα,

2450 979 2544 1047 τὴν
2576 978 2750 1029 αἰτίαν
2772 977 2861 1044 ἀφ’
2890 976 2957 1050 ἧς
2985 980 3095 1049 ἕχει
3118 977 3215 1047 τὴν
3238 975 3411 1045 ἀρχὴν
3436 978 3530 1028 τοῦ
3559 976 3699 1033 εἶναι
3727 977 4005 1049 σημαίνει·

2450 1069 2509 1121 τὸ
2532 1068 2609 1130 δὲ,
2637 1063 2775 1131 Ἦν,
2807 1068 2905 1138 τὴν
2932 1072 3155 1141 ἄχρονον
3180 1067 3342 1121 αὑτοῦ
3364 1068 3455 1120 καί
3478 1070 3802 1136 προαιώνιον
3831 1071 4009 1139 ὓπαρ-

2452 1160 2552 1223 ξιν.
2594 1159 2651 1211 '0
2692 1159 2769 1221 δὲ,
2820 1160 3285 1233 ἐπαγωνιζόμενος
3322 1163 3385 1230 τῇ
3438 1160 3629 1213 ἑαυτοῦ
3666 1164 3891 1235 ἀπάτῃ,
3935 1164 4010 1224 είς

2450 1252 2647 1304 ἄτοπον
2675 1252 2765 1305 τὸν
2802 1251 2955 1320 λόγον
2973 1253 3205 1322 ἀπάγειν
3234 1252 3420 1307 οἴεται.

2524 1435 2680 1487 ΕΥΝ.
2740 1436 2801 1487 Εἰ
2832 1435 2956 1506 γὰρ,
3005 1436 3154 1506 φησι,
3207 1438 3311 1509 πρὸ
3340 1437 3438 1507 τῆς
3461 1437 3766 1507 γεννήσεως
3806 1436 3915 1507 (19)
3953 1436 4017 1510 ἦν

2454 1526 2549 1595 τῆς
2585 1525 2773 1577 ἑαυτοῦ
2802 1525 2829 1575 ὁ
2858 1525 3003 1591 Υἱὸς,
3040 1526 3329 1598 ἀγέννητος
3360 1524 3446 1599 ἦν.

2525 1618 2670 1669 ΒΑΣ.
2714 1616 2871 1671 Ἀλλά
2919 1619 2981 1671 τὸ
3021 1615 3132 1685 πρὸ
3177 1618 3285 1685 τῆς
3343 1618 3674 1689 γεννήσεως
3739 1618 3935 1681 τοῦτο,
3978 1616 4019 1672 ὦ

2462 1710 2674 1780 μάταιε,
2724 1710 2840 1779 ἦτοι
2883 1708 3228 1780 ἀνύπαρκτόν
3272 1711 3385 1763 ἐστι
3430 1712 3735 1776 παντελῶς,
3768 1712 3869 1763 καί
3912 1711 4021 1764 δια-

805 1800 1056 1857 Ιιιετεηιίε
1095 1814 1453 1857 commentum
1503 1810 1602 1856 est.
1635 1800 1737 1855 Sed
1778 1800 1906 1870 quid
1941 1803 2133 1856 attinet
2182 1799 2358 1854 stultis
2390 1875 2417 1877 ξ
2459 1822 2467 1836 ε

2352 1815 2358 1848 i
2390 1875 2417 1877 ξ
2459 1802 2605 1866 νοίας
2635 1803 2988 1874 ἁναπλασμδς
3017 1803 3190 1856 οὐδενὶ
3231 1802 3576 1875 ὲρειδομένης
3623 1806 3974 1877 ὑποκειμένῳ
4003 1822 4014 1834 ·

803 1895 1179 1951 contradicere
1210 1896 1233 1947 ?
1260 1898 1361 1949 hoc
1392 1900 1533 1948 enim
1580 1892 1801 1963 perinde
1840 1904 1923 1947 est
1953 1905 2114 1963 atque
2144 1906 2263 1945 cum
2295 1906 2358 1945 eo
2389 1875 2429 1929 Β
2460 1913 2465 1946 :

2389 1875 2429 1929 Β
2460 1897 2551 1949 καὶ
2610 1890 2661 1949 τί
2710 1896 2788 1949 δεῖ
2835 1895 3131 1963 ἀντιλέγειν
3164 1898 3273 1958 τοῖς
3323 1895 3603 1967 ἀνοήτοις;
3636 1875 4020 1971 παραπλήσιον

808 1990 1137 2043 contendere
1160 2028 1175 2053 ,
1205 1988 1290 2043 cui
1318 1986 1537 2040 rationis
1576 2000 1729 2039 usum
1763 1985 2041 2056 phrenesis
2081 1984 2356 2037 ademerit.

806 2084 913 2135 Aut
939 2082 982 2135 si
1014 2081 1079 2135 ad
1106 2081 1374 2149 quidpiam
1413 2093 1598 2132 eorum
1632 2094 1751 2147 quze
1790 2088 1914 2134 sunt
1948 2077 2140 2140 tendit,
2169 2075 2232 2128 ad
2264 2090 2362 2129 sac-

808 2174 1049 2229 culorum
1084 2184 1297 2242 quoque
1325 2170 1598 2225 notionem
1624 2171 1934 2225 deducetur.
1968 2166 2165 2221 Verum
2196 2168 2241 2222 si
2270 2183 2364 2221 sar-

809 2265 925 2319 cula
966 2266 1141 2319 omnia
1176 2262 1313 2316 infra
1339 2262 1735 2334 generationem
1762 2258 2035 2328 Unigeniti
2059 2258 2365 2329 intelligun-

809 2364 915 2415 tur,
948 2372 1068 2409 cum
1112 2354 1253 2408 illius
1297 2354 1465 2423 ipsius
1512 2355 1621 2407 sint
1648 2361 1928 2416 creaturae,
1952 2364 2123 2405 vanus
2158 2362 2240 2405 est
2271 2352 2360 2421 qui

808 2446 935 2516 quid
990 2446 1292 2501 substantia
1326 2443 1445 2498 Filii
1499 2443 1773 2513 antiquius
1806 2444 2017 2511 quaerit.
2040 2440 2183 2496 Nihil
2222 2447 2362 2499 enim

810 2540 1035 2595 alienius
1064 2538 1274 2609 quarit,
1292 2551 1453 2607 quam
1487 2536 1531 2591 si
1560 2537 1625 2591 de
1652 2536 1807 2590 Patre
1828 2536 1988 2590 etiam
2025 2545 2365 2605 percontare-

814 2644 922 2694 tur,
944 2642 1118 2685 utrum
1147 2640 1270 2685 ante
1298 2646 1449 2685 suam
1474 2629 1911 2684 constitutionem
1946 2627 2203 2691 fuerit,an
2240 2643 2363 2683 non.

810 2723 1022 2776 Etenim
1054 2733 1111 2775 ut
1129 2722 1237 2775 illic
1264 2722 1351 2775 hic
1375 2723 1599 2791 qua'stio
1620 2721 1778 2775 stulta
1809 2732 1911 2785 est,
1932 2721 2092 2791 253
2130 2736 2368 2789 quaerere

810 2814 1059 2869 videlicet
1088 2816 1139 2866 in
1162 2829 1227 2867 co
1250 2814 1338 2883 qui
1364 2814 1625 2883 principio
1659 2823 1878 2866 caretac
1906 2813 2171 2880 ingenitus
2187 2820 2369 2863 estsu-

809 2906 989 2975 perius
1016 2904 1266 2974 quiddam
1290 2919 1303 2953 :
1340 2904 1410 2956 ita
1432 2904 1517 2957 bic
1545 2916 1757 2971 quoque
1780 2903 1844 2955 de
1866 2916 1930 2954 eo
1960 2902 2049 2969 qui
2075 2900 2142 2953 ab
2166 2910 2367 2953 mteruo

812 3008 896 3053 est
922 3012 1042 3051 cum
1075 2996 1257 3060 Patre.
1285 2995 1525 3065 nihilque
1552 2994 1715 3049 habet
1746 2994 1906 3047 medii
1948 2993 2084 3047 inter
2117 3006 2175 3047 se
2196 3000 2251 3046 et
2281 3006 2370 3060 ge-

814 3090 1081 3154 nitorem,
1117 3086 1438 3156 temporales
1470 3086 1650 3142 iacere
1692 3092 1755 3142 de
1785 3085 1960 3157 priore
2009 3085 2366 3155 quaestiones;

2460 1987 2567 2057 γὰρ
2596 1988 2769 2047 τοῦτο,
2798 1986 2983 2055 ὥσπερ
3006 1986 3071 2038 ἂν
3104 1988 3151 2038 εί
3180 1986 3270 2038 καὶ
3301 1987 3375 2056 τῷ
3406 1986 3495 2039 τὸν
3515 1988 3772 2057 λογισμὸν
3798 1992 3864 2041 ὲκ
3891 2005 4021 2059 φρε-

2460 2079 2652 2141 νίτιδος
2685 2076 3062 2146 παρενεχθέντι
3086 2076 3449 2147 διεμαχόμεθα
3479 2093 3493 2106 ο
3530 2078 3561 2147 ἢ
3588 2081 3634 2129 εί
3669 2080 3807 2146 πρός
3829 2097 3886 2130 τι
3920 2080 4022 2130 re};

2462 2172 2627 2225 ὅντων
2674 2170 2920 2238 φέρεται,
2968 2169 3059 2222 καὶ
3117 2169 3247 2241 πρὸς
3272 2170 3368 2240 τὴν
3422 2170 3526 2223 τῶν
3555 2169 3765 2223 αἰώνων
3818 2170 4023 2223 ἔννοιαν

2464 2263 2831 2333 ὲνεχθήσεται.
2888 2261 3022 2314 Ἀλλ’
3051 2262 3205 2336 εἴπερ
3237 2252 3431 2326 αἰῶνες
3478 2264 3676 2326 πάντες
3723 2263 3878 2316 κάτω
3924 2281 4024 2338 που

2462 2356 2559 2424 τῆς
2586 2352 2849 2420 γενέσεως
2892 2354 3000 2424 (20)
3045 2355 3140 2408 τοῦ
3179 2355 3515 2424 Μονογενοῦς
3557 2355 3827 2421 νοοῦνται,
3860 2356 4024 2409 αὑτοῦ

2464 2446 2669 2499 ἐκείνου
2714 2446 2865 2509 ὄντες
2898 2450 3196 2518 ποιήματα,
3254 2448 3479 2519 μάταιος
3529 2452 3557 2501 ὁ
3611 2448 3889 2517 ἐπιζητῶν
3934 2450 4026 2517 τῆς

2464 2538 2807 2600 ὑποστάσεως
2857 2538 2949 2590 τοῦ
3010 2540 3137 2592 Υίοῦ
3190 2540 3259 2591 ra
3308 2538 3668 2607 πρεσϐύτερα.
3702 2539 3871 2591 Οὐδὲν
3922 2541 4024 2608 γὰρ

2464 2628 2796 2699 ἀλλοιότερον
2817 2630 3013 2698 ἐρωτᾷ,
3047 2629 3079 2697 ἢ
3112 2629 3159 2679 εί
3181 2628 3271 2680 καὶ
3312 2628 3440 2697 περὶ
3470 2626 3562 2679 τοῦ
3615 2627 3831 2697 Harpe;
3867 2630 4027 2679 ἐπυν-

2472 2722 2683 2787 θάνετο,
2719 2723 2944 2791 πότερον
2992 2721 3199 2791 ὑπῆρχε
3245 2720 3349 2789 πρὸ
3385 2721 3483 2790 τῆς
3516 2719 3650 2782 ιδίας
3693 2720 4024 2783 συστάσεως.

2467 2814 2663 2883 ἢοὺχί.
2702 2815 2789 2875 Ὠς
2818 2814 2925 2884 γὰρ
2959 2814 3073 2865 ἐκεῖ
3102 2812 3326 2883 ἀνόητον
3371 2811 3430 2863 τὸ
3466 2808 3726 2881 ἐρώτημα
3748 2852 3763 2875 ,
3808 2812 3903 2864 ἐπὶ
3937 2813 4028 2867 τοῦ

2468 2905 2701 2973 ἀνάρχου
2757 2904 2850 2955 καὶ
2905 2906 3197 2975 ἀγεννήτου
3238 2902 3417 2973 ζητεῖν
3446 2902 3506 2955 τὸ
3548 2901 3857 2975 ἀνώτερον·
3894 2903 4029 2957 οὕτω

2466 2996 2560 3048 καὶ
2588 2994 2838 3058 ἐνταῦθα,
2878 2996 2970 3046 ἐπὶ
3006 2998 3099 3047 τοῦ
3131 2996 3189 3061 ἐξ
3226 2996 3393 3048 ἀῐδίου
3424 2994 3499 3065 τῷ
3536 2995 3712 3065 Harp).
3760 2996 4027 3059 συνόντος,

2471 3090 2562 3143 καὶ
2587 3088 2735 3141 οὐδὲν
2756 3088 2967 3159 ἔχοντος
3005 3088 3168 3159 μέσον
3200 3089 3391 3142 ἑαυτοῦ
3414 3106 3472 3141 τε
3498 3089 3591 3141 καὶ⁵
3616 3087 3711 3140 τοῦ
3738 3090 4030 3159 γεννήσαν-

814 3181 1035 3249 mqualis
1074 3180 1231 3248 plane
1269 3178 1553 3232 dementia:
1590 3187 1691 3232 est.
1722 3177 1852 3231 Nam
1895 3178 2112 3244 perinde
2150 3179 2276 3239 erit,
2308 3192 2369 3229 ac
2398 3199 2476 3269 Ct

2366 3196 2369 3227 :
2398 3210 2440 3269 Ο
2469 3198 2576 3244 τος.
2602 3180 2854 3250 χῳνικάς
2889 3179 3153 3232 ποιεῖσθαι
3178 3179 3270 3232 τοῦ
3300 3181 3562 3251 προτέρου
3592 3179 3690 3242 τὰς
3714 3182 4028 3252 ἐρωτήσεις,

813 3272 861 3325 ai
900 3272 1019 3338 quis
1046 3271 1338 3335 interroget
1365 3267 1490 3335 quid
1516 3267 1754 3319 futurum
1786 3267 1855 3319 sit
1881 3278 1999 3335 post
2019 3267 2221 3319 obitum
2257 3264 2371 3332 ejus
2408 3264 2437 3269 ⁷
2468 3293 2475 3307 ι

2366 3283 2371 3316 l
2408 3264 2437 3269 ⁷
2468 3275 2565 3343 τῆς
2589 3274 2708 3343 ἴσης
2729 3273 2895 3336 ὅντως
2918 3272 3119 3335 ἀνοίας.
3143 3272 3529 3343 Παραπλήσιον
3544 3272 3651 3345 γὰρ
3671 3274 3884 3344 ἐρωτᾷν
3903 3272 4028 3344 (21),

817 3365 905 3433 qui
937 3361 1253 3415 immortalis
1286 3367 1388 3425 est,
1430 3366 1739 3429 qumratque
1780 3359 1906 3426 quid
1949 3357 2219 3412 exstiterit
2250 3367 2373 3411 ante

815 3452 1213 3524 generationem
1246 3451 1574 3521 sempiterni.
1624 3449 1687 3503 lii
1724 3460 1921 3511 autem,
1956 3450 2079 3520 quia
2129 3449 2373 3519 principii

816 3545 872 3599 in
899 3542 1057 3597 Patre
1086 3542 1319 3613 privatio
1349 3543 1618 3597 mternitas
1657 3542 1982 3607 nominatur,
2020 3542 2373 3612 privationem

816 3636 1065 3708 principii
1099 3635 1552 3689 decernuntidem
1587 3649 1708 3689 esse
1743 3643 1904 3703 atque
1932 3635 2377 3698 aeternitatem,et

817 3728 1069 3798 quoniam
1092 3726 1262 3783 Filius
1290 3741 1394 3781 non
1418 3736 1501 3782 est
1539 3728 1833 3799 ingenitus,
1864 3742 1930 3781 ne
1960 3737 2219 3781 mteruum
2253 3727 2374 3795 qui-

818 3816 940 3873 dem
979 3832 1097 3873 esse
1127 3817 1463 3888 proﬁtentur.
1483 3818 1586 3873 Sed
1626 3828 1803 3872 tamen
1838 3820 1951 3873 haec
1987 3817 2233 3872 diﬂ‘eruut
2257 3819 2375 3886 plu-

822 3910 1016 3964 rimum
1064 3910 1475 3979 signiﬁcatione.
1505 3908 1636 3962 Nam
1673 3909 1963 3977 ingenitum
1991 3908 2206 3971 dicitur,
2236 3908 2374 3975 quod

823 4016 998 4069 neque
1053 4001 1373 4069 principium
1407 4002 1488 4055 sui
1528 4000 1713 4070 ipsius,
1754 4011 1924 4066 neque
1964 4012 2178 4053 causam
2222 4006 2278 4050 ut
2308 4000 2378 4051 sit

822 4090 984 4145 habet
1014 4108 1026 4143 :
1062 4099 1323 4144 mternum
1355 4107 1504 4155 vero,
1544 4092 1682 4159 quod
1720 4099 1959 4159 tempore
1999 4090 2143 4142 omni
2177 4098 2230 4143 et
2265 4103 2377 4143 aevo

822 4180 1115 4235 secundum
1147 4196 1255 4235 esse
1283 4180 1554 4251 antiquius
1606 4190 1710 4236 est.
1746 4180 1900 4236 Unde
1936 4190 1988 4235 et
2018 4180 2179 4235 Filius
2211 4188 2269 4233 ut
2298 4188 2378 4234 est

824 4288 930 4327 non
950 4272 1237 4342 ingenitus,
1257 4273 1331 4327 ita
1352 4281 1581 4329 aeternus
1599 4282 1700 4329 est.
1716 4272 1837 4327 1am
1861 4289 1987 4327 vero
2006 4272 2197 4327 secula
2219 4274 2377 4327 etiam

824 4368 1009 4419 aeterni
1042 4366 1396 4435 appellatione
1428 4366 1667 4421 nonnulli
1704 4368 2010 4436 dignantur,
2044 4365 2194 4433 quasi
2219 4380 2283 4418 ex
2308 4379 2379 4419 eo

826 4459 968 4525 quod
999 4471 1208 4527 semper
1230 4457 1360 4521 sint,
1400 4458 1501 4513 hoc
1525 4458 1752 4513 nominis
1772 4459 1963 4528 adepta
1993 4459 2119 4511 sint.
2146 4457 2252 4511 Nos
2285 4472 2379 4509 au-

2468 3365 2520 3416 τί
2555 3364 2701 3417 ἔσται
2734 3364 2871 3433 μετά
2902 3364 2999 3435 τὴν
3038 3363 3293 3435 τελευτὴν
3322 3362 3419 3416 τοῦ
3454 3363 3744 3425 ἀθανάτου,
3787 3366 3885 3433 καὶ
3918 3366 4032 3416 ἑπι-

2471 3457 2651 3528 ζητεῖν
2696 3456 2747 3509 τί
2788 3457 2999 3528 ὑπῆρχε
3038 3457 3143 3528 πρὸ
3169 3460 3265 3528 τῆς
3290 3458 3588 3529 γεννήσεως
3626 3455 3722 3509 τοῦ
3748 3456 3945 3510 ἀϊδίου.
3976 3457 4034 3509 Ol

2472 3554 2549 3617 δὲ,
2578 3551 2761 3623 ἐπειδὴ
2795 3551 2855 3604 τὸ
2874 3552 3105 3622 ἄναρχον
3134 3551 3224 3604 τοῦ
3264 3551 3475 3621 Πατρὸς
3496 3550 3664 3604 ἀῖδιον
3691 3551 4034 3619 ὀνομάζεται,

2473 3644 2665 3696 ταυτὸν
2699 3644 2758 3695 τὺ
2780 3645 2998 3714 ἀνάρχῳ
3025 3644 3083 3695 τὸ
3106 3643 3271 3695 ἀΐδιον
3297 3642 3679 3709 ἀποφαίνουσι,
3729 3642 3824 3693 καὶ
3854 3640 4037 3707 ἐπειδὴ

2476 3735 2551 3804 μὴ
2598 3735 2887 3804 ἁγέννητος
2934 3738 2961 3786 ὁ
3000 3734 3145 3794 Υἱὸς,
3173 3733 3290 3783 οὐδὲ
3320 3733 3486 3782 αῖδιον
3511 3726 3648 3783 εἶναι
3696 3730 4037 3799 ὁμολογοῦσι.

2475 3823 2729 3873 Πλεῖστον
2776 3822 2831 3873 δὲ
2879 3822 3121 3889 διαφέρει
3152 3820 3294 3873 κατὰ
3320 3819 3418 3889 τὴν
3456 3819 3681 3872 ἔννοιαν.
3722 3820 4040 3891 Ἀγέννητον

2477 3912 2573 3982 μὲν
2624 3912 2731 3983 γὰρ
2762 3912 2975 3980 λέγεται
3009 3912 3068 3965 τὸ
3096 3912 3366 3983 μηδεμίαν
3405 3912 3581 3983 ἀρχὴν
3632 3912 3853 3975 ἑαυτοῦ,
3910 3914 4040 3983 μηδὲ

2475 4002 2651 4055 αίτίαν
2684 4002 2804 4072 ἔχον
2833 4002 2925 4057 τοῦ
2958 3997 3125 4057 εἶναι·
3151 4003 3319 4057 ἀΐδιον
3348 4004 3401 4056 δὲ
3424 4003 3484 4055 τὸ
3504 4003 3693 4074 χρόνου
3724 4003 3928 4065 παντὸς
3950 4003 4041 4055 καὶ

2478 4094 2663 4157 αἰῶνος
2694 4095 2832 4148 κατά
2850 4095 2910 4147 τὸ
2937 4090 3075 4149 εἶναι
3098 4093 3486 4166 πρεσσύτερον.
3515 4094 3675 4146 Ὅθεν
3712 4096 3807 4146 καὶ
3836 4096 3865 4146 ό
3888 4094 4036 4156 Υἱὸς.

2478 4183 2569 4234 καὶ
2619 4184 2717 4236 οὐκ
2754 4183 3061 4255 ἀγέννητος,
3115 4185 3209 4237 καὶ
3258 4184 3445 4246 ἀΐδιος.
3492 4183 3629 4254 Ἤδη
3675 4183 3733 4235 δὲ
3764 4184 3861 4236 καὶ
3920 4183 4040 4244 τοὺς

2478 4272 2681 4339 αἰῶνας
2712 4273 2921 4338 ἀξιοῦσί
2959 4291 3104 4337 τινες
3156 4275 3251 4345 τῆς
3286 4273 3379 4327 τοῦ
3414 4273 3585 4327 ἀϊδίου
3623 4271 3735 4342 (22)
3773 4288 4041 4343 ιτροιιίγγο⁴

2477 4366 2619 4437 ρίας,
2656 4366 2731 4429 ὡς
2752 4367 2819 4419 ὲκ
2843 4366 2938 4419 τοῦ
2966 4367 3052 4419 ἀεὶ
3082 4362 3219 4418 εἷναι
3253 4366 3352 4435 τῆς
3378 4366 3619 4436 κλήσεως
3642 4363 3849 4433 ταύτης
3887 4382 4040 4417 τετυ-

2479 4463 2729 4533 χηκότας.
2783 4462 2971 4533 Ἡμεῖς
3022 4462 3080 4515 δὲ
3115 4462 3211 4532 τῆς
3266 4460 3437 4530 αὐτῆς
3494 4458 3820 4527 λογιζόμεθα
3875 4474 4042 4528 παρα-

830 4557 939 4603 tem
972 4557 1025 4603 et
1057 4550 1318 4603 creaturis
1364 4548 1684 4603 aeternitatis
1716 4548 2072 4603 testimonium
2118 4549 2378 4618 praebere,
2410 4554 2454 4608 ι)
2484 4574 2492 4598 ι

2410 4554 2454 4608 ι)
2484 4555 2628 4617 vota;
2650 4553 2743 4607 καὶ
2777 4555 2841 4623 τῇ
2869 4552 3041 4605 κτίσει
3076 4551 3515 4622 προσμαρτυρεῖν
3539 4549 3598 4599 τὸ
3625 4548 3814 4609 ἀΐδιον,
3845 4548 3937 4598 καὶ
3960 4548 4040 4599 τὸν

831 4648 885 4694 et
918 4647 1283 4694 creaturarum
1327 4640 1604 4695 Dominum
1646 4639 1746 4693 hac
1785 4638 2120 4694 coniessione
2148 4637 2378 4707 privare,

832 4730 1071 4800 ejusdem
1104 4746 1223 4787 esse
1249 4733 1496 4789 amentia:
1520 4732 1864 4787 arbitramur.

902 4823 991 4878 18.
1031 4824 1418 4881 Atorationem
1457 4826 1522 4880 ad
1546 4826 1942 4897 impudentiam
1981 4824 2246 4880 deducens
2278 4822 2383 4877 Eu-

835 4915 1065 4980 nomius,
1090 4917 1215 4987 quid
1236 4918 1365 4972 dicit
1395 4916 1419 4971 ἳ

908 5009 1040 5066 Eun.
1072 5008 1178 5064 Nos
1202 5019 1378 5064 autem
1405 5007 1459 5062 in
1500 5008 1565 5063 iis
1606 5023 1727 5077 qua:
1752 5016 1807 5062 et
1841 5007 1969 5061 olim
2003 5023 2034 5061 a
2080 5009 2299 5074 sanctis,
2330 5015 2385 5061 et

833 5114 978 5154 nunc
1011 5115 1041 5153 a
1078 5099 1231 5154 nobis
1260 5101 1621 5154 demonstrata
1650 5106 1796 5163 sunt,
1828 5110 2382 5167 permanentes,-cum

916 5298 967 5328 "
995 5296 1146 5351 Joan.
1181 5314 1217 5361 ι,
1262 5300 1312 5351 i.
1390 5299 1433 5330 "
1472 5296 1614 5353 Psal.
1642 5314 1749 5361 cur,
1776 5297 1829 5351 3.

909 5478 1021 5550 (i8)
1047 5478 1264 5547 Antiqui
1295 5480 1397 5533 duo
1422 5479 1540 5533 libri
1572 5478 1846 5549 ὲωσφόρου
1878 5474 1987 5546 ἐγὼ
2022 5478 2283 5550 σήμερον.

914 5549 1019 5619 (19)
1050 5550 1273 5619 Codices
1296 5550 1493 5619 aliquot
1522 5550 1808 5619 γενέσεως.

914 5582 1024 5689 iiii
1050 5582 1546 5672 ἕξῒῗὲὖῖὁῗιζξῖἶίέ
1560 5582 1679 5685 iis“;
1687 5582 2005 5687 3.32m.

916 5688 1028 5813 >2”
1055 5688 1429 5769 Reg._quurtus
1445 5689 1504 5769 τδ
1532 5691 1763 5773 span-civ.

937 5758 1025 5813 Sal
1074 5759 1210 5813 Edtli
1241 5775 1383 5813 τινες
1437 5776 1531 5813 της
1562 5759 1751 5811 ἀιδίου.

837 5744 1025 5877 διοξῖί
1074 5744 1210 5813 Editi
1226 5744 1383 5821 ’τινες
1437 5759 1531 5828 τῆς
1562 5744 1751 5811 ἀϊδίου.
1798 5760 1866 5814 At
1911 5775 2039 5816 mss.
2071 5759 2166 5829 τῆς
2189 5757 2281 5810 τοῦ
2312 5760 2397 5811 ἀῖ·

894 5842 975 5883 Ου.

2482 4646 2757 4715 Δεσπότην
2786 4644 2883 4713 τῆς
2908 4642 3134 4705 κτίσεως
3159 4642 3255 4710 τῆς
3288 4638 3572 4711 ὁμολογίας
3598 4636 3799 4707 ταύτης
3825 4638 4042 4691 artos-re-

2553 4738 2621 4790 ἰν.

2487 4751 2644 4879 ρεῗέ.
2680 4826 2738 4877 '0
2759 4824 2833 4887 δὲ,
2859 4822 2992 4893 πρὸς
3020 4820 3079 4874 τὸ
3101 4819 3449 4889 ἀναίσχυντον
3482 4818 3730 4889 ἐκφέρων
3750 4818 3842 4870 τὸν
3871 4818 4040 4887 λόγον,

2485 4918 2538 4970 τί
2561 4934 2720 4987 φησιν
2738 4933 2752 4981 ;

2560 5006 2717 5058 ΕΥΝ.
2755 5004 2943 5073 Ἡμεῖς
2970 5001 3049 5065 δὲ,
3097 5004 3208 5064 τοῖς
3250 5018 3311 5054 τε
3339 5000 3445 5054 ὑπὸ
3474 4999 3578 5053 τῶν
3609 4998 3780 5065 ἀγίων
3822 4999 3918 5051 καὶ
3951 4996 4043 5049 πά-

2492 5096 2581 5150 λαι
2604 5096 2716 5167 (25)
2748 5095 2843 5148 καί⁵
2882 5094 2975 5147 νῦν
3000 5095 3083 5163 ἐφ’
3108 5092 3263 5165 ἡμῶν
3294 5090 3772 5161 ἀποδεικνυμένοις
3799 5090 4043 5161 ἐμμένον-

2562 5476 2677 5558 (ἓὸ)
2700 5470 2841 5558 Edili
2862 5475 2977 5558 τῶν
2991 5476 3161 5558 ἁγίων
3184 5474 3446 5558 Πατέροξν
3484 5474 3669 5558 «sua.
3690 5471 3827 5558 βεε.

2494 5544 2595 5601 (ius
2610 5544 2719 5600 τῶν
2740 5548 2909 5615 ἀγίων
2933 5547 3192 5617 Πατέρων
3220 5546 3313 5617 καί
3338 5544 3534 5599 πάλαι.
3562 5544 3665 5599 Alii
3692 5555 3803 5597 tres
3836 5551 4043 5617 mss._tlt

2499 5620 2551 5671 in
2583 5610 2860 5672 contexiu.
2914 5610 3106 5671 Vocem
3138 5615 3397 5686 Πατέρων
3424 5631 3538 5686 non
3576 5616 3690 5669 sine
3716 5628 3882 5668 causa
3911 5610 4041 5686 dele-

2504 5700 2611 5740 tam
2640 5702 2760 5741 esse
2790 5689 2914 5741 hinc
2943 5686 3133 5755 conjici
3170 5682 3366 5752 potest,
3402 5684 3543 5754 quod
3590 5699 3694 5737 non
3752 5682 4041 5753 reperiatur

2505 5772 2677 5824 neque
2706 5759 2757 5809 iu
2784 5771 2945 5824 opere
2971 5756 3217 5812 Eunomii
3252 5756 3393 5825 quod
3427 5768 3587 5825 penes
3616 5766 3715 5809 nos
3740 5764 3849 5820 εει,
3880 5764 4039 5817 ueque

2510 5828 2645 5896 apud
2678 5826 3002 5881 Fabricium.
