  <div class='ocr_page' id='page_1' title='image "/cluster/home/n/w/nwhite01/storage/ocr_20150623/29/uva.x004321530/730.png"; bbox 0 0 4208 6500; ppageno 0'>
   <div class='ocr_carea' id='block_1_1' title="bbox 221 433 321 486">
    <p class='ocr_par' dir='ltr' id='par_1_1' title="bbox 221 433 321 486">
     <span class='ocr_line' id='line_1_1' title="bbox 221 433 321 486; baseline 0 0"><span class='ocrx_word' id='word_1_1' title='bbox 221 433 321 486; x_wconf 79' lang='lat'>6‘2!</span> 
     </span>
    </p>
   </div>
   <div class='ocr_carea' id='block_1_2' title="bbox 1319 444 2376 503">
    <p class='ocr_par' dir='ltr' id='par_1_2' title="bbox 1319 444 2376 503">
     <span class='ocr_line' id='line_1_2' title="bbox 1319 444 2376 503; baseline 0.006 -6"><span class='ocrx_word' id='word_1_2' title='bbox 1319 444 1695 500; x_wconf 68' lang='lat' dir='ltr'><strong>ADVERSL&#39;S</strong></span> <span class='ocrx_word' id='word_1_3' title='bbox 1737 445 2103 502; x_wconf 68' lang='lat' dir='ltr'><strong>EUNOMIUM</strong></span> <span class='ocrx_word' id='word_1_4' title='bbox 2147 448 2271 502; x_wconf 82' lang='lat' dir='ltr'><strong>LlB.</strong></span> <span class='ocrx_word' id='word_1_5' title='bbox 2316 448 2376 503; x_wconf 90' lang='lat' dir='ltr'><strong>ll.</strong></span> 
     </span>
    </p>
   </div>
   <div class='ocr_carea' id='block_1_3' title="bbox 3365 451 3472 506">
    <p class='ocr_par' dir='ltr' id='par_1_3' title="bbox 3365 451 3472 506">
     <span class='ocr_line' id='line_1_3' title="bbox 3365 451 3472 506; baseline 0 0"><span class='ocrx_word' id='word_1_6' title='bbox 3365 451 3472 506; x_wconf 70' lang='grc' dir='ltr'><strong>ϐἓὲ</strong></span> 
     </span>
    </p>
   </div>
   <div class='ocr_carea' id='block_1_4' title="bbox 220 558 1882 637">
    <p class='ocr_par' dir='ltr' id='par_1_4' title="bbox 220 558 1869 637">
     <span class='ocr_line' id='line_1_4' title="bbox 220 558 1869 637; baseline 0.01 -31"><span class='ocrx_word' id='word_1_7' title='bbox 220 558 586 627; x_wconf 74' lang='grc' dir='ltr'><strong>γεννήσαντα,</strong></span> <span class='ocrx_word' id='word_1_8' title='bbox 641 561 732 613; x_wconf 71' lang='grc' dir='ltr'><strong>καὶ</strong></span> <span class='ocrx_word' id='word_1_9' title='bbox 789 561 914 612; x_wconf 77' lang='grc' dir='ltr'>Υἱὸν</span> <span class='ocrx_word' id='word_1_10' title='bbox 971 560 1045 631; x_wconf 81' lang='grc' dir='ltr'>μὴ</span> <span class='ocrx_word' id='word_1_11' title='bbox 1094 565 1419 634; x_wconf 79' lang='grc' dir='ltr'><strong>γεννηθέντα</strong></span> <span class='ocrx_word' id='word_1_12' title='bbox 1485 570 1793 637; x_wconf 73' lang='grc' dir='ltr'><strong>κηρύσσων.</strong></span> <span class='ocrx_word' id='word_1_13' title='bbox 1830 577 1869 629; x_wconf 81' lang='grc' dir='ltr'>Α</span> 
     </span>
    </p>
   </div>
   <div class='ocr_carea' id='block_1_5' title="bbox 1808 558 3470 637">
    <p class='ocr_par' dir='ltr' id='par_1_5' title="bbox 1830 569 3470 637">
     <span class='ocr_line' id='line_1_5' title="bbox 1830 569 3470 637; baseline 0.002 -16"><span class='ocrx_word' id='word_1_14' title='bbox 1830 577 1869 629; x_wconf 80' lang='grc' dir='ltr'>Α</span> <span class='ocrx_word' id='word_1_15' title='bbox 1905 570 2077 624; x_wconf 82' lang='lat' dir='ltr'><strong>Patris</strong></span> <span class='ocrx_word' id='word_1_16' title='bbox 2114 587 2244 625; x_wconf 80' lang='lat' dir='ltr'><strong>voce</strong></span> <span class='ocrx_word' id='word_1_17' title='bbox 2273 578 2617 626; x_wconf 76' lang='lat' dir='ltr'><strong>enascentem</strong></span> <span class='ocrx_word' id='word_1_18' title='bbox 2655 569 2875 637; x_wconf 80' lang='lat' dir='ltr'><strong>fugiam.</strong></span> <span class='ocrx_word' id='word_1_19' title='bbox 2931 570 3129 625; x_wconf 77' lang='lat' dir='ltr'><strong>Verum</strong></span> <span class='ocrx_word' id='word_1_20' title='bbox 3182 573 3470 636; x_wconf 78' lang='lat' dir='ltr'><strong>oportebat</strong></span> 
     </span>
    </p>
   </div>
   <div class='ocr_carea' id='block_1_6' title="bbox 233 645 1796 724">
    <p class='ocr_par' dir='ltr' id='par_1_6' title="bbox 233 645 1796 724">
     <span class='ocr_line' id='line_1_6' title="bbox 233 645 1796 724; baseline 0.006 -26"><span class='ocrx_word' id='word_1_21' title='bbox 233 645 394 699; x_wconf 74' lang='grc' dir='ltr'>Ἀλλὰ</span> <span class='ocrx_word' id='word_1_22' title='bbox 427 648 594 701; x_wconf 74' lang='grc' dir='ltr'>ταῦτα</span> <span class='ocrx_word' id='word_1_23' title='bbox 635 650 777 716; x_wconf 87' lang='grc' dir='ltr'>λέγω</span> <span class='ocrx_word' id='word_1_24' title='bbox 812 649 955 718; x_wconf 86' lang='grc'>(67),</span> <span class='ocrx_word' id='word_1_25' title='bbox 997 654 1148 719; x_wconf 69' lang='grc' dir='ltr'>φησὶ,</span> <span class='ocrx_word' id='word_1_26' title='bbox 1183 655 1279 724; x_wconf 79' lang='grc' dir='ltr'>τὴν</span> <span class='ocrx_word' id='word_1_27' title='bbox 1320 656 1413 707; x_wconf 72' lang='grc' dir='ltr'>τοῦ</span> <span class='ocrx_word' id='word_1_28' title='bbox 1463 658 1666 722; x_wconf 86' lang='grc' dir='ltr'>πάθους</span> <span class='ocrx_word' id='word_1_29' title='bbox 1711 659 1796 710; x_wconf 72' lang='grc' dir='ltr'>ἕν-</span> 
     </span>
    </p>
   </div>
   <div class='ocr_carea' id='block_1_7' title="bbox 218 741 1797 825">
    <p class='ocr_par' dir='ltr' id='par_1_7' title="bbox 218 741 1797 825">
     <span class='ocr_line' id='line_1_7' title="bbox 218 741 1797 825; baseline 0.009 -37"><span class='ocrx_word' id='word_1_30' title='bbox 218 752 369 825; x_wconf 67' lang='grc' dir='ltr'>νοιαν</span> <span class='ocrx_word' id='word_1_31' title='bbox 403 741 500 811; x_wconf 83' lang='grc' dir='ltr'><strong>τὴν</strong></span> <span class='ocrx_word' id='word_1_32' title='bbox 543 744 605 793; x_wconf 87' lang='grc' dir='ltr'>ὲκ</span> <span class='ocrx_word' id='word_1_33' title='bbox 647 742 746 809; x_wconf 81' lang='grc' dir='ltr'>τῆς</span> <span class='ocrx_word' id='word_1_34' title='bbox 802 741 894 792; x_wconf 77' lang='grc' dir='ltr'>τοῦ</span> <span class='ocrx_word' id='word_1_35' title='bbox 940 742 1150 815; x_wconf 88' lang='grc' dir='ltr'>Πατρὸς</span> <span class='ocrx_word' id='word_1_36' title='bbox 1205 748 1386 816; x_wconf 61' lang='grc' dir='ltr'>φωνῆς</span> <span class='ocrx_word' id='word_1_37' title='bbox 1444 750 1797 820; x_wconf 74' lang='grc' dir='ltr'>ἐγγινομένην</span> 
     </span>
    </p>
   </div>
   <div class='ocr_carea' id='block_1_8' title="bbox 217 829 1794 909">
    <p class='ocr_par' dir='ltr' id='par_1_8' title="bbox 217 829 1794 909">
     <span class='ocr_line' id='line_1_8' title="bbox 217 829 1794 909; baseline 0.008 -28"><span class='ocrx_word' id='word_1_38' title='bbox 217 829 501 884; x_wconf 74' lang='grc' dir='ltr'>ἐκκλίνων.</span> <span class='ocrx_word' id='word_1_39' title='bbox 541 831 738 902; x_wconf 82' lang='grc' dir='ltr'>Ἐχρῆν</span> <span class='ocrx_word' id='word_1_40' title='bbox 786 832 842 885; x_wconf 83' lang='grc' dir='ltr'><strong>δὲ</strong></span> <span class='ocrx_word' id='word_1_41' title='bbox 888 833 1058 905; x_wconf 82' lang='grc' dir='ltr'>δήπου</span> <span class='ocrx_word' id='word_1_42' title='bbox 1105 838 1197 889; x_wconf 86' lang='grc' dir='ltr'><strong>τόν</strong></span> <span class='ocrx_word' id='word_1_43' title='bbox 1243 856 1303 906; x_wconf 81' lang='grc' dir='ltr'><strong>γε</strong></span> <span class='ocrx_word' id='word_1_44' title='bbox 1342 841 1585 892; x_wconf 74' lang='grc' dir='ltr'>εὐσεϐεῖν</span> <span class='ocrx_word' id='word_1_45' title='bbox 1628 843 1794 909; x_wconf 74' lang='grc' dir='ltr'>ἐγνω-</span> 
     </span>
    </p>
   </div>
   <div class='ocr_carea' id='block_1_9' title="bbox 217 922 1798 998">
    <p class='ocr_par' dir='ltr' id='par_1_9' title="bbox 217 922 1798 998">
     <span class='ocr_line' id='line_1_9' title="bbox 217 922 1798 998; baseline 0.006 -24"><span class='ocrx_word' id='word_1_46' title='bbox 217 922 385 982; x_wconf 74' lang='grc' dir='ltr'>κότα,</span> <span class='ocrx_word' id='word_1_47' title='bbox 427 923 486 974; x_wconf 87' lang='grc' dir='ltr'><strong>τὸ</strong></span> <span class='ocrx_word' id='word_1_48' title='bbox 539 923 877 992; x_wconf 68' lang='grc' dir='ltr'>ἁπεμιραῖνον</span> <span class='ocrx_word' id='word_1_49' title='bbox 923 927 1022 995; x_wconf 76' lang='grc' dir='ltr'>τῆς</span> <span class='ocrx_word' id='word_1_50' title='bbox 1073 930 1129 979; x_wconf 76' lang='grc' dir='ltr'><strong>ἐν</strong></span> <span class='ocrx_word' id='word_1_51' title='bbox 1172 931 1282 990; x_wconf 86' lang='grc' dir='ltr'>τοῖς</span> <span class='ocrx_word' id='word_1_52' title='bbox 1331 931 1535 998; x_wconf 70' lang='grc' dir='ltr'>ῥήμασι</span> <span class='ocrx_word' id='word_1_53' title='bbox 1593 931 1798 993; x_wconf 79' lang='grc' dir='ltr'>τούτοις</span> 
     </span>
    </p>
   </div>
   <div class='ocr_carea' id='block_1_10' title="bbox 213 1010 1791 1089">
    <p class='ocr_par' dir='ltr' id='par_1_10' title="bbox 213 1010 1791 1089">
     <span class='ocr_line' id='line_1_10' title="bbox 213 1010 1791 1089; baseline 0.005 -26"><span class='ocrx_word' id='word_1_54' title='bbox 213 1011 478 1071; x_wconf 74' lang='grc' dir='ltr'><strong>διανοίας,</strong></span> <span class='ocrx_word' id='word_1_55' title='bbox 508 1010 560 1061; x_wconf 81' lang='grc' dir='ltr'><strong>εῖ</strong></span> <span class='ocrx_word' id='word_1_56' title='bbox 585 1027 636 1062; x_wconf 90' lang='grc' dir='ltr'><strong>τι</strong></span> <span class='ocrx_word' id='word_1_57' title='bbox 677 1013 783 1084; x_wconf 85' lang='grc' dir='ltr'>ἄρα</span> <span class='ocrx_word' id='word_1_58' title='bbox 821 1016 914 1068; x_wconf 74' lang='grc' dir='ltr'><strong>καὶ</strong></span> <span class='ocrx_word' id='word_1_59' title='bbox 961 1019 1250 1087; x_wconf 77' lang='grc' dir='ltr'>ἐνυπῆρχε,</span> <span class='ocrx_word' id='word_1_60' title='bbox 1292 1021 1791 1089; x_wconf 73' lang='grc' dir='ltr'><strong>παραιτησάμενον,</strong></span> 
     </span>
    </p>
   </div>
   <div class='ocr_carea' id='block_1_11' title="bbox 217 1102 1797 1182">
    <p class='ocr_par' dir='ltr' id='par_1_11' title="bbox 217 1102 1797 1182">
     <span class='ocr_line' id='line_1_11' title="bbox 217 1102 1797 1182; baseline 0.01 -33"><span class='ocrx_word' id='word_1_61' title='bbox 217 1104 296 1170; x_wconf 82' lang='grc' dir='ltr'>μὴ</span> <span class='ocrx_word' id='word_1_62' title='bbox 333 1102 509 1152; x_wconf 81' lang='grc' dir='ltr'>πᾶσαν</span> <span class='ocrx_word' id='word_1_63' title='bbox 553 1102 763 1172; x_wconf 74' lang='grc' dir='ltr'>ἁθρόως</span> <span class='ocrx_word' id='word_1_64' title='bbox 795 1106 891 1175; x_wconf 80' lang='grc' dir='ltr'><strong>τὴν</strong></span> <span class='ocrx_word' id='word_1_65' title='bbox 926 1107 1107 1176; x_wconf 72' lang='grc' dir='ltr'>φωνὴν</span> <span class='ocrx_word' id='word_1_66' title='bbox 1135 1107 1364 1171; x_wconf 78' lang='grc' dir='ltr'>ἀθετεῖν,</span> <span class='ocrx_word' id='word_1_67' title='bbox 1401 1111 1535 1179; x_wconf 73' lang='grc' dir='ltr'>μηδὲ</span> <span class='ocrx_word' id='word_1_68' title='bbox 1566 1116 1631 1181; x_wconf 80' lang='grc' dir='ltr'><strong>τῇ</strong></span> <span class='ocrx_word' id='word_1_69' title='bbox 1665 1130 1797 1182; x_wconf 83' lang='grc' dir='ltr'>προ-</span> 
     </span>
    </p>
   </div>
   <div class='ocr_carea' id='block_1_12' title="bbox 217 1192 1793 1275">
    <p class='ocr_par' dir='ltr' id='par_1_12' title="bbox 217 1192 1793 1275">
     <span class='ocr_line' id='line_1_12' title="bbox 217 1192 1793 1275; baseline 0.01 -34"><span class='ocrx_word' id='word_1_70' title='bbox 217 1192 382 1259; x_wconf 73' lang='grc' dir='ltr'>φάσει</span> <span class='ocrx_word' id='word_1_71' title='bbox 410 1194 505 1244; x_wconf 71' lang='grc' dir='ltr'><strong>τοῦ</strong></span> <span class='ocrx_word' id='word_1_72' title='bbox 535 1195 812 1264; x_wconf 73' lang='grc' dir='ltr'>ἀπρεποῦς</span> <span class='ocrx_word' id='word_1_73' title='bbox 855 1200 948 1249; x_wconf 83' lang='grc' dir='ltr'><strong>καὶ</strong></span> <span class='ocrx_word' id='word_1_74' title='bbox 981 1200 1040 1250; x_wconf 88' lang='grc' dir='ltr'><strong>τὸ</strong></span> <span class='ocrx_word' id='word_1_75' title='bbox 1086 1200 1208 1251; x_wconf 83' lang='grc' dir='ltr'>ὅσον</span> <span class='ocrx_word' id='word_1_76' title='bbox 1246 1203 1341 1254; x_wconf 82' lang='grc' dir='ltr'>ἀπ’</span> <span class='ocrx_word' id='word_1_77' title='bbox 1386 1203 1556 1272; x_wconf 72' lang='grc' dir='ltr'>αὐτῆς</span> <span class='ocrx_word' id='word_1_78' title='bbox 1604 1209 1793 1275; x_wconf 74' lang='grc' dir='ltr'>χρήσι-</span> 
     </span>
    </p>
   </div>
   <div class='ocr_carea' id='block_1_13' title="bbox 219 1286 1796 1359">
    <p class='ocr_par' dir='ltr' id='par_1_13' title="bbox 219 1286 1796 1359">
     <span class='ocr_line' id='line_1_13' title="bbox 219 1286 1796 1359; baseline 0.01 -26"><span class='ocrx_word' id='word_1_79' title='bbox 219 1299 322 1351; x_wconf 82' lang='grc' dir='ltr'><strong>μον</strong></span> <span class='ocrx_word' id='word_1_80' title='bbox 361 1286 770 1339; x_wconf 81' lang='grc' dir='ltr'>συνεκὸάλλειν·</span> <span class='ocrx_word' id='word_1_81' title='bbox 806 1289 918 1340; x_wconf 76' lang='grc' dir='ltr'>ἀλλ’</span> <span class='ocrx_word' id='word_1_82' title='bbox 953 1290 1059 1340; x_wconf 88' lang='grc' dir='ltr'><strong>ἀπὸ</strong></span> <span class='ocrx_word' id='word_1_83' title='bbox 1105 1291 1201 1359; x_wconf 78' lang='grc' dir='ltr'>μὲν</span> <span class='ocrx_word' id='word_1_84' title='bbox 1238 1291 1344 1342; x_wconf 85' lang='grc' dir='ltr'><strong>τῶν</strong></span> <span class='ocrx_word' id='word_1_85' title='bbox 1389 1294 1656 1346; x_wconf 77' lang='grc' dir='ltr'>ταπεινῶν</span> <span class='ocrx_word' id='word_1_86' title='bbox 1704 1299 1796 1348; x_wconf 69' lang='grc' dir='ltr'><strong>καὶ</strong></span> 
     </span>
    </p>
   </div>
   <div class='ocr_carea' id='block_1_14' title="bbox 219 1375 1797 1454">
    <p class='ocr_par' dir='ltr' id='par_1_14' title="bbox 219 1375 1797 1454">
     <span class='ocr_line' id='line_1_14' title="bbox 219 1375 1797 1454; baseline 0.009 -28"><span class='ocrx_word' id='word_1_87' title='bbox 219 1375 498 1444; x_wconf 83' lang='grc' dir='ltr'>σαρκικῶν</span> <span class='ocrx_word' id='word_1_88' title='bbox 526 1381 807 1448; x_wconf 75' lang='grc' dir='ltr'>νοημάτων</span> <span class='ocrx_word' id='word_1_89' title='bbox 845 1389 901 1430; x_wconf 81' lang='grc' dir='ltr'><strong>εν</strong></span> <span class='ocrx_word' id='word_1_90' title='bbox 935 1384 1044 1442; x_wconf 77' lang='grc' dir='ltr'>τοῖς</span> <span class='ocrx_word' id='word_1_91' title='bbox 1087 1385 1210 1453; x_wconf 69' lang='grc' dir='ltr'>περὶ</span> <span class='ocrx_word' id='word_1_92' title='bbox 1243 1384 1377 1436; x_wconf 73' lang='grc' dir='ltr'>Θεοῦ</span> <span class='ocrx_word' id='word_1_93' title='bbox 1415 1386 1646 1454; x_wconf 75' lang='grc' dir='ltr'><strong>δόγμασι</strong></span> <span class='ocrx_word' id='word_1_94' title='bbox 1694 1405 1797 1440; x_wconf 81' lang='grc' dir='ltr'>κα·</span> 
     </span>
    </p>
   </div>
   <div class='ocr_carea' id='block_1_15' title="bbox 221 1467 1792 1551">
    <p class='ocr_par' dir='ltr' id='par_1_15' title="bbox 221 1467 1792 1551">
     <span class='ocr_line' id='line_1_15' title="bbox 221 1467 1792 1551; baseline 0.008 -31"><span class='ocrx_word' id='word_1_95' title='bbox 221 1467 506 1538; x_wconf 78' lang='grc' dir='ltr'>θαρεύειν,</span> <span class='ocrx_word' id='word_1_96' title='bbox 547 1473 799 1541; x_wconf 78' lang='grc' dir='ltr'>γέννησιν</span> <span class='ocrx_word' id='word_1_97' title='bbox 828 1472 882 1524; x_wconf 76' lang='grc' dir='ltr'><strong>δὲ</strong></span> <span class='ocrx_word' id='word_1_98' title='bbox 930 1476 993 1543; x_wconf 79' lang='grc' dir='ltr'>τῇ</span> <span class='ocrx_word' id='word_1_99' title='bbox 1024 1475 1300 1547; x_wconf 70' lang='grc' dir='ltr'>ἁγιωσύνῃ</span> <span class='ocrx_word' id='word_1_100' title='bbox 1331 1477 1424 1530; x_wconf 75' lang='grc' dir='ltr'>καὶ</span> <span class='ocrx_word' id='word_1_101' title='bbox 1465 1482 1528 1549; x_wconf 79' lang='grc' dir='ltr'>τῇ</span> <span class='ocrx_word' id='word_1_102' title='bbox 1567 1480 1792 1551; x_wconf 66' lang='grc' dir='ltr'>ἁποθείᾳ</span> 
     </span>
    </p>
   </div>
   <div class='ocr_carea' id='block_1_16' title="bbox 217 1562 1791 1643">
    <p class='ocr_par' dir='ltr' id='par_1_16' title="bbox 217 1562 1791 1643">
     <span class='ocr_line' id='line_1_16' title="bbox 217 1562 1791 1643; baseline 0.01 -32"><span class='ocrx_word' id='word_1_103' title='bbox 217 1562 315 1613; x_wconf 75' lang='grc' dir='ltr'>τοῦ</span> <span class='ocrx_word' id='word_1_104' title='bbox 355 1562 489 1616; x_wconf 82' lang='grc' dir='ltr'>Θεοῦ</span> <span class='ocrx_word' id='word_1_105' title='bbox 532 1567 848 1635; x_wconf 79' lang='grc' dir='ltr'>πρέπουσαν</span> <span class='ocrx_word' id='word_1_106' title='bbox 875 1568 1105 1620; x_wconf 76' lang='grc' dir='ltr'>ἐννοεῖν·</span> <span class='ocrx_word' id='word_1_107' title='bbox 1145 1571 1233 1622; x_wconf 79' lang='grc' dir='ltr'><strong>τὸν</strong></span> <span class='ocrx_word' id='word_1_108' title='bbox 1280 1572 1375 1640; x_wconf 74' lang='grc' dir='ltr'><strong>μὲν</strong></span> <span class='ocrx_word' id='word_1_109' title='bbox 1409 1572 1627 1643; x_wconf 82' lang='grc' dir='ltr'>τρόπον,</span> <span class='ocrx_word' id='word_1_110' title='bbox 1674 1575 1791 1626; x_wconf 85' lang='grc' dir='ltr'>καθ’</span> 
     </span>
    </p>
   </div>
   <div class='ocr_carea' id='block_1_17' title="bbox 216 1657 1792 1734">
    <p class='ocr_par' dir='ltr' id='par_1_17' title="bbox 216 1657 1792 1734">
     <span class='ocr_line' id='line_1_17' title="bbox 216 1657 1792 1734; baseline 0.006 -26"><span class='ocrx_word' id='word_1_111' title='bbox 216 1657 278 1708; x_wconf 70' lang='grc' dir='ltr'>ὒν</span> <span class='ocrx_word' id='word_1_112' title='bbox 326 1658 613 1724; x_wconf 78' lang='grc' dir='ltr'>ἐγέννησεν</span> <span class='ocrx_word' id='word_1_113' title='bbox 644 1661 671 1710; x_wconf 98' lang='lat'><strong>6</strong></span> <span class='ocrx_word' id='word_1_114' title='bbox 708 1659 857 1721; x_wconf 76' lang='grc' dir='ltr'>θεὸς,</span> <span class='ocrx_word' id='word_1_115' title='bbox 899 1659 974 1722; x_wconf 84' lang='grc' dir='ltr'>ὡς</span> <span class='ocrx_word' id='word_1_116' title='bbox 1006 1659 1240 1730; x_wconf 72' lang='grc' dir='ltr'>ἄρρητον</span> <span class='ocrx_word' id='word_1_117' title='bbox 1292 1663 1383 1713; x_wconf 78' lang='grc' dir='ltr'><strong>καὶ</strong></span> <span class='ocrx_word' id='word_1_118' title='bbox 1438 1664 1792 1734; x_wconf 80' lang='grc' dir='ltr'>ἁπερινόητον</span> 
     </span>
    </p>
   </div>
   <div class='ocr_carea' id='block_1_18' title="bbox 217 1749 1792 1824">
    <p class='ocr_par' dir='ltr' id='par_1_18' title="bbox 217 1749 1792 1824">
     <span class='ocr_line' id='line_1_18' title="bbox 217 1749 1792 1824; baseline 0.002 -21"><span class='ocrx_word' id='word_1_119' title='bbox 217 1750 471 1819; x_wconf 77' lang='grc' dir='ltr'>ἀφιέντα,</span> <span class='ocrx_word' id='word_1_120' title='bbox 503 1750 636 1820; x_wconf 85' lang='grc' dir='ltr'>πρὸς</span> <span class='ocrx_word' id='word_1_121' title='bbox 663 1749 718 1800; x_wconf 85' lang='grc' dir='ltr'>δὲ</span> <span class='ocrx_word' id='word_1_122' title='bbox 751 1749 845 1819; x_wconf 76' lang='grc' dir='ltr'><strong>τὴν</strong></span> <span class='ocrx_word' id='word_1_123' title='bbox 877 1751 992 1802; x_wconf 83' lang='grc' dir='ltr'>κατ’</span> <span class='ocrx_word' id='word_1_124' title='bbox 1037 1752 1225 1804; x_wconf 75' lang='grc' dir='ltr'>ουσίαν</span> <span class='ocrx_word' id='word_1_125' title='bbox 1265 1753 1556 1822; x_wconf 82' lang='grc' dir='ltr'>ὁμοιότητα</span> <span class='ocrx_word' id='word_1_126' title='bbox 1588 1757 1650 1806; x_wconf 78' lang='grc' dir='ltr'><strong>ἐκ</strong></span> <span class='ocrx_word' id='word_1_127' title='bbox 1697 1756 1792 1824; x_wconf 75' lang='grc' dir='ltr'>τῆς</span> 
     </span>
    </p>
   </div>
   <div class='ocr_carea' id='block_1_19' title="bbox 215 1841 1793 1913">
    <p class='ocr_par' dir='ltr' id='par_1_19' title="bbox 215 1841 1793 1913">
     <span class='ocr_line' id='line_1_19' title="bbox 215 1841 1793 1913; baseline 0.004 -20"><span class='ocrx_word' id='word_1_128' title='bbox 215 1841 313 1893; x_wconf 80' lang='grc' dir='ltr'><strong>τοῦ</strong></span> <span class='ocrx_word' id='word_1_129' title='bbox 358 1843 550 1910; x_wconf 77' lang='grc' dir='ltr'>γεννᾷν</span> <span class='ocrx_word' id='word_1_130' title='bbox 586 1841 955 1911; x_wconf 77' lang='grc' dir='ltr'>προσηγορίας</span> <span class='ocrx_word' id='word_1_131' title='bbox 977 1843 1354 1913; x_wconf 52' lang='grc' dir='ltr'>ὁδηγούμενοι).</span> <span class='ocrx_word' id='word_1_132' title='bbox 1397 1846 1651 1913; x_wconf 76' lang='grc' dir='ltr'>Καίτοιγε</span> <span class='ocrx_word' id='word_1_133' title='bbox 1692 1864 1793 1913; x_wconf 68' lang='lat' dir='ltr'><strong>(pa—</strong></span> 
     </span>
    </p>
   </div>
   <div class='ocr_carea' id='block_1_20' title="bbox 217 1934 1794 2005">
    <p class='ocr_par' dir='ltr' id='par_1_20' title="bbox 217 1934 1794 2005">
     <span class='ocr_line' id='line_1_20' title="bbox 217 1934 1794 2005; baseline 0.003 -20"><span class='ocrx_word' id='word_1_134' title='bbox 217 1934 374 2004; x_wconf 86' lang='grc' dir='ltr'>νερὸν</span> <span class='ocrx_word' id='word_1_135' title='bbox 408 1935 780 2005; x_wconf 79' lang='grc' dir='ltr'>σκοπουμένῳ,</span> <span class='ocrx_word' id='word_1_136' title='bbox 809 1937 889 1987; x_wconf 79' lang='grc' dir='ltr'><strong>ὅτι</strong></span> <span class='ocrx_word' id='word_1_137' title='bbox 925 1937 983 1987; x_wconf 83' lang='grc' dir='ltr'><strong>οὑ</strong></span> <span class='ocrx_word' id='word_1_138' title='bbox 1018 1938 1341 2003; x_wconf 77' lang='grc' dir='ltr'>σωματικῶν</span> <span class='ocrx_word' id='word_1_139' title='bbox 1369 1938 1560 1991; x_wconf 82' lang='grc' dir='ltr'>παθῶν</span> <span class='ocrx_word' id='word_1_140' title='bbox 1591 1939 1794 2004; x_wconf 82' lang='grc' dir='ltr'>κυρίως</span> 
     </span>
    </p>
   </div>
   <div class='ocr_carea' id='block_1_21' title="bbox 217 2026 1792 2098">
    <p class='ocr_par' dir='ltr' id='par_1_21' title="bbox 217 2026 1792 2098">
     <span class='ocr_line' id='line_1_21' title="bbox 217 2026 1792 2098; baseline 0.003 -21"><span class='ocrx_word' id='word_1_141' title='bbox 217 2026 314 2078; x_wconf 69' lang='grc' dir='ltr'><strong>καὶ</strong></span> <span class='ocrx_word' id='word_1_142' title='bbox 357 2026 585 2096; x_wconf 78' lang='grc' dir='ltr'>πρώτως</span> <span class='ocrx_word' id='word_1_143' title='bbox 619 2027 825 2080; x_wconf 70' lang='grc' dir='ltr'>ἔννοιαν</span> <span class='ocrx_word' id='word_1_144' title='bbox 865 2030 1110 2098; x_wconf 76' lang='grc' dir='ltr'>ἐμποιεῖν</span> <span class='ocrx_word' id='word_1_145' title='bbox 1149 2032 1302 2084; x_wconf 73' lang='grc' dir='ltr'>ταυτὶ</span> <span class='ocrx_word' id='word_1_146' title='bbox 1341 2029 1549 2097; x_wconf 83' lang='grc' dir='ltr'>πέφυκε</span> <span class='ocrx_word' id='word_1_147' title='bbox 1587 2029 1650 2081; x_wconf 79' lang='grc' dir='ltr'>τὰ</span> <span class='ocrx_word' id='word_1_148' title='bbox 1681 2030 1792 2082; x_wconf 82' lang='grc' dir='ltr'><strong>ὀνό-</strong></span> 
     </span>
    </p>
   </div>
   <div class='ocr_carea' id='block_1_22' title="bbox 220 2118 1793 2189">
    <p class='ocr_par' dir='ltr' id='par_1_22' title="bbox 220 2118 1793 2189">
     <span class='ocr_line' id='line_1_22' title="bbox 220 2118 1793 2189; baseline 0.005 -20"><span class='ocrx_word' id='word_1_149' title='bbox 220 2134 391 2188; x_wconf 84' lang='grc' dir='ltr'>ματα,</span> <span class='ocrx_word' id='word_1_150' title='bbox 419 2119 447 2171; x_wconf 81' lang='lat'><strong>6</strong></span> <span class='ocrx_word' id='word_1_151' title='bbox 477 2118 676 2189; x_wconf 81' lang='grc' dir='ltr'>πατὴρ,</span> <span class='ocrx_word' id='word_1_152' title='bbox 720 2119 882 2187; x_wconf 81' lang='grc' dir='ltr'>λέγω,</span> <span class='ocrx_word' id='word_1_153' title='bbox 924 2121 1016 2174; x_wconf 77' lang='grc' dir='ltr'><strong>καὶ</strong></span> <span class='ocrx_word' id='word_1_154' title='bbox 1056 2123 1083 2172; x_wconf 92' lang='lat'><strong>6</strong></span> <span class='ocrx_word' id='word_1_155' title='bbox 1111 2123 1224 2184; x_wconf 78' lang='lat' dir='ltr'><strong>uio’;</strong></span> <span class='ocrx_word' id='word_1_156' title='bbox 1246 2141 1258 2152; x_wconf 89' lang='grc'>·</span> <span class='ocrx_word' id='word_1_157' title='bbox 1294 2122 1429 2174; x_wconf 81' lang='grc' dir='ltr'>ἀλλὰ</span> <span class='ocrx_word' id='word_1_158' title='bbox 1478 2122 1598 2173; x_wconf 74' lang='grc' dir='ltr'>καθ’</span> <span class='ocrx_word' id='word_1_159' title='bbox 1627 2125 1793 2177; x_wconf 80' lang='grc' dir='ltr'>ἑαυτά</span> 
     </span>
    </p>
   </div>
   <div class='ocr_carea' id='block_1_23' title="bbox 221 2210 1792 2283">
    <p class='ocr_par' dir='ltr' id='par_1_23' title="bbox 221 2210 1792 2283">
     <span class='ocr_line' id='line_1_23' title="bbox 221 2210 1792 2283; baseline 0.005 -22"><span class='ocrx_word' id='word_1_160' title='bbox 221 2211 323 2279; x_wconf 79' lang='grc' dir='ltr'><strong>μὲν</strong></span> <span class='ocrx_word' id='word_1_161' title='bbox 365 2210 650 2280; x_wconf 75' lang='grc' dir='ltr'>λεγόμενα,</span> <span class='ocrx_word' id='word_1_162' title='bbox 696 2212 795 2282; x_wconf 80' lang='grc' dir='ltr'>τὴν</span> <span class='ocrx_word' id='word_1_163' title='bbox 850 2214 984 2283; x_wconf 84' lang='grc' dir='ltr'>πρὸς</span> <span class='ocrx_word' id='word_1_164' title='bbox 1031 2213 1234 2283; x_wconf 81' lang='grc' dir='ltr'>ἄλληλα</span> <span class='ocrx_word' id='word_1_165' title='bbox 1299 2214 1481 2283; x_wconf 80' lang='grc' dir='ltr'>σχέσιν</span> <span class='ocrx_word' id='word_1_166' title='bbox 1525 2215 1792 2270; x_wconf 75' lang='grc' dir='ltr'>ἐνδείκνυ-</span> 
     </span>
    </p>
   </div>
   <div class='ocr_carea' id='block_1_24' title="bbox 217 2305 1794 2379">
    <p class='ocr_par' dir='ltr' id='par_1_24' title="bbox 217 2305 1794 2379">
     <span class='ocr_line' id='line_1_24' title="bbox 217 2305 1794 2379; baseline 0.005 -26"><span class='ocrx_word' id='word_1_167' title='bbox 217 2320 308 2355; x_wconf 80' lang='grc' dir='ltr'><strong>ται</strong></span> <span class='ocrx_word' id='word_1_168' title='bbox 354 2305 463 2373; x_wconf 80' lang='grc'>(68)</span> <span class='ocrx_word' id='word_1_169' title='bbox 501 2305 685 2375; x_wconf 79' lang='grc' dir='ltr'>μόνην.</span> <span class='ocrx_word' id='word_1_170' title='bbox 737 2306 922 2375; x_wconf 79' lang='grc' dir='ltr'>Πατὴρ</span> <span class='ocrx_word' id='word_1_171' title='bbox 966 2307 1061 2374; x_wconf 83' lang='grc' dir='ltr'><strong>μὲν</strong></span> <span class='ocrx_word' id='word_1_172' title='bbox 1097 2307 1201 2376; x_wconf 84' lang='grc' dir='ltr'><strong>γάρ</strong></span> <span class='ocrx_word' id='word_1_173' title='bbox 1248 2309 1394 2359; x_wconf 76' lang='grc' dir='ltr'>ἐστιν</span> <span class='ocrx_word' id='word_1_174' title='bbox 1427 2311 1454 2361; x_wconf 87' lang='grc' dir='ltr'>ὁ</span> <span class='ocrx_word' id='word_1_175' title='bbox 1493 2309 1664 2379; x_wconf 81' lang='grc' dir='ltr'>ἑτέρῳ</span> <span class='ocrx_word' id='word_1_176' title='bbox 1703 2309 1794 2362; x_wconf 81' lang='grc' dir='ltr'>τοῦ</span> 
     </span>
    </p>
   </div>
   <div class='ocr_carea' id='block_1_25' title="bbox 1829 1943 2061 1999">
    <p class='ocr_par' dir='ltr' id='par_1_25' title="bbox 1829 1943 2061 1999">
     <span class='ocr_line' id='line_1_25' title="bbox 1829 1943 2061 1999; baseline 0.009 -3"><span class='ocrx_word' id='word_1_177' title='bbox 1829 1943 1867 1996; x_wconf 76' lang='grc' dir='ltr'><strong><em>Β</em></strong></span> <span class='ocrx_word' id='word_1_178' title='bbox 1899 1946 2009 1999; x_wconf 89' lang='lat' dir='ltr'><strong>lere</strong></span> <span class='ocrx_word' id='word_1_179' title='bbox 2049 1963 2061 1998; x_wconf 88' lang='lat'><strong>:</strong></span> 
     </span>
    </p>
   </div>
   <div class='ocr_carea' id='block_1_26' title="bbox 1906 660 3474 729">
    <p class='ocr_par' dir='ltr' id='par_1_26' title="bbox 1906 660 3474 729">
     <span class='ocr_line' id='line_1_26' title="bbox 1906 660 3474 729; baseline 0.003 -19"><span class='ocrx_word' id='word_1_180' title='bbox 1906 675 2026 711; x_wconf 87' lang='lat' dir='ltr'><strong>eum</strong></span> <span class='ocrx_word' id='word_1_181' title='bbox 2055 660 2147 728; x_wconf 88' lang='lat' dir='ltr'><strong>qui</strong></span> <span class='ocrx_word' id='word_1_182' title='bbox 2180 662 2262 727; x_wconf 83' lang='lat' dir='ltr'><strong>pie</strong></span> <span class='ocrx_word' id='word_1_183' title='bbox 2309 677 2470 729; x_wconf 75' lang='lat' dir='ltr'><strong>agere</strong></span> <span class='ocrx_word' id='word_1_184' title='bbox 2501 661 2802 722; x_wconf 83' lang='lat' dir='ltr'><strong>statuisset,</strong></span> <span class='ocrx_word' id='word_1_185' title='bbox 2833 661 3092 714; x_wconf 82' lang='lat' dir='ltr'><strong>absonum</strong></span> <span class='ocrx_word' id='word_1_186' title='bbox 3131 661 3322 713; x_wconf 76' lang='lat' dir='ltr'><strong>ltor‘um</strong></span> <span class='ocrx_word' id='word_1_187' title='bbox 3357 677 3474 714; x_wconf 81' lang='lat' dir='ltr'><strong>vet--</strong></span> 
     </span>
    </p>
   </div>
   <div class='ocr_carea' id='block_1_27' title="bbox 1908 751 3471 822">
    <p class='ocr_par' dir='ltr' id='par_1_27' title="bbox 1908 751 3471 822">
     <span class='ocr_line' id='line_1_27' title="bbox 1908 751 3471 822; baseline 0.003 -21"><span class='ocrx_word' id='word_1_188' title='bbox 1908 751 2095 803; x_wconf 68' lang='lat' dir='ltr'><strong>laorum</strong></span> <span class='ocrx_word' id='word_1_189' title='bbox 2131 764 2366 817; x_wconf 87' lang='lat' dir='ltr'><strong>sensum,</strong></span> <span class='ocrx_word' id='word_1_190' title='bbox 2397 753 2440 805; x_wconf 89' lang='lat' dir='ltr'><strong>si</strong></span> <span class='ocrx_word' id='word_1_191' title='bbox 2475 752 2564 822; x_wconf 86' lang='lat' dir='ltr'><strong>qui</strong></span> <span class='ocrx_word' id='word_1_192' title='bbox 2603 761 2778 805; x_wconf 89' lang='lat' dir='ltr'><strong>tamen</strong></span> <span class='ocrx_word' id='word_1_193' title='bbox 2817 753 3004 813; x_wconf 89' lang='lat' dir='ltr'><strong>inerat,</strong></span> <span class='ocrx_word' id='word_1_194' title='bbox 3035 754 3339 818; x_wconf 77' lang='lat' dir='ltr'><strong>adversari,</strong></span> <span class='ocrx_word' id='word_1_195' title='bbox 3367 761 3471 805; x_wconf 71' lang='lat' dir='ltr'><strong>nor:</strong></span> 
     </span>
    </p>
   </div>
   <div class='ocr_carea' id='block_1_28' title="bbox 1908 843 3469 914">
    <p class='ocr_par' dir='ltr' id='par_1_28' title="bbox 1908 843 3469 914">
     <span class='ocr_line' id='line_1_28' title="bbox 1908 843 3469 914; baseline 0.001 -22"><span class='ocrx_word' id='word_1_196' title='bbox 1908 850 2073 895; x_wconf 85' lang='lat' dir='ltr'><strong>totam</strong></span> <span class='ocrx_word' id='word_1_197' title='bbox 2135 844 2295 896; x_wconf 87' lang='lat' dir='ltr'><strong>simul</strong></span> <span class='ocrx_word' id='word_1_198' title='bbox 2351 861 2535 899; x_wconf 86' lang='lat' dir='ltr'><strong>vocem</strong></span> <span class='ocrx_word' id='word_1_199' title='bbox 2609 847 2938 913; x_wconf 70' lang='lat' dir='ltr'><strong>reprobate;</strong></span> <span class='ocrx_word' id='word_1_200' title='bbox 2997 860 3170 914; x_wconf 87' lang='lat' dir='ltr'><strong>neque</strong></span> <span class='ocrx_word' id='word_1_201' title='bbox 3232 843 3469 900; x_wconf 89' lang='lat' dir='ltr'><strong>iudecori</strong></span> 
     </span>
    </p>
   </div>
   <div class='ocr_carea' id='block_1_29' title="bbox 1905 932 3472 1006">
    <p class='ocr_par' dir='ltr' id='par_1_29' title="bbox 1905 932 3472 1006">
     <span class='ocr_line' id='line_1_29' title="bbox 1905 932 3472 1006; baseline 0.001 -19"><span class='ocrx_word' id='word_1_202' title='bbox 1905 934 2150 1000; x_wconf 90' lang='lat' dir='ltr'><strong>obtentu,</strong></span> <span class='ocrx_word' id='word_1_203' title='bbox 2180 936 2440 1006; x_wconf 78' lang='lat' dir='ltr'><strong>quidquid</strong></span> <span class='ocrx_word' id='word_1_204' title='bbox 2472 940 2540 990; x_wconf 86' lang='lat' dir='ltr'><strong>ab</strong></span> <span class='ocrx_word' id='word_1_205' title='bbox 2570 952 2632 990; x_wconf 88' lang='lat' dir='ltr'><strong>ea</strong></span> <span class='ocrx_word' id='word_1_206' title='bbox 2663 937 2872 990; x_wconf 87' lang='lat' dir='ltr'><strong>accedit</strong></span> <span class='ocrx_word' id='word_1_207' title='bbox 2920 937 3189 1001; x_wconf 87' lang='lat' dir='ltr'><strong>utilitatis,</strong></span> <span class='ocrx_word' id='word_1_208' title='bbox 3223 938 3274 990; x_wconf 93' lang='lat' dir='ltr'><strong>id</strong></span> <span class='ocrx_word' id='word_1_209' title='bbox 3311 932 3472 990; x_wconf 78' lang='lat' dir='ltr'><strong>simul</strong></span> 
     </span>
    </p>
   </div>
   <div class='ocr_carea' id='block_1_30' title="bbox 1908 1028 3470 1096">
    <p class='ocr_par' dir='ltr' id='par_1_30' title="bbox 1908 1028 3470 1096">
     <span class='ocr_line' id='line_1_30' title="bbox 1908 1028 3470 1096; baseline 0.001 -18"><span class='ocrx_word' id='word_1_210' title='bbox 1908 1028 2130 1093; x_wconf 80' lang='lat' dir='ltr'><strong>rejicere</strong></span> <span class='ocrx_word' id='word_1_211' title='bbox 2173 1047 2186 1081; x_wconf 91' lang='lat'><strong>:</strong></span> <span class='ocrx_word' id='word_1_212' title='bbox 2224 1029 2317 1082; x_wconf 85' lang='lat' dir='ltr'><strong>sed</strong></span> <span class='ocrx_word' id='word_1_213' title='bbox 2360 1039 2416 1080; x_wconf 89' lang='lat' dir='ltr'><strong>ut</strong></span> <span class='ocrx_word' id='word_1_214' title='bbox 2455 1031 2521 1083; x_wconf 88' lang='lat' dir='ltr'><strong>ab</strong></span> <span class='ocrx_word' id='word_1_215' title='bbox 2580 1029 2875 1083; x_wconf 85' lang='lat' dir='ltr'><strong>humilibus</strong></span> <span class='ocrx_word' id='word_1_216' title='bbox 2916 1029 3329 1096; x_wconf 86' lang='lat' dir='ltr'><strong>carualibusque</strong></span> <span class='ocrx_word' id='word_1_217' title='bbox 3379 1042 3470 1080; x_wconf 89' lang='lat' dir='ltr'><strong>co-</strong></span> 
     </span>
    </p>
   </div>
   <div class='ocr_carea' id='block_1_31' title="bbox 1905 1119 3469 1190">
    <p class='ocr_par' dir='ltr' id='par_1_31' title="bbox 1905 1119 3469 1190">
     <span class='ocr_line' id='line_1_31' title="bbox 1905 1119 3469 1190; baseline 0.001 -21"><span class='ocrx_word' id='word_1_218' title='bbox 1905 1119 2251 1187; x_wconf 81' lang='lat' dir='ltr'><strong>gitationibus</strong></span> <span class='ocrx_word' id='word_1_219' title='bbox 2293 1121 2343 1172; x_wconf 90' lang='lat' dir='ltr'><strong>in</strong></span> <span class='ocrx_word' id='word_1_220' title='bbox 2393 1121 2591 1174; x_wconf 77' lang='lat' dir='ltr'><strong>divinis</strong></span> <span class='ocrx_word' id='word_1_221' title='bbox 2649 1119 2914 1190; x_wconf 74' lang='lat' dir='ltr'><strong>dogmatis</strong></span> <span class='ocrx_word' id='word_1_222' title='bbox 2958 1135 3150 1188; x_wconf 88' lang='lat' dir='ltr'><strong>purum</strong></span> <span class='ocrx_word' id='word_1_223' title='bbox 3198 1135 3349 1184; x_wconf 90' lang='lat' dir='ltr'><strong>esse,</strong></span> <span class='ocrx_word' id='word_1_224' title='bbox 3396 1119 3469 1172; x_wconf 82' lang='lat' dir='ltr'><strong>ita</strong></span> 
     </span>
    </p>
   </div>
   <div class='ocr_carea' id='block_1_32' title="bbox 1909 1212 3471 1281">
    <p class='ocr_par' dir='ltr' id='par_1_32' title="bbox 1909 1212 3471 1281">
     <span class='ocr_line' id='line_1_32' title="bbox 1909 1212 3471 1281; baseline 0.001 -19"><span class='ocrx_word' id='word_1_225' title='bbox 1909 1213 2310 1277; x_wconf 78' lang='lat' dir='ltr'><strong>generationem</strong></span> <span class='ocrx_word' id='word_1_226' title='bbox 2347 1214 2614 1266; x_wconf 76' lang='lat' dir='ltr'><strong>sanctitati</strong></span> <span class='ocrx_word' id='word_1_227' title='bbox 2657 1224 2818 1281; x_wconf 86' lang='lat' dir='ltr'><strong>atque</strong></span> <span class='ocrx_word' id='word_1_228' title='bbox 2864 1212 3093 1279; x_wconf 69' lang='lat' dir='ltr'><strong>aput/tite</strong></span> <span class='ocrx_word' id='word_1_229' title='bbox 3143 1212 3230 1263; x_wconf 72' lang='lat' dir='ltr'><strong>{)ei</strong></span> <span class='ocrx_word' id='word_1_230' title='bbox 3275 1225 3471 1264; x_wconf 58' lang='lat' dir='ltr'><strong>conve-</strong></span> 
     </span>
    </p>
   </div>
   <div class='ocr_carea' id='block_1_33' title="bbox 1903 1300 3470 1372">
    <p class='ocr_par' dir='ltr' id='par_1_33' title="bbox 1903 1300 3470 1372">
     <span class='ocr_line' id='line_1_33' title="bbox 1903 1300 3470 1372; baseline -0.001 -17"><span class='ocrx_word' id='word_1_231' title='bbox 1903 1306 2138 1358; x_wconf 84' lang='lat' dir='ltr'><strong>nientem</strong></span> <span class='ocrx_word' id='word_1_232' title='bbox 2193 1305 2525 1372; x_wconf 72' lang='lat' dir='ltr'><strong>intelligere:</strong></span> <span class='ocrx_word' id='word_1_233' title='bbox 2560 1307 2690 1357; x_wconf 89' lang='lat' dir='ltr'><strong>adeo</strong></span> <span class='ocrx_word' id='word_1_234' title='bbox 2744 1313 2800 1356; x_wconf 92' lang='lat' dir='ltr'><strong>ut</strong></span> <span class='ocrx_word' id='word_1_235' title='bbox 2837 1305 3055 1355; x_wconf 86' lang='lat' dir='ltr'><strong>modum</strong></span> <span class='ocrx_word' id='word_1_236' title='bbox 3112 1300 3326 1368; x_wconf 79' lang='lat' dir='ltr'><strong>quidem</strong></span> <span class='ocrx_word' id='word_1_237' title='bbox 3365 1315 3470 1368; x_wconf 86' lang='lat' dir='ltr'><strong>quo</strong></span> 
     </span>
    </p>
   </div>
   <div class='ocr_carea' id='block_1_34' title="bbox 1907 1395 3472 1463">
    <p class='ocr_par' dir='ltr' id='par_1_34' title="bbox 1907 1395 3472 1463">
     <span class='ocr_line' id='line_1_34' title="bbox 1907 1395 3472 1463; baseline -0.001 -15"><span class='ocrx_word' id='word_1_238' title='bbox 1907 1395 2042 1448; x_wconf 87' lang='lat' dir='ltr'><strong>Deus</strong></span> <span class='ocrx_word' id='word_1_239' title='bbox 2085 1398 2288 1462; x_wconf 66' lang='lat' dir='ltr'><strong>genuit,</strong></span> <span class='ocrx_word' id='word_1_240' title='bbox 2334 1407 2586 1463; x_wconf 84' lang='lat' dir='ltr'><strong>tanquam</strong></span> <span class='ocrx_word' id='word_1_241' title='bbox 2620 1399 2706 1463; x_wconf 86' lang='lat' dir='ltr'><strong>qui</strong></span> <span class='ocrx_word' id='word_1_242' title='bbox 2748 1395 3037 1449; x_wconf 80' lang='lat' dir='ltr'><strong>incﬂ&#39;abilis</strong></span> <span class='ocrx_word' id='word_1_243' title='bbox 3068 1410 3130 1447; x_wconf 86' lang='lat' dir='ltr'><strong>ac</strong></span> <span class='ocrx_word' id='word_1_244' title='bbox 3164 1395 3472 1462; x_wconf 82' lang='lat' dir='ltr'><strong>incompre-</strong></span> 
     </span>
    </p>
   </div>
   <div class='ocr_carea' id='block_1_35' title="bbox 1906 1485 3470 1555">
    <p class='ocr_par' dir='ltr' id='par_1_35' title="bbox 1906 1485 3470 1555">
     <span class='ocr_line' id='line_1_35' title="bbox 1906 1485 3470 1555; baseline -0.003 -15"><span class='ocrx_word' id='word_1_245' title='bbox 1906 1488 2182 1541; x_wconf 84' lang='lat' dir='ltr'><strong>hensibilis</strong></span> <span class='ocrx_word' id='word_1_246' title='bbox 2218 1489 2309 1549; x_wconf 88' lang='lat' dir='ltr'><strong>sit,</strong></span> <span class='ocrx_word' id='word_1_247' title='bbox 2359 1489 2832 1555; x_wconf 69' lang='lat' dir='ltr'><strong>praetermitteret,</strong></span> <span class='ocrx_word' id='word_1_248' title='bbox 2881 1487 2947 1540; x_wconf 89' lang='lat' dir='ltr'><strong>ad</strong></span> <span class='ocrx_word' id='word_1_249' title='bbox 2992 1485 3310 1540; x_wconf 64' lang='lat' dir='ltr'><strong>substantiae</strong></span> <span class='ocrx_word' id='word_1_250' title='bbox 3342 1497 3470 1536; x_wconf 83' lang='lat' dir='ltr'><strong>vero</strong></span> 
     </span>
    </p>
   </div>
   <div class='ocr_carea' id='block_1_36' title="bbox 1903 1575 3468 1648">
    <p class='ocr_par' dir='ltr' id='par_1_36' title="bbox 1903 1575 3468 1648">
     <span class='ocr_line' id='line_1_36' title="bbox 1903 1575 3468 1648; baseline -0.003 -18"><span class='ocrx_word' id='word_1_251' title='bbox 1903 1579 2302 1632; x_wconf 89' lang='lat' dir='ltr'><strong>similitudinem</strong></span> <span class='ocrx_word' id='word_1_252' title='bbox 2352 1593 2448 1648; x_wconf 89' lang='lat' dir='ltr'><strong>per</strong></span> <span class='ocrx_word' id='word_1_253' title='bbox 2498 1581 2786 1647; x_wconf 77' lang='lat' dir='ltr'><strong>generandi</strong></span> <span class='ocrx_word' id='word_1_254' title='bbox 2841 1578 3251 1646; x_wconf 78' lang='lat' dir='ltr'><strong>appellationem</strong></span> <span class='ocrx_word' id='word_1_255' title='bbox 3301 1575 3468 1630; x_wconf 90' lang='lat' dir='ltr'><strong>dedu-</strong></span> 
     </span>
    </p>
   </div>
   <div class='ocr_carea' id='block_1_37' title="bbox 1903 1667 3468 1738">
    <p class='ocr_par' dir='ltr' id='par_1_37' title="bbox 1903 1667 3468 1738">
     <span class='ocr_line' id='line_1_37' title="bbox 1903 1667 3468 1738; baseline -0.001 -16"><span class='ocrx_word' id='word_1_256' title='bbox 1903 1681 2137 1723; x_wconf 86' lang='lat' dir='ltr'><strong>ceretur.</strong></span> <span class='ocrx_word' id='word_1_257' title='bbox 2167 1670 2483 1738; x_wconf 82' lang='lat' dir='ltr'><strong>Quanquam</strong></span> <span class='ocrx_word' id='word_1_258' title='bbox 2517 1671 2861 1738; x_wconf 68' lang='lat' dir='ltr'><strong>persp‘cuum</strong></span> <span class='ocrx_word' id='word_1_259' title='bbox 2894 1679 2976 1724; x_wconf 90' lang='lat' dir='ltr'><strong>est</strong></span> <span class='ocrx_word' id='word_1_260' title='bbox 3017 1667 3307 1737; x_wconf 88' lang='lat' dir='ltr'><strong>reputanti,</strong></span> <span class='ocrx_word' id='word_1_261' title='bbox 3354 1668 3468 1720; x_wconf 61' lang='lat' dir='ltr'><strong>haec</strong></span> 
     </span>
    </p>
   </div>
   <div class='ocr_carea' id='block_1_38' title="bbox 1901 1762 3468 1833">
    <p class='ocr_par' dir='ltr' id='par_1_38' title="bbox 1901 1762 3468 1833">
     <span class='ocr_line' id='line_1_38' title="bbox 1901 1762 3468 1833; baseline -0.002 -17"><span class='ocrx_word' id='word_1_262' title='bbox 1901 1765 2154 1827; x_wconf 86' lang='lat' dir='ltr'><strong>nomina,</strong></span> <span class='ocrx_word' id='word_1_263' title='bbox 2211 1776 2362 1833; x_wconf 85' lang='lat' dir='ltr'><strong>pater</strong></span> <span class='ocrx_word' id='word_1_264' title='bbox 2408 1775 2462 1819; x_wconf 91' lang='lat' dir='ltr'><strong>et</strong></span> <span class='ocrx_word' id='word_1_265' title='bbox 2500 1763 2662 1825; x_wconf 91' lang='lat' dir='ltr'><strong>lilius,</strong></span> <span class='ocrx_word' id='word_1_266' title='bbox 2708 1765 3065 1832; x_wconf 74' lang='lat' dir='ltr'><strong>corporalium</strong></span> <span class='ocrx_word' id='word_1_267' title='bbox 3121 1762 3468 1817; x_wconf 76' lang='lat' dir='ltr'><strong>allectionum</strong></span> 
     </span>
    </p>
   </div>
   <div class='ocr_carea' id='block_1_39' title="bbox 1901 1855 3468 1925">
    <p class='ocr_par' dir='ltr' id='par_1_39' title="bbox 1901 1855 3468 1925">
     <span class='ocr_line' id='line_1_39' title="bbox 1901 1855 3468 1925; baseline 0 -17"><span class='ocrx_word' id='word_1_268' title='bbox 1901 1855 2281 1923; x_wconf 73' lang='lat' dir='ltr'><strong>cogitationem</strong></span> <span class='ocrx_word' id='word_1_269' title='bbox 2343 1857 2556 1925; x_wconf 84' lang='lat' dir='ltr'><strong>proprie</strong></span> <span class='ocrx_word' id='word_1_270' title='bbox 2601 1871 2662 1909; x_wconf 74' lang='lat' dir='ltr'><strong>ac</strong></span> <span class='ocrx_word' id='word_1_271' title='bbox 2699 1856 2956 1924; x_wconf 89' lang='lat' dir='ltr'><strong>primario</strong></span> <span class='ocrx_word' id='word_1_272' title='bbox 3003 1870 3190 1924; x_wconf 89' lang='lat' dir='ltr'><strong>parere</strong></span> <span class='ocrx_word' id='word_1_273' title='bbox 3225 1870 3328 1909; x_wconf 90' lang='lat' dir='ltr'><strong>non</strong></span> <span class='ocrx_word' id='word_1_274' title='bbox 3379 1870 3468 1908; x_wconf 85' lang='lat' dir='ltr'><strong>so-</strong></span> 
     </span>
    </p>
   </div>
   <div class='ocr_carea' id='block_1_40' title="bbox 2102 1947 3460 2017">
    <p class='ocr_par' dir='ltr' id='par_1_40' title="bbox 2102 1947 3460 2017">
     <span class='ocr_line' id='line_1_40' title="bbox 2102 1947 3460 2017; baseline -0.002 -16"><span class='ocrx_word' id='word_1_275' title='bbox 2102 1951 2193 2001; x_wconf 90' lang='lat' dir='ltr'><strong>sed</strong></span> <span class='ocrx_word' id='word_1_276' title='bbox 2229 1963 2350 2002; x_wconf 90' lang='lat' dir='ltr'><strong>eum</strong></span> <span class='ocrx_word' id='word_1_277' title='bbox 2398 1964 2493 2017; x_wconf 90' lang='lat' dir='ltr'><strong>per</strong></span> <span class='ocrx_word' id='word_1_278' title='bbox 2539 1964 2598 2002; x_wconf 90' lang='lat' dir='ltr'><strong>se</strong></span> <span class='ocrx_word' id='word_1_279' title='bbox 2642 1950 2755 2002; x_wconf 86' lang='lat' dir='ltr'><strong>sola</strong></span> <span class='ocrx_word' id='word_1_280' title='bbox 2793 1949 3068 2010; x_wconf 88' lang='lat' dir='ltr'><strong>dicuntur,</strong></span> <span class='ocrx_word' id='word_1_281' title='bbox 3110 1949 3280 2001; x_wconf 87' lang='lat' dir='ltr'><strong>solum</strong></span> <span class='ocrx_word' id='word_1_282' title='bbox 3317 1947 3460 2001; x_wconf 82' lang='lat' dir='ltr'><strong>habi-</strong></span> 
     </span>
    </p>
   </div>
   <div class='ocr_carea' id='block_1_41' title="bbox 1903 2035 3465 2105">
    <p class='ocr_par' dir='ltr' id='par_1_41' title="bbox 1903 2035 3465 2105">
     <span class='ocr_line' id='line_1_41' title="bbox 1903 2035 3465 2105; baseline 0 -15"><span class='ocrx_word' id='word_1_283' title='bbox 1903 2047 2014 2090; x_wconf 91' lang='lat' dir='ltr'><strong>tum</strong></span> <span class='ocrx_word' id='word_1_284' title='bbox 2051 2051 2289 2092; x_wconf 87' lang='lat' dir='ltr'><strong>rnututnn</strong></span> <span class='ocrx_word' id='word_1_285' title='bbox 2327 2041 2587 2092; x_wconf 86' lang='lat' dir='ltr'><strong>indicare.</strong></span> <span class='ocrx_word' id='word_1_286' title='bbox 2642 2037 2800 2090; x_wconf 85' lang='lat' dir='ltr'><strong>l’ater</strong></span> <span class='ocrx_word' id='word_1_287' title='bbox 2833 2037 2975 2090; x_wconf 90' lang='lat' dir='ltr'><strong>enim</strong></span> <span class='ocrx_word' id='word_1_288' title='bbox 3007 2045 3119 2100; x_wconf 91' lang='lat' dir='ltr'><strong>est,</strong></span> <span class='ocrx_word' id='word_1_289' title='bbox 3168 2036 3257 2105; x_wconf 88' lang='lat' dir='ltr'><strong>qui</strong></span> <span class='ocrx_word' id='word_1_290' title='bbox 3313 2035 3465 2090; x_wconf 90' lang='lat' dir='ltr'><strong>alteri</strong></span> 
     </span>
    </p>
   </div>
   <div class='ocr_carea' id='block_1_42' title="bbox 1901 2129 3465 2200">
    <p class='ocr_par' dir='ltr' id='par_1_42' title="bbox 1901 2129 3465 2200">
     <span class='ocr_line' id='line_1_42' title="bbox 1901 2129 3465 2200; baseline -0.002 -16"><span class='ocrx_word' id='word_1_291' title='bbox 1901 2132 2197 2186; x_wconf 81' lang='lat' dir='ltr'><strong>exsistendi</strong></span> <span class='ocrx_word' id='word_1_292' title='bbox 2258 2131 2582 2200; x_wconf 83' lang='lat' dir='ltr'><strong>principium</strong></span> <span class='ocrx_word' id='word_1_293' title='bbox 2632 2130 2927 2185; x_wconf 85' lang='lat' dir='ltr'><strong>secundum</strong></span> <span class='ocrx_word' id='word_1_294' title='bbox 2981 2131 3210 2183; x_wconf 90' lang='lat' dir='ltr'><strong>similem</strong></span> <span class='ocrx_word' id='word_1_295' title='bbox 3261 2129 3465 2197; x_wconf 82' lang='lat' dir='ltr'><strong>sibiipsi</strong></span> 
     </span>
    </p>
   </div>
   <div class='ocr_carea' id='block_1_43' title="bbox 1909 2221 3465 2288">
    <p class='ocr_par' dir='ltr' id='par_1_43' title="bbox 1909 2221 3465 2288">
     <span class='ocr_line' id='line_1_43' title="bbox 1909 2221 3465 2288; baseline -0.002 -14"><span class='ocrx_word' id='word_1_296' title='bbox 1909 2232 2156 2275; x_wconf 85' lang='lat' dir='ltr'><strong>naturain</strong></span> <span class='ocrx_word' id='word_1_297' title='bbox 2188 2223 2418 2276; x_wconf 85' lang='lat' dir='ltr'><strong>contulit</strong></span> <span class='ocrx_word' id='word_1_298' title='bbox 2446 2239 2459 2274; x_wconf 88' lang='lat'><strong>:</strong></span> <span class='ocrx_word' id='word_1_299' title='bbox 2489 2221 2627 2275; x_wconf 80' lang='lat' dir='ltr'><strong>filius</strong></span> <span class='ocrx_word' id='word_1_300' title='bbox 2657 2237 2803 2286; x_wconf 79' lang='lat' dir='ltr'><strong>vero,</strong></span> <span class='ocrx_word' id='word_1_301' title='bbox 2835 2221 2923 2288; x_wconf 91' lang='lat' dir='ltr'><strong>qui</strong></span> <span class='ocrx_word' id='word_1_302' title='bbox 2949 2236 3009 2272; x_wconf 80' lang='lat' dir='ltr'><strong>cx</strong></span> <span class='ocrx_word' id='word_1_303' title='bbox 3044 2221 3146 2274; x_wconf 83' lang='lat' dir='ltr'><strong>alio</strong></span> <span class='ocrx_word' id='word_1_304' title='bbox 3179 2235 3275 2288; x_wconf 89' lang='lat' dir='ltr'><strong>per</strong></span> <span class='ocrx_word' id='word_1_305' title='bbox 3304 2236 3465 2288; x_wconf 71' lang='lat' dir='ltr'><strong>gene-</strong></span> 
     </span>
    </p>
   </div>
   <div class='ocr_carea' id='block_1_44' title="bbox 1905 2313 2954 2381">
    <p class='ocr_par' dir='ltr' id='par_1_44' title="bbox 1905 2313 2954 2381">
     <span class='ocr_line' id='line_1_44' title="bbox 1905 2313 2954 2381; baseline -0.001 -15"><span class='ocrx_word' id='word_1_306' title='bbox 1905 2313 2165 2366; x_wconf 88' lang='lat' dir='ltr'><strong>rationem</strong></span> <span class='ocrx_word' id='word_1_307' title='bbox 2202 2313 2524 2381; x_wconf 85' lang='lat' dir='ltr'><strong>principium</strong></span> <span class='ocrx_word' id='word_1_308' title='bbox 2556 2325 2610 2364; x_wconf 89' lang='lat' dir='ltr'><strong>nt</strong></span> <span class='ocrx_word' id='word_1_309' title='bbox 2641 2313 2711 2366; x_wconf 87' lang='lat' dir='ltr'><strong>sit</strong></span> <span class='ocrx_word' id='word_1_310' title='bbox 2748 2313 2954 2367; x_wconf 82' lang='lat' dir='ltr'><strong>habuit.</strong></span> 
     </span>
    </p>
   </div>
   <div class='ocr_carea' id='block_1_45' title="bbox 217 2395 3466 2478">
    <p class='ocr_par' dir='ltr' id='par_1_45' title="bbox 217 2395 3466 2478">
     <span class='ocr_line' id='line_1_45' title="bbox 217 2395 3466 2478; baseline 0.002 -27"><span class='ocrx_word' id='word_1_311' title='bbox 217 2395 358 2452; x_wconf 75' lang='grc' dir='ltr'>εἶναι</span> <span class='ocrx_word' id='word_1_312' title='bbox 391 2401 528 2453; x_wconf 81' lang='grc' dir='ltr'><strong>κατὰ</strong></span> <span class='ocrx_word' id='word_1_313' title='bbox 555 2401 652 2470; x_wconf 84' lang='grc' dir='ltr'><strong>τὴν</strong></span> <span class='ocrx_word' id='word_1_314' title='bbox 686 2402 874 2470; x_wconf 84' lang='grc' dir='ltr'>ὁμοίαν</span> <span class='ocrx_word' id='word_1_315' title='bbox 921 2403 1098 2472; x_wconf 77' lang='grc' dir='ltr'>ἑαυτῷ</span> <span class='ocrx_word' id='word_1_316' title='bbox 1129 2403 1288 2470; x_wconf 78' lang='grc' dir='ltr'>φύσιν</span> <span class='ocrx_word' id='word_1_317' title='bbox 1339 2405 1435 2475; x_wconf 83' lang='grc' dir='ltr'>τὴν</span> <span class='ocrx_word' id='word_1_318' title='bbox 1478 2404 1650 2475; x_wconf 79' lang='grc' dir='ltr'>ἀρχὴν</span> <span class='ocrx_word' id='word_1_319' title='bbox 1720 2407 2044 2478; x_wconf 66' lang='grc' dir='ltr'>παρασχώνο</span> <span class='ocrx_word' id='word_1_320' title='bbox 2080 2407 2192 2470; x_wconf 78' lang='grc' dir='ltr'>υἱὸς</span> <span class='ocrx_word' id='word_1_321' title='bbox 2223 2409 2279 2460; x_wconf 83' lang='grc' dir='ltr'><strong>δὲ</strong></span> <span class='ocrx_word' id='word_1_322' title='bbox 2342 2411 2369 2462; x_wconf 90' lang='lat'><strong>6</strong></span> <span class='ocrx_word' id='word_1_323' title='bbox 2431 2407 2489 2474; x_wconf 79' lang='grc' dir='ltr'><strong>ἐξ</strong></span> <span class='ocrx_word' id='word_1_324' title='bbox 2555 2409 2740 2478; x_wconf 83' lang='grc' dir='ltr'>ἑτέρου</span> <span class='ocrx_word' id='word_1_325' title='bbox 2769 2408 3038 2477; x_wconf 83' lang='grc' dir='ltr'>γεννητῶς</span> <span class='ocrx_word' id='word_1_326' title='bbox 3064 2408 3158 2459; x_wconf 80' lang='grc' dir='ltr'>τοῦ</span> <span class='ocrx_word' id='word_1_327' title='bbox 3197 2402 3331 2462; x_wconf 76' lang='grc' dir='ltr'>εἶναι</span> <span class='ocrx_word' id='word_1_328' title='bbox 3373 2409 3466 2478; x_wconf 67' lang='grc' dir='ltr'><strong>τὴν</strong></span> 
     </span>
    </p>
   </div>
   <div class='ocr_carea' id='block_1_46' title="bbox 216 2493 695 2564">
    <p class='ocr_par' dir='ltr' id='par_1_46' title="bbox 216 2493 695 2564">
     <span class='ocr_line' id='line_1_46' title="bbox 216 2493 695 2564; baseline 0.006 -20"><span class='ocrx_word' id='word_1_329' title='bbox 216 2493 394 2564; x_wconf 76' lang='grc' dir='ltr'>ἀρχὴν</span> <span class='ocrx_word' id='word_1_330' title='bbox 426 2494 695 2564; x_wconf 81' lang='grc' dir='ltr'>ἐσχηκώς.</span> 
     </span>
    </p>
   </div>
   <div class='ocr_carea' id='block_1_47' title="bbox 290 2582 1799 2661">
    <p class='ocr_par' dir='ltr' id='par_1_47' title="bbox 290 2582 1799 2661">
     <span class='ocr_line' id='line_1_47' title="bbox 290 2582 1799 2661; baseline 0.007 -25"><span class='ocrx_word' id='word_1_331' title='bbox 290 2584 379 2638; x_wconf 72' lang='lat'><strong>‘25.</strong></span> <span class='ocrx_word' id='word_1_332' title='bbox 426 2586 593 2638; x_wconf 85' lang='grc' dir='ltr'>Ὅταν</span> <span class='ocrx_word' id='word_1_333' title='bbox 630 2587 728 2655; x_wconf 81' lang='grc' dir='ltr'><strong>μὲν</strong></span> <span class='ocrx_word' id='word_1_334' title='bbox 757 2582 847 2639; x_wconf 72' lang='grc' dir='ltr'>οὖν</span> <span class='ocrx_word' id='word_1_335' title='bbox 875 2585 1216 2658; x_wconf 80' lang='grc' dir='ltr'>ἀκούσωμεν,</span> <span class='ocrx_word' id='word_1_336' title='bbox 1246 2591 1327 2642; x_wconf 84' lang='grc' dir='ltr'><strong>ὅτι</strong></span> <span class='ocrx_word' id='word_1_337' title='bbox 1368 2590 1651 2660; x_wconf 79' lang='grc' dir='ltr'>ἄνθρωπος</span> <span class='ocrx_word' id='word_1_338' title='bbox 1689 2591 1799 2661; x_wconf 81' lang='lat'><strong>(69)</strong></span> 
     </span>
    </p>
   </div>
   <div class='ocr_carea' id='block_1_48' title="bbox 218 2676 1796 2754">
    <p class='ocr_par' dir='ltr' id='par_1_48' title="bbox 218 2676 1796 2754">
     <span class='ocr_line' id='line_1_48' title="bbox 218 2676 1796 2754; baseline 0.006 -27"><span class='ocrx_word' id='word_1_339' title='bbox 218 2676 420 2748; x_wconf 75' lang='grc' dir='ltr'>πατὴρ,</span> <span class='ocrx_word' id='word_1_340' title='bbox 463 2678 582 2729; x_wconf 76' lang='grc' dir='ltr'>τότε</span> <span class='ocrx_word' id='word_1_341' title='bbox 623 2680 713 2730; x_wconf 76' lang='grc' dir='ltr'><strong>καὶ</strong></span> <span class='ocrx_word' id='word_1_342' title='bbox 754 2681 850 2732; x_wconf 65' lang='grc' dir='ltr'>τὴν</span> <span class='ocrx_word' id='word_1_343' title='bbox 889 2679 980 2732; x_wconf 72' lang='grc' dir='ltr'>τοῦ</span> <span class='ocrx_word' id='word_1_344' title='bbox 1018 2681 1220 2744; x_wconf 88' lang='grc' dir='ltr'>πάθους</span> <span class='ocrx_word' id='word_1_345' title='bbox 1254 2682 1462 2735; x_wconf 76' lang='grc' dir='ltr'>ἔννοιαν</span> <span class='ocrx_word' id='word_1_346' title='bbox 1509 2683 1796 2754; x_wconf 85' lang='grc' dir='ltr'>προσλαμ-</span> 
     </span>
    </p>
   </div>
   <div class='ocr_carea' id='block_1_49' title="bbox 219 2770 1797 2845">
    <p class='ocr_par' dir='ltr' id='par_1_49' title="bbox 219 2770 1797 2845">
     <span class='ocr_line' id='line_1_49' title="bbox 219 2770 1797 2845; baseline 0.006 -26"><span class='ocrx_word' id='word_1_347' title='bbox 219 2770 455 2839; x_wconf 75' lang='grc' dir='ltr'>ϐάνομεν</span> <span class='ocrx_word' id='word_1_348' title='bbox 475 2786 487 2799; x_wconf 87' lang='grc'><strong>·</strong></span> <span class='ocrx_word' id='word_1_349' title='bbox 523 2771 647 2824; x_wconf 82' lang='grc' dir='ltr'>ὅταν</span> <span class='ocrx_word' id='word_1_350' title='bbox 678 2771 732 2822; x_wconf 81' lang='grc' dir='ltr'><strong>δὲ</strong></span> <span class='ocrx_word' id='word_1_351' title='bbox 751 2815 764 2833; x_wconf 95' lang='grc'><strong>,</strong></span> <span class='ocrx_word' id='word_1_352' title='bbox 795 2773 875 2824; x_wconf 78' lang='grc' dir='ltr'>ὅτι</span> <span class='ocrx_word' id='word_1_353' title='bbox 912 2775 939 2824; x_wconf 89' lang='lat'><strong>6</strong></span> <span class='ocrx_word' id='word_1_354' title='bbox 971 2773 1102 2836; x_wconf 84' lang='grc' dir='ltr'>Θεὸς</span> <span class='ocrx_word' id='word_1_355' title='bbox 1140 2775 1348 2844; x_wconf 81' lang='grc' dir='ltr'>Πατὴρ,</span> <span class='ocrx_word' id='word_1_356' title='bbox 1377 2775 1470 2826; x_wconf 77' lang='grc' dir='ltr'>ἐπὶ</span> <span class='ocrx_word' id='word_1_357' title='bbox 1492 2777 1588 2845; x_wconf 81' lang='grc' dir='ltr'>τὴν</span> <span class='ocrx_word' id='word_1_358' title='bbox 1612 2776 1797 2845; x_wconf 82' lang='grc' dir='ltr'>ἀπαθῆ</span> 
     </span>
    </p>
   </div>
   <div class='ocr_carea' id='block_1_50' title="bbox 219 2861 1798 2936">
    <p class='ocr_par' dir='ltr' id='par_1_50' title="bbox 219 2861 1798 2936">
     <span class='ocr_line' id='line_1_50' title="bbox 219 2861 1798 2936; baseline 0.004 -25"><span class='ocrx_word' id='word_1_359' title='bbox 219 2861 401 2912; x_wconf 81' lang='grc' dir='ltr'>αἰτίαν</span> <span class='ocrx_word' id='word_1_360' title='bbox 435 2863 546 2924; x_wconf 86' lang='grc' dir='ltr'>τοῖς</span> <span class='ocrx_word' id='word_1_361' title='bbox 598 2861 878 2932; x_wconf 81' lang='grc' dir='ltr'>λογισμοῖς</span> <span class='ocrx_word' id='word_1_362' title='bbox 928 2864 1318 2935; x_wconf 83' lang='grc' dir='ltr'>ἀνατρέχομεν.</span> <span class='ocrx_word' id='word_1_363' title='bbox 1358 2866 1414 2917; x_wconf 90' lang='grc' dir='ltr'>Ὀ</span> <span class='ocrx_word' id='word_1_364' title='bbox 1443 2865 1521 2928; x_wconf 85' lang='grc' dir='ltr'>δὲ,</span> <span class='ocrx_word' id='word_1_365' title='bbox 1557 2867 1650 2917; x_wconf 74' lang='grc' dir='ltr'>ἐπὶ</span> <span class='ocrx_word' id='word_1_366' title='bbox 1700 2867 1798 2936; x_wconf 79' lang='grc' dir='ltr'>τῆς</span> 
     </span>
    </p>
   </div>
   <div class='ocr_carea' id='block_1_51' title="bbox 220 2951 1791 3028">
    <p class='ocr_par' dir='ltr' id='par_1_51' title="bbox 220 2951 1791 3028">
     <span class='ocr_line' id='line_1_51' title="bbox 220 2951 1791 3028; baseline 0.004 -26"><span class='ocrx_word' id='word_1_367' title='bbox 220 2951 500 3020; x_wconf 76' lang='grc' dir='ltr'>ὲμπαθοῦς</span> <span class='ocrx_word' id='word_1_368' title='bbox 527 2953 739 3021; x_wconf 74' lang='grc' dir='ltr'>φύσεως</span> <span class='ocrx_word' id='word_1_369' title='bbox 767 2957 829 3024; x_wconf 81' lang='grc' dir='ltr'>τῇ</span> <span class='ocrx_word' id='word_1_370' title='bbox 866 2955 1206 3026; x_wconf 80' lang='grc' dir='ltr'>προσηγορίᾳ</span> <span class='ocrx_word' id='word_1_371' title='bbox 1237 2954 1407 3028; x_wconf 83' lang='grc' dir='ltr'>ταύτῃ</span> <span class='ocrx_word' id='word_1_372' title='bbox 1439 2955 1791 3018; x_wconf 75' lang='grc' dir='ltr'>συνεθισθεὶς,</span> 
     </span>
    </p>
   </div>
   <div class='ocr_carea' id='block_1_52' title="bbox 220 3044 1794 3116">
    <p class='ocr_par' dir='ltr' id='par_1_52' title="bbox 220 3044 1794 3116">
     <span class='ocr_line' id='line_1_52' title="bbox 220 3044 1794 3116; baseline 0.003 -23"><span class='ocrx_word' id='word_1_373' title='bbox 220 3044 283 3094; x_wconf 78' lang='grc' dir='ltr'><strong>τὸ</strong></span> <span class='ocrx_word' id='word_1_374' title='bbox 331 3044 471 3112; x_wconf 80' lang='grc' dir='ltr'>ὑπὲρ</span> <span class='ocrx_word' id='word_1_375' title='bbox 525 3044 623 3116; x_wconf 74' lang='grc' dir='ltr'>τὴν</span> <span class='ocrx_word' id='word_1_376' title='bbox 660 3045 961 3114; x_wconf 63' lang='grc' dir='ltr'>κατάληψιν</span> <span class='ocrx_word' id='word_1_377' title='bbox 1014 3045 1119 3097; x_wconf 90' lang='grc' dir='ltr'><strong>τῶν</strong></span> <span class='ocrx_word' id='word_1_378' title='bbox 1171 3045 1359 3099; x_wconf 74' lang='grc' dir='ltr'>ἑαυτοῦ</span> <span class='ocrx_word' id='word_1_379' title='bbox 1413 3046 1687 3116; x_wconf 85' lang='grc' dir='ltr'>λογισμῶν</span> <span class='ocrx_word' id='word_1_380' title='bbox 1720 3045 1794 3109; x_wconf 81' lang='grc' dir='ltr'>ὡς</span> 
     </span>
    </p>
   </div>
   <div class='ocr_carea' id='block_1_53' title="bbox 1967 2589 3459 2656">
    <p class='ocr_par' dir='ltr' id='par_1_53' title="bbox 1967 2589 3459 2656">
     <span class='ocr_line' id='line_1_53' title="bbox 1967 2589 3459 2656; baseline 0.002 -14"><span class='ocrx_word' id='word_1_381' title='bbox 1967 2589 2058 2642; x_wconf 80' lang='lat'><strong>‘23.</strong></span> <span class='ocrx_word' id='word_1_382' title='bbox 2082 2589 2284 2656; x_wconf 86' lang='lat' dir='ltr'><strong>Itaque,</strong></span> <span class='ocrx_word' id='word_1_383' title='bbox 2317 2603 2438 2642; x_wconf 91' lang='lat' dir='ltr'><strong>cum</strong></span> <span class='ocrx_word' id='word_1_384' title='bbox 2471 2590 2744 2652; x_wconf 81' lang='lat' dir='ltr'><strong>audimus,</strong></span> <span class='ocrx_word' id='word_1_385' title='bbox 2777 2589 3045 2643; x_wconf 86' lang='lat' dir='ltr'><strong>hominem</strong></span> <span class='ocrx_word' id='word_1_386' title='bbox 3078 2599 3285 2656; x_wconf 77' lang='lat' dir='ltr'><strong>patrem</strong></span> <span class='ocrx_word' id='word_1_387' title='bbox 3317 2605 3459 2655; x_wconf 86' lang='lat' dir='ltr'><strong>esse,</strong></span> 
     </span>
    </p>
   </div>
   <div class='ocr_carea' id='block_1_54' title="bbox 1901 2679 3454 2749">
    <p class='ocr_par' dir='ltr' id='par_1_54' title="bbox 1901 2679 3454 2749">
     <span class='ocr_line' id='line_1_54' title="bbox 1901 2679 3454 2749; baseline 0 -15"><span class='ocrx_word' id='word_1_388' title='bbox 1901 2692 2026 2734; x_wconf 89' lang='lat' dir='ltr'><strong>tunc</strong></span> <span class='ocrx_word' id='word_1_389' title='bbox 2061 2681 2249 2734; x_wconf 85' lang='lat' dir='ltr'><strong>incidit</strong></span> <span class='ocrx_word' id='word_1_390' title='bbox 2298 2681 2457 2734; x_wconf 82' lang='lat' dir='ltr'><strong>nobis</strong></span> <span class='ocrx_word' id='word_1_391' title='bbox 2483 2679 2705 2734; x_wconf 68' lang='lat' dir='ltr'><strong>affectus</strong></span> <span class='ocrx_word' id='word_1_392' title='bbox 2739 2682 2994 2749; x_wconf 81' lang='lat' dir='ltr'><strong>cogitatio</strong></span> <span class='ocrx_word' id='word_1_393' title='bbox 3022 2701 3034 2735; x_wconf 89' lang='lat'>:</span> <span class='ocrx_word' id='word_1_394' title='bbox 3077 2689 3132 2733; x_wconf 88' lang='lat' dir='ltr'><strong>at</strong></span> <span class='ocrx_word' id='word_1_395' title='bbox 3179 2697 3308 2736; x_wconf 85' lang='lat' dir='ltr'><strong>vero</strong></span> <span class='ocrx_word' id='word_1_396' title='bbox 3335 2698 3454 2735; x_wconf 85' lang='lat' dir='ltr'><strong>cum</strong></span> 
     </span>
    </p>
   </div>
   <div class='ocr_carea' id='block_1_55' title="bbox 1901 2768 3465 2840">
    <p class='ocr_par' dir='ltr' id='par_1_55' title="bbox 1901 2768 3465 2840">
     <span class='ocr_line' id='line_1_55' title="bbox 1901 2768 3465 2840; baseline 0.003 -18"><span class='ocrx_word' id='word_1_397' title='bbox 1901 2768 2065 2823; x_wconf 88' lang='lat' dir='ltr'><strong>Deum</strong></span> <span class='ocrx_word' id='word_1_398' title='bbox 2097 2769 2329 2833; x_wconf 84' lang='lat' dir='ltr'><strong>Patrem,</strong></span> <span class='ocrx_word' id='word_1_399' title='bbox 2358 2779 2467 2824; x_wconf 92' lang='lat' dir='ltr'><strong>tum</strong></span> <span class='ocrx_word' id='word_1_400' title='bbox 2497 2773 2562 2824; x_wconf 89' lang='lat' dir='ltr'><strong>ad</strong></span> <span class='ocrx_word' id='word_1_401' title='bbox 2594 2773 2979 2840; x_wconf 85' lang='lat' dir='ltr'><strong>impassibilem</strong></span> <span class='ocrx_word' id='word_1_402' title='bbox 3014 2787 3231 2827; x_wconf 79' lang='lat' dir='ltr'><strong>causam</strong></span> <span class='ocrx_word' id='word_1_403' title='bbox 3282 2785 3465 2827; x_wconf 86' lang='lat' dir='ltr'><strong>mente</strong></span> 
     </span>
    </p>
   </div>
   <div class='ocr_carea' id='block_1_56' title="bbox 1903 2862 3472 2936">
    <p class='ocr_par' dir='ltr' id='par_1_56' title="bbox 1903 2862 3472 2936">
     <span class='ocr_line' id='line_1_56' title="bbox 1903 2862 3472 2936; baseline 0.003 -18"><span class='ocrx_word' id='word_1_404' title='bbox 1903 2865 2222 2919; x_wconf 85' lang='lat' dir='ltr'><strong>attollimur.</strong></span> <span class='ocrx_word' id='word_1_405' title='bbox 2251 2865 2544 2919; x_wconf 82' lang='lat' dir='ltr'><strong>Eunomius</strong></span> <span class='ocrx_word' id='word_1_406' title='bbox 2575 2877 2753 2921; x_wconf 89' lang='lat' dir='ltr'><strong>autem</strong></span> <span class='ocrx_word' id='word_1_407' title='bbox 2789 2868 2925 2920; x_wconf 83' lang='lat' dir='ltr'><strong>lianc</strong></span> <span class='ocrx_word' id='word_1_408' title='bbox 2958 2867 3367 2936; x_wconf 83' lang='lat' dir='ltr'><strong>appellationem</strong></span> <span class='ocrx_word' id='word_1_409' title='bbox 3402 2862 3472 2922; x_wconf 73' lang='lat' dir='ltr'><strong>de&#39;</strong></span> 
     </span>
    </p>
   </div>
   <div class='ocr_carea' id='block_1_57' title="bbox 1904 2954 3462 3027">
    <p class='ocr_par' dir='ltr' id='par_1_57' title="bbox 1904 2954 3462 3027">
     <span class='ocr_line' id='line_1_57' title="bbox 1904 2954 3462 3027; baseline 0.001 -20"><span class='ocrx_word' id='word_1_410' title='bbox 1904 2955 2137 3022; x_wconf 85' lang='lat' dir='ltr'><strong>subjecta</strong></span> <span class='ocrx_word' id='word_1_411' title='bbox 2199 2954 2572 3010; x_wconf 64' lang='lat' dir='ltr'><strong>affectionibus</strong></span> <span class='ocrx_word' id='word_1_412' title='bbox 2643 2967 2829 3010; x_wconf 87' lang='lat' dir='ltr'><strong>natura</strong></span> <span class='ocrx_word' id='word_1_413' title='bbox 2895 2961 3139 3027; x_wconf 87' lang='lat' dir='ltr'><strong>accipere</strong></span> <span class='ocrx_word' id='word_1_414' title='bbox 3194 2969 3462 3022; x_wconf 76' lang='lat' dir='ltr'><strong>assuezus,</strong></span> 
     </span>
    </p>
   </div>
   <div class='ocr_carea' id='block_1_58' title="bbox 1903 3047 3466 3117">
    <p class='ocr_par' dir='ltr' id='par_1_58' title="bbox 1903 3047 3466 3117">
     <span class='ocr_line' id='line_1_58' title="bbox 1903 3047 3466 3117; baseline 0.003 -18"><span class='ocrx_word' id='word_1_415' title='bbox 1903 3049 2042 3117; x_wconf 91' lang='lat' dir='ltr'><strong>quod</strong></span> <span class='ocrx_word' id='word_1_416' title='bbox 2081 3047 2303 3101; x_wconf 80' lang='lat' dir='ltr'><strong>rationis</strong></span> <span class='ocrx_word' id='word_1_417' title='bbox 2332 3048 2448 3115; x_wconf 66' lang='lat' dir='ltr'><strong>ejus</strong></span> <span class='ocrx_word' id='word_1_418' title='bbox 2486 3055 2696 3116; x_wconf 85' lang='lat' dir='ltr'><strong>captum</strong></span> <span class='ocrx_word' id='word_1_419' title='bbox 2743 3057 2984 3116; x_wconf 87' lang='lat' dir='ltr'><strong>superat,</strong></span> <span class='ocrx_word' id='word_1_420' title='bbox 3035 3051 3082 3101; x_wconf 90' lang='lat' dir='ltr'><strong>id</strong></span> <span class='ocrx_word' id='word_1_421' title='bbox 3121 3059 3180 3102; x_wconf 91' lang='lat' dir='ltr'><strong>ut</strong></span> <span class='ocrx_word' id='word_1_422' title='bbox 3215 3049 3466 3116; x_wconf 88' lang='lat' dir='ltr'><strong>impossi-</strong></span> 
     </span>
    </p>
   </div>
   <div class='ocr_carea' id='block_1_59' title="bbox 219 3132 1881 3214">
    <p class='ocr_par' dir='ltr' id='par_1_59' title="bbox 219 3132 1866 3214">
     <span class='ocr_line' id='line_1_59' title="bbox 219 3132 1866 3214; baseline 0.006 -32"><span class='ocrx_word' id='word_1_423' title='bbox 219 3132 481 3184; x_wconf 70' lang='grc' dir='ltr'>ἀδύνατον</span> <span class='ocrx_word' id='word_1_424' title='bbox 515 3135 861 3204; x_wconf 81' lang='grc' dir='ltr'>ἀπαρνείται.</span> <span class='ocrx_word' id='word_1_425' title='bbox 896 3136 970 3187; x_wconf 77' lang='grc' dir='ltr'><strong>Οὐ</strong></span> <span class='ocrx_word' id='word_1_426' title='bbox 1006 3135 1132 3205; x_wconf 77' lang='grc' dir='ltr'>γὰρ,</span> <span class='ocrx_word' id='word_1_427' title='bbox 1164 3137 1240 3206; x_wconf 81' lang='grc' dir='ltr'>τῷ</span> <span class='ocrx_word' id='word_1_428' title='bbox 1275 3137 1434 3191; x_wconf 88' lang='grc' dir='ltr'>πάθει</span> <span class='ocrx_word' id='word_1_429' title='bbox 1483 3138 1589 3190; x_wconf 89' lang='grc' dir='ltr'><strong>τῶν</strong></span> <span class='ocrx_word' id='word_1_430' title='bbox 1623 3137 1794 3208; x_wconf 80' lang='grc' dir='ltr'>φθαρ-</span> <span class='ocrx_word' id='word_1_431' title='bbox 1824 3160 1866 3214; x_wconf 75' lang='lat' dir='ltr'><strong><em>C</em></strong></span> 
     </span>
    </p>
   </div>
   <div class='ocr_carea' id='block_1_60' title="bbox 1803 3132 3465 3214">
    <p class='ocr_par' dir='ltr' id='par_1_60' title="bbox 1824 3138 3465 3214">
     <span class='ocr_line' id='line_1_60' title="bbox 1824 3138 3465 3214; baseline 0.001 -21"><span class='ocrx_word' id='word_1_432' title='bbox 1824 3160 1866 3214; x_wconf 67' lang='grc' dir='ltr'>ο</span> <span class='ocrx_word' id='word_1_433' title='bbox 1901 3139 2007 3193; x_wconf 87' lang='lat' dir='ltr'><strong>bile</strong></span> <span class='ocrx_word' id='word_1_434' title='bbox 2047 3148 2326 3208; x_wconf 77' lang='lat' dir='ltr'><strong>pernegat.</strong></span> <span class='ocrx_word' id='word_1_435' title='bbox 2379 3138 2492 3192; x_wconf 77' lang='lat' dir='ltr'><strong>Non</strong></span> <span class='ocrx_word' id='word_1_436' title='bbox 2541 3142 2683 3193; x_wconf 88' lang='lat' dir='ltr'><strong>enim</strong></span> <span class='ocrx_word' id='word_1_437' title='bbox 2724 3157 2821 3209; x_wconf 88' lang='lat' dir='ltr'><strong>par</strong></span> <span class='ocrx_word' id='word_1_438' title='bbox 2855 3152 2967 3194; x_wconf 84' lang='lat' dir='ltr'><strong>erat</strong></span> <span class='ocrx_word' id='word_1_439' title='bbox 3004 3155 3156 3205; x_wconf 88' lang='lat' dir='ltr'><strong>eum,</strong></span> <span class='ocrx_word' id='word_1_440' title='bbox 3201 3145 3465 3210; x_wconf 90' lang='lat' dir='ltr'><strong>corrupti-</strong></span> 
     </span>
    </p>
   </div>
   <div class='ocr_carea' id='block_1_61' title="bbox 217 3226 1798 3298">
    <p class='ocr_par' dir='ltr' id='par_1_61' title="bbox 217 3226 1798 3298">
     <span class='ocr_line' id='line_1_61' title="bbox 217 3226 1798 3298; baseline 0.004 -22"><span class='ocrx_word' id='word_1_441' title='bbox 217 3230 329 3277; x_wconf 82' lang='grc' dir='ltr'><strong>των</strong></span> <span class='ocrx_word' id='word_1_442' title='bbox 381 3228 738 3296; x_wconf 75' lang='grc' dir='ltr'>προσέχοντα,</span> <span class='ocrx_word' id='word_1_443' title='bbox 782 3230 848 3298; x_wconf 78' lang='grc' dir='ltr'>τῇ</span> <span class='ocrx_word' id='word_1_444' title='bbox 903 3226 1140 3298; x_wconf 69' lang='grc' dir='ltr'>ἀπαθείᾳ</span> <span class='ocrx_word' id='word_1_445' title='bbox 1201 3228 1292 3280; x_wconf 78' lang='grc' dir='ltr'>τοῦ</span> <span class='ocrx_word' id='word_1_446' title='bbox 1353 3228 1486 3281; x_wconf 80' lang='grc' dir='ltr'>Θεοῦ</span> <span class='ocrx_word' id='word_1_447' title='bbox 1550 3232 1798 3282; x_wconf 83' lang='grc' dir='ltr'>άπιστεῖν</span> 
     </span>
    </p>
   </div>
   <div class='ocr_carea' id='block_1_62' title="bbox 221 3317 1799 3390">
    <p class='ocr_par' dir='ltr' id='par_1_62' title="bbox 221 3317 1799 3390">
     <span class='ocr_line' id='line_1_62' title="bbox 221 3317 1799 3390; baseline 0.003 -22"><span class='ocrx_word' id='word_1_448' title='bbox 221 3317 519 3384; x_wconf 75' lang='grc' dir='ltr'>προσῆκεν,</span> <span class='ocrx_word' id='word_1_449' title='bbox 561 3317 698 3380; x_wconf 71' lang='grc' dir='ltr'>οὐδὲ,</span> <span class='ocrx_word' id='word_1_450' title='bbox 729 3321 793 3388; x_wconf 82' lang='grc' dir='ltr'>τῇ</span> <span class='ocrx_word' id='word_1_451' title='bbox 835 3321 1030 3388; x_wconf 72' lang='grc' dir='ltr'>ρευστῇ</span> <span class='ocrx_word' id='word_1_452' title='bbox 1075 3319 1229 3386; x_wconf 72' lang='grc' dir='ltr'>φύσει</span> <span class='ocrx_word' id='word_1_453' title='bbox 1263 3322 1355 3372; x_wconf 70' lang='grc' dir='ltr'><strong>καὶ</strong></span> <span class='ocrx_word' id='word_1_454' title='bbox 1398 3321 1618 3390; x_wconf 79' lang='grc' dir='ltr'>μυρίαις</span> <span class='ocrx_word' id='word_1_455' title='bbox 1667 3322 1799 3374; x_wconf 81' lang='grc' dir='ltr'>ὑπο-</span> 
     </span>
    </p>
   </div>
   <div class='ocr_carea' id='block_1_63' title="bbox 225 3407 1799 3482">
    <p class='ocr_par' dir='ltr' id='par_1_63' title="bbox 225 3407 1799 3482">
     <span class='ocr_line' id='line_1_63' title="bbox 225 3407 1799 3482; baseline 0.003 -22"><span class='ocrx_word' id='word_1_456' title='bbox 225 3408 453 3479; x_wconf 81' lang='grc' dir='ltr'>κειμένῃ</span> <span class='ocrx_word' id='word_1_457' title='bbox 490 3407 838 3477; x_wconf 79' lang='grc' dir='ltr'>μεταϐολαῖς,</span> <span class='ocrx_word' id='word_1_458' title='bbox 869 3410 967 3479; x_wconf 83' lang='grc' dir='ltr'><strong>τὴν</strong></span> <span class='ocrx_word' id='word_1_459' title='bbox 1002 3412 1264 3482; x_wconf 78' lang='grc' dir='ltr'>ἄτρεπτον</span> <span class='ocrx_word' id='word_1_460' title='bbox 1303 3413 1396 3464; x_wconf 73' lang='grc' dir='ltr'><strong>καὶ</strong></span> <span class='ocrx_word' id='word_1_461' title='bbox 1448 3412 1799 3464; x_wconf 78' lang='grc' dir='ltr'>ἀναλλοίωτον</span> 
     </span>
    </p>
   </div>
   <div class='ocr_carea' id='block_1_64' title="bbox 220 3501 1797 3576">
    <p class='ocr_par' dir='ltr' id='par_1_64' title="bbox 220 3501 1797 3576">
     <span class='ocr_line' id='line_1_64' title="bbox 220 3501 1797 3576; baseline 0.003 -23"><span class='ocrx_word' id='word_1_462' title='bbox 220 3502 406 3553; x_wconf 73' lang='grc' dir='ltr'>οὐσίαν</span> <span class='ocrx_word' id='word_1_463' title='bbox 439 3501 803 3571; x_wconf 75' lang='grc' dir='ltr'>παρατιθέντα</span> <span class='ocrx_word' id='word_1_464' title='bbox 839 3503 966 3571; x_wconf 85' lang='grc'>(70).</span> <span class='ocrx_word' id='word_1_465' title='bbox 1015 3504 1151 3574; x_wconf 85' lang='grc' dir='ltr'><strong>Μηδ’</strong></span> <span class='ocrx_word' id='word_1_466' title='bbox 1173 3505 1251 3556; x_wconf 85' lang='grc' dir='ltr'>ὅτι</span> <span class='ocrx_word' id='word_1_467' title='bbox 1278 3506 1345 3556; x_wconf 68' lang='grc' dir='ltr'><strong>τά</strong></span> <span class='ocrx_word' id='word_1_468' title='bbox 1375 3504 1543 3576; x_wconf 75' lang='grc' dir='ltr'>θνητά</span> <span class='ocrx_word' id='word_1_469' title='bbox 1575 3505 1685 3569; x_wconf 80' lang='grc' dir='ltr'>ζῶα</span> <span class='ocrx_word' id='word_1_470' title='bbox 1714 3505 1797 3558; x_wconf 70' lang='grc' dir='ltr'><strong>διὰ</strong></span> 
     </span>
    </p>
   </div>
   <div class='ocr_carea' id='block_1_65' title="bbox 222 3592 1793 3668">
    <p class='ocr_par' dir='ltr' id='par_1_65' title="bbox 222 3592 1793 3668">
     <span class='ocr_line' id='line_1_65' title="bbox 222 3592 1793 3668; baseline 0.004 -24"><span class='ocrx_word' id='word_1_471' title='bbox 222 3592 427 3656; x_wconf 80' lang='grc' dir='ltr'>πάθους</span> <span class='ocrx_word' id='word_1_472' title='bbox 475 3596 666 3664; x_wconf 79' lang='grc' dir='ltr'>γεννᾷ,</span> <span class='ocrx_word' id='word_1_473' title='bbox 711 3595 804 3646; x_wconf 77' lang='grc' dir='ltr'><strong>καὶ</strong></span> <span class='ocrx_word' id='word_1_474' title='bbox 844 3596 935 3647; x_wconf 88' lang='grc' dir='ltr'><strong>τὸν</strong></span> <span class='ocrx_word' id='word_1_475' title='bbox 971 3597 1100 3648; x_wconf 86' lang='grc' dir='ltr'>Θεὸν</span> <span class='ocrx_word' id='word_1_476' title='bbox 1136 3598 1308 3668; x_wconf 76' lang='grc' dir='ltr'>ἐχρῆν</span> <span class='ocrx_word' id='word_1_477' title='bbox 1339 3597 1510 3660; x_wconf 75' lang='grc' dir='ltr'>οὕτως</span> <span class='ocrx_word' id='word_1_478' title='bbox 1558 3598 1793 3651; x_wconf 76' lang='grc' dir='ltr'>οἴεσθαι·</span> 
     </span>
    </p>
   </div>
   <div class='ocr_carea' id='block_1_66' title="bbox 223 3687 1795 3762">
    <p class='ocr_par' dir='ltr' id='par_1_66' title="bbox 223 3687 1795 3762">
     <span class='ocr_line' id='line_1_66' title="bbox 223 3687 1795 3762; baseline 0.003 -23"><span class='ocrx_word' id='word_1_479' title='bbox 223 3687 341 3739; x_wconf 82' lang='grc' dir='ltr'>ἀλλ’</span> <span class='ocrx_word' id='word_1_480' title='bbox 367 3688 615 3740; x_wconf 75' lang='grc' dir='ltr'>ἐντεῦθεν</span> <span class='ocrx_word' id='word_1_481' title='bbox 650 3689 845 3758; x_wconf 84' lang='grc' dir='ltr'>μᾶλλον</span> <span class='ocrx_word' id='word_1_482' title='bbox 874 3690 1180 3760; x_wconf 82' lang='grc' dir='ltr'>ὁδηγεῖσθαι</span> <span class='ocrx_word' id='word_1_483' title='bbox 1215 3692 1349 3762; x_wconf 83' lang='grc' dir='ltr'>πρὸς</span> <span class='ocrx_word' id='word_1_484' title='bbox 1382 3692 1477 3760; x_wconf 80' lang='grc' dir='ltr'><strong>τὴν</strong></span> <span class='ocrx_word' id='word_1_485' title='bbox 1509 3691 1795 3760; x_wconf 82' lang='grc' dir='ltr'>ἀλήθειαν’</span> 
     </span>
    </p>
   </div>
   <div class='ocr_carea' id='block_1_67' title="bbox 223 3781 1797 3854">
    <p class='ocr_par' dir='ltr' id='par_1_67' title="bbox 223 3781 1797 3854">
     <span class='ocr_line' id='line_1_67' title="bbox 223 3781 1797 3854; baseline 0.003 -23"><span class='ocrx_word' id='word_1_486' title='bbox 223 3781 330 3844; x_wconf 83' lang='grc' dir='ltr'>ὅτι,</span> <span class='ocrx_word' id='word_1_487' title='bbox 364 3782 552 3850; x_wconf 82' lang='grc' dir='ltr'>ἐπειδὴ</span> <span class='ocrx_word' id='word_1_488' title='bbox 585 3781 651 3834; x_wconf 74' lang='grc' dir='ltr'>τὰ</span> <span class='ocrx_word' id='word_1_489' title='bbox 681 3782 896 3853; x_wconf 81' lang='grc' dir='ltr'>φθαρτὰ</span> <span class='ocrx_word' id='word_1_490' title='bbox 933 3784 1124 3846; x_wconf 65' lang='grc' dir='ltr'>οὕτως,</span> <span class='ocrx_word' id='word_1_491' title='bbox 1155 3785 1182 3834; x_wconf 87' lang='grc' dir='ltr'>ὁ</span> <span class='ocrx_word' id='word_1_492' title='bbox 1217 3783 1491 3854; x_wconf 57' lang='grc' dir='ltr'>ἄφθαρτος</span> <span class='ocrx_word' id='word_1_493' title='bbox 1520 3786 1797 3847; x_wconf 77' lang='grc' dir='ltr'>ἐναντίως.</span> 
     </span>
    </p>
   </div>
   <div class='ocr_carea' id='block_1_68' title="bbox 224 3872 1800 3946">
    <p class='ocr_par' dir='ltr' id='par_1_68' title="bbox 224 3872 1800 3946">
     <span class='ocr_line' id='line_1_68' title="bbox 224 3872 1800 3946; baseline 0.004 -24"><span class='ocrx_word' id='word_1_494' title='bbox 224 3873 336 3923; x_wconf 74' lang='grc' dir='ltr'><strong>Καὶ</strong></span> <span class='ocrx_word' id='word_1_495' title='bbox 372 3873 478 3942; x_wconf 80' lang='grc' dir='ltr'>μὴν</span> <span class='ocrx_word' id='word_1_496' title='bbox 533 3872 652 3924; x_wconf 76' lang='grc' dir='ltr'>οὐδὲ</span> <span class='ocrx_word' id='word_1_497' title='bbox 687 3874 862 3925; x_wconf 80' lang='grc' dir='ltr'>ἐκεῖνό</span> <span class='ocrx_word' id='word_1_498' title='bbox 900 3891 962 3942; x_wconf 88' lang='grc' dir='ltr'><strong>γε</strong></span> <span class='ocrx_word' id='word_1_499' title='bbox 1011 3873 1074 3926; x_wconf 85' lang='grc' dir='ltr'><strong>ἂν</strong></span> <span class='ocrx_word' id='word_1_500' title='bbox 1126 3875 1285 3934; x_wconf 75' lang='grc' dir='ltr'>εἴποι,</span> <span class='ocrx_word' id='word_1_501' title='bbox 1338 3875 1412 3935; x_wconf 80' lang='grc' dir='ltr'>ὡς</span> <span class='ocrx_word' id='word_1_502' title='bbox 1461 3874 1662 3946; x_wconf 85' lang='grc' dir='ltr'>κυρίως</span> <span class='ocrx_word' id='word_1_503' title='bbox 1707 3877 1800 3928; x_wconf 77' lang='grc' dir='ltr'><strong>καὶ</strong></span> 
     </span>
    </p>
   </div>
   <div class='ocr_carea' id='block_1_69' title="bbox 223 3962 1797 4036">
    <p class='ocr_par' dir='ltr' id='par_1_69' title="bbox 223 3962 1797 4036">
     <span class='ocr_line' id='line_1_69' title="bbox 223 3962 1797 4036; baseline 0.002 -20"><span class='ocrx_word' id='word_1_504' title='bbox 223 3962 457 4034; x_wconf 78' lang='grc' dir='ltr'>πρώτως</span> <span class='ocrx_word' id='word_1_505' title='bbox 510 3965 600 4016; x_wconf 79' lang='grc' dir='ltr'><strong>ἐπὶ</strong></span> <span class='ocrx_word' id='word_1_506' title='bbox 646 3964 753 4018; x_wconf 88' lang='grc' dir='ltr'><strong>τῶν</strong></span> <span class='ocrx_word' id='word_1_507' title='bbox 791 3965 1091 4036; x_wconf 86' lang='grc' dir='ltr'>ἀνθρώπων</span> <span class='ocrx_word' id='word_1_508' title='bbox 1133 3966 1485 4034; x_wconf 80' lang='grc' dir='ltr'>τεταγμένων</span> <span class='ocrx_word' id='word_1_509' title='bbox 1531 3967 1639 4019; x_wconf 88' lang='grc' dir='ltr'><strong>τῶν</strong></span> <span class='ocrx_word' id='word_1_510' title='bbox 1679 3968 1797 4019; x_wconf 81' lang='grc' dir='ltr'>ὀνο-</span> 
     </span>
    </p>
   </div>
   <div class='ocr_carea' id='block_1_70' title="bbox 228 4057 1801 4127">
    <p class='ocr_par' dir='ltr' id='par_1_70' title="bbox 228 4057 1801 4127">
     <span class='ocr_line' id='line_1_70' title="bbox 228 4057 1801 4127; baseline 0.002 -20"><span class='ocrx_word' id='word_1_511' title='bbox 228 4058 414 4126; x_wconf 77' lang='grc' dir='ltr'>μάτων</span> <span class='ocrx_word' id='word_1_512' title='bbox 439 4057 661 4116; x_wconf 76' lang='grc' dir='ltr'>τούτων,</span> <span class='ocrx_word' id='word_1_513' title='bbox 685 4058 1134 4127; x_wconf 84' lang='grc' dir='ltr'>καταχρηστικῶς</span> <span class='ocrx_word' id='word_1_514' title='bbox 1156 4061 1316 4127; x_wconf 78' lang='grc' dir='ltr'>ἡμεῖς</span> <span class='ocrx_word' id='word_1_515' title='bbox 1340 4058 1661 4127; x_wconf 75' lang='grc' dir='ltr'>ἐπιλέγομεν</span> <span class='ocrx_word' id='word_1_516' title='bbox 1685 4059 1801 4126; x_wconf 75' lang='grc'>(71)</span> 
     </span>
    </p>
   </div>
   <div class='ocr_carea' id='block_1_71' title="bbox 224 4145 1797 4218">
    <p class='ocr_par' dir='ltr' id='par_1_71' title="bbox 224 4145 1797 4218">
     <span class='ocr_line' id='line_1_71' title="bbox 224 4145 1797 4218; baseline 0.001 -21"><span class='ocrx_word' id='word_1_517' title='bbox 224 4145 304 4216; x_wconf 79' lang='grc' dir='ltr'><strong>τῷ</strong></span> <span class='ocrx_word' id='word_1_518' title='bbox 333 4147 470 4216; x_wconf 81' lang='grc' dir='ltr'>Θεῷ.</span> <span class='ocrx_word' id='word_1_519' title='bbox 515 4149 571 4199; x_wconf 83' lang='grc' dir='ltr'><strong>Ὀ</strong></span> <span class='ocrx_word' id='word_1_520' title='bbox 604 4151 710 4218; x_wconf 84' lang='grc' dir='ltr'><strong>γάρ</strong></span> <span class='ocrx_word' id='word_1_521' title='bbox 742 4166 820 4199; x_wconf 88' lang='grc' dir='ltr'><strong>τοι</strong></span> <span class='ocrx_word' id='word_1_522' title='bbox 866 4149 1066 4217; x_wconf 78' lang='grc' dir='ltr'>Κύριος</span> <span class='ocrx_word' id='word_1_523' title='bbox 1111 4148 1266 4217; x_wconf 74' lang='grc' dir='ltr'>ἡμῶν</span> <span class='ocrx_word' id='word_1_524' title='bbox 1305 4147 1509 4216; x_wconf 75' lang='grc' dir='ltr'>Ἰησους</span> <span class='ocrx_word' id='word_1_525' title='bbox 1544 4148 1797 4218; x_wconf 79' lang='grc' dir='ltr'>Χριστὸς,</span> 
     </span>
    </p>
   </div>
   <div class='ocr_carea' id='block_1_72' title="bbox 225 4240 1798 4311">
    <p class='ocr_par' dir='ltr' id='par_1_72' title="bbox 225 4240 1798 4311">
     <span class='ocr_line' id='line_1_72' title="bbox 225 4240 1798 4311; baseline 0 -21"><span class='ocrx_word' id='word_1_526' title='bbox 225 4242 362 4310; x_wconf 83' lang='grc' dir='ltr'>πρὸς</span> <span class='ocrx_word' id='word_1_527' title='bbox 395 4241 492 4310; x_wconf 79' lang='grc' dir='ltr'><strong>τὴν</strong></span> <span class='ocrx_word' id='word_1_528' title='bbox 528 4241 742 4294; x_wconf 84' lang='grc' dir='ltr'>πάντων</span> <span class='ocrx_word' id='word_1_529' title='bbox 791 4242 963 4311; x_wconf 76' lang='grc' dir='ltr'>ἀρχὴν</span> <span class='ocrx_word' id='word_1_530' title='bbox 1007 4241 1100 4293; x_wconf 72' lang='grc' dir='ltr'><strong>καὶ</strong></span> <span class='ocrx_word' id='word_1_531' title='bbox 1136 4243 1232 4310; x_wconf 74' lang='grc' dir='ltr'><strong>τὴν</strong></span> <span class='ocrx_word' id='word_1_532' title='bbox 1265 4240 1434 4310; x_wconf 83' lang='grc' dir='ltr'>ἀληθῆ</span> <span class='ocrx_word' id='word_1_533' title='bbox 1482 4240 1591 4292; x_wconf 86' lang='grc' dir='ltr'><strong>τῶν</strong></span> <span class='ocrx_word' id='word_1_534' title='bbox 1632 4240 1798 4292; x_wconf 78' lang='grc' dir='ltr'>ὄντων</span> 
     </span>
    </p>
   </div>
   <div class='ocr_carea' id='block_1_73' title="bbox 223 4330 1794 4401">
    <p class='ocr_par' dir='ltr' id='par_1_73' title="bbox 223 4330 1794 4401">
     <span class='ocr_line' id='line_1_73' title="bbox 223 4330 1794 4401; baseline 0.001 -20"><span class='ocrx_word' id='word_1_535' title='bbox 223 4332 404 4382; x_wconf 79' lang='grc' dir='ltr'>αἰτίαν</span> <span class='ocrx_word' id='word_1_536' title='bbox 453 4332 739 4399; x_wconf 78' lang='grc' dir='ltr'>ἐπανάγων</span> <span class='ocrx_word' id='word_1_537' title='bbox 784 4334 951 4401; x_wconf 81' lang='grc' dir='ltr'>ἡμᾶς,</span> <span class='ocrx_word' id='word_1_538' title='bbox 995 4332 1190 4401; x_wconf 78' lang='grc' dir='ltr'>Ὑμεῖς</span> <span class='ocrx_word' id='word_1_539' title='bbox 1233 4331 1300 4384; x_wconf 80' lang='grc' dir='ltr'><strong>δὲ</strong></span> <span class='ocrx_word' id='word_1_540' title='bbox 1341 4331 1426 4400; x_wconf 77' lang='grc' dir='ltr'>μὴ</span> <span class='ocrx_word' id='word_1_541' title='bbox 1477 4330 1794 4397; x_wconf 76' lang='grc' dir='ltr'>καλέσητε,</span> 
     </span>
    </p>
   </div>
   <div class='ocr_carea' id='block_1_74' title="bbox 225 4415 1797 4489">
    <p class='ocr_par' dir='ltr' id='par_1_74' title="bbox 225 4415 1797 4489">
     <span class='ocr_line' id='line_1_74' title="bbox 225 4415 1797 4489; baseline 0 -19"><span class='ocrx_word' id='word_1_542' title='bbox 225 4421 379 4489; x_wconf 69' lang='grc' dir='ltr'>φησὶ,</span> <span class='ocrx_word' id='word_1_543' title='bbox 423 4420 647 4488; x_wconf 78' lang='grc' dir='ltr'>πατέρα</span> <span class='ocrx_word' id='word_1_544' title='bbox 702 4420 867 4488; x_wconf 82' lang='grc' dir='ltr'>ὑμῶν</span> <span class='ocrx_word' id='word_1_545' title='bbox 919 4422 1014 4473; x_wconf 71' lang='grc' dir='ltr'><strong>ἐπὶ</strong></span> <span class='ocrx_word' id='word_1_546' title='bbox 1070 4420 1178 4488; x_wconf 78' lang='grc' dir='ltr'>τῆς</span> <span class='ocrx_word' id='word_1_547' title='bbox 1230 4420 1370 4488; x_wconf 76' lang='grc' dir='ltr'>γῆς·</span> <span class='ocrx_word' id='word_1_548' title='bbox 1401 4415 1487 4485; x_wconf 82' lang='grc' dir='ltr'>εἷς</span> <span class='ocrx_word' id='word_1_549' title='bbox 1525 4419 1635 4488; x_wconf 82' lang='grc' dir='ltr'><strong>γάρ</strong></span> <span class='ocrx_word' id='word_1_550' title='bbox 1667 4419 1797 4471; x_wconf 84' lang='grc' dir='ltr'>ἐστι</span> 
     </span>
    </p>
   </div>
   <div class='ocr_carea' id='block_1_75' title="bbox 1903 3229 3467 3302">
    <p class='ocr_par' dir='ltr' id='par_1_75' title="bbox 1903 3229 3467 3302">
     <span class='ocr_line' id='line_1_75' title="bbox 1903 3229 3467 3302; baseline 0.002 -18"><span class='ocrx_word' id='word_1_551' title='bbox 1903 3232 2088 3285; x_wconf 85' lang='lat' dir='ltr'><strong>biliurn</strong></span> <span class='ocrx_word' id='word_1_552' title='bbox 2143 3229 2482 3285; x_wconf 81' lang='lat' dir='ltr'><strong>alTectionem</strong></span> <span class='ocrx_word' id='word_1_553' title='bbox 2543 3231 2950 3298; x_wconf 80' lang='lat' dir='ltr'><strong>attendentem,</strong></span> <span class='ocrx_word' id='word_1_554' title='bbox 2995 3243 3157 3302; x_wconf 87' lang='lat' dir='ltr'><strong>atque</strong></span> <span class='ocrx_word' id='word_1_555' title='bbox 3211 3234 3467 3287; x_wconf 83' lang='lat' dir='ltr'><strong>substan-</strong></span> 
     </span>
    </p>
   </div>
   <div class='ocr_carea' id='block_1_76' title="bbox 1903 3324 3468 3380">
    <p class='ocr_par' dir='ltr' id='par_1_76' title="bbox 1903 3324 3468 3380">
     <span class='ocr_line' id='line_1_76' title="bbox 1903 3324 3468 3380; baseline 0.001 -3"><span class='ocrx_word' id='word_1_556' title='bbox 1903 3325 2029 3378; x_wconf 88' lang='lat' dir='ltr'><strong>tiam</strong></span> <span class='ocrx_word' id='word_1_557' title='bbox 2078 3324 2465 3379; x_wconf 88' lang='lat' dir='ltr'><strong>immutabilem</strong></span> <span class='ocrx_word' id='word_1_558' title='bbox 2518 3340 2583 3378; x_wconf 85' lang='lat' dir='ltr'><strong>ac</strong></span> <span class='ocrx_word' id='word_1_559' title='bbox 2623 3325 3019 3378; x_wconf 85' lang='lat' dir='ltr'><strong>inalterabilem.</strong></span> <span class='ocrx_word' id='word_1_560' title='bbox 3065 3337 3271 3380; x_wconf 72' lang='lat' dir='ltr'><strong>natura:</strong></span> <span class='ocrx_word' id='word_1_561' title='bbox 3310 3325 3468 3380; x_wconf 76' lang='lat' dir='ltr'><strong>lluxze</strong></span> 
     </span>
    </p>
   </div>
   <div class='ocr_carea' id='block_1_77' title="bbox 1901 3413 3464 3484">
    <p class='ocr_par' dir='ltr' id='par_1_77' title="bbox 1901 3413 3464 3484">
     <span class='ocr_line' id='line_1_77' title="bbox 1901 3413 3464 3484; baseline 0.001 -19"><span class='ocrx_word' id='word_1_562' title='bbox 1901 3426 1954 3465; x_wconf 88' lang='lat' dir='ltr'><strong>et</strong></span> <span class='ocrx_word' id='word_1_563' title='bbox 1994 3413 2295 3466; x_wconf 81' lang='lat' dir='ltr'><strong>innumeris</strong></span> <span class='ocrx_word' id='word_1_564' title='bbox 2332 3414 2719 3468; x_wconf 87' lang='lat' dir='ltr'><strong>mutationibus</strong></span> <span class='ocrx_word' id='word_1_565' title='bbox 2751 3415 2997 3468; x_wconf 65' lang='lat' dir='ltr'><strong>obnoxia:</strong></span> <span class='ocrx_word' id='word_1_566' title='bbox 3036 3427 3464 3484; x_wconf 85' lang='lat' dir='ltr'><strong>comparantem,</strong></span> 
     </span>
    </p>
   </div>
   <div class='ocr_carea' id='block_1_78' title="bbox 1901 3501 3468 3562">
    <p class='ocr_par' dir='ltr' id='par_1_78' title="bbox 1901 3501 3468 3562">
     <span class='ocr_line' id='line_1_78' title="bbox 1901 3501 3468 3562; baseline 0.006 -9"><span class='ocrx_word' id='word_1_567' title='bbox 1901 3501 2066 3555; x_wconf 88' lang='lat' dir='ltr'><strong>Deum</strong></span> <span class='ocrx_word' id='word_1_568' title='bbox 2125 3519 2226 3557; x_wconf 88' lang='lat' dir='ltr'><strong>non</strong></span> <span class='ocrx_word' id='word_1_569' title='bbox 2283 3504 2503 3559; x_wconf 84' lang='lat' dir='ltr'><strong>credere</strong></span> <span class='ocrx_word' id='word_1_570' title='bbox 2569 3505 2938 3559; x_wconf 72' lang='lat' dir='ltr'><strong>aliectionibns</strong></span> <span class='ocrx_word' id='word_1_571' title='bbox 2993 3508 3302 3562; x_wconf 85' lang='lat' dir='ltr'><strong>immunem.</strong></span> <span class='ocrx_word' id='word_1_572' title='bbox 3360 3507 3468 3562; x_wconf 82' lang='lat' dir='ltr'><strong>Nec</strong></span> 
     </span>
    </p>
   </div>
   <div class='ocr_carea' id='block_1_79' title="bbox 1901 3594 3458 3667">
    <p class='ocr_par' dir='ltr' id='par_1_79' title="bbox 1901 3594 3458 3667">
     <span class='ocr_line' id='line_1_79' title="bbox 1901 3594 3458 3667; baseline 0.003 -23"><span class='ocrx_word' id='word_1_573' title='bbox 1901 3594 2152 3659; x_wconf 88' lang='lat' dir='ltr'><strong>quoniam</strong></span> <span class='ocrx_word' id='word_1_574' title='bbox 2194 3594 2441 3648; x_wconf 84' lang='lat' dir='ltr'><strong>mortalia</strong></span> <span class='ocrx_word' id='word_1_575' title='bbox 2472 3595 2722 3648; x_wconf 86' lang='lat' dir='ltr'><strong>animalia</strong></span> <span class='ocrx_word' id='word_1_576' title='bbox 2760 3611 2855 3665; x_wconf 92' lang='lat' dir='ltr'><strong>per</strong></span> <span class='ocrx_word' id='word_1_577' title='bbox 2890 3597 3136 3650; x_wconf 82' lang='lat' dir='ltr'><strong>allectum</strong></span> <span class='ocrx_word' id='word_1_578' title='bbox 3171 3609 3458 3667; x_wconf 81' lang='lat' dir='ltr'><strong>generant,</strong></span> 
     </span>
    </p>
   </div>
   <div class='ocr_carea' id='block_1_80' title="bbox 1902 3683 3467 3754">
    <p class='ocr_par' dir='ltr' id='par_1_80' title="bbox 1902 3683 3467 3754">
     <span class='ocr_line' id='line_1_80' title="bbox 1902 3683 3467 3754; baseline 0.004 -18"><span class='ocrx_word' id='word_1_579' title='bbox 1902 3685 1974 3737; x_wconf 91' lang='lat' dir='ltr'><strong>ita</strong></span> <span class='ocrx_word' id='word_1_580' title='bbox 2013 3699 2227 3753; x_wconf 88' lang='lat' dir='ltr'><strong>quoque</strong></span> <span class='ocrx_word' id='word_1_581' title='bbox 2279 3684 2344 3737; x_wconf 91' lang='lat' dir='ltr'><strong>de</strong></span> <span class='ocrx_word' id='word_1_582' title='bbox 2395 3683 2504 3738; x_wconf 89' lang='lat' dir='ltr'><strong>Deo</strong></span> <span class='ocrx_word' id='word_1_583' title='bbox 2555 3686 2755 3739; x_wconf 87' lang='lat' dir='ltr'><strong>sentire</strong></span> <span class='ocrx_word' id='word_1_584' title='bbox 2811 3688 3089 3754; x_wconf 82' lang='lat' dir='ltr'><strong>Oportebat</strong></span> <span class='ocrx_word' id='word_1_585' title='bbox 3133 3704 3147 3738; x_wconf 90' lang='lat'><strong>:</strong></span> <span class='ocrx_word' id='word_1_586' title='bbox 3195 3689 3288 3740; x_wconf 78' lang='lat' dir='ltr'><strong>sel</strong></span> <span class='ocrx_word' id='word_1_587' title='bbox 3341 3687 3467 3742; x_wconf 92' lang='lat' dir='ltr'><strong>hinc</strong></span> 
     </span>
    </p>
   </div>
   <div class='ocr_carea' id='block_1_81' title="bbox 1902 3776 3466 3846">
    <p class='ocr_par' dir='ltr' id='par_1_81' title="bbox 1902 3776 3466 3846">
     <span class='ocr_line' id='line_1_81' title="bbox 1902 3776 3466 3846; baseline 0.001 -16"><span class='ocrx_word' id='word_1_588' title='bbox 1902 3779 2078 3842; x_wconf 67' lang='lat' dir='ltr'><strong>magis</strong></span> <span class='ocrx_word' id='word_1_589' title='bbox 2126 3778 2316 3831; x_wconf 90' lang='lat' dir='ltr'><strong>deduci</strong></span> <span class='ocrx_word' id='word_1_590' title='bbox 2353 3776 2420 3830; x_wconf 89' lang='lat' dir='ltr'><strong>ad</strong></span> <span class='ocrx_word' id='word_1_591' title='bbox 2473 3778 2776 3838; x_wconf 85' lang='lat' dir='ltr'><strong>veritatem,</strong></span> <span class='ocrx_word' id='word_1_592' title='bbox 2820 3780 2959 3846; x_wconf 90' lang='lat' dir='ltr'><strong>quod</strong></span> <span class='ocrx_word' id='word_1_593' title='bbox 2992 3781 3242 3846; x_wconf 85' lang='lat' dir='ltr'><strong>quoniam</strong></span> <span class='ocrx_word' id='word_1_594' title='bbox 3279 3795 3466 3834; x_wconf 70' lang='lat' dir='ltr'><strong>corru.</strong></span> 
     </span>
    </p>
   </div>
   <div class='ocr_carea' id='block_1_82' title="bbox 1902 3868 3466 3939">
    <p class='ocr_par' dir='ltr' id='par_1_82' title="bbox 1902 3868 3466 3939">
     <span class='ocr_line' id='line_1_82' title="bbox 1902 3868 3466 3939; baseline 0.003 -19"><span class='ocrx_word' id='word_1_595' title='bbox 1902 3868 2105 3939; x_wconf 83' lang='lat' dir='ltr'><strong>ptibilia</strong></span> <span class='ocrx_word' id='word_1_596' title='bbox 2142 3869 2243 3923; x_wconf 87' lang='lat' dir='ltr'><strong>hoc</strong></span> <span class='ocrx_word' id='word_1_597' title='bbox 2274 3869 2455 3933; x_wconf 90' lang='lat' dir='ltr'><strong>modo,</strong></span> <span class='ocrx_word' id='word_1_598' title='bbox 2488 3868 2533 3922; x_wconf 91' lang='lat' dir='ltr'><strong>is</strong></span> <span class='ocrx_word' id='word_1_599' title='bbox 2570 3869 2663 3938; x_wconf 91' lang='lat' dir='ltr'><strong>qui</strong></span> <span class='ocrx_word' id='word_1_600' title='bbox 2704 3870 3127 3938; x_wconf 74' lang='lat' dir='ltr'><strong>incorruptilrilis</strong></span> <span class='ocrx_word' id='word_1_601' title='bbox 3157 3880 3262 3932; x_wconf 90' lang='lat' dir='ltr'><strong>cst,</strong></span> <span class='ocrx_word' id='word_1_602' title='bbox 3309 3873 3466 3926; x_wconf 88' lang='lat' dir='ltr'><strong>tnodo</strong></span> 
     </span>
    </p>
   </div>
   <div class='ocr_carea' id='block_1_83' title="bbox 1901 3963 3463 4033">
    <p class='ocr_par' dir='ltr' id='par_1_83' title="bbox 1901 3963 3463 4033">
     <span class='ocr_line' id='line_1_83' title="bbox 1901 3963 3463 4033; baseline 0 -15"><span class='ocrx_word' id='word_1_603' title='bbox 1901 3964 2175 4019; x_wconf 85' lang='lat' dir='ltr'><strong>contrario</strong></span> <span class='ocrx_word' id='word_1_604' title='bbox 2225 3973 2467 4032; x_wconf 71' lang='lat' dir='ltr'><strong>generat.</strong></span> <span class='ocrx_word' id='word_1_605' title='bbox 2518 3963 2700 4033; x_wconf 80' lang='lat' dir='ltr'><strong>Neque</strong></span> <span class='ocrx_word' id='word_1_606' title='bbox 2748 3978 2875 4017; x_wconf 86' lang='lat' dir='ltr'><strong>vero</strong></span> <span class='ocrx_word' id='word_1_607' title='bbox 2911 3964 3038 4017; x_wconf 89' lang='lat' dir='ltr'><strong>illud</strong></span> <span class='ocrx_word' id='word_1_608' title='bbox 3086 3963 3316 4028; x_wconf 85' lang='lat' dir='ltr'><strong>dixerit,</strong></span> <span class='ocrx_word' id='word_1_609' title='bbox 3366 3980 3463 4018; x_wconf 93' lang='lat' dir='ltr'><strong>no-</strong></span> 
     </span>
    </p>
   </div>
   <div class='ocr_carea' id='block_1_84' title="bbox 1903 4055 3467 4126">
    <p class='ocr_par' dir='ltr' id='par_1_84' title="bbox 1903 4055 3467 4126">
     <span class='ocr_line' id='line_1_84' title="bbox 1903 4055 3467 4126; baseline 0.001 -18"><span class='ocrx_word' id='word_1_610' title='bbox 1903 4056 2044 4108; x_wconf 86' lang='lat' dir='ltr'><strong>mina</strong></span> <span class='ocrx_word' id='word_1_611' title='bbox 2071 4056 2185 4109; x_wconf 75' lang='lat' dir='ltr'><strong>lizec</strong></span> <span class='ocrx_word' id='word_1_612' title='bbox 2207 4070 2326 4124; x_wconf 67' lang='lat' dir='ltr'><strong>quae</strong></span> <span class='ocrx_word' id='word_1_613' title='bbox 2358 4055 2521 4125; x_wconf 75' lang='lat'><strong>259</strong></span> <span class='ocrx_word' id='word_1_614' title='bbox 2551 4057 2768 4126; x_wconf 87' lang='lat' dir='ltr'><strong>proprie</strong></span> <span class='ocrx_word' id='word_1_615' title='bbox 2802 4071 2864 4111; x_wconf 87' lang='lat' dir='ltr'><strong>ac</strong></span> <span class='ocrx_word' id='word_1_616' title='bbox 2910 4057 3168 4126; x_wconf 86' lang='lat' dir='ltr'><strong>primario</strong></span> <span class='ocrx_word' id='word_1_617' title='bbox 3199 4058 3265 4110; x_wconf 91' lang='lat' dir='ltr'><strong>de</strong></span> <span class='ocrx_word' id='word_1_618' title='bbox 3295 4059 3467 4111; x_wconf 82' lang='lat' dir='ltr'><strong>lromi-</strong></span> 
     </span>
    </p>
   </div>
   <div class='ocr_carea' id='block_1_85' title="bbox 1903 4147 3469 4217">
    <p class='ocr_par' dir='ltr' id='par_1_85' title="bbox 1903 4147 3469 4217">
     <span class='ocr_line' id='line_1_85' title="bbox 1903 4147 3469 4217; baseline -0.001 -17"><span class='ocrx_word' id='word_1_619' title='bbox 1903 4148 2056 4201; x_wconf 84' lang='lat' dir='ltr'><strong>nibus</strong></span> <span class='ocrx_word' id='word_1_620' title='bbox 2108 4158 2362 4216; x_wconf 79' lang='lat' dir='ltr'><strong>usurpata</strong></span> <span class='ocrx_word' id='word_1_621' title='bbox 2409 4158 2563 4213; x_wconf 91' lang='lat' dir='ltr'><strong>sunt,</strong></span> <span class='ocrx_word' id='word_1_622' title='bbox 2604 4149 2667 4202; x_wconf 88' lang='lat' dir='ltr'><strong>de</strong></span> <span class='ocrx_word' id='word_1_623' title='bbox 2720 4149 2826 4201; x_wconf 84' lang='lat' dir='ltr'><strong>Deo</strong></span> <span class='ocrx_word' id='word_1_624' title='bbox 2855 4165 2880 4200; x_wconf 90' lang='lat' dir='ltr'><strong>a</strong></span> <span class='ocrx_word' id='word_1_625' title='bbox 2921 4147 3076 4201; x_wconf 85' lang='lat' dir='ltr'><strong>nobis</strong></span> <span class='ocrx_word' id='word_1_626' title='bbox 3107 4148 3210 4201; x_wconf 83' lang='lat' dir='ltr'><strong>dici</strong></span> <span class='ocrx_word' id='word_1_627' title='bbox 3244 4161 3339 4217; x_wconf 90' lang='lat' dir='ltr'><strong>per</strong></span> <span class='ocrx_word' id='word_1_628' title='bbox 3382 4150 3469 4201; x_wconf 86' lang='lat' dir='ltr'><strong>ab—</strong></span> 
     </span>
    </p>
   </div>
   <div class='ocr_carea' id='block_1_86' title="bbox 1901 4239 3466 4305">
    <p class='ocr_par' dir='ltr' id='par_1_86' title="bbox 1901 4239 3466 4305">
     <span class='ocr_line' id='line_1_86' title="bbox 1901 4239 3466 4305; baseline -0.001 -11"><span class='ocrx_word' id='word_1_629' title='bbox 1901 4257 2081 4294; x_wconf 85' lang='lat' dir='ltr'><strong>usum.</strong></span> <span class='ocrx_word' id='word_1_630' title='bbox 2133 4239 2338 4294; x_wconf 87' lang='lat' dir='ltr'><strong>Etenim</strong></span> <span class='ocrx_word' id='word_1_631' title='bbox 2381 4239 2636 4294; x_wconf 90' lang='lat' dir='ltr'><strong>Dominus</strong></span> <span class='ocrx_word' id='word_1_632' title='bbox 2676 4250 2856 4294; x_wconf 86' lang='lat' dir='ltr'><strong>noster</strong></span> <span class='ocrx_word' id='word_1_633' title='bbox 2885 4239 3042 4293; x_wconf 84' lang='lat' dir='ltr'><strong>Jesus</strong></span> <span class='ocrx_word' id='word_1_634' title='bbox 3087 4239 3354 4305; x_wconf 82' lang='lat' dir='ltr'><strong>Christus,</strong></span> <span class='ocrx_word' id='word_1_635' title='bbox 3400 4242 3466 4292; x_wconf 90' lang='lat' dir='ltr'><strong>ad</strong></span> 
     </span>
    </p>
   </div>
   <div class='ocr_carea' id='block_1_87' title="bbox 1900 4331 3467 4399">
    <p class='ocr_par' dir='ltr' id='par_1_87' title="bbox 1900 4331 3467 4399">
     <span class='ocr_line' id='line_1_87' title="bbox 1900 4331 3467 4399; baseline -0.001 -15"><span class='ocrx_word' id='word_1_636' title='bbox 1900 4332 2138 4384; x_wconf 87' lang='lat' dir='ltr'><strong>Omnium</strong></span> <span class='ocrx_word' id='word_1_637' title='bbox 2185 4331 2504 4399; x_wconf 87' lang='lat' dir='ltr'><strong>principium</strong></span> <span class='ocrx_word' id='word_1_638' title='bbox 2548 4340 2601 4383; x_wconf 91' lang='lat' dir='ltr'><strong>et</strong></span> <span class='ocrx_word' id='word_1_639' title='bbox 2646 4346 2828 4382; x_wconf 81' lang='lat' dir='ltr'><strong>veram</strong></span> <span class='ocrx_word' id='word_1_640' title='bbox 2879 4346 3058 4382; x_wconf 86' lang='lat' dir='ltr'><strong>rerum</strong></span> <span class='ocrx_word' id='word_1_641' title='bbox 3104 4345 3324 4383; x_wconf 85' lang='lat' dir='ltr'><strong>causam</strong></span> <span class='ocrx_word' id='word_1_642' title='bbox 3372 4345 3467 4383; x_wconf 90' lang='lat' dir='ltr'><strong>nos</strong></span> 
     </span>
    </p>
   </div>
   <div class='ocr_carea' id='block_1_88' title="bbox 1903 4421 3468 4489">
    <p class='ocr_par' dir='ltr' id='par_1_88' title="bbox 1903 4421 3468 4489">
     <span class='ocr_line' id='line_1_88' title="bbox 1903 4421 3468 4489; baseline -0.001 -14"><span class='ocrx_word' id='word_1_643' title='bbox 1903 4425 2162 4476; x_wconf 85' lang='lat' dir='ltr'><strong>reducens</strong></span> <span class='ocrx_word' id='word_1_644' title='bbox 2193 4440 2204 4474; x_wconf 94' lang='lat'><strong>:</strong></span> <span class='ocrx_word' id='word_1_645' title='bbox 2252 4421 2352 4474; x_wconf 84' lang='lat' dir='ltr'><strong>Vos</strong></span> <span class='ocrx_word' id='word_1_646' title='bbox 2393 4433 2565 4476; x_wconf 83' lang='lat' dir='ltr'><strong>autem</strong></span> <span class='ocrx_word' id='word_1_647' title='bbox 2602 4423 2761 4474; x_wconf 84' lang='lat' dir='ltr'><strong>nolite</strong></span> <span class='ocrx_word' id='word_1_648' title='bbox 2805 4437 3009 4484; x_wconf 81' lang='lat' dir='ltr'><strong>vocare,</strong></span> <span class='ocrx_word' id='word_1_649' title='bbox 3045 4421 3234 4489; x_wconf 80' lang='lat' dir='ltr'><strong>inquit,</strong></span> <span class='ocrx_word' id='word_1_650' title='bbox 3268 4432 3468 4489; x_wconf 84' lang='lat' dir='ltr'><strong>patrem</strong></span> 
     </span>
    </p>
   </div>
   <div class='ocr_carea' id='block_1_89' title="bbox 221 4507 1883 4582">
    <p class='ocr_par' dir='ltr' id='par_1_89' title="bbox 221 4507 1872 4582">
     <span class='ocr_line' id='line_1_89' title="bbox 221 4507 1872 4582; baseline -0.001 -19"><span class='ocrx_word' id='word_1_651' title='bbox 221 4510 428 4578; x_wconf 71' lang='grc' dir='ltr'>Πατὴρ</span> <span class='ocrx_word' id='word_1_652' title='bbox 457 4510 566 4578; x_wconf 68' lang='grc'>(72)</span> <span class='ocrx_word' id='word_1_653' title='bbox 602 4511 766 4579; x_wconf 79' lang='grc' dir='ltr'>ὑμῶν</span> <span class='ocrx_word' id='word_1_654' title='bbox 798 4516 830 4565; x_wconf 89' lang='lat' dir='ltr'><strong>o&#39;</strong></span> <span class='ocrx_word' id='word_1_655' title='bbox 863 4511 1163 4578; x_wconf 80' lang='grc' dir='ltr'>οὐράνιος.</span> <span class='ocrx_word' id='word_1_656' title='bbox 1210 4511 1333 4574; x_wconf 86' lang='grc' dir='ltr'>Πῶς</span> <span class='ocrx_word' id='word_1_657' title='bbox 1373 4507 1462 4564; x_wconf 81' lang='grc' dir='ltr'>οὖν</span> <span class='ocrx_word' id='word_1_658' title='bbox 1494 4511 1569 4572; x_wconf 82' lang='grc' dir='ltr'>ὡς</span> <span class='ocrx_word' id='word_1_659' title='bbox 1613 4527 1797 4582; x_wconf 69' lang='grc' dir='ltr'>σαρκιυ</span> <span class='ocrx_word' id='word_1_660' title='bbox 1831 4525 1872 4577; x_wconf 78' lang='grc' dir='ltr'>ι)</span> 
     </span>
    </p>
   </div>
   <div class='ocr_carea' id='block_1_90' title="bbox 1802 4507 3464 4582">
    <p class='ocr_par' dir='ltr' id='par_1_90' title="bbox 1831 4513 3464 4577">
     <span class='ocr_line' id='line_1_90' title="bbox 1831 4513 3464 4577; baseline 0.001 -11"><span class='ocrx_word' id='word_1_661' title='bbox 1831 4525 1872 4577; x_wconf 80' lang='grc' dir='ltr'>ι)</span> <span class='ocrx_word' id='word_1_662' title='bbox 1903 4526 2126 4568; x_wconf 77' lang='lat' dir='ltr'><strong>vestrum</strong></span> <span class='ocrx_word' id='word_1_663' title='bbox 2168 4517 2220 4566; x_wconf 84' lang='lat' dir='ltr'><strong>in</strong></span> <span class='ocrx_word' id='word_1_664' title='bbox 2257 4525 2433 4577; x_wconf 84' lang='lat' dir='ltr'><strong>terra;</strong></span> <span class='ocrx_word' id='word_1_665' title='bbox 2474 4529 2608 4567; x_wconf 77' lang='lat' dir='ltr'><strong>unus</strong></span> <span class='ocrx_word' id='word_1_666' title='bbox 2649 4515 2787 4566; x_wconf 82' lang='lat' dir='ltr'><strong>enim</strong></span> <span class='ocrx_word' id='word_1_667' title='bbox 2836 4525 2908 4566; x_wconf 77' lang='lat' dir='ltr'><strong>est</strong></span> <span class='ocrx_word' id='word_1_668' title='bbox 2949 4513 3107 4567; x_wconf 83' lang='lat' dir='ltr'><strong>Pater</strong></span> <span class='ocrx_word' id='word_1_669' title='bbox 3155 4526 3317 4567; x_wconf 79' lang='lat' dir='ltr'><strong>vester</strong></span> <span class='ocrx_word' id='word_1_670' title='bbox 3361 4531 3464 4568; x_wconf 76' lang='grc' dir='ltr'>εω-</span> 
     </span>
    </p>
   </div>
   <div class='ocr_carea' id='block_1_91' title="bbox 223 4602 1798 4673">
    <p class='ocr_par' dir='ltr' id='par_1_91' title="bbox 223 4602 1798 4673">
     <span class='ocr_line' id='line_1_91' title="bbox 223 4602 1798 4673; baseline 0 -19"><span class='ocrx_word' id='word_1_671' title='bbox 223 4602 334 4654; x_wconf 84' lang='grc' dir='ltr'><strong>κῶν</strong></span> <span class='ocrx_word' id='word_1_672' title='bbox 364 4602 551 4654; x_wconf 74' lang='grc' dir='ltr'>παθῶν</span> <span class='ocrx_word' id='word_1_673' title='bbox 583 4603 1005 4673; x_wconf 86' lang='grc' dir='ltr'>προηγουμένως</span> <span class='ocrx_word' id='word_1_674' title='bbox 1048 4603 1378 4665; x_wconf 63' lang='grc' dir='ltr'>ἐπιδεικτικὰς</span> <span class='ocrx_word' id='word_1_675' title='bbox 1412 4603 1612 4664; x_wconf 78' lang='grc' dir='ltr'>ταύτας</span> <span class='ocrx_word' id='word_1_676' title='bbox 1650 4604 1798 4672; x_wconf 75' lang='grc' dir='ltr'>ἡμᾶς</span> 
     </span>
    </p>
   </div>
   <div class='ocr_carea' id='block_1_92' title="bbox 223 4695 1794 4766">
    <p class='ocr_par' dir='ltr' id='par_1_92' title="bbox 223 4695 1794 4766">
     <span class='ocr_line' id='line_1_92' title="bbox 223 4695 1794 4766; baseline 0.013 -23"><span class='ocrx_word' id='word_1_677' title='bbox 223 4695 367 4760; x_wconf 76' lang='grc' dir='ltr'>ἀξιοῖ</span> <span class='ocrx_word' id='word_1_678' title='bbox 395 4695 492 4757; x_wconf 72' lang='grc' dir='ltr'><strong>τὰς</strong></span> <span class='ocrx_word' id='word_1_679' title='bbox 535 4697 715 4764; x_wconf 74' lang='grc' dir='ltr'>φωνάς</span> <span class='ocrx_word' id='word_1_680' title='bbox 754 4696 1208 4765; x_wconf 83' lang='grc' dir='ltr'>ἀποπέμπεσθαι,</span> <span class='ocrx_word' id='word_1_681' title='bbox 1258 4696 1322 4759; x_wconf 82' lang='grc' dir='ltr'><strong>ἂς</strong></span> <span class='ocrx_word' id='word_1_682' title='bbox 1353 4698 1379 4747; x_wconf 93' lang='lat'><strong>6</strong></span> <span class='ocrx_word' id='word_1_683' title='bbox 1410 4697 1611 4766; x_wconf 78' lang='grc' dir='ltr'>Κύριος</span> <span class='ocrx_word' id='word_1_684' title='bbox 1664 4697 1794 4763; x_wconf 70' lang='grc' dir='ltr'>(75)ν</span> 
     </span>
    </p>
   </div>
   <div class='ocr_carea' id='block_1_93' title="bbox 221 4785 1796 4857">
    <p class='ocr_par' dir='ltr' id='par_1_93' title="bbox 221 4785 1796 4857">
     <span class='ocr_line' id='line_1_93' title="bbox 221 4785 1796 4857; baseline -0.001 -20"><span class='ocrx_word' id='word_1_685' title='bbox 221 4788 298 4848; x_wconf 79' lang='grc' dir='ltr'>ὡς</span> <span class='ocrx_word' id='word_1_686' title='bbox 344 4789 405 4856; x_wconf 81' lang='grc' dir='ltr'>τῇ</span> <span class='ocrx_word' id='word_1_687' title='bbox 445 4786 677 4857; x_wconf 76' lang='grc' dir='ltr'>ἀπαθείᾳ</span> <span class='ocrx_word' id='word_1_688' title='bbox 712 4786 802 4839; x_wconf 78' lang='grc' dir='ltr'>τοῦ</span> <span class='ocrx_word' id='word_1_689' title='bbox 849 4786 982 4838; x_wconf 81' lang='grc' dir='ltr'>Θεοῦ</span> <span class='ocrx_word' id='word_1_690' title='bbox 1035 4785 1366 4856; x_wconf 70' lang='grc' dir='ltr'>πρεπούσας,</span> <span class='ocrx_word' id='word_1_691' title='bbox 1412 4787 1518 4839; x_wconf 85' lang='grc' dir='ltr'><strong>ἀπὸ</strong></span> <span class='ocrx_word' id='word_1_692' title='bbox 1555 4785 1662 4837; x_wconf 90' lang='grc' dir='ltr'><strong>τῶν</strong></span> <span class='ocrx_word' id='word_1_693' title='bbox 1703 4786 1796 4838; x_wconf 84' lang='grc' dir='ltr'>ἀν-</span> 
     </span>
    </p>
   </div>
   <div class='ocr_carea' id='block_1_94' title="bbox 223 4875 1802 4948">
    <p class='ocr_par' dir='ltr' id='par_1_94' title="bbox 223 4875 1802 4948">
     <span class='ocr_line' id='line_1_94' title="bbox 223 4875 1802 4948; baseline -0.001 -21"><span class='ocrx_word' id='word_1_694' title='bbox 223 4875 461 4948; x_wconf 76' lang='grc' dir='ltr'>θρώπων</span> <span class='ocrx_word' id='word_1_695' title='bbox 505 4877 639 4947; x_wconf 85' lang='grc' dir='ltr'>πρὸς</span> <span class='ocrx_word' id='word_1_696' title='bbox 687 4877 850 4930; x_wconf 84' lang='grc' dir='ltr'>αὑτὸν</span> <span class='ocrx_word' id='word_1_697' title='bbox 904 4877 1015 4947; x_wconf 64' lang='grc'>(74)</span> <span class='ocrx_word' id='word_1_698' title='bbox 1074 4877 1455 4948; x_wconf 60' lang='lat' dir='ltr'><strong>paratione-tv;</strong></span> <span class='ocrx_word' id='word_1_699' title='bbox 1493 4879 1553 4929; x_wconf 87' lang='grc' dir='ltr'>Εἰ</span> <span class='ocrx_word' id='word_1_700' title='bbox 1608 4878 1661 4930; x_wconf 82' lang='grc' dir='ltr'>δὲ</span> <span class='ocrx_word' id='word_1_701' title='bbox 1711 4877 1802 4928; x_wconf 71' lang='grc' dir='ltr'><strong>καὶ</strong></span> 
     </span>
    </p>
   </div>
   <div class='ocr_carea' id='block_1_95' title="bbox 295 4988 834 5058">
    <p class='ocr_par' dir='ltr' id='par_1_95' title="bbox 295 4988 834 5058">
     <span class='ocr_line' id='line_1_95' title="bbox 295 4988 834 5058; baseline 0.02 -20"><span class='ocrx_word' id='word_1_702' title='bbox 295 4991 340 5020; x_wconf 69' lang='grc'><strong>⁸⁸</strong></span> <span class='ocrx_word' id='word_1_703' title='bbox 383 4988 568 5042; x_wconf 83' lang='lat' dir='ltr'><strong>Matth.</strong></span> <span class='ocrx_word' id='word_1_704' title='bbox 600 5007 754 5058; x_wconf 73' lang='lat' dir='ltr'><strong>mn,</strong></span> <span class='ocrx_word' id='word_1_705' title='bbox 783 4994 834 5049; x_wconf 86' lang='lat'><strong>9.</strong></span> 
     </span>
    </p>
   </div>
   <div class='ocr_carea' id='block_1_96' title="bbox 295 5102 1790 5176">
    <p class='ocr_par' dir='ltr' id='par_1_96' title="bbox 295 5102 1790 5176">
     <span class='ocr_line' id='line_1_96' title="bbox 295 5102 1790 5176; baseline 0.005 -20"><span class='ocrx_word' id='word_1_706' title='bbox 295 5104 406 5176; x_wconf 81' lang='grc'>(67)</span> <span class='ocrx_word' id='word_1_707' title='bbox 451 5102 609 5176; x_wconf 77' lang='lat' dir='ltr'><strong>Unus</strong></span> <span class='ocrx_word' id='word_1_708' title='bbox 642 5117 734 5157; x_wconf 88' lang='lat' dir='ltr'><strong>aut</strong></span> <span class='ocrx_word' id='word_1_709' title='bbox 768 5107 904 5160; x_wconf 88' lang='lat' dir='ltr'><strong>alter</strong></span> <span class='ocrx_word' id='word_1_710' title='bbox 941 5122 1036 5161; x_wconf 84' lang='lat' dir='ltr'><strong>ms.</strong></span> <span class='ocrx_word' id='word_1_711' title='bbox 1067 5123 1186 5159; x_wconf 89' lang='lat' dir='ltr'><strong>cum</strong></span> <span class='ocrx_word' id='word_1_712' title='bbox 1233 5109 1389 5162; x_wconf 81' lang='lat' dir='ltr'><strong>editis</strong></span> <span class='ocrx_word' id='word_1_713' title='bbox 1421 5109 1704 5176; x_wconf 84' lang='grc' dir='ltr'>λέγων...</span> <span class='ocrx_word' id='word_1_714' title='bbox 1736 5151 1747 5162; x_wconf 88' lang='grc'><strong>.</strong></span> <span class='ocrx_word' id='word_1_715' title='bbox 1778 5153 1790 5165; x_wconf 94' lang='grc'><strong>.</strong></span> 
     </span>
    </p>
   </div>
   <div class='ocr_carea' id='block_1_97' title="bbox 220 5172 1651 5246">
    <p class='ocr_par' dir='ltr' id='par_1_97' title="bbox 220 5172 1651 5246">
     <span class='ocr_line' id='line_1_97' title="bbox 220 5172 1651 5246; baseline 0.004 -19"><span class='ocrx_word' id='word_1_716' title='bbox 220 5172 489 5246; x_wconf 61' lang='grc' dir='ltr'>ἐκκλίνωᾲ</span> <span class='ocrx_word' id='word_1_717' title='bbox 509 5172 610 5246; x_wconf 80' lang='lat' dir='ltr'><strong>Alii</strong></span> <span class='ocrx_word' id='word_1_718' title='bbox 642 5176 881 5246; x_wconf 80' lang='lat' dir='ltr'><strong>quinque</strong></span> <span class='ocrx_word' id='word_1_719' title='bbox 923 5193 1049 5231; x_wconf 81' lang='lat' dir='ltr'><strong>mss.</strong></span> <span class='ocrx_word' id='word_1_720' title='bbox 1081 5177 1339 5246; x_wconf 87' lang='grc' dir='ltr'>λέγω.....</span> <span class='ocrx_word' id='word_1_721' title='bbox 1369 5172 1651 5233; x_wconf 80' lang='grc' dir='ltr'>ἐκκλίνων.</span> 
     </span>
    </p>
   </div>
   <div class='ocr_carea' id='block_1_98' title="bbox 299 5243 1793 5318">
    <p class='ocr_par' dir='ltr' id='par_1_98' title="bbox 299 5243 1793 5318">
     <span class='ocr_line' id='line_1_98' title="bbox 299 5243 1793 5318; baseline 0.003 -21"><span class='ocrx_word' id='word_1_722' title='bbox 299 5245 410 5318; x_wconf 12' lang='grc'>(678)</span> <span class='ocrx_word' id='word_1_723' title='bbox 450 5243 591 5297; x_wconf 84' lang='lat' dir='ltr'><strong>Editi</strong></span> <span class='ocrx_word' id='word_1_724' title='bbox 639 5244 1030 5302; x_wconf 74' lang='grc' dir='ltr'>ἐνδείκνυνται.</span> <span class='ocrx_word' id='word_1_725' title='bbox 1089 5243 1314 5302; x_wconf 71' lang='lat' dir='ltr'><strong>Veteres</strong></span> <span class='ocrx_word' id='word_1_726' title='bbox 1385 5251 1622 5318; x_wconf 86' lang='lat' dir='ltr'><strong>quinque</strong></span> <span class='ocrx_word' id='word_1_727' title='bbox 1672 5250 1793 5304; x_wconf 91' lang='lat' dir='ltr'><strong>libri</strong></span> 
     </span>
    </p>
   </div>
   <div class='ocr_carea' id='block_1_99' title="bbox 220 5317 577 5369">
    <p class='ocr_par' dir='ltr' id='par_1_99' title="bbox 220 5317 577 5369">
     <span class='ocr_line' id='line_1_99' title="bbox 220 5317 577 5369; baseline -0.006 -1"><span class='ocrx_word' id='word_1_728' title='bbox 220 5317 577 5369; x_wconf 75' lang='grc' dir='ltr'>ἐνδείκνυται.</span> 
     </span>
    </p>
   </div>
   <div class='ocr_carea' id='block_1_100' title="bbox 297 5385 1795 5460">
    <p class='ocr_par' dir='ltr' id='par_1_100' title="bbox 297 5385 1795 5460">
     <span class='ocr_line' id='line_1_100' title="bbox 297 5385 1795 5460; baseline 0.002 -22"><span class='ocrx_word' id='word_1_729' title='bbox 297 5387 410 5456; x_wconf 79' lang='grc'>(69)</span> <span class='ocrx_word' id='word_1_730' title='bbox 453 5386 591 5440; x_wconf 82' lang='lat' dir='ltr'><strong>Editi</strong></span> <span class='ocrx_word' id='word_1_731' title='bbox 621 5385 790 5460; x_wconf 81' lang='lat' dir='ltr'><strong>Paris.</strong></span> <span class='ocrx_word' id='word_1_732' title='bbox 814 5389 1156 5460; x_wconf 75' lang='grc' dir='ltr'>ἀκούσωμεν,</span> <span class='ocrx_word' id='word_1_733' title='bbox 1183 5391 1260 5441; x_wconf 83' lang='grc' dir='ltr'><strong>ὅτι</strong></span> <span class='ocrx_word' id='word_1_734' title='bbox 1289 5388 1592 5460; x_wconf 83' lang='grc' dir='ltr'>ἄνθρωπος.</span> <span class='ocrx_word' id='word_1_735' title='bbox 1624 5389 1795 5443; x_wconf 76' lang='grc' dir='ltr'>Ειιὶιίο</span> 
     </span>
    </p>
   </div>
   <div class='ocr_carea' id='block_1_101' title="bbox 224 5459 1792 5530">
    <p class='ocr_par' dir='ltr' id='par_1_101' title="bbox 224 5459 1792 5530">
     <span class='ocr_line' id='line_1_101' title="bbox 224 5459 1792 5530; baseline 0.003 -23"><span class='ocrx_word' id='word_1_736' title='bbox 224 5459 360 5530; x_wconf 59' lang='lat' dir='ltr'><strong>Ven.</strong></span> <span class='ocrx_word' id='word_1_737' title='bbox 386 5467 436 5510; x_wconf 86' lang='lat' dir='ltr'><strong>et</strong></span> <span class='ocrx_word' id='word_1_738' title='bbox 473 5471 566 5510; x_wconf 82' lang='lat' dir='ltr'><strong>sex</strong></span> <span class='ocrx_word' id='word_1_739' title='bbox 599 5471 727 5530; x_wconf 81' lang='lat' dir='ltr'><strong>mss.</strong></span> <span class='ocrx_word' id='word_1_740' title='bbox 754 5459 1078 5530; x_wconf 80' lang='grc' dir='ltr'>ἀκούσωμεν</span> <span class='ocrx_word' id='word_1_741' title='bbox 1125 5459 1423 5529; x_wconf 74' lang='grc' dir='ltr'>ἄνθρωπος.</span> <span class='ocrx_word' id='word_1_742' title='bbox 1466 5463 1570 5511; x_wconf 79' lang='lat' dir='ltr'><strong>Sed</strong></span> <span class='ocrx_word' id='word_1_743' title='bbox 1609 5476 1792 5513; x_wconf 85' lang='lat' dir='ltr'><strong>vocem</strong></span> 
     </span>
    </p>
   </div>
   <div class='ocr_carea' id='block_1_102' title="bbox 219 5527 1792 5598">
    <p class='ocr_par' dir='ltr' id='par_1_102' title="bbox 219 5527 1792 5598">
     <span class='ocr_line' id='line_1_102' title="bbox 219 5527 1792 5598; baseline 0.003 -22"><span class='ocrx_word' id='word_1_744' title='bbox 219 5529 303 5580; x_wconf 82' lang='grc' dir='ltr'>ὅτι</span> <span class='ocrx_word' id='word_1_745' title='bbox 335 5528 530 5598; x_wconf 74' lang='lat' dir='ltr'><strong>inepte</strong></span> <span class='ocrx_word' id='word_1_746' title='bbox 577 5527 830 5580; x_wconf 80' lang='lat' dir='ltr'><strong>omissam</strong></span> <span class='ocrx_word' id='word_1_747' title='bbox 886 5527 1005 5581; x_wconf 74' lang='lat' dir='ltr'><strong>esse</strong></span> <span class='ocrx_word' id='word_1_748' title='bbox 1057 5546 1120 5583; x_wconf 80' lang='lat' dir='ltr'><strong>ex</strong></span> <span class='ocrx_word' id='word_1_749' title='bbox 1170 5527 1239 5583; x_wconf 80' lang='lat' dir='ltr'><strong>eo</strong></span> <span class='ocrx_word' id='word_1_750' title='bbox 1271 5530 1606 5596; x_wconf 80' lang='lat' dir='ltr'><strong>intelligitur,</strong></span> <span class='ocrx_word' id='word_1_751' title='bbox 1651 5533 1792 5598; x_wconf 86' lang='lat' dir='ltr'><strong>quod</strong></span> 
     </span>
    </p>
   </div>
   <div class='ocr_carea' id='block_1_103' title="bbox 221 5596 1509 5668">
    <p class='ocr_par' dir='ltr' id='par_1_103' title="bbox 221 5596 1509 5668">
     <span class='ocr_line' id='line_1_103' title="bbox 221 5596 1509 5668; baseline 0.002 -20"><span class='ocrx_word' id='word_1_752' title='bbox 221 5596 402 5668; x_wconf 73' lang='lat' dir='ltr'><strong>statim</strong></span> <span class='ocrx_word' id='word_1_753' title='bbox 437 5598 676 5668; x_wconf 61' lang='lat' dir='ltr'><strong>legamus</strong></span> <span class='ocrx_word' id='word_1_754' title='bbox 703 5599 828 5650; x_wconf 78' lang='grc' dir='ltr'>ὅταν</span> <span class='ocrx_word' id='word_1_755' title='bbox 855 5598 928 5662; x_wconf 82' lang='grc' dir='ltr'>δὲ,</span> <span class='ocrx_word' id='word_1_756' title='bbox 962 5601 1042 5651; x_wconf 84' lang='grc' dir='ltr'><strong>ὅτι</strong></span> <span class='ocrx_word' id='word_1_757' title='bbox 1069 5603 1098 5651; x_wconf 89' lang='lat'><strong>6</strong></span> <span class='ocrx_word' id='word_1_758' title='bbox 1136 5600 1267 5660; x_wconf 85' lang='grc' dir='ltr'>Θεὸς</span> <span class='ocrx_word' id='word_1_759' title='bbox 1301 5601 1509 5668; x_wconf 85' lang='grc' dir='ltr'>Πατήρ.</span> 
     </span>
    </p>
   </div>
   <div class='ocr_carea' id='block_1_104' title="bbox 293 5665 1795 5740">
    <p class='ocr_par' dir='ltr' id='par_1_104' title="bbox 293 5665 1795 5740">
     <span class='ocr_line' id='line_1_104' title="bbox 293 5665 1795 5740; baseline 0.003 -24"><span class='ocrx_word' id='word_1_760' title='bbox 293 5665 405 5732; x_wconf 76' lang='grc'>(70)</span> <span class='ocrx_word' id='word_1_761' title='bbox 453 5667 669 5740; x_wconf 76' lang='lat' dir='ltr'><strong>Veteres</strong></span> <span class='ocrx_word' id='word_1_762' title='bbox 716 5682 946 5736; x_wconf 85' lang='lat' dir='ltr'><strong>quatuor</strong></span> <span class='ocrx_word' id='word_1_763' title='bbox 1006 5669 1122 5720; x_wconf 91' lang='lat' dir='ltr'><strong>libri</strong></span> <span class='ocrx_word' id='word_1_764' title='bbox 1180 5685 1300 5740; x_wconf 79' lang='lat' dir='ltr'><strong>eum</strong></span> <span class='ocrx_word' id='word_1_765' title='bbox 1355 5665 1511 5740; x_wconf 72' lang='lat' dir='ltr'><strong>editis</strong></span> <span class='ocrx_word' id='word_1_766' title='bbox 1563 5687 1795 5740; x_wconf 83' lang='grc' dir='ltr'>παρατι-</span> 
     </span>
    </p>
   </div>
   <div class='ocr_carea' id='block_1_105' title="bbox 221 5736 1792 5810">
    <p class='ocr_par' dir='ltr' id='par_1_105' title="bbox 221 5736 1792 5810">
     <span class='ocr_line' id='line_1_105' title="bbox 221 5736 1792 5810; baseline 0.003 -21"><span class='ocrx_word' id='word_1_767' title='bbox 221 5737 411 5810; x_wconf 69' lang='grc' dir='ltr'>θέντα.</span> <span class='ocrx_word' id='word_1_768' title='bbox 459 5736 558 5788; x_wconf 73' lang='lat' dir='ltr'><strong>Alii</strong></span> <span class='ocrx_word' id='word_1_769' title='bbox 616 5744 719 5791; x_wconf 88' lang='lat' dir='ltr'><strong>duo</strong></span> <span class='ocrx_word' id='word_1_770' title='bbox 787 5755 915 5796; x_wconf 77' lang='lat' dir='ltr'><strong>mss.</strong></span> <span class='ocrx_word' id='word_1_771' title='bbox 965 5738 1343 5810; x_wconf 80' lang='grc' dir='ltr'>παρατιθέναι.</span> <span class='ocrx_word' id='word_1_772' title='bbox 1412 5739 1607 5810; x_wconf 77' lang='lat' dir='ltr'><strong>Ibidem</strong></span> <span class='ocrx_word' id='word_1_773' title='bbox 1648 5736 1792 5794; x_wconf 50' lang='lat' dir='ltr'><strong>&#39;edili</strong></span> 
     </span>
    </p>
   </div>
   <div class='ocr_carea' id='block_1_106' title="bbox 224 5807 1752 5881">
    <p class='ocr_par' dir='ltr' id='par_1_106' title="bbox 224 5807 1752 5881">
     <span class='ocr_line' id='line_1_106' title="bbox 224 5807 1752 5881; baseline 0.003 -23"><span class='ocrx_word' id='word_1_774' title='bbox 224 5807 378 5881; x_wconf 49' lang='lat' dir='ltr'><strong>p.136:</strong></span> <span class='ocrx_word' id='word_1_775' title='bbox 400 5809 480 5859; x_wconf 84' lang='grc' dir='ltr'><strong>ὅτι</strong></span> <span class='ocrx_word' id='word_1_776' title='bbox 501 5847 512 5860; x_wconf 95' lang='grc'><strong>.</strong></span> <span class='ocrx_word' id='word_1_777' title='bbox 538 5847 548 5860; x_wconf 94' lang='grc'><strong>.</strong></span> <span class='ocrx_word' id='word_1_778' title='bbox 577 5850 586 5860; x_wconf 93' lang='grc'><strong>.</strong></span> <span class='ocrx_word' id='word_1_779' title='bbox 616 5846 627 5858; x_wconf 93' lang='grc'><strong>.</strong></span> <span class='ocrx_word' id='word_1_780' title='bbox 651 5849 662 5860; x_wconf 92' lang='grc'><strong>.</strong></span> <span class='ocrx_word' id='word_1_781' title='bbox 710 5811 922 5879; x_wconf 77' lang='grc' dir='ltr'>γεννᾷν.</span> <span class='ocrx_word' id='word_1_782' title='bbox 954 5807 1100 5865; x_wconf 54' lang='grc' dir='ltr'>[λίθιδί</span> <span class='ocrx_word' id='word_1_783' title='bbox 1137 5812 1338 5879; x_wconf 84' lang='lat' dir='ltr'><strong>antiqui</strong></span> <span class='ocrx_word' id='word_1_784' title='bbox 1375 5809 1495 5881; x_wconf 82' lang='grc' dir='ltr'>μηδ’</span> <span class='ocrx_word' id='word_1_785' title='bbox 1525 5812 1605 5862; x_wconf 80' lang='grc' dir='ltr'><strong>ὅτι</strong></span> <span class='ocrx_word' id='word_1_786' title='bbox 1626 5848 1638 5861; x_wconf 95' lang='grc'><strong>.</strong></span> <span class='ocrx_word' id='word_1_787' title='bbox 1667 5849 1678 5862; x_wconf 90' lang='grc'><strong>.</strong></span> <span class='ocrx_word' id='word_1_788' title='bbox 1703 5848 1715 5862; x_wconf 95' lang='grc'><strong>.</strong></span> <span class='ocrx_word' id='word_1_789' title='bbox 1742 5849 1752 5862; x_wconf 90' lang='grc'><strong>.</strong></span> 
     </span>
    </p>
   </div>
   <div class='ocr_carea' id='block_1_107' title="bbox 220 5880 402 5946">
    <p class='ocr_par' dir='ltr' id='par_1_107' title="bbox 220 5880 402 5946">
     <span class='ocr_line' id='line_1_107' title="bbox 220 5880 402 5946; baseline 0.005 -17"><span class='ocrx_word' id='word_1_790' title='bbox 220 5880 402 5946; x_wconf 81' lang='grc' dir='ltr'>γεννᾷ.</span> 
     </span>
    </p>
   </div>
   <div class='ocr_carea' id='block_1_108' title="bbox 1906 4605 3465 4676">
    <p class='ocr_par' dir='ltr' id='par_1_108' title="bbox 1906 4605 3465 4676">
     <span class='ocr_line' id='line_1_108' title="bbox 1906 4605 3465 4676; baseline -0.001 -18"><span class='ocrx_word' id='word_1_791' title='bbox 1906 4608 2047 4658; x_wconf 72' lang='lat' dir='ltr'><strong>(estis</strong></span> <span class='ocrx_word' id='word_1_792' title='bbox 2071 4607 2135 4658; x_wconf 62' lang='lat'><strong>3&#39;.</strong></span> <span class='ocrx_word' id='word_1_793' title='bbox 2189 4607 2468 4670; x_wconf 78' lang='lat' dir='ltr'><strong>Quomodo</strong></span> <span class='ocrx_word' id='word_1_794' title='bbox 2519 4606 2680 4676; x_wconf 81' lang='lat' dir='ltr'><strong>igitur</strong></span> <span class='ocrx_word' id='word_1_795' title='bbox 2731 4620 2888 4660; x_wconf 85' lang='lat' dir='ltr'><strong>voces</strong></span> <span class='ocrx_word' id='word_1_796' title='bbox 2936 4605 3068 4667; x_wconf 86' lang='lat' dir='ltr'><strong>has,</strong></span> <span class='ocrx_word' id='word_1_797' title='bbox 3120 4615 3371 4673; x_wconf 87' lang='lat' dir='ltr'><strong>tanquam</strong></span> <span class='ocrx_word' id='word_1_798' title='bbox 3423 4606 3465 4658; x_wconf 86' lang='lat' dir='ltr'><strong>si</strong></span> 
     </span>
    </p>
   </div>
   <div class='ocr_carea' id='block_1_109' title="bbox 1906 4693 3466 4764">
    <p class='ocr_par' dir='ltr' id='par_1_109' title="bbox 1906 4693 3466 4764">
     <span class='ocr_line' id='line_1_109' title="bbox 1906 4693 3466 4764; baseline -0.001 -18"><span class='ocrx_word' id='word_1_799' title='bbox 1906 4697 2174 4764; x_wconf 70' lang='lat' dir='ltr'><strong>praecipue</strong></span> <span class='ocrx_word' id='word_1_800' title='bbox 2229 4696 2478 4747; x_wconf 87' lang='lat' dir='ltr'><strong>carnales</strong></span> <span class='ocrx_word' id='word_1_801' title='bbox 2546 4693 2766 4748; x_wconf 76' lang='lat' dir='ltr'><strong>allectus</strong></span> <span class='ocrx_word' id='word_1_802' title='bbox 2841 4693 3242 4763; x_wconf 79' lang='lat' dir='ltr'><strong>signiﬁcarent,</strong></span> <span class='ocrx_word' id='word_1_803' title='bbox 3308 4709 3466 4760; x_wconf 80' lang='lat' dir='ltr'><strong>repu-</strong></span> 
     </span>
    </p>
   </div>
   <div class='ocr_carea' id='block_1_110' title="bbox 1909 4784 3466 4854">
    <p class='ocr_par' dir='ltr' id='par_1_110' title="bbox 1909 4784 3466 4854">
     <span class='ocr_line' id='line_1_110' title="bbox 1909 4784 3466 4854; baseline -0.001 -15"><span class='ocrx_word' id='word_1_804' title='bbox 1909 4786 2130 4839; x_wconf 87' lang='lat' dir='ltr'><strong>diendas</strong></span> <span class='ocrx_word' id='word_1_805' title='bbox 2179 4798 2358 4840; x_wconf 87' lang='lat' dir='ltr'><strong>censet</strong></span> <span class='ocrx_word' id='word_1_806' title='bbox 2401 4801 2583 4854; x_wconf 88' lang='lat' dir='ltr'><strong>:qnas</strong></span> <span class='ocrx_word' id='word_1_807' title='bbox 2635 4786 2913 4840; x_wconf 76' lang='lat' dir='ltr'><strong>Dominus‘</strong></span> <span class='ocrx_word' id='word_1_808' title='bbox 2942 4797 3126 4840; x_wconf 89' lang='lat' dir='ltr'><strong>noster</strong></span> <span class='ocrx_word' id='word_1_809' title='bbox 3174 4784 3319 4839; x_wconf 85' lang='lat' dir='ltr'><strong>velut</strong></span> <span class='ocrx_word' id='word_1_810' title='bbox 3378 4786 3466 4838; x_wconf 81' lang='lat' dir='ltr'><strong>Dei</strong></span> 
     </span>
    </p>
   </div>
   <div class='ocr_carea' id='block_1_111' title="bbox 1913 4877 3468 4945">
    <p class='ocr_par' dir='ltr' id='par_1_111' title="bbox 1913 4877 3468 4945">
     <span class='ocr_line' id='line_1_111' title="bbox 1913 4877 3468 4945; baseline 0 -17"><span class='ocrx_word' id='word_1_811' title='bbox 1913 4880 2179 4945; x_wconf 77' lang='lat' dir='ltr'><strong>aput/imm</strong></span> <span class='ocrx_word' id='word_1_812' title='bbox 2232 4879 2483 4930; x_wconf 80' lang='lat' dir='ltr'><strong>decentes</strong></span> <span class='ocrx_word' id='word_1_813' title='bbox 2516 4878 2582 4930; x_wconf 84' lang='lat' dir='ltr'><strong>ab</strong></span> <span class='ocrx_word' id='word_1_814' title='bbox 2619 4878 2925 4932; x_wconf 89' lang='lat' dir='ltr'><strong>hominibus</strong></span> <span class='ocrx_word' id='word_1_815' title='bbox 2969 4877 3032 4929; x_wconf 87' lang='lat' dir='ltr'><strong>ad</strong></span> <span class='ocrx_word' id='word_1_816' title='bbox 3069 4879 3242 4944; x_wconf 81' lang='lat' dir='ltr'><strong>ipsum</strong></span> <span class='ocrx_word' id='word_1_817' title='bbox 3290 4885 3468 4929; x_wconf 80' lang='lat' dir='ltr'><strong>trans-</strong></span> 
     </span>
    </p>
   </div>
   <div class='ocr_carea' id='block_1_112' title="bbox 1969 5105 3466 5179">
    <p class='ocr_par' dir='ltr' id='par_1_112' title="bbox 1969 5105 3466 5179">
     <span class='ocr_line' id='line_1_112' title="bbox 1969 5105 3466 5179; baseline -0.003 -17"><span class='ocrx_word' id='word_1_818' title='bbox 1969 5110 2081 5179; x_wconf 84' lang='grc'>(71)</span> <span class='ocrx_word' id='word_1_819' title='bbox 2125 5109 2265 5179; x_wconf 82' lang='lat' dir='ltr'><strong>Editi</strong></span> <span class='ocrx_word' id='word_1_820' title='bbox 2317 5118 2371 5161; x_wconf 89' lang='lat' dir='ltr'><strong>et</strong></span> <span class='ocrx_word' id='word_1_821' title='bbox 2417 5123 2547 5163; x_wconf 89' lang='lat' dir='ltr'><strong>mss.</strong></span> <span class='ocrx_word' id='word_1_822' title='bbox 2596 5123 2696 5159; x_wconf 90' lang='lat' dir='ltr'><strong>non</strong></span> <span class='ocrx_word' id='word_1_823' title='bbox 2743 5107 2894 5173; x_wconf 81' lang='lat' dir='ltr'><strong>pauci</strong></span> <span class='ocrx_word' id='word_1_824' title='bbox 2948 5105 3292 5175; x_wconf 79' lang='grc' dir='ltr'>ἐπιλέγομεν.</span> <span class='ocrx_word' id='word_1_825' title='bbox 3337 5108 3466 5177; x_wconf 63' lang='grc' dir='ltr'>ειυς.</span> 
     </span>
    </p>
   </div>
   <div class='ocr_carea' id='block_1_113' title="bbox 1899 5178 2486 5247">
    <p class='ocr_par' dir='ltr' id='par_1_113' title="bbox 1899 5178 2486 5247">
     <span class='ocr_line' id='line_1_113' title="bbox 1899 5178 2486 5247; baseline -0.005 -14"><span class='ocrx_word' id='word_1_826' title='bbox 1899 5178 2087 5234; x_wconf 82' lang='lat' dir='ltr'><strong>tertius</strong></span> <span class='ocrx_word' id='word_1_827' title='bbox 2125 5178 2486 5247; x_wconf 84' lang='grc' dir='ltr'>ὲπιλέγωμεν.</span> 
     </span>
    </p>
   </div>
   <div class='ocr_carea' id='block_1_114' title="bbox 1968 5246 3468 5317">
    <p class='ocr_par' dir='ltr' id='par_1_114' title="bbox 1968 5246 3468 5317">
     <span class='ocr_line' id='line_1_114' title="bbox 1968 5246 3468 5317; baseline -0.001 -18"><span class='ocrx_word' id='word_1_828' title='bbox 1968 5251 2081 5317; x_wconf 72' lang='grc'>(72)</span> <span class='ocrx_word' id='word_1_829' title='bbox 2122 5250 2259 5302; x_wconf 78' lang='lat' dir='ltr'><strong>Editi</strong></span> <span class='ocrx_word' id='word_1_830' title='bbox 2291 5252 2318 5300; x_wconf 88' lang='lat'><strong>6</strong></span> <span class='ocrx_word' id='word_1_831' title='bbox 2345 5246 2554 5315; x_wconf 85' lang='grc' dir='ltr'>Πατήρ.</span> <span class='ocrx_word' id='word_1_832' title='bbox 2587 5246 2864 5300; x_wconf 86' lang='lat' dir='ltr'><strong>Articulus</strong></span> <span class='ocrx_word' id='word_1_833' title='bbox 2897 5246 2948 5298; x_wconf 94' lang='lat' dir='ltr'><strong>in</strong></span> <span class='ocrx_word' id='word_1_834' title='bbox 2983 5263 3110 5298; x_wconf 87' lang='lat' dir='ltr'><strong>mss.</strong></span> <span class='ocrx_word' id='word_1_835' title='bbox 3136 5246 3334 5300; x_wconf 84' lang='lat' dir='ltr'><strong>nostris</strong></span> <span class='ocrx_word' id='word_1_836' title='bbox 3362 5263 3468 5300; x_wconf 86' lang='lat' dir='ltr'><strong>non</strong></span> 
     </span>
    </p>
   </div>
   <div class='ocr_carea' id='block_1_115' title="bbox 1897 5321 2182 5372">
    <p class='ocr_par' dir='ltr' id='par_1_115' title="bbox 1897 5321 2182 5372">
     <span class='ocr_line' id='line_1_115' title="bbox 1897 5321 2182 5372; baseline -0.007 0"><span class='ocrx_word' id='word_1_837' title='bbox 1897 5321 2182 5372; x_wconf 74' lang='lat' dir='ltr'><strong>invenitur.</strong></span> 
     </span>
    </p>
   </div>
   <div class='ocr_carea' id='block_1_116' title="bbox 1967 5386 3468 5458">
    <p class='ocr_par' dir='ltr' id='par_1_116' title="bbox 1967 5386 3468 5458">
     <span class='ocr_line' id='line_1_116' title="bbox 1967 5386 3468 5458; baseline 0 -19"><span class='ocrx_word' id='word_1_838' title='bbox 1967 5388 2077 5457; x_wconf 71' lang='grc'>(75)</span> <span class='ocrx_word' id='word_1_839' title='bbox 2120 5387 2258 5441; x_wconf 87' lang='lat' dir='ltr'><strong>Editi</strong></span> <span class='ocrx_word' id='word_1_840' title='bbox 2320 5387 2524 5458; x_wconf 81' lang='grc' dir='ltr'>Κύριος</span> <span class='ocrx_word' id='word_1_841' title='bbox 2582 5387 2762 5457; x_wconf 79' lang='grc' dir='ltr'>ἡμῶν.</span> <span class='ocrx_word' id='word_1_842' title='bbox 2822 5387 2929 5440; x_wconf 74' lang='lat' dir='ltr'><strong>Vox</strong></span> <span class='ocrx_word' id='word_1_843' title='bbox 2991 5387 3173 5440; x_wconf 87' lang='lat' dir='ltr'><strong>ultima</strong></span> <span class='ocrx_word' id='word_1_844' title='bbox 3220 5386 3273 5438; x_wconf 89' lang='lat' dir='ltr'><strong>in</strong></span> <span class='ocrx_word' id='word_1_845' title='bbox 3336 5399 3468 5439; x_wconf 88' lang='lat' dir='ltr'><strong>tnss.</strong></span> 
     </span>
    </p>
   </div>
   <div class='ocr_carea' id='block_1_117' title="bbox 1898 5461 2065 5514">
    <p class='ocr_par' dir='ltr' id='par_1_117' title="bbox 1898 5461 2065 5514">
     <span class='ocr_line' id='line_1_117' title="bbox 1898 5461 2065 5514; baseline -0.024 0"><span class='ocrx_word' id='word_1_846' title='bbox 1898 5461 2065 5514; x_wconf 61' lang='lat' dir='ltr'><strong>dce-est.</strong></span> 
     </span>
    </p>
   </div>
   <div class='ocr_carea' id='block_1_118' title="bbox 1974 5525 3471 5600">
    <p class='ocr_par' dir='ltr' id='par_1_118' title="bbox 1974 5525 3471 5600">
     <span class='ocr_line' id='line_1_118' title="bbox 1974 5525 3471 5600; baseline -0.003 -18"><span class='ocrx_word' id='word_1_847' title='bbox 1974 5531 2082 5596; x_wconf 68' lang='grc'>(74)</span> <span class='ocrx_word' id='word_1_848' title='bbox 2124 5529 2262 5582; x_wconf 86' lang='lat' dir='ltr'><strong>Editi</strong></span> <span class='ocrx_word' id='word_1_849' title='bbox 2296 5539 2348 5581; x_wconf 89' lang='lat' dir='ltr'><strong>et</strong></span> <span class='ocrx_word' id='word_1_850' title='bbox 2375 5528 2478 5581; x_wconf 88' lang='lat' dir='ltr'><strong>duo</strong></span> <span class='ocrx_word' id='word_1_851' title='bbox 2513 5545 2636 5581; x_wconf 79' lang='lat' dir='ltr'><strong>mss.</strong></span> <span class='ocrx_word' id='word_1_852' title='bbox 2670 5529 2805 5600; x_wconf 83' lang='grc' dir='ltr'>πρὸς</span> <span class='ocrx_word' id='word_1_853' title='bbox 2844 5530 3052 5581; x_wconf 76' lang='grc' dir='ltr'>ἑαυτόν.</span> <span class='ocrx_word' id='word_1_854' title='bbox 3103 5525 3253 5580; x_wconf 81' lang='lat' dir='ltr'><strong>Unde</strong></span> <span class='ocrx_word' id='word_1_855' title='bbox 3299 5526 3471 5600; x_wconf 72' lang='lat' dir='ltr'><strong>inter-</strong></span> 
     </span>
    </p>
   </div>
   <div class='ocr_carea' id='block_1_119' title="bbox 1903 5597 3468 5667">
    <p class='ocr_par' dir='ltr' id='par_1_119' title="bbox 1903 5597 3468 5667">
     <span class='ocr_line' id='line_1_119' title="bbox 1903 5597 3468 5667; baseline -0.001 -18"><span class='ocrx_word' id='word_1_856' title='bbox 1903 5616 2062 5665; x_wconf 83' lang='lat' dir='ltr'><strong>pres:</strong></span> <span class='ocrx_word' id='word_1_857' title='bbox 2107 5603 2174 5652; x_wconf 82' lang='lat' dir='ltr'><strong>ad</strong></span> <span class='ocrx_word' id='word_1_858' title='bbox 2213 5617 2266 5653; x_wconf 82' lang='lat' dir='ltr'><strong>se</strong></span> <span class='ocrx_word' id='word_1_859' title='bbox 2305 5601 2472 5662; x_wconf 78' lang='lat' dir='ltr'><strong>ipsum</strong></span> <span class='ocrx_word' id='word_1_860' title='bbox 2523 5597 2774 5667; x_wconf 75' lang='lat' dir='ltr'><strong>transfert</strong></span> <span class='ocrx_word' id='word_1_861' title='bbox 2803 5615 2821 5651; x_wconf 91' lang='lat'><strong><em>:</em></strong></span> <span class='ocrx_word' id='word_1_862' title='bbox 2857 5604 2994 5665; x_wconf 75' lang='lat' dir='ltr'><strong>quod</strong></span> <span class='ocrx_word' id='word_1_863' title='bbox 3043 5600 3168 5666; x_wconf 91' lang='lat' dir='ltr'><strong>quin</strong></span> <span class='ocrx_word' id='word_1_864' title='bbox 3212 5597 3468 5667; x_wconf 64' lang='lat' dir='ltr'><strong>yitiomnt</strong></span> 
     </span>
    </p>
   </div>
   <div class='ocr_carea' id='block_1_120' title="bbox 1902 5666 3473 5739">
    <p class='ocr_par' dir='ltr' id='par_1_120' title="bbox 1902 5666 3473 5739">
     <span class='ocr_line' id='line_1_120' title="bbox 1902 5666 3473 5739; baseline -0.004 -15"><span class='ocrx_word' id='word_1_865' title='bbox 1902 5674 1992 5729; x_wconf 89' lang='lat' dir='ltr'><strong>sit,</strong></span> <span class='ocrx_word' id='word_1_866' title='bbox 2024 5671 2254 5724; x_wconf 87' lang='lat' dir='ltr'><strong>dubitari</strong></span> <span class='ocrx_word' id='word_1_867' title='bbox 2286 5671 2428 5722; x_wconf 89' lang='lat' dir='ltr'><strong>nullo</strong></span> <span class='ocrx_word' id='word_1_868' title='bbox 2463 5675 2619 5723; x_wconf 88' lang='lat' dir='ltr'><strong>modo</strong></span> <span class='ocrx_word' id='word_1_869' title='bbox 2652 5666 2848 5739; x_wconf 80' lang='lat' dir='ltr'><strong>poteSI.</strong></span> <span class='ocrx_word' id='word_1_870' title='bbox 2885 5670 2996 5721; x_wconf 78' lang='lat' dir='ltr'><strong>Non</strong></span> <span class='ocrx_word' id='word_1_871' title='bbox 3026 5668 3168 5722; x_wconf 90' lang='lat' dir='ltr'><strong>enim</strong></span> <span class='ocrx_word' id='word_1_872' title='bbox 3210 5666 3473 5739; x_wconf 73' lang='lat' dir='ltr'><strong>Dominus</strong></span> 
     </span>
    </p>
   </div>
   <div class='ocr_carea' id='block_1_121' title="bbox 1904 5735 3470 5809">
    <p class='ocr_par' dir='ltr' id='par_1_121' title="bbox 1904 5735 3470 5809">
     <span class='ocr_line' id='line_1_121' title="bbox 1904 5735 3470 5809; baseline -0.003 -15"><span class='ocrx_word' id='word_1_873' title='bbox 1904 5756 1961 5794; x_wconf 86' lang='lat' dir='ltr'><strong>se</strong></span> <span class='ocrx_word' id='word_1_874' title='bbox 1995 5742 2107 5809; x_wconf 88' lang='lat' dir='ltr'><strong>ipse</strong></span> <span class='ocrx_word' id='word_1_875' title='bbox 2139 5752 2292 5795; x_wconf 85' lang='lat' dir='ltr'><strong>vocat</strong></span> <span class='ocrx_word' id='word_1_876' title='bbox 2334 5741 2546 5793; x_wconf 84' lang='lat' dir='ltr'><strong>Patrem</strong></span> <span class='ocrx_word' id='word_1_877' title='bbox 2579 5759 2592 5794; x_wconf 92' lang='lat'><strong>:</strong></span> <span class='ocrx_word' id='word_1_878' title='bbox 2627 5735 2717 5793; x_wconf 66' lang='lat' dir='ltr'><strong>scd</strong></span> <span class='ocrx_word' id='word_1_879' title='bbox 2765 5740 2817 5792; x_wconf 92' lang='lat' dir='ltr'><strong>id</strong></span> <span class='ocrx_word' id='word_1_880' title='bbox 2869 5754 3059 5791; x_wconf 89' lang='lat' dir='ltr'><strong>nomen</strong></span> <span class='ocrx_word' id='word_1_881' title='bbox 3107 5735 3364 5809; x_wconf 56' lang='lat' dir='ltr'><strong>transfert</strong></span> <span class='ocrx_word' id='word_1_882' title='bbox 3403 5739 3470 5795; x_wconf 79' lang='lat' dir='ltr'><strong>ad</strong></span> 
     </span>
    </p>
   </div>
   <div class='ocr_carea' id='block_1_122' title="bbox 1906 5803 3471 5876">
    <p class='ocr_par' dir='ltr' id='par_1_122' title="bbox 1906 5803 3471 5876">
     <span class='ocr_line' id='line_1_122' title="bbox 1906 5803 3471 5876; baseline -0.004 -12"><span class='ocrx_word' id='word_1_883' title='bbox 1906 5803 2069 5864; x_wconf 72' lang='lat' dir='ltr'><strong>Dedin</strong></span> <span class='ocrx_word' id='word_1_884' title='bbox 2106 5814 2517 5871; x_wconf 82' lang='lat' dir='ltr'><strong>universorum,</strong></span> <span class='ocrx_word' id='word_1_885' title='bbox 2568 5826 2660 5862; x_wconf 84' lang='lat' dir='ltr'><strong>seu</strong></span> <span class='ocrx_word' id='word_1_886' title='bbox 2709 5811 2772 5862; x_wconf 89' lang='lat' dir='ltr'><strong>ad</strong></span> <span class='ocrx_word' id='word_1_887' title='bbox 2812 5825 2966 5862; x_wconf 88' lang='lat' dir='ltr'><strong>suum</strong></span> <span class='ocrx_word' id='word_1_888' title='bbox 3021 5809 3186 5876; x_wconf 72' lang='lat' dir='ltr'><strong>ipsius</strong></span> <span class='ocrx_word' id='word_1_889' title='bbox 3234 5803 3471 5860; x_wconf 78' lang='lat' dir='ltr'><strong>Patrem.</strong></span> 
     </span>
    </p>
   </div>
   <div class='ocr_carea' id='block_1_123' title="bbox 1905 5879 3185 5944">
    <p class='ocr_par' dir='ltr' id='par_1_123' title="bbox 1905 5879 3185 5944">
     <span class='ocr_line' id='line_1_123' title="bbox 1905 5879 3185 5944; baseline -0.002 -8"><span class='ocrx_word' id='word_1_890' title='bbox 1905 5883 2080 5936; x_wconf 67' lang='lat' dir='ltr'><strong>Codex</strong></span> <span class='ocrx_word' id='word_1_891' title='bbox 2115 5882 2263 5935; x_wconf 80' lang='lat' dir='ltr'><strong>Colb.</strong></span> <span class='ocrx_word' id='word_1_892' title='bbox 2294 5893 2346 5934; x_wconf 91' lang='lat' dir='ltr'><strong>et</strong></span> <span class='ocrx_word' id='word_1_893' title='bbox 2379 5881 2466 5934; x_wconf 91' lang='lat' dir='ltr'><strong>alii</strong></span> <span class='ocrx_word' id='word_1_894' title='bbox 2509 5890 2616 5934; x_wconf 90' lang='lat' dir='ltr'><strong>tres</strong></span> <span class='ocrx_word' id='word_1_895' title='bbox 2650 5881 2780 5944; x_wconf 83' lang='grc' dir='ltr'>πρὸς</span> <span class='ocrx_word' id='word_1_896' title='bbox 2812 5879 2993 5942; x_wconf 62' lang='grc' dir='ltr'>αὐτόν,</span> <span class='ocrx_word' id='word_1_897' title='bbox 3024 5891 3185 5934; x_wconf 77' lang='lat' dir='ltr'><strong>recte.</strong></span> 
     </span>
    </p>
   </div>
  </div>
