4208 6534
231 482 336 537 6‘15

1350 480 1718 538 ADVERSUS
1758 480 2120 539 EUNOMIUM
2162 483 2287 538 LIB.
2330 483 2393 537 ll.

3386 487 3490 545 οεσ

232 598 513 653 δεικνύναι
537 598 651 664 (84)
677 598 774 672 τὴν
808 600 991 653 οὐσίαν
1019 601 1373 667 ἐφιλονείκει·
1401 602 1516 653 νυνὶ
1549 603 1627 663 δὲ,
1660 601 1812 656 πάλιν

1886 603 2047 661 ,tiam
2101 605 2400 675 genituram
2460 618 2580 658 esse
2635 605 2917 659 ostendere
2970 604 3283 658 conabatur.
3342 602 3494 660 Nunc

232 695 333 761 τὴν
363 691 461 760 τῆς
488 691 671 758 οὐσίας
705 694 974 745 οίκείωσιν
1014 693 1101 746 διὰ
1136 694 1231 762 τῆς
1260 692 1442 761 φωνῆς
1480 694 1680 765 ταύτης
1718 711 1812 764 ση-

240 783 571 856 μαινομένην
621 786 783 856 ὁρῶν,
834 784 895 837 τὸ
938 786 1294 856 γεγεννῆσθαι
1339 784 1433 837 τοῦ
1479 790 1812 855 γεννήματος

234 877 547 944 ἀφαιρεῖται
582 875 715 943 (85).
758 876 867 926 Καὶ
899 874 1003 943 μὴν
1047 878 1093 927 εί
1122 875 1277 927 τοῦτο
1307 874 1381 935 ὡς
1408 873 1611 936 πάθους
1639 876 1810 943 δηλω-

232 965 385 1018 τικὸν
416 967 779 1037 παραιτεῖται,
808 965 860 1017 τί
896 965 1090 1020 κωλύει
1127 968 1221 1021 καὶ
1255 966 1313 1017 τὺ
1354 966 1683 1037 δημιουργὸν
1716 969 1812 1020 αύο

233 1057 325 1109 τὸν
356 1053 494 1110 εἶναι
541 1054 626 1108 διὰ
674 1055 771 1119 τὰς
814 1058 982 1122 αὑτὰς
1028 1060 1204 1119 αἰτίας
1252 1058 1323 1127 μὴ
1378 1058 1806 1129 παραδέχεσθαι;

235 1149 380 1201 Διότι
429 1147 629 1208 πάσαις
672 1151 791 1212 ταῖς
828 1151 1163 1220 σωματικαῖς
1198 1150 1496 1219 ἐνεργείαις
1546 1149 1575 1220 ἢ
1614 1149 1810 1201 πλείων

241 1258 317 1303 τις
350 1239 567 1301 πάντως
600 1239 631 1308 ἢ
667 1241 901 1295 ἐλάττων
931 1242 1094 1303 κόπος
1138 1241 1508 1306 συνέζευκται,
1542 1240 1684 1293 κατὰ
1714 1240 1812 1310 τὴν

238 1331 526 1399 ἀναλογίαν
560 1335 657 1405 τῆς
681 1335 774 1388 τοῦ
808 1335 1084 1395 ποιοῦντος
1108 1334 1386 1406 δυνάμεως
1419 1338 1511 1388 καὶ
1546 1335 1647 1404 τῆς
1677 1335 1811 1404 πρὸς

233 1424 305 1473 τὰ
333 1423 534 1497 μεγέθη
561 1424 669 1478 τῶν
700 1424 1103 1495 ἐνεργουμένων
1131 1424 1411 1497 διαφορᾶς.
1453 1425 1563 1493 Τήν
1593 1440 1655 1491 γε
1707 1423 1811 1493 μὴν

235 1515 386 1570 θείαν
415 1517 507 1569 καὶ
534 1516 805 1587 μακαρίαν
834 1514 992 1582 φύσιν
1027 1516 1257 1587 καμάτῳ
1283 1516 1460 1580 λέγειν
1496 1513 1811 1583 συνέχεσθαι

234 1606 335 1675 οὒκ
357 1602 518 1677 ἦττον
561 1604 775 1668 ἀσεδὲς,
820 1603 851 1674 ἢ
899 1607 1009 1670 τοῖς
1040 1606 1337 1675 αἰσχίστοις
1379 1604 1546 1674 αὐτὴν
1586 1604 1811 1657 πάθεσιν

238 1700 580 1754 ὑποϐάλλειν.
614 1698 675 1749 El
706 1698 761 1750 δὲ
789 1698 1012 1763 ἀπαθῶς
1050 1699 1241 1763 κτίζει,
1276 1696 1458 1768 ἀπαθῆ
1486 1693 1622 1751 εἶναι
1656 1697 1809 1762 δέξα-

239 1792 333 1845 σθε
355 1794 448 1846 καὶ¹
469 1791 566 1861 τὴν
586 1790 858 1859 γέννησιν.

308 1884 397 1937 24.
440 1883 525 1945 Ὠς
571 1883 668 1953 μὲν
702 1878 794 1937 οὖν
837 1882 1041 1951 κυρίως
1080 1881 1173 1934 καὶ
1212 1883 1594 1953 προσηκόντως
1623 1882 1810 1954 Πατὴρ

233 1974 450 2039 λέγεται
477 1972 506 2023 ὁ
528 1972 679 2036 Θεὸς,
712 1972 804 2025 καὶ
828 1972 901 2033 ὡς
931 1971 1051 2041 οὐχὶ
1085 1971 1310 2035 πάθους,
1343 1972 1455 2025 ἀλλ’
1485 1973 1810 2038 οίκειώσεώς

234 2069 383 2117 ἐστιν
416 2065 602 2137 ὄνομα,
644 2065 676 2133 ἢ
715 2064 815 2133 τῆς
842 2064 982 2116 κατὰ
1012 2066 1189 2135 χάριν,
1225 2064 1299 2125 ὡς
1326 2066 1417 2116 ἐπὶ
1451 2065 1558 2115 τῶν
1600 2065 1803 2137 ἀνθρώ-

234 2175 375 2219 πων,
408 2157 439 2227 ἦ
468 2132 567 2226 τῆς
595 2156 738 2209 κατὰ
764 2156 945 2225 φύσιν,
973 2157 1048 2218 ὠς
1077 2158 1169 2208 ἐπὶ
1198 2156 1291 2208 τοῦ
1319 2157 1676 2224 Μονογενοῦς,
1700 2161 1812 2211 ἱκα-

232 2251 341 2314 νῶς
370 2250 580 2321 εἴρηται
603 2268 615 2279 ·
654 2250 833 2320 δῶμεν
863 2248 919 2303 δὲ
947 2244 1085 2301 εἶναι
1110 2247 1393 2320 τροπικὴν,
1427 2250 1518 2302 καὶ
1551 2251 1614 2301 ὲκ
1649 2266 1811 2318 μετα-

235 2343 409 2412 φορᾶς
448 2340 699 2409 λέγεσθαι
746 2340 880 2409 (86),
918 2340 1104 2409 ὥσπερ
1152 2340 1245 2390 καὶ
1291 2337 1454 2401 ἄλλας
1483 2338 1681 2410 μυρίας
1719 2339 1811 2391 καὶ

232 2436 333 2503 τὴν
387 2432 567 2503 φωνὴν
620 2433 841 2501 ταύτην.
912 2432 997 2493 Ὠς
1044 2432 1244 2491 τοίνυν,
1292 2430 1661 2502 ὀργιζόμενον,
1719 2432 1811 2484 καὶ

235 2525 528 2583 ὺπνοῦντα,
574 2524 666 2575 καὶ
701 2523 991 2591 πετόμενον
1043 2520 1332 2586 ἀκούοντες
1389 2524 1475 2576 τὸν
1520 2525 1667 2587 Θεὸν,
1720 2524 1811 2577 καὶ

233 2616 411 2669 ἂλλων
435 2614 689 2668 τοιούτων
706 2617 969 2685 ἀπρεπεῖς
990 2616 1128 2668 κατὰ
1150 2614 1238 2667 τὸν
1260 2616 1544 2685 πρόχειρον
1568 2614 1690 2667 νοῦν
1714 2614 1812 2677 τὰς

235 2706 503 2776 ἐμφάσεις
526 2704 931 2776 παρεχομένων,
966 2704 1088 2757 οὒτε
1114 2706 1209 2767 τὰς
1232 2706 1411 2773 φωνὰς
1439 2705 1531 2757 τοῦ
1562 2703 1813 2773 Πνεύμα-

231 2815 327 2860 τος
383 2799 771 2871 διαγράφομεν,
817 2796 939 2850 οὔτε
992 2799 1316 2868 σωματικῶς
1348 2797 1455 2851 τῶν
1508 2798 1811 2869 λεγομένων

234 2891 503 2962 ἀκούομεν
527 2911 541 2923 ·
574 2892 627 2943 τί
658 2893 852 2963 δήποτε
880 2894 1000 2962 ούχὶ
1033 2893 1142 2953 καὶ,
1174 2892 1272 2961 τῆς
1296 2891 1479 2958 φωνῆς
1503 2892 1705 2961 ταύτης
1725 2890 1814 2944 οὖ-

233 3001 314 3034 τω
344 2982 581 3052 συνεχῶς
611 2982 1056 3053 παραληφθείσης
1090 2982 1191 3033 ὑπὸ
1221 2980 1312 3032 τοῦ
1336 2979 1648 3048 Πνεύματος
1676 2981 1809 3049 (87),

232 3073 335 3136 τὰς
365 3073 682 3143 θεοπρεπεῖς
704 3073 871 3141 αὐτῆς
894 3075 1103 3135 ἐννοίας
1127 3073 1553 3145 διερευνώμεθα;
1582 3073 1612 3143 ἢ
1648 3074 1813 3143 μόνην

234 3167 441 3235 ταύτην
461 3166 559 3235 τῆς
584 3166 807 3235 Γραφῆς
833 3166 1203 3236 ἀπαλείψομεν
1234 3167 1367 3235 (88],
1404 3170 1467 3219 ἐκ
1489 3167 1586 3236 τῆς
1609 3166 1811 3237 ἀνθρω-

236 3260 399 3326 πίνης
446 3258 696 3328 χρήσεως
740 3257 1199 3325 συκοφαντοῦντες
1255 3259 1457 3328 αύτήν;
1518 3259 1727 3311 Οὖτωσὶ
1756 3258 1813 3312 δὲ

236 3350 551 3421 σκοπῶμεν.
611 3350 712 3403 Δύο
759 3351 1169 3421 σημαινομένων
1222 3350 1285 3403 ἐκ
1335 3351 1436 3420 τῆς
1481 3350 1571 3403 τοῦ
1619 3355 1809 3424 γεννᾷν

238 3444 607 3515 προσηγορίας
638 3444 778 3497 κατὰ
808 3446 906 3515 τὴν
930 3438 1029 3496 ὧδε
1063 3442 1368 3514 συνήθειαν,
1397 3444 1599 3509 πάθους
1630 3462 1689 3509 τε
1718 3444 1808 3498 τοῦ

234 3537 532 3603 γεννῶντος
572 3540 663 3589 καὶ
700 3539 796 3606 τῆς
829 3537 965 3607 πρὸς
995 3539 1053 3589 τὸ
1092 3536 1425 3607 γεννώμενον
1465 3538 1809 3601 οίκειώσεως,

235 3632 365 3681 ὅταν
392 3628 539 3699 παρὰ
561 3628 655 3680 τοῦ
689 3630 895 3696 nam;
927 3628 1005 3697 τῷ
1035 3631 1325 3696 Μονογενεῖ
1353 3630 1575 3698 λέγηται
1603 3631 1683 3692 τὸ,
1716 3630 1809 3683 Ἐκ

236 3719 496 3790 γαστρὸς
525 3720 637 3786 πρὸ
666 3720 971 3788 ἑωσφόρου
997 3719 1295 3789 ἐγέννησά
1324 3737 1416 3773 σε.
1450 3722 1544 3773 καὶ
1569 3720 1649 3784 τὺ,
1682 3722 1811 3785 Υἱός

230 3831 353 3882 μου
383 3809 441 3866 εἷ
468 3811 568 3877 σὺ,
609 3810 722 3881 ἐγὼ
755 3810 1021 3880 σήμερον·
1053 3812 1383 3881 γεγέννηκά
1426 3829 1498 3865 σε
1518 3830 1529 3843 ο
1587 3812 1812 3881 πότερον

236 3907 442 3959 τούτων
467 3906 826 3977 παρίστασθαι
864 3906 1051 3976 φῶμεν
1080 3906 1166 3958 διὰ
1193 3906 1285 3957 τοῦ
1324 3908 1596 3976 ρἠατος;
1622 3907 1681 3958 τὸ
1711 3906 1809 3976 ἐμ-

237 4016 260 4049 τ
298 3996 410 4060 ιθὲς
439 3997 544 4050 τῶν
568 3996 897 4066 γεννώντων,
927 3997 959 4065 ἦ
990 3999 1086 4068 τὴν
1108 3998 1204 4067 τῆς
1228 3997 1440 4064 φύσεως
1474 3999 1807 4067 οίκειότητα;

252 4085 395 4154 Ἐγὼ
426 4086 524 4156 μὲν
546 4090 652 4159 γὰρ
684 4087 838 4140 τοῦτό
863 4104 1004 4157 φημι
1023 4104 1035 4116 ·
1071 4089 1161 4139 καὶ
1194 4087 1311 4139 οὐδὲ
1333 4086 1551 4149 τούτους
1576 4087 1810 4157 ὴγουμαί

240 4196 372 4233 ποτε
408 4179 482 4250 μὴ
519 4181 639 4248 ούχὶ
659 4183 738 4243 είς
768 4180 1024 4251 λαμπρὰν
1062 4179 1420 4249 μελαγχολίαν
1453 4180 1809 4249 παρενεχθὲνο

234 4290 338 4335 τας
376 4271 791 4325 ἐναντιώσεσθαι
817 4275 945 4335 (89».
986 4274 1145 4325 Ὥστε
1174 4276 1219 4325 εἰ
1254 4274 1350 4343 μὲν
1381 4275 1551 4325 οἰκεία
1583 4272 1657 4341 τῷ
1696 4272 1812 4341 Θεῷ

240 4368 274 4432 ἡ
305 4364 477 4433 φωνὴ,
509 4363 561 4415 τί
587 4364 866 4433 ἀτιμάζεις
889 4364 961 4425 ὼς
992 4364 1269 4435 ἀλλοτρίαν
1295 4382 1308 4429 ;
1334 4367 1379 4416 εί
1411 4364 1465 4415 δὲ
1498 4366 1560 4416 ὲκ
1582 4365 1688 4415 τῶν
1722 4365 1813 4415 ἀνί

242 4454 532 4523 θρωπίνων
575 4455 1055 4525 μετακεκόμισται,
1094 4456 1155 4506 τὸ
1209 4457 1359 4522 ὑγιὲς
1389 4456 1555 4523 αὐτῆς
1588 4454 1810 4520 ἐκλεξὰ-

248 4561 427 4616 μενος,
470 4544 605 4613 φύγε
640 4546 696 4598 τὸ
724 4549 897 4617 χεῖρον
920 4546 1026 4599 τῶν
1055 4546 1413 4617 δηλουμένων.
1459 4547 1672 4613 Ἔξεστι
1704 4546 1812 4618 γὰρ

1915 703 2093 747 autem
2146 710 2339 748 rursus
2382 694 2696 749 substantia:
2730 696 2892 766 260
2921 695 3353 767 ronjunctionem
3391 696 3492 750 bac

1916 800 2047 839 voce
2105 787 2396 855 signiﬁcari
2452 804 2570 841 cum
2629 788 2845 851 videat,
2901 792 3201 857 genituram
3256 787 3491 856 genitam

1915 892 2034 930 esse
2086 870 2262 947 negat.
2304 878 2463 947 Atqui
2512 880 2554 932 si
2610 878 2711 932 hoc
2762 889 3017 945 tanquam
3049 879 3189 945 quod
3240 878 3489 931 all'ectmn

1920 969 2205 1033 signiticet,
2242 971 2506 1038 repudiat,
2536 970 2665 1040 quid
2696 970 2940 1039 prohibet
2972 970 3176 1025 eisdem
3208 972 3272 1025 de
3310 970 3490 1025 causis

1913 1057 2075 1109 etiam
2110 1066 2409 1112 creatorem
2457 1059 2630 1127 ipsum
2679 1073 2798 1114 csse
2840 1058 3084 1129 negare?
3117 1058 3247 1111 Nam
3277 1075 3371 1128 pro
3400 1075 3487 1112 ra-

1914 1151 2060 1201 tione
2090 1148 2284 1202 virium
2315 1150 2431 1218 ejus
2468 1150 2556 1219 qui
2610 1151 2759 1217 facit,
2789 1163 2841 1207 et
2890 1167 2988 1221 pro
3031 1151 3345 1206 discrimine
3374 1168 3489 1205 ma—

1912 1241 2207 1309 gnitudinis
2254 1255 2441 1295 eorum
2489 1257 2610 1311 quae
2662 1241 2820 1307 iiunt,
2855 1246 3158 1297 necessario
3191 1253 3280 1296 aut
3320 1244 3491 1311 major

1914 1345 2003 1385 aut
2052 1334 2226 1386 minor
2274 1331 2425 1386 labor
2470 1334 2748 1403 corporeis
2794 1334 3043 1395 omnibus
3086 1332 3493 1402 operationibus

1912 1424 2277 1493 conjungitur.
2325 1424 2566 1477 Divinam
2625 1434 2802 1478 autem
2860 1441 2923 1480 ac
2971 1425 3180 1479 beatam
3233 1433 3483 1479 naturam

1913 1517 2090 1569 dicere
2123 1516 2306 1570 labore
2340 1516 2531 1585 premi,
2566 1531 2670 1569 non
2712 1516 2885 1569 minus
2932 1516 3154 1583 impium
3192 1526 3292 1579 est,
3328 1529 3488 1584 quam

1913 1623 2029 1661 eam
2089 1608 2367 1663 alTectibus
2431 1608 2755 1679 turpissimis
2816 1606 3099 1676 subjicere.
3156 1605 3248 1660 Sin
3309 1615 3487 1660 autem

1914 1702 2047 1753 citra
2089 1699 2337 1754 aﬂectum
2385 1710 2563 1763 creat,
2606 1701 3004 1771 generationem
3050 1710 3261 1768 quoque
3293 1694 3487 1751 aﬂ'ectu

1913 1804 2107 1845 vacare
2136 1790 2432 1850 fateamini.

1984 1879 2074 1933 24.
2115 1877 2267 1945 Quod
2314 1882 2477 1951 igitur
2528 1882 2743 1951 proprie
2785 1897 2848 1935 ac
2894 1883 3086 1936 merito
3119 1881 3258 1937 Deus
3292 1879 3491 1934 dicitur

1844 1947 1884 2004 Β
1916 1973 2094 2037 Pater,
2134 1983 2187 2028 et
2217 1947 2358 2043 quod
2405 1947 2793 2041 non-allectus,
2830 1976 2920 2029 sed
2967 1973 3361 2044 conjunctionis
3396 1988 3489 2026 no-

1918 2080 2037 2119 men
2073 2075 2178 2129 εει,
2212 2074 2306 2118 aut
2340 2064 2453 2131 ejus
2488 2080 2606 2133 qua:
2636 2067 2693 2119 [it
2725 2081 2819 2135 per
2849 2070 3097 2136 gratiam,
3133 2077 3189 2121 nt
3222 2066 3272 2120 in
3309 2066 3485 2120 homi-

1916 2159 2097 2223 nibus,
2130 2168 2221 2211 aut
2265 2157 2385 2227 ejus
2417 2172 2537 2227 qua:
2582 2160 2875 2212 secundum
2922 2169 3165 2213 naturam
3197 2168 3301 2222 est,
3332 2168 3389 2212 ut
3432 2158 3487 2212 in

1922 2249 2227 2319 lluigenito,
2260 2250 2395 2304 satis
2451 2250 2652 2302 dictum
2708 2258 2810 2305 εει.
2860 2250 2964 2303 Sed
3011 2250 3198 2306 demus
3245 2260 3300 2305 et
3348 2252 3490 2306 banc

1918 2355 2100 2394 vocem
2130 2340 2388 2408 tropicam
2417 2355 2560 2404 esse,
2586 2355 2833 2410 eamque,
2865 2341 3001 2396 sicut
3020 2352 3073 2396 et
3098 2342 3233 2397 alias
3262 2357 3487 2398 sexcen-

1922 2443 2022 2496 tas,
2054 2448 2150 2502 per
2197 2432 2601 2487 translationem
2638 2432 2764 2486 dini.
2806 2432 3261 2499 Quemadmodum
3303 2434 3489 2503 igitur,

1915 2544 2036 2579 cum
2068 2527 2231 2579 Deum
2268 2526 2519 2577 audimus
2563 2525 2744 2589 irasci,
2776 2526 3031 2592 dormire,
3060 2526 3259 2592 volare,
3293 2537 3349 2581 et
3381 2526 3489 2580 alia

1916 2621 1965 2673 id
2015 2635 2203 2690 genus,
2239 2632 2359 2687 quae
2414 2632 2576 2670 sensu
2617 2616 2776 2671 obvio
2816 2618 3220 2685 intelligentiam
3272 2618 3491 2671 indeco-

1919 2727 2029 2762 ram
2082 2726 2191 2779 pra:
2240 2724 2297 2763 se
2353 2710 2550 2771 ferunt,
2582 2724 2686 2762 non
2726 2718 2900 2764 tamen
2937 2724 3096 2763 voces
3128 2708 3361 2779 Spiritus
3390 2723 3487 2763 ex-

1918 2802 2224 2870 pungimus,
2255 2815 2351 2853 nec
2377 2800 2533 2853 modo
2562 2813 2819 2867 corporeo
2846 2799 2958 2853 haec
2982 2800 3120 2854 dicta
3151 2801 3480 2869 accipimus;

1916 2907 2071 2960 quam
2126 2892 2334 2945 tandem
2378 2893 2446 2945 ob
2494 2906 2735 2953 causam.
2765 2906 2883 2945 cum
2919 2891 3030 2944 inec
3063 2905 3162 2942 vox
3198 2892 3329 2945 adeo
3370 2890 3485 2944 ire-

1916 2992 2140 3051 quenter
2169 2998 2197 3035 a
2231 2981 2429 3051 Spiritu
2469 2992 2724 3050 usurpata
2776 2983 2864 3046 sit,
2908 2996 3009 3035 non
3064 2982 3227 3036 etiam
3281 2996 3480 3037 conre-

1917 3078 2144 3129 nientem
2213 3074 2322 3128 Deo
2386 3074 2788 3143 intelligentiam
2866 3075 3289 3145 investigamus?
3358 3094 3486 3130 num

1918 3166 2053 3218 banc
2102 3165 2269 3218 solam
2324 3180 2389 3217 ex
2440 3164 2719 3234 Scriptura
2769 3164 3088 3227 delebimus,
3121 3180 3238 3219 eam
3280 3179 3343 3220 ex
3384 3167 3491 3220 lm-

1841 3290 1881 3344 ε
1919 3272 2076 3311 mauo
2105 3272 2201 3311 usu
2245 3256 2677 3311 calumniantes?
2705 3257 2773 3309 At
2802 3272 2911 3310 rem
2948 3256 3027 3310 sic
3059 3258 3488 3314 consideremus.

1920 3352 2050 3403 Cum
2088 3350 2192 3405 duo
2238 3350 2610 3417 signiﬁcentur
2643 3348 2934 3419 generandi
2970 3364 3099 3403 voce
3138 3363 3201 3403 ex
3255 3351 3489 3405 humano

1919 3457 2093 3507 more,
2146 3443 2457 3510 generantis
2512 3442 2717 3495 scilicet
2770 3439 3013 3505 allectus,
3070 3450 3124 3495 et
3184 3445 3491 3513 conjunctis

1918 3550 2038 3587 cum
2066 3536 2280 3604 genito;
2312 3533 2525 3600 quando
2549 3548 2577 3585 a
2603 3530 2762 3586 Patre
2788 3533 2851 3585 ad
2885 3532 3223 3598 Unigenitnm
3258 3534 3489 3588 dicitur:

1922 3626 2004 3678 Ea:
2033 3614 2174 3680 utero
2201 3636 2321 3679 ante
2345 3626 2626 3694 lurilerum
2661 3630 2812 3694 genui
2847 3635 2894 3677 te
2922 3626 2999 3687 9";
3033 3637 3113 3680 et:
3146 3624 3317 3679 Filius
3350 3644 3493 3682 mea:

1919 3735 1971 3770 es
2005 3730 2080 3780 tu,
2114 3736 2205 3787 ego
2235 3720 2386 3772 hodie
2414 3721 2568 3786 genui
2596 3729 2642 3771 ιε
2670 3718 2750 3782 ⁸⁸;
2784 3728 2959 3771 utram
2997 3719 3183 3771 barum
3221 3721 3491 3791 signiﬁca-

1921 3813 2124 3864 tionum
2160 3814 2262 3865 boc
2294 3811 2460 3864 verbo
2490 3811 2713 3866 indicari
2747 3812 3024 3865 dicemus?
3050 3818 3495 3880 generantiumne

1919 3903 2188 3970 affectum,
2226 3919 2292 3955 an
2341 3912 2545 3956 naturae
2579 3904 3052 3971 conjunrtionem?
3082 3902 3191 3972 Ego
3225 3905 3326 3959 hoc
3367 3920 3495 3959 cen-

1918 4012 2043 4059 seu;
2081 4006 2135 4049 et
2181 4010 2247 4049 ne
2290 3994 2387 4050 hos
2433 3995 2674 4065 quidem,
2711 3996 2810 4050 nisi
2864 3996 2915 4049 in
2964 3998 3309 4051 manifestum
3361 4008 3495 4052 atra:

1917 4088 2038 4141 bilis
2088 4089 2329 4143 morbum
2394 4088 2730 4151 incidissent,
2766 4090 3201 4142 contradicturos
3253 4103 3490 4158 unquam

1919 4179 2085 4232 fuisse
2118 4180 2371 4232 arbitror.
2399 4178 2601 4243 Quare,
2635 4179 2677 4231 si
2708 4179 2957 4231 c0nvenit
2978 4179 3083 4234 Deo
3102 4180 3211 4233 bwc
3240 4196 3362 4245 vox,
3394 4195 3496 4235 cur

1919 4273 2059 4324 sicut
2108 4270 2337 4323 alienam
2388 4272 2636 4337 spernis?
2691 4266 2785 4323 Sin
2835 4280 3013 4323 autem
3067 4287 3129 4324 ex
3185 4272 3494 4327 hominibus

1922 4361 2181 4416 translata
2230 4371 2335 4425 est,
2371 4376 2502 4413 sano
2550 4361 2852 4430 signiﬁcatu
2911 4362 3139 4427 delecto,
3176 4366 3296 4433 fuge
3345 4364 3493 4418 dete-

1923 4456 2139 4507 riorem.
2178 4452 2310 4506 Nam
2351 4452 2590 4520 profecto
2622 4454 2672 4505 in
2704 4454 2939 4507 dictione
2975 4469 3093 4521 qua:
3127 4457 3292 4507 multa
3326 4456 3495 4524 signi-

1923 4548 2064 4611 licat,
2096 4560 2214 4598 cum
2260 4546 2324 4597 ad
2361 4556 2555 4598 rectam
2617 4544 2899 4599 notionem"
2946 4560 3041 4612 per
3088 4545 3252 4614 ipsam
3306 4560 3492 4599 vocem

242 4637 415 4706 δήπου
444 4638 499 4687 ἐν
534 4635 829 4705 πολυσήμῳ
855 4640 919 4707 τῇ
946 4636 1106 4701 λέξει,
1134 4637 1269 4707 πρὸς
1292 4638 1389 4707 τὴν
1417 4637 1582 4707 ὀρθὴν
1609 4637 1812 4689 ἔννοιαν

1886 4635 2179 4689 χιίεάιιειυε
2226 4634 2414 4699 fueris,
2461 4635 2585 4687 licet
2628 4634 2883 4686 bnmilem
2930 4646 3247 4704 turpemque
3294 4634 3494 4687 intelli-

241 4726 574 4796 ὁδηγηθέντα
600 4726 687 4779 διὰ
709 4729 799 4780 τοῦ
825 4730 1084 4799 ῥήματος,
1119 4730 1179 4781 τὸ
1202 4729 1451 4781 ταπεινὸν
1480 4730 1570 4782 καὶ
1592 4730 1811 4799 αἰσχρὸν

241 4820 340 4889 τῆς
372 4818 658 4890 ἐμφάσεως
687 4819 1007 4889 ὑπερϐῆναι.
1052 4823 1159 4874 Καὶ
1206 4823 1275 4892 μή
1312 4839 1400 4890 μοι
1435 4822 1554 4888 λέγε
1576 4839 1587 4849 ·
1630 4821 1723 4883 Τίς
1755 4821 1811 4873 δὲ

315 4996 361 5028 ⁸¹¹
393 4995 534 5053 Psal.
561 5013 672 5060 cu,
699 4997 751 5051 5.
830 4996 875 5027 ⁸³
900 4995 1041 5050 Psal.
1076 5014 1135 5063 ιι,
1166 4998 1216 5051 7.

317 5150 429 5221 (84)
463 5150 597 5204 Etliti
624 5148 761 5207 εἶναι
785 5153 1078 5207 δεικνύναι.
1132 5152 1349 5206 Veteres
1402 5155 1641 5219 quinque
1691 5153 1813 5207 libri

241 5218 724 5277 οὖσανδεικνύναι.
762 5224 875 5276 Mox
917 5239 1047 5277 mss.
1085 5224 1321 5275 nonnulli
1358 5218 1671 5290 φιλονεικεῖ.

323 5292 435 5362 (85)
471 5293 619 5365 Illud.
663 5296 1010 5365 ἀφαιρεῖται,
1053 5294 1117 5346 ad
1171 5295 1400 5365 verbum
1455 5296 1817 5361 interpretans

245 5364 661 5433 Trapezuntjns,
702 5366 777 5417 sic
806 5364 1019 5417 vertit:
1064 5364 1290 5431 genitum
1326 5381 1436 5416 esse
1474 5383 1505 5416 α
1556 5366 1815 5433 genimine

244 5443 486 5487 removet.
525 5430 635 5486 Hoc
664 5447 767 5497 est,
799 5442 948 5502 negat
989 5430 1107 5501 ﬁeri
1159 5436 1422 5497 potuisse.
1468 5445 1522 5485 ut
1557 5430 1814 5502 igcnitura

244 5504 422 5572 genita
459 5502 637 5570 fuerit.
670 5504 747 5557 Eo
779 5515 985 5569 spectat
1012 5515 1118 5558 tota
1147 5502 1323 5556 Basilii
1363 5504 1723 5567 ratiocinatio,
1760 5516 1811 5555 ut

245 5575 437 5640 probet
484 5575 776 5641 pugnantia
813 5576 954 5642 loqui
995 5576 1333 5627 Eunominm.
1371 5574 1434 5627 Et
1475 5591 1600 5627 vero
1652 5575 1808 5637 prati.

248 5644 347 5695 teri
384 5642 575 5695 Filium
607 5645 907 5710 genituram
936 5652 1143 5707 esse,et
1180 5654 1357 5697 tamen
1399 5660 1591 5712 negare
1622 5643 1813 5697 Filium

245 5714 485 5785 genitum
518 5712 703 5773 fuisse,
731 5716 857 5781 quid
889 5727 991 5780 est.
1024 5728 1224 5781 quaeso,
1278 5716 1378 5768 nisi
1413 5718 1702 5785 pugnantia
1738 5716 1813 5769 lo-

244 5783 359 5851 qui,
380 5792 429 5835 et
460 5797 641 5851 secum
674 5801 775 5838 non
810 5787 1155 5838 consentire?

320 5850 637 5926 (86)(ἷοι1εκ
671 5865 891 5926 ιιιιιιενει
915 5856 1040 5926 editi
1082 5856 1145 5907 ἐκ
1203 5859 1510 5926 μεταφορᾶς
1542 5856 1809 5925 εἰρῆσθαι.

246 5922 453 5991 Reliqui
488 5939 577 5977 se!
614 5941 740 5978 mss.
778 5923 1045 5991 λέγεσθαι.
1091 5922 1213 5980 Μυέ
1249 5922 1441 5995 legitur
1481 5930 1529 5977 in
1585 5922 1812 5993 ιἰιίξςιιιιε

1918 4731 2153 4799 gentiam
2201 4729 2499 4798 praeterire.
2545 4726 2651 4780 Nec
2696 4728 2825 4780 mibi
2863 4727 3009 4779 dicas
3043 4744 3057 4781 :
3092 4725 3220 4792 Quae
3253 4742 3380 4780 vero
3410 4738 3492 4781 est

1920 4822 2219 4891 generatio,
2257 4830 2308 4873 et
2344 4820 2540 4888 qualis,
2574 4829 2628 4872 et
2656 4819 2924 4887 quomodo
2968 4819 3084 4872 fieri
3125 4817 3341 4887 potuit?
3374 4816 3489 4871 Non

1916 5154 1963 5204 εί
2015 5152 2193 5203 τοίνυν
2232 5168 2245 5202 :
2287 5150 2378 5203 sed
2437 5163 2531 5212 pro
2575 5148 2623 5199 εί
2674 5146 2853 5198 τοίνυν
2901 5146 3160 5212 scriptum
3200 5145 3252 5199 in
3292 5147 3490 5201 nostris

1917 5232 2120 5288 septem
2164 5220 2440 5274 codicibus
2478 5219 2775 5269 invenimus
2815 5217 2902 5277 Ὠς
2929 5215 3133 5288 τοίνυν.

1990 5291 2101 5355 (87)
2142 5290 2363 5344 Codices
2408 5289 2610 5355 aliquot
2662 5288 2814 5355 παρὰ
2860 5285 2953 5338 τοῦ
2994 5284 3333 5355 Πνεύματος.
3372 5284 3487 5339 Vox

1917 5362 2131 5430 αὐτῆς,
2188 5377 2304 5430 qua:
2368 5360 2547 5413 statim
2611 5360 2894 5425 sequitur,
2943 5356 2996 5409 in
3045 5359 3287 5425 quinque
3350 5372 3482 5411 mss.

1916 5436 2086 5486 deest.

1988 5502 2097 5567 (88)
2139 5501 2258 5553 llzec
2287 5501 2497 5554 diverse
2555 5500 2606 5551 in
2646 5498 2875 5551 diversis
2904 5496 3325 5564 disﬁnguuntur.
3354 5493 3488 5547 Nam

1923 5574 1973 5646 in
1999 5565 2231 5639 vulgatis
2270 5581 2324 5624 et
2364 5572 2414 5622 in
2467 5585 2573 5646 uno
2604 5569 2789 5621 codice
2818 5568 3019 5646 virgula
3058 5567 3229 5646 posita
3267 5575 3351 5646 est
3400 5581 3489 5617 ευ-

1921 5643 2024 5695 Ιιιιιι
2078 5636 2193 5709 pbst
2226 5657 2409 5695 vocem
2448 5640 2733 5709 χρήσεωςτ
2767 5648 2820 5689 at
2868 5639 2918 5690 in
2944 5636 3125 5709 Regiis
3151 5637 3390 5709 secundo
3435 5646 3492 5709 et

1918 5706 2110 5779 quarto
2148 5711 2351 5779 virgula
2379 5706 2557 5763 statim
2585 5720 2704 5777 post
2729 5709 2945 5760 verbum
2973 5706 3352 5776 ἀπαλείψομεν
3381 5707 3491 5758 rol-

1922 5784 2148 5836 locatur.
2188 5784 2421 5835 Primam
2453 5779 2810 5845 distinguendi
2860 5782 3122 5831 rationem
3160 5788 3379 5830 secutus
3405 5784 3506 5831 est.

1921 5855 2183 5918 interpres
2210 5863 2361 5903 vetns
2390 5868 2401 5900 :
2439 5866 2534 5902 nos
2560 5850 2935 5915 posteriorem.

1992 5916 2101 5992 (89)
2142 5923 2362 5978 Velerrs
2388 5921 2589 5987 aliquot
2626 5920 2742 5971 libri
2797 5916 3239 5970 ἐναντιώσασθαι.
