  <div class='ocr_page' id='page_1' title='image "/cluster/home/n/w/nwhite01/storage/ocr_20150623/29/uva.x004321530/736.png"; bbox 0 0 4208 6488; ppageno 0'>
   <div class='ocr_carea' id='block_1_1' title="bbox 224 448 1886 509">
    <p class='ocr_par' dir='ltr' id='par_1_1' title="bbox 224 449 1886 509">
     <span class='ocr_line' id='line_1_1' title="bbox 224 449 1886 509; baseline -0.002 -2"><span class='ocrx_word' id='word_1_1' title='bbox 224 455 332 509; x_wconf 71' lang='grc'><strong>635</strong></span> <span class='ocrx_word' id='word_1_2' title='bbox 1317 451 1681 507; x_wconf 69' lang='grc' dir='ltr'>Αθιέιιευε</span> <span class='ocrx_word' id='word_1_3' title='bbox 1723 449 1886 506; x_wconf 72' lang='lat' dir='ltr'><strong>EUNC</strong></span> 
     </span>
    </p>
   </div>
   <div class='ocr_carea' id='block_1_2' title="bbox 1790 448 3452 509">
    <p class='ocr_par' dir='ltr' id='par_1_2' title="bbox 1790 448 3452 506">
     <span class='ocr_line' id='line_1_2' title="bbox 1790 448 3452 506; baseline -0.004 0"><span class='ocrx_word' id='word_1_4' title='bbox 1790 449 2084 506; x_wconf 72' lang='lat' dir='ltr'><strong>JNOMIUM</strong></span> <span class='ocrx_word' id='word_1_5' title='bbox 2131 451 2255 505; x_wconf 86' lang='lat' dir='ltr'><strong>LIB.</strong></span> <span class='ocrx_word' id='word_1_6' title='bbox 2302 449 2361 502; x_wconf 94' lang='lat' dir='ltr'><strong>ll.</strong></span> <span class='ocrx_word' id='word_1_7' title='bbox 3349 448 3452 502; x_wconf 73' lang='grc'><strong>636</strong></span> 
     </span>
    </p>
   </div>
   <div class='ocr_carea' id='block_1_3' title="bbox 223 565 1885 644">
    <p class='ocr_par' dir='ltr' id='par_1_3' title="bbox 223 571 1868 644">
     <span class='ocr_line' id='line_1_3' title="bbox 223 571 1868 644; baseline -0.002 -17"><span class='ocrx_word' id='word_1_8' title='bbox 223 575 323 644; x_wconf 75' lang='grc' dir='ltr'><strong>τὴν</strong></span> <span class='ocrx_word' id='word_1_9' title='bbox 350 574 518 644; x_wconf 75' lang='grc' dir='ltr'>αὐτὴν</span> <span class='ocrx_word' id='word_1_10' title='bbox 561 573 671 642; x_wconf 70' lang='grc' dir='ltr'>ἔχει</span> <span class='ocrx_word' id='word_1_11' title='bbox 700 573 834 644; x_wconf 81' lang='grc' dir='ltr'>πρὸς</span> <span class='ocrx_word' id='word_1_12' title='bbox 880 573 1080 643; x_wconf 74' lang='grc' dir='ltr'>ἄλληλα</span> <span class='ocrx_word' id='word_1_13' title='bbox 1129 574 1326 644; x_wconf 80' lang='grc' dir='ltr'>μάχην,</span> <span class='ocrx_word' id='word_1_14' title='bbox 1372 573 1546 644; x_wconf 68' lang='grc' dir='ltr'>ἥνπερ</span> <span class='ocrx_word' id='word_1_15' title='bbox 1591 571 1794 642; x_wconf 73' lang='grc' dir='ltr'>ἀνέχει</span> <span class='ocrx_word' id='word_1_16' title='bbox 1826 582 1868 634; x_wconf 74' lang='grc' dir='ltr'><strong>Α</strong></span> 
     </span>
    </p>
   </div>
   <div class='ocr_carea' id='block_1_4' title="bbox 1793 565 3455 644">
    <p class='ocr_par' dir='ltr' id='par_1_4' title="bbox 1793 565 3455 636">
     <span class='ocr_line' id='line_1_4' title="bbox 1793 565 3455 636; baseline 0.002 -15"><span class='ocrx_word' id='word_1_17' title='bbox 1793 613 1794 621; x_wconf 30' lang='grc' dir='ltr'>χ</span> <span class='ocrx_word' id='word_1_18' title='bbox 1826 582 1868 634; x_wconf 72' lang='grc' dir='ltr'><strong>Α</strong></span> <span class='ocrx_word' id='word_1_19' title='bbox 1899 572 1941 624; x_wconf 89' lang='lat' dir='ltr'><strong>si</strong></span> <span class='ocrx_word' id='word_1_20' title='bbox 1973 586 2036 625; x_wconf 78' lang='lat' dir='ltr'><strong>ex</strong></span> <span class='ocrx_word' id='word_1_21' title='bbox 2066 572 2183 624; x_wconf 86' lang='lat' dir='ltr'><strong>visu</strong></span> <span class='ocrx_word' id='word_1_22' title='bbox 2221 571 2307 623; x_wconf 81' lang='lat' dir='ltr'><strong>lux</strong></span> <span class='ocrx_word' id='word_1_23' title='bbox 2339 568 2605 636; x_wconf 78' lang='lat' dir='ltr'><strong>sequitur,</strong></span> <span class='ocrx_word' id='word_1_24' title='bbox 2631 581 2696 621; x_wconf 81' lang='lat' dir='ltr'><strong>ex</strong></span> <span class='ocrx_word' id='word_1_25' title='bbox 2723 566 2966 622; x_wconf 60' lang='lat' dir='ltr'><strong>caecitate</strong></span> <span class='ocrx_word' id='word_1_26' title='bbox 2998 565 3231 623; x_wconf 67' lang='lat' dir='ltr'><strong>tenebrm</strong></span> <span class='ocrx_word' id='word_1_27' title='bbox 3259 586 3273 622; x_wconf 91' lang='lat'><strong>:</strong></span> <span class='ocrx_word' id='word_1_28' title='bbox 3311 570 3355 624; x_wconf 87' lang='lat' dir='ltr'><strong>si</strong></span> <span class='ocrx_word' id='word_1_29' title='bbox 3391 587 3455 626; x_wconf 76' lang='lat' dir='ltr'><strong>ex</strong></span> 
     </span>
    </p>
   </div>
   <div class='ocr_carea' id='block_1_5' title="bbox 225 660 1887 734">
    <p class='ocr_par' dir='ltr' id='par_1_5' title="bbox 225 662 1793 734">
     <span class='ocr_line' id='line_1_5' title="bbox 225 662 1793 734; baseline -0.002 -15"><span class='ocrx_word' id='word_1_30' title='bbox 225 666 323 719; x_wconf 74' lang='grc' dir='ltr'>καὶ</span> <span class='ocrx_word' id='word_1_31' title='bbox 351 663 419 718; x_wconf 79' lang='grc' dir='ltr'>τὰ</span> <span class='ocrx_word' id='word_1_32' title='bbox 449 662 755 734; x_wconf 72' lang='grc' dir='ltr'><strong>ἡγούμενα·</strong></span> <span class='ocrx_word' id='word_1_33' title='bbox 795 663 888 715; x_wconf 78' lang='grc' dir='ltr'>καὶ</span> <span class='ocrx_word' id='word_1_34' title='bbox 924 664 1048 717; x_wconf 83' lang='grc' dir='ltr'>ὅταν</span> <span class='ocrx_word' id='word_1_35' title='bbox 1087 663 1161 734; x_wconf 83' lang='grc' dir='ltr'>τῷ</span> <span class='ocrx_word' id='word_1_36' title='bbox 1192 664 1361 734; x_wconf 77' lang='grc' dir='ltr'>ἑτέρῳ</span> <span class='ocrx_word' id='word_1_37' title='bbox 1399 664 1506 717; x_wconf 84' lang='grc' dir='ltr'><strong>τῶν</strong></span> <span class='ocrx_word' id='word_1_38' title='bbox 1539 665 1793 717; x_wconf 76' lang='grc' dir='ltr'>ἐναντίων</span> 
     </span>
    </p>
   </div>
   <div class='ocr_carea' id='block_1_6' title="bbox 1797 660 3459 734">
    <p class='ocr_par' dir='ltr' id='par_1_6' title="bbox 1899 660 3459 728">
     <span class='ocr_line' id='line_1_6' title="bbox 1899 660 3459 728; baseline 0.001 -13"><span class='ocrx_word' id='word_1_39' title='bbox 1899 666 2004 717; x_wconf 83' lang='lat' dir='ltr'><strong>vita</strong></span> <span class='ocrx_word' id='word_1_40' title='bbox 2054 679 2266 726; x_wconf 88' lang='lat' dir='ltr'><strong>sensus,</strong></span> <span class='ocrx_word' id='word_1_41' title='bbox 2303 677 2369 717; x_wconf 77' lang='lat' dir='ltr'><strong>ex</strong></span> <span class='ocrx_word' id='word_1_42' title='bbox 2401 671 2575 715; x_wconf 88' lang='lat' dir='ltr'><strong>morte</strong></span> <span class='ocrx_word' id='word_1_43' title='bbox 2620 661 2846 728; x_wconf 77' lang='lat' dir='ltr'><strong>privatio</strong></span> <span class='ocrx_word' id='word_1_44' title='bbox 2891 676 3171 716; x_wconf 81' lang='lat' dir='ltr'><strong>sensuum.</strong></span> <span class='ocrx_word' id='word_1_45' title='bbox 3213 660 3336 717; x_wconf 60' lang='lat' dir='ltr'><strong>Hac</strong></span> <span class='ocrx_word' id='word_1_46' title='bbox 3365 680 3459 717; x_wconf 51' lang='lat' dir='ltr'><strong>au-</strong></span> 
     </span>
    </p>
   </div>
   <div class='ocr_carea' id='block_1_7' title="bbox 224 750 1886 826">
    <p class='ocr_par' dir='ltr' id='par_1_7' title="bbox 224 755 1793 826">
     <span class='ocr_line' id='line_1_7' title="bbox 224 755 1793 826; baseline 0 -16"><span class='ocrx_word' id='word_1_47' title='bbox 224 755 289 810; x_wconf 73' lang='grc' dir='ltr'><strong>τδ</strong></span> <span class='ocrx_word' id='word_1_48' title='bbox 313 755 547 809; x_wconf 77' lang='grc' dir='ltr'>ἐναντίον</span> <span class='ocrx_word' id='word_1_49' title='bbox 579 755 817 826; x_wconf 82' lang='grc' dir='ltr'>ὑπάρχῃ.</span> <span class='ocrx_word' id='word_1_50' title='bbox 857 755 952 808; x_wconf 81' lang='grc' dir='ltr'>καὶ</span> <span class='ocrx_word' id='word_1_51' title='bbox 991 755 1066 826; x_wconf 86' lang='grc' dir='ltr'>τῷ</span> <span class='ocrx_word' id='word_1_52' title='bbox 1097 755 1265 826; x_wconf 79' lang='grc' dir='ltr'>ἑτέρῳ</span> <span class='ocrx_word' id='word_1_53' title='bbox 1294 755 1509 818; x_wconf 80' lang='grc' dir='ltr'>πάντως</span> <span class='ocrx_word' id='word_1_54' title='bbox 1550 757 1608 809; x_wconf 86' lang='grc' dir='ltr'>τὸ</span> <span class='ocrx_word' id='word_1_55' title='bbox 1641 757 1793 810; x_wconf 81' lang='grc' dir='ltr'>ἐναν-</span> 
     </span>
    </p>
   </div>
   <div class='ocr_carea' id='block_1_8' title="bbox 1789 750 3451 826">
    <p class='ocr_par' dir='ltr' id='par_1_8' title="bbox 1789 750 3451 823">
     <span class='ocr_line' id='line_1_8' title="bbox 1789 750 3451 823; baseline -0.004 -12"><span class='ocrx_word' id='word_1_56' title='bbox 1789 787 1793 796; x_wconf 72' lang='grc' dir='ltr'><strong>ι</strong></span> <span class='ocrx_word' id='word_1_57' title='bbox 1896 767 2000 811; x_wconf 90' lang='lat' dir='ltr'><strong>tem</strong></span> <span class='ocrx_word' id='word_1_58' title='bbox 2029 755 2336 810; x_wconf 73' lang='lat' dir='ltr'><strong>observatio</strong></span> <span class='ocrx_word' id='word_1_59' title='bbox 2368 768 2529 823; x_wconf 87' lang='lat' dir='ltr'><strong>quam</strong></span> <span class='ocrx_word' id='word_1_60' title='bbox 2558 750 2748 806; x_wconf 83' lang='lat' dir='ltr'><strong>debilis</strong></span> <span class='ocrx_word' id='word_1_61' title='bbox 2779 751 2870 815; x_wconf 88' lang='lat' dir='ltr'><strong>sit,</strong></span> <span class='ocrx_word' id='word_1_62' title='bbox 2899 765 3172 820; x_wconf 89' lang='lat' dir='ltr'><strong>quamque</strong></span> <span class='ocrx_word' id='word_1_63' title='bbox 3204 751 3451 817; x_wconf 78' lang='lat' dir='ltr'><strong>evanida,</strong></span> 
     </span>
    </p>
   </div>
   <div class='ocr_carea' id='block_1_9' title="bbox 225 841 1788 917">
    <p class='ocr_par' dir='ltr' id='par_1_9' title="bbox 225 841 1788 917">
     <span class='ocr_line' id='line_1_9' title="bbox 225 841 1788 917; baseline 0.001 -16"><span class='ocrx_word' id='word_1_64' title='bbox 225 847 343 901; x_wconf 83' lang='grc' dir='ltr'>τίον</span> <span class='ocrx_word' id='word_1_65' title='bbox 367 843 739 916; x_wconf 83' lang='grc' dir='ltr'>ἀκολουθήσει.</span> <span class='ocrx_word' id='word_1_66' title='bbox 774 841 918 908; x_wconf 72' lang='grc' dir='ltr'>Οἷον,</span> <span class='ocrx_word' id='word_1_67' title='bbox 949 849 996 898; x_wconf 84' lang='grc' dir='ltr'><strong>εί</strong></span> <span class='ocrx_word' id='word_1_68' title='bbox 1024 849 1087 916; x_wconf 80' lang='grc' dir='ltr'>τῇ</span> <span class='ocrx_word' id='word_1_69' title='bbox 1117 847 1304 917; x_wconf 82' lang='grc' dir='ltr'><strong>ὁράσει</strong></span> <span class='ocrx_word' id='word_1_70' title='bbox 1330 847 1392 899; x_wconf 80' lang='grc' dir='ltr'>τὸ</span> <span class='ocrx_word' id='word_1_71' title='bbox 1421 848 1536 917; x_wconf 82' lang='grc' dir='ltr'><strong>φῶς</strong></span> <span class='ocrx_word' id='word_1_72' title='bbox 1576 849 1788 915; x_wconf 75' lang='grc' dir='ltr'>ἕπεται,</span> 
     </span>
    </p>
   </div>
   <div class='ocr_carea' id='block_1_10' title="bbox 225 936 1790 1010">
    <p class='ocr_par' dir='ltr' id='par_1_10' title="bbox 225 936 1790 1010">
     <span class='ocr_line' id='line_1_10' title="bbox 225 936 1790 1010; baseline 0.002 -18"><span class='ocrx_word' id='word_1_73' title='bbox 225 942 293 1010; x_wconf 81' lang='grc' dir='ltr'>τῇ</span> <span class='ocrx_word' id='word_1_74' title='bbox 333 937 622 1009; x_wconf 80' lang='grc' dir='ltr'>τυφλότητι</span> <span class='ocrx_word' id='word_1_75' title='bbox 657 936 718 989; x_wconf 85' lang='grc' dir='ltr'>τὸ</span> <span class='ocrx_word' id='word_1_76' title='bbox 758 938 976 1000; x_wconf 84' lang='grc' dir='ltr'><strong>σκότος·</strong></span> <span class='ocrx_word' id='word_1_77' title='bbox 1005 939 1052 989; x_wconf 85' lang='grc' dir='ltr'><strong>εί</strong></span> <span class='ocrx_word' id='word_1_78' title='bbox 1082 937 1158 1008; x_wconf 82' lang='grc' dir='ltr'>τῷ</span> <span class='ocrx_word' id='word_1_79' title='bbox 1191 939 1289 1008; x_wconf 80' lang='grc' dir='ltr'>ζῇν</span> <span class='ocrx_word' id='word_1_80' title='bbox 1321 939 1383 992; x_wconf 83' lang='grc' dir='ltr'>τὸ</span> <span class='ocrx_word' id='word_1_81' title='bbox 1419 939 1790 1006; x_wconf 77' lang='grc' dir='ltr'>αἰσθάνεσθαι,</span> 
     </span>
    </p>
   </div>
   <div class='ocr_carea' id='block_1_11' title="bbox 222 1029 1791 1103">
    <p class='ocr_par' dir='ltr' id='par_1_11' title="bbox 222 1029 1791 1103">
     <span class='ocr_line' id='line_1_11' title="bbox 222 1029 1791 1103; baseline 0.001 -17"><span class='ocrx_word' id='word_1_82' title='bbox 222 1033 306 1103; x_wconf 80' lang='grc' dir='ltr'>τῷ</span> <span class='ocrx_word' id='word_1_83' title='bbox 327 1032 640 1103; x_wconf 77' lang='grc' dir='ltr'><strong>τεθνηκέναι</strong></span> <span class='ocrx_word' id='word_1_84' title='bbox 662 1032 723 1084; x_wconf 84' lang='grc' dir='ltr'>τὸ</span> <span class='ocrx_word' id='word_1_85' title='bbox 747 1029 1087 1101; x_wconf 77' lang='grc' dir='ltr'><strong>ἀναισθητεῖν</strong></span> <span class='ocrx_word' id='word_1_86' title='bbox 1109 1030 1241 1100; x_wconf 70' lang='grc'><strong>(12).</strong></span> <span class='ocrx_word' id='word_1_87' title='bbox 1264 1031 1433 1085; x_wconf 79' lang='grc' dir='ltr'>Τοῦτο</span> <span class='ocrx_word' id='word_1_88' title='bbox 1457 1033 1510 1085; x_wconf 76' lang='grc' dir='ltr'>δὲ</span> <span class='ocrx_word' id='word_1_89' title='bbox 1537 1034 1612 1095; x_wconf 83' lang='grc' dir='ltr'><strong>ὡς</strong></span> <span class='ocrx_word' id='word_1_90' title='bbox 1633 1034 1791 1087; x_wconf 84' lang='grc' dir='ltr'>ἀσθε-</span> 
     </span>
    </p>
   </div>
   <div class='ocr_carea' id='block_1_12' title="bbox 225 1119 1790 1195">
    <p class='ocr_par' dir='ltr' id='par_1_12' title="bbox 225 1119 1790 1195">
     <span class='ocr_line' id='line_1_12' title="bbox 225 1119 1790 1195; baseline 0.003 -21"><span class='ocrx_word' id='word_1_91' title='bbox 225 1125 317 1188; x_wconf 77' lang='grc' dir='ltr'>νὲς</span> <span class='ocrx_word' id='word_1_92' title='bbox 355 1124 447 1176; x_wconf 77' lang='grc' dir='ltr'>καὶ</span> <span class='ocrx_word' id='word_1_93' title='bbox 474 1123 760 1176; x_wconf 80' lang='grc' dir='ltr'>διαπῖπτον</span> <span class='ocrx_word' id='word_1_94' title='bbox 797 1119 857 1175; x_wconf 85' lang='grc' dir='ltr'><strong>τὺ</strong></span> <span class='ocrx_word' id='word_1_95' title='bbox 897 1123 1288 1194; x_wconf 79' lang='grc' dir='ltr'>παρατήρημα,</span> <span class='ocrx_word' id='word_1_96' title='bbox 1325 1125 1487 1176; x_wconf 75' lang='grc' dir='ltr'>παντὶ</span> <span class='ocrx_word' id='word_1_97' title='bbox 1517 1123 1790 1195; x_wconf 79' lang='grc' dir='ltr'>γνώριμον</span> 
     </span>
    </p>
   </div>
   <div class='ocr_carea' id='block_1_13' title="bbox 222 1216 1790 1288">
    <p class='ocr_par' dir='ltr' id='par_1_13' title="bbox 222 1216 1790 1288">
     <span class='ocr_line' id='line_1_13' title="bbox 222 1216 1790 1288; baseline 0 -20"><span class='ocrx_word' id='word_1_98' title='bbox 222 1216 305 1287; x_wconf 70' lang='grc' dir='ltr'>τῷ</span> <span class='ocrx_word' id='word_1_99' title='bbox 332 1219 427 1272; x_wconf 76' lang='grc' dir='ltr'>καὶ</span> <span class='ocrx_word' id='word_1_100' title='bbox 459 1216 648 1288; x_wconf 84' lang='grc' dir='ltr'>μικρὸν</span> <span class='ocrx_word' id='word_1_101' title='bbox 677 1217 1048 1286; x_wconf 74' lang='grc' dir='ltr'>έπιστήσαντι.</span> <span class='ocrx_word' id='word_1_102' title='bbox 1079 1218 1153 1269; x_wconf 81' lang='grc' dir='ltr'><strong>Οὐ</strong></span> <span class='ocrx_word' id='word_1_103' title='bbox 1183 1216 1290 1287; x_wconf 84' lang='grc' dir='ltr'>γὰρ</span> <span class='ocrx_word' id='word_1_104' title='bbox 1316 1217 1497 1287; x_wconf 79' lang='grc' dir='ltr'>ἐπειδὴ</span> <span class='ocrx_word' id='word_1_105' title='bbox 1524 1217 1598 1287; x_wconf 83' lang='grc' dir='ltr'>τῷ</span> <span class='ocrx_word' id='word_1_106' title='bbox 1625 1221 1790 1288; x_wconf 79' lang='grc' dir='ltr'>ἐγρη-</span> 
     </span>
    </p>
   </div>
   <div class='ocr_carea' id='block_1_14' title="bbox 223 1305 1788 1380">
    <p class='ocr_par' dir='ltr' id='par_1_14' title="bbox 223 1305 1788 1380">
     <span class='ocr_line' id='line_1_14' title="bbox 223 1305 1788 1380; baseline 0 -19"><span class='ocrx_word' id='word_1_107' title='bbox 223 1308 448 1380; x_wconf 75' lang='grc' dir='ltr'>γορέναι</span> <span class='ocrx_word' id='word_1_108' title='bbox 479 1307 539 1360; x_wconf 74' lang='grc' dir='ltr'>τὸ</span> <span class='ocrx_word' id='word_1_109' title='bbox 567 1306 665 1376; x_wconf 73' lang='grc' dir='ltr'><strong>ζῇν</strong></span> <span class='ocrx_word' id='word_1_110' title='bbox 692 1305 903 1366; x_wconf 71' lang='grc' dir='ltr'>ἕπεται.</span> <span class='ocrx_word' id='word_1_111' title='bbox 934 1306 1012 1376; x_wconf 83' lang='grc' dir='ltr'><strong>τῷ</strong></span> <span class='ocrx_word' id='word_1_112' title='bbox 1045 1307 1630 1361; x_wconf 76' lang='grc' dir='ltr'>καθεύδειννάκολουθεῖ</span> <span class='ocrx_word' id='word_1_113' title='bbox 1658 1309 1788 1361; x_wconf 78' lang='grc' dir='ltr'>πάν-</span> 
     </span>
    </p>
   </div>
   <div class='ocr_carea' id='block_1_15' title="bbox 225 1398 1790 1474">
    <p class='ocr_par' dir='ltr' id='par_1_15' title="bbox 225 1398 1790 1474">
     <span class='ocr_line' id='line_1_15' title="bbox 225 1398 1790 1474; baseline 0.003 -24"><span class='ocrx_word' id='word_1_114' title='bbox 225 1418 338 1464; x_wconf 80' lang='grc' dir='ltr'><strong>τως</strong></span> <span class='ocrx_word' id='word_1_115' title='bbox 366 1401 428 1454; x_wconf 84' lang='grc' dir='ltr'>τὸ</span> <span class='ocrx_word' id='word_1_116' title='bbox 450 1398 718 1454; x_wconf 81' lang='grc' dir='ltr'>τεθνάναι.</span> <span class='ocrx_word' id='word_1_117' title='bbox 769 1399 904 1453; x_wconf 72' lang='grc' dir='ltr'>Ἀλλ’</span> <span class='ocrx_word' id='word_1_118' title='bbox 941 1400 1063 1454; x_wconf 74' lang='grc' dir='ltr'>οὗτε</span> <span class='ocrx_word' id='word_1_119' title='bbox 1098 1401 1350 1464; x_wconf 75' lang='grc' dir='ltr'>ἐναντίως</span> <span class='ocrx_word' id='word_1_120' title='bbox 1380 1401 1490 1471; x_wconf 77' lang='grc' dir='ltr'>ἔχει</span> <span class='ocrx_word' id='word_1_121' title='bbox 1518 1403 1578 1454; x_wconf 81' lang='grc' dir='ltr'><strong>τὸ</strong></span> <span class='ocrx_word' id='word_1_122' title='bbox 1601 1419 1790 1474; x_wconf 87' lang='grc' dir='ltr'>γεννη-</span> 
     </span>
    </p>
   </div>
   <div class='ocr_carea' id='block_1_16' title="bbox 225 1490 1786 1565">
    <p class='ocr_par' dir='ltr' id='par_1_16' title="bbox 225 1490 1786 1565">
     <span class='ocr_line' id='line_1_16' title="bbox 225 1490 1786 1565; baseline 0.003 -21"><span class='ocrx_word' id='word_1_123' title='bbox 225 1493 320 1544; x_wconf 83' lang='grc' dir='ltr'>τὸν</span> <span class='ocrx_word' id='word_1_124' title='bbox 342 1491 476 1562; x_wconf 81' lang='grc' dir='ltr'>πρὸς</span> <span class='ocrx_word' id='word_1_125' title='bbox 502 1490 562 1543; x_wconf 75' lang='grc' dir='ltr'>τὸ</span> <span class='ocrx_word' id='word_1_126' title='bbox 589 1490 900 1562; x_wconf 86' lang='grc' dir='ltr'>ἀγέννητον.</span> <span class='ocrx_word' id='word_1_127' title='bbox 934 1493 995 1544; x_wconf 84' lang='grc' dir='ltr'><strong>Εἰ</strong></span> <span class='ocrx_word' id='word_1_128' title='bbox 1025 1492 1132 1562; x_wconf 77' lang='grc' dir='ltr'><strong>γὰρ</strong></span> <span class='ocrx_word' id='word_1_129' title='bbox 1155 1492 1371 1545; x_wconf 81' lang='grc' dir='ltr'>ἐναντία</span> <span class='ocrx_word' id='word_1_130' title='bbox 1396 1493 1489 1545; x_wconf 84' lang='grc' dir='ltr'>καὶ</span> <span class='ocrx_word' id='word_1_131' title='bbox 1516 1492 1786 1565; x_wconf 74' lang='grc' dir='ltr'>φθαρτικὰ</span> 
     </span>
    </p>
   </div>
   <div class='ocr_carea' id='block_1_17' title="bbox 224 1579 1786 1653">
    <p class='ocr_par' dir='ltr' id='par_1_17' title="bbox 224 1579 1786 1653">
     <span class='ocr_line' id='line_1_17' title="bbox 224 1579 1786 1653; baseline 0 -19"><span class='ocrx_word' id='word_1_132' title='bbox 224 1582 491 1652; x_wconf 80' lang='grc' dir='ltr'>ἀλλήλων,</span> <span class='ocrx_word' id='word_1_133' title='bbox 531 1581 664 1652; x_wconf 86' lang='grc' dir='ltr'>ὅπερ</span> <span class='ocrx_word' id='word_1_134' title='bbox 702 1582 781 1644; x_wconf 88' lang='grc' dir='ltr'><strong>είς</strong></span> <span class='ocrx_word' id='word_1_135' title='bbox 837 1581 1071 1651; x_wconf 77' lang='grc' dir='ltr'>κεφαλὴν</span> <span class='ocrx_word' id='word_1_136' title='bbox 1107 1583 1219 1643; x_wconf 79' lang='grc' dir='ltr'>τοῖς</span> <span class='ocrx_word' id='word_1_137' title='bbox 1256 1579 1635 1652; x_wconf 77' lang='grc' dir='ltr'>βλασφημοῦσι</span> <span class='ocrx_word' id='word_1_138' title='bbox 1664 1581 1786 1653; x_wconf 86' lang='grc' dir='ltr'>τρέ-</span> 
     </span>
    </p>
   </div>
   <div class='ocr_carea' id='block_1_18' title="bbox 1892 842 3455 916">
    <p class='ocr_par' dir='ltr' id='par_1_18' title="bbox 1892 842 3455 916">
     <span class='ocr_line' id='line_1_18' title="bbox 1892 842 3455 916; baseline -0.004 -14"><span class='ocrx_word' id='word_1_139' title='bbox 1892 847 2111 902; x_wconf 91' lang='lat' dir='ltr'><strong>cuilibet</strong></span> <span class='ocrx_word' id='word_1_140' title='bbox 2141 846 2221 900; x_wconf 88' lang='lat' dir='ltr'><strong>vel</strong></span> <span class='ocrx_word' id='word_1_141' title='bbox 2262 845 2535 916; x_wconf 86' lang='lat' dir='ltr'><strong>paululum</strong></span> <span class='ocrx_word' id='word_1_142' title='bbox 2591 842 2890 897; x_wconf 89' lang='lat' dir='ltr'><strong>attendenti</strong></span> <span class='ocrx_word' id='word_1_143' title='bbox 2949 843 3292 911; x_wconf 89' lang='lat' dir='ltr'><strong>perspicuum</strong></span> <span class='ocrx_word' id='word_1_144' title='bbox 3350 853 3455 897; x_wconf 82' lang='lat' dir='ltr'><strong>est.</strong></span> 
     </span>
    </p>
   </div>
   <div class='ocr_carea' id='block_1_19' title="bbox 1892 934 3459 1007">
    <p class='ocr_par' dir='ltr' id='par_1_19' title="bbox 1892 934 3459 1007">
     <span class='ocr_line' id='line_1_19' title="bbox 1892 934 3459 1007; baseline -0.004 -13"><span class='ocrx_word' id='word_1_145' title='bbox 1892 938 2001 994; x_wconf 82' lang='lat' dir='ltr'><strong>Nec</strong></span> <span class='ocrx_word' id='word_1_146' title='bbox 2048 939 2190 991; x_wconf 92' lang='lat' dir='ltr'><strong>enim</strong></span> <span class='ocrx_word' id='word_1_147' title='bbox 2233 937 2484 1007; x_wconf 89' lang='lat' dir='ltr'><strong>quoniam</strong></span> <span class='ocrx_word' id='word_1_148' title='bbox 2536 950 2599 990; x_wconf 82' lang='lat' dir='ltr'><strong>ex</strong></span> <span class='ocrx_word' id='word_1_149' title='bbox 2647 934 2845 1004; x_wconf 76' lang='lat' dir='ltr'><strong>vigiliis</strong></span> <span class='ocrx_word' id='word_1_150' title='bbox 2889 935 2996 988; x_wconf 85' lang='lat' dir='ltr'><strong>vita</strong></span> <span class='ocrx_word' id='word_1_151' title='bbox 3038 936 3311 1003; x_wconf 77' lang='lat' dir='ltr'><strong>sequitur,</strong></span> <span class='ocrx_word' id='word_1_152' title='bbox 3367 949 3459 988; x_wconf 90' lang='lat' dir='ltr'><strong>ne-</strong></span> 
     </span>
    </p>
   </div>
   <div class='ocr_carea' id='block_1_20' title="bbox 1890 1027 3460 1097">
    <p class='ocr_par' dir='ltr' id='par_1_20' title="bbox 1890 1027 3460 1097">
     <span class='ocr_line' id='line_1_20' title="bbox 1890 1027 3460 1097; baseline -0.004 -10"><span class='ocrx_word' id='word_1_153' title='bbox 1890 1033 2126 1087; x_wconf 89' lang='lat' dir='ltr'><strong>cessario</strong></span> <span class='ocrx_word' id='word_1_154' title='bbox 2167 1047 2228 1086; x_wconf 81' lang='lat' dir='ltr'><strong>ex</strong></span> <span class='ocrx_word' id='word_1_155' title='bbox 2292 1045 2482 1085; x_wconf 83' lang='lat' dir='ltr'><strong>somno</strong></span> <span class='ocrx_word' id='word_1_156' title='bbox 2517 1045 2664 1083; x_wconf 89' lang='lat' dir='ltr'><strong>mors</strong></span> <span class='ocrx_word' id='word_1_157' title='bbox 2713 1030 2979 1097; x_wconf 81' lang='lat' dir='ltr'><strong>sequitur.</strong></span> <span class='ocrx_word' id='word_1_158' title='bbox 3021 1027 3129 1083; x_wconf 87' lang='lat' dir='ltr'><strong>Sed</strong></span> <span class='ocrx_word' id='word_1_159' title='bbox 3180 1043 3280 1083; x_wconf 84' lang='lat' dir='ltr'><strong>nee</strong></span> <span class='ocrx_word' id='word_1_160' title='bbox 3331 1043 3460 1082; x_wconf 83' lang='lat' dir='ltr'><strong>con-</strong></span> 
     </span>
    </p>
   </div>
   <div class='ocr_carea' id='block_1_21' title="bbox 1892 1120 3461 1191">
    <p class='ocr_par' dir='ltr' id='par_1_21' title="bbox 1892 1120 3461 1191">
     <span class='ocr_line' id='line_1_21' title="bbox 1892 1120 3461 1191; baseline -0.003 -13"><span class='ocrx_word' id='word_1_161' title='bbox 1892 1125 2056 1179; x_wconf 86' lang='lat' dir='ltr'><strong>trario</strong></span> <span class='ocrx_word' id='word_1_162' title='bbox 2102 1123 2258 1177; x_wconf 90' lang='lat' dir='ltr'><strong>modo</strong></span> <span class='ocrx_word' id='word_1_163' title='bbox 2317 1136 2376 1176; x_wconf 86' lang='lat' dir='ltr'><strong>se</strong></span> <span class='ocrx_word' id='word_1_164' title='bbox 2417 1123 2577 1176; x_wconf 86' lang='lat' dir='ltr'><strong>habet</strong></span> <span class='ocrx_word' id='word_1_165' title='bbox 2627 1122 2866 1191; x_wconf 78' lang='lat' dir='ltr'><strong>genitum</strong></span> <span class='ocrx_word' id='word_1_166' title='bbox 2911 1136 3032 1175; x_wconf 90' lang='lat' dir='ltr'><strong>cum</strong></span> <span class='ocrx_word' id='word_1_167' title='bbox 3062 1120 3323 1190; x_wconf 78' lang='lat' dir='ltr'><strong>ingenito.</strong></span> <span class='ocrx_word' id='word_1_168' title='bbox 3366 1120 3461 1174; x_wconf 87' lang='lat' dir='ltr'><strong>Et-</strong></span> 
     </span>
    </p>
   </div>
   <div class='ocr_carea' id='block_1_22' title="bbox 1888 1212 3458 1280">
    <p class='ocr_par' dir='ltr' id='par_1_22' title="bbox 1888 1212 3458 1280">
     <span class='ocr_line' id='line_1_22' title="bbox 1888 1212 3458 1280; baseline -0.004 -9"><span class='ocrx_word' id='word_1_169' title='bbox 1888 1218 2032 1272; x_wconf 87' lang='lat' dir='ltr'><strong>enim</strong></span> <span class='ocrx_word' id='word_1_170' title='bbox 2077 1217 2122 1270; x_wconf 90' lang='lat' dir='ltr'><strong>si</strong></span> <span class='ocrx_word' id='word_1_171' title='bbox 2177 1215 2447 1269; x_wconf 87' lang='lat' dir='ltr'><strong>contraria</strong></span> <span class='ocrx_word' id='word_1_172' title='bbox 2498 1223 2643 1275; x_wconf 87' lang='lat' dir='ltr'><strong>sunt,</strong></span> <span class='ocrx_word' id='word_1_173' title='bbox 2682 1212 2794 1280; x_wconf 81' lang='lat' dir='ltr'><strong>jam</strong></span> <span class='ocrx_word' id='word_1_174' title='bbox 2845 1224 3030 1269; x_wconf 90' lang='lat' dir='ltr'><strong>mutuo</strong></span> <span class='ocrx_word' id='word_1_175' title='bbox 3075 1227 3134 1267; x_wconf 85' lang='lat' dir='ltr'><strong>se</strong></span> <span class='ocrx_word' id='word_1_176' title='bbox 3181 1214 3458 1267; x_wconf 87' lang='lat' dir='ltr'><strong>destruent</strong></span> 
     </span>
    </p>
   </div>
   <div class='ocr_carea' id='block_1_23' title="bbox 1889 1304 3459 1376">
    <p class='ocr_par' dir='ltr' id='par_1_23' title="bbox 1889 1304 3459 1376">
     <span class='ocr_line' id='line_1_23' title="bbox 1889 1304 3459 1376; baseline -0.001 -18"><span class='ocrx_word' id='word_1_177' title='bbox 1889 1306 2070 1376; x_wconf 92' lang='lat' dir='ltr'><strong>(quod</strong></span> <span class='ocrx_word' id='word_1_178' title='bbox 2125 1307 2178 1360; x_wconf 92' lang='lat' dir='ltr'><strong>in</strong></span> <span class='ocrx_word' id='word_1_179' title='bbox 2237 1314 2398 1373; x_wconf 90' lang='lat' dir='ltr'><strong>caput</strong></span> <span class='ocrx_word' id='word_1_180' title='bbox 2453 1304 2938 1373; x_wconf 77' lang='lat' dir='ltr'><strong>blasplietnantium</strong></span> <span class='ocrx_word' id='word_1_181' title='bbox 3007 1305 3311 1369; x_wconf 87' lang='lat' dir='ltr'><strong>vertatur),</strong></span> <span class='ocrx_word' id='word_1_182' title='bbox 3350 1305 3459 1358; x_wconf 90' lang='lat' dir='ltr'><strong>imo</strong></span> 
     </span>
    </p>
   </div>
   <div class='ocr_carea' id='block_1_24' title="bbox 1891 1399 3456 1468">
    <p class='ocr_par' dir='ltr' id='par_1_24' title="bbox 1891 1399 3456 1468">
     <span class='ocr_line' id='line_1_24' title="bbox 1891 1399 3456 1468; baseline -0.002 -14"><span class='ocrx_word' id='word_1_183' title='bbox 1891 1414 2061 1468; x_wconf 89' lang='lat' dir='ltr'><strong>neque</strong></span> <span class='ocrx_word' id='word_1_184' title='bbox 2104 1409 2293 1452; x_wconf 86' lang='lat' dir='ltr'><strong>natura</strong></span> <span class='ocrx_word' id='word_1_185' title='bbox 2325 1399 2545 1452; x_wconf 83' lang='lat' dir='ltr'><strong>adversa</strong></span> <span class='ocrx_word' id='word_1_186' title='bbox 2580 1405 2733 1463; x_wconf 64' lang='lat' dir='ltr'><strong>Sillll,</strong></span> <span class='ocrx_word' id='word_1_187' title='bbox 2763 1413 2936 1467; x_wconf 87' lang='lat' dir='ltr'><strong>neque</strong></span> <span class='ocrx_word' id='word_1_188' title='bbox 2969 1414 3088 1464; x_wconf 75' lang='lat' dir='ltr'><strong>qua:</strong></span> <span class='ocrx_word' id='word_1_189' title='bbox 3114 1413 3456 1468; x_wconf 88' lang='lat' dir='ltr'><strong>consequun-</strong></span> 
     </span>
    </p>
   </div>
   <div class='ocr_carea' id='block_1_25' title="bbox 1895 1490 3454 1559">
    <p class='ocr_par' dir='ltr' id='par_1_25' title="bbox 1895 1490 3454 1559">
     <span class='ocr_line' id='line_1_25' title="bbox 1895 1490 3454 1559; baseline 0.001 -16"><span class='ocrx_word' id='word_1_190' title='bbox 1895 1499 2003 1557; x_wconf 89' lang='lat' dir='ltr'><strong>tur,</strong></span> <span class='ocrx_word' id='word_1_191' title='bbox 2025 1491 2266 1544; x_wconf 72' lang='lat' dir='ltr'><strong>eamdem</strong></span> <span class='ocrx_word' id='word_1_192' title='bbox 2292 1491 2596 1545; x_wconf 81' lang='lat' dir='ltr'><strong>necessario</strong></span> <span class='ocrx_word' id='word_1_193' title='bbox 2629 1490 2898 1544; x_wconf 85' lang='lat' dir='ltr'><strong>habebunt</strong></span> <span class='ocrx_word' id='word_1_194' title='bbox 2925 1491 3259 1554; x_wconf 78' lang='lat' dir='ltr'><strong>diStautiam,</strong></span> <span class='ocrx_word' id='word_1_195' title='bbox 3293 1506 3454 1559; x_wconf 85' lang='lat' dir='ltr'><strong>quam</strong></span> 
     </span>
    </p>
   </div>
   <div class='ocr_carea' id='block_1_26' title="bbox 1892 1579 3068 1649">
    <p class='ocr_par' dir='ltr' id='par_1_26' title="bbox 1892 1579 3068 1649">
     <span class='ocr_line' id='line_1_26' title="bbox 1892 1579 3068 1649; baseline -0.006 -13"><span class='ocrx_word' id='word_1_196' title='bbox 1892 1591 1945 1636; x_wconf 85' lang='lat' dir='ltr'><strong>et</strong></span> <span class='ocrx_word' id='word_1_197' title='bbox 1973 1580 2281 1649; x_wconf 82' lang='lat' dir='ltr'><strong>principalia</strong></span> <span class='ocrx_word' id='word_1_198' title='bbox 2309 1581 2823 1633; x_wconf 84' lang='lat' dir='ltr'><strong>demonstrabantur</strong></span> <span class='ocrx_word' id='word_1_199' title='bbox 2852 1579 3068 1633; x_wconf 75' lang='lat' dir='ltr'><strong>habere.</strong></span> 
     </span>
    </p>
   </div>
   <div class='ocr_carea' id='block_1_27' title="bbox 228 1673 3456 1748">
    <p class='ocr_par' dir='ltr' id='par_1_27' title="bbox 228 1673 3456 1748">
     <span class='ocr_line' id='line_1_27' title="bbox 228 1673 3456 1748; baseline -0 -20"><span class='ocrx_word' id='word_1_200' title='bbox 228 1693 402 1739; x_wconf 79' lang='grc' dir='ltr'>ποιτο,</span> <span class='ocrx_word' id='word_1_201' title='bbox 428 1676 539 1729; x_wconf 80' lang='grc' dir='ltr'>ἀλλ’</span> <span class='ocrx_word' id='word_1_202' title='bbox 565 1675 684 1730; x_wconf 73' lang='grc' dir='ltr'>οὗτε</span> <span class='ocrx_word' id='word_1_203' title='bbox 711 1679 775 1748; x_wconf 79' lang='grc' dir='ltr'><strong>τῇ</strong></span> <span class='ocrx_word' id='word_1_204' title='bbox 807 1679 963 1745; x_wconf 80' lang='grc' dir='ltr'>φύσει</span> <span class='ocrx_word' id='word_1_205' title='bbox 997 1675 1250 1746; x_wconf 84' lang='grc' dir='ltr'>πολέμια,</span> <span class='ocrx_word' id='word_1_206' title='bbox 1278 1673 1400 1728; x_wconf 75' lang='grc' dir='ltr'>οὕτε</span> <span class='ocrx_word' id='word_1_207' title='bbox 1434 1677 1539 1748; x_wconf 81' lang='grc' dir='ltr'>μὴν</span> <span class='ocrx_word' id='word_1_208' title='bbox 1567 1676 1634 1728; x_wconf 90' lang='grc' dir='ltr'><strong>τά</strong></span> <span class='ocrx_word' id='word_1_209' title='bbox 1664 1676 1904 1746; x_wconf 79' lang='grc' dir='ltr'>ἑπόμενα</span> <span class='ocrx_word' id='word_1_210' title='bbox 1946 1676 2157 1738; x_wconf 80' lang='grc' dir='ltr'>τούτοις</span> <span class='ocrx_word' id='word_1_211' title='bbox 2197 1675 2296 1746; x_wconf 80' lang='grc' dir='ltr'>τὴν</span> <span class='ocrx_word' id='word_1_212' title='bbox 2328 1675 2499 1745; x_wconf 76' lang='grc' dir='ltr'>αὐτὴν</span> <span class='ocrx_word' id='word_1_213' title='bbox 2536 1674 2850 1743; x_wconf 83' lang='grc' dir='ltr'>ἀναγκαίως</span> <span class='ocrx_word' id='word_1_214' title='bbox 2896 1674 3005 1739; x_wconf 78' lang='grc' dir='ltr'>ἕξει</span> <span class='ocrx_word' id='word_1_215' title='bbox 3053 1675 3352 1741; x_wconf 83' lang='grc' dir='ltr'>διάστασιν,</span> <span class='ocrx_word' id='word_1_216' title='bbox 3388 1675 3456 1745; x_wconf 72' lang='grc' dir='ltr'>ῆν</span> 
     </span>
    </p>
   </div>
   <div class='ocr_carea' id='block_1_28' title="bbox 228 1772 1237 1844">
    <p class='ocr_par' dir='ltr' id='par_1_28' title="bbox 228 1772 1237 1844">
     <span class='ocr_line' id='line_1_28' title="bbox 228 1772 1237 1844; baseline 0.001 -18"><span class='ocrx_word' id='word_1_217' title='bbox 228 1772 500 1826; x_wconf 66' lang='grc' dir='ltr'>ἐδείκνυτο</span> <span class='ocrx_word' id='word_1_218' title='bbox 532 1772 673 1843; x_wconf 74' lang='grc' dir='ltr'>ἔχειν</span> <span class='ocrx_word' id='word_1_219' title='bbox 705 1774 796 1826; x_wconf 75' lang='grc' dir='ltr'>καὶ</span> <span class='ocrx_word' id='word_1_220' title='bbox 833 1773 900 1826; x_wconf 89' lang='grc' dir='ltr'><strong>τά</strong></span> <span class='ocrx_word' id='word_1_221' title='bbox 939 1773 1237 1844; x_wconf 82' lang='grc' dir='ltr'>ἡγούμενα.</span> 
     </span>
    </p>
   </div>
   <div class='ocr_carea' id='block_1_29' title="bbox 297 1857 1959 1937">
    <p class='ocr_par' dir='ltr' id='par_1_29' title="bbox 297 1857 1862 1937">
     <span class='ocr_line' id='line_1_29' title="bbox 297 1857 1862 1937; baseline 0 -20"><span class='ocrx_word' id='word_1_222' title='bbox 297 1865 387 1918; x_wconf 76' lang='lat'><strong>27.</strong></span> <span class='ocrx_word' id='word_1_223' title='bbox 430 1867 498 1918; x_wconf 87' lang='grc' dir='ltr'><strong>Ἦ</strong></span> <span class='ocrx_word' id='word_1_224' title='bbox 545 1866 719 1918; x_wconf 78' lang='grc' dir='ltr'>τοίνυν</span> <span class='ocrx_word' id='word_1_225' title='bbox 761 1866 1053 1935; x_wconf 56' lang='grc' dir='ltr'>ἀπάλειψόν</span> <span class='ocrx_word' id='word_1_226' title='bbox 1088 1883 1179 1920; x_wconf 91' lang='grc' dir='ltr'><strong>σου</strong></span> <span class='ocrx_word' id='word_1_227' title='bbox 1230 1865 1289 1918; x_wconf 69' lang='grc' dir='ltr'>τὸ</span> <span class='ocrx_word' id='word_1_228' title='bbox 1345 1866 1584 1937; x_wconf 79' lang='grc' dir='ltr'>ῥήματα,</span> <span class='ocrx_word' id='word_1_229' title='bbox 1635 1865 1668 1937; x_wconf 81' lang='grc' dir='ltr'>ἢ</span> <span class='ocrx_word' id='word_1_230' title='bbox 1717 1866 1788 1936; x_wconf 82' lang='grc' dir='ltr'>μὴ</span> <span class='ocrx_word' id='word_1_231' title='bbox 1824 1857 1862 1909; x_wconf 81' lang='grc' dir='ltr'><strong>Β</strong></span> 
     </span>
    </p>
   </div>
   <div class='ocr_carea' id='block_1_30' title="bbox 1795 1857 3457 1937">
    <p class='ocr_par' dir='ltr' id='par_1_30' title="bbox 1824 1857 3457 1934">
     <span class='ocr_line' id='line_1_30' title="bbox 1824 1857 3457 1934; baseline -0.001 -16"><span class='ocrx_word' id='word_1_232' title='bbox 1824 1857 1862 1909; x_wconf 83' lang='grc' dir='ltr'><strong>Β</strong></span> <span class='ocrx_word' id='word_1_233' title='bbox 1963 1864 2052 1919; x_wconf 71' lang='lat'><strong>27.</strong></span> <span class='ocrx_word' id='word_1_234' title='bbox 2094 1867 2201 1918; x_wconf 82' lang='lat' dir='ltr'><strong>Aut</strong></span> <span class='ocrx_word' id='word_1_235' title='bbox 2267 1864 2430 1934; x_wconf 80' lang='lat' dir='ltr'><strong>igitur</strong></span> <span class='ocrx_word' id='word_1_236' title='bbox 2468 1874 2556 1917; x_wconf 87' lang='lat' dir='ltr'><strong>tua</strong></span> <span class='ocrx_word' id='word_1_237' title='bbox 2607 1863 2779 1934; x_wconf 87' lang='lat' dir='ltr'><strong>ipsius</strong></span> <span class='ocrx_word' id='word_1_238' title='bbox 2831 1877 2993 1916; x_wconf 83' lang='lat' dir='ltr'><strong>verna</strong></span> <span class='ocrx_word' id='word_1_239' title='bbox 3051 1879 3319 1934; x_wconf 78' lang='lat' dir='ltr'><strong>expunge,</strong></span> <span class='ocrx_word' id='word_1_240' title='bbox 3364 1877 3457 1917; x_wconf 89' lang='lat' dir='ltr'><strong>aut</strong></span> 
     </span>
    </p>
   </div>
   <div class='ocr_carea' id='block_1_31' title="bbox 226 1942 1790 2031">
    <p class='ocr_par' dir='ltr' id='par_1_31' title="bbox 226 1942 1790 2031">
     <span class='ocr_line' id='line_1_31' title="bbox 226 1942 1790 2031; baseline 0.001 -21"><span class='ocrx_word' id='word_1_241' title='bbox 226 1942 392 2029; x_wconf 63' lang='grc' dir='ltr'>ἀρνοῦ</span> <span class='ocrx_word' id='word_1_242' title='bbox 430 1961 528 2031; x_wconf 76' lang='grc' dir='ltr'>τὴν</span> <span class='ocrx_word' id='word_1_243' title='bbox 565 1958 835 2012; x_wconf 72' lang='grc' dir='ltr'>ἀσέϐειαν.</span> <span class='ocrx_word' id='word_1_244' title='bbox 873 1959 946 2029; x_wconf 79' lang='grc' dir='ltr'><strong>Σὴ</strong></span> <span class='ocrx_word' id='word_1_245' title='bbox 980 1960 1085 2030; x_wconf 80' lang='grc' dir='ltr'>γάρ</span> <span class='ocrx_word' id='word_1_246' title='bbox 1111 1960 1257 2013; x_wconf 71' lang='grc' dir='ltr'>ἐστιν</span> <span class='ocrx_word' id='word_1_247' title='bbox 1288 1961 1321 2031; x_wconf 79' lang='grc' dir='ltr'>ἡ</span> <span class='ocrx_word' id='word_1_248' title='bbox 1353 1958 1666 2029; x_wconf 76' lang='grc' dir='ltr'>βλασφημία</span> <span class='ocrx_word' id='word_1_249' title='bbox 1696 1958 1790 2011; x_wconf 83' lang='grc' dir='ltr'>τοῦ</span> 
     </span>
    </p>
   </div>
   <div class='ocr_carea' id='block_1_32' title="bbox 225 2049 1790 2121">
    <p class='ocr_par' dir='ltr' id='par_1_32' title="bbox 225 2049 1790 2121">
     <span class='ocr_line' id='line_1_32' title="bbox 225 2049 1790 2121; baseline -0.001 -17"><span class='ocrx_word' id='word_1_250' title='bbox 225 2052 471 2115; x_wconf 77' lang='grc' dir='ltr'>εἰπόντος</span> <span class='ocrx_word' id='word_1_251' title='bbox 492 2070 504 2081; x_wconf 73' lang='grc'><em>’</em></span> <span class='ocrx_word' id='word_1_252' title='bbox 537 2049 696 2105; x_wconf 82' lang='grc' dir='ltr'>Ὅσον</span> <span class='ocrx_word' id='word_1_253' title='bbox 737 2051 1110 2121; x_wconf 74' lang='grc' dir='ltr'>παρήλλακται</span> <span class='ocrx_word' id='word_1_254' title='bbox 1138 2050 1230 2103; x_wconf 75' lang='grc' dir='ltr'>τοῦ</span> <span class='ocrx_word' id='word_1_255' title='bbox 1262 2051 1516 2120; x_wconf 81' lang='grc' dir='ltr'>γεννητοῦ</span> <span class='ocrx_word' id='word_1_256' title='bbox 1547 2051 1608 2102; x_wconf 79' lang='grc' dir='ltr'>τὸ</span> <span class='ocrx_word' id='word_1_257' title='bbox 1632 2051 1790 2119; x_wconf 84' lang='grc' dir='ltr'>ἀγέν-</span> 
     </span>
    </p>
   </div>
   <div class='ocr_carea' id='block_1_33' title="bbox 224 2140 1792 2216">
    <p class='ocr_par' dir='ltr' id='par_1_33' title="bbox 224 2140 1792 2216">
     <span class='ocr_line' id='line_1_33' title="bbox 224 2140 1792 2216; baseline -0.003 -20"><span class='ocrx_word' id='word_1_258' title='bbox 224 2161 416 2216; x_wconf 80' lang='grc' dir='ltr'>νητον,</span> <span class='ocrx_word' id='word_1_259' title='bbox 446 2143 693 2197; x_wconf 80' lang='grc' dir='ltr'>τοσοῦτον</span> <span class='ocrx_word' id='word_1_260' title='bbox 735 2143 946 2210; x_wconf 74' lang='grc' dir='ltr'>ἀνάγκη</span> <span class='ocrx_word' id='word_1_261' title='bbox 993 2140 1369 2211; x_wconf 80' lang='grc' dir='ltr'>παρηλλάχθαι</span> <span class='ocrx_word' id='word_1_262' title='bbox 1414 2143 1473 2193; x_wconf 86' lang='grc' dir='ltr'>τὸ</span> <span class='ocrx_word' id='word_1_263' title='bbox 1507 2140 1621 2210; x_wconf 81' lang='grc' dir='ltr'><strong>φῶς</strong></span> <span class='ocrx_word' id='word_1_264' title='bbox 1656 2141 1792 2211; x_wconf 82' lang='grc' dir='ltr'>πρὸς</span> 
     </span>
    </p>
   </div>
   <div class='ocr_carea' id='block_1_34' title="bbox 223 2231 1792 2304">
    <p class='ocr_par' dir='ltr' id='par_1_34' title="bbox 223 2231 1792 2304">
     <span class='ocr_line' id='line_1_34' title="bbox 223 2231 1792 2304; baseline -0.001 -18"><span class='ocrx_word' id='word_1_265' title='bbox 223 2235 286 2288; x_wconf 81' lang='grc' dir='ltr'>τὸ</span> <span class='ocrx_word' id='word_1_266' title='bbox 337 2234 472 2304; x_wconf 72' lang='grc' dir='ltr'>φῶς.</span> <span class='ocrx_word' id='word_1_267' title='bbox 515 2231 720 2286; x_wconf 80' lang='grc' dir='ltr'>Ούκοῦν</span> <span class='ocrx_word' id='word_1_268' title='bbox 759 2232 831 2295; x_wconf 83' lang='grc' dir='ltr'>ὼς</span> <span class='ocrx_word' id='word_1_269' title='bbox 878 2231 1126 2285; x_wconf 70' lang='grc' dir='ltr'>οὐδέποτε</span> <span class='ocrx_word' id='word_1_270' title='bbox 1174 2231 1383 2301; x_wconf 77' lang='grc' dir='ltr'>μεθέξει</span> <span class='ocrx_word' id='word_1_271' title='bbox 1435 2232 1532 2302; x_wconf 85' lang='grc' dir='ltr'>τῆς</span> <span class='ocrx_word' id='word_1_272' title='bbox 1565 2233 1792 2301; x_wconf 84' lang='grc' dir='ltr'>ἁγεννη-</span> 
     </span>
    </p>
   </div>
   <div class='ocr_carea' id='block_1_35' title="bbox 227 2323 1792 2396">
    <p class='ocr_par' dir='ltr' id='par_1_35' title="bbox 227 2323 1792 2396">
     <span class='ocr_line' id='line_1_35' title="bbox 227 2323 1792 2396; baseline -0.002 -16"><span class='ocrx_word' id='word_1_273' title='bbox 227 2329 348 2390; x_wconf 87' lang='grc' dir='ltr'>σίας</span> <span class='ocrx_word' id='word_1_274' title='bbox 374 2325 482 2396; x_wconf 81' lang='grc'><strong>(15)</strong></span> <span class='ocrx_word' id='word_1_275' title='bbox 505 2327 532 2378; x_wconf 88' lang='grc' dir='ltr'><strong>ό</strong></span> <span class='ocrx_word' id='word_1_276' title='bbox 552 2325 823 2396; x_wconf 73' lang='grc' dir='ltr'>γεννητὸς,</span> <span class='ocrx_word' id='word_1_277' title='bbox 849 2324 1018 2389; x_wconf 78' lang='grc' dir='ltr'>οὕτως</span> <span class='ocrx_word' id='word_1_278' title='bbox 1047 2326 1297 2379; x_wconf 78' lang='grc' dir='ltr'>οὐδέποτε</span> <span class='ocrx_word' id='word_1_279' title='bbox 1321 2323 1469 2396; x_wconf 82' lang='grc' dir='ltr'>αύτῷ</span> <span class='ocrx_word' id='word_1_280' title='bbox 1498 2324 1591 2378; x_wconf 83' lang='grc' dir='ltr'>τοῦ</span> <span class='ocrx_word' id='word_1_281' title='bbox 1618 2325 1792 2393; x_wconf 81' lang='grc' dir='ltr'>φωτὸς</span> 
     </span>
    </p>
   </div>
   <div class='ocr_carea' id='block_1_36' title="bbox 226 2415 1791 2488">
    <p class='ocr_par' dir='ltr' id='par_1_36' title="bbox 226 2415 1791 2488">
     <span class='ocr_line' id='line_1_36' title="bbox 226 2415 1791 2488; baseline 0.001 -20"><span class='ocrx_word' id='word_1_282' title='bbox 226 2415 559 2487; x_wconf 82' lang='grc' dir='ltr'>μεταδώσεις</span> <span class='ocrx_word' id='word_1_283' title='bbox 590 2416 722 2487; x_wconf 73' lang='grc'>(14).</span> <span class='ocrx_word' id='word_1_284' title='bbox 775 2419 881 2470; x_wconf 73' lang='grc' dir='ltr'><strong>Καὶ</strong></span> <span class='ocrx_word' id='word_1_285' title='bbox 914 2418 1087 2483; x_wconf 73' lang='grc' dir='ltr'>ἔσται,</span> <span class='ocrx_word' id='word_1_286' title='bbox 1125 2419 1265 2472; x_wconf 88' lang='grc' dir='ltr'><strong>κατά</strong></span> <span class='ocrx_word' id='word_1_287' title='bbox 1307 2416 1388 2481; x_wconf 83' lang='grc' dir='ltr'><strong>σὲ,</strong></span> <span class='ocrx_word' id='word_1_288' title='bbox 1435 2417 1650 2488; x_wconf 82' lang='grc' dir='ltr'>ἡούσία</span> <span class='ocrx_word' id='word_1_289' title='bbox 1697 2416 1791 2470; x_wconf 82' lang='grc' dir='ltr'>τοῦ</span> 
     </span>
    </p>
   </div>
   <div class='ocr_carea' id='block_1_37' title="bbox 225 2507 1790 2580">
    <p class='ocr_par' dir='ltr' id='par_1_37' title="bbox 225 2507 1790 2580">
     <span class='ocr_line' id='line_1_37' title="bbox 225 2507 1790 2580; baseline -0.001 -18"><span class='ocrx_word' id='word_1_290' title='bbox 225 2508 562 2575; x_wconf 76' lang='grc' dir='ltr'>Μονογενοῦς</span> <span class='ocrx_word' id='word_1_291' title='bbox 608 2508 720 2562; x_wconf 78' lang='grc' dir='ltr'>ἴσον</span> <span class='ocrx_word' id='word_1_292' title='bbox 759 2510 1032 2580; x_wconf 82' lang='grc' dir='ltr'>ἀπέχουσα</span> <span class='ocrx_word' id='word_1_293' title='bbox 1070 2509 1164 2564; x_wconf 74' lang='grc' dir='ltr'>τοῦ</span> <span class='ocrx_word' id='word_1_294' title='bbox 1196 2528 1259 2579; x_wconf 86' lang='grc' dir='ltr'><strong>γε</strong></span> <span class='ocrx_word' id='word_1_295' title='bbox 1307 2509 1595 2580; x_wconf 86' lang='grc' dir='ltr'>ἀγέννητος</span> <span class='ocrx_word' id='word_1_296' title='bbox 1631 2507 1790 2571; x_wconf 80' lang='grc' dir='ltr'>εἶναι,</span> 
     </span>
    </p>
   </div>
   <div class='ocr_carea' id='block_1_38' title="bbox 224 2598 1795 2671">
    <p class='ocr_par' dir='ltr' id='par_1_38' title="bbox 224 2598 1795 2671">
     <span class='ocr_line' id='line_1_38' title="bbox 224 2598 1795 2671; baseline 0.001 -21"><span class='ocrx_word' id='word_1_297' title='bbox 224 2598 322 2651; x_wconf 76' lang='grc' dir='ltr'>καὶ</span> <span class='ocrx_word' id='word_1_298' title='bbox 351 2598 446 2652; x_wconf 78' lang='grc' dir='ltr'><strong>τοῦ</strong></span> <span class='ocrx_word' id='word_1_299' title='bbox 480 2599 594 2670; x_wconf 80' lang='grc' dir='ltr'>φῶς</span> <span class='ocrx_word' id='word_1_300' title='bbox 623 2601 856 2654; x_wconf 80' lang='grc' dir='ltr'>νοεῖσθαι</span> <span class='ocrx_word' id='word_1_301' title='bbox 885 2603 978 2655; x_wconf 78' lang='grc' dir='ltr'>καὶ</span> <span class='ocrx_word' id='word_1_302' title='bbox 1001 2601 1378 2671; x_wconf 74' lang='grc' dir='ltr'>ὀνομάζεσθαι.</span> <span class='ocrx_word' id='word_1_303' title='bbox 1421 2602 1578 2654; x_wconf 84' lang='grc' dir='ltr'>Ἀλλά</span> <span class='ocrx_word' id='word_1_304' title='bbox 1618 2603 1795 2655; x_wconf 86' lang='grc' dir='ltr'>Ἰωάν-</span> 
     </span>
    </p>
   </div>
   <div class='ocr_carea' id='block_1_39' title="bbox 223 2691 1792 2764">
    <p class='ocr_par' dir='ltr' id='par_1_39' title="bbox 223 2691 1792 2764">
     <span class='ocr_line' id='line_1_39' title="bbox 223 2691 1792 2764; baseline -0.001 -19"><span class='ocrx_word' id='word_1_305' title='bbox 223 2709 322 2762; x_wconf 85' lang='grc' dir='ltr'><strong>νης</strong></span> <span class='ocrx_word' id='word_1_306' title='bbox 371 2694 468 2764; x_wconf 80' lang='grc' dir='ltr'>μὲν</span> <span class='ocrx_word' id='word_1_307' title='bbox 500 2695 563 2764; x_wconf 75' lang='grc' dir='ltr'>τῇ</span> <span class='ocrx_word' id='word_1_308' title='bbox 603 2692 979 2764; x_wconf 71' lang='grc' dir='ltr'>μεγαλοφωνίᾳ</span> <span class='ocrx_word' id='word_1_309' title='bbox 1025 2692 1118 2745; x_wconf 73' lang='grc' dir='ltr'>τοῦ</span> <span class='ocrx_word' id='word_1_310' title='bbox 1168 2691 1480 2763; x_wconf 86' lang='grc' dir='ltr'>Πνεύματος</span> <span class='ocrx_word' id='word_1_311' title='bbox 1508 2692 1678 2764; x_wconf 76' lang='grc' dir='ltr'><strong>ὲμόοᾷ</strong></span> <span class='ocrx_word' id='word_1_312' title='bbox 1713 2709 1792 2746; x_wconf 89' lang='grc' dir='ltr'><strong>σοι</strong></span> 
     </span>
    </p>
   </div>
   <div class='ocr_carea' id='block_1_40' title="bbox 225 2782 1793 2854">
    <p class='ocr_par' dir='ltr' id='par_1_40' title="bbox 225 2782 1793 2854">
     <span class='ocr_line' id='line_1_40' title="bbox 225 2782 1793 2854; baseline -0.001 -17"><span class='ocrx_word' id='word_1_313' title='bbox 225 2785 400 2854; x_wconf 73' lang='grc' dir='ltr'>λέγων</span> <span class='ocrx_word' id='word_1_314' title='bbox 426 2801 439 2814; x_wconf 90' lang='grc'><strong>·</strong></span> <span class='ocrx_word' id='word_1_315' title='bbox 471 2782 579 2840; x_wconf 79' lang='grc' dir='ltr'><strong>Ἦν</strong></span> <span class='ocrx_word' id='word_1_316' title='bbox 612 2787 676 2838; x_wconf 81' lang='grc' dir='ltr'>τὸ</span> <span class='ocrx_word' id='word_1_317' title='bbox 710 2783 833 2852; x_wconf 74' lang='grc' dir='ltr'><strong>φῶς</strong></span> <span class='ocrx_word' id='word_1_318' title='bbox 871 2784 938 2836; x_wconf 82' lang='grc' dir='ltr'>τὸ</span> <span class='ocrx_word' id='word_1_319' title='bbox 967 2784 1283 2850; x_wconf 57' lang='grc' dir='ltr'>ἀληθινόν</span> <span class='ocrx_word' id='word_1_320' title='bbox 1314 2785 1396 2838; x_wconf 74' lang='grc' dir='ltr'>σοὶ</span> <span class='ocrx_word' id='word_1_321' title='bbox 1427 2784 1485 2838; x_wconf 84' lang='grc' dir='ltr'>δὲ</span> <span class='ocrx_word' id='word_1_322' title='bbox 1525 2785 1623 2838; x_wconf 89' lang='grc' dir='ltr'><strong>ούκ</strong></span> <span class='ocrx_word' id='word_1_323' title='bbox 1649 2785 1793 2836; x_wconf 81' lang='grc' dir='ltr'>ἐστιν</span> 
     </span>
    </p>
   </div>
   <div class='ocr_carea' id='block_1_41' title="bbox 223 2869 1794 2947">
    <p class='ocr_par' dir='ltr' id='par_1_41' title="bbox 223 2869 1794 2947">
     <span class='ocr_line' id='line_1_41' title="bbox 223 2869 1794 2947; baseline 0 -19"><span class='ocrx_word' id='word_1_324' title='bbox 223 2869 340 2929; x_wconf 77' lang='grc' dir='ltr'>ὦτα</span> <span class='ocrx_word' id='word_1_325' title='bbox 377 2876 469 2928; x_wconf 85' lang='grc' dir='ltr'>τοῦ</span> <span class='ocrx_word' id='word_1_326' title='bbox 520 2875 756 2937; x_wconf 82' lang='grc' dir='ltr'>ἀκούειν,</span> <span class='ocrx_word' id='word_1_327' title='bbox 795 2876 912 2928; x_wconf 79' lang='grc' dir='ltr'>ούῖὲ</span> <span class='ocrx_word' id='word_1_328' title='bbox 961 2875 1154 2947; x_wconf 86' lang='grc' dir='ltr'>καρδία</span> <span class='ocrx_word' id='word_1_329' title='bbox 1195 2877 1290 2930; x_wconf 79' lang='grc' dir='ltr'><strong>τοῦ</strong></span> <span class='ocrx_word' id='word_1_330' title='bbox 1333 2877 1567 2930; x_wconf 83' lang='grc' dir='ltr'>συνιέναι</span> <span class='ocrx_word' id='word_1_331' title='bbox 1660 2875 1794 2929; x_wconf 87' lang='grc' dir='ltr'><strong>ἀλλά</strong></span> 
     </span>
    </p>
   </div>
   <div class='ocr_carea' id='block_1_42' title="bbox 229 2965 1794 3038">
    <p class='ocr_par' dir='ltr' id='par_1_42' title="bbox 229 2965 1794 3038">
     <span class='ocr_line' id='line_1_42' title="bbox 229 2965 1794 3038; baseline -0.001 -19"><span class='ocrx_word' id='word_1_332' title='bbox 229 2967 367 3037; x_wconf 79' lang='grc' dir='ltr'>πρὸς</span> <span class='ocrx_word' id='word_1_333' title='bbox 402 2967 498 3037; x_wconf 71' lang='grc' dir='ltr'>τὴν</span> <span class='ocrx_word' id='word_1_334' title='bbox 539 2965 825 3019; x_wconf 84' lang='grc' dir='ltr'>ἀντίπαλον</span> <span class='ocrx_word' id='word_1_335' title='bbox 878 2968 1058 3036; x_wconf 82' lang='grc' dir='ltr'>φύσιν,</span> <span class='ocrx_word' id='word_1_336' title='bbox 1118 2968 1210 3021; x_wconf 73' lang='grc' dir='ltr'><strong>καὶ</strong></span> <span class='ocrx_word' id='word_1_337' title='bbox 1263 2968 1675 3038; x_wconf 87' lang='grc' dir='ltr'>ἀσυνύπαρκτον</span> <span class='ocrx_word' id='word_1_338' title='bbox 1717 2966 1794 3036; x_wconf 81' lang='grc' dir='ltr'>τῷ</span> 
     </span>
    </p>
   </div>
   <div class='ocr_carea' id='block_1_43' title="bbox 226 3059 1794 3130">
    <p class='ocr_par' dir='ltr' id='par_1_43' title="bbox 226 3059 1794 3130">
     <span class='ocr_line' id='line_1_43' title="bbox 226 3059 1794 3130; baseline 0.001 -19"><span class='ocrx_word' id='word_1_339' title='bbox 226 3060 368 3128; x_wconf 76' lang='grc' dir='ltr'>φωτὶ</span> <span class='ocrx_word' id='word_1_340' title='bbox 409 3060 506 3130; x_wconf 73' lang='grc' dir='ltr'>τὴν</span> <span class='ocrx_word' id='word_1_341' title='bbox 557 3060 742 3113; x_wconf 81' lang='grc' dir='ltr'>οὐσίαν</span> <span class='ocrx_word' id='word_1_342' title='bbox 792 3060 886 3114; x_wconf 78' lang='grc' dir='ltr'>τοῦ</span> <span class='ocrx_word' id='word_1_343' title='bbox 917 3059 1273 3128; x_wconf 78' lang='grc' dir='ltr'>Μονογενοῦς,</span> <span class='ocrx_word' id='word_1_344' title='bbox 1317 3062 1429 3122; x_wconf 87' lang='grc' dir='ltr'>τοῖς</span> <span class='ocrx_word' id='word_1_345' title='bbox 1469 3060 1794 3130; x_wconf 83' lang='grc' dir='ltr'>σοφίσμασιν</span> 
     </span>
    </p>
   </div>
   <div class='ocr_carea' id='block_1_44' title="bbox 227 3150 1791 3225">
    <p class='ocr_par' dir='ltr' id='par_1_44' title="bbox 227 3150 1791 3225">
     <span class='ocr_line' id='line_1_44' title="bbox 227 3150 1791 3225; baseline 0.001 -19"><span class='ocrx_word' id='word_1_346' title='bbox 227 3151 572 3213; x_wconf 72' lang='grc' dir='ltr'>ἀπελαύνεις.</span> <span class='ocrx_word' id='word_1_347' title='bbox 608 3153 682 3205; x_wconf 83' lang='grc' dir='ltr'>Ού</span> <span class='ocrx_word' id='word_1_348' title='bbox 726 3152 832 3221; x_wconf 84' lang='grc' dir='ltr'>γὰρ</span> <span class='ocrx_word' id='word_1_349' title='bbox 877 3153 940 3222; x_wconf 83' lang='grc' dir='ltr'>δὴ</span> <span class='ocrx_word' id='word_1_350' title='bbox 986 3154 1160 3204; x_wconf 80' lang='grc' dir='ltr'>ἐκεῖνο</span> <span class='ocrx_word' id='word_1_351' title='bbox 1206 3150 1425 3223; x_wconf 78' lang='grc' dir='ltr'>ἰσχυρὸν</span> <span class='ocrx_word' id='word_1_352' title='bbox 1472 3151 1583 3222; x_wconf 85' lang='grc'>(15)</span> <span class='ocrx_word' id='word_1_353' title='bbox 1629 3154 1791 3225; x_wconf 77' lang='grc' dir='ltr'>ἐρεῖς,</span> 
     </span>
    </p>
   </div>
   <div class='ocr_carea' id='block_1_45' title="bbox 223 3242 1790 3317">
    <p class='ocr_par' dir='ltr' id='par_1_45' title="bbox 223 3242 1790 3317">
     <span class='ocr_line' id='line_1_45' title="bbox 223 3242 1790 3317; baseline 0.003 -22"><span class='ocrx_word' id='word_1_354' title='bbox 223 3245 308 3296; x_wconf 72' lang='grc' dir='ltr'>ὃτι</span> <span class='ocrx_word' id='word_1_355' title='bbox 365 3244 458 3296; x_wconf 75' lang='grc' dir='ltr'>καὶ</span> <span class='ocrx_word' id='word_1_356' title='bbox 504 3243 592 3294; x_wconf 74' lang='grc' dir='ltr'><strong>ἐπὶ</strong></span> <span class='ocrx_word' id='word_1_357' title='bbox 623 3242 717 3294; x_wconf 78' lang='grc' dir='ltr'>τοῦ</span> <span class='ocrx_word' id='word_1_358' title='bbox 765 3242 1099 3309; x_wconf 78' lang='grc' dir='ltr'>Μονογενοῦς</span> <span class='ocrx_word' id='word_1_359' title='bbox 1139 3242 1235 3315; x_wconf 83' lang='grc' dir='ltr'>τὴν</span> <span class='ocrx_word' id='word_1_360' title='bbox 1287 3246 1656 3317; x_wconf 86' lang='grc' dir='ltr'>προσηγορίαν</span> <span class='ocrx_word' id='word_1_361' title='bbox 1699 3246 1790 3299; x_wconf 77' lang='grc' dir='ltr'>τοῦ</span> 
     </span>
    </p>
   </div>
   <div class='ocr_carea' id='block_1_46' title="bbox 224 3333 1793 3407">
    <p class='ocr_par' dir='ltr' id='par_1_46' title="bbox 224 3333 1793 3407">
     <span class='ocr_line' id='line_1_46' title="bbox 224 3333 1793 3407; baseline 0.001 -19"><span class='ocrx_word' id='word_1_362' title='bbox 224 3337 403 3404; x_wconf 75' lang='grc' dir='ltr'>φωτὸς</span> <span class='ocrx_word' id='word_1_363' title='bbox 441 3335 538 3387; x_wconf 85' lang='grc' dir='ltr'>οὑκ</span> <span class='ocrx_word' id='word_1_364' title='bbox 573 3333 809 3402; x_wconf 79' lang='grc' dir='ltr'>ἀφείλου.</span> <span class='ocrx_word' id='word_1_365' title='bbox 848 3334 921 3388; x_wconf 86' lang='grc' dir='ltr'><strong>Οὐ</strong></span> <span class='ocrx_word' id='word_1_366' title='bbox 960 3333 1067 3406; x_wconf 83' lang='grc' dir='ltr'>γὰρ</span> <span class='ocrx_word' id='word_1_367' title='bbox 1099 3336 1153 3387; x_wconf 83' lang='grc' dir='ltr'>ὲν</span> <span class='ocrx_word' id='word_1_368' title='bbox 1181 3336 1339 3407; x_wconf 73' lang='grc' dir='ltr'>ψόφῳ</span> <span class='ocrx_word' id='word_1_369' title='bbox 1365 3336 1546 3407; x_wconf 80' lang='grc' dir='ltr'>ἀέρος,</span> <span class='ocrx_word' id='word_1_370' title='bbox 1587 3337 1700 3392; x_wconf 80' lang='grc' dir='ltr'>ἀλλ’</span> <span class='ocrx_word' id='word_1_371' title='bbox 1735 3340 1793 3390; x_wconf 83' lang='grc' dir='ltr'>ὲν</span> 
     </span>
    </p>
   </div>
   <div class='ocr_carea' id='block_1_47' title="bbox 223 3424 1794 3498">
    <p class='ocr_par' dir='ltr' id='par_1_47' title="bbox 223 3424 1794 3498">
     <span class='ocr_line' id='line_1_47' title="bbox 223 3424 1794 3498; baseline 0.004 -22"><span class='ocrx_word' id='word_1_372' title='bbox 223 3429 291 3496; x_wconf 75' lang='grc' dir='ltr'>τῇ</span> <span class='ocrx_word' id='word_1_373' title='bbox 317 3424 542 3493; x_wconf 84' lang='grc' dir='ltr'>δυνάμει</span> <span class='ocrx_word' id='word_1_374' title='bbox 570 3424 676 3477; x_wconf 83' lang='grc' dir='ltr'>τῶν</span> <span class='ocrx_word' id='word_1_375' title='bbox 714 3428 1122 3498; x_wconf 83' lang='grc' dir='ltr'>σημαινομένων</span> <span class='ocrx_word' id='word_1_376' title='bbox 1154 3429 1215 3480; x_wconf 83' lang='grc' dir='ltr'>τὸ</span> <span class='ocrx_word' id='word_1_377' title='bbox 1240 3429 1480 3492; x_wconf 78' lang='grc' dir='ltr'>εύσεὸές.</span> <span class='ocrx_word' id='word_1_378' title='bbox 1526 3430 1582 3482; x_wconf 91' lang='lat'><strong>&#39;0</strong></span> <span class='ocrx_word' id='word_1_379' title='bbox 1614 3430 1669 3481; x_wconf 83' lang='grc' dir='ltr'>δὲ</span> <span class='ocrx_word' id='word_1_380' title='bbox 1696 3430 1794 3482; x_wconf 77' lang='grc' dir='ltr'>οὐκ</span> 
     </span>
    </p>
   </div>
   <div class='ocr_carea' id='block_1_48' title="bbox 225 3514 1793 3592">
    <p class='ocr_par' dir='ltr' id='par_1_48' title="bbox 225 3514 1793 3592">
     <span class='ocr_line' id='line_1_48' title="bbox 225 3514 1793 3592; baseline 0.001 -21"><span class='ocrx_word' id='word_1_381' title='bbox 225 3518 323 3571; x_wconf 71' lang='grc' dir='ltr'><strong>ἐπὶ</strong></span> <span class='ocrx_word' id='word_1_382' title='bbox 363 3514 570 3569; x_wconf 83' lang='grc' dir='ltr'>τούτων</span> <span class='ocrx_word' id='word_1_383' title='bbox 605 3517 732 3588; x_wconf 76' lang='grc' dir='ltr'>ἔστη</span> <span class='ocrx_word' id='word_1_384' title='bbox 775 3518 908 3589; x_wconf 62' lang='grc'>(16),</span> <span class='ocrx_word' id='word_1_385' title='bbox 950 3518 1083 3572; x_wconf 86' lang='grc' dir='ltr'><strong>ἀλλά</strong></span> <span class='ocrx_word' id='word_1_386' title='bbox 1113 3521 1206 3573; x_wconf 79' lang='grc' dir='ltr'>καὶ</span> <span class='ocrx_word' id='word_1_387' title='bbox 1246 3521 1347 3591; x_wconf 81' lang='grc' dir='ltr'>τὴν</span> <span class='ocrx_word' id='word_1_388' title='bbox 1376 3522 1520 3592; x_wconf 77' lang='grc' dir='ltr'>ζωὴν</span> <span class='ocrx_word' id='word_1_389' title='bbox 1570 3522 1662 3573; x_wconf 76' lang='grc' dir='ltr'>καὶ</span> <span class='ocrx_word' id='word_1_390' title='bbox 1694 3522 1793 3592; x_wconf 78' lang='grc' dir='ltr'>τὴν</span> 
     </span>
    </p>
   </div>
   <div class='ocr_carea' id='block_1_49' title="bbox 222 3608 1792 3683">
    <p class='ocr_par' dir='ltr' id='par_1_49' title="bbox 222 3608 1792 3683">
     <span class='ocr_line' id='line_1_49' title="bbox 222 3608 1792 3683; baseline 0.003 -21"><span class='ocrx_word' id='word_1_391' title='bbox 222 3608 453 3677; x_wconf 82' lang='grc' dir='ltr'>δύναμιν</span> <span class='ocrx_word' id='word_1_392' title='bbox 493 3608 570 3678; x_wconf 84' lang='grc' dir='ltr'>τῷ</span> <span class='ocrx_word' id='word_1_393' title='bbox 605 3610 753 3681; x_wconf 83' lang='grc' dir='ltr'><strong>σύτῷ</strong></span> <span class='ocrx_word' id='word_1_394' title='bbox 793 3610 976 3682; x_wconf 85' lang='grc' dir='ltr'>μέτρῳ</span> <span class='ocrx_word' id='word_1_395' title='bbox 1001 3612 1098 3680; x_wconf 81' lang='grc' dir='ltr'>τῆς</span> <span class='ocrx_word' id='word_1_396' title='bbox 1128 3613 1206 3674; x_wconf 83' lang='grc' dir='ltr'><strong>είς</strong></span> <span class='ocrx_word' id='word_1_397' title='bbox 1238 3613 1477 3665; x_wconf 72' lang='grc' dir='ltr'>ἐναντίον</span> <span class='ocrx_word' id='word_1_398' title='bbox 1509 3613 1617 3683; x_wconf 84' lang='grc'>(17)</span> <span class='ocrx_word' id='word_1_399' title='bbox 1657 3613 1792 3666; x_wconf 82' lang='grc' dir='ltr'>ἀπο-</span> 
     </span>
    </p>
   </div>
   <div class='ocr_carea' id='block_1_50' title="bbox 225 3698 1795 3775">
    <p class='ocr_par' dir='ltr' id='par_1_50' title="bbox 225 3698 1795 3775">
     <span class='ocr_line' id='line_1_50' title="bbox 225 3698 1795 3775; baseline 0.002 -21"><span class='ocrx_word' id='word_1_400' title='bbox 225 3698 469 3761; x_wconf 85' lang='grc' dir='ltr'>στάσεως</span> <span class='ocrx_word' id='word_1_401' title='bbox 520 3703 834 3770; x_wconf 75' lang='grc' dir='ltr'>συνεπάγει,</span> <span class='ocrx_word' id='word_1_402' title='bbox 882 3701 1081 3756; x_wconf 81' lang='grc' dir='ltr'>εἰπών’</span> <span class='ocrx_word' id='word_1_403' title='bbox 1115 3703 1277 3757; x_wconf 82' lang='grc' dir='ltr'>Ὅσον</span> <span class='ocrx_word' id='word_1_404' title='bbox 1322 3703 1700 3775; x_wconf 85' lang='grc' dir='ltr'>παρήλλακται</span> <span class='ocrx_word' id='word_1_405' title='bbox 1734 3703 1795 3757; x_wconf 87' lang='grc' dir='ltr'><strong>τὺ</strong></span> 
     </span>
    </p>
   </div>
   <div class='ocr_carea' id='block_1_51' title="bbox 224 3791 1793 3867">
    <p class='ocr_par' dir='ltr' id='par_1_51' title="bbox 224 3791 1793 3867">
     <span class='ocr_line' id='line_1_51' title="bbox 224 3791 1793 3867; baseline 0.005 -25"><span class='ocrx_word' id='word_1_406' title='bbox 224 3791 482 3860; x_wconf 77' lang='grc' dir='ltr'>γεννητὸν</span> <span class='ocrx_word' id='word_1_407' title='bbox 521 3793 656 3860; x_wconf 83' lang='grc' dir='ltr'>πρὸς</span> <span class='ocrx_word' id='word_1_408' title='bbox 694 3792 755 3846; x_wconf 83' lang='grc' dir='ltr'>τὸ</span> <span class='ocrx_word' id='word_1_409' title='bbox 792 3792 1103 3862; x_wconf 80' lang='grc' dir='ltr'>ἀγέννητον,</span> <span class='ocrx_word' id='word_1_410' title='bbox 1134 3793 1382 3847; x_wconf 77' lang='grc' dir='ltr'>τοσοῦτον</span> <span class='ocrx_word' id='word_1_411' title='bbox 1411 3795 1622 3865; x_wconf 76' lang='grc' dir='ltr'>ἀνάγκη</span> <span class='ocrx_word' id='word_1_412' title='bbox 1650 3814 1793 3867; x_wconf 86' lang='grc' dir='ltr'>παρ-</span> 
     </span>
    </p>
   </div>
   <div class='ocr_carea' id='block_1_52' title="bbox 223 3879 1796 3961">
    <p class='ocr_par' dir='ltr' id='par_1_52' title="bbox 223 3879 1796 3961">
     <span class='ocr_line' id='line_1_52' title="bbox 223 3879 1796 3961; baseline 0.006 -27"><span class='ocrx_word' id='word_1_413' title='bbox 223 3879 492 3952; x_wconf 85' lang='grc' dir='ltr'>ηλλάχθαι</span> <span class='ocrx_word' id='word_1_414' title='bbox 541 3885 602 3936; x_wconf 83' lang='grc' dir='ltr'>τὸ</span> <span class='ocrx_word' id='word_1_415' title='bbox 652 3885 765 3953; x_wconf 85' lang='grc' dir='ltr'>φῶς</span> <span class='ocrx_word' id='word_1_416' title='bbox 797 3884 933 3956; x_wconf 76' lang='grc' dir='ltr'>πρὸς</span> <span class='ocrx_word' id='word_1_417' title='bbox 969 3887 1029 3940; x_wconf 81' lang='grc' dir='ltr'>τὸ</span> <span class='ocrx_word' id='word_1_418' title='bbox 1061 3887 1195 3954; x_wconf 82' lang='grc' dir='ltr'>φῶς,</span> <span class='ocrx_word' id='word_1_419' title='bbox 1239 3890 1332 3940; x_wconf 68' lang='grc' dir='ltr'>καὶ</span> <span class='ocrx_word' id='word_1_420' title='bbox 1361 3888 1457 3959; x_wconf 75' lang='grc' dir='ltr'>τὴν</span> <span class='ocrx_word' id='word_1_421' title='bbox 1487 3889 1630 3961; x_wconf 81' lang='grc' dir='ltr'>ζωὴν</span> <span class='ocrx_word' id='word_1_422' title='bbox 1662 3891 1796 3959; x_wconf 79' lang='grc' dir='ltr'>πρὸς</span> 
     </span>
    </p>
   </div>
   <div class='ocr_carea' id='block_1_53' title="bbox 225 3973 1796 4049">
    <p class='ocr_par' dir='ltr' id='par_1_53' title="bbox 225 3973 1796 4049">
     <span class='ocr_line' id='line_1_53' title="bbox 225 3973 1796 4049; baseline 0.004 -22"><span class='ocrx_word' id='word_1_423' title='bbox 225 3974 326 4044; x_wconf 82' lang='grc' dir='ltr'>τὴν</span> <span class='ocrx_word' id='word_1_424' title='bbox 351 3973 516 4046; x_wconf 73' lang='grc' dir='ltr'>ζωὴν,</span> <span class='ocrx_word' id='word_1_425' title='bbox 542 3978 637 4031; x_wconf 72' lang='grc' dir='ltr'>καὶ</span> <span class='ocrx_word' id='word_1_426' title='bbox 655 3976 752 4047; x_wconf 77' lang='grc' dir='ltr'>τὴν</span> <span class='ocrx_word' id='word_1_427' title='bbox 781 3977 1007 4048; x_wconf 81' lang='grc' dir='ltr'>δύναμιν</span> <span class='ocrx_word' id='word_1_428' title='bbox 1032 3978 1166 4049; x_wconf 74' lang='grc' dir='ltr'>πρὸς</span> <span class='ocrx_word' id='word_1_429' title='bbox 1186 3979 1283 4047; x_wconf 75' lang='grc' dir='ltr'>τὴν</span> <span class='ocrx_word' id='word_1_430' title='bbox 1309 3979 1557 4048; x_wconf 86' lang='grc' dir='ltr'>δύναμιν.</span> <span class='ocrx_word' id='word_1_431' title='bbox 1589 3981 1796 4034; x_wconf 84' lang='grc' dir='ltr'>Ούκοῦν</span> 
     </span>
    </p>
   </div>
   <div class='ocr_carea' id='block_1_54' title="bbox 224 4065 1796 4142">
    <p class='ocr_par' dir='ltr' id='par_1_54' title="bbox 224 4065 1796 4142">
     <span class='ocr_line' id='line_1_54' title="bbox 224 4065 1796 4142; baseline 0.004 -22"><span class='ocrx_word' id='word_1_432' title='bbox 224 4066 348 4120; x_wconf 78' lang='grc' dir='ltr'>οὔτε</span> <span class='ocrx_word' id='word_1_433' title='bbox 377 4065 509 4139; x_wconf 74' lang='grc' dir='ltr'><strong>ζωὴ,</strong></span> <span class='ocrx_word' id='word_1_434' title='bbox 534 4071 673 4124; x_wconf 83' lang='grc' dir='ltr'><strong>κατά</strong></span> <span class='ocrx_word' id='word_1_435' title='bbox 703 4071 782 4134; x_wconf 81' lang='grc' dir='ltr'><strong>σὲ,</strong></span> <span class='ocrx_word' id='word_1_436' title='bbox 811 4069 930 4123; x_wconf 80' lang='grc' dir='ltr'>οὕτε</span> <span class='ocrx_word' id='word_1_437' title='bbox 958 4070 1182 4140; x_wconf 76' lang='grc' dir='ltr'>δύναμις</span> <span class='ocrx_word' id='word_1_438' title='bbox 1212 4071 1240 4122; x_wconf 91' lang='grc' dir='ltr'><strong>ό</strong></span> <span class='ocrx_word' id='word_1_439' title='bbox 1269 4071 1596 4142; x_wconf 84' lang='grc' dir='ltr'>Μονογενής.</span> <span class='ocrx_word' id='word_1_440' title='bbox 1639 4071 1796 4127; x_wconf 81' lang='grc' dir='ltr'>Ἀλλὰ</span> 
     </span>
    </p>
   </div>
   <div class='ocr_carea' id='block_1_55' title="bbox 228 4161 1798 4234">
    <p class='ocr_par' dir='ltr' id='par_1_55' title="bbox 228 4161 1798 4234">
     <span class='ocr_line' id='line_1_55' title="bbox 228 4161 1798 4234; baseline 0.002 -22"><span class='ocrx_word' id='word_1_441' title='bbox 228 4161 564 4232; x_wconf 78' lang='grc' dir='ltr'>παραγρὰφῃ</span> <span class='ocrx_word' id='word_1_442' title='bbox 615 4164 711 4232; x_wconf 81' lang='grc' dir='ltr'>μὲν</span> <span class='ocrx_word' id='word_1_443' title='bbox 753 4163 913 4216; x_wconf 84' lang='grc' dir='ltr'>αὑτὸν</span> <span class='ocrx_word' id='word_1_444' title='bbox 945 4163 1033 4216; x_wconf 76' lang='grc' dir='ltr'>τὸν</span> <span class='ocrx_word' id='word_1_445' title='bbox 1086 4163 1288 4234; x_wconf 82' lang='grc' dir='ltr'>Κύριον</span> <span class='ocrx_word' id='word_1_446' title='bbox 1337 4161 1593 4231; x_wconf 83' lang='grc' dir='ltr'>λέγοντα·</span> <span class='ocrx_word' id='word_1_447' title='bbox 1660 4164 1798 4233; x_wconf 78' lang='grc' dir='ltr'><strong>Ἐγώ</strong></span> 
     </span>
    </p>
   </div>
   <div class='ocr_carea' id='block_1_56' title="bbox 219 4249 1795 4329">
    <p class='ocr_par' dir='ltr' id='par_1_56' title="bbox 219 4249 1795 4329">
     <span class='ocr_line' id='line_1_56' title="bbox 219 4249 1795 4329; baseline 0.003 -24"><span class='ocrx_word' id='word_1_448' title='bbox 219 4255 342 4322; x_wconf 70' lang='grc' dir='ltr'>ειμι</span> <span class='ocrx_word' id='word_1_449' title='bbox 397 4253 436 4319; x_wconf 72' lang='grc' dir='ltr'>ἡ</span> <span class='ocrx_word' id='word_1_450' title='bbox 475 4249 620 4319; x_wconf 73' lang='grc' dir='ltr'><strong>ζωήο</strong></span> <span class='ocrx_word' id='word_1_451' title='bbox 660 4255 994 4329; x_wconf 65' lang='grc' dir='ltr'>παραγράφῃ</span> <span class='ocrx_word' id='word_1_452' title='bbox 1041 4256 1095 4308; x_wconf 75' lang='grc' dir='ltr'>δὲ</span> <span class='ocrx_word' id='word_1_453' title='bbox 1139 4255 1348 4309; x_wconf 83' lang='grc' dir='ltr'>Παῦλον</span> <span class='ocrx_word' id='word_1_454' title='bbox 1412 4257 1503 4309; x_wconf 85' lang='grc' dir='ltr'>τὸν</span> <span class='ocrx_word' id='word_1_455' title='bbox 1542 4255 1795 4309; x_wconf 78' lang='grc' dir='ltr'>εἰπόντα·</span> 
     </span>
    </p>
   </div>
   <div class='ocr_carea' id='block_1_57' title="bbox 225 4344 1800 4418">
    <p class='ocr_par' dir='ltr' id='par_1_57' title="bbox 225 4344 1800 4418">
     <span class='ocr_line' id='line_1_57' title="bbox 225 4344 1800 4418; baseline 0.001 -18"><span class='ocrx_word' id='word_1_456' title='bbox 225 4346 473 4416; x_wconf 77' lang='grc' dir='ltr'>Χριστὸς</span> <span class='ocrx_word' id='word_1_457' title='bbox 506 4344 652 4401; x_wconf 82' lang='grc' dir='ltr'>Θεοῦ</span> <span class='ocrx_word' id='word_1_458' title='bbox 671 4347 939 4416; x_wconf 81' lang='grc' dir='ltr'>δύναμις.</span> <span class='ocrx_word' id='word_1_459' title='bbox 978 4349 1041 4399; x_wconf 81' lang='lat' dir='ltr'><strong>&quot;A</strong></span> <span class='ocrx_word' id='word_1_460' title='bbox 1068 4349 1175 4418; x_wconf 73' lang='grc' dir='ltr'><strong>γὰρ</strong></span> <span class='ocrx_word' id='word_1_461' title='bbox 1206 4350 1262 4401; x_wconf 81' lang='grc' dir='ltr'>ἐν</span> <span class='ocrx_word' id='word_1_462' title='bbox 1285 4352 1397 4412; x_wconf 79' lang='grc' dir='ltr'>τοῖς</span> <span class='ocrx_word' id='word_1_463' title='bbox 1419 4350 1641 4403; x_wconf 86' lang='grc' dir='ltr'>κατόπιν</span> <span class='ocrx_word' id='word_1_464' title='bbox 1665 4350 1800 4403; x_wconf 74' lang='grc' dir='ltr'>ἐδεί-</span> 
     </span>
    </p>
   </div>
   <div class='ocr_carea' id='block_1_58' title="bbox 226 4440 1797 4516">
    <p class='ocr_par' dir='ltr' id='par_1_58' title="bbox 226 4440 1797 4516">
     <span class='ocr_line' id='line_1_58' title="bbox 226 4440 1797 4516; baseline 0.003 -23"><span class='ocrx_word' id='word_1_465' title='bbox 226 4457 412 4505; x_wconf 86' lang='grc' dir='ltr'>κνυτο,</span> <span class='ocrx_word' id='word_1_466' title='bbox 439 4440 609 4496; x_wconf 77' lang='grc' dir='ltr'>ταῦτα</span> <span class='ocrx_word' id='word_1_467' title='bbox 636 4444 728 4496; x_wconf 78' lang='grc' dir='ltr'>καὶ</span> <span class='ocrx_word' id='word_1_468' title='bbox 755 4445 865 4505; x_wconf 81' lang='grc' dir='ltr'>τοῖς</span> <span class='ocrx_word' id='word_1_469' title='bbox 889 4441 984 4494; x_wconf 77' lang='grc' dir='ltr'>νῦν</span> <span class='ocrx_word' id='word_1_470' title='bbox 1010 4443 1327 4513; x_wconf 77' lang='grc' dir='ltr'>ἐφαρμόσει.</span> <span class='ocrx_word' id='word_1_471' title='bbox 1359 4443 1493 4497; x_wconf 75' lang='grc' dir='ltr'>Οὔτε</span> <span class='ocrx_word' id='word_1_472' title='bbox 1521 4444 1628 4516; x_wconf 71' lang='grc' dir='ltr'><strong>γὰρ</strong></span> <span class='ocrx_word' id='word_1_473' title='bbox 1652 4445 1797 4516; x_wconf 77' lang='grc' dir='ltr'>ζωὴν</span> 
     </span>
    </p>
   </div>
   <div class='ocr_carea' id='block_1_59' title="bbox 1895 1953 3451 2025">
    <p class='ocr_par' dir='ltr' id='par_1_59' title="bbox 1895 1953 3451 2025">
     <span class='ocr_line' id='line_1_59' title="bbox 1895 1953 3451 2025; baseline -0.003 -14"><span class='ocrx_word' id='word_1_474' title='bbox 1895 1958 2003 2011; x_wconf 88' lang='lat' dir='ltr'><strong>noli</strong></span> <span class='ocrx_word' id='word_1_475' title='bbox 2047 1957 2376 2025; x_wconf 82' lang='lat' dir='ltr'><strong>impietatem</strong></span> <span class='ocrx_word' id='word_1_476' title='bbox 2410 1969 2626 2024; x_wconf 79' lang='lat' dir='ltr'><strong>negare.</strong></span> <span class='ocrx_word' id='word_1_477' title='bbox 2660 1953 2754 2008; x_wconf 83' lang='lat' dir='ltr'><strong>Est</strong></span> <span class='ocrx_word' id='word_1_478' title='bbox 2785 1954 2930 2007; x_wconf 90' lang='lat' dir='ltr'><strong>enim</strong></span> <span class='ocrx_word' id='word_1_479' title='bbox 2965 1954 3298 2022; x_wconf 86' lang='lat' dir='ltr'><strong>blasphemia</strong></span> <span class='ocrx_word' id='word_1_480' title='bbox 3330 1965 3451 2018; x_wconf 80' lang='lat' dir='ltr'><strong>tua,</strong></span> 
     </span>
    </p>
   </div>
   <div class='ocr_carea' id='block_1_60' title="bbox 1893 2045 3448 2120">
    <p class='ocr_par' dir='ltr' id='par_1_60' title="bbox 1893 2045 3448 2120">
     <span class='ocr_line' id='line_1_60' title="bbox 1893 2045 3448 2120; baseline 0 -19"><span class='ocrx_word' id='word_1_481' title='bbox 1893 2051 1982 2120; x_wconf 85' lang='lat' dir='ltr'><strong>qui</strong></span> <span class='ocrx_word' id='word_1_482' title='bbox 2017 2049 2198 2103; x_wconf 75' lang='lat' dir='ltr'><strong>dixisti</strong></span> <span class='ocrx_word' id='word_1_483' title='bbox 2227 2066 2242 2103; x_wconf 89' lang='lat'><strong>:</strong></span> <span class='ocrx_word' id='word_1_484' title='bbox 2293 2047 2559 2114; x_wconf 85' lang='lat' dir='ltr'><strong>Quantum</strong></span> <span class='ocrx_word' id='word_1_485' title='bbox 2604 2045 2777 2099; x_wconf 74' lang='lat' dir='ltr'><strong>diﬂerl</strong></span> <span class='ocrx_word' id='word_1_486' title='bbox 2809 2047 3046 2115; x_wconf 77' lang='lat' dir='ltr'><strong>genitum</strong></span> <span class='ocrx_word' id='word_1_487' title='bbox 3077 2047 3143 2101; x_wconf 82' lang='lat' dir='ltr'><strong>ab</strong></span> <span class='ocrx_word' id='word_1_488' title='bbox 3175 2047 3411 2117; x_wconf 75' lang='lat' dir='ltr'><strong>ingenito</strong></span> <span class='ocrx_word' id='word_1_489' title='bbox 3433 2088 3448 2109; x_wconf 91' lang='lat'><strong>,</strong></span> 
     </span>
    </p>
   </div>
   <div class='ocr_carea' id='block_1_61' title="bbox 1893 2139 3455 2205">
    <p class='ocr_par' dir='ltr' id='par_1_61' title="bbox 1893 2139 3455 2205">
     <span class='ocr_line' id='line_1_61' title="bbox 1893 2139 3455 2205; baseline -0.001 -9"><span class='ocrx_word' id='word_1_490' title='bbox 1893 2153 2102 2196; x_wconf 87' lang='lat' dir='ltr'><strong>tantum</strong></span> <span class='ocrx_word' id='word_1_491' title='bbox 2149 2156 2371 2195; x_wconf 88' lang='lat' dir='ltr'><strong>necesse</strong></span> <span class='ocrx_word' id='word_1_492' title='bbox 2415 2148 2495 2192; x_wconf 89' lang='lat' dir='ltr'><strong>est</strong></span> <span class='ocrx_word' id='word_1_493' title='bbox 2532 2141 2702 2192; x_wconf 86' lang='lat' dir='ltr'><strong>lucem</strong></span> <span class='ocrx_word' id='word_1_494' title='bbox 2746 2154 2773 2192; x_wconf 92' lang='lat' dir='ltr'><strong>a</strong></span> <span class='ocrx_word' id='word_1_495' title='bbox 2811 2140 2930 2193; x_wconf 92' lang='lat' dir='ltr'><strong>luce</strong></span> <span class='ocrx_word' id='word_1_496' title='bbox 2978 2139 3216 2194; x_wconf 84' lang='lat' dir='ltr'><strong>diiierre.</strong></span> <span class='ocrx_word' id='word_1_497' title='bbox 3275 2141 3455 2205; x_wconf 82' lang='lat' dir='ltr'><strong>Quare</strong></span> 
     </span>
    </p>
   </div>
   <div class='ocr_carea' id='block_1_62' title="bbox 1892 2233 3455 2304">
    <p class='ocr_par' dir='ltr' id='par_1_62' title="bbox 1892 2233 3455 2304">
     <span class='ocr_line' id='line_1_62' title="bbox 1892 2233 3455 2304; baseline 0.001 -17"><span class='ocrx_word' id='word_1_498' title='bbox 1892 2234 2347 2303; x_wconf 83' lang='lat' dir='ltr'><strong>quemadmodum</strong></span> <span class='ocrx_word' id='word_1_499' title='bbox 2381 2233 2470 2302; x_wconf 87' lang='lat' dir='ltr'><strong>qui</strong></span> <span class='ocrx_word' id='word_1_500' title='bbox 2503 2234 2715 2302; x_wconf 81' lang='lat' dir='ltr'><strong>genitus</strong></span> <span class='ocrx_word' id='word_1_501' title='bbox 2745 2242 2824 2286; x_wconf 83' lang='lat' dir='ltr'><strong>est</strong></span> <span class='ocrx_word' id='word_1_502' title='bbox 2847 2274 2862 2300; x_wconf 94' lang='lat'><strong>,</strong></span> <span class='ocrx_word' id='word_1_503' title='bbox 2899 2247 3176 2301; x_wconf 87' lang='lat' dir='ltr'><strong>nunquam</strong></span> <span class='ocrx_word' id='word_1_504' title='bbox 3229 2233 3455 2304; x_wconf 52' lang='lat' dir='ltr'><strong>ingene-</strong></span> 
     </span>
    </p>
   </div>
   <div class='ocr_carea' id='block_1_63' title="bbox 1895 2325 3450 2397">
    <p class='ocr_par' dir='ltr' id='par_1_63' title="bbox 1895 2325 3450 2397">
     <span class='ocr_line' id='line_1_63' title="bbox 1895 2325 3450 2397; baseline -0.002 -16"><span class='ocrx_word' id='word_1_505' title='bbox 1895 2327 2118 2382; x_wconf 88' lang='lat' dir='ltr'><strong>rationis</strong></span> <span class='ocrx_word' id='word_1_506' title='bbox 2157 2329 2262 2381; x_wconf 90' lang='lat' dir='ltr'><strong>erit</strong></span> <span class='ocrx_word' id='word_1_507' title='bbox 2295 2327 2561 2396; x_wconf 89' lang='lat' dir='ltr'><strong>particeps</strong></span> <span class='ocrx_word' id='word_1_508' title='bbox 2602 2344 2614 2380; x_wconf 92' lang='lat'><strong>:</strong></span> <span class='ocrx_word' id='word_1_509' title='bbox 2657 2327 2734 2380; x_wconf 90' lang='lat' dir='ltr'><strong>sic</strong></span> <span class='ocrx_word' id='word_1_510' title='bbox 2784 2342 2905 2380; x_wconf 88' lang='lat' dir='ltr'><strong>eum</strong></span> <span class='ocrx_word' id='word_1_511' title='bbox 2947 2325 3081 2378; x_wconf 89' lang='lat' dir='ltr'><strong>lucis</strong></span> <span class='ocrx_word' id='word_1_512' title='bbox 3134 2327 3450 2397; x_wconf 78' lang='lat' dir='ltr'><strong>participem</strong></span> 
     </span>
    </p>
   </div>
   <div class='ocr_carea' id='block_1_64' title="bbox 1897 2417 3451 2487">
    <p class='ocr_par' dir='ltr' id='par_1_64' title="bbox 1897 2417 3451 2487">
     <span class='ocr_line' id='line_1_64' title="bbox 1897 2417 3451 2487; baseline 0.001 -17"><span class='ocrx_word' id='word_1_513' title='bbox 1897 2435 2170 2487; x_wconf 77' lang='lat' dir='ltr'><strong>minquam</strong></span> <span class='ocrx_word' id='word_1_514' title='bbox 2211 2418 2399 2475; x_wconf 79' lang='lat' dir='ltr'><strong>facies.</strong></span> <span class='ocrx_word' id='word_1_515' title='bbox 2431 2420 2606 2486; x_wconf 77' lang='lat' dir='ltr'><strong>Atque</strong></span> <span class='ocrx_word' id='word_1_516' title='bbox 2637 2417 2904 2486; x_wconf 79' lang='lat' dir='ltr'><strong>Uuigcniti</strong></span> <span class='ocrx_word' id='word_1_517' title='bbox 2930 2419 3229 2472; x_wconf 84' lang='lat' dir='ltr'><strong>substantia</strong></span> <span class='ocrx_word' id='word_1_518' title='bbox 3267 2433 3329 2472; x_wconf 79' lang='lat' dir='ltr'><strong>ex</strong></span> <span class='ocrx_word' id='word_1_519' title='bbox 3365 2429 3451 2472; x_wconf 83' lang='lat' dir='ltr'><strong>tua</strong></span> 
     </span>
    </p>
   </div>
   <div class='ocr_carea' id='block_1_65' title="bbox 1894 2507 3454 2577">
    <p class='ocr_par' dir='ltr' id='par_1_65' title="bbox 1894 2507 3454 2577">
     <span class='ocr_line' id='line_1_65' title="bbox 1894 2507 3454 2577; baseline -0.002 -13"><span class='ocrx_word' id='word_1_520' title='bbox 1894 2514 2161 2565; x_wconf 83' lang='lat' dir='ltr'><strong>sententia</strong></span> <span class='ocrx_word' id='word_1_521' title='bbox 2200 2523 2352 2577; x_wconf 68' lang='lat' dir='ltr'><strong>mque</strong></span> <span class='ocrx_word' id='word_1_522' title='bbox 2385 2509 2559 2561; x_wconf 87' lang='lat' dir='ltr'><strong>aberit</strong></span> <span class='ocrx_word' id='word_1_523' title='bbox 2585 2509 2653 2562; x_wconf 89' lang='lat' dir='ltr'><strong>ab</strong></span> <span class='ocrx_word' id='word_1_524' title='bbox 2683 2523 2747 2562; x_wconf 88' lang='lat' dir='ltr'><strong>eo</strong></span> <span class='ocrx_word' id='word_1_525' title='bbox 2789 2516 2845 2559; x_wconf 92' lang='lat' dir='ltr'><strong>ut</strong></span> <span class='ocrx_word' id='word_1_526' title='bbox 2881 2508 3118 2575; x_wconf 77' lang='lat' dir='ltr'><strong>ingenita</strong></span> <span class='ocrx_word' id='word_1_527' title='bbox 3144 2507 3244 2569; x_wconf 85' lang='lat' dir='ltr'><strong>sit,</strong></span> <span class='ocrx_word' id='word_1_528' title='bbox 3282 2516 3454 2574; x_wconf 89' lang='lat' dir='ltr'><strong>atque</strong></span> 
     </span>
    </p>
   </div>
   <div class='ocr_carea' id='block_1_66' title="bbox 1894 2598 3449 2668">
    <p class='ocr_par' dir='ltr' id='par_1_66' title="bbox 1894 2598 3449 2668">
     <span class='ocr_line' id='line_1_66' title="bbox 1894 2598 3449 2668; baseline -0.003 -14"><span class='ocrx_word' id='word_1_529' title='bbox 1894 2601 2044 2655; x_wconf 78' lang='lat' dir='ltr'><strong>abest</strong></span> <span class='ocrx_word' id='word_1_530' title='bbox 2080 2601 2146 2654; x_wconf 89' lang='lat' dir='ltr'><strong>ab</strong></span> <span class='ocrx_word' id='word_1_531' title='bbox 2174 2615 2238 2654; x_wconf 90' lang='lat' dir='ltr'><strong>eo</strong></span> <span class='ocrx_word' id='word_1_532' title='bbox 2277 2608 2334 2653; x_wconf 89' lang='lat' dir='ltr'><strong>ut</strong></span> <span class='ocrx_word' id='word_1_533' title='bbox 2373 2600 2462 2653; x_wconf 79' lang='lat' dir='ltr'><strong>lux</strong></span> <span class='ocrx_word' id='word_1_534' title='bbox 2511 2614 2629 2653; x_wconf 88' lang='lat' dir='ltr'><strong>esse</strong></span> <span class='ocrx_word' id='word_1_535' title='bbox 2661 2598 3007 2668; x_wconf 82' lang='lat' dir='ltr'><strong>intelligatur,</strong></span> <span class='ocrx_word' id='word_1_536' title='bbox 3041 2608 3096 2653; x_wconf 93' lang='lat' dir='ltr'><strong>et</strong></span> <span class='ocrx_word' id='word_1_537' title='bbox 3125 2598 3449 2652; x_wconf 88' lang='lat' dir='ltr'><strong>nominetur.</strong></span> 
     </span>
    </p>
   </div>
   <div class='ocr_carea' id='block_1_67' title="bbox 1893 2690 3455 2762">
    <p class='ocr_par' dir='ltr' id='par_1_67' title="bbox 1893 2690 3455 2762">
     <span class='ocr_line' id='line_1_67' title="bbox 1893 2690 3455 2762; baseline -0.002 -16"><span class='ocrx_word' id='word_1_538' title='bbox 1893 2694 1964 2746; x_wconf 81' lang='lat' dir='ltr'><strong>At</strong></span> <span class='ocrx_word' id='word_1_539' title='bbox 2001 2693 2239 2748; x_wconf 81' lang='lat' dir='ltr'><strong>Joannes</strong></span> <span class='ocrx_word' id='word_1_540' title='bbox 2273 2709 2463 2762; x_wconf 80' lang='lat' dir='ltr'><strong>magna</strong></span> <span class='ocrx_word' id='word_1_541' title='bbox 2497 2692 2728 2761; x_wconf 87' lang='lat' dir='ltr'><strong>Spiritus</strong></span> <span class='ocrx_word' id='word_1_542' title='bbox 2768 2707 2900 2747; x_wconf 86' lang='lat' dir='ltr'><strong>voce</strong></span> <span class='ocrx_word' id='word_1_543' title='bbox 2934 2691 3189 2745; x_wconf 86' lang='lat' dir='ltr'><strong>inclamat</strong></span> <span class='ocrx_word' id='word_1_544' title='bbox 3221 2691 3339 2756; x_wconf 90' lang='lat' dir='ltr'><strong>tibi,</strong></span> <span class='ocrx_word' id='word_1_545' title='bbox 3372 2690 3455 2744; x_wconf 90' lang='lat' dir='ltr'><strong>di-</strong></span> 
     </span>
    </p>
   </div>
   <div class='ocr_carea' id='block_1_68' title="bbox 1894 2783 3454 2843">
    <p class='ocr_par' dir='ltr' id='par_1_68' title="bbox 1894 2783 3454 2843">
     <span class='ocr_line' id='line_1_68' title="bbox 1894 2783 3454 2843; baseline -0.002 -2"><span class='ocrx_word' id='word_1_546' title='bbox 1894 2803 2023 2843; x_wconf 89' lang='lat' dir='ltr'><strong>cens</strong></span> <span class='ocrx_word' id='word_1_547' title='bbox 2057 2804 2071 2841; x_wconf 89' lang='lat'><strong>:</strong></span> <span class='ocrx_word' id='word_1_548' title='bbox 2109 2785 2240 2839; x_wconf 84' lang='lat' dir='ltr'><strong>Erat</strong></span> <span class='ocrx_word' id='word_1_549' title='bbox 2272 2790 2364 2839; x_wconf 78' lang='lat' dir='ltr'><strong>tua:</strong></span> <span class='ocrx_word' id='word_1_550' title='bbox 2397 2801 2515 2838; x_wconf 67' lang='lat' dir='ltr'><strong>vera</strong></span> <span class='ocrx_word' id='word_1_551' title='bbox 2541 2786 2604 2837; x_wconf 79' lang='grc' dir='ltr'><strong>ἰ,</strong></span> <span class='ocrx_word' id='word_1_552' title='bbox 2646 2783 2762 2837; x_wconf 86' lang='lat' dir='ltr'><strong>Tibi</strong></span> <span class='ocrx_word' id='word_1_553' title='bbox 2792 2793 2968 2838; x_wconf 81' lang='lat' dir='ltr'><strong>tamen</strong></span> <span class='ocrx_word' id='word_1_554' title='bbox 2997 2797 3154 2837; x_wconf 81' lang='lat' dir='ltr'><strong>aures</strong></span> <span class='ocrx_word' id='word_1_555' title='bbox 3191 2799 3294 2838; x_wconf 90' lang='lat' dir='ltr'><strong>non</strong></span> <span class='ocrx_word' id='word_1_556' title='bbox 3327 2792 3454 2838; x_wconf 88' lang='lat' dir='ltr'><strong>sunt</strong></span> 
     </span>
    </p>
   </div>
   <div class='ocr_carea' id='block_1_69' title="bbox 1895 2873 3457 2944">
    <p class='ocr_par' dir='ltr' id='par_1_69' title="bbox 1895 2873 3457 2944">
     <span class='ocr_line' id='line_1_69' title="bbox 1895 2873 3457 2944; baseline -0.004 -12"><span class='ocrx_word' id='word_1_557' title='bbox 1895 2879 1958 2932; x_wconf 85' lang='lat' dir='ltr'><strong>ad</strong></span> <span class='ocrx_word' id='word_1_558' title='bbox 1982 2879 2328 2941; x_wconf 86' lang='lat' dir='ltr'><strong>audiendum,</strong></span> <span class='ocrx_word' id='word_1_559' title='bbox 2352 2889 2524 2944; x_wconf 88' lang='lat' dir='ltr'><strong>neque</strong></span> <span class='ocrx_word' id='word_1_560' title='bbox 2549 2888 2643 2929; x_wconf 91' lang='lat' dir='ltr'><strong>cor</strong></span> <span class='ocrx_word' id='word_1_561' title='bbox 2665 2874 2734 2928; x_wconf 90' lang='lat' dir='ltr'><strong>ad</strong></span> <span class='ocrx_word' id='word_1_562' title='bbox 2761 2873 3185 2943; x_wconf 76' lang='lat' dir='ltr'><strong>intelligendum.</strong></span> <span class='ocrx_word' id='word_1_563' title='bbox 3216 2873 3324 2927; x_wconf 88' lang='lat' dir='ltr'><strong>lmo</strong></span> <span class='ocrx_word' id='word_1_564' title='bbox 3351 2874 3457 2926; x_wconf 82' lang='lat' dir='ltr'><strong>tuis</strong></span> 
     </span>
    </p>
   </div>
   <div class='ocr_carea' id='block_1_70' title="bbox 1896 2965 3449 3037">
    <p class='ocr_par' dir='ltr' id='par_1_70' title="bbox 1896 2965 3449 3037">
     <span class='ocr_line' id='line_1_70' title="bbox 1896 2965 3449 3037; baseline -0.003 -14"><span class='ocrx_word' id='word_1_565' title='bbox 1896 2969 2326 3024; x_wconf 82' lang='lat' dir='ltr'><strong>cavillationibus</strong></span> <span class='ocrx_word' id='word_1_566' title='bbox 2397 2968 2663 3037; x_wconf 81' lang='lat' dir='ltr'><strong>Unigeniti</strong></span> <span class='ocrx_word' id='word_1_567' title='bbox 2715 2967 3072 3022; x_wconf 77' lang='lat' dir='ltr'><strong>substantiam</strong></span> <span class='ocrx_word' id='word_1_568' title='bbox 3118 2965 3185 3020; x_wconf 87' lang='lat' dir='ltr'><strong>ad</strong></span> <span class='ocrx_word' id='word_1_569' title='bbox 3231 2975 3449 3019; x_wconf 78' lang='lat' dir='ltr'><strong>eontra-</strong></span> 
     </span>
    </p>
   </div>
   <div class='ocr_carea' id='block_1_71' title="bbox 1899 3059 3449 3131">
    <p class='ocr_par' dir='ltr' id='par_1_71' title="bbox 1899 3059 3449 3131">
     <span class='ocr_line' id='line_1_71' title="bbox 1899 3059 3449 3131; baseline -0.003 -13"><span class='ocrx_word' id='word_1_570' title='bbox 1899 3066 2032 3119; x_wconf 83' lang='lat' dir='ltr'><strong>riam</strong></span> <span class='ocrx_word' id='word_1_571' title='bbox 2071 3074 2349 3128; x_wconf 85' lang='lat' dir='ltr'><strong>naturam,</strong></span> <span class='ocrx_word' id='word_1_572' title='bbox 2381 3076 2430 3117; x_wconf 87' lang='lat' dir='ltr'><strong>et</strong></span> <span class='ocrx_word' id='word_1_573' title='bbox 2462 3078 2579 3131; x_wconf 76' lang='lat' dir='ltr'><strong>qua:</strong></span> <span class='ocrx_word' id='word_1_574' title='bbox 2626 3076 2744 3115; x_wconf 90' lang='lat' dir='ltr'><strong>cum</strong></span> <span class='ocrx_word' id='word_1_575' title='bbox 2790 3061 2908 3116; x_wconf 91' lang='lat' dir='ltr'><strong>luce</strong></span> <span class='ocrx_word' id='word_1_576' title='bbox 2937 3075 3057 3116; x_wconf 90' lang='lat' dir='ltr'><strong>esse</strong></span> <span class='ocrx_word' id='word_1_577' title='bbox 3089 3076 3195 3114; x_wconf 91' lang='lat' dir='ltr'><strong>non</strong></span> <span class='ocrx_word' id='word_1_578' title='bbox 3241 3059 3412 3129; x_wconf 55' lang='lat' dir='ltr'><strong>possit</strong></span> <span class='ocrx_word' id='word_1_579' title='bbox 3435 3101 3449 3123; x_wconf 88' lang='lat'><strong>,</strong></span> 
     </span>
    </p>
   </div>
   <div class='ocr_carea' id='block_1_72' title="bbox 1822 3153 3450 3248">
    <p class='ocr_par' dir='ltr' id='par_1_72' title="bbox 1822 3153 3450 3248">
     <span class='ocr_line' id='line_1_72' title="bbox 1822 3153 3450 3248; baseline -0.002 -38"><span class='ocrx_word' id='word_1_580' title='bbox 1822 3193 1863 3248; x_wconf 62' lang='grc' dir='ltr'>ο</span> <span class='ocrx_word' id='word_1_581' title='bbox 1900 3158 2162 3213; x_wconf 88' lang='lat' dir='ltr'><strong>detrudis.</strong></span> <span class='ocrx_word' id='word_1_582' title='bbox 2211 3157 2318 3211; x_wconf 81' lang='lat' dir='ltr'><strong>Nec</strong></span> <span class='ocrx_word' id='word_1_583' title='bbox 2362 3157 2504 3210; x_wconf 87' lang='lat' dir='ltr'><strong>enim</strong></span> <span class='ocrx_word' id='word_1_584' title='bbox 2553 3153 2791 3224; x_wconf 79' lang='lat' dir='ltr'><strong>profecto</strong></span> <span class='ocrx_word' id='word_1_585' title='bbox 2833 3155 3065 3208; x_wconf 82' lang='lat' dir='ltr'><strong>validum</strong></span> <span class='ocrx_word' id='word_1_586' title='bbox 3107 3153 3237 3208; x_wconf 90' lang='lat' dir='ltr'><strong>illud</strong></span> <span class='ocrx_word' id='word_1_587' title='bbox 3266 3155 3450 3219; x_wconf 88' lang='lat' dir='ltr'><strong>dices,</strong></span> 
     </span>
    </p>
   </div>
   <div class='ocr_carea' id='block_1_73' title="bbox 1907 3245 3458 3317">
    <p class='ocr_par' dir='ltr' id='par_1_73' title="bbox 1907 3245 3458 3317">
     <span class='ocr_line' id='line_1_73' title="bbox 1907 3245 3458 3317; baseline -0.002 -16"><span class='ocrx_word' id='word_1_588' title='bbox 1907 3251 2046 3317; x_wconf 91' lang='lat' dir='ltr'><strong>quod</strong></span> <span class='ocrx_word' id='word_1_589' title='bbox 2077 3250 2143 3301; x_wconf 91' lang='lat' dir='ltr'><strong>ab</strong></span> <span class='ocrx_word' id='word_1_590' title='bbox 2168 3246 2459 3317; x_wconf 80' lang='lat' dir='ltr'><strong>Unigenito</strong></span> <span class='ocrx_word' id='word_1_591' title='bbox 2491 3246 2902 3314; x_wconf 84' lang='lat' dir='ltr'><strong>appellationem</strong></span> <span class='ocrx_word' id='word_1_592' title='bbox 2933 3246 3064 3300; x_wconf 90' lang='lat' dir='ltr'><strong>lucis</strong></span> <span class='ocrx_word' id='word_1_593' title='bbox 3087 3261 3190 3299; x_wconf 94' lang='lat' dir='ltr'><strong>non</strong></span> <span class='ocrx_word' id='word_1_594' title='bbox 3219 3245 3458 3299; x_wconf 78' lang='lat' dir='ltr'><strong>abstule-</strong></span> 
     </span>
    </p>
   </div>
   <div class='ocr_carea' id='block_1_74' title="bbox 1897 3336 3453 3406">
    <p class='ocr_par' dir='ltr' id='par_1_74' title="bbox 1897 3336 3453 3406">
     <span class='ocr_line' id='line_1_74' title="bbox 1897 3336 3453 3406; baseline -0.001 -14"><span class='ocrx_word' id='word_1_595' title='bbox 1897 3340 1990 3392; x_wconf 90' lang='lat' dir='ltr'><strong>ris.</strong></span> <span class='ocrx_word' id='word_1_596' title='bbox 2025 3337 2138 3392; x_wconf 83' lang='lat' dir='ltr'><strong>Non</strong></span> <span class='ocrx_word' id='word_1_597' title='bbox 2170 3339 2312 3393; x_wconf 89' lang='lat' dir='ltr'><strong>enim</strong></span> <span class='ocrx_word' id='word_1_598' title='bbox 2345 3337 2395 3390; x_wconf 92' lang='lat' dir='ltr'><strong>in</strong></span> <span class='ocrx_word' id='word_1_599' title='bbox 2429 3351 2560 3390; x_wconf 87' lang='lat' dir='ltr'><strong>sono</strong></span> <span class='ocrx_word' id='word_1_600' title='bbox 2589 3337 2753 3398; x_wconf 84' lang='lat' dir='ltr'><strong>aeris,</strong></span> <span class='ocrx_word' id='word_1_601' title='bbox 2776 3337 2868 3390; x_wconf 88' lang='lat' dir='ltr'><strong>sed</strong></span> <span class='ocrx_word' id='word_1_602' title='bbox 2899 3336 2953 3390; x_wconf 90' lang='lat' dir='ltr'><strong>in</strong></span> <span class='ocrx_word' id='word_1_603' title='bbox 2985 3336 3037 3390; x_wconf 90' lang='lat' dir='ltr'><strong>vi</strong></span> <span class='ocrx_word' id='word_1_604' title='bbox 3068 3351 3248 3390; x_wconf 88' lang='lat' dir='ltr'><strong>rerum</strong></span> <span class='ocrx_word' id='word_1_605' title='bbox 3284 3338 3453 3406; x_wconf 81' lang='lat' dir='ltr'><strong>signi-</strong></span> 
     </span>
    </p>
   </div>
   <div class='ocr_carea' id='block_1_75' title="bbox 1897 3429 3454 3501">
    <p class='ocr_par' dir='ltr' id='par_1_75' title="bbox 1897 3429 3454 3501">
     <span class='ocr_line' id='line_1_75' title="bbox 1897 3429 3454 3501; baseline -0.001 -15"><span class='ocrx_word' id='word_1_606' title='bbox 1897 3433 2172 3486; x_wconf 83' lang='lat' dir='ltr'><strong>ﬁcatarum</strong></span> <span class='ocrx_word' id='word_1_607' title='bbox 2203 3434 2371 3501; x_wconf 88' lang='lat' dir='ltr'><strong>pietas</strong></span> <span class='ocrx_word' id='word_1_608' title='bbox 2416 3437 2517 3483; x_wconf 79' lang='lat' dir='ltr'><strong>est.</strong></span> <span class='ocrx_word' id='word_1_609' title='bbox 2555 3429 2652 3485; x_wconf 84' lang='lat' dir='ltr'><strong>llic</strong></span> <span class='ocrx_word' id='word_1_610' title='bbox 2683 3445 2807 3484; x_wconf 90' lang='lat' dir='ltr'><strong>vero</strong></span> <span class='ocrx_word' id='word_1_611' title='bbox 2848 3447 2951 3485; x_wconf 89' lang='lat' dir='ltr'><strong>non</strong></span> <span class='ocrx_word' id='word_1_612' title='bbox 2995 3431 3048 3484; x_wconf 92' lang='lat' dir='ltr'><strong>in</strong></span> <span class='ocrx_word' id='word_1_613' title='bbox 3092 3431 3177 3487; x_wconf 88' lang='lat' dir='ltr'><strong>bis</strong></span> <span class='ocrx_word' id='word_1_614' title='bbox 3203 3431 3454 3501; x_wconf 74' lang='lat' dir='ltr'><strong>quievit,</strong></span> 
     </span>
    </p>
   </div>
   <div class='ocr_carea' id='block_1_76' title="bbox 1897 3524 3459 3594">
    <p class='ocr_par' dir='ltr' id='par_1_76' title="bbox 1897 3524 3459 3594">
     <span class='ocr_line' id='line_1_76' title="bbox 1897 3524 3459 3594; baseline -0.001 -14"><span class='ocrx_word' id='word_1_615' title='bbox 1897 3529 1991 3580; x_wconf 90' lang='lat' dir='ltr'><strong>sed</strong></span> <span class='ocrx_word' id='word_1_616' title='bbox 2027 3525 2186 3580; x_wconf 91' lang='lat' dir='ltr'><strong>simul</strong></span> <span class='ocrx_word' id='word_1_617' title='bbox 2230 3535 2286 3580; x_wconf 89' lang='lat' dir='ltr'><strong>et</strong></span> <span class='ocrx_word' id='word_1_618' title='bbox 2323 3524 2489 3580; x_wconf 86' lang='lat' dir='ltr'><strong>vitam</strong></span> <span class='ocrx_word' id='word_1_619' title='bbox 2544 3536 2596 3580; x_wconf 92' lang='lat' dir='ltr'><strong>et</strong></span> <span class='ocrx_word' id='word_1_620' title='bbox 2641 3527 2933 3594; x_wconf 87' lang='lat' dir='ltr'><strong>potentiam</strong></span> <span class='ocrx_word' id='word_1_621' title='bbox 2987 3527 3127 3581; x_wconf 89' lang='lat' dir='ltr'><strong>inter</strong></span> <span class='ocrx_word' id='word_1_622' title='bbox 3176 3541 3234 3580; x_wconf 89' lang='lat' dir='ltr'><strong>se</strong></span> <span class='ocrx_word' id='word_1_623' title='bbox 3269 3526 3459 3580; x_wconf 88' lang='lat' dir='ltr'><strong>eadem</strong></span> 
     </span>
    </p>
   </div>
   <div class='ocr_carea' id='block_1_77' title="bbox 1895 3619 3456 3682">
    <p class='ocr_par' dir='ltr' id='par_1_77' title="bbox 1895 3619 3456 3682">
     <span class='ocr_line' id='line_1_77' title="bbox 1895 3619 3456 3682; baseline -0.002 -9"><span class='ocrx_word' id='word_1_624' title='bbox 1895 3621 2166 3674; x_wconf 74' lang='lat' dir='ltr'><strong>distantia:</strong></span> <span class='ocrx_word' id='word_1_625' title='bbox 2216 3636 2466 3675; x_wconf 86' lang='lat' dir='ltr'><strong>mensura</strong></span> <span class='ocrx_word' id='word_1_626' title='bbox 2517 3621 2820 3675; x_wconf 87' lang='lat' dir='ltr'><strong>contrarias</strong></span> <span class='ocrx_word' id='word_1_627' title='bbox 2871 3620 3106 3682; x_wconf 88' lang='lat' dir='ltr'><strong>inducit,</strong></span> <span class='ocrx_word' id='word_1_628' title='bbox 3157 3633 3282 3672; x_wconf 92' lang='lat' dir='ltr'><strong>cum</strong></span> <span class='ocrx_word' id='word_1_629' title='bbox 3324 3619 3400 3671; x_wconf 85' lang='lat' dir='ltr'><strong>ait</strong></span> <span class='ocrx_word' id='word_1_630' title='bbox 3441 3635 3456 3671; x_wconf 91' lang='lat'><strong>:</strong></span> 
     </span>
    </p>
   </div>
   <div class='ocr_carea' id='block_1_78' title="bbox 1895 3711 3459 3781">
    <p class='ocr_par' dir='ltr' id='par_1_78' title="bbox 1895 3711 3459 3781">
     <span class='ocr_line' id='line_1_78' title="bbox 1895 3711 3459 3781; baseline 0.001 -16"><span class='ocrx_word' id='word_1_631' title='bbox 1895 3712 2166 3780; x_wconf 85' lang='lat' dir='ltr'><strong>Quantum</strong></span> <span class='ocrx_word' id='word_1_632' title='bbox 2204 3713 2380 3767; x_wconf 71' lang='lat' dir='ltr'><strong>diﬂert</strong></span> <span class='ocrx_word' id='word_1_633' title='bbox 2420 3713 2656 3781; x_wconf 73' lang='lat' dir='ltr'><strong>genitum</strong></span> <span class='ocrx_word' id='word_1_634' title='bbox 2702 3714 2770 3764; x_wconf 89' lang='lat' dir='ltr'><strong>ab</strong></span> <span class='ocrx_word' id='word_1_635' title='bbox 2801 3711 3059 3781; x_wconf 77' lang='lat' dir='ltr'><strong>ingenito.</strong></span> <span class='ocrx_word' id='word_1_636' title='bbox 3105 3719 3312 3764; x_wconf 89' lang='lat' dir='ltr'><strong>tantum</strong></span> <span class='ocrx_word' id='word_1_637' title='bbox 3359 3725 3459 3766; x_wconf 83' lang='lat' dir='ltr'><strong>ne-</strong></span> 
     </span>
    </p>
   </div>
   <div class='ocr_carea' id='block_1_79' title="bbox 1898 3801 3461 3868">
    <p class='ocr_par' dir='ltr' id='par_1_79' title="bbox 1898 3801 3461 3868">
     <span class='ocr_line' id='line_1_79' title="bbox 1898 3801 3461 3868; baseline -0.001 -9"><span class='ocrx_word' id='word_1_638' title='bbox 1898 3820 2048 3859; x_wconf 85' lang='lat' dir='ltr'><strong>cesse</strong></span> <span class='ocrx_word' id='word_1_639' title='bbox 2073 3816 2154 3859; x_wconf 86' lang='lat' dir='ltr'><strong>est</strong></span> <span class='ocrx_word' id='word_1_640' title='bbox 2185 3805 2356 3860; x_wconf 89' lang='lat' dir='ltr'><strong>lucem</strong></span> <span class='ocrx_word' id='word_1_641' title='bbox 2403 3819 2432 3858; x_wconf 82' lang='lat' dir='ltr'><strong>a</strong></span> <span class='ocrx_word' id='word_1_642' title='bbox 2469 3802 2588 3856; x_wconf 73' lang='lat' dir='ltr'><strong>luce.</strong></span> <span class='ocrx_word' id='word_1_643' title='bbox 2625 3801 2860 3867; x_wconf 71' lang='lat' dir='ltr'><strong>tliﬂerre,</strong></span> <span class='ocrx_word' id='word_1_644' title='bbox 2893 3815 2946 3858; x_wconf 89' lang='lat' dir='ltr'><strong>et</strong></span> <span class='ocrx_word' id='word_1_645' title='bbox 2975 3805 3138 3856; x_wconf 88' lang='lat' dir='ltr'><strong>vitam</strong></span> <span class='ocrx_word' id='word_1_646' title='bbox 3173 3820 3201 3858; x_wconf 70' lang='grc' dir='ltr'><strong>ε</strong></span> <span class='ocrx_word' id='word_1_647' title='bbox 3239 3806 3371 3868; x_wconf 80' lang='lat' dir='ltr'><strong>vita,</strong></span> <span class='ocrx_word' id='word_1_648' title='bbox 3407 3813 3461 3858; x_wconf 84' lang='lat' dir='ltr'><strong>et</strong></span> 
     </span>
    </p>
   </div>
   <div class='ocr_carea' id='block_1_80' title="bbox 1899 3895 3460 3968">
    <p class='ocr_par' dir='ltr' id='par_1_80' title="bbox 1899 3895 3460 3968">
     <span class='ocr_line' id='line_1_80' title="bbox 1899 3895 3460 3968; baseline 0.001 -17"><span class='ocrx_word' id='word_1_649' title='bbox 1899 3901 2195 3968; x_wconf 85' lang='lat' dir='ltr'><strong>potentiam</strong></span> <span class='ocrx_word' id='word_1_650' title='bbox 2223 3914 2249 3950; x_wconf 90' lang='lat' dir='ltr'><strong>a</strong></span> <span class='ocrx_word' id='word_1_651' title='bbox 2278 3899 2539 3966; x_wconf 91' lang='lat' dir='ltr'><strong>potentia.</strong></span> <span class='ocrx_word' id='word_1_652' title='bbox 2574 3897 2736 3968; x_wconf 67' lang='grc'><strong>264</strong></span> <span class='ocrx_word' id='word_1_653' title='bbox 2760 3897 2897 3963; x_wconf 78' lang='lat' dir='ltr'><strong>Ergo</strong></span> <span class='ocrx_word' id='word_1_654' title='bbox 2923 3895 3238 3966; x_wconf 79' lang='lat' dir='ltr'><strong>Uuigeuilus</strong></span> <span class='ocrx_word' id='word_1_655' title='bbox 3265 3914 3460 3952; x_wconf 86' lang='lat' dir='ltr'><strong>secun-</strong></span> 
     </span>
    </p>
   </div>
   <div class='ocr_carea' id='block_1_81' title="bbox 1899 3989 3461 4060">
    <p class='ocr_par' dir='ltr' id='par_1_81' title="bbox 1899 3989 3461 4060">
     <span class='ocr_line' id='line_1_81' title="bbox 1899 3989 3461 4060; baseline 0.001 -18"><span class='ocrx_word' id='word_1_656' title='bbox 1899 3992 2022 4044; x_wconf 89' lang='lat' dir='ltr'><strong>dum</strong></span> <span class='ocrx_word' id='word_1_657' title='bbox 2053 4000 2102 4043; x_wconf 93' lang='lat' dir='ltr'><strong>te</strong></span> <span class='ocrx_word' id='word_1_658' title='bbox 2134 4004 2232 4044; x_wconf 87' lang='lat' dir='ltr'><strong>nec</strong></span> <span class='ocrx_word' id='word_1_659' title='bbox 2259 3990 2364 4042; x_wconf 90' lang='lat' dir='ltr'><strong>vita</strong></span> <span class='ocrx_word' id='word_1_660' title='bbox 2396 3997 2499 4052; x_wconf 90' lang='lat' dir='ltr'><strong>est,</strong></span> <span class='ocrx_word' id='word_1_661' title='bbox 2532 4005 2627 4042; x_wconf 87' lang='lat' dir='ltr'><strong>nec</strong></span> <span class='ocrx_word' id='word_1_662' title='bbox 2656 3990 2914 4057; x_wconf 85' lang='lat' dir='ltr'><strong>potentia.</strong></span> <span class='ocrx_word' id='word_1_663' title='bbox 2949 3992 3017 4043; x_wconf 81' lang='lat' dir='ltr'><strong>At</strong></span> <span class='ocrx_word' id='word_1_664' title='bbox 3040 3990 3252 4060; x_wconf 90' lang='lat' dir='ltr'><strong>spernis</strong></span> <span class='ocrx_word' id='word_1_665' title='bbox 3280 3989 3461 4045; x_wconf 89' lang='lat' dir='ltr'><strong>Domi-</strong></span> 
     </span>
    </p>
   </div>
   <div class='ocr_carea' id='block_1_82' title="bbox 1899 4080 3461 4153">
    <p class='ocr_par' dir='ltr' id='par_1_82' title="bbox 1899 4080 3461 4153">
     <span class='ocr_line' id='line_1_82' title="bbox 1899 4080 3461 4153; baseline 0.001 -18"><span class='ocrx_word' id='word_1_666' title='bbox 1899 4101 2022 4136; x_wconf 89' lang='lat' dir='ltr'><strong>num</strong></span> <span class='ocrx_word' id='word_1_667' title='bbox 2057 4084 2250 4150; x_wconf 88' lang='lat' dir='ltr'><strong>ipsmn,</strong></span> <span class='ocrx_word' id='word_1_668' title='bbox 2279 4083 2367 4152; x_wconf 91' lang='lat' dir='ltr'><strong>qui</strong></span> <span class='ocrx_word' id='word_1_669' title='bbox 2405 4083 2574 4137; x_wconf 87' lang='lat' dir='ltr'><strong>dicit:</strong></span> <span class='ocrx_word' id='word_1_670' title='bbox 2609 4080 2722 4151; x_wconf 83' lang='lat' dir='ltr'><strong>Ego</strong></span> <span class='ocrx_word' id='word_1_671' title='bbox 2743 4101 2856 4136; x_wconf 75' lang='lat' dir='ltr'><strong>tum</strong></span> <span class='ocrx_word' id='word_1_672' title='bbox 2882 4086 2983 4137; x_wconf 81' lang='lat' dir='ltr'><strong>vita</strong></span> <span class='ocrx_word' id='word_1_673' title='bbox 3009 4085 3093 4151; x_wconf 82' lang='lat'><strong>&quot;;</strong></span> <span class='ocrx_word' id='word_1_674' title='bbox 3127 4083 3338 4153; x_wconf 79' lang='lat' dir='ltr'><strong>spernis</strong></span> <span class='ocrx_word' id='word_1_675' title='bbox 3370 4083 3461 4136; x_wconf 88' lang='lat' dir='ltr'><strong>iti-</strong></span> 
     </span>
    </p>
   </div>
   <div class='ocr_carea' id='block_1_83' title="bbox 1899 4171 3458 4245">
    <p class='ocr_par' dir='ltr' id='par_1_83' title="bbox 1899 4171 3458 4245">
     <span class='ocr_line' id='line_1_83' title="bbox 1899 4171 3458 4245; baseline 0.003 -21"><span class='ocrx_word' id='word_1_676' title='bbox 1899 4172 2018 4225; x_wconf 87' lang='lat' dir='ltr'><strong>dem</strong></span> <span class='ocrx_word' id='word_1_677' title='bbox 2067 4171 2315 4234; x_wconf 86' lang='lat' dir='ltr'><strong>Paulum,</strong></span> <span class='ocrx_word' id='word_1_678' title='bbox 2350 4174 2436 4241; x_wconf 86' lang='lat' dir='ltr'><strong>qui</strong></span> <span class='ocrx_word' id='word_1_679' title='bbox 2479 4172 2617 4225; x_wconf 78' lang='lat' dir='ltr'><strong>dixit</strong></span> <span class='ocrx_word' id='word_1_680' title='bbox 2663 4191 2675 4226; x_wconf 96' lang='lat'>:</span> <span class='ocrx_word' id='word_1_681' title='bbox 2715 4171 2956 4245; x_wconf 73' lang='lat' dir='ltr'><strong>Christus</strong></span> <span class='ocrx_word' id='word_1_682' title='bbox 2997 4173 3093 4227; x_wconf 83' lang='lat' dir='ltr'><strong>Dei</strong></span> <span class='ocrx_word' id='word_1_683' title='bbox 3132 4176 3362 4241; x_wconf 72' lang='lat' dir='ltr'><strong>potentia</strong></span> <span class='ocrx_word' id='word_1_684' title='bbox 3392 4174 3458 4228; x_wconf 81' lang='grc'><strong>⁸³.</strong></span> 
     </span>
    </p>
   </div>
   <div class='ocr_carea' id='block_1_84' title="bbox 1898 4259 3461 4331">
    <p class='ocr_par' dir='ltr' id='par_1_84' title="bbox 1898 4259 3461 4331">
     <span class='ocr_line' id='line_1_84' title="bbox 1898 4259 3461 4331; baseline 0.004 -18"><span class='ocrx_word' id='word_1_685' title='bbox 1898 4259 2031 4314; x_wconf 84' lang='lat' dir='ltr'><strong>Nam</strong></span> <span class='ocrx_word' id='word_1_686' title='bbox 2061 4277 2396 4331; x_wconf 60' lang='lat' dir='ltr'><strong>quacunque</strong></span> <span class='ocrx_word' id='word_1_687' title='bbox 2432 4263 2483 4315; x_wconf 94' lang='lat' dir='ltr'><strong>in</strong></span> <span class='ocrx_word' id='word_1_688' title='bbox 2512 4263 2881 4331; x_wconf 84' lang='lat' dir='ltr'><strong>superioribus</strong></span> <span class='ocrx_word' id='word_1_689' title='bbox 2911 4266 3279 4320; x_wconf 86' lang='lat' dir='ltr'><strong>demonstrata</strong></span> <span class='ocrx_word' id='word_1_690' title='bbox 3313 4276 3461 4331; x_wconf 87' lang='lat' dir='ltr'><strong>sunt,</strong></span> 
     </span>
    </p>
   </div>
   <div class='ocr_carea' id='block_1_85' title="bbox 1897 4355 3453 4431">
    <p class='ocr_par' dir='ltr' id='par_1_85' title="bbox 1897 4355 3453 4431">
     <span class='ocr_line' id='line_1_85' title="bbox 1897 4355 3453 4431; baseline 0.004 -23"><span class='ocrx_word' id='word_1_691' title='bbox 1897 4369 1958 4408; x_wconf 87' lang='lat' dir='ltr'><strong>ea</strong></span> <span class='ocrx_word' id='word_1_692' title='bbox 1993 4355 2076 4408; x_wconf 87' lang='lat' dir='ltr'><strong>bis</strong></span> <span class='ocrx_word' id='word_1_693' title='bbox 2108 4368 2318 4424; x_wconf 91' lang='lat' dir='ltr'><strong>quoque</strong></span> <span class='ocrx_word' id='word_1_694' title='bbox 2346 4369 2489 4409; x_wconf 91' lang='lat' dir='ltr'><strong>nunc</strong></span> <span class='ocrx_word' id='word_1_695' title='bbox 2513 4357 3082 4413; x_wconf 82' lang='lat' dir='ltr'><strong>accommodabuntur.</strong></span> <span class='ocrx_word' id='word_1_696' title='bbox 3111 4357 3246 4413; x_wconf 86' lang='lat' dir='ltr'><strong>Nam</strong></span> <span class='ocrx_word' id='word_1_697' title='bbox 3277 4376 3453 4431; x_wconf 74' lang='lat' dir='ltr'><strong>neque</strong></span> 
     </span>
    </p>
   </div>
   <div class='ocr_carea' id='block_1_86' title="bbox 1901 4446 3453 4521">
    <p class='ocr_par' dir='ltr' id='par_1_86' title="bbox 1901 4446 3453 4521">
     <span class='ocr_line' id='line_1_86' title="bbox 1901 4446 3453 4521; baseline 0.005 -23"><span class='ocrx_word' id='word_1_698' title='bbox 1901 4446 2086 4508; x_wconf 86' lang='lat' dir='ltr'><strong>vitam,</strong></span> <span class='ocrx_word' id='word_1_699' title='bbox 2126 4459 2298 4513; x_wconf 90' lang='lat' dir='ltr'><strong>neque</strong></span> <span class='ocrx_word' id='word_1_700' title='bbox 2332 4446 2627 4515; x_wconf 90' lang='lat' dir='ltr'><strong>potentiam</strong></span> <span class='ocrx_word' id='word_1_701' title='bbox 2677 4449 2801 4502; x_wconf 59' lang='lat' dir='ltr'><strong>vita)</strong></span> <span class='ocrx_word' id='word_1_702' title='bbox 2848 4464 2912 4503; x_wconf 92' lang='lat' dir='ltr'><strong>ac</strong></span> <span class='ocrx_word' id='word_1_703' title='bbox 2962 4453 3214 4517; x_wconf 69' lang='lat' dir='ltr'><strong>potentiae</strong></span> <span class='ocrx_word' id='word_1_704' title='bbox 3254 4456 3453 4521; x_wconf 86' lang='lat' dir='ltr'><strong>opponi</strong></span> 
     </span>
    </p>
   </div>
   <div class='ocr_carea' id='block_1_87' title="bbox 225 4529 1887 4613">
    <p class='ocr_par' dir='ltr' id='par_1_87' title="bbox 225 4529 1870 4607">
     <span class='ocr_line' id='line_1_87' title="bbox 225 4529 1870 4607; baseline 0.004 -25"><span class='ocrx_word' id='word_1_705' title='bbox 225 4529 350 4582; x_wconf 74' lang='grc' dir='ltr'>οὔτε</span> <span class='ocrx_word' id='word_1_706' title='bbox 377 4531 602 4601; x_wconf 86' lang='grc' dir='ltr'>δύναμιν</span> <span class='ocrx_word' id='word_1_707' title='bbox 632 4537 696 4602; x_wconf 80' lang='grc' dir='ltr'>τῇ</span> <span class='ocrx_word' id='word_1_708' title='bbox 717 4535 827 4604; x_wconf 74' lang='grc' dir='ltr'><strong>ζωῇ</strong></span> <span class='ocrx_word' id='word_1_709' title='bbox 856 4535 947 4586; x_wconf 77' lang='grc' dir='ltr'><strong>καὶ</strong></span> <span class='ocrx_word' id='word_1_710' title='bbox 970 4535 1030 4604; x_wconf 81' lang='grc' dir='ltr'>τῇ</span> <span class='ocrx_word' id='word_1_711' title='bbox 1054 4532 1280 4602; x_wconf 77' lang='grc' dir='ltr'>δυνάμει</span> <span class='ocrx_word' id='word_1_712' title='bbox 1307 4536 1639 4589; x_wconf 83' lang='grc' dir='ltr'>ἀντικεῖσθαι</span> <span class='ocrx_word' id='word_1_713' title='bbox 1662 4537 1792 4607; x_wconf 68' lang='grc' dir='ltr'>φαίη</span> <span class='ocrx_word' id='word_1_714' title='bbox 1829 4552 1870 4605; x_wconf 84' lang='grc' dir='ltr'>ι)</span> 
     </span>
    </p>
   </div>
   <div class='ocr_carea' id='block_1_88' title="bbox 1792 4529 3454 4613">
    <p class='ocr_par' dir='ltr' id='par_1_88' title="bbox 1829 4537 3454 4613">
     <span class='ocr_line' id='line_1_88' title="bbox 1829 4537 3454 4613; baseline 0.006 -25"><span class='ocrx_word' id='word_1_715' title='bbox 1829 4538 2181 4605; x_wconf 77' lang='lat' dir='ltr'><strong>unisquatn</strong></span> <span class='ocrx_word' id='word_1_716' title='bbox 2229 4537 2482 4592; x_wconf 79' lang='lat' dir='ltr'><strong>dixerit:</strong></span> <span class='ocrx_word' id='word_1_717' title='bbox 2540 4540 2631 4594; x_wconf 83' lang='lat' dir='ltr'><strong>sed</strong></span> <span class='ocrx_word' id='word_1_718' title='bbox 2691 4552 2918 4596; x_wconf 89' lang='lat' dir='ltr'><strong>mortem</strong></span> <span class='ocrx_word' id='word_1_719' title='bbox 2973 4553 3024 4596; x_wconf 82' lang='lat' dir='ltr'><strong>et</strong></span> <span class='ocrx_word' id='word_1_720' title='bbox 3081 4543 3454 4613; x_wconf 83' lang='lat' dir='ltr'><strong>impotentiam</strong></span> 
     </span>
    </p>
   </div>
   <div class='ocr_carea' id='block_1_89' title="bbox 227 4621 1794 4698">
    <p class='ocr_par' dir='ltr' id='par_1_89' title="bbox 227 4621 1794 4698">
     <span class='ocr_line' id='line_1_89' title="bbox 227 4621 1794 4698; baseline 0.004 -23"><span class='ocrx_word' id='word_1_721' title='bbox 227 4640 310 4685; x_wconf 72' lang='grc' dir='ltr'><strong>τις</strong></span> <span class='ocrx_word' id='word_1_722' title='bbox 343 4621 435 4676; x_wconf 78' lang='grc' dir='ltr'><strong>ἄν·</strong></span> <span class='ocrx_word' id='word_1_723' title='bbox 472 4625 607 4677; x_wconf 82' lang='grc' dir='ltr'><strong>ἀλλά</strong></span> <span class='ocrx_word' id='word_1_724' title='bbox 641 4626 865 4679; x_wconf 83' lang='grc' dir='ltr'>θάνατον</span> <span class='ocrx_word' id='word_1_725' title='bbox 910 4627 1000 4679; x_wconf 76' lang='grc' dir='ltr'>καὶ</span> <span class='ocrx_word' id='word_1_726' title='bbox 1039 4626 1339 4697; x_wconf 82' lang='grc' dir='ltr'>ἀδυναμίαν</span> <span class='ocrx_word' id='word_1_727' title='bbox 1385 4628 1479 4698; x_wconf 77' lang='grc' dir='ltr'>τὴν</span> <span class='ocrx_word' id='word_1_728' title='bbox 1527 4629 1794 4682; x_wconf 83' lang='grc' dir='ltr'>τελεωτά-</span> 
     </span>
    </p>
   </div>
   <div class='ocr_carea' id='block_1_90' title="bbox 226 4717 1798 4792">
    <p class='ocr_par' dir='ltr' id='par_1_90' title="bbox 226 4717 1798 4792">
     <span class='ocr_line' id='line_1_90' title="bbox 226 4717 1798 4792; baseline 0.005 -25"><span class='ocrx_word' id='word_1_729' title='bbox 226 4732 328 4786; x_wconf 81' lang='grc' dir='ltr'><strong>την</strong></span> <span class='ocrx_word' id='word_1_730' title='bbox 369 4717 479 4788; x_wconf 88' lang='grc'><strong>(18)</strong></span> <span class='ocrx_word' id='word_1_731' title='bbox 517 4718 786 4773; x_wconf 75' lang='grc' dir='ltr'>ἀντίθεσιν</span> <span class='ocrx_word' id='word_1_732' title='bbox 822 4719 1145 4792; x_wconf 73' lang='grc' dir='ltr'>ἐκπληροῦν.</span> <span class='ocrx_word' id='word_1_733' title='bbox 1175 4722 1349 4790; x_wconf 67' lang='lat' dir='ltr'><strong>&quot;Amp</strong></span> <span class='ocrx_word' id='word_1_734' title='bbox 1375 4717 1544 4786; x_wconf 67' lang='grc' dir='ltr'>οὗτος,</span> <span class='ocrx_word' id='word_1_735' title='bbox 1577 4724 1632 4775; x_wconf 83' lang='grc' dir='ltr'>ὲν</span> <span class='ocrx_word' id='word_1_736' title='bbox 1664 4740 1798 4775; x_wconf 89' lang='grc' dir='ltr'>παν-</span> 
     </span>
    </p>
   </div>
   <div class='ocr_carea' id='block_1_91' title="bbox 298 4898 1714 4971">
    <p class='ocr_par' dir='ltr' id='par_1_91' title="bbox 298 4898 1714 4971">
     <span class='ocr_line' id='line_1_91' title="bbox 298 4898 1714 4971; baseline 0.001 -17"><span class='ocrx_word' id='word_1_737' title='bbox 298 4901 340 4932; x_wconf 84' lang='lat'><strong>&quot;</strong></span> <span class='ocrx_word' id='word_1_738' title='bbox 365 4898 521 4955; x_wconf 81' lang='lat' dir='ltr'><strong>Joan.</strong></span> <span class='ocrx_word' id='word_1_739' title='bbox 559 4904 675 4971; x_wconf 73' lang='lat'><strong>1,9.</strong></span> <span class='ocrx_word' id='word_1_740' title='bbox 748 4902 964 4958; x_wconf 70' lang='lat' dir='ltr'><strong>&quot;Joan.</strong></span> <span class='ocrx_word' id='word_1_741' title='bbox 1003 4921 1112 4971; x_wconf 64' lang='grc' dir='ltr'>ειν,</span> <span class='ocrx_word' id='word_1_742' title='bbox 1140 4905 1193 4960; x_wconf 81' lang='lat'><strong>6.</strong></span> <span class='ocrx_word' id='word_1_743' title='bbox 1269 4903 1354 4958; x_wconf 81' lang='lat' dir='ltr'><strong>&quot;l</strong></span> <span class='ocrx_word' id='word_1_744' title='bbox 1393 4901 1518 4960; x_wconf 89' lang='lat' dir='ltr'><strong>Cor.</strong></span> <span class='ocrx_word' id='word_1_745' title='bbox 1555 4920 1591 4967; x_wconf 86' lang='grc' dir='ltr'>ι,</span> <span class='ocrx_word' id='word_1_746' title='bbox 1625 4903 1714 4956; x_wconf 71' lang='grc' dir='ltr'><strong>ει.</strong></span> 
     </span>
    </p>
   </div>
   <div class='ocr_carea' id='block_1_92' title="bbox 226 5065 1790 5137">
    <p class='ocr_par' dir='ltr' id='par_1_92' title="bbox 226 5065 1790 5137">
     <span class='ocr_line' id='line_1_92' title="bbox 226 5065 1790 5137; baseline 0.003 -19"><span class='ocrx_word' id='word_1_747' title='bbox 226 5065 445 5134; x_wconf 87' lang='lat' dir='ltr'><strong>quidem</strong></span> <span class='ocrx_word' id='word_1_748' title='bbox 471 5065 678 5137; x_wconf 9' lang='lat' dir='ltr'><strong>optime,</strong></span> <span class='ocrx_word' id='word_1_749' title='bbox 705 5067 972 5137; x_wconf 74' lang='lat' dir='ltr'><strong>colligitur</strong></span> <span class='ocrx_word' id='word_1_750' title='bbox 1003 5081 1126 5120; x_wconf 90' lang='lat' dir='ltr'><strong>eum</strong></span> <span class='ocrx_word' id='word_1_751' title='bbox 1166 5068 1346 5122; x_wconf 86' lang='lat' dir='ltr'><strong>vivere</strong></span> <span class='ocrx_word' id='word_1_752' title='bbox 1389 5087 1402 5122; x_wconf 89' lang='lat'>:</span> <span class='ocrx_word' id='word_1_753' title='bbox 1445 5068 1538 5122; x_wconf 89' lang='lat' dir='ltr'><strong>sed</strong></span> <span class='ocrx_word' id='word_1_754' title='bbox 1569 5066 1612 5120; x_wconf 91' lang='lat' dir='ltr'><strong>si</strong></span> <span class='ocrx_word' id='word_1_755' title='bbox 1644 5067 1790 5135; x_wconf 88' lang='lat' dir='ltr'><strong>quis-</strong></span> 
     </span>
    </p>
   </div>
   <div class='ocr_carea' id='block_1_93' title="bbox 229 5136 1788 5205">
    <p class='ocr_par' dir='ltr' id='par_1_93' title="bbox 229 5136 1788 5205">
     <span class='ocr_line' id='line_1_93' title="bbox 229 5136 1788 5205; baseline 0.002 -16"><span class='ocrx_word' id='word_1_756' title='bbox 229 5139 371 5205; x_wconf 87' lang='lat' dir='ltr'><strong>piam</strong></span> <span class='ocrx_word' id='word_1_757' title='bbox 421 5136 637 5196; x_wconf 87' lang='lat' dir='ltr'><strong>dormit,</strong></span> <span class='ocrx_word' id='word_1_758' title='bbox 671 5136 797 5191; x_wconf 85' lang='lat' dir='ltr'><strong>hinc</strong></span> <span class='ocrx_word' id='word_1_759' title='bbox 840 5136 1098 5192; x_wconf 77' lang='lat' dir='ltr'><strong>concludi</strong></span> <span class='ocrx_word' id='word_1_760' title='bbox 1128 5151 1230 5190; x_wconf 89' lang='lat' dir='ltr'><strong>non</strong></span> <span class='ocrx_word' id='word_1_761' title='bbox 1263 5147 1438 5204; x_wconf 79' lang='lat' dir='ltr'><strong>potest</strong></span> <span class='ocrx_word' id='word_1_762' title='bbox 1490 5153 1611 5191; x_wconf 90' lang='lat' dir='ltr'><strong>eum</strong></span> <span class='ocrx_word' id='word_1_763' title='bbox 1649 5153 1788 5191; x_wconf 85' lang='lat' dir='ltr'><strong>mor-</strong></span> 
     </span>
    </p>
   </div>
   <div class='ocr_carea' id='block_1_94' title="bbox 231 5205 1792 5276">
    <p class='ocr_par' dir='ltr' id='par_1_94' title="bbox 231 5205 1792 5276">
     <span class='ocr_line' id='line_1_94' title="bbox 231 5205 1792 5276; baseline 0.003 -20"><span class='ocrx_word' id='word_1_764' title='bbox 231 5217 380 5276; x_wconf 78' lang='lat' dir='ltr'><strong>tuum</strong></span> <span class='ocrx_word' id='word_1_765' title='bbox 414 5221 551 5261; x_wconf 86' lang='lat' dir='ltr'><strong>esse.</strong></span> <span class='ocrx_word' id='word_1_766' title='bbox 581 5205 743 5272; x_wconf 78' lang='lat' dir='ltr'><strong>Cujus</strong></span> <span class='ocrx_word' id='word_1_767' title='bbox 768 5209 840 5259; x_wconf 89' lang='lat' dir='ltr'><strong>rei</strong></span> <span class='ocrx_word' id='word_1_768' title='bbox 866 5209 978 5262; x_wconf 69' lang='lat' dir='ltr'><strong>lucc</strong></span> <span class='ocrx_word' id='word_1_769' title='bbox 1011 5216 1093 5261; x_wconf 89' lang='lat' dir='ltr'><strong>est</strong></span> <span class='ocrx_word' id='word_1_770' title='bbox 1123 5222 1281 5262; x_wconf 83' lang='lat' dir='ltr'><strong>causa</strong></span> <span class='ocrx_word' id='word_1_771' title='bbox 1305 5247 1320 5272; x_wconf 91' lang='lat'><strong>,</strong></span> <span class='ocrx_word' id='word_1_772' title='bbox 1360 5210 1525 5276; x_wconf 89' lang='lat' dir='ltr'><strong>quod,</strong></span> <span class='ocrx_word' id='word_1_773' title='bbox 1560 5221 1616 5262; x_wconf 86' lang='lat' dir='ltr'><strong>ut</strong></span> <span class='ocrx_word' id='word_1_774' title='bbox 1643 5208 1792 5261; x_wconf 78' lang='lat' dir='ltr'><strong>Basi-</strong></span> 
     </span>
    </p>
   </div>
   <div class='ocr_carea' id='block_1_95' title="bbox 230 5275 1788 5343">
    <p class='ocr_par' dir='ltr' id='par_1_95' title="bbox 230 5275 1788 5343">
     <span class='ocr_line' id='line_1_95' title="bbox 230 5275 1788 5343; baseline 0.003 -17"><span class='ocrx_word' id='word_1_775' title='bbox 230 5275 287 5327; x_wconf 74' lang='lat' dir='ltr'><strong>lii</strong></span> <span class='ocrx_word' id='word_1_776' title='bbox 338 5277 516 5334; x_wconf 76' lang='lat' dir='ltr'><strong>verbis</strong></span> <span class='ocrx_word' id='word_1_777' title='bbox 567 5288 708 5343; x_wconf 86' lang='lat' dir='ltr'><strong>utar,</strong></span> <span class='ocrx_word' id='word_1_778' title='bbox 738 5292 880 5330; x_wconf 81' lang='lat' dir='ltr'><strong>mors</strong></span> <span class='ocrx_word' id='word_1_779' title='bbox 900 5288 950 5329; x_wconf 88' lang='lat' dir='ltr'><strong>et</strong></span> <span class='ocrx_word' id='word_1_780' title='bbox 977 5294 1198 5332; x_wconf 88' lang='lat' dir='ltr'><strong>somnus</strong></span> <span class='ocrx_word' id='word_1_781' title='bbox 1229 5294 1332 5331; x_wconf 90' lang='lat' dir='ltr'><strong>non</strong></span> <span class='ocrx_word' id='word_1_782' title='bbox 1375 5275 1484 5332; x_wconf 75' lang='lat' dir='ltr'><strong>sint</strong></span> <span class='ocrx_word' id='word_1_783' title='bbox 1517 5281 1788 5332; x_wconf 86' lang='lat' dir='ltr'><strong>contraria</strong></span> 
     </span>
    </p>
   </div>
   <div class='ocr_carea' id='block_1_96' title="bbox 224 5343 1788 5418">
    <p class='ocr_par' dir='ltr' id='par_1_96' title="bbox 224 5343 1788 5418">
     <span class='ocr_line' id='line_1_96' title="bbox 224 5343 1788 5418; baseline 0.004 -22"><span class='ocrx_word' id='word_1_784' title='bbox 224 5343 525 5418; x_wconf 68' lang='grc' dir='ltr'><strong>⁴ίιγούμενα,</strong></span> <span class='ocrx_word' id='word_1_785' title='bbox 570 5348 670 5402; x_wconf 86' lang='lat' dir='ltr'><strong>hoc</strong></span> <span class='ocrx_word' id='word_1_786' title='bbox 688 5356 801 5410; x_wconf 83' lang='lat' dir='ltr'><strong>‘esl,</strong></span> <span class='ocrx_word' id='word_1_787' title='bbox 836 5348 1165 5416; x_wconf 77' lang='lat' dir='ltr'><strong>principalia.</strong></span> <span class='ocrx_word' id='word_1_788' title='bbox 1194 5347 1480 5410; x_wconf 50' lang='lat' dir='ltr'><strong>Ceterum,</strong></span> <span class='ocrx_word' id='word_1_789' title='bbox 1515 5350 1556 5402; x_wconf 90' lang='lat' dir='ltr'><strong>si</strong></span> <span class='ocrx_word' id='word_1_790' title='bbox 1583 5351 1708 5418; x_wconf 88' lang='lat' dir='ltr'><strong>quid</strong></span> <span class='ocrx_word' id='word_1_791' title='bbox 1735 5351 1788 5403; x_wconf 89' lang='lat' dir='ltr'><strong>in</strong></span> 
     </span>
    </p>
   </div>
   <div class='ocr_carea' id='block_1_97' title="bbox 229 5416 1792 5482">
    <p class='ocr_par' dir='ltr' id='par_1_97' title="bbox 229 5416 1792 5482">
     <span class='ocr_line' id='line_1_97' title="bbox 229 5416 1792 5482; baseline 0.003 -14"><span class='ocrx_word' id='word_1_792' title='bbox 229 5416 314 5468; x_wconf 86' lang='lat' dir='ltr'><strong>bis</strong></span> <span class='ocrx_word' id='word_1_793' title='bbox 343 5417 527 5469; x_wconf 84' lang='lat' dir='ltr'><strong>subest</strong></span> <span class='ocrx_word' id='word_1_794' title='bbox 553 5417 919 5480; x_wconf 86' lang='lat' dir='ltr'><strong>obscuritatis,</strong></span> <span class='ocrx_word' id='word_1_795' title='bbox 953 5434 1055 5471; x_wconf 90' lang='lat' dir='ltr'><strong>non</strong></span> <span class='ocrx_word' id='word_1_796' title='bbox 1085 5421 1266 5474; x_wconf 78' lang='lat' dir='ltr'><strong>statim</strong></span> <span class='ocrx_word' id='word_1_797' title='bbox 1300 5418 1414 5482; x_wconf 87' lang='lat' dir='ltr'><strong>ejus</strong></span> <span class='ocrx_word' id='word_1_798' title='bbox 1462 5420 1578 5473; x_wconf 88' lang='lat' dir='ltr'><strong>vitii</strong></span> <span class='ocrx_word' id='word_1_799' title='bbox 1607 5416 1792 5475; x_wconf 74' lang='lat' dir='ltr'><strong>aecu-</strong></span> 
     </span>
    </p>
   </div>
   <div class='ocr_carea' id='block_1_98' title="bbox 225 5486 1789 5557">
    <p class='ocr_par' dir='ltr' id='par_1_98' title="bbox 225 5486 1789 5557">
     <span class='ocr_line' id='line_1_98' title="bbox 225 5486 1789 5557; baseline 0.003 -20"><span class='ocrx_word' id='word_1_800' title='bbox 225 5497 402 5538; x_wconf 77' lang='lat' dir='ltr'><strong>satum</strong></span> <span class='ocrx_word' id='word_1_801' title='bbox 444 5487 562 5538; x_wconf 89' lang='lat' dir='ltr'><strong>volo</strong></span> <span class='ocrx_word' id='word_1_802' title='bbox 594 5486 850 5541; x_wconf 72' lang='lat' dir='ltr'><strong>Basilium</strong></span> <span class='ocrx_word' id='word_1_803' title='bbox 892 5504 906 5538; x_wconf 89' lang='lat'><strong>:</strong></span> <span class='ocrx_word' id='word_1_804' title='bbox 962 5490 1056 5540; x_wconf 87' lang='lat' dir='ltr'><strong>sed</strong></span> <span class='ocrx_word' id='word_1_805' title='bbox 1121 5491 1298 5557; x_wconf 88' lang='lat' dir='ltr'><strong>potius</strong></span> <span class='ocrx_word' id='word_1_806' title='bbox 1327 5489 1671 5546; x_wconf 83' lang='lat' dir='ltr'><strong>Eunomium.</strong></span> <span class='ocrx_word' id='word_1_807' title='bbox 1703 5490 1789 5542; x_wconf 92' lang='lat' dir='ltr'><strong>cui</strong></span> 
     </span>
    </p>
   </div>
   <div class='ocr_carea' id='block_1_99' title="bbox 227 5559 1786 5627">
    <p class='ocr_par' dir='ltr' id='par_1_99' title="bbox 227 5559 1786 5627">
     <span class='ocr_line' id='line_1_99' title="bbox 227 5559 1786 5627; baseline 0.003 -19"><span class='ocrx_word' id='word_1_808' title='bbox 227 5559 457 5609; x_wconf 88' lang='lat' dir='ltr'><strong>obscura</strong></span> <span class='ocrx_word' id='word_1_809' title='bbox 495 5559 814 5623; x_wconf 87' lang='lat' dir='ltr'><strong>proponenti</strong></span> <span class='ocrx_word' id='word_1_810' title='bbox 853 5573 954 5610; x_wconf 90' lang='lat' dir='ltr'><strong>non</strong></span> <span class='ocrx_word' id='word_1_811' title='bbox 982 5563 1151 5624; x_wconf 87' lang='lat' dir='ltr'><strong>potuit</strong></span> <span class='ocrx_word' id='word_1_812' title='bbox 1177 5559 1404 5612; x_wconf 86' lang='lat' dir='ltr'><strong>Basilius</strong></span> <span class='ocrx_word' id='word_1_813' title='bbox 1436 5563 1786 5627; x_wconf 83' lang='lat' dir='ltr'><strong>respondere,</strong></span> 
     </span>
    </p>
   </div>
   <div class='ocr_carea' id='block_1_100' title="bbox 224 5627 1329 5695">
    <p class='ocr_par' dir='ltr' id='par_1_100' title="bbox 224 5627 1329 5695">
     <span class='ocr_line' id='line_1_100' title="bbox 224 5627 1329 5695; baseline 0.005 -19"><span class='ocrx_word' id='word_1_814' title='bbox 224 5627 357 5695; x_wconf 81' lang='lat' dir='ltr'><strong>quin</strong></span> <span class='ocrx_word' id='word_1_815' title='bbox 390 5636 444 5679; x_wconf 88' lang='lat' dir='ltr'><strong>et</strong></span> <span class='ocrx_word' id='word_1_816' title='bbox 469 5627 578 5692; x_wconf 83' lang='lat' dir='ltr'><strong>ipse</strong></span> <span class='ocrx_word' id='word_1_817' title='bbox 600 5630 862 5681; x_wconf 86' lang='lat' dir='ltr'><strong>obscurus</strong></span> <span class='ocrx_word' id='word_1_818' title='bbox 889 5645 1006 5681; x_wconf 80' lang='lat' dir='ltr'><strong>esse</strong></span> <span class='ocrx_word' id='word_1_819' title='bbox 1039 5629 1329 5682; x_wconf 74' lang='lat' dir='ltr'><strong>videretur.</strong></span> 
     </span>
    </p>
   </div>
   <div class='ocr_carea' id='block_1_101' title="bbox 300 5694 1786 5773">
    <p class='ocr_par' dir='ltr' id='par_1_101' title="bbox 300 5694 1786 5773">
     <span class='ocr_line' id='line_1_101' title="bbox 300 5694 1786 5773; baseline 0.005 -26"><span class='ocrx_word' id='word_1_820' title='bbox 300 5694 412 5764; x_wconf 65' lang='grc'><strong>(12)</strong></span> <span class='ocrx_word' id='word_1_821' title='bbox 441 5698 654 5767; x_wconf 83' lang='lat' dir='ltr'><strong>Antiqui</strong></span> <span class='ocrx_word' id='word_1_822' title='bbox 694 5699 801 5753; x_wconf 91' lang='lat' dir='ltr'><strong>duo</strong></span> <span class='ocrx_word' id='word_1_823' title='bbox 833 5699 954 5753; x_wconf 89' lang='lat' dir='ltr'><strong>libri</strong></span> <span class='ocrx_word' id='word_1_824' title='bbox 986 5696 1064 5768; x_wconf 79' lang='grc' dir='ltr'>τῷ</span> <span class='ocrx_word' id='word_1_825' title='bbox 1089 5698 1402 5767; x_wconf 81' lang='grc' dir='ltr'>τεθνηκέναι</span> <span class='ocrx_word' id='word_1_826' title='bbox 1426 5700 1487 5752; x_wconf 81' lang='grc' dir='ltr'>τὸ</span> <span class='ocrx_word' id='word_1_827' title='bbox 1524 5699 1786 5773; x_wconf 76' lang='grc' dir='ltr'>ἀναίσθη-</span> 
     </span>
    </p>
   </div>
   <div class='ocr_carea' id='block_1_102' title="bbox 224 5781 320 5816">
    <p class='ocr_par' dir='ltr' id='par_1_102' title="bbox 224 5781 320 5816">
     <span class='ocr_line' id='line_1_102' title="bbox 224 5781 320 5816; baseline -0.031 0"><span class='ocrx_word' id='word_1_828' title='bbox 224 5781 320 5816; x_wconf 61' lang='grc' dir='ltr'><strong>τόν</strong></span> 
     </span>
    </p>
   </div>
   <div class='ocr_carea' id='block_1_103' title="bbox 302 5835 1790 5916">
    <p class='ocr_par' dir='ltr' id='par_1_103' title="bbox 302 5835 1790 5916">
     <span class='ocr_line' id='line_1_103' title="bbox 302 5835 1790 5916; baseline 0.006 -31"><span class='ocrx_word' id='word_1_829' title='bbox 302 5835 410 5916; x_wconf 75' lang='lat' dir='ltr'><strong>(l3)</strong></span> <span class='ocrx_word' id='word_1_830' title='bbox 430 5836 938 5916; x_wconf 33' lang='lat' dir='ltr'><strong>&#39;Tﬁgdrerrnclac,</strong></span> <span class='ocrx_word' id='word_1_831' title='bbox 960 5841 1382 5916; x_wconf 72' lang='lat' dir='ltr'><strong>ingenerdlianis,</strong></span> <span class='ocrx_word' id='word_1_832' title='bbox 1407 5843 1644 5916; x_wconf 31' lang='lat' dir='ltr'><strong>liocJest,</strong></span> <span class='ocrx_word' id='word_1_833' title='bbox 1671 5860 1790 5916; x_wconf 42' lang='lat' dir='ltr'><strong>prof</strong></span> 
     </span>
    </p>
   </div>
   <div class='ocr_carea' id='block_1_104' title="bbox 217 5913 1787 5982">
    <p class='ocr_par' dir='ltr' id='par_1_104' title="bbox 217 5913 1787 5982">
     <span class='ocr_line' id='line_1_104' title="bbox 217 5913 1787 5982; baseline 0.005 -24"><span class='ocrx_word' id='word_1_834' title='bbox 217 5913 465 5962; x_wconf 62' lang='lat' dir='ltr'><strong>mittatis</strong></span> <span class='ocrx_word' id='word_1_835' title='bbox 512 5913 644 5972; x_wconf 68' lang='lat' dir='ltr'><strong>(ius,</strong></span> <span class='ocrx_word' id='word_1_836' title='bbox 686 5928 786 5965; x_wconf 74' lang='lat' dir='ltr'><strong>qua</strong></span> <span class='ocrx_word' id='word_1_837' title='bbox 840 5914 963 5967; x_wconf 74' lang='lat' dir='ltr'><strong>quid</strong></span> <span class='ocrx_word' id='word_1_838' title='bbox 1025 5913 1309 5978; x_wconf 65' lang='lat' dir='ltr'><strong>inquitinmt</strong></span> <span class='ocrx_word' id='word_1_839' title='bbox 1356 5923 1450 5965; x_wconf 72' lang='lat' dir='ltr'><strong>est.</strong></span> <span class='ocrx_word' id='word_1_840' title='bbox 1510 5913 1645 5967; x_wconf 82' lang='lat' dir='ltr'><strong>Sunt</strong></span> <span class='ocrx_word' id='word_1_841' title='bbox 1697 5913 1787 5982; x_wconf 84' lang='lat' dir='ltr'><strong>qui</strong></span> 
     </span>
    </p>
   </div>
   <div class='ocr_carea' id='block_1_105' title="bbox 1903 4632 3460 4706">
    <p class='ocr_par' dir='ltr' id='par_1_105' title="bbox 1903 4632 3460 4706">
     <span class='ocr_line' id='line_1_105' title="bbox 1903 4632 3460 4706; baseline 0.007 -25"><span class='ocrx_word' id='word_1_842' title='bbox 1903 4632 2289 4699; x_wconf 82' lang='lat' dir='ltr'><strong>oppositionem</strong></span> <span class='ocrx_word' id='word_1_843' title='bbox 2349 4633 2750 4702; x_wconf 80' lang='lat' dir='ltr'><strong>integerrimam</strong></span> <span class='ocrx_word' id='word_1_844' title='bbox 2806 4635 3040 4706; x_wconf 82' lang='lat' dir='ltr'><strong>explere.</strong></span> <span class='ocrx_word' id='word_1_845' title='bbox 3101 4637 3304 4704; x_wconf 87' lang='lat' dir='ltr'><strong>Quibus</strong></span> <span class='ocrx_word' id='word_1_846' title='bbox 3375 4638 3460 4692; x_wconf 87' lang='lat' dir='ltr'><strong>bic</strong></span> 
     </span>
    </p>
   </div>
   <div class='ocr_carea' id='block_1_106' title="bbox 1907 4723 3465 4794">
    <p class='ocr_par' dir='ltr' id='par_1_106' title="bbox 1907 4723 3465 4794">
     <span class='ocr_line' id='line_1_106' title="bbox 1907 4723 3465 4794; baseline 0.006 -17"><span class='ocrx_word' id='word_1_847' title='bbox 1907 4725 2028 4790; x_wconf 86' lang='lat' dir='ltr'><strong>iste,</strong></span> <span class='ocrx_word' id='word_1_848' title='bbox 2059 4739 2153 4794; x_wconf 85' lang='lat' dir='ltr'><strong>per</strong></span> <span class='ocrx_word' id='word_1_849' title='bbox 2181 4723 2462 4777; x_wconf 88' lang='lat' dir='ltr'><strong>verborum</strong></span> <span class='ocrx_word' id='word_1_850' title='bbox 2495 4726 2785 4778; x_wconf 85' lang='lat' dir='ltr'><strong>versutiam</strong></span> <span class='ocrx_word' id='word_1_851' title='bbox 2816 4727 2992 4781; x_wconf 90' lang='lat' dir='ltr'><strong>dolum</strong></span> <span class='ocrx_word' id='word_1_852' title='bbox 3016 4728 3318 4789; x_wconf 87' lang='lat' dir='ltr'><strong>occultans,</strong></span> <span class='ocrx_word' id='word_1_853' title='bbox 3356 4729 3465 4786; x_wconf 83' lang='lat' dir='ltr'><strong>alte</strong></span> 
     </span>
    </p>
   </div>
   <div class='ocr_carea' id='block_1_107' title="bbox 1888 5068 3463 5142">
    <p class='ocr_par' dir='ltr' id='par_1_107' title="bbox 1888 5068 3463 5142">
     <span class='ocr_line' id='line_1_107' title="bbox 1888 5068 3463 5142; baseline 0.006 -24"><span class='ocrx_word' id='word_1_854' title='bbox 1888 5082 2022 5142; x_wconf 84' lang='lat' dir='ltr'><strong>voce</strong></span> <span class='ocrx_word' id='word_1_855' title='bbox 2051 5068 2476 5142; x_wconf 74' lang='lat' dir='ltr'><strong>innascibilitatis</strong></span> <span class='ocrx_word' id='word_1_856' title='bbox 2501 5071 2575 5124; x_wconf 89' lang='lat' dir='ltr'><strong>uti</strong></span> <span class='ocrx_word' id='word_1_857' title='bbox 2614 5070 2801 5124; x_wconf 86' lang='lat' dir='ltr'><strong>malint</strong></span> <span class='ocrx_word' id='word_1_858' title='bbox 2826 5085 2851 5142; x_wconf 88' lang='lat'><strong>_:</strong></span> <span class='ocrx_word' id='word_1_859' title='bbox 2880 5068 2996 5142; x_wconf 64' lang='lat' dir='ltr'><strong>sed,</strong></span> <span class='ocrx_word' id='word_1_860' title='bbox 3026 5077 3085 5124; x_wconf 86' lang='grc' dir='ltr'><strong>ιιι</strong></span> <span class='ocrx_word' id='word_1_861' title='bbox 3110 5070 3285 5124; x_wconf 84' lang='lat' dir='ltr'><strong>dicam</strong></span> <span class='ocrx_word' id='word_1_862' title='bbox 3324 5074 3463 5142; x_wconf 78' lang='lat' dir='ltr'><strong>quod</strong></span> 
     </span>
    </p>
   </div>
   <div class='ocr_carea' id='block_1_108' title="bbox 1890 5138 3466 5207">
    <p class='ocr_par' dir='ltr' id='par_1_108' title="bbox 1890 5138 3466 5207">
     <span class='ocr_line' id='line_1_108' title="bbox 1890 5138 3466 5207; baseline 0.004 -17"><span class='ocrx_word' id='word_1_863' title='bbox 1890 5140 2085 5200; x_wconf 78' lang='lat' dir='ltr'><strong>sentio,</strong></span> <span class='ocrx_word' id='word_1_864' title='bbox 2116 5139 2167 5194; x_wconf 87' lang='lat' dir='ltr'><strong>id</strong></span> <span class='ocrx_word' id='word_1_865' title='bbox 2201 5143 2533 5207; x_wconf 64' lang='lat' dir='ltr'><strong>,vocabulum</strong></span> <span class='ocrx_word' id='word_1_866' title='bbox 2583 5143 2688 5194; x_wconf 88' lang='lat' dir='ltr'><strong>vim</strong></span> <span class='ocrx_word' id='word_1_867' title='bbox 2723 5140 2869 5195; x_wconf 83' lang='lat' dir='ltr'><strong>vocis</strong></span> <span class='ocrx_word' id='word_1_868' title='bbox 2924 5138 3126 5196; x_wconf 74' lang='lat' dir='ltr'><strong>Grznca:</strong></span> <span class='ocrx_word' id='word_1_869' title='bbox 3171 5156 3275 5196; x_wconf 90' lang='lat' dir='ltr'><strong>non</strong></span> <span class='ocrx_word' id='word_1_870' title='bbox 3334 5138 3466 5197; x_wconf 75' lang='lat' dir='ltr'><strong>satis</strong></span> 
     </span>
    </p>
   </div>
   <div class='ocr_carea' id='block_1_109' title="bbox 1888 5210 2462 5277">
    <p class='ocr_par' dir='ltr' id='par_1_109' title="bbox 1888 5210 2462 5277">
     <span class='ocr_line' id='line_1_109' title="bbox 1888 5210 2462 5277; baseline 0.007 -17"><span class='ocrx_word' id='word_1_871' title='bbox 1888 5210 2193 5277; x_wconf 80' lang='lat' dir='ltr'><strong>exprimere</strong></span> <span class='ocrx_word' id='word_1_872' title='bbox 2233 5214 2462 5265; x_wconf 79' lang='lat' dir='ltr'><strong>videtur.</strong></span> 
     </span>
    </p>
   </div>
   <div class='ocr_carea' id='block_1_110' title="bbox 1962 5278 3464 5351">
    <p class='ocr_par' dir='ltr' id='par_1_110' title="bbox 1962 5278 3464 5351">
     <span class='ocr_line' id='line_1_110' title="bbox 1962 5278 3464 5351; baseline 0.005 -21"><span class='ocrx_word' id='word_1_873' title='bbox 1962 5278 2074 5345; x_wconf 74' lang='grc' dir='ltr'><strong>(Η)</strong></span> <span class='ocrx_word' id='word_1_874' title='bbox 2101 5280 2238 5334; x_wconf 82' lang='lat' dir='ltr'><strong>Editi</strong></span> <span class='ocrx_word' id='word_1_875' title='bbox 2273 5293 2324 5334; x_wconf 89' lang='lat' dir='ltr'><strong>et</strong></span> <span class='ocrx_word' id='word_1_876' title='bbox 2356 5282 2567 5335; x_wconf 81' lang='lat' dir='ltr'><strong>codices</strong></span> <span class='ocrx_word' id='word_1_877' title='bbox 2596 5281 2813 5348; x_wconf 80' lang='lat' dir='ltr'><strong>quidam</strong></span> <span class='ocrx_word' id='word_1_878' title='bbox 2848 5282 3181 5351; x_wconf 83' lang='lat' dir='ltr'><strong>recentiores</strong></span> <span class='ocrx_word' id='word_1_879' title='bbox 3215 5283 3464 5351; x_wconf 84' lang='grc' dir='ltr'>μεταδώ-</span> 
     </span>
    </p>
   </div>
   <div class='ocr_carea' id='block_1_111' title="bbox 1891 5350 3332 5421">
    <p class='ocr_par' dir='ltr' id='par_1_111' title="bbox 1891 5350 3332 5421">
     <span class='ocr_line' id='line_1_111' title="bbox 1891 5350 3332 5421; baseline 0.003 -20"><span class='ocrx_word' id='word_1_880' title='bbox 1891 5366 1989 5402; x_wconf 91' lang='grc' dir='ltr'>σει.</span> <span class='ocrx_word' id='word_1_881' title='bbox 2020 5351 2088 5402; x_wconf 82' lang='grc' dir='ltr'>Αι</span> <span class='ocrx_word' id='word_1_882' title='bbox 2115 5354 2448 5418; x_wconf 81' lang='lat' dir='ltr'><strong>antiquiores</strong></span> <span class='ocrx_word' id='word_1_883' title='bbox 2477 5360 2530 5402; x_wconf 87' lang='lat' dir='ltr'><strong>et</strong></span> <span class='ocrx_word' id='word_1_884' title='bbox 2556 5351 2789 5404; x_wconf 86' lang='lat' dir='ltr'><strong>melioris</strong></span> <span class='ocrx_word' id='word_1_885' title='bbox 2815 5361 2958 5421; x_wconf 1' lang='lat' dir='ltr'><strong>quota:</strong></span> <span class='ocrx_word' id='word_1_886' title='bbox 2984 5350 3332 5421; x_wconf 79' lang='grc' dir='ltr'>μεταδώσεις.</span> 
     </span>
    </p>
   </div>
   <div class='ocr_carea' id='block_1_112' title="bbox 1959 5420 3468 5491">
    <p class='ocr_par' dir='ltr' id='par_1_112' title="bbox 1959 5420 3468 5491">
     <span class='ocr_line' id='line_1_112' title="bbox 1959 5420 3468 5491; baseline 0.001 -17"><span class='ocrx_word' id='word_1_887' title='bbox 1959 5421 2073 5491; x_wconf 79' lang='grc'>(15)</span> <span class='ocrx_word' id='word_1_888' title='bbox 2104 5423 2241 5477; x_wconf 84' lang='lat' dir='ltr'><strong>Editi</strong></span> <span class='ocrx_word' id='word_1_889' title='bbox 2273 5423 2348 5483; x_wconf 78' lang='grc' dir='ltr'>ὼς</span> <span class='ocrx_word' id='word_1_890' title='bbox 2383 5421 2621 5491; x_wconf 74' lang='grc' dir='ltr'>ἰσχυρόν.</span> <span class='ocrx_word' id='word_1_891' title='bbox 2667 5420 2858 5475; x_wconf 75' lang='lat' dir='ltr'><strong>Vocula</strong></span> <span class='ocrx_word' id='word_1_892' title='bbox 2882 5421 2957 5484; x_wconf 83' lang='grc' dir='ltr'><strong>ὡς</strong></span> <span class='ocrx_word' id='word_1_893' title='bbox 2987 5420 3046 5474; x_wconf 83' lang='lat' dir='ltr'><strong>in</strong></span> <span class='ocrx_word' id='word_1_894' title='bbox 3077 5424 3468 5476; x_wconf 70' lang='lat' dir='ltr'><strong>vetustioribus</strong></span> 
     </span>
    </p>
   </div>
   <div class='ocr_carea' id='block_1_113' title="bbox 1891 5492 3467 5562">
    <p class='ocr_par' dir='ltr' id='par_1_113' title="bbox 1891 5492 3467 5562">
     <span class='ocr_line' id='line_1_113' title="bbox 1891 5492 3467 5562; baseline 0.004 -22"><span class='ocrx_word' id='word_1_895' title='bbox 1891 5509 2017 5544; x_wconf 81' lang='lat' dir='ltr'><strong>mss.</strong></span> <span class='ocrx_word' id='word_1_896' title='bbox 2080 5493 2249 5546; x_wconf 83' lang='lat' dir='ltr'><strong>deest.</strong></span> <span class='ocrx_word' id='word_1_897' title='bbox 2303 5494 2421 5544; x_wconf 75' lang='lat' dir='ltr'><strong>Mth</strong></span> <span class='ocrx_word' id='word_1_898' title='bbox 2477 5494 2607 5562; x_wconf 70' lang='lat' dir='ltr'><strong>Heg.</strong></span> <span class='ocrx_word' id='word_1_899' title='bbox 2655 5493 2873 5562; x_wconf 86' lang='lat' dir='ltr'><strong>quintus</strong></span> <span class='ocrx_word' id='word_1_900' title='bbox 2903 5503 2958 5545; x_wconf 89' lang='lat' dir='ltr'><strong>et</strong></span> <span class='ocrx_word' id='word_1_901' title='bbox 3008 5494 3136 5546; x_wconf 88' lang='lat' dir='ltr'><strong>editi</strong></span> <span class='ocrx_word' id='word_1_902' title='bbox 3179 5492 3278 5545; x_wconf 84' lang='grc' dir='ltr'><strong>ούκ</strong></span> <span class='ocrx_word' id='word_1_903' title='bbox 3311 5493 3467 5562; x_wconf 70' lang='grc' dir='ltr'>ἀφεί-</span> 
     </span>
    </p>
   </div>
   <div class='ocr_carea' id='block_1_114' title="bbox 1886 5561 2941 5631">
    <p class='ocr_par' dir='ltr' id='par_1_114' title="bbox 1886 5561 2941 5631">
     <span class='ocr_line' id='line_1_114' title="bbox 1886 5561 2941 5631; baseline 0.002 -17"><span class='ocrx_word' id='word_1_904' title='bbox 1886 5562 2000 5614; x_wconf 78' lang='grc' dir='ltr'>λου.</span> <span class='ocrx_word' id='word_1_905' title='bbox 2028 5564 2128 5616; x_wconf 83' lang='lat' dir='ltr'><strong>Alii</strong></span> <span class='ocrx_word' id='word_1_906' title='bbox 2153 5565 2388 5629; x_wconf 89' lang='lat' dir='ltr'><strong>quinque</strong></span> <span class='ocrx_word' id='word_1_907' title='bbox 2423 5561 2683 5615; x_wconf 52' lang='grc' dir='ltr'>ηιεεζούκ</span> <span class='ocrx_word' id='word_1_908' title='bbox 2718 5561 2941 5631; x_wconf 76' lang='grc' dir='ltr'>ἀφείλω.</span> 
     </span>
    </p>
   </div>
   <div class='ocr_carea' id='block_1_115' title="bbox 1961 5632 3462 5704">
    <p class='ocr_par' dir='ltr' id='par_1_115' title="bbox 1961 5632 3462 5704">
     <span class='ocr_line' id='line_1_115' title="bbox 1961 5632 3462 5704; baseline 0.003 -19"><span class='ocrx_word' id='word_1_909' title='bbox 1961 5635 2071 5702; x_wconf 78' lang='lat' dir='ltr'><strong>(ili)</strong></span> <span class='ocrx_word' id='word_1_910' title='bbox 2107 5635 2240 5687; x_wconf 69' lang='lat' dir='ltr'><strong>Ecliti</strong></span> <span class='ocrx_word' id='word_1_911' title='bbox 2275 5632 2404 5704; x_wconf 70' lang='grc' dir='ltr'>ἔστη</span> <span class='ocrx_word' id='word_1_912' title='bbox 2439 5633 2618 5704; x_wconf 86' lang='grc' dir='ltr'>μόνον.</span> <span class='ocrx_word' id='word_1_913' title='bbox 2657 5632 2766 5687; x_wconf 72' lang='lat' dir='ltr'><strong>Vox</strong></span> <span class='ocrx_word' id='word_1_914' title='bbox 2794 5634 2952 5703; x_wconf 86' lang='grc' dir='ltr'>μόνον</span> <span class='ocrx_word' id='word_1_915' title='bbox 2990 5636 3042 5688; x_wconf 93' lang='lat' dir='ltr'><strong>in</strong></span> <span class='ocrx_word' id='word_1_916' title='bbox 3072 5633 3275 5688; x_wconf 83' lang='lat' dir='ltr'><strong>nostris</strong></span> <span class='ocrx_word' id='word_1_917' title='bbox 3331 5651 3462 5689; x_wconf 90' lang='lat' dir='ltr'><strong>mss.</strong></span> 
     </span>
    </p>
   </div>
   <div class='ocr_carea' id='block_1_116' title="bbox 1890 5705 2239 5771">
    <p class='ocr_par' dir='ltr' id='par_1_116' title="bbox 1890 5705 2239 5771">
     <span class='ocr_line' id='line_1_116' title="bbox 1890 5705 2239 5771; baseline 0.003 -14"><span class='ocrx_word' id='word_1_918' title='bbox 1890 5720 1992 5757; x_wconf 85' lang='lat' dir='ltr'><strong>non</strong></span> <span class='ocrx_word' id='word_1_919' title='bbox 2027 5705 2239 5771; x_wconf 79' lang='lat' dir='ltr'><strong>legitur.</strong></span> 
     </span>
    </p>
   </div>
   <div class='ocr_carea' id='block_1_117' title="bbox 1960 5773 3318 5843">
    <p class='ocr_par' dir='ltr' id='par_1_117' title="bbox 1960 5773 3318 5843">
     <span class='ocr_line' id='line_1_117' title="bbox 1960 5773 3318 5843; baseline 0.002 -18"><span class='ocrx_word' id='word_1_920' title='bbox 1960 5773 2070 5843; x_wconf 83' lang='lat' dir='ltr'><strong>(l7)</strong></span> <span class='ocrx_word' id='word_1_921' title='bbox 2107 5774 2254 5839; x_wconf 90' lang='lat' dir='ltr'><strong>Illud,</strong></span> <span class='ocrx_word' id='word_1_922' title='bbox 2291 5775 2371 5838; x_wconf 88' lang='grc' dir='ltr'><strong>είς</strong></span> <span class='ocrx_word' id='word_1_923' title='bbox 2395 5775 2655 5839; x_wconf 74' lang='grc' dir='ltr'>ἐναντίον,</span> <span class='ocrx_word' id='word_1_924' title='bbox 2690 5777 2741 5826; x_wconf 91' lang='lat' dir='ltr'><strong>in</strong></span> <span class='ocrx_word' id='word_1_925' title='bbox 2770 5777 2942 5828; x_wconf 82' lang='lat' dir='ltr'><strong>tribus</strong></span> <span class='ocrx_word' id='word_1_926' title='bbox 2974 5790 3106 5830; x_wconf 82' lang='lat' dir='ltr'><strong>mss.</strong></span> <span class='ocrx_word' id='word_1_927' title='bbox 3147 5777 3318 5830; x_wconf 73' lang='lat' dir='ltr'><strong>deest.</strong></span> 
     </span>
    </p>
   </div>
   <div class='ocr_carea' id='block_1_118' title="bbox 1959 5845 3469 5917">
    <p class='ocr_par' dir='ltr' id='par_1_118' title="bbox 1959 5845 3469 5917">
     <span class='ocr_line' id='line_1_118' title="bbox 1959 5845 3469 5917; baseline 0.005 -21"><span class='ocrx_word' id='word_1_928' title='bbox 1959 5845 2237 5908; x_wconf 73' lang='lat' dir='ltr'><strong>(18)Eliti</strong></span> <span class='ocrx_word' id='word_1_929' title='bbox 2289 5846 2653 5917; x_wconf 77' lang='grc' dir='ltr'>τελειοτάτην.</span> <span class='ocrx_word' id='word_1_930' title='bbox 2721 5845 2864 5901; x_wconf 85' lang='lat' dir='ltr'><strong>Libri</strong></span> <span class='ocrx_word' id='word_1_931' title='bbox 2930 5861 3142 5904; x_wconf 81' lang='lat' dir='ltr'><strong>veteres</strong></span> <span class='ocrx_word' id='word_1_932' title='bbox 3199 5845 3469 5904; x_wconf 66' lang='grc' dir='ltr'>τελεωτά-</span> 
     </span>
    </p>
   </div>
   <div class='ocr_carea' id='block_1_119' title="bbox 1887 5931 2006 5983">
    <p class='ocr_par' dir='ltr' id='par_1_119' title="bbox 1887 5931 2006 5983">
     <span class='ocr_line' id='line_1_119' title="bbox 1887 5931 2006 5983; baseline 0.017 -18"><span class='ocrx_word' id='word_1_933' title='bbox 1887 5931 2006 5983; x_wconf 74' lang='grc' dir='ltr'>την.</span> 
     </span>
    </p>
   </div>
  </div>
