4208 6478
752 410 859 465 639

2068 403 2125 455 S.
2161 397 2406 454 BASlLll
2449 394 2662 450 MAGNI

3921 389 4023 440 (alii

753 517 991 576 eessario
1020 516 1163 571 Deus
1209 513 1545 584 compositus
1591 526 1712 567 esse
1752 512 1904 567 nobis
1936 512 2330 566 demonstrabi-
2360 519 2404 572 Α

2437 524 2518 560 σιν
2535 525 2550 540 ο
2581 508 2683 569 ὅτι,
2711 507 2867 576 εἴπερ
2892 506 3075 576 ἔτερόν
3103 523 3160 558 τε
3188 503 3273 574 εἴη
3297 504 3358 557 τὸ
3383 505 3496 573 φῶς
3522 503 3674 572 παρά
3699 502 3763 554 τὸ
3792 503 4022 570 ἀγέννη-

756 624 864 668 ιυιδ.

821 786 912 842 29.
950 786 1061 856 Ego
1094 799 1227 840 vero
1253 783 1382 852 quid
1409 782 1527 836 dlco
1552 781 1576 835 τ
1603 779 1866 835 Nimirum
1899 780 2000 833 nisi
2034 780 2176 833 aliud
2199 781 2326 848 quid

756 889 954 949 preter
983 876 1280 946 ingenitum
1303 873 1463 928 fuerit
1493 872 1605 938 lux,
1641 887 1761 928 eam
1797 873 1862 925 de
1888 869 2023 925 Filio
2051 870 2329 937 praedicari

758 990 864 1028 non
893 987 1075 1040 posse,
1109 970 1252 1025 sicut
1290 984 1391 1023 nec
1434 969 1608 1037 ipsum
1657 967 1977 1038 ingenitum.
2007 966 2142 1020 llinc
2168 967 2330 1021 etiam

757 1065 935 1137 quivis
968 1061 1217 1118 didicerit
1251 1076 1432 1115 eorum
1461 1075 1581 1130 quae
1604 1059 1686 1113 his
1718 1059 1934 1114 vocibus
1962 1057 2333 1126 significantur

757 1158 1149 1215 diversitatem.
1191 1154 1396 1209 Dicitur
1423 1153 1564 1208 Deus
1585 1152 1755 1206 lucem
1793 1151 2126 1217 habitare“,
2164 1166 2226 1203 ac
2253 1150 2329 1201 ln-

757 1265 873 1304 cem
909 1248 1056 1303 indui
1079 1249 1146 1304 ”.
1176 1245 1367 1302 Verum
1387 1259 1649 1312 nusquam
1671 1243 1802 1298 dicit
1823 1243 2120 1311 Scriptura,
2161 1243 2330 1312 ipsum

759 1342 811 1396 in
846 1356 939 1396 sua
975 1338 1323 1410 generatione
1356 1338 1697 1398 inhabitare,
1739 1343 1827 1386 aut
1872 1349 1989 1388 eam
2035 1335 2332 1388 forinsecus

758 1433 859 1488 sibi
892 1431 1278 1488 circumdatam
1306 1429 1468 1499 266
1492 1427 1689 1481 habere
1708 1428 2055 1497 (calcroquin
2079 1428 2192 1481 haec
2223 1430 2331 1482 risu

759 1523 920 1591 digna
973 1519 1119 1589 sunt)
1155 1535 1171 1573 :
1202 1521 1439 1588 genitum
1471 1527 1651 1571 autem
1704 1528 1758 1571 et
1807 1518 2100 1588 ingenitum
2135 1518 2336 1572 indices

762 1613 1006 1680 qtta’dam
1039 1609 1397 1680 proprietates
1424 1618 1568 1661 sunt.
1597 1607 1804 1662 Etenim
1834 1610 1877 1662 si
1902 1607 2034 1662 nihil
2062 1617 2205 1662 esset
2232 1621 2337 1676 quo

760 1702 1064 1756 substantia
1096 1701 1488 1769 designaretur,
1529 1699 1674 1754 nullo
1706 1700 1891 1768 utique
1931 1700 2088 1754 modo
2139 1700 2205 1753 ad
2243 1714 2312 1753 no

764 1801 933 1846 strain
966 1790 1373 1860 intelligentiam
1407 1790 1733 1857 perveniret.
1770 1787 1903 1842 Nam
1951 1803 2069 1841 cum
2116 1802 2220 1841 una
2268 1787 2338 1840 sit

758 1882 953 1946 deitas,
991 1880 1106 1934 ﬁeri
1144 1896 1248 1934 non
1282 1891 1462 1950 patest
1489 1891 1545 1933 ut
1573 1879 1847 1948 propriam
1879 1877 2056 1933 Patris
2090 1890 2184 1933 aut
2209 1878 2330 1932 Filii

761 1974 1033 2028 notionem
1058 1989 1431 2042 assequamur,
1469 1973 1569 2026 nisi
1600 1972 1793 2026 mentis
1829 1972 2060 2040 cogitata
2095 1972 2332 2041 praprie—

762 2075 930 2119 tatum
965 2067 1276 2121 accessione
1310 2064 1726 2134 distinguantur.
1743 2062 2008 2119 Cmterum
2035 2062 2233 2118 dicenti
2261 2066 2331 2132 ei,

763 2163 900 2224 fore,
933 2169 991 2212 ut
1021 2158 1164 2214 Deus
1192 2157 1520 2228 compositus
1552 2157 1950 2212 demonstretur
1977 2157 2076 2211 nisi
2110 2172 2209 2226 pro
2237 2173 2331 2212 eo-

767 2253 890 2305 dem
933 2249 1022 2304 lux
1068 2259 1231 2318 atque
1279 2249 1575 2321 ingenitum
1608 2249 1964 2317 accipiantur,
1996 2249 2122 2304 illuo
2156 2249 2334 2306 dicere

763 2357 1071 2412 possumus,
1103 2341 1244 2410 quod
1288 2343 1331 2394 si
1373 2342 1672 2410 ingenitum
1721 2353 1973 2409 tanquam
2022 2340 2335 2395 substantiae

762 2446 968 2505 partem
988 2436 1374 2505 acciperemus,
1402 2433 1624 2488 haberet
1645 2433 1824 2488 locum
1850 2447 1910 2486 ea
1937 2433 2095 2493 ratio,
2123 2448 2224 2500 qua
2256 2433 2334 2485 di-

764 2528 905 2580 citur
946 2526 1303 2592 compositum
1337 2538 1458 2577 eSse
1487 2523 1628 2590 quod
1663 2537 1728 2575 ex
1762 2522 1990 2575 diversis
2012 2528 2240 2574 constat.
2279 2520 2333 2573 Si

765 2633 894 2671 vero
922 2616 1016 2670 Dei
1044 2615 1400 2671 substantiam
1433 2615 1607 2668 lucem
1637 2629 1755 2669 esse
1788 2614 2095 2676 statuimus,
2129 2624 2222 2666 aut
2259 2612 2336 2664 vi-

766 2718 899 2774 tam,
940 2718 1030 2761 aut
1056 2706 1277 2772 bonum,
1315 2706 1450 2761 adeo
1483 2717 1537 2759 ut
1571 2706 1709 2761 Deus
1740 2716 1902 2771 totus,
1934 2704 2189 2775 quidquid
2223 2714 2327 2768 est,

762 2799 869 2853 vita
900 2798 991 2862 sit,
1021 2808 1078 2854 et
1102 2807 1246 2855 totus
1269 2798 1378 2863 lux,
1415 2809 1469 2853 et
1505 2806 1645 2852 totus
1680 2797 1900 2862 bomnn,
1929 2798 1973 2851 si
2016 2797 2198 2851 itidem
2229 2799 2334 2850 vita

769 2891 1068 2958 ingenitum
1097 2890 1197 2945 sibi
1225 2890 1536 2958 adiunctum
1584 2890 1778 2953 habet;
1806 2889 1896 2956 qui
1939 2887 2054 2941 ﬁeri
2083 2899 2254 2956 potest
2281 2902 2335 2942 ut

765 2981 1158 3049 incompositus
1208 2994 1313 3033 non
1363 2981 1432 3033 sit
1483 2981 1572 3047 qui
1632 2982 1925 3034 secundum
1982 2981 2334 3035 substantiam

770 3070 994 3140 simplex
1046 3069 1173 3125 est?
1196 3068 1305 3124 Nec
1340 3073 1481 3124 enim
1536 3072 1567 3123 ii
1619 3072 1781 3134 modi,
1823 3074 2016 3141 quibus
2063 3074 2177 3142 ejus
2219 3091 2336 3143 pro-

769 3165 1026 3231 prietates
1054 3162 1382 3229 indicantur,
1419 3163 1781 3231 simplicitatis
1812 3164 2001 3220 laedent
2034 3167 2333 3232 rationem;

766 3253 1006 3323 alioquin
1049 3254 1149 3306 hoc
1203 3263 1358 3322 pacto
1410 3253 1590 3306 omnia
1640 3269 1757 3321 qua:
1805 3255 1870 3308 de
1918 3255 2025 3308 Deo
2064 3257 2335 3320 dicuntur,
2366 3287 2406 3340 Ο

768 3345 1126 3413 compositum
1157 3359 1274 3397 esse
1313 3344 1475 3397 Deum
1524 3343 1675 3396 nobis
1710 3348 2100 3399 monstrabunt.
2134 3348 2329 3416 Atque,

770 3445 830 3488 nt
864 3435 1095 3498 videtur,
1145 3435 1186 3490 si
1224 3434 1470 3489 volumus
1508 3433 1767 3503 simplicis
1799 3450 1862 3490 ac
1905 3437 2214 3492 iusecabilis
2244 3455 2339 3492 n0-

777 3529 979 3582 tionem
1016 3541 1254 3590 servare,
1289 3538 1381 3579 aut
1433 3527 1566 3581 nihil
1609 3528 1674 3580 de
1721 3527 1829 3582 Deo
1870 3529 2108 3584 dicemus
2150 3541 2338 3599 prmter

772 3620 1096 3690 ingenitum,
1127 3635 1359 3688 eumque
1387 3619 1753 3674 recusabimus
1781 3622 2057 3675 nominare
2096 3623 2337 3676 invisibi-

771 3713 903 3776 lem,
941 3710 1426 3780 incorruptibilem,
1453 3708 1866 3772 inalterabilem,
1909 3721 2229 3776 creatorem,
2256 3712 2339 3780 ju-

776 3805 974 3868 dicem,
1003 3811 1057 3855 et
1089 3800 1267 3854 omnia
1303 3814 1421 3868 qua:
1454 3815 1594 3854 nunc
1625 3800 1690 3854 ad
1722 3799 2163 3870 gloriﬁcationem
2192 3818 2343 3858 assu-

781 3895 1017 3948 mimus:
1049 3902 1142 3947 aut
1181 3894 1225 3947 si
1271 3894 1602 3947 admittimus
1653 3893 1765 3946 [nec
1801 3893 2038 3958 nomina,
2070 3895 2194 3963 quid
2232 3894 2340 3963 jam

782 3985 976 4040 facturi
1013 3983 1244 4037 sumus?
1278 3993 1453 4036 utrum
1489 3984 1553 4038 ad
1600 3984 1954 4038 substantiam
1988 3988 2168 4039 omnia
2205 3985 2342 4039 refe-

777 4093 957 4132 remus
986 4077 1010 4130 ?
1042 4075 1275 4132 Proinde
1310 4091 1412 4130 non
1449 4091 1569 4130 eum
1606 4077 1762 4130 modo
1795 4078 2169 4146 compositum,
2201 4077 2291 4131 sed
2315 4093 2344 4131 e

775 4167 1131 4222 dissimilibus
1154 4169 1314 4220 etiam
1346 4168 1583 4234 partibus
1623 4166 1978 4232 compositum
2006 4165 2344 4219 demonstra-

773 4261 977 4326 bimus,
1012 4275 1133 4314 cutn
1171 4258 1316 4310 aliud
1368 4268 1528 4326 atque
1577 4258 1716 4312 aliud
1748 4274 1777 4311 a
1822 4257 2060 4327 quolibet
2121 4257 2342 4310 istorum

840 4400 888 4432 ’δ
915 4400 934 4454 l
966 4399 1107 4454 Tim.
1135 4415 1208 4465 vt,
1239 4398 1326 4451 16.
1403 4397 1447 4428 ’⁸
1485 4396 1621 4459 Psal-
1645 4411 1762 4460 CIII»
1784 4399 1838 4452 2ο

2426 615 2540 661 τον,
2573 598 2880 664 ἀναγκαίως
2912 600 3044 667 ἡμῖν
3088 596 3336 657 σύνθετος
3367 598 3394 648 ὁ
3437 595 3569 658 Θεὸς
3617 594 4017 665 ἀποδειχθήσε-

2427 709 2517 744 ται
2547 691 2680 751 (54).

2497 782 2585 835 ‘29.
2628 781 2767 850 Ἐγὼ
2805 781 2861 833 δὲ
2899 781 2949 831 τί
2989 779 3165 851 φημίς
3203 781 3346 843 "litt,
3389 780 3436 831 εί
3477 778 3550 849 μὴ
3599 777 3792 849 ἔτερόν
3837 795 3891 829 τι
3934 780 4015 847 εἴη

2428 873 2520 927 τοῦ
2544 876 2839 943 ἀγεννήτου
2873 870 2931 922 τὸ
2965 871 3098 938 φῶς,
3124 872 3305 924 οὐκέτι
3329 871 3407 940 τῷ
3442 870 3554 938 Υίῷ
3579 869 3808 922 δυνατὸν
3837 870 4016 921 ἐπιλέ-

2429 965 2639 1033 γεσθαι,
2669 964 2856 1035 ὥσπερ
2890 963 3009 1015 οὐδὲ
3045 963 3176 1015 αὐτὸ
3210 965 3268 1015 τὸ
3297 962 3612 1032 ἀγέννητον.
3657 961 3842 1013 Μάθοι
3872 963 3916 1013 δ’
3953 962 4014 1013 ἂν

2429 1075 2511 1121 τις
2539 1056 2790 1110 κάκεῖθεν
2841 1056 2948 1108 τῶν
2984 1056 3391 1126 σημαινομένων
3441 1055 3544 1107 ὑπὸ
3584 1053 3693 1105 τῶν
3735 1054 3930 1120 φωνῶν
3958 1056 4014 1103 τὸ

2431 1149 2702 1219 διάφορον.
2733 1147 2851 1210 Φῶς
2881 1148 3048 1198 οἰκεῖν
3077 1147 3284 1216 εἴρηται
3328 1147 3355 1198 ὅ
3396 1144 3547 1207 Θεὸς.
3586 1143 3679 1195 καὶ
3708 1142 4011 1196 ἀναϐάλλε-

2435 1241 2555 1293 σθαι
2591 1240 2724 1308 φῶς,
2751 1241 2988 1310 οὺδήπου
3021 1241 3244 1291 ἐνοικεῖν
3283 1238 3443 1290 αὐτὸν
3470 1240 3535 1306 τῇ
3562 1235 3761 1289 ἑαυτοῦ
3789 1237 4012 1304 ἀγεννη-

2434 1334 2541 1405 σίᾳ,
2596 1334 2716 1386 οὐδὲ
2767 1332 2964 1399 ἔξωθεν
3016 1330 3194 1400 ἐαυτῷ
3251 1330 3635 1400 περικειμένην
3695 1327 3871 1398 ἔχειν,
3922 1327 4012 1381 τοῦ

2433 1423 2586 1491 λόγου
2617 1423 2861 1491 λέγοντος
2894 1423 2962 1492 (ἢ
3002 1422 3174 1475 ταῦτα
3209 1421 3304 1492 μὲν
3363 1419 3761 1487 καταγέλαστα)
3785 1437 3798 1449 ·
3851 1419 3911 1471 τὸ
3957 1419 4012 1470 δὲ

2433 1517 2687 1585 γεννητὸν
2718 1519 2809 1568 καὶ
2844 1517 3137 1586 ἀγέννητον
3170 1513 3520 1584 γνωριστικαί
3551 1514 3695 1576 τινές
3724 1515 3867 1566 εἰσιν
3896 1513 4014 1565 ίδιόο

2435 1625 2611 1676 τητες.
2643 1609 2702 1659 El
2725 1609 2832 1677 γὰρ
2858 1607 3023 1677 μηδὲν
3049 1607 3134 1675 εἴη
3169 1605 3278 1674 (55)
3300 1603 3358 1657 τὸ
3393 1602 3488 1673 τὴν
3513 1602 3699 1656 οὐσίαν
3733 1622 4013 1674 χαρακτη-

2439 1697 2603 1768 ρίζον,
2661 1699 2834 1752 οὐδενὶ
2881 1698 2945 1751 ἂν
2999 1698 3183 1769 τρόπῳ
3236 1688 3372 1766 πρὸς
3431 1693 3528 1763 τὴν
3585 1692 3802 1745 σύνεσιν
3859 1695 4014 1764 ἡμῶν

2435 1789 2705 1842 διικνοῖτο.
2743 1789 2880 1852 Mai;
2913 1791 3017 1861 γὰρ
3048 1789 3213 1860 οὔσης
3247 1789 3518 1856 θεότητος,
3567 1770 3853 1854 ἀμήχανον
3883 1788 4014 1840 ἰδιά-

2437 1881 2632 1946 ζουσαν
2656 1881 2760 1950 (56)
2785 1881 2987 1935 ἔννοιαν
3018 1882 3229 1952 Πατρὸς
3249 1881 3434 1934 λαϐεῖν
3459 1880 3491 1950 ἣ
3525 1879 3680 1943 Υίοῦ,
3716 1881 3793 1951 μὴ
3817 1885 3885 1950 τῇ
3912 1880 4014 1931 τῶν

2439 1973 2738 2043 ἰδιωμάτων
2759 1974 3038 2045 προσθήκῃ
3054 1974 3150 2045 τῆς
3164 1974 3400 2036 διανοίας
3415 1972 3569 2045 διαρθ
3578 1991 3672 2038 ρου
3681 1973 3856 2043 μένης
3884 1974 3966 2042 ξῦῗ
3978 1980 4013 2038 ξι.

2446 2064 2605 2117 Ἀλλά
2649 2066 2754 2136 μὴν
2803 2065 2936 2134 πρός
2965 2082 3028 2132 γε
3059 2065 3118 2117 τὸ
3146 2065 3396 2118 σύνθετον
3438 2065 3894 2136 ἀναφανήσεσθαι
3929 2071 4014 2116 τὸν

2433 2157 2596 2220 Θεὸν,
2632 2158 2678 2209 εί
2727 2155 2801 2227 μὴ
2844 2155 3041 2209 ταυτὸν
3083 2154 3313 2226 ληφθείη
3356 2156 3433 2225 τῷ
3466 2158 3750 2227 ἀγεννήτῳ
3777 2155 3841 2208 τὸ
3879 2157 4013 2224 φῶς,

2435 2252 2608 2303 έκεῖνο
2641 2250 2813 2301 εἰπεῖν
2843 2246 3036 2318 ἔχομεν
3060 2289 3074 2311 ,
3114 2247 3194 2299 ὅτι
3218 2287 3231 2310 ,
3280 2251 3328 2299 εἰ
3361 2249 3455 2317 μὲν
3485 2249 3560 2311 ὡς
3599 2248 3767 2320 μέρος
3799 2251 3902 2319 τῆς
3931 2250 4018 2300 οὑ-

2437 2341 2552 2405 σίας
2612 2342 2673 2395 τὸ
2728 2341 3026 2411 ἀγέννητον
3065 2338 3470 2410 ἐλαμϐάνομεν,
3522 2337 3663 2409 εἶχεν
3722 2341 3792 2393 ἂν
3849 2341 4016 2394 αὑτοῦ

2435 2434 2615 2506 χώραν
2647 2436 2675 2487 ό
2707 2435 2881 2502 λόγος,
2902 2434 3151 2487 σύνθετον
3187 2427 3322 2485 εἶναι
3344 2431 3516 2498 λέγων
3544 2432 3604 2482 τὸ
3640 2434 3703 2484 ὲκ
3736 2433 4016 2504 διαφόρων

2439 2525 2809 2590 συγκείμενον·
2838 2527 2885 2577 εί
2917 2525 2972 2577 δὲ
2999 2523 3186 2576 οὐσίαν
3217 2522 3314 2593 μὲν
3342 2521 3476 2574 (ι)εοῦ
3502 2521 3559 2572 τὸ
3588 2520 3700 2589 φῶς
3723 2521 4011 2590 τιθέμεθα,

2435 2614 2469 2683 ἢ
2508 2614 2606 2684 τὴν
2642 2612 2804 2684 ζωὴν,
2854 2615 2887 2684 ἢ
2929 2614 2989 2665 τὸ
3035 2613 3256 2682 ἀγαθὸν,
3290 2613 3429 2675 ὅλον,
3484 2613 3619 2683 ὅπερ
3669 2613 3809 2674 ἐστὶ,
3868 2611 4014 2681 ζωὴν

2436 2705 2563 2758 ὅντα
2591 2704 2725 2772 (58),
2759 2705 2851 2755 καὶ
2884 2705 3002 2756 ὅλον
3033 2706 3165 2772 φῶς,
3195 2707 3284 2758 καὶ
3330 2707 3447 2758 ὅλον
3491 2704 3727 2772 ἀγαθὸν,
3771 2704 4017 2774 παρεπο-

2441 2814 2598 2868 μενον
2631 2795 2687 2848 δὲ
2719 2794 2830 2865 ἔχει
2861 2797 2892 2864 ἡ
2924 2795 3033 2864 ζωὴ
3063 2795 3121 2847 τὸ
3154 2797 3472 2865 ἀγέννητον·
3514 2796 3630 2858 πῶς
3664 2797 3766 2848 οὐκ
3790 2794 4016 2848 ἀσυνθε-

2435 2906 2525 2952 τος
2566 2889 2594 2941 ὁ
2625 2887 2763 2941 κατά
2787 2887 2883 2956 τὴν
2913 2886 3097 2938 οὐσίαν
3130 2886 3368 2950 ἀπλοῦς;
3401 2887 3474 2939 Οὔ
3514 2888 3618 2957 γὰρ
3650 2888 3714 2957 δὴ
3739 2889 3792 2941 οἱ
3825 2888 4015 2941 δεικτι-

2438 2981 2522 3032 κοὶ
2549 2980 2645 3051 τῆς
2666 2979 2926 3049 ἰδιότητος
2944 2976 3106 3031 αὐτοῦ
3127 2979 3316 3049 τρόποι
3341 2979 3431 3030 τὸν
3454 2978 3552 3048 τῆς
3583 2980 3890 3048 ἁπλότητος
3907 2981 4014 3049 (39)

2437 3073 2590 3141 λόγον
2625 3072 3134 3143 παραλυπήσουσινο
3172 3072 3203 3142 ἢ
3235 3071 3375 3125 οὕτω
3413 3089 3474 3140 γε
3522 3072 3719 3131 πάντα.
3753 3073 3856 3124 ὅσα
3891 3074 4013 3142 περὶ

2437 3164 2572 3217 Θεοῦ
2603 3163 2838 3230 λέγεται,
2875 3163 3121 3217 σύνθετον
3143 3163 3231 3216 τὸν
3260 3164 3389 3216 Θεὸν
3410 3165 3538 3233 ἡμῖν
3561 3161 3856 3226 ἀναδείξει.
3888 3165 4012 3224 Καὶ,

2439 3253 2512 3317 ὼς
2544 3253 2738 3315 ἔοικεν,
2781 3257 2828 3307 εἰ
2863 3255 3146 3326 μέλλοιμεν
3179 3256 3278 3326 τὴν
3303 3254 3395 3308 τοῦ
3437 3254 3606 3308 ἁπλοῦ
3643 3255 3738 3308 καὶ
3772 3254 4013 3325 ἀμεροῦς

2441 3344 2644 3399 ἔννοιαν
2695 3344 2975 3410 διασώζειν
3015 3347 3148 3417 (40),
3181 3347 3212 3418 ἢ
3247 3347 3395 3401 οὐδὲν
3425 3346 3659 3418 ἐροῦμεν
3699 3348 3831 3418 περὶ
3880 3345 4012 3398 Θεοῦ

2436 3438 2573 3510 πλὴν
2601 3439 2660 3493 τὸ
2685 3437 2996 3507 ἀγέννητον,
3025 3437 3120 3490 καὶ
3145 3438 3594 3508 παραιτησόμεθα
3624 3438 3788 3492 αὑτὸν
3815 3437 4010 3507 ὀνομά-

2437 3528 2550 3593 ζειν
2599 3527 2848 3600 ἀόρατον,
2885 3525 3181 3596 ἄφθαρτον,
3219 3526 3596 3594 ἀναλλοίωτον,
3652 3527 4009 3599 δημιουργὸν,

2437 3619 2649 3691 κριτὴν,
2684 3620 2776 3672 καὶ
2793 3619 2967 3672 πάντα
2990 3618 3087 3670 ὅσα
3106 3615 3197 3668 νῦν
3230 3618 3305 3678 είς
3319 3615 3622 3683 δοξολογίαν
3649 3618 4009 3688 παραλαμϐά-

2437 3729 2617 3783 νομενο
2639 3711 2963 3782 ἢδεχόμενοι
2990 3710 3059 3762 τὰ
3092 3710 3330 3780 ὀνόματα
3356 3708 3548 3771 ταῦτα,
3581 3711 3633 3762 τί
3670 3713 3768 3764 καὶ
3793 3718 4010 3781 ποιήσο-

2443 3821 2540 3874 μεν
2565 3819 2580 3867 ;
2612 3801 2838 3873 πότερον
2863 3804 2942 3866 εἰς
2966 3800 3063 3874 τὴν
3088 3801 3274 3857 οὐσίαν
3302 3800 3517 3855 ἅπαντα
3553 3801 3814 3872 φέροντες
3845 3821 4010 3855 κατα-

2439 3894 2706 3964 θήσομεν;
2736 3893 2940 3948 υύκοῦν
2969 3894 3089 3965 οὐχ).
3125 3894 3282 3964 μένον
3309 3893 3578 3954 σύνθετον,
3614 3891 3754 3946 ἀλλά
3813 3894 3908 3948 καὶ
3957 3896 4009 3959 ἐξ

2439 3985 2841 4058 ἀνομοιομερῶν
2858 3985 3017 4038 αὑτὸν
3053 3985 3405 4055 συγκείμενον
3427 3982 3806 4055 ἀποδείξομεν,
3839 3984 3926 4038 διὰ
3955 3987 4010 4036 τὸ

2438 4078 2562 4130 ἄλλο
2590 4079 2678 4131 καὶ
2705 4077 2831 4131 ἀλλο
2858 4080 2945 4148 ὑφ’
2974 4079 3202 4130 ἑκάστου
3227 4077 3429 4130 τούτων
3451 4077 3560 4130 τῶν
3586 4078 3872 4148 ὀνομάτων
3900 4079 4006 4148 μί)

2442 4168 2838 4238 σημαίνεσθαιο
2893 4167 3007 4222 ἀλλ’
3066 4167 3170 4230 ἔξω
3225 4167 3326 4236 τῆς
3379 4168 3564 4231 οὐσίας
3617 4169 4002 4240 ὲκληψόμεθα;

2446 4261 2652 4331 Ὂνπερ
2677 4261 2855 4313 τοίνυν
2877 4261 2940 4314 ἂν
2964 4260 3048 4313 ἐπ’
3085 4259 3306 4314 ἐκείνων
3339 4260 3570 4313 ἑκάστου
3603 4259 3760 4328 λόγον
3793 4263 4004 4332 ἐπινοῇς-

845 4537 966 4610 ίζή)
1003 4538 1134 4610 Reg.
1175 4547 1416 4610 1quartus
1453 4535 1768 4605 ἀναγκαίως
1821 4537 2070 4602 σύνθετος
2123 4539 2151 4590 ὁ
2202 4537 2332 4601 Θεὸς
2372 4522 2406 4577 Π

2442 4536 2596 4590 modo
2623 4552 2637 4589 :
2668 4536 2714 4587 εί
2754 4535 3009 4610 τιθέμεθα
3055 4537 3185 4610 Θεὸν
3217 4537 3334 4590 ὅλον
3357 4579 3370 4599 ,
3410 4538 3548 4608 ὅπερ
3581 4539 3720 4605 ἐστὶ,
3746 4541 3893 4610 ζωὴν
3923 4541 4003 4593 ὅνο

772 4607 928 4679 ¹ἡμῶν
949 4607 1407 4679 ἀποδειχθήσεται.

844 4679 955 4748 (55)
981 4677 1112 4748 Reg.
1135 4672 1338 4749 tertius
1371 4677 1542 4749 unos}

771 4819 798 4872 ι
842 4746 954 4818 (56)
989 4746 1125 4802 Editi
1167 4748 1372 4801 ἔννοιαν
1420 4746 1745 4811 lanceam.
1774 4747 1844 4804 At
1869 4762 1996 4802 mss.
2030 4746 2332 4810 ἰδιάζουσαν

801 4836 999 4872 ννοιαν.

801 4836 999 4872 ννοιαν.

844 4890 954 4957 (57)
990 4887 1138 4953 Illud,
1165 4886 1327 4958 μὴ....
1358 4887 1458 4959 τῆς
1483 4887 1718 4960 διανοίας
1765 4887 2220 4960 διαρθρουμένης,
2254 4888 2332 4943 sic

772 4962 935 5016 vertit
971 4961 1252 5025 interpres,
1287 4960 1385 5009 nisi
1416 4958 1662 5026 Cogitatio
1724 4971 1899 5010 ucstra
1927 4958 2274 5027 'informetur
2311 4972 2330 5009 :

774 5030 868 5086 sed
901 5045 1012 5082 rem
1042 5030 1132 5097 qui
1179 5029 1535 5081 considerauit
1565 5029 1647 5082 vel
1680 5027 1891 5091 leviter,
1930 5028 2085 5080 facile
2138 5030 2331 5081 intelli-

771 5110 857 5171 get
896 5101 980 5171 ita
1017 5104 1195 5171 potius
1242 5098 1556 5171 vertendum
1589 5113 1728 5162 esse,
1759 5099 1856 5151 nisi
1892 5098 1945 5149 id
1986 5099 2125 5166 quod
2166 5110 2334 5153 meme

773 5168 1119 5233 concepimus,
1149 5168 1521 5236 distinguatur.

843 5240 954 5309 (38)
993 5237 1128 5290 Editi
1171 5235 1249 5309 et
1277 5253 1407 5290 mss.
1454 5247 1564 5290 tres
1622 5235 1824 5309 ἀγαθὸν
1871 5237 2008 5301 ὅλον,
2041 5239 2177 5309 ὅπερ
2216 5237 2335 5289 ἐστὶ

775 5306 918 5380 ζωὴν
941 5306 1093 5370 ὅντα,
1133 5308 1332 5380 virgula
1363 5309 1606 5380 apposita
1641 5306 1922 5380 p_ust_6)_.ov_.
1958 5309 2104 5380 lirgii
2133 5306 2335 5380 primus

773 5376 1031 5434 et‘sextus
1051 5376 1250 5446 ἀγαθὸν
1287 5376 1405 5428 ὅλον
1441 5376 1628 5448 ᾣσπερ
1666 5377 1781 5448 εστὶ
1818 5377 1960 5448 ζωὴν
2018 5378 2164 5439 ὅντα,
2221 5378 2334 5430 sine

777 5450 881 5502 ulla
932 5450 1380 5516 interpunctione.
1417 5447 1613 5516 Codex,
1650 5447 1799 5498 Coll).
1831 5459 1886 5498 et
1919 5447 2330 5516 antiquissimus

776 5515 1247 5586 etoptimazinotae
1295 5517 1517 5586 ἀγαθὸν,
1574 5515 1880 5586 ὅλονᾲζωὴν
1934 5515 2082 5578 ὅντα,
2127 5519 2333 5583 virgula

777 5584 954 5641 statim
1001 5589 1169 5657 posita
1214 5584 1546 5655 post'vocem
1578 5584 1800 5657 ἀγαθόν.
1844 5584 2014 5652 Fecit,
2049 5588 2148 5641 nisi
2178 5589 2338 5640 valde

777 5659 951 5721 fallor,
1005 5656 1121 5725 ejus
1149 5659 1250 5712 loci
1301 5659 1602 5711 obscuritas
1663 5656 2074 5726 difﬁcult-asque,
2107 5667 2165 5710 ut
2221 5668 2331 5709 tam

779 5732 924 5782 Varie
976 5729 1458 5798 interpungeretnr.
1497 5727 1650 5788 Illud,
1678 5725 1826 5789 ὅντα,
1866 5725 1971 5780 me
2008 5728 2241 5798 adducit
2279 5735 2336 5778 ut

777 5801 994 5854 credam
1055 5795 1239 5855 vocem
1300 5798 1433 5852 Θεόν
1467 5798 1810 5868 ειῳριειιόειιι
1871 5811 2008 5864 esse,
2069 5797 2168 5852 hoc
2219 5795 2332 5852 fere

2435 4623 2524 4670 τα,
2557 4622 2735 4658 rursus
2770 4608 2815 4658 si
2854 4618 3094 4671 putamus
3117 4608 3279 4660 Deum
3309 4618 3491 4668 totum,
3531 4611 3788 4676 quidquid
3814 4608 3908 4672 est,
3939 4627 4004 4661 tt-

2437 4688 2543 4728 tam
2578 4692 2706 4735 esse,
2740 4678 2783 4729 si
2834 4688 3076 4744 putamus
3114 4679 3279 4730 Deum
3328 4689 3513 4735 totum.
3551 4683 3782 4745 quantus
3815 4689 3910 4737 est.
3937 4681 4004 4732 vi-

2439 4757 2543 4798 tam
2573 4761 2703 4799 esse.
2762 4746 2834 4816 Ex
2881 4748 3076 4816 quibus
3107 4748 3364 4816 colligere
3399 4749 3545 4806 licet,
3576 4751 3837 4815 primunt,
3873 4753 3998 4803 duas

2437 4816 2534 4868 bas
2563 4831 2716 4870 voces
2744 4815 2862 4870 ὅλον
2887 4829 2933 4868 et
2960 4815 3088 4869 ὅντα
3113 4820 3178 4871 ad
3210 4815 3393 4871 verem
3427 4816 3582 4878 Θεόν,
3604 4832 3724 4885 qum
3751 4821 4003 4872 subaudi-

2437 4894 2545 4948 tur,
2583 4885 2770 4940 rel'erri
2797 4888 2995 4940 debere
3034 4904 3047 4937 :
3095 4889 3288 4942 deinde
3314 4929 3330 4951 ,
3363 4888 3856 4954 interpnm-tionent
3890 4905 3999 4943 eam

2436 4971 2554 5024 qua!
2605 4957 2654 5007 in
2684 4957 3000 5010 (iolbertino
3037 4957 3175 5010 libro
3230 4967 3465 5018 notatur,
3501 4959 3840 5014 retinendam
3871 4975 4000 5015 esse.

2437 5025 2618 5093 Neque
2651 5042 2774 5080 vero
2832 5041 2915 5079 me
2973 5028 3172 5094 pigebit
3219 5029 3721 5094 interpretationem
3769 5041 4000 5082 veterem

2436 5098 2704 5149 ascribere
2746 5113 2811 5150 ex
2849 5111 2949 5161 qua
2987 5100 3214 5152 fortasse
3255 5098 3515 5167 bic_locus
3543 5097 3760 5150 facilius
3787 5099 4002 5167 intelligi

2437 5167 2653 5232 poterit.
2716 5167 2792 5220 Ita
2829 5167 2990 5229 igitur
3046 5178 3283 5218 verterat
3336 5165 3769 5232 Trapeznntins:
3811 5167 3870 5219 Si
3896 5165 4003 5221 vtio

2436 5237 2783 5288 substantia»:
2817 5237 2908 5288 Dei
2936 5238 3120 5299 lucem,
3153 5239 3226 5289 vel
3256 5239 3431 5296 vitam,
3468 5240 3542 5288 vel
3574 5238 3766 5297 bonum
3790 5276 3806 5298 ,
3847 5250 4003 5290 tatunt

2435 5305 2570 5373 quod
2599 5316 2694 5367 est,
2726 5308 2880 5359 vitam
2912 5316 3076 5357 totum
3102 5310 3286 5368 lucem,
3321 5319 3484 5358 totum
3511 5308 3706 5358 bonum
3741 5311 4003 5375 opinatur:

2438 5376 2596 5427 vitam
2632 5393 2744 5427 rero
2773 5375 3005 5444 sequitur
3045 5378 3370 5444 :qttomodu.
3406 5391 3513 5431 etc.

2508 5444 2618 5516 (3:39)
2645 5446 2820 5499 Codex
2842 5440 2990 5516 unus
3032 5440 3225 5516 Regius
3257 5445 3556 5516 ἁπλότητος
3583 5444 3774 5499 αὐτοῦ.

2529 5514 2618 5580 40)
2658 5516 2788 5584 Reg.
2825 5515 3014 5568 tertius
3047 5514 3253 5566 ἑννοιαν
3283 5514 3615 5577 ἀποσώζειν.

2529 5519 2618 5580 40)
2658 5519 2788 5584 Reg.
2825 5519 3014 5568 tertius
3047 5519 3253 5566 ἔννοιαν
3283 5519 3615 5577 ἀποσώζειν.

2507 5519 2617 5655 in)
2669 5587 2806 5658 Editi
2860 5584 3089 5658 ἑκάστου
3126 5585 3231 5658 τῷν
3281 5585 3583 5658 ὅνομάτων.
3635 5585 3870 5658 Antiqui
3906 5597 4003 5639 tres

2437 5655 2558 5708 libri
2588 5656 2838 5725 Δἑκάστου
2872 5655 3075 5706 τούτων
3122 5655 3226 5706 τῶν
3279 5656 3578 5725 ὀνομάτων.
3627 5655 3848 5725 διειὶιῖιξ
3884 5658 4000 5709 editi

2436 5723 2803 5796 ὲκληψόμεθα.
2840 5725 3045 5777 Οὐκοῦν
3073 5727 3208 5794 ὅπερ
3240 5725 3305 5777 ἂν
3356 5723 3440 5777 ἔπ’
3491 5727 3739 5780 ἐκείνων.
3798 5724 4003 5782 Veteres

2439 5798 2677 5866 quinque
2705 5797 2821 5850 libri
2849 5797 2919 5850 ita
2953 5808 3008 5850 ut
3037 5797 3323 5850 edidimus.
