4208 6504
169 455 270 508 641

1267 451 1633 506 ADVERSUS
1671 449 2036 506 EUNOMIUM
2075 447 2204 502 LIB.
2247 445 2314 500 ll.

3296 438 3404 495 ωε

172 590 327 635 σωσι,
350 571 535 626 τοῦτον
567 572 658 624 καὶ
682 573 773 626 ἐπὶ
803 572 898 641 τῆς
931 569 1023 623 τοῦ
1046 570 1336 642 ἀγεννήτου
1370 584 1736 640 προσηγορίας
1765 570 1812 626 Α

1765 570 1812 626 Α
1839 563 2111 619 nominum
2139 561 2473 634 signiﬁcetur
2501 573 2515 610 :
2543 572 2609 610 an
2637 555 2752 610 inec
2773 563 2922 608 extra
2942 551 3297 609 substantiam
3324 553 3406 604 in-

170 661 696 726 καταδειξάσοωσαν.

244 920 330 974 50.
388 919 696 987 Ἐμπλὴσας
726 917 781 970 δὲ
811 917 898 972 τὸν
929 920 1038 990 (49.)
1069 919 1226 985 λόγον
1263 918 1526 990 φλυαρίας
1554 920 1735 990 κενῆς,

171 1013 267 1064 καὶ
318 1011 534 1063 πάντων
569 1007 702 1078 ὁμοῦ
734 1009 839 1063 τῶν
883 1011 1100 1064 πώποτε
1150 1009 1276 1079 περὶ
1322 1009 1417 1081 τὴν
1455 1013 1547 1065 τοῦ
1603 1011 1738 1065 Θεοῦ

169 1104 374 1171 γνῶσιν
405 1100 770 1170 ἐσχολακότων
801 1098 1186 1170 κατεπαρθεὶς,
1211 1099 1286 1164 ὡς
1308 1103 1467 1166 αὐτὸς
1483 1104 1598 1156 ὁδόν
1620 1122 1740 1158 τινα

170 1194 365 1263 καινὴν
399 1195 490 1246 καὶ
517 1194 824 1265 πρόσφατον
854 1191 1143 1263 τετμηκὼς
1184 1192 1324 1263 πρὸς
1349 1195 1438 1246 τὸν
1480 1195 1611 1248 Θεὸν
1642 1197 1738 1265 (ρέ-

171 1303 396 1356 ρουσαν,
433 1287 497 1358 ἣν
519 1289 692 1349 οὐδεὶς
731 1286 839 1339 τῶν
877 1285 1156 1355 προτέρων
1185 1286 1371 1357 ἐξεῦρε
1390 1327 1403 1347 ,
1434 1287 1741 1340 τελευταῖον

169 1379 390 1443 ὲπάγει,
432 1379 507 1442 ὼς
555 1381 682 1450 παρ’
737 1376 907 1444 αὐτῆς
947 1375 1322 1447 δεδιδαγμένος
1350 1374 1443 1429 τοῦ
1476 1374 1609 1428 Θεοῦ
1643 1376 1742 1444 τῆς

168 1469 381 1534 ούσίας,
416 1471 514 1539 τὴν
549 1469 688 1522 κατά
715 1464 808 1517 τοῦ
838 1465 966 1518 Υίοῦ
997 1465 1360 1539 βλασφημίαν.

243 1645 402 1696 ΕΥΝ.
427 1646 545 1696 ’Ὁτι
578 1643 610 1711 ἡ
641 1642 738 1711 μὲν
769 1642 1020 1715 ἀνωτέρω
1059 1643 1330 1713 βασιλείας
1362 1644 1470 1712 (4⁸5)
1496 1645 1588 1697 καὶ
1619 1644 1745 1696 πάν-

167 1753 237 1808 τη
291 1736 558 1804 γενέσεως
607 1735 974 1800 ἀνεπίδεκτος,
1022 1735 1234 1796 τούτοις
1277 1734 1606 1788 παιδεύουσα
1645 1735 1743 1806 τὴν

172 1833 294 1900 μετ’
318 1831 528 1893 εύνοίας
570 1831 898 1903 προσιοῦσαν
932 1831 1188 1893 διάνοιαν,
1221 1829 1457 1882 ἀπωθεῖν
1494 1828 1568 1891 ὼς
1613 1832 1744 1902 πορ-

1840 654 2138 725 telligemus
2171 654 2194 705 ?
2222 653 2609 719 Quamcunque
2649 646 2809 713 igitur
2841 646 2892 697 in
2926 655 3246 712 unoquoque
3287 639 3407 694 illo-

1841 760 1960 799 rum
1995 743 2421 813 excogitaverint
2446 739 2730 801 rationem,
2763 750 2882 791 eam
2921 748 3132 803 quoque
3163 737 3226 790 de
3260 733 3412 802 inge-

1841 833 1936 887 niti
1966 829 2317 901 appellatione
2350 827 2640 897 accipiant.

1909 922 1997 977 50.
2040 920 2329 989 Postquam
2376 928 2554 974 autem
2606 917 2909 973 oralionem
2957 912 3208 967 manibus
3253 913 3406 983 nugis

1842 1013 2152 1082 complevit,
2183 1009 2452 1078 simulque
2479 1011 2739 1066 adversus
2770 1020 2976 1067 omnes.
3019 1011 3280 1074 quotquot
3310 1021 3408 1055 nn.

1841 1119 2000 1174 quam
2031 1102 2123 1158 Dei
2155 1100 2520 1169 cognitionem
2548 1100 2760 1168 assequi
2797 1099 3136 1159 studuerunt,
3162 1109 3278 1149 sese
3310 1109 3407 1147 ex-

1843 1197 1984 1259 tulit,
2017 1195 2169 1265 quasi
2209 1195 2322 1263 ipse
2345 1207 2535 1248 novam
2558 1192 2843 1261 quamdam
2875 1206 2936 1245 ac
2972 1198 3241 1245 recentem
3266 1188 3412 1243 viam

1843 1290 1908 1340 ad
1949 1289 2113 1342 Deum
2157 1287 2437 1339 ducentem
2466 1282 2766 1346 stravisset,
2794 1297 2952 1351 quam
2978 1295 3136 1337 nemo
3173 1294 3203 1331 e
3241 1279 3410 1349 majo-

1842 1377 1991 1430 ribus
2029 1377 2313 1439 invenerit,
2352 1385 2460 1428 tum
2500 1375 2745 1438 demum,
2784 1382 3039 1442 tanquam
3073 1376 3140 1429 ali
3172 1374 3285 1445 ipsa
3316 1374 3410 1429 Dei

1843 1466 2141 1519 substantia
2170 1468 2287 1522 ed0i
2309 1477 2412 1532 tus,
2455 1464 2595 1518 hanc
2631 1465 2683 1518 in
2708 1465 2900 1519 Filium
2933 1465 3137 1521 inducit
3161 1466 3413 1538 blaSphe-

1846 1557 2006 1610 iniam
2032 1574 2044 1609 :

1916 1649 2048 1704 Eua.
2077 1648 2385 1704 Substantia
2435 1649 2650 1720 quidem
2681 1663 2799 1717 qute
2829 1664 2991 1720 regno
3020 1652 3266 1720 superior
3302 1660 3407 1718 est,

1845 1755 2070 1811 quasque
2098 1739 2294 1794 nullam
2327 1744 2730 1811 generationem
2751 1743 3009 1806 admittit,
3040 1743 3123 1797 bis
3156 1743 3408 1797 erudiens

1849 1845 2081 1886 mentem
2113 1832 2372 1886 benevole
2394 1835 2770 1901 accedentem,
2802 1849 2921 1889 eam
2952 1836 3408 1903 comparationem

170 1924 398 1994 ῥωτάτω
428 1925 846 1997 παρακελεύεται
869 1924 1015 1993 νόμῳ
1050 1921 1260 1991 φύσεως
1273 1920 1371 1993 τὴν
1402 1920 1536 1994 πρὸς
1562 1921 1745 1991 ἕτερον
1779 1909 1821 1968 Β

1742 1935 1745 1958 ’
1779 1909 1821 1968 Β
1851 1943 1969 1998 quae
1995 1943 2114 1982 cum
2147 1927 2248 1982 alio
2283 1928 2360 1992 lit,
2395 1928 2508 2001 lege
2551 1939 2754 1988 naturae
2792 1947 2952 2003 quam
2984 1930 3295 2002 longissime
3322 1945 3404 1986 re-

170 2009 458 2082 σύγκρισιν
486 2013 617 2084 (Μ).

240 2100 389 2156 ΒΑΣ.
432 2099 578 2174 τΑρα
633 2103 753 2170 οὐχὶ
812 2101 995 2170 σαφῶς
1042 2103 1394 2166 ἐνδείκνυται,
1442 2103 1523 2155 ὅτι
1581 2102 1740 2164 αὐτὸς

168 2192 378 2264 ἠξιώθη
423 2195 520 2264 τῆς
548 2194 655 2246 τῶν
690 2195 1014 2266 ἀπορρήτων
1044 2193 1459 2262 ἀποκαλύψεως,
1508 2197 1623 2264 μετ’
1649 2195 1738 2245 εύ-

165 2288 320 2350 νοίας
363 2286 457 2357 τὴν
505 2286 739 2341 διάνοιαν
774 2286 1137 2360 προσαγαγὼν
1169 2286 1245 2357 τῷ
1279 2286 1430 2357 Θεῷ;
1484 2287 1595 2340 Καὶ
1653 2287 1739 2340 διά

165 2379 327 2434 τοῦτο
367 2380 663 2435 ἀπωθεῖται
715 2383 789 2445 ὡς
821 2381 1154 2455 πορρωτάτω
1194 2380 1282 2433 τὸν
1317 2379 1595 2450 Μονογενῆ
1643 2380 1740 2450 τῆς

165 2474 261 2525 τοῦ
295 2475 505 2544 Πατρὸς
558 2475 860 2536 κοινωνίας,
916 2473 1047 2543 μηδὲ
1100 2474 1179 2536 είς
1241 2471 1525 2543 σύγκρισιν
1579 2471 1738 2525 αὐτὸν

165 2563 338 2626 ἀξιῶν
374 2564 482 2635 (45)
519 2562 913 2633 παραδέχεσθαι
928 2580 943 2595 ο
978 2563 1111 2615 ἀλλά
1131 2563 1222 2614 καὶ
1245 2563 1391 2632 νόμῳ
1409 2563 1620 2631 φύσεως
1640 2564 1737 2636 τὴν

165 2655 262 2708 τοῦ
295 2655 631 2725 Μονογενοῦς
663 2657 847 2710 οὐσίαν
881 2655 988 2709 ἀπὸ
1020 2655 1118 2726 τῆς
1164 2653 1257 2707 τοῦ
1305 2656 1515 2725 Πατρὸς
1557 2657 1739 2727 διωρί-

169 2749 297 2804 σθαι
342 2750 493 2822 φησί.
539 2751 602 2803 Τί
644 2751 801 2804 τοῦτο
841 2749 1046 2817 λέγων;
1077 2749 1198 2800 Ὅτι
1238 2749 1265 2800 ὁ
1300 2747 1430 2811 Θεὸς
1467 2746 1573 2799 τῶν
1602 2748 1738 2801 ὅλων

163 2843 291 2895 οὐδὲ
314 2843 629 2914 βουλόμενος
667 2844 889 2898 ἐδύνατο
919 2843 1055 2914 πρὸς
1083 2840 1179 2913 τὴν
1208 2842 1306 2912 τῆς
1334 2841 1516 2905 οὐσίας
1541 2843 1737 2895 οἰκειόο

165 2951 309 3005 τητα
341 2935 429 2987 τὸν
487 2936 766 3004 Μονογενῆ
817 2934 1266 3004 παραδέξασθαι,
1325 2936 1473 3006 νόμῳ
1525 2933 1738 3002 φύσεως

166 3023 269 3092 τῆς
294 3023 583 3092 συναφείας
606 3024 704 3094 τῆς
737 3024 872 3094 πρὸς
900 3024 1062 3078 αὐτὸν
1091 3026 1484 3096 ἐξειργόμενος,
1519 3025 1618 3077 οὐκ
1640 3023 1732 3092 ὢν,

164 3116 240 3179 ὡς
301 3115 494 3179 ἔοικεν,
559 3117 716 3178 αὐτὸς
766 3117 959 3170 ἑαυτοῦ
1005 3117 1230 3190 κύριος,
1296 3117 1433 3171 ἀλλά
1481 3120 1591 3182 τοῖς
1638 3121 1736 3190 τῆς

165 3209 415 3279 ἀνάγκης
447 3209 594 3278 ὅροις
623 3209 1022 3280 ύπεζευγμένος
1049 3209 1180 3281 (46).
1215 3209 1451 3264 Τοιαῦτα
1485 3212 1594 3281 γάρ
1623 3213 1735 3263 ἐστι

165 3300 234 3352 τὰ.
260 3299 340 3371 τῷ
368 3301 469 3371 τῆς
498 3301 708 3370 φύσεως
737 3303 885 3371 νόμῳ
908 3302 1338 3373 κατειλημμένα,
1364 3302 1738 3372 ἀπροαιρέτως

165 3395 246 3457 είς
271 3393 333 3446 τὸ
356 3397 419 3466 τῇ
461 3393 618 3464 φύσει
644 3393 831 3446 δοκοῦν
857 3394 1195 3464 ὑπαγόμενα.
1246 3393 1330 3456 Ὠς
1358 3393 1466 3463 γὰρ
1500 3392 1576 3462 τῷ
1606 3393 1739 3465 πυρὶ

1843 2019 2050 2090 pellere
2069 2020 2236 2088 jubet.

1912 2112 2071 2185 267
2101 2111 2225 2165 Bas.
2245 2111 2433 2167 Annon
2463 2112 2636 2182 palam
2655 2113 2908 2176 ostendit,
2934 2116 3150 2184 dignum
3177 2130 3234 2170 se
3253 2114 3408 2169 liabi.

1845 2213 1952 2257 tum
1980 2204 2146 2259 fuisse
2169 2219 2491 2258 arcanorum
2512 2204 2861 2270 revelatione,
2892 2205 3048 2260 simul
3075 2217 3132 2260 ut
3154 2207 3409 2261 benevole

1843 2293 1951 2348 Deo
1981 2306 2214 2350 mentem
2242 2295 2489 2364 adjunxit
2509 2295 2531 2347 ?
2552 2296 2630 2350 0b
2649 2295 2807 2366 idque
2825 2296 3162 2368 Unigenitum
3179 2313 3207 2350 a
3230 2297 3408 2352 Patris

1841 2387 2212 2440 communione
2227 2389 2434 2454 repellit
2449 2403 2604 2458 quam
2623 2389 2953 2458 longissime.
2972 2406 3091 2445 cum
3106 2407 3171 2447 ne
3188 2390 3405 2462 dignum

1840 2475 2053 2545 quidem
2069 2492 2187 2530 eum
2202 2477 2492 2545 existimet,
2509 2481 2596 2550 qui
2613 2480 2677 2535 ad
2690 2495 2873 2551 compa
2882 2482 3139 2538 rationem
3153 2483 3408 2538 admitta-

1841 2579 1958 2634 tur;
1997 2569 2087 2622 sed
2121 2568 2237 2636 lege
2264 2570 2425 2622 etiam
2445 2579 2668 2635 naturae,
2688 2573 3041 2626 subs'antiam
3076 2572 3343 2643 Unigeniti
3373 2590 3405 2628 ι

1839 2661 2132 2716 substantia
2154 2660 2328 2715 Patris
2343 2671 2639 2731 separatam
2663 2676 2780 2716 esse
2797 2663 2958 2717 dicat.
2997 2661 3134 2729 Quid
3162 2663 3264 2718 sibi
3295 2664 3407 2718 vult

1840 2755 1962 2807 dum
1999 2756 2101 2808 lioc
2135 2753 2265 2808 dicit
2292 2754 2314 2807 ’ί
2343 2753 2494 2819 Quod
2541 2753 2678 2807 Deus
2726 2754 3121 2818 universorum,
3146 2769 3213 2808 ne
3239 2755 3284 2808 si
3313 2769 3407 2809 vo-

1840 2842 2026 2897 luisset
2049 2845 2286 2912 quidem,
2323 2843 2585 2913 pomisset
2614 2841 2958 2914 Unigenitum
2983 2843 3049 2898 ad
3084 2846 3405 2900 substantiae

1840 2935 2289 2990 necessitudinem
2345 2935 2650 3001 admittere,
2695 2951 2817 2991 eum
2865 2936 2968 2990 sibi
3026 2942 3140 3007 lege
3199 2947 3404 2992 natura:

1838 3025 2140 3095 prohibitus
2171 3026 2470 3092 admittere,
2505 3043 2650 3089 cum.
2685 3035 2743 3081 ut
2789 3028 2837 3082 ei
2869 3029 3098 3094 videtur,
3131 3031 3212 3084 sui
3238 3031 3405 3097 ipsius

1839 3133 1942 3172 non
1989 3127 2134 3172 esset
2163 3118 2427 3182 dominus,
2472 3119 2564 3173 sed
2601 3118 2938 3175 necessitatis
2980 3120 3228 3175 terminis
3272 3122 3401 3176 sub-

1833 3207 2028 3277 jectus.
2058 3207 2369 3280 Huiusmodi
2395 3208 2536 3262 enim
2566 3219 2710 3273 sunt,
2731 3223 2850 3278 quae
2879 3217 3084 3264 natura:
3112 3209 3226 3281 lege
3252 3225 3402 3265 corn-

1839 3299 2129 3369 prehensa,
2174 3299 2309 3354 citra
2344 3300 2671 3355 voluntatem
2711 3301 2774 3354 ad
2810 3301 2861 3355 id
2904 3302 3043 3371 quod
3087 3311 3291 3355 natura:
3319 3303 3402 3356 vi-

1836 3408 1953 3448 sum
1987 3393 2169 3458 fuerit,
2192 3395 2574 3464 perducuntur.
2599 3393 3058 3460 Quemadmodum
3089 3394 3230 3448 enim
3265 3395 3402 3465 ignis

165 3486 328 3553 φύσει
361 3487 420 3539 τὸ
452 3487 781 3558 θερμαίνειν,
832 3486 892 3539 οὐ
929 3485 1267 3557 προαιρέσει,
1302 3486 1395 3538 καὶ
1426 3485 1740 3554 ἀναγκαίως

1739 3507 1740 3511 η
1837 3499 2026 3542 natura
2058 3502 2163 3540 non
2205 3486 2478 3543 voluntate
2519 3485 2797 3550 calefacit,
2829 3495 2882 3540 et
2919 3489 3222 3540 necessari-0
3250 3485 3401 3556 frigi-

163 3578 514 3631 ἀνεπίδεκτόν
545 3582 657 3631 ἐστι
686 3580 784 3650 τῆς
834 3577 1191 3650 ψυχρότητος,
1245 3577 1322 3649 τῷ
1371 3578 1468 3648 τῆς
1524 3577 1737 3648 φύσεως

1835 3581 2058 3635 ditatem
2105 3580 2335 3648 respuit,
2371 3580 2487 3648 lege
2527 3590 2732 3632 naturae
2777 3578 3031 3633 societate
3073 3578 3188 3649 ejus
3220 3578 3401 3648 priva-

163 3669 316 3738 νόμῳ
331 3670 428 3739 τὴν
458 3670 592 3739 πρὸς
607 3671 738 3723 αὐτὸ
759 3671 868 3739 (47)
894 3670 1178 3722 κοινωνίαν
1203 3671 1387 3741 ἀφῃρη
1398 3669 1574 3740 μένον⁶
1599 3669 1740 3724 οὕτω

1739 3703 1740 3709 η
1833 3673 2064 3727 tus:sic
2107 3671 2220 3724 vult
2272 3671 2432 3723 Deum
2473 3678 2527 3724 et
2564 3670 2774 3724 Patrem
2805 3670 2919 3741 lege
2967 3680 3173 3724 naturae
3204 3671 3401 3726 habere

166 3760 416 3831 βούλεται
475 3762 568 3814 καὶ
617 3763 706 3815 τὸν
743 3761 874 3814 Θεὸν
925 3766 1020 3814 καὶ
1055 3763 1274 3832 Πατέρα
1330 3763 1477 3833 νόμῳ
1522 3763 1736 3832 φύσεως

162 3853 601 3924 ἢλλοτριωμένην
634 3854 777 3924 ἔχειν
807 3855 940 3924 πρὸς
968 3853 1058 3905 τὸν
1087 3853 1213 3905 Υἱὸν
1234 3855 1331 3925 τὴν
1359 3855 1565 3908 οὐσίαν.
1598 3855 1734 3908 Καί-

232 4076 355 4198 (42)
387 4078 522 4150 Editi
586 4075 899 4198 Ἐἐιπλήσας
938 4077 1031 4129 καὶ
1077 4077 1186 4130 τόν.
1219 4078 1287 4132 At
1319 4092 1447 4132 mss.
1493 4080 1729 4146 quinque

240 4166 324 4198 ιιπ
360 4149 495 4198 ήσας
523 4147 628 4198 δὲτ
663 4165 710 4198 ν.

175 4149 230 4202 Ἐ
238 4147 495 4218 μπλήσας
508 4147 710 4218 safety.

233 4215 518 4288 (MiEditi
573 4216 952 4288 Paris."0_ttﬂ
1005 4217 1102 4286 μὲν
1155 4216 1412 4288 ἀνωτέρω
1461 4215 1726 4288 βασιλεία.

164 4285 324 4344 Unde
361 4286 677 4350 interpres:
740 4285 949 4337 cmleste’
973 4285 1207 4352 regnum.
1263 4285 1440 4340 Editio
1495 4285 1626 4338 Ven.
1675 4298 1729 4338 et

161 4358 315 4426 Colh.
345 4371 464 4426 cum
498 4355 616 4409 aliis
648 4356 880 4424 quinque
917 4354 1096 4426 Regiis
1125 4356 1248 4407 Ὅτι
1283 4356 1315 4424 ἡ
1347 4355 1444 4426 μὲν
1468 4355 1726 4426 ἀνωτέρω

163 4425 475 4496 βασιλείας,
508 4434 560 4496 et
595 4427 668 4478 ita
704 4425 1140 4496 quoquelegitur
1190 4426 1240 4478 in
1281 4426 1395 4492 ipso
1417 4441 1590 4496 opere
1627 4425 1730 4477 Eu-

162 4493 350 4551 itomii.
381 4495 481 4560 Qui
521 4493 669 4550 locus
700 4505 757 4546 ut
789 4494 1138 4562 intelligatur,
1173 4510 1269 4548 vox
1304 4495 1464 4547 ούσία
1487 4497 1730 4562 supplen-

161 4569 228 4629 da
257 4575 360 4628 est,
402 4566 513 4635 _lioc
560 4565 716 4618 modo
755 4580 770 4617 :
816 4563 880 4614 Ἠ
910 4564 1005 4634 μὲν
1060 4565 1216 4618 οὐσία
1267 4565 1523 4635 ἀνωτέρω
1574 4565 1725 4635 βασι-

1841 3763 2068 3816 alienam
2093 3776 2121 3814 a
2152 3761 2288 3815 Filio
2319 3761 2690 3815 substantiam.
2722 3762 2836 3815 Jam
2863 3777 2985 3816 vero
3014 3771 3221 3816 natura:
3253 3760 3401 3829 leges

1845 3872 1948 3911 non
1981 3865 2218 3909 mutuam
2249 3855 2386 3908 inter
2417 3853 2629 3908 Patrem
2657 3865 2709 3909 et
2731 3851 2921 3908 Filium
2944 3854 3282 3918 distantiam,
3304 3853 3399 3908 sed

1824 4076 2329 4148 gabatEunomius.
2350 4073 2449 4126 Alii
2488 4089 2580 4126 sex
2606 4073 2724 4128 libri
2751 4081 2958 4148 veteres
2989 4071 3270 4148 emendate
3295 4070 3395 4144 τὴν

1824 4143 1960 4216 πρὸς
1981 4146 2164 4218 ἕτερον
2193 4144 2498 4218 σύγκρισιν,
2530 4145 2968 4218 comparationem
2999 4159 3113 4196 cum
3167 4143 3310 4218 alio;
3338 4143 3393 4196 et

1829 4213 1899 4268 ita
1933 4213 2148 4282 quoque
2187 4213 2358 4266 edidit
2406 4215 2564 4268 homo
2624 4214 2868 4267 doctrina
2911 4213 3387 4279 praestantissimus

1823 4283 1908 4340 .lo.
1929 4286 2180 4338 Albertus
2213 4282 2514 4337 Fabricius.

1900 4354 2010 4424 (45)
2048 4355 2113 4408 Ει
2142 4355 2230 4424 hic
2286 4367 2517 4424 quoque
2549 4351 2678 4424 Reg.
2706 4352 2949 4424 quintus
2977 4361 3032 4424 et
3065 4352 3205 4424 _editi
3263 4367 3389 4407 cor-

1825 4421 1981 4493 rupte
1994 4421 2136 4494 μηδὲ
2161 4422 2445 4493 σύγκρισιν
2463 4421 2846 4494 αύτῶνίάξιῶν.
2877 4422 3028 4477 Unde
3053 4421 3344 4494 Carnarius
3372 4437 3390 4477 :

1827 4491 1987 4562 neque
2006 4491 2454 4560 comparationem
2495 4494 2725 4561 ipsorum
2758 4492 3032 4544 admittere
3062 4492 3255 4544 volens.
3283 4491 3392 4548 Sed

1829 4564 1881 4616 in
1941 4565 2160 4632 reliquis
2208 4580 2300 4615 sex
2354 4579 2482 4616 mss.
2539 4563 2823 4617 emendate
2884 4562 3076 4628 legitur
3131 4563 3264 4632 μηδὲ
3312 4565 3394 4628 είς

160 4623 357 4700 λείας,’
389 4632 694 4706 substantia
743 4648 859 4704 qua:
893 4623 1062 4706 gregna
1092 4636 1330 4704 superior
1362 4623 1593 4706 estLhoc
1615 4649 1718 4699 ρει,
1754 4623 1797 4677 ο

1754 4623 1797 4677 Ῑ)
1826 4623 2108 4706 σύγκρισιν
2139 4634 2299 4687 αὑτὸν
2328 4632 2511 4706 ἀξιῶν,
2544 4649 2604 4684 ne
2661 4632 2729 4684 ad
2784 4623 3222 4699 comparationeiit
3274 4623 3391 4701 qui;

159 4705 456 4759 substantia
481 4719 597 4772 qua:
628 4703 943 4757 tramcendit
975 4706 1030 4756 id
1064 4703 1283 4772 tempus,
1323 4722 1424 4768 quo
1455 4704 1589 4758 Deus
1618 4723 1716 4759 εω-

161 4778 236 4843 pit
267 4774 557 4827 dominium
586 4775 638 4826 in
669 4784 936 4826 creaturas
966 4773 1192 4839 habere;
1237 4791 1343 4828 uno
1375 4775 1560 4838 verbo,
1592 4780 1717 4829 sub-

160 4845 358 4898 stantia
408 4855 624 4897 wterna.
678 4843 847 4908 Quam
905 4844 1223 4909 scripturam
1264 4859 1443 4896 veram
1493 4861 1612 4900 esse
1666 4855 1720 4898 et

161 4914 503 4967 emendatam
549 4912 704 4967 facile
736 4911 1008 4982 fatebitur,
1046 4913 1136 4982 qui
1171 4914 1328 4980 paulo
1353 4915 1610 4966 attentius
1653 4914 1721 4968 le-

163 4985 304 5054 gerit
336 4983 564 5054 illaqnae
595 4992 857 5054 prfectum,
891 4981 1075 5034 Basilii
1099 4983 1279 5054 verba,
1304 4983 1379 5044 ὠς
1406 4983 1720 5054 παράύτῆς

161 5051 532 5121 δεδιδαγμένος
579 5052 671 5105 τοῦ
729 5050 1016 5122 Θεοῦ-τῆς
1066 5052 1278 5114 οὐσίας,
1323 5055 1471 5120 quasi
1491 5050 1573 5105 ’σὺ
1607 5050 1721 5122 ipsa

162 5123 261 5175 Dei
289 5120 576 5176 substantia
604 5125 835 5176 edoctus.
871 5120 986 5192 Ιίοο
1015 5124 1128 5189 ipso
1173 5124 1222 5176 in
1257 5124 1374 5176 loco
1429 5123 1560 5188 editi
1605 5120 1722 5192 γεν-

161 5195 390 5264 νήσεως.
429 5192 646 5259 Antiqui
711 5193 828 5245 libri
867 5191 1134 5264 γενέσεως
1168 5192 1373 5264 :iqund
1412 5191 1720 5264 aurumque

163 5261 266 5315 dici
309 5275 463 5330 posse
511 5273 652 5330 puto,
691 5277 808 5315 cum
865 5261 1156 5316 allirmaret
1198 5262 1493 5316 Eunomius
1550 5261 1718 5318 Deum

163 5334 534 5386 universorum
570 5331 726 5384 talem
784 5346 901 5386 esse
944 5342 1154 5398 natura,
1181 5342 1238 5386 ut
1277 5346 1374 5387 nec
1428 5332 1568 5402 gigni
1621 5349 1720 5387 nec

163 5405 383 5472 gignere
414 5412 610 5471 posset.

231 5472 344 5545 (44)
381 5472 508 5540 Reg.
544 5472 762 5541 quintus
791 5483 846 5528 et
887 5473 1013 5528 editi
1040 5472 1137 5543 τὴν
1169 5472 1441 5545 προτέραν
1487 5471 1713 5541 σύγκρι-

163 5560 266 5597 σιν.
327 5541 592 5609 lnterpres
645 5541 1103 5611 comparationem
1135 5541 1358 5611 pri'oreni
1393 5557 1411 5595 .'
1444 5558 1607 5611 quam
1664 5553 1717 5596 et

163 5615 552 5679 scripturamet
578 5613 1073 5678 interpretationem
1099 5628 1273 5677 nemo,
1309 5613 1523 5679 opinor,
1557 5612 1715 5667 Immo

164 5683 426 5749 probabit.
463 5681 690 5745 Etenim,
751 5685 794 5736 si
846 5681 1010 5737 semel
1065 5684 1393 5752 reciperetur
1451 5681 1715 5749 ejusmodi

163 5755 446 5818 scriptura,
484 5763 575 5805 aut
623 5752 1024 5821 interpretatio,
1065 5751 1237 5820 palam
1297 5755 1420 5806 inde
1456 5765 1714 5820 sequere-

166 5830 249 5874 tur
279 5822 444 5875 Deuni
476 5824 845 5875 universorum
901 5822 1085 5876 saltem
1109 5823 1455 5889 posteriorem
1479 5822 1716 5890 aliquam

164 5891 614 5961 comparationem
669 5893 948 5947 admisisse
979 5909 992 5943 :
1020 5893 1162 5958 quod
1216 5905 1284 5947 ex
1319 5906 1472 5963 :equo
1519 5904 1712 5962 perne-

479 5989 743 6051 Parsos.
792 5990 905 6052 Gtt.
955 5987 1194 6050 XXIX.

1824 4706 1939 4758 dem
1966 4721 2081 4756 eum
2110 4706 2382 4756 admittere
2413 4705 2678 4771 dignatus.

1892 4774 2002 4842 (46)
2032 4774 2172 4826 Editi
2222 4785 2278 4842 et
2321 4773 2451 4837 Reg.
2473 4769 2485 4771 ἡ
2505 4773 2722 4838 quintus
2768 4769 3252 4841 ὑποζευγνύμενος.
3281 4773 3390 4827 Alii

1820 4859 1910 4899 sex
1948 4841 2075 4897 mss.
2108 4841 2536 4911 ὑπεζευγμένος.

1893 4913 2006 4981 (47)
2034 4913 2214 4967 Codex
2242 4912 2395 4966 Colb.
2419 4921 2473 4967 et
2502 4914 2629 4981 lteg.
2658 4913 2928 4966 secundus
2962 4913 3184 4980 perinde
3227 4922 3390 4980 atque

1821 4982 1950 5036 editi
1978 4981 2074 5052 τὴν
2097 4983 2232 5053 πρὸς
2255 4981 2403 5043 αὐτό,
2431 4992 2483 5036 et
2508 4982 2578 5035 ita
2629 4997 2842 5051 quoque
2865 5052 2868 5053 ν
2891 4981 3072 5036 habuit
3113 4985 3245 5053 Reg.
3283 4992 3393 5053 ter-

1825 5053 1929 5106 tius
1970 5052 2150 5121 prima
2183 5069 2365 5123 manu.
2407 5053 2509 5104 Alii
2546 5065 2656 5105 tres
2685 5068 2812 5105 mss.
2845 5052 2996 5122 Regii
3029 5052 3166 5123 πρὸς
3198 5052 3390 5123 αὐτὴν,

1820 5123 2139 5193 ψυχρότητα
2174 5122 2446 5176 videlicet.
2485 5124 2636 5187 Quod
2661 5125 2916 5190 optimum
2947 5139 3067 5177 esse
3106 5124 3295 5186 fateor,
3323 5122 3392 5177 εἰ

1823 5209 1910 5246 res
1947 5209 2013 5246 ex
2067 5193 2544 5260 grammaticorum
2581 5193 2778 5262 regulis
2803 5195 3123 5253 mstimetur,
3152 5208 3289 5262 cum
3322 5195 3392 5246 de

1823 5263 2116 5330 frigiditate
2167 5277 2470 5318 sermonem
2516 5261 2698 5316 haberi
2749 5272 2980 5316 conStet.
3035 5261 3162 5317 Mihi
3212 5274 3389 5314 tanien

1821 5333 2041 5386 dubium
2098 5349 2204 5386 non
2241 5341 2345 5392 est,
2371 5333 2496 5401 quin
2532 5333 2758 5386 Basilius
2812 5333 3094 5398 scripserit
3126 5331 3278 5393 αὐτὸ,
3332 5342 3392 5384 ιιι

1822 5402 2018 5455 vitaret
2047 5403 2474 5470 ambiguitatem,
2513 5418 2578 5455 ne
2603 5402 2851 5456 videlicet
2874 5406 2991 5456 dua:
3014 5403 3093 5457 ha:
3115 5417 3274 5457 voces
3294 5401 3394 5454 αὑ-

1821 5471 1916 5543 τὴν
1953 5473 2234 5525 κοινωνίαν
2266 5487 2294 5524 a
2327 5472 2704 5540 praepositione
2735 5471 2871 5540 πρός
2910 5474 3020 5543 regi
3051 5474 3388 5535 viderentur,

1821 5540 1936 5594 cum
1967 5543 2078 5610 ipsa
2100 5545 2366 5596 societate.
2408 5543 2484 5595 Ita
2519 5551 2692 5594 tamen
2746 5543 2887 5595 hunc
2910 5540 3082 5596 locum
3120 5543 3391 5609 interpreo

1823 5611 1925 5664 tari
1956 5613 2224 5682 convenit,
2262 5622 2318 5664 ut
2373 5611 2686 5680 suppleatur
2731 5613 2964 5682 πρᾶγμα
2985 5612 3087 5682 τῆς
3114 5611 3394 5682 ψυχρότη-

1821 5697 1930 5744 τος.
1960 5679 2074 5736 Non
2103 5683 2262 5752 liabet
2295 5679 2614 5752 societatem
2667 5679 2786 5735 cuni
2822 5679 3246 5752 re‘frigiditnti's,
3288 5679 3393 5752 huc

1821 5763 1924 5821 est,
1956 5767 2077 5806 cum
2102 5751 2418 5821 frigiditate.
2451 5750 2542 5805 Sic
2575 5753 2854 5817 Phaedrus,
2881 5750 3005 5806 cuni
3055 5753 3237 5808 cibum
3265 5751 3394 5806 sim.

1820 5819 2034 5943 pliciter
2091 5819 2396 5893 signiﬁcare
2445 5821 2633 5888 vellet,
2680 5823 2955 5893 eleganter
2998 5825 3260 5893 scripsit,
3312 5839 3392 5874 res

1821 5907 1865 5943 Ci
1907 5907 1946 5943 Ι.

1821 5907 1946 5946 οισι.

2924 5990 2997 6048 21
