4208 6512
225 490 331 547 ωδ

1320 488 1684 546 ADVERSUS
1722 487 2088 546 EUNOMIUM
2131 489 2258 547 LIB.
2302 490 2363 545 11.

3346 494 3451 552 ϐἆϐ

221 605 463 675 ἥκουσαν
516 600 589 670 τῷ
639 600 747 667 ἰδίῳ
793 598 1057 671 ἀξιώματι
1102 600 1237 651 νοεῖν
1277 600 1457 664 αὐτοῖς
1495 600 1592 671 τὴν
1640 602 1792 673 ὲνέρ-
1822 610 1867 665 Α

1788 633 1792 643 ι
1822 610 1867 665 Α
1898 605 1990 656 tati
2033 604 2259 672 propriae
2292 610 2707 657 consentaneam
2748 613 2888 664 esse,
2927 607 3087 670 atque
3124 605 3450 659 convenien-

223 713 399 764 γειαν.

299 787 443 838 ΒΑΣ.
477 784 644 838 Τοῦτο
680 784 890 856 εἴρηται
924 785 1019 855 μὲν
1057 782 1247 853 ἐκείνῳ
1276 782 1385 853 (50)
1416 784 1493 845 είς
1522 782 1789 847 ἀπόδειξιν

223 880 319 947 τῆς
350 876 749 945 ἀλλοτριώσεως
777 875 867 928 τοῦ
895 873 1227 942 Μονογενοῦς
1262 874 1397 945 πρὸς
1420 874 1509 928 τὸν
1539 875 1784 945 Πατέρα·

227 969 503 1036 συνίστησι
535 967 588 1018 δὲ
638 967 727 1019 τὸν
778 965 1038 1036 ἡμέτερον
1067 965 1239 1033 λόγον.
1268 965 1330 1017 Ei
1364 965 1469 1033 γὰρ
1502 965 1789 1017 ἀκόλουθον

222 1060 315 1111 καὶ
338 1059 712 1128 προσήκουσαν
734 1057 809 1127 τῷ
841 1057 953 1127 ἰδίῳ
985 1054 1252 1125 ἀξιώματι
1282 1056 1504 1126 παρέχει
1532 1060 1668 1109 νοεῖν
1696 1056 1787 1109 καὶ

216 1151 319 1221 τὴν
368 1149 645 1219 ἐνέργειαν
687 1150 719 1218 ἡ
764 1147 855 1201 τοῦ
887 1147 1019 1200 Θεοῦ
1047 1149 1200 1200 οὐσία
1221 1188 1235 1211 ,
1275 1148 1491 1217 ἀξίωμα
1519 1148 1615 1217 μέν
1645 1149 1789 1201 ἐστιν

218 1244 259 1309 ἡ
292 1242 654 1310 ἀγεννησία,
694 1240 767 1303 ὡς
793 1240 1043 1312 Εὐνομίῳ
1088 1241 1264 1293 δοκεῖ·
1310 1239 1370 1292 τὸ
1413 1240 1469 1292 δὲ
1504 1240 1633 1293 αὐτὸ
1678 1240 1787 1309 (51)

218 1333 315 1387 καὶ
366 1333 519 1385 οὐσία
556 1331 693 1383 κατὰ
735 1332 824 1384 τὸν
869 1331 1069 1385 τούτων
1118 1332 1291 1400 λόγον,
1325 1332 1572 1401 ἐνέργεια
1602 1332 1656 1385 δὲ
1696 1333 1787 1385 τοῦ

218 1424 355 1477 Θεοῦ
382 1427 408 1476 ὁ
428 1423 755 1491 Μονογενὴς,
779 1424 811 1492 ἦ
833 1423 1114 1493 ἐνεργείας
1145 1424 1323 1477 εἰκών.
1345 1425 1451 1477 Καὶ
1466 1424 1622 1477 τοῦτο
1653 1424 1790 1477 κατὰ

218 1516 309 1567 τὸν
362 1512 565 1566 τούτων
608 1514 800 1582 λόγον⁹
858 1513 996 1567 ὥστε
1046 1514 1253 1577 τούτοις
1299 1516 1597 1583 ἀντιλέγειν
1645 1534 1786 1586 ἰ’τσιρ⁸

227 1603 382 1654 ἐλκον
414 1603 477 1655 ἂν
503 1602 584 1673 εἴη
607 1643 622 1665 ,
656 1604 805 1656 οὐδὲν
832 1604 1040 1673 ἔχουσιν
1069 1604 1198 1672 (52).
1230 1605 1297 1655 Ἣ
1318 1604 1507 1658 πολλοῦ
1541 1604 1603 1656 ἂν
1629 1622 1788 1674 τιμη-

221 1692 423 1762 σαίμην
457 1694 735 1765 ἀρνεῖσθαι
766 1696 957 1757 αὐτοὺς
983 1695 1327 1763 βλασφημίαν
1357 1695 1557 1765 ταύτην
1578 1712 1592 1725 ο
1627 1696 1784 1764 πλὴν,

218 1785 513 1857 ἐπειδήπερ
538 1788 851 1858 εἰρήκασιν,
886 1787 943 1851 ἐξ
977 1788 1153 1840 αὐτῶν
1188 1788 1294 1839 τῶν
1322 1787 1529 1850 τούτοις
1566 1787 1789 1858 εἰρημέ-

216 1894 326 1928 νων
360 1876 796 1947 συλλογισώμεθα
816 1918 829 1942 ,
861 1878 943 1929 ὅτι
973 1878 1051 1939 είς
1080 1876 1293 1947 ἀξίωμα
1326 1878 1421 1945 μὲν
1454 1877 1547 1929 τοῦ
1580 1877 1714 1930 Θεοῦ
1747 1879 1785 1946 ἡ

1894 702 2019 745 tem.

1960 783 2085 837 Bas.
2110 782 2219 836 Hoc
2248 782 2464 851 quidem
2506 781 2572 836 ab
2611 794 2675 834 eo
2703 780 2901 835 dictum
2933 791 3037 845 est,
3087 790 3144 836 ut
3195 782 3451 855 Unigeui-

1894 884 2003 927 tum
2032 890 2059 927 a
2097 874 2255 929 Patre
2284 874 2516 927 alienum
2547 872 2792 927 ostendat
2820 888 2834 931 ι
2868 880 2922 924 at
2967 883 3207 927 nostrum
3245 889 3450 929 sermo-

1892 982 2012 1021 nem
2056 966 2360 1020 coulirmat.
2397 963 2608 1017 Etenim
2643 964 2688 1017 si
2736 962 2833 1017 Dei
2870 963 3166 1019 substantia
3198 965 3300 1021 hoc
3334 966 3449 1027 dat,

1893 1067 1949 1110 ut
1981 1056 2355 1125 operationem
2384 1054 2749 1123 intelligamus
2793 1066 3215 1109 consentaneam
3254 1070 3451 1110 conve-

1892 1149 2237 1216 nientemque
2269 1162 2379 1202 suae
2403 1145 2669 1216 dignitati,
2711 1144 2947 1214 dignitas
2976 1146 3222 1215 quaedam
3252 1155 3338 1202 est
3367 1149 3450 1201 in-

1890 1242 2143 1310 genitum,
2185 1249 2242 1293 ut
2276 1238 2538 1294 Eunomio
2576 1237 2812 1301 videtur,
2865 1251 3053 1291 rursus
3091 1238 3143 1292 id
3173 1238 3346 1307 ipsum
3394 1250 3451 1294 et

1891 1332 2187 1387 substantia
2236 1340 2317 1384 est
2356 1345 2422 1384 ex
2452 1330 2639 1383 horum
2686 1331 2973 1395 sententia,
3005 1327 3321 1399 Unigenitus
3348 1346 3447 1383 au-

1890 1432 1995 1476 tem
2027 1422 2268 1490 operatio
2290 1430 2372 1474 est
2406 1419 2520 1484 Dei,
2558 1428 2649 1473 aut
2677 1419 3013 1487 operationis
3044 1419 3248 1489 imago;
3289 1420 3447 1490 idque

1890 1529 1955 1567 ex
1989 1514 2177 1566 horum
2204 1514 2444 1567 doctrina
2483 1528 2497 1564 :
2535 1526 2703 1579 quare
2744 1512 2825 1566 his
2862 1512 3233 1567 contradicere
3263 1528 3451 1583 Sive-:-

1891 1602 2051 1655 ﬂmnn
2086 1604 2269 1665 tuerit,
2302 1618 2424 1656 cum
2462 1602 2595 1655 nihil
2627 1601 2852 1655 habeant
2882 1602 3024 1671 quod
3066 1602 3219 1658 nobis
3254 1604 3449 1658 adver-

1890 1707 2057 1748 setur.
2114 1695 2455 1764 (heteroquin
2516 1708 2610 1749 eos
2668 1692 2900 1748 facerem
2958 1693 3198 1763 plurimi,
3233 1696 3278 1750 si
3308 1697 3448 1751 hanc

1890 1786 2278 1856 blasphemiam
2336 1788 2713 1856 abnegarent:
2771 1785 3025 1856 quoniam
3074 1796 3251 1841 tamen
3295 1789 3448 1843 dixe-

1890 1886 2034 1940 runt,
2086 1894 2152 1931 ex
2206 1878 2336 1946 ipsis
2385 1892 2570 1930 eorum
2611 1876 2769 1931 dictis
2810 1876 3146 1946 colligamus,
3186 1878 3348 1946 quod,
3401 1880 3444 1933 si

217 1966 549 2035 ἀγεννησία
577 1968 716 2037 (55),
752 1972 811 2019 τὸ
843 1968 897 2020 δὲ
924 1968 1053 2021 αὐτὸ
1082 1969 1173 2021 κα)⁸
1198 1970 1353 2021 οὐσία
1373 2012 1385 2031 ,
1416 1968 1701 2033 ἀκόλουθος
1731 1970 1785 2022 δὲ
1818 1962 1858 2017 Β

1780 1989 1785 2020 ;
1818 1962 1858 2017 Β
1886 1969 2127 2037 quaedam
2148 1968 2242 2022 Dei
2281 1967 2514 2038 dignitas
2536 1978 2619 2021 est
2641 1968 2948 2037 ingenitum,
2973 1968 3022 2022 id
3052 1978 3228 2022 autem
3269 1968 3442 2038 ipsum

217 2059 314 2109 καὶ
343 2058 687 2127 προσήκουσα
707 2056 784 2127 τῷ
826 2057 1093 2129 ἀξιώματι
1125 2059 1216 2112 τοῦ
1267 2058 1398 2113 Θεοῦ
1450 2063 1480 2130 η
1517 2060 1782 2132 ἐνέργεια,

214 2148 357 2217 αὕτη
386 2149 441 2201 δέ
484 2151 627 2201 ἐστιν
650 2150 677 2202 ὁ
711 2153 938 2222 Χριστὸς
970 2152 1109 2205 κατὰ
1140 2152 1237 2223 τὴν
1272 2152 1472 2207 τούτων
1499 2154 1781 2223 ὑπόληψιν,

215 2244 417 2306 οἰκεῖος
447 2243 553 2312 ἄρα
597 2244 689 2296 καὶ
722 2246 1009 2315 προσήκων
1034 2246 1098 2314 τῇ
1133 2244 1286 2315 οὐσίᾳ
1328 2244 1477 2296 ἔσται
1502 2245 1593 2296 τοῦ
1628 2244 1780 2297 Θεοῦ.

222 2335 329 2386 Καὶ
372 2334 571 2387 τούτων
596 2334 744 2387 οὐδέν
771 2338 914 2388 ἐστιν
942 2335 1222 2405 ἡμέτερον.
1263 2336 1408 2388 acea
1442 2335 1547 2406 γὰρ
1573 2335 1639 2388 τὰ
1666 2336 1785 2389 τού-

217 2442 327 2476 των
360 2424 641 2487 συνθέντες
672 2427 909 2495 ῥήματα,
952 2428 1033 2477 ἐπ’
1080 2426 1256 2477 αὐτῶν
1277 2424 1372 2495 τὴν
1406 2425 1569 2489 δεῖξιν
1602 2428 1783 2479 ποιού-

221 2515 382 2583 μεθα.
407 2516 482 2585 Τῇ
508 2516 679 2586 οὐσίᾳ,
707 2518 858 2585 φησὶ,
884 2516 973 2569 τοῦ
999 2516 1131 2568 Θεοῦ
1156 2515 1433 2569 ἀκολουθεί
1456 2516 1512 2569 τὸ
1534 2515 1749 2588 ἀξίωμα
1770 2536 1781 2548 ·

215 2603 296 2674 τῷ
321 2602 587 2673 ἀξιώματι
608 2605 938 2671 ἀναλογοῦσά
966 2607 1108 2657 ἐστιν
1143 2607 1174 2673 ἡ
1209 2605 1484 2677 ἐνέργεια·
1519 2608 1615 2677 τῆς
1638 2610 1786 2679 ἐνερ-

216 2697 374 2764 γείας
424 2695 583 2747 εἰκὼν
634 2698 662 2745 ὁ
706 2696 1041 2765 ΙνῘονογενής⁸
1083 2696 1177 2748 καὶ
1231 2698 1520 2763 ἀνάπαλιν,
1588 2700 1635 2751 εί
1688 2701 1785 2769 τῆς

220 2787 321 2857 μὲν
352 2786 460 2853 (54)
492 2785 769 2855 ἐνεργείας
797 2788 823 2837 ὁ
856 2786 1160 2858 Μονογενὴς
1189 2788 1422 2857 εἰκὼν,ή
1460 2790 1514 2841 δὲ
1542 2791 1784 2861 ἐνέργεια

217 2876 312 2929 τοῦ
361 2873 684 2944 ἀξιώματος,
736 2876 795 2928 τὸ
846 2876 901 2929 δὲ
956 2876 1170 2947 ἀξίωμα
1216 2882 1313 2949 τῆς
1357 2880 1561 2943 οὐσίας,
1621 2883 1785 2934 ὁΜο-

216 2966 443 3034 νογενὴς
473 2965 622 3018 ἔσται
651 2966 746 3037 τῆς
775 2967 959 3029 οὐσίας
984 2967 1163 3021 εἰκών.
1186 2968 1337 3021 Οὕτω
1363 2972 1453 3023 καὶ
1481 2971 1630 3023 αὐτοὶ
1660 2971 1784 3022 πολ-

217 3060 376 3121 λάκις
415 3060 462 3111 οἱ
502 3060 727 3131 ἐργάται
776 3058 868 3112 τοῦ
923 3060 1168 3129 ψεύδους,
1221 3061 1321 3111 ὐπὸ
1362 3062 1460 3129 τῆς
1509 3062 1785 3131 ἐνεργείας

217 3152 507 3221 ἀγχόμενοι
527 3191 541 3213 ,
576 3151 908 3221 μαρτυροῦσι
951 3154 1013 3220 τῇ
1048 3149 1272 3220 ἀληθείᾳ
1301 3153 1392 3203 καὶ
1421 3152 1494 3221 μὴ
1526 3152 1781 3222 βουλόμε-

216 3261 319 3295 νοι.
367 3244 523 3295 Ἐπεὶ
547 3244 638 3294 καὶ
665 3244 711 3293 οἱ
734 3242 981 3310 δαίμονες
1004 3243 1119 3311 οὐχὶ
1146 3242 1538 3310 ετὸαγγελιστῶν
1569 3245 1780 3298 ἐποίουν

1888 2061 2184 2117 substantia
2221 2075 2435 2131 quoque
2458 2068 2562 2123 est,
2586 2068 2950 2114 consentanea
2980 2075 3107 2115 vero
3133 2071 3216 2115 est
3248 2070 3300 2115 et
3316 2076 3446 2115 conc

1889 2154 2108 2207 veniens
2140 2154 2232 2206 Dei
2274 2152 2523 2221 dignitati
2562 2152 2801 2219 operatio
2823 2149 2958 2218 ejus,
3000 2152 3112 2207 haec
3161 2162 3337 2208 autem
3365 2164 3447 2208 est

1888 2240 2132 2294 Christus
2156 2255 2218 2294 ex
2258 2240 2448 2294 horum
2486 2240 2777 2305 sententia,
2822 2242 3143 2311 coniunctus
3189 2244 3355 2313 igitur
3382 2260 3445 2297 ac

1887 2332 2209 2384 conveniens
2236 2332 2337 2383 erit
2368 2330 2685 2384 substantiae
2712 2332 2823 2385 Dei.
2850 2335 3025 2400 Atque
3078 2334 3269 2388 horum
3306 2337 3437 2390 nihil

1888 2429 2131 2476 nostrum
2159 2430 2259 2476 est.
2282 2421 2399 2491 Ipsa
2424 2422 2567 2475 enim
2601 2423 2822 2477 istorum
2850 2425 3007 2479 verba
3038 2439 3445 2493 componentes,

1887 2529 1951 2568 ex
1982 2514 2173 2568 iisdem
2231 2515 2742 2569 demonstrationem
2792 2516 3147 2571 contesiiuus.
3185 2516 3447 2571 Snbstan-

1890 2604 2041 2667 tiam,
2064 2603 2255 2670 inquit,
2294 2604 2539 2671 sequitur
2570 2603 2661 2656 Dei
2695 2602 2925 2671 dignitas
2958 2622 2971 2657 :
3022 2606 3181 2660 habet
3212 2621 3441 2675 propor-

1887 2695 2086 2747 tionem
2120 2696 2364 2762 operatio
2393 2709 2515 2749 cum
2543 2694 2804 2764 dignitate
2834 2713 2847 2747 :
2888 2698 3215 2764 operationis
3264 2699 3442 2770 imago

1884 2796 1967 2840 est
2006 2784 2323 2855 Unigeuitus
2358 2804 2372 2840 :
2404 2795 2455 2839 et
2482 2786 2599 2839 vice
2630 2800 2807 2850 versa,
2835 2787 2877 2840 si
2904 2784 3225 2857 Unigenitus
3257 2791 3434 2862 imago

1886 2889 1970 2930 est
2003 2877 2366 2945 operationis:
2404 2876 2646 2944 operatio
2672 2890 2817 2941 vero,
2850 2875 3124 2946 dignitatis
3156 2896 3173 2932 :
3204 2879 3439 2949 dignitas

1886 2975 2085 3032 autem,
2110 2966 2441 3030 substantiaz,
2478 2966 2793 3037 Unigenitus
2819 2969 3133 3023 substantia:
3169 2974 3271 3025 erit
3302 2971 3439 3026 ima-

1884 3072 1970 3126 go.
2000 3058 2091 3112 Sic
2115 3071 2255 3126 saepe
2284 3065 2338 3111 et
2360 3058 2458 3128 ipsi
2492 3061 2756 3114 mendacii
2787 3058 3089 3127 architecti,
3114 3076 3291 3117 rerum
3313 3079 3439 3133 per-

1885 3148 2168 3216 spicuitate
2201 3151 2395 3215 coacti,
2431 3149 2511 3203 vel
2537 3150 2685 3203 inviti
2717 3154 2998 3206 veritatem
3019 3154 3324 3210 testimonio
3340 3171 3441 3211 suo

1884 3243 2253 3307 comprobant.
2274 3240 2437 3311 269
2452 3240 2582 3294 Nam
2608 3249 2663 3294 et
2684 3243 2950 3297 damones
2965 3258 3068 3297 non
3086 3246 3438 3314 evangelista-

214 3331 398 3402 ἔργον,
432 3329 543 3382 ἀλλ’
582 3303 918 3382 emaciet»;
963 3331 1037 3401 μὴ
1070 3303 1364 3402 ’δυνάμενοι
1409 3334 1485 3403 τῷ
1521 3336 1618 3403 τῆς
1648 3334 1776 3404 ἁλη-
1808 3303 1852 3362 C

1773 3367 1776 3374 ι
1808 3303 1852 3362 C
1881 3347 1996 3384 rum
2022 3329 2283 3386 faciebant
2309 3347 2442 3399 opus
2472 3349 2486 3383 :
2514 3332 2605 3385 sed
2640 3341 2815 3387 tamen
2838 3348 2959 3388 cum
2991 3336 3231 3391 veritatis
3265 3335 3435 3393 lucem

216 3424 368 3485 Θείας
402 3421 556 3490 φωτὶ,
581 3421 746 3475 ἐϐόων
766 3439 778 3451 ⁸
808 3422 1066 3492 Οἶδαμέν
1096 3440 1167 3476 σε
1193 3425 1282 3490 τίς
1310 3420 1381 3489 εἴ,
1409 3428 1440 3478 ὀ
1476 3425 1639 3491 ἄνιος
1674 3426 1778 3478 τοῦ

217 3512 387 3566 Θεοῦ.

286 3600 375 3653 52.
413 3600 636 3671 Ἴδωμεν
659 3602 716 3655 δὲ
745 3602 835 3654 καὶ
866 3602 933 3653 τὰ
962 3601 1244 3657 ἀκόλουθα.

288 3691 447 3745 ΕΥΝ.
478 3693 601 3745 Εἴτε
637 3694 773 3764 γὰρ,
800 3693 990 3764 φησὶν,
1034 3695 1098 3746 ἐκ
1139 3693 1245 3747 τῶν
1285 3695 1781 3767 δημιουργημάτων

216 3784 587 3855 σκοωύμενὸς
608 3803 708 3849 τις,
740 3787 802 3838 ὲκ
822 3785 1022 3839 τούτων
1044 3787 1137 3839 ἐπὶ
1155 3786 1253 3850 τὰς
1283 3787 1469 3849 οὐσίας
1507 3790 1760 3856 ἀνάγοιτο

286 3921 335 3953 ⁸⁸
370 3920 529 3974 Marc.
570 3937 605 3984 ι,
632 3919 721 3974 24.

290 4079 403 4148 (50)
428 4079 568 4133 Editi
589 4081 667 4142 εἰς
701 4074 971 4141 ἀπόδειξιν
995 4078 1205 4147 ἐκείνῳ.
1230 4078 1297 4130 At
1322 4093 1449 4132 mss.
1479 4077 1669 4149 ὲκείνῳ
1696 4080 1774 4141 εἰς

211 4149 510 4213 ἀπόδειξιν.

289 4219 401 4284 (51)
431 4217 570 4272 Editi
604 4218 664 4269 τὸ
691 4218 747 4270 δὲ
784 4217 915 4271 αὐτὸ
938 4216 1112 4270 τοῦτο.
1155 4216 1267 4270 Vox
1298 4216 1452 4269 τοῦτο
1497 4217 1548 4269 in
1577 4216 1774 4270 codici-

212 4288 319 4358 bus
346 4286 737 4358 antiquioribus
766 4290 933 4344 deest.
966 4287 1162 4342 Ibidem
1196 4288 1329 4358 Reg.
1371 4296 1596 4355 quartus
1634 4286 1773 4338 κατὰ

212 4357 303 4411 τὸν
335 4356 521 4413 τούτου
550 4356 723 4425 λόγον.

288 4428 403 4496 (52)
427 4429 522 4483 Hic
551 4428 698 4482 locus
729 4426 872 4479 visus
898 4436 980 4480 est
1010 4427 1211 4482 homini
1241 4426 1551 4481 doctissimo
1576 4425 1770 4481 Ducam

216 4500 441 4554 mutilus
495 4508 547 4553 et
600 4496 905 4550 mendosus.
980 4498 1083 4550 Sed
1148 4505 1366 4564 praestat
1428 4496 1544 4563 ejus
1606 4498 1767 4549 verba

215 4570 509 4631 ascribere,
529 4584 645 4636 quae
678 4568 788 4619 haec
805 4573 928 4619 sunt
960 4582 972 4617 :
1005 4565 1172 4618 Locus
1210 4578 1281 4618 est
1312 4567 1365 4617 in
1396 4564 1574 4636 Graeco
1603 4570 1761 4618 muti-

214 4636 321 4696 lus,
355 4653 443 4690 nec
477 4634 684 4690 adeum
699 4636 988 4688 sanandum
1009 4637 1134 4690 satis
1161 4635 1371 4703 adjuvat
1408 4634 1533 4701 Reg.
1570 4653 1665 4688 ms.
1708 4640 1761 4689 in

213 4721 319 4773 quo
350 4708 480 4772 lego,
500 4707 573 4770 ὥς
608 4722 671 4774 γε
710 4705 917 4768 τούτοις
949 4705 1245 4775 ἀντιλέγεις
1276 4704 1373 4755 οὐκ
1399 4704 1628 4773 ἔχουσιν,
1655 4717 1758 4761 etc.

216 4775 412 4845 Fateor
436 4778 645 4842 quidem
676 4776 816 4828 hunc
854 4775 1027 4829 locum
1065 4777 1306 4845 mutilum
1340 4790 1459 4845 esse
1492 4776 1540 4825 in
1585 4774 1760 4845 Regiis

218 4844 392 4897 tribus
425 4860 552 4899 mss.
579 4845 796 4913 perinde
826 4849 1061 4910 atquein
1093 4848 1226 4899 libro
1264 4844 1437 4897 Ducmi
1473 4858 1485 4893 :
1518 4847 1609 4898 sed
1644 4844 1760 4899 dico

212 4929 339 4967 eum
392 4914 517 4965 mihi
578 4916 841 4984 integrum
868 4924 921 4967 et
949 4918 1285 4969 emendatum
1330 4913 1495 4966 videri
1552 4917 1601 4984 in
1643 4918 1759 4969 aliis

215 4985 426 5054 duobus
458 4998 584 5037 mss.
639 4983 830 5054 Regiis
853 4994 907 5039 et
933 4985 985 5037 in
1017 4992 1244 5054 utraque
1270 4984 1503 5054 editione
1541 4983 1673 5037 Ven.
1707 4996 1761 5038 et

214 5051 392 5108 Paris.
422 5062 475 5108 et
504 5054 556 5107 in
582 5051 767 5107 codice
796 5052 1100 5108 Colbertiuo
1125 5051 1225 5105 :in
1273 5052 1465 5121 quibus
1510 5057 1759 5109 omnibus

215 5122 410 5193 legitur
438 5125 528 5187 ita,
563 5132 621 5175 ut
652 5123 703 5173 in
744 5134 999 5193 contextu
1040 5122 1220 5193 videre
1248 5124 1392 5177 licet.
1424 5122 1556 5177 Puto
1597 5125 1759 5193 igitur

214 5191 469 5245 Basilium
511 5192 875 5257 ὲλλειπτικῶς,
909 5203 965 5246 ut
995 5207 1132 5261 saepe
1164 5190 1312 5254 alias,
1355 5194 1585 5247 locutum
1618 5190 1754 5256 esse,

213 5264 297 5314 sic
334 5271 390 5314 ut
421 5273 540 5330 post
567 5262 713 5316 οὐδέν
763 5276 865 5315 vox
912 5263 1168 5327 ἐναντίον,
1200 5272 1291 5314 aut
1315 5261 1417 5330 alia
1446 5264 1644 5330 quasvis
1679 5266 1756 5316 si-

212 5331 358 5384 milis
395 5335 768 5396 subaudiatur,
792 5334 930 5399 quod
972 5333 1045 5387 ita
1078 5329 1550 5399 interpretabimur
1577 5351 1589 5385 :
1621 5332 1756 5385 Cum

213 5401 346 5453 nihil
373 5402 590 5471 habeant
617 5401 753 5471 quod
785 5402 928 5471 nobis
963 5404 1263 5455 adversetur
1298 5416 1316 5453 :
1344 5409 1437 5452 aut
1470 5403 1514 5453 si
1567 5402 1752 5463 mavis,

211 5485 330 5522 cum
367 5470 494 5522 nihil
522 5470 740 5524 habeant
770 5470 904 5539 quod
932 5474 1074 5525 nobis
1106 5485 1359 5540 apponere
1400 5471 1614 5540 possint.
1646 5471 1755 5525 Nec

210 5554 402 5605 parum
454 5540 587 5592 hanc
636 5538 993 5606 conjecturam
1060 5538 1295 5607 adjuvat,
1341 5541 1479 5608 quod
1528 5538 1753 5595 Basilius

210 5608 370 5674 paulo
404 5619 527 5661 ante
577 5611 646 5662 ita
686 5611 958 5676 scripserit
995 5630 1007 5664 :
1040 5608 1151 5661 Hoc
1198 5608 1463 5677 (Eunomii
1510 5611 1752 5664 testimo-

211 5679 383 5747 nium)
414 5693 695 5747 sermonem
734 5690 964 5731 nostrum
1013 5678 1309 5744 conﬁrmat.
1361 5680 1427 5732 Et
1482 5678 1753 5747 aliquanto

212 5746 351 5797 infra
386 5762 399 5796 :
434 5743 519 5796 Sic
542 5764 676 5815 saepe
724 5756 771 5799 et
811 5750 909 5814 ipsi
959 5743 1216 5801 mendacii
1261 5750 1548 5811 architecti,
1570 5743 1751 5800 rerum

208 5817 575 5882 perspicuitate
618 5818 809 5879 adacti,
858 5819 931 5870 vel
965 5818 1115 5870 inviti
1154 5819 1421 5870 veritatem
1459 5819 1749 5871 testimonio

209 5899 302 5939 suo
339 5886 689 5954 comprobant.
720 5888 865 5953 Quod
893 5888 1027 5944 idem
1061 5896 1141 5943 est
1167 5902 1228 5943 ac
1258 5887 1302 5941 si
1337 5887 1535 5943 diceret
1569 5886 1747 5942 :Tan-

1877 3424 2072 3478 intueri
2106 3440 2207 3477 non
2239 3424 2795 3493 possent,clamabant
2820 3448 2831 3481 :
2854 3424 3105 3481 Norimus
3129 3440 3176 3481 te
3196 3430 3310 3495 quis
3340 3431 3412 3485 sis

1879 3517 2129 3567 nimirum
2156 3515 2245 3569 ille
2275 3525 2487 3568 sanctus
2522 3514 2616 3567 Dei
2644 3515 2713 3568 ".

1950 3605 2038 3659 52.
2071 3604 2175 3658 Sed
2200 3606 2472 3658 videamus
2508 3613 2564 3657 et
2608 3606 2909 3673 sequentia.

1950 3698 2087 3753 Eun.
2121 3696 2175 3752 Si
2208 3698 2331 3767 quis
2353 3698 2517 3761 enim,
2546 3697 2739 3767 inquit,
2773 3714 2885 3753 rem
2914 3715 2978 3755 es
3012 3711 3277 3757 creaturis
3301 3718 3435 3759 con-

1880 3792 2147 3857 sidereus,
2209 3806 2312 3860 ope
2343 3792 2533 3844 harum
2587 3789 2653 3844 ad
2703 3790 3036 3849 substantias
3062 3797 3383 3863 perducatur
3411 3834 3428 3863 ,

1873 4076 2181 4155 tum_ahe_st,
2206 4089 2275 4155 ut_
2298 4079 2613 4134 Eunomiam
2656 4083 2945 4155 quicquam
2979 4100 3119 4140 nunc
3149 4088 3425 4155 proteram

1869 4149 2007 4214 quod
2030 4149 2185 4201 nobis
2212 4152 2543 4215 adversetur,
2575 4149 2819 4207 nte—tiam
2837 4149 3161 4209 sententiam
3180 4168 3419 4213 nostram

1869 4217 2207 4292 confirment,
2236 4235 2464 4289 eamque
2492 4224 2559 4276 ob
2590 4236 2763 4276 rerum
2801 4225 3232 4292 perspicuitatem
3270 4230 3420 4280 testi-

1872 4288 2053 4360 monio
2082 4304 2180 4342 suo
2205 4288 2443 4345 stabilire
2462 4302 2738 4358 cogantur.
2769 4288 3214 4360 Quod'sequitur,
3234 4295 3266 4360 ἢ
3295 4297 3424 4350 πολ-

1868 4355 1959 4430 λοῦ
1994 4357 2078 4430 ἄν,
2106 4369 2235 4430 εις..
2260 4355 2571 4427 ca’teroquin
2595 4374 2680 4411 eos
2702 4355 2923 4427 facerem
2948 4355 3184 4430 plu—rimi,
3213 4355 3266 4419 si
3289 4366 3425 4423 hanc

1869 4427 2240 4505 blasphemiam
2274 4430 2606 4505 abnegarent,
2635 4444 2738 4481 non
2761 4432 2830 4505 ita
2858 4427 3024 4499 accipi
3058 4427 3235 4499 debet,
3266 4440 3418 4505 quasi

1869 4496 1921 4549 in
1955 4499 2037 4551 his
2065 4496 2415 4571 blasphemia;
2450 4496 3038 4571 aliquaucontineatur,
3065 4520 3187 4557 cum
3224 4496 3418 4571 potius

1865 4581 2161 4621 sermonem
2194 4582 2347 4619 suum
2390 4567 2509 4620 inde
2530 4568 2833 4622 conlirmari
2867 4571 3007 4623 dicat
3036 4567 3295 4627 Basilius:
3319 4581 3413 4633 sed

1868 4638 1965 4689 hoc
1990 4638 2181 4710 modo:
2222 4635 2275 4688 Si
2312 4634 2626 4710 Eunoinia‘ui
2649 4640 2837 4691 malam
2869 4656 3016 4710 suam
3054 4642 3398 4710 voluntatem,

1863 4721 1965 4772 qua
2020 4706 2087 4757 ita
2140 4704 2413 4772 laqueutes
2483 4706 2819 4774 Unigcnitum
2880 4724 2909 4761 a
2973 4708 3131 4765 Patre
3182 4704 3415 4769 alienum

1860 4774 2145 4828 ostendere
2170 4776 2373 4845 volunt,
2409 4778 2618 4828 tandem
2660 4777 2944 4845 aliquando
2968 4778 3263 4845 abjicerent
3296 4800 3416 4838 mu-

1862 4853 2164 4910 tarentque,
2186 4844 2336 4898 valde
2366 4846 2649 4897 admodum
2676 4844 2867 4899 de’hoc
2898 4863 2991 4903 eos
3026 4844 3322 4906 laudarem.
3358 4854 3413 4908 Id

1860 4926 2037 4988 autem
2064 4915 2135 4988 ita
2171 4929 2290 4968 esse
2312 4914 2485 4988 facile,
2511 4915 2720 4988 opinor,
2738 4917 3029 4988 Alatebitur,
3053 4922 3142 4988 qui
3170 4937 3255 4985 ea,
3292 4939 3412 4988 quae

1860 4939 2037 4967 autem
2064 4939 2135 4967 itas
2171 4939 2290 4968 (εδδ
2312 4939 2485 4977 ιειυιιῠ,
2511 4939 2720 4981 uputur,
2755 4939 3029 4981 tateullllr,
3053 4939 3141 4988 qm
3170 4939 3255 4985 ea,
3332 4941 3408 4977 ιιτιε

1860 4986 2052 5059 partim
2096 4984 2206 5059 jam
2254 4985 2604 5059 protulimus,
2630 4984 2808 5039 Basilii
2842 4990 3261 5059 verhaulcgerit.
3292 4939 3408 5046 ἳιοε

1857 5054 2087 5173 ᾜιὶιιεηι,
2121 5055 2315 5119 inquit,
2345 5053 2409 5105 ab
2444 5069 2503 5105 eo
2550 5056 2746 5108 dictum
2778 5068 2871 5121 est,
2901 5068 2954 5108 ut
3006 5053 3339 5126 Umbemtum
3378 5085 3410 5116 ιι

1911 5133 2019 5173 atre
2052 5123 2277 5173 alienum
2300 5125 2536 5173 ostendat
2578 5140 2596 5173 .’
2635 5134 2687 5173 at
2716 5134 2825 5173 nos!
2838 5143 2946 5173 rum
2974 5143 3260 5173 sermnnnn
3283 5150 3410 5173 ηηι-

1911 5133 2019 5175 atre
2052 5123 2277 5175 alienum
2300 5125 2536 5176 ostendat
2578 5140 2596 5176 .’
2635 5134 2687 5175 at
2716 5134 2946 5177 nostrum
2974 5123 3260 5184 sermonem
3283 5150 3411 5187 6οη·

1856 5192 2051 5269 firntat.
2086 5222 2154 5269 :—
2181 5193 2487 5269 Καὶ-τοῦζρ
2515 5194 2663 5245 κατὰ
2685 5194 2791 5269 τον
2822 5196 3045 5249 τούτων
3066 5200 3268 5269 λόγον.
3306 5204 3413 5256 Το-

1861 5270 1943 5313 tus
1978 5262 2064 5314 hic
2087 5261 2235 5339 locus
2268 5264 2347 5315 sic
2391 5263 2595 5339 videtur
2635 5265 2938 5339 reddendus
2980 5285 2993 5319 :
3039 5261 3207 5339 Atque
3250 5272 3304 5323 id
3343 5290 3409 5325 ea:

1856 5346 2035 5384 eorum
2061 5330 2304 5407 doctrina
2331 5334 2681 5407 consequitur,
2712 5336 2787 5407 ita
2812 5348 2861 5387 ut
2896 5339 2970 5391 eis
2996 5330 3312 5407 superﬂuunt
3338 5347 3407 5394 sit

1856 5402 2227 5466 contradicere,
2260 5416 2375 5479 cum
2410 5402 2460 5452 id
2486 5418 2589 5455 non
2624 5406 2842 5479 possint.
2879 5409 2952 5459 Ac
2980 5402 3164 5474 magno
3198 5414 3405 5479 quidem.

1855 5485 2115 5548 mercarer
2171 5481 2226 5522 ut
2265 5473 2397 5548 hanc
2438 5487 2588 5523 suam
2642 5474 2954 5548 impietatem
2985 5473 3273 5548 abnegen't;
3314 5486 3404 5532 sed

1853 5540 1974 5605 quia
2000 5554 2113 5591 eam
2146 5539 2490 5604 protulerunt.
2526 5554 2629 5595 etc.
2663 5542 2870 5597 ΜΑΙιΑΝ.

1924 5607 2033 5677 (55)
2066 5608 2202 5681 Editi
2234 5608 2332 5677 μὲν
2364 5608 2498 5661 Θεοῦ
2547 5612 2858 5681 ἀγεννησία.
2906 5614 3081 5670 Codex
3143 5617 3296 5673 Colb.
3352 5632 3407 5672 et

1854 5675 1987 5762 Beg.
2017 5675 2208 5762 tertius
2234 5675 2296 5762 ut
2339 5681 2388 5762 ilu
2443 5675 2887 5762 conitestti.'_Mo_x
2935 5686 3090 5762 iidem
3136 5689 3405 5762 codices'l)

1852 5747 2117 5817 ἐνέργεια.
2153 5748 2431 5802 Articulus
2456 5751 2507 5802 iu
2541 5752 2701 5803 editis
2730 5752 3155 5809 desiderabatur.

1851 5816 2033 5939 nuisse)
2060 5816 2312 5872 Voculam
2345 5816 2442 5887 μέν
2473 5820 2653 5876 addidi
2675 5835 2737 5876 ex
2766 5824 2970 5879 duobus
2999 5822 3181 5897 Regiis
3204 5827 3408 5885 codici:

1891 5902 1977 5941 US.
