4208 6488
791 433 894 492 61⁸7

2127 437 2184 489 S.
2225 434 2466 491 BASlLll
2505 434 2719 492 MAGNI

3932 432 4032 488 058

793 559 1074 618 propterea
1109 549 1245 618 quod
1274 548 1492 616 ittgeuiti
1528 556 1831 601 creaturam
1863 547 2056 601 Filium
2089 547 2346 612 inveniat,
2383 556 2423 610 Α

2454 549 2544 602 τοῦ
2581 550 2678 620 μὲν
2703 548 2991 618 ἀγεννήτου
3016 547 3102 601 τὸν
3130 549 3252 601 Υίδν
3279 548 3544 619 εὑρίσκων
3584 548 3825 620 ποίημα,
3856 547 3950 601 τοῦ
3980 551 4031 602 δὲ

797 638 1060 706 Unigeniti
1089 636 1605 701 vero,Paracletum,
1642 638 1768 690 item
1805 646 2083 706 propterea
2115 637 2256 706 quod
2288 653 2352 691 ex

798 727 1065 796 Unigeniti
1095 728 1431 795 pragstautia,
1469 727 1804 795 operationis
1835 728 2118 782 conﬁrmet
2167 729 2352 782 diver-

793 821 1028 878 sitatem,
1058 818 1173 886 ejus
1199 818 1363 870 etiam
1391 817 1720 871 diversitatis
1743 833 1863 886 qua:
1907 819 2200 872 secundum
2231 820 2357 873 sub-

793 910 1044 962 stantiam
1074 917 1176 972 est,
1207 915 1577 974 argumentum
1607 907 1966 960 certissimum
1997 907 2212 976 accipit.

862 1001 985 1054 Bas.
1019 999 1254 1053 Primum
1282 997 1444 1068 igitur
1473 998 1743 1067 quomodo
1767 999 2082 1052 substantia:
2115 1015 2178 1052 ex
2205 1015 2356 1054 crea-

796 1095 929 1147 turis
958 1093 1209 1147 mstitnari
1238 1091 1466 1161 possint,
1488 1105 1589 1158 ego
1614 1090 1828 1160 quidem
1866 1108 1968 1144 non
1995 1092 2169 1145 video.
2204 1093 2354 1144 Enim

799 1201 925 1241 vero
959 1185 1274 1254 potentiam,
1310 1183 1737 1252 sapientiamque
1763 1192 1818 1236 et
1862 1191 2055 1245 artem,
2090 1198 2196 1236 non
2231 1183 2359 1236 sub-

798 1279 1051 1332 stantiam
1106 1278 1281 1347 ipsam
1331 1276 1569 1330 indicant
1622 1285 1906 1329 creaturae.
1949 1275 2060 1328 lmo
2097 1291 2163 1329 ne
2193 1278 2356 1345 ipsam

798 1373 1013 1441 quidem
1051 1371 1264 1441 opiﬁcis
1311 1372 1600 1439 potentiam
1629 1379 1794 1422 totam
1831 1368 2140 1422 necessario
2178 1369 2360 1422 decla-

797 1474 959 1528 rant;
992 1479 1114 1518 cum
1142 1477 1526 1530 nonnunquam
1559 1462 1672 1515 ﬁeri
1717 1462 1909 1530 possit,
1943 1470 1999 1514 ιιι
2026 1459 2219 1515 artifex
2257 1475 2360 1514 non

795 1573 986 1612 omnes
1033 1557 1180 1609 vires
1225 1571 1352 1608 suas
1385 1555 1437 1607 in
1483 1554 1692 1622 agendo
1723 1565 1960 1615 exserat,
1993 1554 2085 1607 sed
2115 1568 2256 1622 saape
2280 1567 2363 1607 re-

794 1650 1096 1703 missiorem
1119 1655 1367 1700 conatum
1394 1647 1444 1698 in
1476 1645 1729 1711 Operibus
1747 1645 1879 1698 artis
1908 1645 2180 1699 adhibeat.
2207 1643 2360 1711 Quod

797 1745 841 1796 si
877 1753 1041 1796 totam
1067 1742 1228 1794 etiam
1259 1739 1556 1808 pntentiam
1593 1738 1976 1791 transmoverit
2001 1739 2051 1790 in
2080 1754 2240 1808 opus,
2286 1739 2360 1791 ita

797 1838 1007 1889 demum
1039 1835 1281 1886 futurum
1317 1840 1418 1892 est,
1455 1839 1511 1882 ut
1534 1827 1650 1896 ejus
1678 1831 1824 1882 vires
1868 1829 2122 1898 Operibus
2171 1830 2362 1882 metia-

2457 641 2788 709 Μονογενούς
2815 642 2902 693 τὸν
2923 641 3295 713 Παράκλητον,
3319 643 3426 694 κάκ
3458 643 3554 712 τῆς
3571 641 3665 695 τοῦ
3692 642 4033 712 Μονογενοῦς

2456 735 2726 805 ὑπεροχῆς
2763 735 2870 804 (55)
2905 732 3001 803 τὴν
3041 733 3140 802 τῆς
3178 732 3456 804 ἐνεργείας
3505 733 3775 803 διαφορὰν
3816 732 4032 784 πιστού-

2462 843 2635 896 μενος,
2665 824 3142 895 ἀναμφισϐήτητον
3165 822 3426 892 λαμϐάνει
3453 823 3548 875 καὶ
3569 823 3671 890 τῆς
3691 825 3818 876 κατ·
3849 825 4029 876 οὐσίαν

2459 917 2803 988 παραλλαγῆς
2829 916 2926 986 τὴν
2949 914 3238 978 ἀπόδειξιν.

2529 1008 2672 1060 ΒΑΣ.
2718 1007 2936 1078 Πρῶτον
2991 1007 3087 1076 μὲν
3126 1001 3218 1058 οὖν
3258 1005 3374 1068 πῶς
3410 1005 3633 1057 δυνατὸν
3682 1008 3750 1057 ἐκ
3779 1005 3892 1056 τῶν
3943 1005 4030 1073 δη-

2462 1101 2881 1172 μιουργημάτων
2927 1099 3026 1162 τὰς
3067 1099 3255 1161 οὐσίας
3297 1097 3748 1166 ἀναλογίζεσθαι,
3774 1096 3888 1165 ἐγὼ
3941 1100 4031 1167 μὲν

2455 1193 2551 1260 οὐχ
2579 1189 2708 1261 ὁρῶ.
2751 1190 3036 1258 Δυνάμεως
3082 1188 3210 1260 γὰρ,
3268 1191 3361 1243 καὶ
3411 1188 3617 1257 σοφίας,
3674 1188 3771 1240 καὶ
3820 1187 4028 1257 τέχνης,

2457 1281 2577 1351 οὐχὶ
2606 1281 2661 1333 δὲ
2710 1280 2807 1350 τῆς
2844 1280 3026 1342 οὐσίας
3052 1281 3218 1351 αὐτῆς
3245 1279 3548 1332 ἐνδεικτικά
3573 1283 3687 1333 ἐστι
3726 1280 3858 1347 ποιὴ
3872 1297 4028 1347 ματα.

2458 1375 2568 1427 Καὶ⁸
2591 1374 2710 1427 οὐδὲ
2742 1373 2910 1442 αὐτὴν
2946 1374 3124 1425 πᾶσαν
3170 1371 3260 1424 τοῦ
3302 1372 3632 1443 δημιουργοῦ
3669 1373 3770 1443 τὴν
3805 1371 4033 1440 δύναμιν

2460 1467 2769 1537 ἀναγκαίως
2795 1467 3140 1538 παρίστησιν,
3185 1467 3535 1538 ἐκδεχομένου
3571 1466 3693 1519 ποτὲ
3736 1466 3833 1518 τὸν
3867 1466 4035 1534 τεχνί-

2460 1577 2557 1631 την
2607 1560 2679 1632 μὴ
2709 1562 2889 1613 πᾶσαν
2923 1559 3114 1613 ἑαυτοῦ
3160 1559 3256 1630 τὴν
3316 1561 3464 1628 ἰσχὺν
3511 1558 3878 1612 ὲναποθέσθαι
3927 1560 4038 1619 ταῖς

2461 1651 2774 1721 ἐνεργείαις,
2791 1650 2901 1703 ἀλλ’
2919 1650 3226 1720 ὑφειμένοις
3245 1649 3498 1711 πολλάκις
3512 1650 3602 1701 ἐπὶ
3620 1649 3728 1702 τῶν
3746 1649 3928 1720 ἔργων
3947 1650 4038 1717 τῆς

2462 1743 2654 1814 τέχνης
2675 1746 2783 1805 τοῖς
2807 1743 2975 1806 τόνοις
3000 1741 3110 1812 (56)
3137 1740 3460 1811 χρήσασθαι.
3488 1742 3547 1792 Ei
3575 1742 3632 1794 δὲ
3665 1742 3759 1793 καὶ
3785 1741 3921 1811 ὃλην
3949 1742 4038 1810 τὴν

2463 1835 2688 1904 δύναμιν
2737 1834 2827 1885 ἐπὶ
2871 1835 2930 1887 τὸ
2978 1835 3136 1906 ἔργον
3193 1834 3556 1902 ἀνακινήσειε,
3609 1833 3702 1884 καὶ
3751 1833 3932 1895 οὕτως
3980 1834 4040 1884 ἀν

799 1943 938 1988 mur,
965 1940 1068 1978 non
1096 1933 1273 1975 autem
1309 1927 1401 1975 liet
1435 1932 1491 1974 ttt
1536 1921 1920 1984 substantiam,
1974 1935 2091 1988 qua:
2147 1919 2360 1974 tandem
2395 1923 2434 1977 Β

2464 1926 2697 1996 ὑπάρχοι
2736 1923 2832 1996 τὴν
2876 1926 3024 1995 ἰσχὺν
3065 1923 3229 1978 αὐτοῦ
3258 1923 3345 1976 διὰ
3374 1923 3481 1975 τῶν
3517 1922 3691 1992 ἔργων
3718 1925 4041 1994 ἀναμετρεῖ-

797 2034 858 2072 ea
893 2018 984 2084 sit,
1028 2015 1408 2078 intelligamus.
1456 2014 1608 2079 Quod
1651 2013 1718 2073 si,
1765 2011 2021 2079 quoniam
2050 2009 2233 2063 divina
2270 2027 2363 2064 na-

800 2121 915 2162 tura
952 2107 1178 2176 simplex
1225 2113 1308 2159 est
1365 2115 1529 2171 atque
1578 2102 1971 2170 incomposita,
2002 2101 2360 2156 substantiam

797 2200 1067 2254 existimet
1096 2212 1198 2249 una
1226 2211 1347 2250 cum
1375 2205 1638 2265 potestate
1660 2209 2006 2257 concurrere,
2040 2207 2115 2256 et,
2144 2204 2361 2262 propter

802 2296 1036 2347 innatam
1080 2291 1186 2344 Deo
1213 2289 1528 2354 bonitatem,
1553 2288 1697 2342 dicat
1750 2295 1916 2340 totam
1963 2286 2137 2340 Patris
2169 2297 2358 2357 poten-

803 2386 928 2438 tiam
957 2383 1023 2437 ad
1064 2381 1466 2452 generationem
1498 2380 1618 2434 Filii
1667 2389 2017 2440 commotam,
2070 2390 2230 2446 atque
2262 2379 2361 2433 ite-

803 2490 920 2528 rum
954 2483 1116 2527 totant
1164 2470 1438 2540 Unigeuiti
1472 2470 1537 2524 ad
1574 2469 1932 2524 substantiam
1981 2467 2218 2534 Spiritus
2242 2482 2366 2520 san-

800 2568 896 2628 t-ti,
942 2565 1079 2618 adeo
1122 2575 1179 2615 ut
1217 2579 1282 2616 ex
1315 2562 1524 2630 Spiritu
1565 2560 1782 2628 quidem
1819 2560 2058 2628 potentia
2090 2556 2364 2627 Uuigeniti

808 2657 1212 2726 conspiciatur,
1265 2653 1532 2722 simulque
1576 2653 1736 2706 etiam
1808 2652 2148 2707 substantia:
2182 2665 2368 2704 rursus

804 2764 930 2803 vero
961 2763 1024 2801 ex
1062 2746 1369 2814 Unigeuito,
1405 2745 1579 2798 Patris
1615 2743 1945 2814 intelligatur
1969 2753 2022 2798 et
2049 2744 2287 2813 potentia
2313 2752 2367 2796 et

799 2840 1099 2899 substantia
1130 2879 1144 2900 ,
1191 2838 1457 2892 advertite
1503 2837 1630 2904 quid
1666 2836 1790 2890 hinc
1831 2835 2133 2905 colligatur.
2171 2833 2303 2889 Nam
2336 2851 2366 2890 e

801 2934 996 3002 quibus
1029 2941 1255 2984 conatus
1289 2939 1373 2982 est
1403 2927 1718 2981 substantiae
1747 2927 2244 2980 dissimilitudinem
2277 2942 2367 2981 os-

806 3025 1043 3084 tendere,
1083 3036 1148 3075 οι
1199 3021 1264 3072 iis
1295 3019 1621 3085 comperitur
1659 3019 2068 3072 similitudinem
2097 3030 2361 3072 astruere.

803 3118 1014 3173 Etenim
1041 3115 1084 3169 si
1122 3120 1360 3180 potestas
1392 3110 1523 3164 nihil
1555 3125 1677 3163 cunt
1699 3113 2001 3163 substantia
2029 3111 2189 3164 habet
2213 3127 2363 3164 com-

805 3226 988 3274 mune,
1034 3207 1304 3279 quomodo
1335 3220 1402 3259 ex
1443 3203 1674 3274 Opiticiis
1705 3219 1825 3274 qua:
1848 3201 2074 3256 elIectus
2107 3210 2232 3255 sunt
2268 3215 2366 3269 po-

804 3276 1135 3366 testatispad
1171 3298 1706 3368 comprehensionem
1750 3296 1915 3365 ipsius
1948 3295 2211 3349 deductus
2240 3303 2324 3348 est
2345 3293 2368 3344 ἲ
2393 3276 2435 3331 (ἶ

802 3404 1014 3457 contra,
1059 3393 1103 3445 si
1153 3391 1290 3445 idem
1344 3401 1428 3446 est
1475 3389 1776 3445 substantia
1815 3399 1870 3443 et
1906 3398 2183 3459 potestas:
2223 3387 2366 3456 quod

804 3497 1123 3557 potestatem
1160 3485 1424 3553 designat,
1462 3485 1512 3537 id
1537 3485 1777 3553 profecto
1823 3481 2178 3538 substantiam
2205 3480 2366 3535 etiam

804 3579 1126 3646 designabit.
1163 3575 1392 3628 Proinde
1430 3577 1641 3643 opiticia
1672 3591 1776 3629 non
1807 3577 1872 3629 ad
1906 3575 2222 3629 substantiae
2256 3573 2368 3626 dis-

804 3670 1238 3734 similitudinem,
1272 3675 1328 3720 ut
1382 3675 1435 3719 ttt
1467 3665 1620 3729 dicis,
1659 3668 1749 3719 sed
1796 3665 1861 3718 ad
1895 3667 2188 3734 perfectam
2222 3665 2370 3720 simi-

807 3763 1086 3817 litudinem
1132 3763 1356 3815 ducunt.
1403 3761 1606 3812 ltursus
1635 3767 1781 3811 certe
1808 3770 1858 3809 et
1901 3759 1986 3812 hic
2020 3767 2248 3814 conatus
2276 3773 2370 3810 tto-

807 3868 976 3910 stram
1015 3854 1184 3920 magis
1229 3867 1387 3920 quattt
1444 3851 1610 3919 ipsius
1653 3849 1977 3904 sententiam
2005 3848 2230 3904 stabilit.
2265 3849 2370 3902 Aut

809 3949 955 4003 enim
985 3961 1088 3999 non
1121 3946 1283 3998 habet
1304 3943 1442 3995 unde
1469 3958 1529 3994 ea
1560 3957 1677 4010 qua:
1704 3944 1837 3996 dixit
1865 3935 2369 4004 demoustretfaut,

811 4042 855 4094 si
877 4057 908 4095 c
932 4040 1090 4094 rebus
1108 4037 1357 4092 humanis
1379 4032 1623 4100 exempla
1649 4043 1944 4097 mutuatur,
1991 4035 2232 4088 inveniet
2262 4049 2366 4086 non

811 4150 876 4188 ex
914 4131 1140 4187 artiﬁcis
1195 4129 1447 4197 Operibus
1483 4124 1707 4194 intelligi
1769 4139 1796 4175 a
1839 4126 1995 4178 nobis
2025 4127 2142 4191 ejus
2191 4141 2370 4182 essen-

809 4229 960 4288 tiam,
989 4225 1079 4279 sed
1104 4238 1166 4277 ett
1193 4222 1373 4292 genito
1394 4219 1653 4290 genitoris
1685 4226 1932 4270 naturam
1961 4217 2236 4283 cognosci.
2264 4215 2373 4269 Nec

810 4319 954 4372 enim
990 4316 1106 4370 ﬁeri
1133 4324 1329 4382 potest,
1364 4323 1421 4366 ut
1439 4313 1556 4381 ejus
1580 4312 1668 4379 qui
1699 4314 1916 4364 domum
1959 4308 2263 4360 construxit
2289 4320 2373 4361 es-

815 4411 990 4465 sentia
1045 4407 1528 4474 comprehendatur
1565 4420 1630 4458 ex
1662 4405 1859 4458 domo:
1902 4413 1956 4454 at
1989 4398 2206 4455 ditﬁcile
2268 4413 2372 4451 non

811 4511 894 4558 est
919 4518 980 4554 ex
1002 4502 1245 4570 genitura
1276 4497 1534 4569 genitoris
1560 4505 1807 4548 naturam
1833 4492 2158 4562 intelligere.
2194 4488 2375 4555 Quare

2465 2018 2609 2083 σθαι,
2649 2018 2769 2088 οὐχὶ
2811 2017 2867 2069 δὲ
2902 2019 2997 2087 τὴν
3029 2018 3238 2079 οὐσίαν,
3269 2018 3392 2086 ἥτις
3426 2016 3554 2070 ποτέ
3578 2018 3691 2068 ἐστι
3713 2055 3727 2076 ,
3756 2017 4040 2083 καταλαμ-

2463 2109 2738 2163 ϐάνεσθαι.
2791 2107 2852 2160 Et
2885 2107 2941 2159 δὲ
2992 2107 3076 2160 διὰ
3114 2108 3173 2160 τὸ
3223 2107 3424 2160 ἁπλοῦν
3467 2107 3560 2159 καὶ
3615 2105 3913 2158 ἀσύνθετον
3952 2107 4040 2173 τῆς

2464 2200 2614 2262 θείας
2642 2199 2854 2268 φύσεως
2883 2200 2947 2268 τῇ
2982 2198 3078 2268 μὲν
3111 2197 3333 2268 δυνάμει
3369 2197 3664 2268 σύνδρομον
3691 2194 3906 2247 τίθεται
3951 2197 4040 2263 τὴν

2462 2294 2667 2356 οὐσίαν,
2705 2294 2795 2344 καὶ
2832 2292 2918 2344 διὰ
2966 2292 3061 2362 τὴν
3106 2290 3410 2362 προσοῦσαν
3468 2290 3782 2361 ἀγαθότητα
3818 2286 3902 2358 τῷ
3932 2285 4043 2355 Θεῷ

2463 2372 2588 2455 ὃλην
2610 2386 2705 2456 μὲν
2721 2383 3035 2454 κεκινῆσθαι
3061 2382 3207 2450 λέγοι
3234 2383 3344 2454 (57)
3362 2382 3458 2453 τὴν
3475 2383 3567 2436 τοῦ
3585 2383 3801 2454 Πατρὸς
3816 2382 4042 2449 δύναμιν

2467 2481 2544 2540 εἰς
2574 2478 2672 2548 τὴν
2717 2477 2969 2545 γέννησιν
3009 2475 3100 2528 τοῦ
3133 2475 3264 2528 Υἱοῦ
3286 2515 3300 2536 ,
3334 2475 3458 2544 ὃλην
3499 2475 3555 2528 δὲ
3589 2475 3754 2528 πάλιν
3803 2475 3907 2545 τὴν
3955 2471 4042 2526 τοῦ

2467 2565 2800 2632 Μονογενοῦς
2842 2567 2920 2627 είς
2949 2566 3045 2634 τὴν
3074 2565 3368 2618 ὑπόστασιν
3394 2564 3488 2616 τοῦ
3515 2564 3672 2632 ἁγίου
3703 2563 4038 2631 Πνεύματος,

2467 2656 2606 2710 ὥστε
2636 2657 2700 2707 ὲκ
2732 2657 2827 2725 μὲν
2861 2657 2952 2708 τοῦ
2971 2655 3282 2726 Πνεύματος
3310 2660 3408 2728 τὴν
3440 2656 3531 2708 τοῦ
3575 2655 3921 2722 Μονογενοῦς
3957 2654 4042 2705 δύο

2469 2765 2631 2818 ναμιν
2666 2747 3006 2817 θεωρεῖσθαι,
3037 2749 3170 2817 ὁμοῦ
3193 2749 3250 2800 δὲ
3283 2751 3376 2801 καὶ
3401 2749 3498 2819 τὴν
3526 2750 3735 2812 οὐσίαν,
3769 2751 3834 2801 ἐκ
3867 2749 3924 2800 δὲ
3955 2748 4041 2799 τοῦ

2469 2841 2799 2910 Μονογενοῦς
2852 2840 3013 2893 πάλιν
3036 2841 3132 2911 τὴν
3176 2841 3268 2892 τοῦ
3328 2843 3535 2912 Πατρὺς
3585 2843 3818 2912 δύναμίν
3866 2859 3924 2894 τε
3956 2842 4040 2893 καὶ

2467 2937 2650 2989 οὐσίαν
2686 2933 3193 3004 καταλαμϐάνεσθαι
3214 2950 3226 2962 °
3276 2937 3526 2986 σκοπεῖτε
3561 2935 3622 2986 τὸ
3654 2935 4038 3003 συναγόμενον.

2479 3028 2568 3092 Ἐξ
2592 3021 2665 3081 ὧν
2701 3027 2807 3098 γὰρ
2846 3025 3168 3097 ἐπεχείρησε
3217 3024 3278 3077 τὸ
3327 3024 3576 3095 ἀνόμοιον
3631 3026 3900 3096 συστῆσαι
3948 3025 4041 3094 τῆς

2467 3121 2674 3184 οὐσίας,
2700 3123 2762 3173 ὲκ
2789 3119 2993 3173 τούτων
3019 3120 3188 3190 ἐφάνη
3223 3117 3645 3182 κατασκευάζων
3673 3117 3773 3190 τὴν
3800 3121 4041 3188 ὁμοιότη-

2469 3227 2556 3260 τα.
2595 3212 2656 3261 Εί
2691 3210 2787 3278 μὲν
2813 3211 2920 3280 γὰρ
2955 3210 3103 3263 οὐδὲν
3131 3209 3240 3280 ἔχει
3265 3208 3493 3279 κοινὺνή
3523 3208 3755 3279 δύναμις
3787 3210 3924 3281 πρὸς
3950 3211 4041 3279 τὴν

2468 3299 2671 3361 οὐσίαν,
2702 3300 2814 3360 πῶς
2857 3302 2920 3353 ὲκ
2978 3301 3086 3354 τῶν
3131 3301 3660 3371 δημιουργημάτων,
3710 3302 3856 3374 ἅπερ
3895 3303 4042 3354 δυνα-

2472 3390 2614 3460 μεώς
2639 3392 2784 3442 ἐστιν
2811 3391 3241 3459 ἀποτελέσματα,
3273 3393 3408 3461 πρὸς
3428 3391 3524 3461 τὴν
3546 3393 3853 3463 κατάληψιν
3879 3393 4044 3462 αὐτῆς

2469 3480 2760 3551 ὡδηγήθη;
2802 3482 2849 3532 εί
2893 3481 2946 3533 δὲ
2986 3480 3177 3533 ταυτὸν
3222 3481 3375 3532 οὐσία
3412 3482 3471 3533 τέ
3518 3484 3632 3533 ἐστι
3667 3485 3762 3535 καὶ
3793 3485 4038 3553 δύναμις,

2469 3575 2529 3626 τὸ
2561 3573 2657 3643 τὴν
2698 3573 2924 3642 δύναμιν
2954 3573 3349 3644 χαρακτηρίζον
3393 3575 3787 3644 χαρακτηρίσει
3827 3578 4043 3638 πάντως

2471 3667 2564 3719 καὶ
2620 3663 2718 3734 τὴν
2763 3664 2969 3718 οὐσίαν.
3029 3665 3185 3717 Ὥστε
3243 3664 3309 3719 τὰ
3363 3665 3847 3737 δημιουργήματα,
3877 3669 3953 3731 ὡς
3984 3673 4042 3721 σὺ

2471 3759 2593 3830 φῂς,
2623 3757 2682 3810 οὐ
2707 3756 2840 3827 πρὸς
2876 3756 2935 3808 τὸ
2963 3756 3210 3827 ἀνόμοιον
3239 3758 3336 3828 τῆς
3367 3758 3578 3822 οὐσίας,
3613 3758 3751 3812 ἀλλά
3789 3760 3928 3829 πρὸς
3954 3761 4046 3830 τὴν

2471 3848 2756 3920 ἀκρίὸειαν
2780 3847 2876 3918 τῆς
2907 3848 3224 3920 ὁμοιότητος
3265 3851 3438 3922 φέρει.
3497 3849 3664 3902 Πάλιν
3723 3850 3911 3919 μέντοι
3956 3849 4044 3903 καὶ

2470 3941 2625 3994 τοῦτο
2649 3939 2709 3992 τὸ
2733 3940 3035 4012 ἐγχείρημα
3053 3941 3142 3993 τὸν
3165 3940 3428 4012 ἡμέτερον
3471 3939 3668 4010 μᾶλλον
3698 3940 3731 4010 ἢ
3758 3940 3850 3991 τὸν
3886 3938 4042 3992 αὐτοῦ

2471 4033 2625 4100 λόγον
2652 4033 2982 4104 συνίστησιν.
3025 4035 3094 4086 Ἦ
3123 4032 3232 4102 γὰρ
3274 4033 3569 4102 οὐδαμόθεν
3604 4031 3717 4100 ἔχει
3769 4033 4044 4100 παρασχέ-

2474 4126 2594 4178 σθαι
2627 4127 2733 4178 τῶν
2765 4127 3065 4196 εἰρημένων
3093 4127 3190 4188 τὰς
3235 4125 3565 4188 ἀποδείξεις,
3595 4123 3628 4192 ἢ
3662 4122 3824 4192 εἴπερ
3857 4125 3922 4174 ὲκ
3947 4122 4043 4175 τῶν

2473 4216 2823 4286 ἀνθρωπίνων
2872 4217 2970 4278 τὰς
3010 4217 3219 4277 είκὸνας
3265 4215 3550 4278 λαμϐάνοι,
3602 4217 3830 4284 εὑρήσει
3856 4215 3955 4266 οὐκ
3985 4214 4042 4264 ὲκ

2473 4308 2579 4359 τῶν
2606 4309 2782 4378 ἔργων
2825 4308 2916 4361 τοῦ
2949 4309 3190 4376 τεχνίτου
3222 4308 3279 4358 εν
3315 4307 3559 4376 περινοίᾳ.
3589 4305 3692 4374 τῆς
3726 4308 3917 4368 οὐσίας
3949 4307 4040 4358 αὐ-

2472 4400 2564 4453 τοῦ
2617 4399 2931 4469 γινομένους
2968 4400 3133 4469 ἡμᾶς,
3181 4397 3292 4451 ἀλλ’
3336 4399 3399 4450 ὲκ
3435 4395 3526 4448 τοῦ
3567 4394 3922 4463 γεννηθέντος
3952 4395 4040 4462 τὴν

2473 4492 2564 4544 τοῦ
2599 4491 2985 4561 γεγεννηκότος
3031 4490 3188 4561 φύσιν
3224 4489 3702 4559 ἐπιγινώσκοντας.
3735 4487 3814 4539 Οὐ
3848 4487 3956 4556 γὰρ
3984 4487 4039 4537 ἐκ

813 4596 857 4647 si
895 4593 1209 4663 Unigenitus
1241 4599 1490 4645 creatura
1524 4597 1638 4653 est,
1674 4587 1851 4639 Patris
1884 4588 2040 4641 nobis
2078 4585 2371 4640 essentiam
2409 4619 2435 4671 Ε

2475 4587 2574 4655 τῆς
2623 4586 2799 4648 οἰκίας
2851 4586 2947 4657 τὴν
2991 4586 3176 4639 οὐσίαν
3226 4583 3320 4637 τοῦ
3379 4583 3660 4652 οἰκοδόμου
3721 4580 4038 4632 καταλαϐεῖν

815 4703 918 4739 ιιυη
945 4686 1165 4740 exhibet
1193 4701 1205 4734 ε
1248 4685 1292 4739 si
1339 4697 1467 4736 vero
1496 4680 1709 4735 Patrem
1754 4680 1907 4733 nobis
1937 4690 2121 4732 notum
2160 4695 2256 4748 per
2283 4693 2372 4732 se-

812 4779 987 4846 ipsum
1054 4775 1202 4840 facit,
1257 4790 1360 4827 non
1411 4782 1661 4826 creatura
1699 4780 1803 4835 est,
1845 4772 1936 4825 sed
1975 4771 2143 4825 Filius
2189 4785 2371 4835 verus,

815 4869 1016 4938 Deique
1044 4869 1241 4932 imago,
1268 4877 1321 4920 et
1349 4863 1663 4920 substantia:
1705 4865 2008 4917 character.
2046 4861 2228 4930 Atque
2259 4862 2373 4916 hanc

813 4964 1024 5028 quidem
1050 4973 1171 5014 sunt
1195 4958 1517 5027 hujusmodi.

809 5056 962 5124 τέρα,
1023 5053 1141 5120 οὐχ⁸υ⁸
1190 5049 1593 5120 δημιούργημα,
1635 5044 1770 5098 ἀλλά
1821 5042 1944 5104 Υἱὸς
1999 5042 2224 5112 ἀληθὴς,
2277 5041 2372 5093 καί¹

813 5148 920 5198 Καὶ
945 5144 1115 5196 ταῦτα
1154 5159 1249 5210 μεν
1276 5142 1514 5192 τοιαῦτα.

885 5333 994 5400 (55)
1027 5331 1068 5384 E
1093 5332 1307 5398 regione
1337 5319 1795 5400 τούξ-ὑπεροχῆς..
1839 5318 1889 5369 iu
1914 5314 2172 5400 'margin'e
2196 5315 2362 5400 ’Βρείί

816 5383 1181 5468 tertii—iegittt‘r’
1207 5401 1305 5451 hoc
1338 5383 1622 5468 scholium,
1653 5383 1720 5459 ἢν
1762 5387 2084 5468 ὑπερέχεται
2119 5383 2221 5468 ὑπὸ
2258 5383 2358 5468 (τοὺ

815 5454 1466 5542 ᾗάὲρόςῗεπὴρῖιειιᾳηιία
1491 5454 1613 5542 .qua'
1656 5454 1940 5542 superatur
1961 5473 1992 5534 (ι
2029 5454 2362 5542 fiuntsed

815 5526 895 5599 ait
927 5526 1297 5600 Coit'tbeli'sius,
1325 5539 1464 5589 hunc
1491 5526 1668 5587 locum
1699 5529 1796 5600 sibi
1822 5529 1984 5600 videri
2020 5526 2367 5600 potius__acci-

815 5594 1064 5686 piendum
1089 5613 1150 5662 de
1177 5623 1237 5659 ea
1262 5594 1590 5686 praestantia,
1617 5615 1717 5668 qua
1747 5595 2065 5686 Uttigepit‘us
2097 5610 2161 5647 ex
2189 5594 2360 5647 Euno-

817 5667 1116 5740 trniannrutn
1145 5667 1409 5731 sententia
1442 5667 1702 5740 Spiritum
1723 5667 2030 5740 superabat;

1029 5749 1245 5822 Irrepsit
1279 5733 1524 5798 mendum
1573 5746 1622 5822 in
1655 5738 1949 5794 editionem
1983 5733 2364 5822 Parisiensem

818 5804 1453 5889 negligentia.operarum
1509 5833 1522 5869 :
1584 5815 1633 5865 iu
1667 5822 1767 5878 qua
1817 5821 1911 5872 pro
1942 5805 2115 5867 τόνοις
2169 5804 2369 5874 ΙθΒίιυΓ

815 5911 1013 5956 πονοις.

2479 4680 2730 4733 δυνατόν·
2763 4682 2825 4733 ὲκ
2881 4680 3060 4750 μέντοι
3109 4677 3200 4730 τοῦ
3249 4678 3583 4746 γεννήματος
3616 4675 3807 4744 νοῆσαι
3870 4671 4037 4742 ῥᾴδιον

2478 4772 2568 4824 τοῦ
2617 4773 3000 4842 γεγεννηκότος
3035 4771 3130 4841 τὴν
3163 4771 3342 4839 φύσιν.
3387 4769 3545 4819 Ὥστε
3573 4769 3619 4818 εί
3651 4766 3750 4834 μὲν
3786 4761 4036 4833 δημιούρ-

2477 4881 2628 4935 γημα
2661 4868 2688 4918 ὁ
2727 4862 3050 4932 Μονογενης,
3087 4863 3146 4916 οὐ
3182 4861 3509 4932 παρίστησιν
3541 4858 3672 4928 ἡμῖν
3708 4855 3806 4909 τοῦ
3836 4857 4037 4926 Πατρὸς

2477 4957 2573 5025 τὴν
2599 4957 2812 5010 οὐσίαν·
2847 4956 2894 5007 εί
2927 4954 2983 5006 δὲ
3012 4955 3262 5026 γνωρίζει
3305 4953 3438 5022 ¹ἡμῖν
3483 4950 3548 5003 δι’
3583 4949 3778 5005 ἑαυτοῦ
3817 4951 3906 5003 τὸν
3940 4951 4038 5002 Πα-

2433 5044 2592 5098 είκὼν
2635 5047 2726 5099 τοῦ
2795 5045 2951 5110 Θεοῦ,
3010 5047 3103 5097 καὶ
3167 5043 3279 5112 (58)
3343 5042 3690 5105 ὑποστάσεως
3737 5041 4031 5112 χαρακτήρ-

2547 5315 2660 5387 (57)
2699 5313 3157 5387 (lodicesaliquot
3179 5318 3350 5383 λέγει.

2547 5381 2657 5453 (58)
2696 5385 2870 5439 Codex
2904 5381 3060 5439 Colb.
3111 5394 3164 5439 et
3214 5381 3299 5440 alii
3342 5397 3453 5438 tres
3509 5381 3660 5453 Regii
3714 5381 3854 5435 ἀλλά
3917 5381 4030 5442 Υἱὸς

2463 5457 2558 5510 καὶ
2581 5453 2742 5507 εἰκὼν
2768 5454 3088 5525 ἀληθὴςγκαί
3119 5471 3133 5507 :
3159 5471 3296 5521 quos
3318 5455 3483 5509 libros
3515 5463 3733 5506 secutus
3772 5453 4029 5525 interpres

2464 5531 2543 5581 sic
2574 5529 2732 5578 vertit
2765 5545 2776 5578 :
2815 5523 2939 5578 S‘ed‘
2977 5524 3146 5578 Filius
3200 5535 3248 5576 et
3296 5527 3470 5591 imago
3520 5533 3630 5575 erat
3669 5537 3810 5574 tera.
3869 5523 4031 5577 Editio

2465 5609 2690 5663 utraque.
2721 5597 2889 5649 Paris.
2931 5605 2984 5646 et
3030 5594 3170 5650 Ven.
3200 5610 3322 5647 cum
3370 5591 3501 5662 Reg.
3537 5603 3695 5646 sexto
3733 5604 3794 5645 ut
3828 5595 3880 5645 in
3913 5606 4030 5663 con-

2468 5660 2634 5720 textu.
2669 5667 2794 5734 Iteg.
2822 5675 3047 5732 quartus
3072 5667 3122 5716 in
3159 5665 3398 5727 margine
3431 5660 3500 5734 ita
3537 5673 3593 5734 ut
3629 5663 3912 5734 edidimus
3942 5677 3955 5715 :
3981 5660 4026 5734 i_rt

2464 5746 2714 5804 conteuu
2743 5729 2869 5788 vero
2895 5735 3006 5787 ἀλλ’
3033 5735 3175 5800 Υἱὸς,
3209 5734 3303 5786 καὶ
3338 5731 3498 5785 εἰκὼν
3515 5732 3722 5804 ἀληθὴς
3747 5731 3847 5787 τοῦ
3880 5729 4026 5792 Θεοῦ.

2466 5811 2554 5861 sed
2582 5803 2777 5870 Filius,
2802 5815 2848 5858 et
2875 5822 2990 5859 vera
3014 5805 3103 5858 Dei
3129 5808 3325 5873 imago.
