4208 6516
213 455 323 510 619

1311 458 1686 515 ADVERSUS
1724 457 2088 514 EUNOMIL‘M
2126 463 2253 518 LIB.
2293 464 2357 518 ll.

3342 457 3448 513 630

288 571 376 623 55.
430 569 492 621 Ἠ
536 571 591 624 δὲ
638 568 952 640 παρενθήκη
980 569 1088 638 (59)
1135 575 1232 642 τῆς
1278 573 1623 642 βλασφημίας
1654 575 1787 643 ὃση;
1820 581 1863 634 Α

1784 593 1787 630 ‘.
1820 581 1863 634 Α
1964 574 2128 642 270
2153 575 2241 628 35.
2269 576 2386 630 Jam
2418 589 2541 629 vero
2568 583 2764 643 quanta
2789 584 2873 628 est
2899 573 3238 644 blasphemia:
3263 588 3446 628 acces-

215 664 652 734 Καταφρονήσας
698 661 796 728 τῆς
824 662 881 713 ὲν
920 664 1031 724 τοῖς
1066 655 1417 729 Εὐαγγελίοις
1443 663 1692 734 ἀπειλῆς,
1720 665 1786 734 ήν

215 756 246 806 ὁ
282 753 483 825 Κύριος
537 754 648 814 τοῖς
703 750 763 804 τὸ
788 750 1009 823 Πνεῦμα
1040 754 1101 807 τὸ
1166 753 1316 820 ἆγιον
1366 752 1786 824 βλασφημήσασι

219 844 603 918 φοϐερωτάτην
654 844 1046 910 ὲπανετείνατο,
1096 844 1481 914 δημιούργημα
1529 844 1674 913 λέγει
1727 846 1787 898 τὸ

220 935 441 1006 Πνεῦμα
482 934 542 986 τὸ
571 935 750 1002 ἅγιον⁶
797 935 991 1006 μικροῦ
1033 934 1164 1005 μηδὲ
1198 933 1334 996 ζῶον
1379 933 1507 987 αὐτὸ
1549 930 1685 988 εἶναι
1712 936 1788 988 διο

217 1024 363 1088 δοὺς.
415 1026 525 1084 τοῖς
583 1022 828 1094 ἀψύχοις,
861 1027 936 1088 ὼς
964 1025 1028 1077 τὰ
1069 1023 1256 1086 πολλὰ,
1282 1027 1381 1095 τῆς
1423 1022 1789 1096 προσηγορίας

218 1115 419 1183 ταύτης
456 1115 889 1187 ὲφαρμοζούσης.
917 1117 989 1168 Οὐ
1023 1114 1129 1185 γὰρ
1147 1114 1230 1187 δὴ,
1264 1117 1346 1168 ὅτι
1372 1115 1637 1187 προέλαϐε
1678 1116 1786 1186 (60)

219 1208 286 1275 τῇ
360 1203 673 1277 βλασφημίᾳ
711 1208 882 1277 ταύτῃ
938 1206 1028 1259 τὸν
1083 1206 1318 1277 Κύριον,
1367 1207 1689 1276 καθυφεῖναί
1735 1224 1788 1260 τι

220 1301 370 1368 ἡμᾶς
417 1300 514 1370 τῆς
543 1302 962 1369 ἀγανακτήσεως
1010 1299 1176 1364 ἄξιον.
1220 1302 1292 1353 Οὐ
1322 1299 1430 1370 γὰρ
1472 1297 1790 1369 παραμυθία

219 1389 380 1444 τοῦτο
403 1392 500 1461 τῆς
523 1391 792 1454 ἀσεϐείας,
819 1390 952 1444 ἀλλά
975 1393 1253 1464 προσθήκη
1273 1393 1371 1463 τῆς
1395 1390 1787 1463 κατακρίσεως.

235 1482 387 1536 Ἐπεὶ
413 1486 504 1536 καὶ
537 1481 646 1551 (Gl)
678 1485 705 1535 ὁ
737 1483 936 1555 Κύριος
969 1485 1066 1555 τὴν
1109 1485 1207 1554 μὲν
1241 1487 1318 1549 είς
1361 1484 1522 1537 αὐτὸν
1557 1483 1795 1553 βλασφη-

225 1575 356 1644 μίαν
379 1574 762 1646 δι¹ἀγαθότητα
795 1575 1136 1646 συνεχώρησε
1155 1591 1168 1606 ’
1193 1577 1290 1646 τὴν
1319 1577 1374 1629 δὲ
1395 1579 1473 1640 είς
1496 1577 1555 1629 τὸ
1571 1573 1792 1644 Πνεῦμα

222 1667 286 1720 τὸ
309 1667 461 1733 ἀγιον
493 1667 890 1738 ἀναπόδραστον
916 1663 1053 1718 εἶναι
1080 1670 1192 1729 τοῖς
1223 1669 1554 1739 τολμήσασιν
1581 1667 1794 1737 ἀπεφή-

221 1772 369 1811 νατο.
425 1757 646 1829 Πρῶτος
695 1759 871 1811 τοίνυν
921 1757 1028 1809 τῶν
1083 1759 1175 1827 ἀφ’
1213 1753 1272 1812 οῦ
1304 1758 1365 1811 τὸ
1407 1760 1664 1829 κήρυγμα
1693 1758 1792 1829 τῆς

223 1847 506 1913 εὐσεϐείας
563 1848 1010 1920 περιαγγέὶλεται
1043 1851 1376 1920 ὲπιφυέντων
1429 1853 1494 1921 τῇ
1543 1849 1788 1921 ἀληθείᾳ,

1894 665 1976 718 sio
2007 665 2029 717 τ
2067 663 2237 716 Minas
2275 682 2366 721 eas
2397 682 2530 734 quas
2558 666 2608 720 itt
2643 664 2930 733 Evangelio
2956 666 3207 720 Dominus
3242 666 3292 717 in
3323 665 3446 733 Spi-

1895 757 2054 808 ritum
2109 765 2352 808 sanctum
2397 757 2889 825 hluspliemantibus
2945 770 3200 827 perquam
3261 757 3447 809 formi-

1894 847 2101 898 dandas
2127 845 2418 900 intentavit
2443 850 2508 911 ",
2527 856 2867 917 aspernatus,
2893 860 3196 903 creaturam
3221 866 3342 905 esse
3375 851 3450 904 ait

1894 937 2152 1007 Spiritum
2179 948 2422 991 sanctum
2451 956 2465 1005 ;
2507 941 2586 992 sic
2639 956 2696 996 ut
2747 957 2935 1013 parum
2967 941 3127 1005 absit,
3154 953 3300 996 utne
3334 945 3450 995 ani-

1893 1029 2000 1086 mal
2038 1029 2252 1097 quidem
2286 1044 2407 1081 eum
2440 1046 2557 1084 esse
2585 1035 2867 1098 concedat,
2899 1049 3021 1089 cutn
3076 1033 3188 1087 hac
3215 1034 3447 1102 appella-

1895 1122 1966 1175 tio
2015 1129 2073 1174 ιιι
2119 1119 2405 1188 plurimum
2459 1120 2772 1175 inanimatis
2821 1125 3279 1180 accommodetur.
3344 1125 3452 1177 Nec

1895 1215 2041 1266 enim
2072 1211 2336 1283 profecto,
2370 1213 2512 1281 quod
2541 1213 2680 1267 hanc
2704 1215 2860 1268 istam
2892 1213 3274 1284 blasphemiam
3305 1219 3452 1284 prius

1896 1306 1946 1357 in
1983 1306 2271 1359 Dominum
2313 1307 2569 1370 evomuit,
2599 1314 2882 1375 prepterea
2922 1305 3122 1374 aliquid
3152 1325 3250 1364 nos
3273 1310 3339 1363 de
3366 1309 3450 1362 in-

1897 1396 2212 1464 dignatione
2239 1397 2518 1452 remittere
2551 1413 2651 1464 par
2675 1397 2855 1452 fuerit.
2889 1395 2999 1451 Hoc
3021 1398 3159 1451 enim
3190 1403 3451 1470 mitigatio

1895 1503 2000 1540 non
2031 1497 2116 1541 est
2160 1489 2472 1558 impietatis,
2524 1490 2619 1542 sed
2673 1490 3137 1543 condemnationis
3195 1496 3448 1546 accessio.

1894 1579 2028 1632 Nam
2063 1589 2116 1633 et
2146 1580 2402 1636 Dominus
2434 1579 2700 1651 prolatam
2734 1582 2784 1632 in
2843 1596 2899 1634 se
2953 1580 3340 1649 blasphemiam
3387 1587 3454 1635 ob

1895 1685 2046 1724 suam
2084 1671 2379 1725 bonitatem
2419 1671 2628 1725 remisit
2659 1689 2671 1724 :
2716 1679 2771 1721 at
2804 1686 2920 1723 eam
2955 1688 3074 1740 qua!
3107 1672 3159 1725 in
3194 1670 3452 1739 Spiritum

1897 1770 2141 1814 Sanctum
2161 1759 2381 1830 jacitur,
2417 1761 2736 1815 audentibus
2779 1760 3159 1818 inevitabiliter
3183 1765 3454 1833 imputan-

1896 1852 2017 1906 dam
2061 1851 2449 1922 pronuntiavit.
2490 1851 2700 1908 Primus
2735 1867 2866 1917 ergo
2902 1852 3111 1907 illorum
3143 1857 3230 1923 qui
3256 1855 3455 1909 verita-

221 1938 426 2010 ταύτην
447 1941 709 2009 ἐτόλμησε
737 1940 834 2010 τὴν
863 1939 1042 2013 φωνὴν
1088 1942 1306 2012 ἀφεῖναι
1336 1941 1464 2014 περὶ
1500 1940 1594 1994 τοῦ
1623 1941 1794 1995 Πνεύ-
1827 1931 1867 1984 Β

1793 1976 1794 1979 η
1827 1931 1867 1984 Β
1901 1953 2004 1996 tem
2037 1942 2207 1996 adorti
2249 1951 2396 2004 sunt,
2429 1955 2495 1994 ex
2545 1955 2651 2009 quo
2684 1943 2900 2012 pietatis
2950 1945 3255 2012 praedicatio
3283 1945 3455 1997 divulo

227 2047 415 2101 ματος.
441 2029 646 2083 Οὔκουν
679 2030 820 2094 τινὸς
873 2032 1034 2102 μέχρι
1078 2035 1313 2106 τήμερον
1341 2034 1660 2106 ἀκηκόαμεν
1704 2034 1795 2104 δη-

225 2124 544 2195 μιούργημα
568 2125 628 2178 τὸ
650 2125 801 2194 ἅγιον
828 2126 1049 2196 Πνεῦμα
1091 2126 1202 2197 (62)
1232 2129 1618 2196 προσειπόντος
1635 2169 1650 2194 ,
1676 2127 1708 2198 ἢ
1735 2128 1795 2179 ὲν

222 2221 337 2282 τοῖς
368 2220 799 2287 καταλειφθεῖσιν
834 2219 923 2271 ὐπ’
964 2219 1143 2270 αὐτῶν
1174 2218 1350 2286 λόγοις
1383 2219 1480 2288 τὴν
1526 2234 1799 2289 προσηγο-

226 2309 349 2381 ρίαν
382 2311 581 2380 ταύτην
598 2312 933 2381 εὑρήκαμεν.
963 2305 1095 2363 Εἴτά
1119 2325 1302 2380 φησιν·

294 2485 453 2539 ΕΥΝ.
501 2487 563 2539 Εί
608 2489 672 2539 ὲκ
717 2486 824 2540 τῶν
872 2486 1365 2560 δημιουργημάτων
1410 2487 1666 2557 ἀνάγοιτό
1716 2505 1800 2552 τις

225 2575 364 2646 πρὸς
396 2575 492 2646 τὴν
543 2577 640 2648 τῆς
682 2578 866 2640 οὐσίας
911 2577 1232 2648 κατάληψιν,
1279 2579 1496 2648 εὑρήσει
1551 2575 1644 2631 τοῦ
1701 2578 1798 2649 μὲν

223 2667 522 2740 ἀγεννήτου
560 2669 651 2722 τὸν
695 2670 822 2722 Υίὸν
855 2671 1086 2741 ποίημα,
1126 2670 1220 2723 τοῦ
1253 2670 1309 2723 δὲ
1344 2670 1678 2737 Μονογενοῦς
1707 2671 1798 2722 τὸν

227 2759 606 2831 Παράκλητον.

300 2851 450 2904 ΒΑΣ.
508 2851 700 2912 Ἀλλος
743 2842 898 2915 οὗτος
939 2852 1138 2920 τρόπος
1184 2851 1285 2920 τῆς
1361 2851 1613 2915 ἀσεϐείας
1663 2851 1795 2920 (65)·

224 2936 392 2991 διπλᾶ
432 2938 767 3009 βλασφημεῖν
811 2943 867 2994 ἐν
902 2941 980 2994 ἑνὶ
1005 2941 1230 3012 ῥήματι,
1267 2942 1358 2993 καὶ
1393 2941 1491 3010 τὴν
1523 2940 1615 2993 τοῦ
1647 2942 1799 3009 ἀγίου

227 3029 544 3100 Πνεύματος
579 3027 920 3097 ὲξουδένωσιν
966 3032 1040 3096 ὡς
1078 3032 1510 3105 ὁμολογουμένην
1551 3032 1798 3097 λαϐόντα,

227 3121 476 3176 ἐντεῦθεν
501 3124 740 3194 ὁρμῆσαι
765 3125 902 3194 πρὸς
929 3125 1026 3194 τὴν
1070 3124 1340 3189 ἀπόδειξιν
1373 3125 1470 3196 τῆς
1511 3125 1606 3177 τοῦ
1632 3127 1803 3178 Μονο-

226 3214 422 3285 γενοῦς
447 3216 808 3277 ἐλαττώσεως.
850 3217 978 3272 Καὶ,
1010 3215 1084 3278 ὡς
1115 3215 1308 3278 ἔοικεν,
1336 3219 1399 3268 Ol
1430 3215 1527 3285 μὲν
1559 3218 1797 3283 οὐρανοί

227 3302 574 3373 διηγοῦνται
599 3306 786 3369 δόξαν
805 3305 951 3359 Θεοῦ
971 3321 983 3333 ·
1017 3305 1076 3358 τὸ
1104 3305 1160 3358 δὲ
1185 3304 1406 3376 Πνεῦμα
1439 3307 1499 3359 τὶ)
1526 3307 1680 3375 ἅγιον
1704 3311 1801 3377 τὴν

229 3397 334 3467 τῆς
383 3397 538 3468 δόξης
601 3399 894 3452 ἐλάττωσιν
938 3397 1030 3450 τοῦ
1087 3397 1421 3466 Μονογενοῦς
1464 3399 1801 3468 ἀναγγέλλει.

230 3489 345 3542 Καὶ
395 3491 423 3542 ὁ
477 3490 578 3559 μὲν
623 3489 826 3561 Κύριος
886 3490 1013 3562 περὶ
1064 3489 1155 3543 τοῦ
1206 3489 1558 3562 Παρακλήτου
1611 3491 1801 3558 λέγων,

244 3579 500 3646 Ἐκεῖνος
521 3580 624 3649 ἐμὲ
646 3581 910 3645 δοξάσει,
944 3583 1106 3654 φησίν
1127 3599 1140 3613 ·
1173 3583 1205 3653 ή
1229 3581 1284 3634 δὲ
1312 3582 1614 3653 κατήγορος
1641 3581 1808 3650 γλῶτ-

229 3686 302 3723 τα
353 3671 609 3739 ἐμπόδιον
652 3669 789 3724 εἶναι
842 3673 919 3742 τῷ
947 3674 1062 3742 Υίῴ
1113 3675 1211 3744 τῆς
1267 3677 1402 3744 πρὸς
1451 3675 1540 3729 τὸν
1589 3675 1806 3745 Πατέρα

233 3763 575 3833 συγκρίσεως
610 3764 984 3831 ἀποφαίνεται.
1035 3766 1248 3836 Ἐπειδὴ
1281 3766 1388 3837 γὰρ
1430 3767 1521 3820 τοῦ
1559 3769 1807 3838 Πνεῦμα-

231 3872 344 3918 τος,
379 3855 531 3924 φησὶ,
566 3855 792 3926 ποιητὴς
821 3859 848 3909 ὁ
874 3857 1000 3919 Υἱὸς
1024 3856 1200 3927 (ἵλεως
1230 3857 1285 3910 δὲ
1313 3860 1461 3927 ἡμῖν,
1494 3859 1682 3929 Κύριε,
1716 3861 1806 3912 ἐπὶ

231 3950 348 4010 τοῖς
374 3945 480 4017 (64)
517 3946 863 4017 λαλουμένοις
890 3949 1046 4017 εἴης),
1089 3948 1246 4001 τοῦτο
1286 3949 1341 4002 δὲ
1369 3949 1607 4002 τοιοῦτόν
1638 3953 1803 4016 ἐστιν,

232 4040 311 4100 ὡς
349 4037 615 4108 μηδεμίαν
646 4037 946 4108 σεμνότητα
987 4037 1065 4108 τῷ
1097 4037 1558 4109 δημιουργήσαντι
1589 4055 1806 4109 προστι-

235 4129 409 4193 θέναι,
437 4128 525 4180 διὰ
557 4129 714 4181 τοῦτο
744 4128 863 4181 οὐδὲ
899 4126 1283 4198 συγκρίνεσθαι
1320 4128 1396 4198 τῷ
1427 4129 1602 4200 Πατρὶ
1637 4129 1802 4193 ἄξιος,

235 4221 303 4273 ὲκ
331 4220 429 4291 τῆς
454 4213 528 4271 ὧν
556 4221 807 4290 ἐποίησεν
834 4220 1102 4283 εὐτελείας
1141 4220 1202 4272 τὸ
1238 4220 1494 4290 ὁμότιμον
1533 4221 1627 4290 τῆς
1655 4221 1808 4284 ἀξίας

234 4314 424 4385 ἀφῃρη
433 4311 589 4382 μένος

310 4404 397 4458 54.
420 4399 564 4474 ’Ἃρα
587 4402 856 4473 ἀκηκόατέ
886 4421 1014 4458 ποτε
1031 4401 1374 4473 βλασφημίας
1395 4400 1803 4471 χαλεπωτέρας;

238 4494 352 4569 ἆρά
380 4513 464 4560 τις
503 4495 643 4548 οὕτω
693 4495 1002 4568 περιφανῶς
1040 4497 1119 4558 είς
1157 4496 1217 4547 τὸ
1254 4496 1491 4564 ἄφυκτον
1518 4497 1688 4565 κρῖμα
1711 4495 1806 4564 τῆς

1896 2051 2020 2102 gara
2056 2047 2158 2099 est,
2194 2034 2331 2089 hanc
2362 2033 2427 2089 tle
2451 2035 2652 2102 Spiritu
2684 2049 2869 2090 vocem
2887 2036 3134 2090 emittere
3164 2051 3324 2092 ausus
3350 2046 3454 2092 est.

1897 2124 2108 2177 Etenim
2136 2125 2225 2190 qui
2263 2124 2521 2192 Spiritum
2581 2136 2828 2178 sanctum
2863 2133 3162 2179 creaturam
3221 2125 3457 2193 appella~

1899 2214 1989 2275 rit,
2015 2213 2318 2267 audivimus
2345 2211 2613 2266 neminem
2645 2214 2709 2266 ad
2753 2213 3068 2266 hodiernum
3098 2229 3266 2283 usque
3293 2215 3456 2280 diem,

1899 2321 2070 2375 neque
2121 2306 2172 2359 in
2212 2307 2280 2361 iis
2321 2322 2458 2375 quos
2488 2306 2755 2374 reliquere
2795 2305 2945 2361 libris
2979 2307 3118 2362 hanc
3139 2307 3457 2379 appellatio-

1899 2413 2019 2451 nem
2046 2399 2367 2452 invenimus.
2395 2400 2576 2468 Itaque
2588 2399 2716 2452 dicit
2739 2414 2754 2451 :

1969 2488 2102 2542 Eua.
2166 2486 2222 2541 Si
2248 2488 2368 2556 quis
2396 2489 2725 2543 subvehatur
2755 2504 2784 2543 ε
2814 2489 3077 2542 creaturis
3101 2488 3165 2541 ad
3197 2488 3452 2540 substan-

1901 2581 1987 2634 tia:
2021 2580 2562 2648 comprehensionem
2591 2618 2606 2644 ,
2647 2579 2871 2646 ingeniti
2904 2579 3119 2648 quidem
3159 2589 3460 2634 creaturam

1901 2672 2095 2726 Filium
2127 2672 2382 2737 inveniet,
2422 2669 2694 2741 Unigeniti
2729 2686 2877 2735 vero,
2904 2670 3264 2726 Paraeletum.

1972 2852 2098 2908 Bas.
2137 2852 2289 2905 Alius
2341 2851 2428 2906 hic
2471 2862 2553 2905 est
2597 2850 2887 2919 impietatis
2934 2850 3143 2903 modus.
3197 2847 3459 2901 Nimirum

1902 2945 2188 3013 dupliciter
2279 2945 2614 3011 blasphemat
2691 2943 2855 2995 verbo
2913 2944 3111 3005 unico,
3182 2941 3464 3006 sanctique

1904 3036 2139 3105 Spiritus
2160 3044 2472 3103 contemptu
2502 3074 2516 3098 ,
2551 3033 2706 3101 quasi
2744 3048 2830 3086 res
2861 3031 3109 3086 confessa
3143 3032 3231 3094 sit,
3263 3031 3463 3098 posita,

1901 3129 2029 3184 hinc
2088 3128 2154 3180 ad
2197 3127 2666 3180 demonstrandam
2716 3124 2984 3193 Unigeniti
3040 3124 3462 3178 imminutionem

1903 3224 2224 3276 concitatur.
2253 3222 2450 3289 Atque,
2482 3229 2539 3272 ut
2572 3236 2667 3288 par
2691 3229 2792 3284 est,
2824 3219 2954 3273 ϐαιιὶ
2976 3222 3187 3288 quidem
3218 3227 3463 3272 (narrant

1907 3313 2129 3381 gloriam
2164 3311 2254 3364 Dei
2285 3313 2330 3342 "
2367 3330 2379 3365 :
2415 3311 2653 3381 Spiritus
2693 3325 2826 3364 vero
2870 3319 3089 3363 sanctus
3136 3310 3467 3364 imminutio-

1909 3418 2028 3455 nem
2063 3402 2245 3468 gloria:
2287 3401 2557 3472 Unigeniti
2596 3403 2829 3455 nuntiat.
2870 3401 2930 3454 lit
2972 3401 3227 3454 Dominus
3261 3401 3327 3452 de
3359 3397 3466 3452 Pa—

1909 3493 2108 3546 racleto
2140 3493 2396 3562 loquens:
2433 3493 2565 3558 Ille,
2601 3493 2810 3560 inquit,
2843 3508 2922 3545 me
2958 3491 3268 3560 gloriﬁcubit
3291 3491 3371 3557 ”;
3410 3498 3466 3544 at

1910 3583 2168 3638 maledica
2234 3584 2321 3637 illa
2377 3586 2555 3653 lingua
2622 3583 2816 3636 Filium
2877 3599 2973 3652 per
3030 3598 3150 3636 eum
3219 3581 3463 3652 impediri

1909 3677 2258 3744 pronuntiat,
2300 3691 2365 3728 ne
2424 3691 2542 3727 cum
2599 3673 2757 3727 Patre
2805 3683 3164 3741 comparetur.
3201 3671 3464 3738 Quoniam

1908 3767 2073 3829 enim,
2110 3767 2305 3836 inquit,
2334 3766 2568 3835 Spiritus
2589 3766 2832 3819 conditor
2860 3774 2942 3817 est
2971 3763 3137 3816 Filius
3163 3763 3258 3829 (sis
3283 3770 3463 3812 autem

1911 3859 2099 3923 nobis,
2142 3857 2362 3912 Domine
2389 3897 2403 3920 ,
2440 3858 2503 3910 de
2540 3857 2602 3909 iis
2633 3871 2751 3923 quae
2798 3855 3086 3922 loquimur,
3128 3848 3413 3920 propitius)
3449 3865 3463 3902 :

1909 3951 1994 4004 hic
2039 3959 2218 4001 autem
2253 3947 2370 4000 talis
2402 3955 2484 3999 est
2508 3986 2520 4008 ,
2555 3953 2611 3996 ut
2643 3944 2808 3998 decus
2843 3942 3045 3994 rmllum
3089 3939 3290 3995 tribuat
3337 3953 3466 3991 con-

1909 4041 2102 4102 ditori,
2165 4038 2366 4091 idcirco
2420 4049 2594 4102 neque
2645 4033 2838 4103 dignus
2873 4043 2955 4088 est
3004 4031 3092 4099 qui
3138 4046 3258 4085 cum
3307 4027 3468 4084 Patre

1907 4140 2270 4200 comparetur,
2316 4143 2438 4182 cum
2487 4129 2555 4181 ob
2601 4142 2788 4181 eorum
2832 4143 2951 4194 qua"
3001 4125 3129 4178 fecit
3169 4123 3464 4188 vilitatem,

1909 4221 2185 4291 dignitatis
2211 4219 2518 4289 aequalitate
2544 4219 2780 4288 privatus
2810 4218 2897 4270 sit.

1977 4401 2066 4457 54.
2106 4399 2240 4452 Num
2284 4412 2519 4466 unquam
2563 4395 2789 4448 audistis
2820 4390 3207 4459 blasphemiam
3256 4387 3469 4455 gravio-

1908 4510 2020 4549 rem
2048 4493 2071 4545 ?
2095 4507 2220 4546 num
2263 4490 2384 4560 quis
2412 4489 2545 4542 adeo
2581 4487 2866 4555 perspicue
2904 4484 2955 4535 in
2986 4478 3292 4535 inevitabile
3320 4476 3465 4544 judi-

237 4593 320 4655 είς
350 4588 410 4643 τὺ
437 4588 656 4659 Πνεῦμα
691 4589 751 4641 τὸ
782 4591 932 4658 ἂγιον
960 4587 1304 4660 βλασφημίας
1331 4586 1625 4652 κατέπεσε;
1667 4586 1808 4641 Μον-
1839 4596 1883 4652 ο

1807 4589 2050 4652 ηοςίιιιῐι
2108 4585 2176 4637 ob
2222 4583 2534 4649 blaSphema
2582 4580 2634 4632 in
2689 4578 2951 4646 Spiritum
3001 4582 3246 4628 sanctum
3296 4569 3469 4625 .verha

309 4752 352 4781 ’⁷
383 4748 568 4803 Matth.
602 4763 699 4813 xu,
724 4747 810 4802 3t.
886 4747 931 4780 ⁸³
959 4747 1098 4802 Psal.
1126 4762 1282 4811 mn,
1318 4748 1373 4803 2.
1450 4745 1668 4801 "Joan.
1700 4760 1812 4810 xvr,
1841 4744 1926 4797 14.

313 4909 423 4976 (59)
454 4906 605 4976 Illud,
641 4904 976 4976 παρενθήκη,
1013 4904 1166 4959 debet
1213 4919 1379 4972 accipi
1414 4918 1478 4958 ue
1516 4919 1581 4957 eo
1609 4902 1793 4976 c_onvi-

238 4971 348 5036 cio.
379 4971 486 5045 quo
524 4971 781 5043 Spiritum
828 4971 1075 5045 sanetum
1116 4971 1462 5029 consectatus
1502 4983 1589 5045 est
1621 4971 1797 5026 Enno-

240 5044 424 5101 niius’:
461 5048 599 5113 quod
654 5057 758 5098 tam
801 5061 963 5114 grave
1007 5044 1180 5097 l'uitet
1216 5056 1322 5097 tam
1360 5044 1712 5114 horrendum,
1739 5051 1798 5093 ut

239 5117 616 5170 contumeliam
655 5113 822 5182 ipsani
847 5133 948 5184 qua
966 5115 1272 5168 oEttnomius
1305 5114 1496 5167 Filium
1525 5113 1796 5184 alleeerat,

239 5188 400 5254 longe
429 5180 714 5253 superarit.
753 5180 1004 5254 llne'ipso
1032 5186 1082 5238 in
1116 5185 1233 5237 loco
1280 5200 1410 5237 mss.
1437 5180 1679 5254 nonnulli
1705 5199 1801 5233 κα-

238 5252 588 5337 ταεέρονήσας
633 5255 760 5326 γάρ.
816 5252 1053 5310 Subinde
1103 5269 1233 5310 mss.
1293 5255 1496 5325 aliquot
1562 5252 1802 5323 βλασφη-

286 5345 425 5380 ουσι.

242 5346 631 5474 βίῖίῑῖο
667 5396 798 5474 Ven.
837 5407 892 5474 et
947 5394 1114 5474 nostri
1164 5405 1393 5474 septem.
1454 5409 1587 5448 mss.
1633 5409 1805 5474 προσ-

241 5462 502 5521 έλάϐε.1η
532 5480 639 5533 quo
675 5465 856 5518 mirari
898 5466 1038 5518 subit
1069 5462 1488 5533 Trapezuntium
1526 5479 1634 5517 uno
1662 5462 1806 5533 littec

240 5539 375 5591 fulta
411 5532 773 5588 additamento
805 5535 878 5586 ita
911 5535 1155 5588 delusum
1182 5532 1331 5595 esse,
1360 5543 1414 5586 ut
1463 5545 1629 5587 totum
1687 5532 1805 5598 ejus

242 5605 346 5660 loci
383 5606 700 5658 sententiam
731 5605 1052 5671 corruperit,
1087 5605 1446 5670 interpretans
1476 5604 1577 5657 hoc
1607 5603 1762 5656 modo
1789 5620 1799 5652 :

244 5676 529 5727 hominum
579 5690 780 5742 quoque
808 5675 876 5725 ad
912 5674 1046 5726 hanc
1074 5675 1445 5742 blasphemiam
1502 5674 1796 5738 conjunxit.

243 5742 362 5798 Non
397 5745 539 5812 enim
602 5744 913 5803 Eunomius,
955 5753 1013 5795 ut
1060 5746 1240 5798 verbis
1293 5753 1413 5796 utar
1470 5743 1796 5812 interpretis,

246 5813 533 5869 Dominum
571 5813 636 5866 ad
689 5813 827 5868 hanc
877 5813 1262 5879 blasphemiam
1315 5812 1595 5882 conjunxit
1648 5830 1662 5864 :
1708 5815 1798 5869 sed

249 5884 513 5955 Spiritum
567 5895 833 5942 sanctum.
898 5886 1064 5942 llecte
1119 5884 1275 5954 igitur
1309 5894 1361 5940 et
1410 5887 1713 5951 emendate,
1744 5893 1801 5939 ιιι

1907 4909 2090 4955 monet
2122 4898 2373 4972 Ducacus,
2414 4894 2466 4972 in
2509 4891 2831 4972 editionist
2875 4888 3155 4972 Basilicus}
3197 4897 3250 4939 et
3277 4887 3462 4964 Steph.

1904 4985 2002 5038 pro
2027 4964 2329 5039 προσέλαϐε
2360 4965 2550 5031 legitur
2567 4961 2830 5033 προέλαϐε
2861 4979 2876 5014 ε
2915 4961 3034 5012 Non
3063 4961 3197 5009 enim
3219 4962 3466 5036 quoniam

1905 5041 2001 5092 hoc
2029 5038 2257 5091 convicio
2289 5034 2566 5088 Dominum
2619 5034 2761 5101 prius
2807 5033 3072 5084 insecutus
3126 5037 3198 5078 est
3231 5065 3248 5090 ,
3297 5042 3466 5101 unum

1906 5108 2174 5178 indignari
2225 5106 2489 5178 debemus.
2543 5097 2762 5154 llo‘ctam
2812 5097 3464 5178 illam_clueo-tendantur

1907 5166 2231 5247 scripturam
2281 5175 2458 5247 secuti
2526 5183 2651 5226 sunt
2707 5169 3020 5240 typographi
3078 5166 3461 5219 l’arisienses:

1908 5246 2041 5317 quos
2074 5263 2170 5300 nos
2201 5246 2493 5317 imitamur.
2572 5313 2582 5317 _
2667 5311 2677 5317 ,
2763 5310 2773 5317 _
2858 5310 2868 5317 _
2937 5308 2950 5317 _

1980 5317 2089 5383 (61)
2127 5315 2264 5369 Edit'i
2313 5313 2464 5366 Ἐπεὶ
2491 5313 2603 5366 καί.
2641 5308 3024 5383 Antiqui‘dno
3080 5304 3198 5383 libri
3245 5301 3467 5376 Ἐπειδὴ

1911 5375 2018 5441 καί.
2058 5375 2172 5439 Mox
2197 5385 2327 5453 Reg.
2355 5396 2577 5453 quartus
2601 5381 2698 5451 τὴν
2727 5375 2821 5450 μὲν
2857 5381 2934 5453 είς
2961 5375 3169 5453 ἑαυτόν.

1981 5455 2091 5524 (62)
2105 5456 2256 5528 ~Editi
2274 5443 2447 5528 ρι
2480 5443 2715 5528 σήμερον
2727 5443 3052 5528 ’ἀκηκόαμεν
3079 5443 3383 5528 δημιουργη
3393 5460 3465 5524 μνα

1981 5493 2090 5524 \‘"‘/
2122 5493 2256 5509 ¹·⁴“¹¹¹’¹
2288 5493 2447 5526 P‘VJ"
2481 5493 2529 5505 "'
2553 5493 2712 5523 F't’"
2739 5493 3044 5528 '""t"‘_"t""
3086 5493 3101 5496 '
3132 5493 3171 5512 tr
3200 5493 3232 5494 "
3257 5493 3298 5513 νιν
3326 5493 3336 5508 ι
3373 5493 3463 5524 ιιι,

1909 5528 1969 5580 τὸ
1992 5525 2212 5595 Πνεῦμα
2239 5525 2299 5577 τὸ
2329 5527 2500 5593 ἅγιον.
2525 5493 2689 5576 l’aulo
2719 5522 2874 5573 aliter
2907 5535 2959 5571 tu
2986 5529 3117 5570 tnss.
3146 5525 3366 5576 nostris,
3393 5527 3466 5564 utr

1910 5614 1972 5652 ex
2004 5607 2256 5650 contextu
2286 5596 2735 5665 perspicipotest.

1980 5666 2092 5735 (65)
2145 5653 2356 5728 Antiqui
2393 5653 2496 5718 duo
2527 5653 2647 5717 libri
2699 5659 2898 5732 τρόπος
2951 5656 3046 5726 τῆς
3097 5653 3465 5726 βλασφημίας,

1908 5738 2090 5790 modus
2127 5735 2473 5807 blasphemiw.
2607 5805 2612 5807 _
2724 5805 2740 5807 η
2949 5801 2962 5807 _
3014 5801 3026 5807 _
3088 5796 3100 5807 ,
3149 5797 3162 5807 ,
3424 5792 3433 5801 .

1979 5808 2090 5877 (64)
2116 5796 2338 5866 Codices
2394 5809 2497 5863 duo
2535 5805 2627 5858 ἐπὶ
2660 5805 2790 5867 τοῖς.
2832 5800 2986 5864 Illud,
3013 5796 3123 5858 ἐπί,
3149 5797 3224 5852 in~
3251 5796 3467 5850 excusis

1909 5880 2109 5935 deerat.
