4208 6494
175 467 288 524 653

1280 463 1647 519 ADVERSUS
1688 466 2054 523 EUNOMIUM
2098 468 2226 521 LIB.
2273 466 2357 519 ΙΙΙ.

3308 466 3411 521 65ῑ

184 614 3408 653 ________________________________________...

1199 844 1537 968 KAT'
1631 853 2423 970 ΕΥΝΟΜΙΟΥ

1550 1125 1912 1212 ΛΟΓΟΣ
1948 1120 2063 1207 Γ’.

1202 1378 1361 1433 ΠΕΡΙ
1399 1380 1535 1432 ΤΟΥ
1572 1380 1776 1433 ΑΓΙΟΥ
1812 1378 2236 1434 ΠΝΕΥΜΑΤΟΣ
2275 1378 2405 1449 (78).

1761 1612 1831 1624 —

665 1770 1135 1863 CONTRA
1211 1770 1894 1863 EUNOMIUM
1980 1772 2337 1860 LIBER
2410 1770 2923 1862 TERTIUS

1427 2005 1515 2061 DE
1550 2006 1819 2062 SPIRITU
1867 2004 2150 2064 SANCTO.

255 2372 307 2417 1.
357 2362 503 2415 ΒΑΣ.
542 2361 707 2424 Μόλις
743 2361 870 2414 ποτὲ
907 2362 1017 2429 (75)
1050 2363 1327 2433 κορεσθεὶς
1377 2362 1485 2413 τῶν
1536 2363 1614 2424 είς
1659 2361 1750 2414 τὸν
1780 2365 1826 2424 Α

1738 2379 1750 2413 θ
1780 2365 1826 2424 Α
1926 2361 1975 2414 1.
2017 2360 2138 2415 Bas.
2160 2360 2255 2414 Vix
2278 2359 2487 2413 tandem
2509 2356 2921 2426 blasphemiisin
2953 2353 3293 2426 Unigenitum
3313 2374 3400 2412 cx-

174 2455 458 2526 Μονογενῆ
493 2454 865 2525 βλασφημιῶν,
895 2454 986 2505 ἐπὶ
1012 2456 1069 2506 τὸ
1101 2455 1319 2525 Πνεῦμα
1340 2454 1399 2507 τὸ
1432 2454 1583 2522 ἆγιον
1617 2472 1745 2525 μετ-

174 2549 457 2619 ελήλυθεν,
498 2546 762 2600 ἀκόλουθα
800 2548 864 2614 τῇ
906 2545 999 2615 ὅλῃ
1047 2546 1208 2597 αὑτοῦ
1265 2545 1374 2616 (76)
1436 2546 1746 2619 προαιρέσει

173 2642 274 2693 καὶ
301 2641 427 2710 περὶ
455 2637 640 2691 τούτου
669 2635 1040 2704 διαλεγόμενος
1060 2652 1075 2667 ο
1104 2638 1301 2709 γράφει
1331 2638 1385 2691 δὲ
1416 2638 1604 2701 οὕτως’

251 2730 413 2782 ΕΥΝ.
477 2725 812 2797 Ἀρκούντων
877 2726 933 2779 δὲ
979 2729 1111 2797 ἡμῖν
1165 2728 1429 2781 τοσούτων
1477 2730 1604 2801 περὶ
1654 2728 1745 2782 τοῦ

172 2816 538 2885 Μονογενοῦς,
574 2815 861 2869 ἀκόλουθον
907 2816 973 2871 ἂν
1016 2816 1100 2888 είη
1149 2818 1242 2870 καὶ
1289 2819 1415 2889 περὶ
1443 2817 1535 2869 τοῦ
1568 2818 1748 2889 Παρα-

174 2910 377 2980 κλήτου
407 2907 586 2961 λοιπὸν
613 2910 785 2960 εἰπεῖν
807 2923 822 2938 ο
857 2907 916 2959 ού
951 2908 1067 2969 ταῖς
1092 2906 1460 2973 ἁνεξετάστοις
1484 2906 1590 2961 τῶν
1623 2908 1749 2959 πολ-

174 3000 287 3052 λῶν
315 2998 738 3061 ἀκολουθοῦντας
756 2997 952 3064 δόξαις,
984 2999 1080 3069 τὴν
1102 2998 1157 3051 δὲ
1181 2998 1287 3051 τῶν
1311 2997 1477 3067 ἁγίων
1500 3000 1556 3051 ἐν
1580 2998 1748 3052 ἁπασι

178 3089 554 3158 φυλάσσοντας
580 3088 945 3153 διδασκαλίαν,
981 3090 1109 3159 παρ’
1132 3083 1205 3143 ὧν
1229 3090 1408 3161 τρίτον
1440 3090 1571 3145 αὐτὸ
1596 3090 1751 3157 ἁξιὼ-

180 3197 314 3250 ματι
345 3181 437 3231 καὶ
477 3178 621 3241 τάξει
674 3178 954 3247 μαθόντες,
986 3180 1164 3247 τρίτον
1202 3177 1339 3233 εἶναι
1370 3184 1462 3235 καὶ
1490 3186 1554 3253 τῇ
1592 3183 1749 3252 φύσει

176 3286 645 3337 πεπιστεύκαμεν.

254 3363 401 3414 ΒΑΣ.
432 3363 551 3413 Ὅτι
586 3362 682 3432 μὲν
727 3361 834 3431 γὰρ
880 3362 981 3415 οὐκ
1026 3360 1193 3414 οἴεται
1238 3363 1343 3415 δεῖν
1390 3368 1453 3435 τῇ
1485 3367 1627 3438 ἁπλῇ
1658 3372 1749 3421 καὶ

176 3454 580 3525 ἀνεπιτηδεύτῳ
636 3454 816 3506 πίστει
870 3454 978 3508 τῶν
1033 3454 1239 3508 πολλῶν
1286 3456 1562 3526 ἐμμένειν,
1614 3458 1747 3511 ἀλλὰ

176 3551 447 3618 τεχνικοῖς
476 3565 582 3600 τισι
626 3548 717 3600 καὶ
753 3548 1160 3618 σεσοφισμένοις
1200 3548 1376 3616 λόγοις
1415 3549 1571 3603 πάλιν
1616 3550 1747 3619 πρὸς

177 3642 242 3694 τὸ
296 3640 481 3695 δοκοῦν
516 3640 691 3711 ἑαυτῷ
724 3641 1165 3713 παρακρούεσθαι
1192 3642 1289 3711 τὴν
1334 3642 1607 3713 ἀλήθειαν.
1642 3644 1753 3695 ίκα-

1853 2452 2099 2517 satiatus,
2131 2450 2196 2505 ad
2229 2449 2488 2519 Spiritum
2520 2456 2763 2501 sanctum
2795 2445 2864 2499 ita
2898 2446 3131 2511 transiit,
3164 2456 3221 2499 ut
3251 2448 3315 2501 de
3345 2463 3404 2501 ec

1854 2544 2016 2599 etiam
2047 2552 2467 2597 consentaneum
2511 2541 2605 2595 toti
2654 2554 2752 2595 suo
2790 2539 3063 2609 proposito
3106 2553 3403 2594 sermonem

1856 2635 2119 2690 instituat.
2161 2632 2361 2688 Scribit
2399 2639 2577 2685 autem
2609 2628 2688 2684 sic
2731 2648 2744 2683 :

1925 2727 2059 2782 Eua.
2102 2726 2235 2781 Cum
2284 2734 2461 2779 autem
2521 2724 2634 2777 haec
2685 2722 2838 2777 nobis
2876 2722 2939 2777 de
2973 2721 3257 2792 Unigenito
3300 2723 3389 2777 suf

1856 2818 2056 2881 ﬂciant,
2086 2830 2419 2885 consequens
2439 2814 2602 2868 fuerit
2641 2823 2697 2867 ut
2725 2813 2833 2879 jam
2865 2814 2929 2867 de
2964 2812 3239 2868 Paracleto
3276 2830 3401 2883 quo-

1856 2926 1959 2979 que
1988 2910 2263 2975 dicamus,
2306 2924 2413 2963 non
2463 2907 2606 2978 vulgi
2644 2906 2923 2977 opiniones
2968 2909 3279 2962 temerarias
3324 2923 3407 2962 se-

1857 3003 2005 3064 cuti.
2061 3004 2153 3059 sed
2208 3012 2519 3057 sanctorum
2568 3001 2618 3054 in
2655 2999 2903 3055 omnibus
2950 2999 3247 3055 doctrinam
3283 3015 3399 3054 ser»

1857 3105 2042 3149 vantes
2068 3114 2080 3146 :
2115 3109 2145 3148 a
2174 3109 2368 3163 qumus
2395 3108 2515 3147 cum
2548 3091 2893 3146 didicerimus
2918 3106 3039 3145 eum
3071 3091 3329 3160 dignitate
3355 3104 3410 3147 et

1855 3184 2043 3239 ordine
2078 3186 2293 3237 tertium
2318 3223 2332 3247 ,
2376 3181 2589 3235 tertium
2630 3194 2839 3248 quoque
2869 3189 3059 3233 natura
3096 3195 3213 3236 esse
3243 3182 3411 3237 credi-

1857 3292 1993 3331 IDUS.

1928 3368 2053 3422 BAS.
2094 3366 2244 3433 Quod
2270 3364 2483 3435 quidem
2514 3378 2615 3417 non
2642 3372 2793 3434 putet
2818 3370 3069 3433 oportere
3093 3364 3144 3419 in
3177 3366 3406 3437 simplici

1859 3475 1923 3513 ac
1954 3458 2095 3513 nuda
2139 3457 2425 3511 multorum
2460 3457 2561 3510 Iide
2593 3470 2907 3523 permanere
2928 3496 2943 3521 ,
2969 3457 3062 3511 sed
3104 3459 3407 3515 artiﬁciosis

1856 3549 2175 3615 quibusdam
2251 3564 2312 3601 ac
2392 3546 2645 3615 captiosis
2742 3546 3036 3603 rationibus
3128 3553 3405 3605 veritatem

1862 3654 2045 3693 rursus
2073 3639 2137 3689 ad
2182 3640 2266 3701 id,
2313 3638 2454 3707 quod
2503 3638 2603 3691 sibi
2654 3638 2883 3703 videtur,
2928 3640 3242 3706 detrudere,
3277 3644 3407 3699 satis

178 3732 291 3794 νὼς
331 3730 388 3795 ἐξ
417 3724 491 3783 ὧν
540 3726 688 3782 εἶπεν
733 3731 1015 3803 ἐδήλωσεν.
1061 3732 1361 3801 ’Δτιμάζων
1389 3732 1496 3802 γὰρ
1526 3734 1621 3804 τὴν
1648 3735 1756 3787 τῶν
1789 3727 1830 3782 Β

1743 3753 1756 3787 θ
1789 3727 1830 3782 Β
1856 3748 1919 3788 ex
1950 3734 2015 3787 iis
2043 3747 2160 3801 qua:
2191 3732 2409 3800 protulit
2436 3731 2610 3785 verbis
2644 3733 2894 3785 ostendit.
2914 3734 3074 3803 272
3107 3734 3238 3791 Nam
3268 3738 3405 3791 mul~

179 3822 395 3876 πολλῶν
418 3819 590 3885 δόξαν,
682 3822 957 3885 δοξάζουσι
983 3822 1042 3875 τὸ
1067 3822 1289 3893 Πνεῦμα
1309 3823 1369 3876 τὸ
1396 3822 1567 3892 ἁγιον,
1596 3842 1759 3895 προσ-

181 3916 419 3965 ποιεῖται
451 3912 549 3983 τὴν
597 3911 705 3963 τῶν
744 3913 913 3979 ἁγίων
946 3913 1236 3981 φυλάσσειν
1272 3913 1632 3979 διδασκαλίαν,
1667 3918 1759 3969 καὶ

180 4006 312 4065 τοὺς
362 4006 563 4075 ταύτην
621 4003 769 4073 αύτῷ
825 4005 1270 4074 παραδεδωκότας
1317 4006 1624 4077 ἁποσιωπᾷ,
1667 4009 1760 4061 καὶ

180 4096 303 4156 νῦν,
333 4095 474 4167 άπερ
502 4098 603 4150 κάν
622 4099 733 4159 τοῖς
758 4096 882 4167 περὶ
908 4095 999 4148 τοῦ
1027 4095 1362 4164 Μονογενοῦς
1390 4096 1565 4165 λόγοις
1592 4099 1758 4150 ποιῶν

182 4184 502 4255 ἀπεδείχθη.
532 4182 664 4239 Εἶτά
695 4204 825 4258 φησι
864 4184 1014 4257 παρὰ
1052 4185 1148 4256 μὲν
1181 4185 1287 4238 τῶν
1328 4185 1495 4253 ἁγίων
1527 4186 1763 4257 μεμαθη-

182 4277 342 4331 κέναι
370 4275 429 4327 τὸ
448 4276 627 4345 τρίτον
658 4272 796 4329 εἶναι
820 4280 886 4347 τῇ
912 4275 1059 4341 τάξει
1088 4277 1181 4329 καὶ
1208 4276 1284 4347 τῷ
1310 4274 1597 4347 ἀξιώματι,
1629 4280 1756 4349 παρ’

182 4368 381 4424 ἑαυτοῦ
412 4367 466 4419 δὲ
508 4370 924 4423 πεπιστευκέναι
951 4369 1010 4420 τὸ
1038 4371 1131 4422 καὶ
1173 4369 1282 4440 (77)
1315 4370 1493 4440 τρίτον
1525 4365 1661 4423 εἶναι
1691 4374 1755 4441 τῇ

185 4462 369 4531 φύσει.
409 4460 564 4523 Τίνες
590 4460 644 4513 δὲ
673 4464 720 4514 οἱ
769 4463 930 4531 ἁγιοι,
960 4461 1051 4513 καὶ
1078 4464 1135 4513 ὲν
1162 4463 1330 4526 ποίοις
1359 4462 1534 4531 λόγοις
1558 4464 1656 4535 τὴν
1680 4463 1758 4516 δι-

183 4554 479 4605 δασκαλίαν
533 4554 875 4621 πεποίηνται,
923 4556 1095 4607 εἰπεῖν
1141 4554 1239 4605 οὐκ
1293 4554 1404 4623 ἔχει
1446 4555 1576 4625 (78).
1612 4549 1756 4626 1’Δρα

184 4642 410 4709 γέγονεν
452 4643 591 4696 οὕτω
643 4644 911 4713 τολμηρὸς
955 4645 1272 4714 ἅνθρωπος,
1327 4646 1425 4706 τὰς
1480 4646 1606 4716 περ).
1649 4646 1755 4699 τῶν

188 4735 349 4788 θείων
376 4736 656 4806 δογμάτων
699 4737 1043 4805 καινοτομίας
1067 4734 1447 4807 εἰσηγούμενος
1473 4752 1487 4799 ;
1517 4737 1611 4799 Τίς
1648 4738 1754 4809 γὰρ

184 4828 421 4896 ἀνάγκη,
456 4831 503 4879 εἰ
548 4829 625 4899 τῷ
657 4828 922 4899 ἀξιώματι
955 4829 1047 4882 καὶ
1083 4832 1146 4900 τῇ
1178 4827 1326 4895 τάξει
1367 4827 1547 4899 τρίτον
1572 4828 1746 4898 ύπάρο

1861 3837 2035 3877 torum
2075 3824 2323 3891 opinione
2352 3833 2677 3891 contempta,
2717 3838 2821 3892 qua
2861 3824 3118 3894 Spiritum
3162 3840 3404 3883 sanctum

1852 3915 2170 3987 glorilicant,
2194 3914 2409 3967 simulat
2435 3924 2614 3967 tenere
2637 3929 2695 3968 se
2735 3928 3047 3972 sanctorum
3066 3919 3401 3975 doctrinam:

1854 4021 1909 4064 at
1931 4022 2024 4063 eos
2054 4008 2145 4078 qui
2176 4022 2293 4062 eam
2322 4006 2420 4076 ipsi
2469 4007 2836 4073 tradiderunt,
2874 4017 3034 4073 tacet,
3066 4012 3227 4065 etiam
3263 4028 3406 4068 nunc

1854 4100 2055 4156 faciens
2103 4115 2163 4154 ea
2198 4100 2335 4169 ipsa,
2368 4112 2485 4167 qua:
2514 4097 2581 4151 ab
2606 4114 2669 4153 eo
2708 4100 2829 4153 dum
2861 4100 2927 4153 de
2968 4099 3254 4171 Unigenito
3288 4121 3406 4159 ser-

1855 4206 2063 4245 monem
2129 4189 2389 4253 haberet,
2449 4188 2585 4241 facta
2638 4202 2757 4243 esse
2820 4192 3241 4245 demonstratum
3300 4205 3403 4249 est.

1855 4282 2054 4337 Deinde
2078 4282 2211 4336 dicit
2237 4298 2265 4335 a
2301 4281 2501 4335 sanctis
2544 4281 2756 4350 quidem
2821 4297 2878 4337 se
2905 4282 3159 4339 didicisse
3191 4285 3406 4341 tertium

1851 4390 1969 4432 esse
2012 4377 2199 4431 ordine
2246 4383 2301 4427 et
2333 4374 2590 4444 dignitate
2623 4374 2919 4443 Spiritum;
2958 4392 2987 4429 a
3037 4391 3096 4431 se
3122 4378 3239 4446 ipso
3280 4394 3406 4434 vero

1853 4469 2092 4529 credere,
2128 4475 2317 4519 natura
2354 4481 2569 4535 quoque
2598 4466 2815 4519 tertium
2847 4482 2986 4520 esse.
3019 4468 3118 4533 Qui
3151 4482 3276 4523 vero
3297 4470 3407 4523 sint

1852 4558 2025 4612 sancti
2072 4557 2179 4622 illi,
2215 4567 2270 4614 et
2313 4558 2364 4612 in
2420 4557 2614 4626 quibus
2662 4557 2877 4626 scriptis
2920 4558 3058 4611 hanc
3104 4558 3402 4612 doctrinam

1852 4643 2119 4698 ediderint
2146 4643 2327 4699 dicere
2370 4659 2471 4698 non
2513 4652 2707 4712 potest.
2750 4643 2943 4697 Fuitne
2976 4658 3207 4711 unquam
3244 4642 3405 4699 homo

1853 4736 1931 4789 sic
1969 4736 2166 4801 audax,
2210 4737 2301 4805 qui
2351 4736 2650 4789 divinorum
2689 4734 2998 4804 dogmatum
3037 4734 3404 4791 innovationes

1850 4829 2175 4884 induceret?
2212 4830 2317 4885 Cur
2364 4829 2503 4883 enim
2550 4843 2772 4883 necesse
2811 4838 2927 4893 est,
2966 4828 3010 4881 si
3056 4828 3313 4897 dignitate
3341 4844 3405 4884 ac

268 5029 382 5112 (ῖρ)
416 5026 725 5113 Titulus,ut
760 5031 844 5113 ﬁt,
890 5029 1046 5110 alius_
1078 5039 1161 5113 est
1192 5037 1244 5111 in
1294 5033 1414 5113 aliis
1455 5030 1751 5113 codicibus.
1783 5036 1823 5094 C
1855 5030 1930 5083 τῶ

1740 5072 1751 5085 .
1783 5036 1823 5094 C
1855 5030 2141 5113 τῶν-ἰδίων
2175 5035 2620 5113 συγγραμμάτων
2649 5033 3007 5113 χρησάμενος.
3042 5032 3238 5113 Dicunt.
3274 5049 3402 5113 iton-

186 5101 600 5174 Regiiﬂuartus
629 5110 683 5153 et
727 5112 913 5174 sextus
956 5099 1247 5174 τοῦᾼαύτοῦ
1304 5103 1439 5174 πρὸς
1472 5101 1754 5172 Εὐνόμιον,

184 5172 319 5241 περ).
346 5167 685 5241 Πνε-ύματος,
716 5171 1249 5241 εάιιεάεηιίαάιεεινειιε
1294 5167 1638 5235 Εἱίηοηιὶηηί,
1696 5176 1757 5226 de

187 5239 413 5305 Spiritu.
440 5239 572 5307 Reg.
603 5243 869 5294 secundus
900 5240 992 5292 τοῦ
1021 5240 1184 5295 αὑτοῦ
1216 5242 1452 5310 μεγάλου
1477 5242 1755 5294 Βασιλείω

186 5310 327 5378 πρὸς
354 5310 636 5378 Εὐνόμιον,
678 5310 805 5377 περ).
832 5310 925 5380 τού
958 5313 1113 5380 ἁγίου
1160 5310 1496 5379 Πνεύματος,
1526 5314 1757 5377 ejusdem

188 5381 367 5450 lnagm'
394 5380 581 5432 Basilii
602 5379 847 5450 adversus
877 5379 1215 5444 Eunbmium,
1244 5382 1304 5433 de
1320 5393 1501 5434 sancto
1530 5380 1754 5450 Spiritu.

187 5446 324 5517 Reg.
361 5451 551 5522 tertius
589 5460 641 5502 et
678 5448 829 5522 Coll).
852 5450 1188 5522 _si_mpliciter
1216 5450 1469 5522 περ).-τοῦ
1505 5446 1756 5521 Πνεύμα-

186 5536 281 5580 τος
312 5516 405 5569 τοῦ
442 5520 615 5586 ἁγίου,
656 5521 718 5572 de
767 5516 1205 5586 Spiritu'saucta.
1240 5516 1441 5586 Dubius
1474 5530 1527 5573 et
1576 5516 1750 5577 incer-

192 5600 285 5640 ius
311 5588 463 5640 visus
489 5582 572 5642 est
603 5590 688 5642 hic
720 5582 856 5643 liber
882 5592 1225 5656 quibusdam.
1285 5582 1358 5644 Ita
1414 5590 1557 5643 enim
1615 5593 1750 5645 scri-

189 5670 341 5724 ptum
379 5658 651 5711 invenitur
687 5658 736 5709 in
765 5674 858 5713 ora
884 5661 1123 5713 codicum
1167 5661 1454 5729 Regiorum
1525 5662 1664 5715 uarti
1702 5669 1755 5714 et

189 5727 330 5780 sexti
363 5743 377 5778 :
406 5725 561 5783 Τινές
612 5744 741 5783 φασι
787 5727 973 5781 τοῦτον
1024 5728 1115 5780 τὸν
1158 5730 1312 5783 λόγον
1366 5727 1436 5783 μὴ
1481 5672 1620 5783 given.
1660 5730 1752 5783 τοῦ

188 5727 330 5801 sexti
363 5725 583 5801 ὶΤινεςΔ
605 5727 973 5801 ’φασιλτοῦτον
1024 5728 1115 5801 rev
1158 5725 1312 5799 λόγον
1364 5727 1437 5801 μὴ
1481 5725 1620 5783 εἶναι
1660 5730 1752 5783 τοῦ

189 5795 668 5872 ἁγίουΒασιλείρῦ,
700 5797 787 5872 διά
811 5798 1149 5872 τὸ-φέρεσθαι
1183 5795 1322 5872 mea
1350 5795 1467 5872 τινα
1493 5802 1550 5853 ὲν
1582 5800 1749 5872 αύτῷ,

189 5865 500 5939 τραχύτερα
552 5862 707 5925 εἶναι
746 5862 1023 5939 δοκοῦντα,
1066 5865 1147 5934 οἷς
1181 5862 1249 5926 ἔν’
1286 5870 1457 5925 οὐδενὶ
1505 5862 1752 5942 φαίνεται

1858 5102 1988 5155 nulli
2010 5105 2149 5158 hunc
2174 5102 2360 5158 librum
2385 5102 2548 5157 suum
2580 5102 2765 5155 Basilii
2804 5118 2907 5156 non
2941 5119 3071 5165 esse,
3099 5104 3238 5171 quod
3267 5104 3322 5156 in
3344 5120 3402 5157 eo

1857 5176 2182 5239 reperiantur
2227 5178 2379 5227 verba
2422 5174 2683 5238 quoidam,
2716 5187 2831 5240 quas
2892 5173 3132 5227 videntur
3164 5174 3400 5231 duriora,

1854 5243 2040 5311 quibus
2072 5261 2171 5298 non
2201 5244 2512 5304 comperitur
2540 5243 2596 5312 in
2644 5242 2751 5295 alio
2783 5243 2891 5295 ulla
2931 5258 3140 5312 operum
3187 5258 3401 5294 suorum

1854 5330 1977 5365 usus
2003 5314 2182 5379 fuisse.
2208 5314 2279 5366 Ea
2307 5314 2371 5365 de
2407 5328 2463 5365 re
2490 5312 2543 5365 in
2579 5311 2913 5366 Pra’l'atione.

1927 5385 2039 5453 (75)
2067 5383 2204 5437 Editi
2241 5383 2408 5447 Μόλις
2457 5384 2531 5436 δέ.
2577 5382 2773 5437 Vocula
2799 5382 2853 5433 δέ
2885 5382 2936 5434 in
2972 5395 3105 5453 mss.
3136 5380 3404 5453 antiquin:

1858 5450 2193 5507 ribus'deest.
2228 5454 2420 5507 Statim
2476 5454 2605 5522 Reg.
2654 5455 2871 5520 quintus
2896 5460 2949 5505 et
2982 5452 3110 5506 editi
3141 5450 3403 5521 μονογενῆ

1859 5523 2006 5574 Υἱόν.
2045 5523 2148 5577 Sed
2178 5525 2229 5576 in
2261 5524 2381 5575 aliis
2414 5521 2681 5577 mssfvox
2732 5521 2857 5574 Υίόν
2904 5536 3008 5575 non
3044 5522 3251 5591 legitur.

1920 5593 2032 5661 (76)
2085 5592 2214 5661 Reg.
2252 5602 2485 5663 quartus
2536 5593 2629 5663 ὅλῃ
2683 5590 2897 5663 ἑαυτοῦ.
2932 5588 3219 5661 Aliquanto
3264 5588 3401 5645 infra

1852 5677 1981 5716 mss.
2010 5672 2115 5717 tres
2148 5661 2632 5725 άκολουθοῦντες.ξζ
2669 5662 3050 5731 φυλάσσοντες.

1946 5732 2032 5801 77)
2064 5732 2202 5785 Editi
2235 5733 2328 5785 καὶ
2359 5732 2440 5785 τό.
2465 5734 2680 5801 Antiqui
2706 5734 2810 5787 duo
2846 5733 2967 5785 libri
2994 5731 3054 5785 τὸ
3076 5732 3188 5785 καί.

1948 5802 2033 5872 ’78)
2064 5802 2168 5856 Has
2200 5811 2305 5857 tres
2334 5817 2509 5863 voces.
2540 5802 2727 5857 εἰπεῖν
2748 5806 2857 5859 οὐκ
2902 5803 3045 5872 ἔχει,
3076 5818 3143 5859 ex
3174 5809 3401 5871 quatuor

1853 5872 2124 5935 codicibus
2154 5872 2335 5945 Regiis
2367 5874 2685 5931 addidimus.
