4208 6482
267 434 372 489 657

271 642 381 696 τοῦ
409 643 478 696 ἐν
505 642 627 707 τοῖς
652 642 944 711 οὐρανοῖς.
972 644 1082 697 Καὶ
1120 647 1148 696 6
1184 644 1484 714 Ψαλμῳδός
1509 660 1660 715 φησι·
1697 648 1845 713 Hap-

270 733 520 800 εμϐαλεῖ
539 733 788 802 ἅγγελος
823 736 1042 801 Κυρίου
1077 735 1278 800 κύκλῳ
1315 733 1435 786 τῶν
1463 734 1846 803 φοϐουμένων

271 827 490 878 αὐτόν’
529 825 643 889 καὶ,
686 826 738 877 Ὁ
778 826 1028 896 ἅγγελος
1075 829 1105 878 ό
1137 825 1484 894 ῥυσάμενος
1529 825 1636 894 (86)
1673 843 1748 894 με
1777 825 1845 877 ἐκ

275 918 556 986 νεότητός
581 935 729 988 μου·
758 920 849 972 καὶ
886 919 983 971 ὅσα
1025 918 1267 974 τοιαῦτα.
1301 921 1422 973 ’Ότι
1460 920 1515 974 δὲ
1545 921 1703 974 πάλιν
1740 919 1844 971 εἰσί

273 1028 417 1072 τινες
461 1011 680 1079 ἄγγελοι
718 1013 810 1064 καὶ
841 1012 975 1063 ὅλων
1021 1011 1189 1064 ἐθνῶν
1236 1013 1592 1084 προεστῶτες,
1641 1013 1844 1080 Μωσῆς

274 1103 424 1171 ἡμᾶς
446 1103 684 1156 διδάσκει
709 1103 796 1154 διὰ
820 1103 916 1171 τῆς
950 1103 1094 1172 ᾠδῆς
1124 1103 1296 1172 λέγων
1316 1122 1330 1134 ο
1365 1103 1500 1157 "Ore
1527 1101 1846 1170 διεμέριζεν

275 1197 310 1245 ὁ
362 1195 644 1263 ’Υψιστος
685 1195 848 1261 ἔθνη,
903 1197 979 1261 ὡς
1027 1195 1364 1265 διέσπειρεν
1417 1197 1584 1261 υιοὺς
1652 1196 1842 1264 Ἀδὰμ,

274 1285 539 1355 ἔστησεν
577 1288 705 1354 ὅρια
750 1286 938 1340 ἐθνῶν
975 1290 1124 1342 κατὰ
1165 1289 1416 1357 ἀριθμὸν
1447 1288 1716 1358 ἀγγέλων
1737 1290 1844 1342 αὑ-

273 1381 404 1436 τοῦ.
433 1381 539 1431 Καὶ
570 1381 597 1430 ὁ
626 1379 786 1447 σοψὸς
818 1382 1014 1451 Δανιὴλ
1060 1383 1117 1434 ὲν
1144 1385 1206 1452 τῇ
1231 1381 1322 1435 τοῦ
1349 1381 1580 1448 ἀγγέλου
1613 1379 1846 1452 ὀπτασίᾳ

274 1475 409 1543 ἤχου
420 1490 505 1524 σεν
529 1471 692 1526 αὑτοῦ
714 1473 958 1541 λέγοντος
981 1477 1082 1539 ὃτι,
1118 1476 1674 1542 Ἀρχωνβασιλείιις
1704 1477 1845 1541 Περ-

273 1565 404 1618 σῶν
438 1565 700 1632 εἱστήκει
729 1566 1074 1631 ἐξεναντίας
1096 1585 1212 1633 μου
1237 1583 1248 1595 ·
1306 1566 1403 1620 καὶ
1444 1566 1572 1619 ἰδοὺ
1606 1564 1843 1632 Μιχαὴλ

272 1653 362 1721 εἷς
405 1655 520 1708 τῶν
555 1659 861 1726 ἀρχόντων
905 1657 1020 1710 τῶν
1066 1657 1309 1725 πρώτων
1356 1655 1501 1726 ἦλθε
1535 1656 1844 1724 βοηθῆσαί

268 1766 392 1817 μοι,
426 1749 523 1802 καὶ
551 1751 737 1804 αὐτόν
758 1750 1079 1804 κατέλιπον
1108 1749 1235 1803 ἐκεῖ
1257 1752 1407 1820 μετὰ
1431 1751 1534 1803 τοῦ
1557 1750 1845 1817 ἄρχοντος

268 1837 575 1904 ,ϐασιλέως
604 1840 868 1907 Περσῶν.
915 1841 1022 1892 Καὶ
1059 1841 1175 1910 μετ’
1203 1840 1356 1909 ὀλίγα
1396 1840 1557 1910 φησὶν
1589 1839 1617 1890 6
1652 1840 1838 1904 αὑτός·

1355 438 1730 494 ADVERSUS
1769 439 2136 498 EUNOMIUM
2175 442 2302 497 LIB.
2347 442 2436 498 111.

272 550 500 615 παντὸς
534 549 838 615 ,ϐλέπουσι
877 551 945 604 τὸ
983 554 1303 620 πρόσωπον
1329 553 1436 606 τοῦ
1474 555 1702 620 Πατρός
1727 571 1844 622 μου

1875 563 1917 617 Α
1946 557 2001 608 in
2023 558 2164 611 ctzlis
2195 568 2269 610 est
2288 559 2330 610 ⁵.
2359 557 2421 610 Ει
2451 555 2732 611 Psalmista
2766 557 2896 612 dicit

3405 447 3507 502 658

2943 575 2958 611 :
3007 557 3199 613 Castra
3231 563 3510 616 metabitur

1943 649 2158 718 angelus
2188 649 2400 703 Domini
2419 651 2472 702 in
2493 650 2716 703 circuitu
2742 651 3031 705 timentium
3058 652 3217 722 273
3248 653 3417 720 ipsum
3441 657 3462 686 ⁸
3489 674 3505 712 :

1944 750 1995 793 et
2023 757 2036 794 :
2067 739 2292 808 Angelus
2324 741 2412 809 qui
2452 739 2690 793 liberauit
2734 757 2815 794 me
2856 759 2887 794 a
2923 743 3196 811 juventuta
3238 745 3432 810 mea';
3456 757 3512 802 et

1943 846 2274 900 quacunque
2301 832 2538 901 ejusdem
2567 834 2780 901 generis
2820 843 2965 888 sunt.
3004 835 3153 900 Quod
3183 846 3358 890 autem
3389 853 3510 890 rur-

1944 937 2037 975 sus
2067 922 2175 974 siut
2212 921 2386 987 angeli
2427 921 2642 989 quidam
2711 921 2800 989 qui
2833 921 3080 990 gentibus
3123 923 3346 992 integris
3373 939 3511 992 pra:-

1944 1013 2101 1080 positi
2136 1021 2281 1072 sunt,
2305 1012 2461 1066 docet
2485 1027 2580 1064 nos
2610 1027 2706 1080 per
2735 1013 3001 1066 canticum
3033 1012 3225 1076 Muses,
3249 1017 3371 1067 dum
3400 1015 3506 1068 ait:

1948 1103 2171 1168 Quando
2203 1102 2461 1156 dividebat
2492 1104 2798 1157 Altissimus
2840 1115 3033 1173 gentes.
3069 1107 3280 1174 quando
3311 1109 3512 1176 disper—

1945 1196 2013 1248 sit
2059 1193 2196 1262 ﬁlios
2246 1195 2438 1259 Adam,
2475 1196 2741 1248 constituit
2787 1198 3035 1249 terminos
3085 1199 3316 1265 gentium
3355 1200 3511 1264 juxta

1948 1303 2218 1339 numerum
2257 1286 2559 1354 angelorum
2585 1303 2799 1339 suorum
2817 1285 2858 1335 ⁸.
2894 1286 2957 1338 Ει
2997 1289 3209 1356 sapiens
3239 1289 3422 1342 Daniel
3457 1291 3507 1342 iu

1946 1380 2153 1432 visione
2180 1379 2352 1448 angeli
2388 1378 2592 1432 audivit
2623 1378 2796 1447 ipsum
2828 1379 3096 1433 dicentem
3122 1398 3133 1432 :
3165 1379 3407 1447 Princeps
3436 1397 3508 1433 re-

1944 1472 2031 1539 gni
2084 1468 2364 1521 Persarum
2415 1471 2557 1522 stetit
2601 1486 2666 1524 ex
2709 1471 2929 1524 adverso
2976 1474 3105 1525 mihi
3135 1491 3154 1527 .'
3183 1485 3227 1526 et
3256 1491 3368 1526 ecce
3399 1473 3506 1526 illi-

1944 1562 2090 1614 cliael
2132 1579 2264 1615 unus
2313 1562 2374 1614 de
2422 1562 2743 1630 principibus
2800 1565 2979 1631 primis
3012 1567 3166 1628 venit,
3197 1567 3323 1618 milii
3353 1567 3508 1620 auxi-

1943 1653 2274 1706 liaturus:et
2323 1655 2494 1719 ipsum
2546 1653 2735 1724 reliqui
2788 1653 2899 1706 illic
2936 1671 3054 1708 cum
3116 1657 3349 1726 principe
3395 1674 3510 1727 rege

1947 1742 2228 1798 Persarum
2250 1745 2292 1796 ³.
2325 1744 2388 1798 Et
2421 1745 2579 1812 paulo
2619 1755 2737 1814 post
2764 1745 2851 1798 ille
2877 1747 2988 1814 ipse
3019 1745 3092 1799 ait
3123 1765 3135 1799 :
3161 1746 3228 1799 Et
3273 1749 3509 1818 princeps

1946 1835 2250 1890 Grecorum
2281 1837 2510 1891 veniebat
2532 1837 2596 1891 ¹⁰.
2625 1838 2728 1892 Sed
2765 1848 2818 1891 et
2868 1839 3142 1906 copiarum
3175 1839 3379 1894 Domini
3417 1841 3511 1894 ini-

275 1927 383 1980 Καὶ
435 1932 467 1982 ό
505 1929 702 1998 ἅρχων
733 1930 842 2000 (87)
875 1929 992 1982 τῶν
1037 1931 1343 1999 Ἑλλήνων
1387 1930 1620 1998 ἤρχετο,
1687 1931 1844 1983 Ἀλλὰ

1879 1910 1917 1962 Β
1949 1940 2162 1996 perator
2195 1945 2256 1984 ac
2290 1932 2393 1983 dux
2426 1930 2642 1995 dicitur,
2677 1931 2739 1996 is,
2771 1930 2862 1999 qui
2890 1929 3012 1985 Jesu
3049 1933 3193 1986 Nave
3227 1933 3290 1986 ad
3319 1932 3512 1987 Jorda-

274 2021 370 2072 καὶ
403 2021 835 2092 ἀρχιστράτηγός
856 2039 940 2084 τις
973 2022 1081 2090 (88)
1112 2023 1209 2091 τῆς
1234 2021 1512 2090 δυνάμεως
1536 2022 1739 2093 Κυρίου
1763 2021 1845 2074 λέ-

270 2127 446 2180 γεται,
476 2114 503 2164 6
539 2113 710 2184 Ἰησοῦ
740 2113 817 2183 τῷ
841 2113 934 2166 τοῦ
962 2113 1117 2181 Ναυῆ
1148 2113 1238 2164 ἐπὶ
1263 2111 1356 2164 τοῦ
1397 2113 1657 2184 Ἰορδάνου
1685 2131 1844 2181 φανε-

275 2204 483 2274 ρωοείς.
511 2205 617 2258 Καὶ
645 2205 804 2257 πάλιν
827 2205 967 2268 τινὲς
993 2204 1238 2272 λέγονται
1267 2203 1528 2272 λεγεῶνες
1549 2204 1654 2257 τῶν
1679 2204 1843 2271 ἀγγέ-

269 2296 398 2360 λων,
425 2296 516 2350 τοῦ
557 2298 758 2370 Κυρίου
800 2299 1043 2361 εἰπόντος
1071 2299 1182 2360 τοῖς
1215 2296 1511 2367 μαθηταῖς·
1549 2298 1616 2348 Ἡ
1651 2295 1843 2348 δοκεῖ-

270 2408 335 2444 τε
360 2390 471 2459 (89)
501 2390 589 2443 ὅτι
631 2393 702 2444 οὐ
744 2390 1000 2460 δύναμαι
1036 2389 1445 2458 παρακαλέσαι
1478 2388 1585 2442 τὸν
1616 2389 1846 2458 Πατέρα

265 2501 405 2551 μου,
451 2481 548 2534 καὶ
578 2481 952 2551 παραστήσει
977 2499 1078 2550 μοι
1111 2477 1224 2534 ὦδε
1257 2481 1502 2546 πλείους
1541 2480 1578 2548 ἢ
1621 2481 1846 2535 δώδεκα

268 2573 567 2641 λεγεῶνας
600 2573 903 2641 timemur;
957 2573 1015 2621 '0
1051 2571 1227 2622 τοίνυν
1266 2571 1704 2644 ἀρχιστράτηγος
1738 2573 1846 2624 τῶν

269 2668 329 2718 ιν
356 2669 470 2728 ταῖς
501 2665 724 2720 λεγεῶσι
755 2681 1058 2731 κατατεταγ
1067 2664 1240 2734 μένων
1263 2664 1507 2733 ἀγγέλων
1526 2665 1709 2736 ἄρχων
1729 2666 1844 2719 ἐστὶ

265 2756 530 2828 δηλονότι.

341 2848 394 2900 2.
437 2847 578 2917 Πρὸς
612 2846 666 2898 τί
698 2841 790 2900 οὖν
833 2846 862 2898 6
893 2846 1048 2915 λόγος
1076 2848 1204 2918 ἡμῖν
1235 2846 1423 2917 φέρει;
1455 2847 1576 2900 Ὀτι
1620 2847 1679 2899 οὐ
1712 2848 1845 2902 πάν-

267 2955 398 3000 τως,
439 2935 491 2988 εἴ
517 2955 568 2988 τι
593 2939 657 3007 τῇ
684 2935 834 3001 τάξει
876 2937 968 2990 καὶ
1011 2937 1088 3007 τῷ
1134 2936 1400 3006 ἀξιώματι
1432 2937 1679 3006 δεύτερόν
1729 2938 1844 2988 ἐστι

271 3031 366 3083 καὶ
392 3029 589 3099 τρίτον,
617 3030 774 3082 τοῦτο
808 3030 902 3082 καὶ
931 3031 1026 3099 τὴν
1053 3028 1210 3096 φύσιν
1239 3028 1430 3096 ἑτέραν
1456 3027 1587 3096 ἔχει.
1627 3029 1710 3091 Ὠς
1737 3029 1844 3100 γὰρ

271 3123 365 3174 ἐπὶ
391 3122 496 3174 τῶν
535 3121 781 3189 ἀγγέλων
820 3123 847 3174 6
889 3121 986 3189 μέν
1019 3136 1100 3181 τις
1127 3117 1304 3168 αὐτῶν
1336 3119 1537 3188 ἄρχων.
1579 3121 1607 3170 6
1645 3119 1700 3170 δὲ
1743 3121 1844 3172 ὑπ-

1947 2036 2065 2073 uem
2113 2021 2485 2075 manifestatus
2532 2022 2696 2078 est“.
2740 2023 2802 2075 Et
2855 2038 3042 2077 rursus
3087 2023 3323 2091 legiones
3362 2042 3508 2095 quae-

1946 2112 2067 2163 dam
2130 2113 2440 2181 angelorum
2486 2113 2780 2176 dicuntur,
2837 2114 3064 2169 Domino
3115 2115 3387 2182 discipulis
3429 2116 3510 2170 di-

1945 2215 2099 2260 cente
2129 2223 2144 2261 :
2175 2206 2253 2259 An
2282 2207 2475 2271 putatis
2524 2207 2661 2271 quod
2712 2224 2814 2260 non
2841 2224 3048 2274 possum
3081 2224 3266 2277 rogare
3298 2207 3509 2261 Patrem

1945 2313 2134 2360 meum,
2164 2306 2211 2349 et
2236 2297 2491 2349 exhibebit
2528 2297 2654 2348 milii
2685 2298 2766 2349 hic
2799 2298 2914 2365 plus
2945 2315 3100 2367 quam
3125 2300 3396 2353 duodecim
3427 2301 3503 2354 le-

1946 2389 2118 2456 giones
2163 2387 2573 2456 angelorum“?
2606 2387 2711 2454 Qui
2761 2389 2924 2454 igitur
2962 2389 3064 2442 dus
3117 2401 3198 2443 est
3241 2391 3510 2445 exercitus

1945 2501 2128 2540 eorum
2154 2485 2463 2556 angelorum
2493 2484 2582 2554 qui
2610 2487 2661 2540 in
2690 2485 2994 2557 legionibus
3025 2497 3389 2548 recensentur,
3423 2489 3512 2542 ille

1946 2577 2186 2644 profecto
2235 2577 2486 2648 princeps
2515 2583 2616 2631 est.

2014 2839 2068 2892 2.
2115 2839 2383 2906 Quorsum
2420 2837 2582 2907 igitur
2624 2837 2737 2891 htec
2787 2835 2996 2890 oratio?
3025 2835 3174 2901 Quod
3207 2850 3308 2887 non
3337 2835 3511 2888 couti-

1946 2948 2071 2996 nuo,
2105 2932 2147 2986 si
2180 2930 2305 3000 quid
2333 2930 2522 2983 ordine
2565 2943 2629 2984 ac
2670 2928 2931 2992 dignitate
2965 2928 3258 2982 secundum
3287 2935 3390 2988 est,
3418 2935 3510 2980 aut

1949 3024 2186 3086 tertium,
2220 3022 2268 3074 id
2297 3030 2350 3075 et
2391 3030 2638 3074 naturam
2672 3020 2895 3074 alteram
2942 3020 3124 3074 habet.
3153 3020 3511 3086 Quemadmoc

1946 3119 2068 3169 dum
2114 3114 2257 3168 enim
2317 3115 2457 3166 inter
2502 3112 2719 3183 angelos
2778 3113 3024 3182 princeps
3076 3113 3213 3165 alius
3245 3122 3345 3176 est,
3376 3111 3510 3166 alius

271 3214 450 3284 ήκοος,
482 3212 700 3279 ἄγγελοι
742 3212 798 3262 δὲ
828 3212 975 3279 ὅμως
1003 3212 1067 3280 τῇ
1105 3208 1262 3278 φύσει
1299 3210 1526 3272 πάντες*
1578 3211 1672 3262 καὶ
1705 3214 1843 3265 κατὰ

1875 3247 1915 3305 C
1951 3208 2214 3270 subditus,
2249 3216 2301 3261 et
2336 3217 2515 3259 tamen
2540 3215 2732 3260 natura
2760 3204 2934 3276 angeli
2961 3214 3084 3260 sunt
3106 3220 3331 3262 omnes:
3367 3216 3419 3259 et
3453 3206 3507 3260 in

273 3307 376 3376 μὲν
407 3305 464 3356 τὸ
498 3303 712 3372 ἀξίωμα
747 3303 777 3372 ἡ
804 3301 1053 3372 διαφορὰ,
1086 3303 1225 3354 κατὰ
1254 3303 1308 3354 δὲ
1337 3303 1434 3372 τὴν
1465 3303 1624 3371 φύσιν
1668 3307 1698 3373 ἡ
1733 3323 1847 3356 κοι-

271 3395 436 3448 νωνία
464 3393 708 3465 (καὶγὰρ
754 3393 972 3461 Ἀστὴρ
1001 3393 1254 3461 ἀστέρος
1285 3394 1543 3462 διαφέρει
1573 3394 1806 3460 ἐνδέξῃ
1831 3411 1844 3423 ·

271 3488 434 3560 φύσις
455 3487 508 3539 δὲ
535 3488 748 3540 πάντων
783 3487 1023 3558 ἀστέρων
1062 3487 1154 3557 μία
1175 3504 1187 3516 ο
1220 3488 1312 3539 καὶ
1345 3486 1533 3539 πολλαὶ
1571 3487 1726 3556 μονα).
1756 3504 1851 3539 πα-

271 3581 347 3656 ρὰ
380 3581 454 3652 τῷ
483 3581 678 3651 Πατρὶ,
720 3580 1015 3643 τουτέστιν,
1052 3579 1375 3649 ἀξιωμάτων
1420 3579 1672 3650 διαφοραί
1699 3596 1710 3608 °
1746 3579 1848 3641 φύ-

273 3692 360 3736 σις
389 3674 442 3726 δὲ
471 3674 628 3744 ὁμοία
653 3672 758 3726 τῶν
781 3671 1170 3741 δοξαζομένων)
1189 3689 1202 3700 ”
1233 3671 1374 3722 οὕτω
1397 3671 1634 3740 δηλονότι
1670 3672 1763 3724 καὶ
1788 3671 1847 3724 τὸ

274 3763 498 3832 Πνεῦμα
526 3761 586 3815 τὸ
615 3763 786 3829 ἅγιον,
811 3764 857 3814 εἰ
885 3761 976 3812 καὶ
1003 3760 1271 3828 ἀξιώματι
1294 3760 1387 3810 καὶ
1416 3760 1562 3823 τάξει
1585 3759 1692 3829 (90)
1718 3762 1847 3812 ὑπο-

273 3852 528 3923 δέόηκεν,
560 3853 633 3916 ὡς
658 3852 871 3921 λέγουσι
897 3851 1335 3922 (παρειλήφαμεν
1367 3851 1474 3922 γὰρ
1505 3853 1656 3916 αὐτὸ,
1693 3853 1842 3921 φησὶ,

271 3947 454 4018 τρίτον
487 3946 595 3998 ἀπὸ
637 3947 849 4017 Πατρὸς
899 3947 991 3998 καὶ
1035 3945 1163 3997 Υίοῦ
1199 3945 1628 4016 ἀριθμούμενον
1682 3947 1844 3999 αὑτοῦ

272 4039 372 4093 τοῦ
408 4039 610 4109 Κυρίου
636 4039 693 4089 ἐν
713 4041 778 4107 τῇ
815 4035 1212 4106 παραδόσειτοῦ
1239 4035 1498 4105 σωτηρίου
1535 4036 1844 4106 βαπτίσμα-

272 4149 366 4193 τος
413 4129 849 4200 παραδεδωκότος
911 4127 1006 4198 τὴν
1058 4126 1207 4190 τάξιν
1246 4128 1302 4178 ὲν
1331 4121 1411 4188 οἷς
1451 4122 1567 4178 εἷπε
1591 4144 1602 4156 ο
1637 4132 1847 4194 [lapsu-

275 4221 500 4282 θέντες,
541 4218 853 4283 ,βαπτίζετε
887 4221 969 4283 εἰς
1005 4219 1067 4271 τὸ
1101 4218 1287 4286 ὄνομα
1329 4219 1432 4270 τοῦ
1462 4219 1705 4284 Πατρός,
1748 4221 1844 4272 καὶ

272 4312 382 4366 τοῦ
409 4312 563 4377 Υίοῦ,
608 4313 704 4365 καὶ
733 4311 836 4365 τοῦ
863 4310 1034 4379 ἁγίου
1067 4310 1429 4379 Πνεύματος)
1455 4327 1468 4339 ³
1496 4310 1607 4363 ἀλλ’
1643 4313 1719 4374 είς
1748 4312 1845 4378 φύ-

349 4469 370 4499 ¹⁵
398 4469 586 4525 Matth.
616 4485 774 4529 xviii,
813 4468 897 4522 10.

275 4539 369 4593 10.
448 4541 488 4570 ¹¹
523 4539 684 4594 Josue
715 4555 765 4603 v,
801 4539 887 4591 14.

1006 4468 1026 4498 ⁸
1049 4466 1188 4520 Psal.
1222 4482 1416 4530 χχχιιι,
1449 4467 1500 4519 8.

992 4539 1034 4566 η
1067 4536 1255 4588 Matth.
1290 4554 1436 4600 XXVI,
1472 4539 1559 4593 55.

349 4722 458 4794 (8Q)
489 4722 713 4794 Codices
738 4739 840 4794 non
867 4723 1020 4790 pauci
1052 4725 1079 4775 6
1111 4723 1392 4794 ῥυόμενος.

356 4793 466 4861 (87)
504 4793 638 4846 Editi
668 4796 760 4846 καὶ
797 4793 996 4864 ἄρχων.
1022 4793 1423 4865 ῥιιιιεειιιιιιιι
1459 4793 1550 4844 καὶ
1581 4794 1608 4846 6
1635 4794 1835 4865 ἄρχων.

277 4865 397 4919 Mox
421 4878 562 4935 ipss.
592 4865 696 4935 duo
727 4865 981 4935 ἄρχοντος
1003 4864 1266 4935 ΔΠερσῶν.

351 4932 462 5001 (88)
496 4932 583 4984 Sic
622 4932 776 5002 Reg.'
816 4932 1084 4988 secundus
1133 4944 1184 4986 et
1243 4946 1450 4988 sextus.
1503 4935 1699 4989 VOi-ula
1759 4952 1845 4997 τις

280 5007 460 5070 inepte
491 5003 570 5055 bis
596 5002 869 5069 legebatur
906 5005 956 5056 in
986 5003 1236 5068 vulgatis.

351 5075 462 5141 (89)
493 5072 670 5143 Editio
696 5075 862 5126 Paris.
901 5073 932 5143 ἢ
972 5075 1168 5135 δοκεῖς.
1203 5073 1376 5126 Ει1ἱιὶυ
1407 5076 1534 5129 Ven.
1563 5084 1616 5127 et
1643 5085 1847 5142 septem

278 5145 450 5198 nostri
485 5158 612 5196 mss.
645 5141 676 5212 ἢ
710 5141 939 5196 δοκεῖτεζ

349 5213 459 5280 (90)
485 5211 716 5284 Antiqui
767 5222 1000 5284 quatuor
1051 5214 1169 5266 libri
1222 5211 1490 5282 ἀξιώματι
1536 5213 1842 5284 ὑποῦἐϐηκε

277 5285 371 5338 καὶ
403 5283 573 5350 τάξει,
611 5285 716 5337 alio
749 5283 953 5336 ordine.
986 5285 1134 5348 Quod
1180 5285 1442 5350 sequitur,
1477 5285 1552 5346 ὡς
1603 5283 1843 5350 λέγουσι,

275 5357 344 5406 de.
383 5367 447 5406 eo
483 5369 694 5422 quoque
727 5355 864 5406 inter
892 5369 947 5406 se
991 5354 1322 5406 dissidebant
1358 5353 1530 5407 Grieci
1565 5367 1616 5408 et
1648 5355 1837 5417 Latini,

278 5435 335 5476 ιιι
377 5424 558 5477 videre
597 5437 678 5478 est
710 5425 760 5476 in
799 5423 1026 5477 concilio
1060 5423 1388 5492 Florentino,
1428 5439 1548 5492 pag.
1578 5426 1700 5479 5M.
1734 5423 1836 5476 Le-

276 5511 372 5556 gas
409 5494 562 5546 velim
622 5495 888 5548 sessiones
945 5493 1026 5548 l9.
1060 5495 1150 5557 ‘20,
1183 5495 1271 5555 τι,
1297 5491 1388 5556 ‘22,
1431 5491 1524 5556 25,
1571 5507 1662 5547 aut
1695 5506 1838 5549 certe

276 5565 498 5629 paginas
526 5563 630 5616 510
658 5574 704 5616 et
755 5564 878 5628 541,
907 5581 966 5617 ex
1001 5567 1196 5629 quibus
1223 5566 1348 5632 quid
1382 5563 1664 5618 dilierrent
1695 5568 1833 5616 utri-

275 5651 381 5700 que
412 5634 527 5684 libri
571 5632 876 5687 Graecorum
905 5645 958 5688 et
1011 5635 1319 5686 Latinorum
1354 5633 1484 5687 disci
1513 5645 1706 5700 potest.
1744 5636 1833 5686 Hae

280 5719 457 5764 voces,
485 5703 559 5766 ὡς
604 5703 841 5772 λέγουσι,
874 5716 927 5756 ιιι
962 5707 1024 5756 ad
1055 5707 1384 5772 propositum
1433 5721 1515 5756 me
1577 5705 1827 5767 referam,

278 5776 687 5837 reperiebantur
713 5777 762 5828 in
801 5775 937 5826 libro
969 5775 1276 5829 Gi-zecorum
1303 5791 1317 5836 ;
1352 5773 1613 5841 hodieque
1641 5775 1826 5840 legun-

279 5853 366 5894 tur
394 5842 444 5892 in
488 5844 871 5912 llegiislertiu,
905 5858 1100 5909 quarto
1147 5853 1197 5896 et
1228 5849 1416 5912 quinto
1466 5857 1518 5894 et
1565 5845 1614 5895 in
1671 5846 1822 5896 Colb.

279 5913 498 5983 perinde
529 5927 686 5983 atque
715 5915 765 5968 in
805 5916 1126 5971 editiouibus
1159 5912 1359 5968 Veneta
1392 5924 1443 5969 et
1479 5913 1770 5968 Parisicusi
1807 5933 1818 5968 :

1615 4469 1633 4496 ⁷
1664 4468 1798 4520 Gen.
1847 4484 2032 4532 sunt,
2063 4468 2148 4522 16.
2224 4468 2244 4498 ⁸
2272 4466 2425 4519 Deut.
2452 4481 2622 4532 xxx",
2654 4468 2708 4522 8.

1641 4539 1722 4590 "l
1753 4536 1876 4590 Cor.
1907 4556 1992 4604 xv,
2021 4539 2109 4593 41.

1949 3301 2204 3369 dignitate
2230 3299 2444 3368 quidem
2477 3299 2762 3352 diversitas
2785 3308 2885 3359 est,
2916 3299 2968 3352 in
2994 3308 3180 3352 natura
3206 3314 3335 3353 vero
3361 3315 3508 3354 com-

1948 3393 2182 3443 munitas
2213 3390 2496 3458 (siquidem
2529 3388 2694 3444 Sxella
2719 3406 2749 3440 a
2774 3387 2924 3442 stella
2960 3390 3137 3458 di/fert
3175 3393 3227 3444 in
3257 3390 3509 3458 gloria",

1947 3489 2134 3531 natura
2166 3493 2292 3532 vero
2318 3479 2593 3531 stellarum
2623 3479 2863 3532 omnium
2895 3495 2998 3532 una
3035 3491 3149 3546 est;
3191 3492 3350 3550 atque
3377 3481 3511 3536 mul-

1948 3582 2014 3627 ta:
2065 3573 2372 3627 mansiones
2406 3582 2529 3625 sunt
2558 3574 2696 3642 apud
2742 3573 2958 3627 Patrem
2980 3576 3044 3638 “,
3081 3577 3182 3630 hoc
3207 3587 3308 3640 est,
3338 3577 3509 3646 digni-

1949 3676 2113 3718 tatum
2137 3666 2498 3731 diversitates,
2527 3666 2947 3732 gloriﬁcatornm
2981 3682 3108 3720 vero
3133 3680 3319 3720 natura
3344 3668 3507 3738 una):

1948 3759 2024 3812 sic
2053 3757 2293 3826 proiecto
2347 3765 2401 3811 et
2451 3758 2685 3824 Spiritus
2715 3767 2955 3820 sanctus,
2992 3762 3093 3812 etsi
3127 3760 3392 3828 dignitate
3422 3760 3506 3814 iii-

1948 3850 2112 3905 l'erior
2144 3860 2224 3905 est
2261 3860 2421 3918 atque
2459 3851 2669 3915 ordine,
2710 3862 2767 3904 ut
2806 3852 2956 3904 aiunt
2991 3854 3315 3921 (accepimus
3365 3853 3509 3908 enim

1948 3945 2144 4013 ipsum,
2179 3942 2370 4008 inquit,
2398 3944 2613 3994 tertium
2644 3958 2672 3995 a
2709 3943 2866 3996 Patre
2897 3954 2948 3996 et
2972 3944 3104 3998 Filio
3133 3955 3506 4009 numeratum;

1947 4051 2065 4088 cum
2103 4035 2358 4088 Dominus
2383 4036 2494 4103 ipse
2529 4035 2579 4088 iu
2613 4037 2897 4089 traditione
2927 4037 3178 4090 salutaris
3209 4038 3508 4103 baptisma-

1951 4129 2021 4180 tis
2057 4127 2337 4180 tradiderit
2365 4127 2635 4188 ordinem,
2661 4127 2742 4179 his
2775 4127 2948 4180 verbis
2978 4143 2990 4179 :
3027 4125 3218 4179 Euntes
3248 4128 3511 4193 baptizata

1949 4222 2000 4272 in
2038 4220 2244 4273 nomine
2275 4219 2473 4282 Patris,
2506 4230 2553 4271 et
2596 4217 2747 4284 Filii,
2781 4230 2828 4273 et
2861 4218 3085 4286 Spiritus
3134 4218 3418 4286 sancti”);
3453 4227 3509 4270 at

1950 4313 2003 4365 in
2033 4313 2318 4378 quamdam
2349 4319 2595 4364 naturam
2645 4311 2858 4364 tertiam
2887 4328 2916 4364 a
2949 4312 3087 4368 Filio
3117 4323 3170 4367 et
3196 4312 3360 4366 Patre
3393 4311 3510 4380 eje-

2808 4470 2831 4500 ’
2861 4470 2993 4524 Dan.
3029 4487 3083 4532 Χ,
3121 4471 3203 4523 13.
3304 4467 3348 4498 ¹⁰
3381 4467 3506 4523 ibid.

2188 4537 2230 4568 ”
2251 4536 2406 4590 Joau.
2437 4552 2546 4603 xlv,
2569 4539 2622 4592 2.
2703 4537 2744 4570 ¹³
2770 4539 2954 4592 Matth.
2987 4557 3176 4602 xxvut,
3213 4536 3295 4592 19.

1875 4734 1917 4787 D
1949 4727 2175 4782 aberant
2227 4743 2358 4782 vero
2408 4743 2436 4780 a
2481 4727 2621 4781 libro
2673 4726 3002 4786 Latinorum,
3059 4722 3510 4791 quemadmodqu

1954 4813 2094 4850 nunc
2118 4799 2312 4850 absunt
2336 4816 2364 4852 a
2400 4799 2532 4867 lleg.
2570 4797 2822 4850 secundo.
2858 4794 3069 4867 Ezedem
3103 4809 3282 4867 voces,
3321 4792 3396 4854 ὼς
3422 4792 3512 4844 λέ-

1952 4882 2130 4932 γουσι,
2158 4877 2213 4920 ιιι
2240 4869 2408 4929 aiunt,
2437 4865 2780 4920 inueniuntur
2807 4865 3023 4932 quidem
3060 4865 3110 4917 in
3148 4865 3277 4930 Reg.
3317 4873 3504 4917 sexto:

1955 4941 2047 4990 sed
2085 4939 2253 4993 solum
2291 4941 2522 4991 secunda
2561 4951 2737 4986 manu.
2766 4935 2965 4989 Vocula
2991 4933 3066 4997 ib;
3089 4936 3141 4988 in
3176 4935 3305 5002 Reg.
3342 4933 3513 5002 primo

1954 5008 2101 5060 deest
2127 5026 2139 5061 :
2165 5012 2255 5061 Sed
2284 5011 2499 5059 verbum
2529 5005 2746 5072 λέγουσι
2776 5022 2840 5059 eo
2869 5008 2918 5058 iu
2947 5007 3135 5057 codice
3175 5005 3385 5069 legitur.
3417 5001 3512 5055 Su-

1951 5081 2142 5144 Spicari
2202 5077 2427 5129 fortasse
2476 5079 2644 5140 possit
2678 5079 2938 5145 quiSpiam
2999 5075 3377 5145 Coiubelisium
3432 5073 3508 5126 le-

1949 5143 2178 5200 ctionem
2215 5147 2330 5199 libri
2389 5143 2706 5200 Grmcoruni
2738 5143 2974 5200 seciitum
3024 5158 3165 5197 esse.
3217 5143 3509 5213 Postquam

1946 5217 2086 5268 enim
2128 5217 2234 5279 illa,
2267 5216 2690 5287 Παρειλήςαμεν
2720 5217 2848 5284 γάρ,
2894 5225 3026 5273 etc..
3059 5215 3156 5287 sic,
3181 5216 3510 5287 interpreta-

1949 5295 2033 5338 tus
2078 5300 2178 5349 est,
2223 5281 2683 5352 accc/'iiirtus'eiitm
2722 5281 2836 5337 eum
2872 5288 3105 5349 tertium,
3148 5286 3261 5338 Iunt:
3296 5285 3362 5336 ad
3393 5281 3511 5352 ejus

1946 5355 2048 5408 loci
2087 5374 2299 5410 sensum
2343 5351 2723 5410 declarandum
2755 5355 3030 5423 subjungit
3066 5354 3236 5407 :Dato
3269 5357 3364 5405 lioc
3400 5351 3510 5404 Βα-

1939 5428 2090 5481 silius
2124 5427 2402 5489 Eunomia,
2435 5437 2581 5491 negat
2630 5425 2859 5490 illatum,
2893 5442 2992 5477 non
3025 5441 3132 5478 esse
3164 5425 3396 5490 ejusdem
3443 5437 3508 5475 ac

1942 5494 2106 5550 Pater
2132 5511 2353 5551 naturw.
2398 5497 2509 5548 Non
2565 5497 2706 5549 enim
2759 5499 2798 5549 si
2845 5497 2971 5562 quid
3013 5497 3223 5558 damus,
3262 5493 3510 5559 sequitur

1940 5578 1995 5618 ut
2024 5568 2072 5621 id
2106 5570 2268 5621 etiam
2303 5568 2684 5626 concedamus,
2715 5577 2804 5619 aut
2844 5567 3222 5618 conliteaiuur.
3271 5562 3508 5616 Basilius

1935 5651 2062 5705 ergo
2091 5641 2189 5692 hoc
2223 5641 2349 5690 dare
2379 5639 2639 5703 potuisset
2693 5636 3062 5696 Eunomiauis,
3115 5635 3336 5687 tertium
3385 5647 3506 5705 esse

1937 5703 2219 5773 Spiritum,
2253 5719 2305 5760 et
2333 5718 2510 5760 tamen
2542 5708 2590 5759 id
2618 5723 2720 5759 non
2746 5707 3060 5765 concedere,
3097 5719 3194 5757 uec
3229 5703 3501 5773 couliteri.

1936 5772 2061 5830 lltut
2115 5779 2227 5832 haec
2259 5788 2404 5842 sunt,
2483 5792 2585 5830 non
2640 5777 2795 5829 aliter
2823 5775 2993 5832 Graeci
3033 5790 3196 5845 quam
3234 5772 3502 5828 Cotnbeﬂ-

1932 5850 2042 5905 sius
2086 5849 2226 5904 hunc
2263 5848 2440 5904 locum
2471 5847 2805 5904 intellexere.
