4208 6530
673 466 778 520 659

1981 455 2037 511 S.
2077 447 2318 506 BASILII
2360 449 2570 506 MAGNI

3803 444 3912 500 διο

673 597 820 637 ctum
853 594 973 636 eum
1005 579 1164 632 fuisse
1189 591 1452 645 nusquam
1485 574 1791 629 didicimus.
1821 573 1953 627 Nam
1994 589 2114 627 cum
2147 585 2232 623 res
2263 571 2308 627 Α

2340 585 2422 620 σιν
2455 571 2574 622 τινὰ
2607 570 2792 641 τρίτην
2815 569 2921 622 ἀπὸ
2955 567 3084 620 Υίοῦ
3116 568 3208 620 καὶ
3241 567 3450 637 Πατρδς
3483 565 3912 634 ἐκϐαλλόμενον,

676 675 796 727 duae
823 672 1089 733 dicantur,
1121 669 1295 724 deitas
1320 678 1373 722 et
1401 673 1670 730 creatura,
1710 664 2006 718 dominium
2038 673 2089 718 et
2114 678 2227 717 ser-

676 767 841 822 \‘itus,
889 759 1126 827 potentia
1182 756 1549 818 sanctiﬁcans,
1599 763 1652 808 et
1688 770 1806 824 quae
1845 754 2228 816 sanctiﬁcatur,

678 850 917 919 potentia
950 849 1232 918 possidens
1279 856 1470 914 suapte
1498 855 1688 898 natura
1729 846 2005 906 virtutem,
2033 855 2086 896 et
2112 859 2228 913 quae

2331 660 2567 731 οὐδαμοῦ
2602 660 3014 731 μεμαθήκαμεν.
3040 660 3142 710 Δύο
3171 657 3278 728 γὰρ
3305 657 3610 728 λεγομένων
3643 656 3912 726 πραγμά-

2330 770 2459 813 των,
2499 751 2747 822 θεότητος
2787 770 2846 804 τε
2892 753 2986 805 καὶ
3029 751 3139 820 (9i)
3174 751 3419 813 κτίσεως,
3469 751 3561 803 καὶ
3591 748 3914 809 δεσποτείας

2335 847 2430 898 καὶ
2457 847 2719 908 δουλείας,
2743 847 2834 898 καὶ
2857 845 3178 913 ἁγιαστικῆς
3203 843 3500 912 δυνάμεως,
3522 843 3614 895 καὶ
3633 844 3734 911 τῆς
3752 844 3915 909 ἀγια-

677 957 795 997 eam
842 957 910 996 ex
945 940 1167 993 arbitrio
1192 949 1506 1006 comparat;
1537 953 1640 1006 qua
1679 937 1731 990 in
1771 945 1926 1006 parte
1978 935 2234 1003 Spiritum

2339 939 2589 1012 ζομένης,
2620 940 2719 1008 τῆς
2760 955 2818 990 τε
2847 940 2908 990 ὲκ
2942 937 3154 1006 φύσεως
3181 936 3407 1005 ἐχούσης
3437 934 3535 1005 τὴν
3569 935 3769 1004 ἀρετὴν
3817 936 3914 987 καὶ

676 1031 1010 1086 locabimus?
1051 1027 1196 1083 Inter
1251 1044 1343 1084 eos
1395 1029 1484 1098 qui
1537 1028 1979 1083 sanctiticantur?
2015 1037 2070 1080 at
2126 1027 2239 1095 ipse

2339 1033 2434 1102 τῆς
2467 1034 2529 1085 ὲκ
2555 1030 2924 1102 προαιρέσεως
2953 1028 3340 1100 κατορθούσης,
3392 1030 3450 1080 ὲν
3475 1027 3602 1097 ποία
3639 1027 3817 1096 μερίδι
3851 1025 3912 1077 τὸ

677 1131 761 1177 est
815 1120 1191 1176 sanctiﬁcatio.
1249 1121 1330 1174 An
1386 1121 1527 1174 inter
1582 1134 1676 1174 eos
1740 1120 1831 1188 qui
1870 1118 2146 1189 praeclaris
2178 1133 2240 1172 ac

679 1214 911 1284 egregiis
942 1212 1274 1268 facinoribus
1323 1213 1575 1266 virtutem
1625 1212 1804 1280 adepti
1847 1212 2009 1267 sunt?
2048 1218 2102 1264 at
2150 1210 2243 1264 bo-

678 1321 781 1360 nus
825 1315 1016 1360 natura
1064 1313 1167 1359 est.
1205 1304 1286 1357 An
1342 1304 1485 1358 inter
1511 1319 1606 1358 eos
1654 1305 1747 1373 qui
1804 1302 2158 1358 ministrant?
2192 1311 2238 1355 at

682 1397 773 1452 alii
810 1407 938 1451 sunt
967 1396 1190 1464 spiritus
1220 1395 1619 1461 ministratorii,
1655 1395 1746 1464 qui
1787 1395 1852 1448 ad
1885 1393 2242 1448 ministerium

682 1487 1054 1541 mittuntur“.
1096 1485 1210 1539 Non
1261 1500 1389 1554 ergo
1428 1485 1778 1554 principalem
1829 1494 2019 1539 natura
2068 1484 2243 1553 Spiri-

686 1587 822 1642 tum,
854 1575 932 1630 fas
972 1585 1056 1630 est
1098 1575 1254 1630 nobis
1305 1589 1624 1630 conservum
1680 1577 1885 1640 dicere,
1933 1592 2107 1645 neque
2139 1591 2244 1629 una

685 1664 807 1723 cum
868 1669 1129 1723 creaturis
1183 1682 1468 1722 numerare
1520 1683 1667 1733 eum,
1705 1668 1796 1737 qui
1855 1669 1906 1722 in
1981 1668 2159 1722 divina
2195 1677 2248 1720 et

684 1761 842 1814 beata
858 1758 1121 1814 Trinitate
1149 1758 1350 1828 pariter
1375 1759 1538 1830 274
1554 1769 1884 1816 numeratur.
1913 1759 2250 1827 Principatus

687 1852 831 1905 enim
857 1860 911 1905 et
947 1859 1264 1920 potestates,
1301 1864 1365 1902 ac
1402 1849 1621 1916 reliqua:
1656 1847 1916 1918 ejusmodi
1963 1855 2246 1910 creaturae,

689 1957 808 2010 quae
857 1957 924 1996 ex
982 1941 1282 1995 attentione
1315 1954 1380 1993 ac
1432 1939 1613 1993 studio
1643 1938 2122 1992 sanctiﬁcationem
2155 1940 2248 1992 ha-
2280 1924 2323 1978 Β

691 2035 838 2097 bent,
865 2032 965 2087 dici
1001 2042 1190 2086 natura
1221 2040 1421 2085 sancta:
1443 2029 1564 2099 jure
1595 2045 1698 2084 non
1731 2038 1976 2099 possunt.
2009 2030 2082 2082 lla
2112 2031 2251 2083 enim

690 2123 888 2176 bonum
923 2130 1202 2192 appetunt,
1246 2130 1304 2175 ut
1353 2136 1450 2191 pro
1494 2121 1703 2176 ratione
1748 2122 1949 2175 amoris
1995 2121 2048 2175 in
2083 2121 2251 2175 Deum

691 2216 797 2277 sui,
827 2213 1134 2270 sanctitatis
1180 2226 1488 2268 mensuram
1526 2213 1817 2284 accipiant.
1850 2213 1914 2267 Et
1949 2213 2105 2268 sicuti
2149 2213 2258 2266 {er-

692 2319 812 2356 rum
863 2304 916 2357 in
976 2305 1149 2358 medio
1189 2304 1310 2373 igne
1350 2307 1608 2374 positum,
1650 2305 1854 2360 ferrum
1891 2305 2107 2374 quidem
2140 2321 2257 2359 esse

693 2410 801 2449 non
857 2394 1074 2460 desinit,
1129 2396 1222 2449 sed
1287 2397 1355 2451 ob
1410 2397 1939 2451 vehementissimam
1976 2411 2096 2450 cum
2133 2397 2255 2466 igne

693 2486 1129 2557 conjunctionem
1184 2487 1411 2558 ignitum
1460 2489 1681 2552 factum,
1738 2501 2062 2554 omnemque
2117 2487 2255 2556 ignis

698 2586 945 2629 naturam
999 2575 1053 2629 in
1108 2591 1166 2629 se
1202 2577 1376 2644 ipsum
1414 2577 1701 2644 recipiens,
1737 2584 1847 2629 tum
1911 2575 2111 2640 colore,
2148 2586 2257 2628 tum

697 2663 932 2719 ellicacia
964 2665 1014 2719 in
1055 2665 1230 2734 ignem
1265 2667 1453 2721 transit
1479 2682 1493 2720 :
1518 2667 1596 2722 sic
1621 2676 1675 2720 et
1713 2677 1914 2721 sancta:
1960 2674 2261 2736 potestates

699 2774 762 2811 ex
797 2757 1283 2812 communicatione
1313 2773 1470 2828 quam
1497 2759 1693 2812 habent
1727 2774 1846 2813 cum
1879 2772 1943 2812 eo
1978 2759 2068 2827 qui
2105 2767 2261 2812 natu-

699 2866 759 2904 ra
799 2858 1018 2904 sanctus
1046 2859 1146 2917 est,
1177 2851 1440 2921 ejusmodi
1471 2850 1887 2904 sanctimoniam
1919 2849 2116 2903 habent
2146 2864 2262 2918 quae

695 2942 806 3009 jam
858 2942 1154 3011 pervaserit
1213 2958 1308 3012 per
1360 2951 1526 2997 totam
1576 2957 1760 2995 earum
1801 2941 2174 3007 substantiam,
2208 2942 2260 2994 in

703 3048 878 3100 eaque
914 3032 1201 3086 coaluerit.
1232 3031 1364 3099 Ipsa:
1399 3040 1574 3085 autem
1615 3031 1666 3083 in
1689 3045 1752 3085 eo
1784 3045 1812 3084 a
1846 3038 2033 3084 sancto
2062 3029 2262 3099 Spiritu

705 3121 982 3188 diﬁ‘erunt,
1043 3121 1186 3191 quod
1245 3121 1402 3191 hujus
1461 3131 1650 3174 natura
1703 3123 1963 3177 sanctitas
2000 3131 2128 3176 est:
2161 3122 2265 3176 illis

705 3229 835 3270 vero
867 3231 933 3270 ex
969 3213 1378 3286 participatione
1439 3213 1579 3267 inest
1639 3214 2020 3270 sanctimonia.
2058 3214 2265 3279 Quibus

707 3315 887 3360 autem
921 3306 1063 3359 inest
1084 3305 1282 3359 bonum
1317 3301 1734 3358 instauratitium
1765 3311 1820 3354 et
1849 3301 2063 3354 aliunde
2099 3300 2263 3353 colla-

709 3407 845 3459 tum,
877 3410 939 3451 ea
972 3405 1094 3450 sunt
1121 3395 1393 3450 mutabilis
1427 3406 1648 3449 naturae.
1699 3393 1816 3449 Non
1859 3394 2001 3449 enim
2040 3392 2271 3448 excidis-

711 3495 795 3539 set
814 3486 1049 3549 Lucifer,
1079 3487 1168 3554 qui
1202 3501 1358 3540 mane
1411 3488 1666 3554 oritur",
1703 3502 1802 3541 nec
1850 3496 1991 3542 esset
2037 3486 2088 3540 in
2130 3495 2271 3540 terra

714 3576 1000 3640 contritus,
1043 3575 1089 3630 si
1131 3575 1413 3629 deterioris
1469 3577 1790 3631 conditionis
1821 3577 2138 3645 recipienda:
2165 3593 2270 3632 non

713 3668 908 3723 fuisset
938 3683 1107 3737 capax
1147 3675 1358 3721 natura.
1407 3665 1685 3732 Quomodo
1722 3668 1884 3736 igitur
1918 3670 2059 3736 pium
2086 3679 2167 3724 est
2194 3670 2273 3723 in-

717 3767 796 3812 ter
842 3766 1117 3812 creaturas
1166 3756 1424 3826 Spiritum
1486 3756 1771 3819 collocare,
1833 3759 1920 3825 qui
1987 3761 2269 3816 intervallo

717 3859 867 3903 tanto
899 3865 928 3902 a
957 3848 1226 3902 creaturis
1261 3859 1544 3918 separatus
1577 3849 1696 3904 est?
1734 3849 1991 3904 Creatura
2022 3852 2164 3906 enim
2201 3854 2272 3906 ita

717 3950 1026 4009 comparata
1058 3950 1158 4002 est,
1202 3951 1258 3993 ut
1290 3941 1333 3994 si
1375 3956 1719 4010 progressum
1779 3940 2010 4010 aliquem
2066 3942 2275 4010 fecerit,

718 4032 1086 4101 placueritque
1141 4031 1268 4095 Deo,
1322 4046 1417 4100 pro
1485 4035 1732 4085 mcrcede
1796 4035 2276 4091 sanctiﬁcationern

721 4123 974 4191 accipiat,
1012 4123 1442 4192 quandoquidem
1495 4123 1662 4177 libero
1703 4121 1870 4176 utitur
1902 4124 2146 4188 arbitrio,
2181 4142 2277 4196 po-

725 4223 933 4281 testque
964 4213 1016 4265 in
1050 4222 1330 4283 utramque
1371 4221 1580 4281 partem
1628 4211 1899 4277 inclinari,
1939 4212 2006 4265 ad
2045 4212 2172 4266 boni
2221 4231 2282 4267 ac

725 4303 852 4357 mali
896 4305 1244 4373 electionem;
1284 4306 1516 4377 Spiritus
1551 4315 1728 4360 autem
1781 4314 2001 4361 sanctus
2047 4303 2166 4360 fons
2203 4316 2284 4360 est

722 4395 1180 4450 sanctiﬁcationis.
1237 4397 1302 4451 Et
1329 4398 1776 4466 quemadmodum
1826 4405 2016 4451 natura
2063 4405 2284 4452 sanctus

722 4501 805 4541 est
835 4485 1018 4554 Pater,
1044 4498 1233 4541 natura
1269 4490 1451 4543 itidem
1475 4497 1693 4544 sanctus
1721 4499 1803 4542 est
1827 4489 1993 4545 Filius
2020 4505 2034 4544 :
2057 4490 2128 4545 ita
2155 4505 2286 4559 quo-

2341 1124 2560 1194 Πνεῦμα
2585 1123 2855 1194 τάξομεν;
2898 1125 2982 1176 Ἐν
3020 1125 3131 1184 τοῖς
3186 1119 3596 1190 ἀγιαζομένοις;
3629 1116 3745 1170 ἀλλ’
3780 1117 3914 1169 αὑτό

2342 1219 2486 1269 ἐστιν
2525 1216 2810 1286 ἀγιασμός.
2880 1215 3016 1268 Ἀλλ’
3064 1215 3120 1265 ὲν
3156 1214 3262 1274 τοῖς
3311 1210 3369 1277 ἐξ
3409 1207 3915 1281 ἀνδραγαθημάτων

2341 1309 2438 1378 τὴν
2491 1308 2688 1379 ἀρετὴν
2731 1306 3070 1378 κτωμένοις;
3111 1304 3243 1358 ἀλλά
3289 1303 3445 1371 φύσει
3508 1300 3653 1353 ἐστὶν
3687 1297 3914 1367 ἀγαθόν.

2357 1399 2494 1452 Ἀλλ’
2519 1402 2575 1452 ὲν
2602 1403 2713 1464 τοῖς
2733 1400 2788 1452 λε
2799 1400 3153 1470 ιτουργικοῖς;
3182 1395 3294 1448 ἀλλ’
3315 1393 3479 1464 ἕτερά
3507 1393 3612 1444 είσι
3665 1390 3914 1459 λειτουρ-

2345 1489 2475 1556 γικά
2514 1492 2795 1559 πνεύματα
2839 1489 2974 1559 πρὸς
3009 1485 3280 1540 διακονίαν
3333 1481 3794 1551 ἀποστελλόμενα.
3843 1481 3916 1531 05

2344 1581 2521 1635 τοίνυν
2555 1581 2834 1649 ὁμόδουλον
2880 1582 3011 1650 ἡμῖν
3043 1577 3220 1645 λέγειν
3258 1575 3388 1627 αὐτὸ
3421 1573 3660 1644 θεμιτὸν,
3693 1573 3756 1625 τὸ
3784 1573 3918 1642 ἡγε-

2349 1673 2565 1746 μονικὸν
2596 1675 2661 1742 τῇ
2693 1673 2869 1741 φύσει,
2898 1671 3020 1724 οὔτε
3049 1673 3115 1741 τῇ
3144 1668 3316 1722 κτίσει
3350 1667 3724 1738 συναριθμεῖν,
3757 1665 3821 1717 τὸ
3852 1667 3918 1732 τῇ

2347 1767 2466 1838 θείᾳ
2489 1767 2583 1818 καὶ
2609 1765 2854 1835 μακαρίᾳ
2885 1764 3073 1834 Τριάδι
3103 1759 3591 1831 συναριθμούμενον
3621 1757 3755 1827 (92).
3800 1758 3925 1826 ’Δρο

2349 1858 2439 1927 χαὶ
2470 1857 2566 1925 μὲν
2595 1854 2722 1926 γὰρ,
2750 1854 2842 1906 καὶ
2881 1854 3137 1919 ἐξουσίαι,
3173 1850 3267 1904 καὶ
3301 1851 3446 1902 πᾶσα
3480 1852 3513 1920 ἡ
3547 1848 3770 1917 τοιαύτη
3806 1847 3924 1898 κτί-

2354 1966 2454 2011 σις,
2485 1949 2547 2000 ὲκ
2579 1947 2850 2020 προσοχῆς
2881 1945 2973 1998 καὶ
3003 1943 3314 2015 ἐπιμελείας
3339 1941 3428 1993 τὸν
3461 1939 3732 2010 ἀγιασμὸν
3772 1939 3926 2007 ἔχου-

2354 2058 2462 2104 σαι,
2489 2042 2588 2093 ούκ
2611 2040 2676 2092 ἂν
2709 2037 2930 2099 εἰκότως
2956 2035 3114 2104 φύσει
3144 2035 3294 2102 ἀγιαι
3318 2028 3452 2085 εἶναι
3480 2029 3738 2098 λέγοιντο.
3796 2028 3927 2079 Ἐπ-

2352 2133 2668 2202 ορεγόμεναι
2709 2129 2814 2200 γάρ
2848 2126 2941 2180 τοῦ
2974 2125 3161 2188 καλοῦ,
3201 2125 3339 2178 κατά
3377 2122 3474 2194 τὴν
3511 2121 3798 2188 ἀναλογίαν
3828 2119 3930 2187 τῆς

2356 2227 2489 2294 πρὸς
2520 2227 2609 2278 τὸν
2635 2225 2764 2277 Θεὸν
2800 2223 3038 2290 ἀγάπης,
3075 2218 3168 2272 κα)⁸
3203 2215 3295 2269 τοῦ
3324 2215 3520 2286 μέτρου
3551 2212 3646 2281 τῆς
3682 2210 3926 2279 ἁγιωσύ-

2358 2331 2451 2381 νης
2486 2311 2976 2382 μεταλαμῢάνουσι.
3010 2307 3117 2360 Καὶ
3149 2307 3336 2374 ὥσπερ
3361 2306 3388 2355 ὁ
3423 2302 3660 2372 σίδηρος,
3694 2303 3751 2352 ὲν
3777 2301 3931 2369 μέσῳ

2357 2404 2433 2473 τῷ
2469 2405 2599 2473 πυρὶ
2634 2405 2902 2474 κείμενος,
2937 2401 2995 2453 τὸ
3045 2400 3142 2470 μὲν
3176 2397 3387 2468 σίδηρος
3418 2390 3556 2446 εἶναι
3593 2394 3692 2444 οὐκ
3726 2392 3926 2444 ἀποϐέ-

2361 2495 2548 2564 ϐληκε,
2576 2497 2642 2562 τῇ
2679 2494 2734 2545 δὲ
2766 2493 3099 2563 σφοδροτάτῃ
3125 2490 3260 2560 πρὸς
3286 2488 3346 2540 τὸ
3373 2484 3483 2557 πῦρ
3509 2483 3694 2555 ὁμιλία
3723 2485 3928 2555 ἐκπυρ-

2361 2583 2643 2645 ακτωθεὶς,
2676 2584 2766 2634 καὶ
2796 2585 2972 2636 πᾶσαν
3009 2584 3086 2644 εἰς
3120 2580 3306 2635 ἑαυτὸν
3332 2578 3428 2650 τὴν
3486 2574 3580 2629 τοῦ
3625 2575 3796 2647 πυρὸς
3830 2576 3928 2643 φύ-

2363 2694 2445 2728 σιν
2477 2671 2889 2741 ὑποδεξάμενος,
2925 2673 3018 2724 καὶ
3054 2670 3303 2742 χρώματι
3330 2669 3424 2722 καὶ
3454 2666 3674 2737 ὲνεργία
3701 2665 3839 2735 πρὸς
3873 2666 3930 2716 τὸ

2363 2766 2473 2836 πῦρ
2502 2761 2871 2836 μεταϐέϐηκεν
2890 2775 2902 2788 ·
2933 2760 3073 2812 οῦτω
3098 2761 3191 2813 καὶ
3217 2762 3272 2812 αἱ
3296 2761 3445 2827 ἅγιαι
3467 2758 3726 2828 δυνάμεις
3750 2758 3811 2809 ἐκ
3835 2757 3933 2824 τῆς

2362 2858 2499 2931 πρὸς
2530 2857 2590 2910 τὸ
2620 2854 2777 2924 φύσει
2817 2853 2969 2920 ἅγιον
3005 2851 3286 2912 κοινωνίας
3329 2851 3392 2901 δι’
3420 2850 3550 2918 ὅλης
3589 2849 3688 2918 τῆς
3724 2847 3931 2900 ἑαυτῶν

2363 2950 2714 3011 ὑποστάσεως
2755 2941 3106 3016 κεχωρηκότα
3134 2941 3235 3009 ἤδη
3284 2940 3377 2990 καὶ
3414 2939 3934 3009 συμπεφυσιωμένον

2362 3045 2453 3098 τὸν
2513 3040 2778 3112 ἀγιασμὸν
2833 3038 3031 3108 ἔχουσι.
3088 3030 3329 3100 Διαφορὰ
3379 3028 3435 3080 δὲ
3488 3029 3675 3090 αὑταῖς
3702 3029 3837 3098 πρὸς
3877 3029 3934 3079 τὸ

2365 3135 2589 3205 Πνεῦμα
2635 3133 2696 3185 τὸ
2730 3132 2881 3199 ἆγιον
2914 3128 3072 3198 αῦτη,
3104 3127 3185 3179 ὅτι
3220 3122 3298 3194 τῷ
3330 3121 3426 3194 μὲν
3455 3119 3614 3190 φύσις
3643 3121 3676 3188 ἠ
3704 3119 3936 3185 ἀγιωσὶ-

2368 3245 2453 3295 νη,
2493 3227 2610 3286 ταῖς
2662 3223 2718 3276 δὲ
2762 3224 2824 3274 ὲκ
2866 3217 3150 3291 μετουσίας
3193 3215 3426 3285 ὑπάρχει
3468 3211 3527 3264 τὸ
3576 3206 3932 3278 ἀγιάξεσθαι.

2370 3313 2462 3378 Οἷς
2487 3316 2543 3367 δὲ
2574 3313 2961 3367 έπισκευαστὸν
2996 3311 3088 3362 καὶ
3129 3305 3390 3376 ἑτέρωθεν
3421 3301 3794 3371 ἐπιδεδομένον
3836 3301 3939 3353 ὑπο

2373 3408 2526 3477 ἀρχει
2581 3403 2642 3455 τὸ
2703 3401 2921 3468 ἀγαθὸν,
2980 3400 3077 3468 τῆς
3137 3396 3490 3468 μεταπτωτῆς
3548 3395 3654 3446 εἰσι
3704 3391 3936 3460 φύσεως.

2373 3499 2444 3551 Ού
2477 3495 2585 3566 γὰρ
2607 3493 2670 3546 ἂν
2699 3491 2952 3556 ἐξέπεσεν
2993 3492 3020 3541 ὁ
3063 3489 3368 3558 Ἐωσφόρος
3407 3490 3434 3540 ὁ
3470 3485 3614 3557 πρωῒ
3660 3485 3773 3556 (95)
3811 3486 3937 3538 ἀνα-

2371 3591 2590 3656 τέλλων,
2619 3585 2741 3639 οὔτε
2773 3580 3057 3652 συνετρίϐη
3089 3581 3178 3632 ἐπὶ
3208 3581 3303 3650 τῆς
3340 3580 3462 3650 γῆς,
3500 3581 3548 3631 εί
3582 3578 3740 3645 φύσει
3768 3576 3944 3645 ὑπῆρ-

2373 3702 2434 3757 χε
2487 3682 2580 3735 τοῦ
2628 3678 2866 3751 χείρονος
2915 3671 3282 3732 ἀνεπίδεκτοςο
3326 3671 3449 3732 Πῶς
3489 3666 3581 3723 οὖν
3621 3668 3843 3730 εὐσεϐὲς
3878 3670 3941 3735 τῇ

2376 3776 2547 3829 κτίσει
2571 3772 2699 3826 αὐτὸ
2725 3766 3054 3827 συντάττειν,
3101 3759 3336 3830 τοσούτῳ
3372 3759 3551 3829 μέτρω
3593 3758 3946 3827 διωρισμένον⁵

2377 3866 2472 3933 τῆς
2500 3864 2726 3924 κτίσεως
2750 3877 2765 3925 ;
2811 3859 2873 3911 ’Π
2898 3855 2995 3927 μὲν
3020 3852 3127 3922 γάρ
3159 3850 3332 3913 κτίσις
3358 3849 3596 3926 πέφυκεν
3625 3842 3785 3898 ἆθλον
3816 3862 3945 3916 προ-

2380 3952 2552 4023 κοπῆς
2604 3953 2695 4003 καὶ
2747 3950 2842 4019 τῆς
2887 3947 3020 4018 πρὸς
3069 3944 3199 3997 Θεὸν
3234 3940 3640 4013 εύαρεστήσεως
3676 3937 3766 3990 τὸν
3792 3938 3946 4006 ἀγια-

2382 4045 2514 4116 σμὸν
2541 4042 2757 4112 ἔχουσα,
2784 4038 2939 4108 φύσει
2971 4038 3025 4089 δὲ
3061 4036 3168 4107 (94)
3195 4035 3451 4106 χρωμένη
3484 4029 3832 4100 αύτεξουσίῳ,
3860 4031 3949 4082 καὶ

2385 4135 2742 4206 μεταρρέπειν
2809 4131 2891 4198 ἐφ’
2951 4129 3184 4196 ἑκάτερα
3239 4124 3540 4193 δυναμένη,
3599 4121 3734 4192 πρὸς
3805 4121 3950 4173 ἐκλο-

2383 4227 2483 4295 γὴν
2536 4224 2630 4276 τοῦ
2681 4222 2882 4290 ἀγαθοῦ
2941 4220 3036 4271 καὶ
3096 4217 3186 4268 τοῦ
3222 4217 3490 4284 χείρονος⁹
3528 4214 3586 4264 τὺ
3625 4213 3679 4264 δὲ
3731 4212 3951 4282 Πνεῦμα

2384 4319 2444 4369 τὸ
2482 4316 2631 4382 ἆγιον
2668 4312 2814 4381 πηγὴ
2849 4307 3141 4378 ἀγιασμοῦ.
3184 4305 3291 4357 Καὶ
3319 4305 3504 4374 ὥσπερ
3538 4303 3696 4372 φύσει
3733 4303 3886 4371 ἅγιος
3925 4306 3952 4356 ὁ

2387 4407 2591 4478 Πατὴρ,
2647 4405 2741 4459 καὶ
2788 4402 2942 4472 φύσει
2987 4400 3138 4468 ἅγιος
3183 4399 3210 4450 ὁ
3241 4396 3385 4460 Υἱὸς,
3433 4396 3573 4449 οὕτω
3602 4394 3762 4464 φύσει
3804 4396 3949 4463 ᾶγιον

2388 4503 2480 4556 καὶ
2542 4499 2601 4552 τὸ
2647 4495 2868 4566 Πνεῦμα
2916 4493 2976 4547 τὸ
3038 4492 3135 4563 τῆς
3179 4489 3473 4562 ἀληθείας·
3528 4488 3606 4542 διὸ
3665 4488 3758 4542 καὶ
3813 4487 3950 4552 ἐξαι-

724 4595 828 4647 que
876 4579 1108 4650 Spiritus
1143 4579 1232 4634 ille
1279 4579 1518 4634 veritatis
1557 4590 1748 4634 natura
1801 4589 2018 4634 sanctus
2045 4591 2164 4647 est;
2213 4581 2282 4635 ob
2317 4591 2323 4644 J

2339 4591 2546 4665 )ρέτου
2602 4591 2696 4643 καὶ
2739 4589 3041 4656 ίδιαζούσης
3095 4586 3192 4656 τῆς
3247 4582 3339 4636 τοῦ
3379 4583 3531 4650 ἁγίου
3591 4582 3952 4651 προσηγορίας

726 4673 887 4742 idque
919 4678 1150 4727 donatus
1175 4682 1258 4728 est
1292 4673 1453 4727 etiam
1481 4673 1651 4728 sancti
1702 4671 2078 4742 appellatione,
2115 4689 2284 4742 eaque

725 4765 977 4833 peculiari
1015 4781 1075 4818 ac
1110 4765 1342 4835 propria.

799 4852 851 4905 ‘5.
893 4853 1096 4923 Itaque,
1131 4855 1173 4908 si
1223 4854 1482 4909 sanctitas
1514 4853 1562 4908 ei
1599 4863 1788 4907 natura
1818 4859 1924 4916 est,
1951 4852 2107 4906 sicuti
2138 4852 2280 4907 Patri

727 4955 780 4999 et
810 4943 970 5012 Filio,
999 4950 1266 5014 quomodo
1295 4948 1470 5000 tertiae
1509 4961 1572 5000 ac
1602 4945 1788 4999 alienae
1822 4951 2025 4998 naturae
2057 4945 2177 4999 est?
2204 4944 2284 4999 Ob

806 5083 853 5114 ”
883 5082 1050 5138 Hebr.
1082 5098 1120 5147 ι,
1151 5083 1236 5137 M.
1318 5085 1358 5116 ³⁷
1389 5085 1490 5139 lsa.
1524 5099 1634 5147 xw,
1673 5082 1758 5136 12.

813 5240 922 5310 (91)
949 5238 1168 5311 Antiqui
1217 5248 1328 5292 tres
1381 5241 1503 5295 libri
1534 5240 1785 5311 θεότητος
1837 5257 1896 5293 τε
1955 5240 2065 5293 καί.
2099 5240 2297 5296 Vocula

735 5327 794 5362 τε
825 5317 972 5364 deest
1004 5311 1054 5363 in
1081 5309 1332 5378 vulgatis.

829 5381 918 5450 92)
950 5382 1173 5434 Codices
1204 5379 1308 5432 (luo
1333 5378 1809 5449 ὲναριθμούμενον.

1145 5451 1411 5524 secundm
1438 5460 1493 5503 et
1526 5461 1750 5524 quartus
1779 5453 1802 5499 ἐ
1835 5451 2008 5524 πρωί.

813 5519 920 5588 (Dis)
964 5519 1112 5589 Editi
1164 5519 1321 5586 φύσει
1377 5538 1456 5573 τε.
1518 5521 1736 5587 Antiqui
1801 5519 1909 5576 tre's
1962 5522 2083 5576 libri
2139 5521 2297 5589 φύσει

739 5589 818 5645 δέ.
849 5589 1047 5642 Ibidem
1093 5588 1225 5655 Reg.
1286 5592 1478 5645 tertius
1519 5592 1613 5644 καὶ
1650 5592 1880 5661 μετᾶραι
1914 5593 2009 5664 τὴν
2043 5594 2124 5661 ἐφ’
2152 5588 2299 5646 ίὲκά-

742 5675 904 5730 τερα,
928 5671 1195 5727 corrupte.

819 5729 931 5802 (95)
967 5730 1237 5802 Editi_ones
1260 5729 1399 5802 Ven.
1438 5740 1494 5785 et
1536 5731 1700 5786 Basil.
1737 5745 1857 5784 cum
1893 5731 2077 5802 Regiis
2103 5740 2298 5800 quarto

748 5813 802 5854 οι
825 5799 1014 5871 quinto
1041 5798 1155 5862 πῶς
1179 5801 1382 5871 τρίτον,
1413 5803 1670 5871 quomodo
1703 5803 1885 5855 tertius
1906 5798 2000 5856 εειῖ
2032 5798 2161 5871 Reg.
2193 5810 2301 5853 ter-

755 5881 858 5927 stus
881 5869 1038 5927 habet
1075 5869 1287 5936 quoque
1321 5869 1436 5935 πῶς
1467 5871 1667 5942 τρίτον,
1714 5873 1806 5941 sed
1832 5871 2068 5930 secunda
2107 5869 2293 5937 manu,

2392 4685 2636 4756 ἠξίωται.

2459 4863 2510 4916 '5.
2545 4861 2606 4913 Εί
2636 4853 2727 4913 οῦν
2766 4857 2925 4928 φύσις
2971 4853 3117 4926 αύτῷ
3167 4857 3195 4906 ὁ
3243 4854 3512 4924 ἀγιασμός
3553 4853 3720 4916 ἐστιν,
3775 4851 3953 4923 ὥσπερ

2391 4951 2564 5023 Πατρὶ
2603 4950 2696 5003 καὶ
2720 4948 2856 5020 Υίῷ,
2894 4947 3010 5010 πῶς
3044 4946 3230 5020 τρίτης
3258 4945 3371 5014 (95)
3407 4945 3522 4998 ἐστὶ
3553 4947 3644 4999 καὶ
3679 4944 3954 5017 ἀλλοτρίας

2405 5241 2532 5294 licet
2563 5240 2803 5308 antiqua.
2837 5237 3018 5308 Codcg
3069 5250 3196 5308 vero
3235 5231 3384 5308 C_olb.
3422 5241 3487 5308 _et
3533 5231 3622 5284 alii
3667 5239 3775 5280 tres
3806 5243 3952 5308 _mss.

2407 5311 2555 5379 Regii
2587 5302 2711 5379 cum:
2734 5309 2968 5361 editione
2996 5307 3164 5359 Paris.
3206 5302 3322 5364 πῶς
3343 5302 3554 5379 τρίτης,
3588 5302 3956 5379 ᾳιιοηιοιέοιεττ

2405 5369 2514 5443 tiae:
2542 5391 2646 5434 etc.
2687 5377 3167 5432 Persuasissiuunn
3194 5384 3275 5426 est
3307 5369 3457 5434 mihi,
3485 5388 3578 5424 eos
3609 5369 3952 5443 quosﬁrzeci

2405 5461 2457 5503 et
2482 5440 2655 5503 Latini
2692 5450 2742 5500 in
2785 5446 3016 5501 concilio
3047 5443 3357 5499 Florentino
3390 5440 3736 5509 proferebant
3768 5440 3949 5498 lib‘os,

2405 5537 2511 5573 uno
2544 5523 2683 5572 inter
2710 5533 2768 5571 se
2812 5531 3079 5570 consensu
3114 5510 3534 5584 habuissegmbg
3576 5509 3788 5584 τρίτης,
3834 5523 3954 5584 quo-

2410 5592 2565 5643 modo
2597 5590 2782 5640 Iertiw.
2814 5588 3027 5640 Etenim
3058 5587 3102 5640 si
3157 5586 3210 5636 in
3244 5583 3327 5635 his
3359 5581 3511 5636 libris
3538 5581 3797 5646 scriptum
3839 5581 3958 5628 tuis-

2405 5670 2490 5714 set
2520 5658 2636 5721 πῶς
2670 5657 2851 5725 τρίτον
2875 5696 2888 5720 ,
2932 5656 3190 5720 quomodo
3238 5650 3424 5704 tertius
3473 5661 3573 5725 est,
3604 5649 3829 5725 dubium
3864 5660 3956 5698 non

2404 5740 2485 5782 est
2509 5731 2637 5798 quin
2672 5721 2886 5782 Marcus
2935 5726 3238 5796 Ephesinus
3281 5736 3434 5778 suam
3487 5721 3610 5776 inde
3659 5721 3962 5788 opinionem

2407 5799 2802 5855 conﬁrmasset.
