4208 6482
222 446 326 500 661

1322 452 1691 509 ADVERSUS
1732 455 2100 509 EUNOMIUM
2137 459 2244 509 LIB
2309 459 2391 512 Ill.

3364 460 3467 512 662

223 562 444 627 φύσεως
470 573 482 617 ;
509 559 606 609 Διὸι
635 560 791 612 τοῦτο
832 558 960 627 γὰρ,
987 553 1161 628 οἶμαι,
1190 561 1282 613 καὶ
1319 563 1466 630 παρὰ
1497 562 1574 630 τῷ
1612 564 1805 633 Ἡσαΐᾳ
1835 567 1879 620 Α

1835 567 1879 620 Α
1916 562 1964 614 id
1996 565 2159 627 enim,
2190 569 2398 633 opinor,
2429 574 2483 619 et
2511 565 2651 633 apud
2679 563 2867 617 Isaiam
2901 566 3063 618 etiam
3099 567 3355 634 scriptum
3385 578 3467 621 est

221 652 294 701 τὰ
325 648 572 718 Σεραφὶμ
597 650 776 718 τρίτον
806 647 1078 702 ἐκϐοῶντα
1101 650 1161 700 τὸ
1183 649 1343 720 ἅγιος
1366 652 1796 719 ἀναγέγραπται,

221 743 310 790 ὅτι
340 739 396 788 ὲν
422 740 564 810 τρισὶ
598 741 713 800 ταῖς
736 738 1095 791 ὐποστάσεσιν
1124 741 1152 792 6
1175 742 1314 794 κατὰ
1349 741 1506 808 φύσιν
1538 743 1799 811 ἁγιασμὸς

223 828 529 900 Θεωρεῖται,
577 828 650 878 Οὐ
684 826 840 880 τοῦτο
873 829 926 880 δὲ
956 829 1111 896 μόνον
1147 829 1294 899 αὐτῷ
1324 831 1499 882 κοινὸν
1529 831 1662 902 πρὸς
1691 833 1799 887 Πα-

217 920 358 991 τέρα
386 921 475 973 καὶ
504 918 627 968 Υἱὸν
656 918 716 970 τὸ
744 920 843 990 τῆς
870 921 1176 989 ἁγιωσύνης
1207 921 1393 992 ὄνομα,
1422 925 1554 975 ἀλλὰ
1584 926 1674 978 καὶ
1704 928 1799 978 att)-

220 1013 292 1082 τὴ
346 1015 376 1082 ἡ
424 1012 514 1063 τοῦ
571 1012 874 1083 πνεύματος
935 1013 1287 1083 προσηγορία.
1333 1017 1575 1084 Πνεῦμα
1615 1019 1719 1088 γὰρ
1766 1023 1797 1072 d

225 1103 396 1168 Θεὸς,
430 1102 525 1154 καὶ
549 1104 689 1170 τοὺς
711 1104 1203 1170 προσκυνοῦντας
1235 1105 1419 1158 αὐτὸν
1442 1108 1510 1158 ἐν
1537 1110 1796 1175 πνεύμα-

222 1215 281 1250 τι
334 1195 429 1248 καὶ
475 1196 722 1265 ἀληθείῃ
755 1194 849 1247 δεῖ
884 1198 1265 1264 προσκυνεῖν.
1303 1199 1409 1252 Καὶ
1450 1201 1476 1250 6
1521 1202 1799 1270 προφήτης

225 1284 392 1353 φησί·
428 1287 669 1350 Πνεῦμα
699 1285 807 1350 πρὸ
844 1286 1164 1353 προσώπου
1202 1290 1311 1358 (96)
1349 1288 1514 1357 ἡμῶν
1549 1288 1799 1356 Χριστὸς

222 1375 474 1442 Κύριος,
505 1373 575 1430 οὗ
605 1377 881 1444 εἴπαμεν·
932 1380 1033 1430 Ἐν
1058 1378 1130 1445 τῇ
1159 1379 1305 1444 σκιᾷ
1349 1380 1467 1433 τῶν
1497 1382 1799 1450 πτερύγιον

223 1468 410 1522 αὑτοῦ
446 1467 754 1535 ᾆισόμεθα.
791 1470 898 1521 Καὶ
932 1471 959 1519 ὀ
999 1469 1314 1533 Ἀπόστολος
1358 1473 1456 1542 τὴν
1505 1473 1595 1524 τοῦ
1635 1471 1797 1524 πνεύ-

228 1577 399 1628 ματος
422 1542 794 1630 ’προσηγορίαν
825 1559 918 1610 ἐπὶ
948 1560 1036 1612 τὸν
1064 1560 1263 1631 Κύριον
1292 1562 1547 1632 ἀναφέρει
1585 1563 1758 1630 λέγων
1781 1581 1792 1592 ·

239 1655 300 1703 Ὀ
324 1651 390 1704 δὲ
415 1650 627 1717 Κύριος
657 1650 721 1703 τὸ
756 1650 989 1720 πνεῦμά
1018 1653 1204 1707 ἐστιν.
1251 1654 1343 1706 Ἐκ
1365 1653 1420 1706 δὲ
1442 1654 1642 1706 τούτων
1669 1673 1799 1707 παν-

221 1745 278 1794 τί
309 1741 485 1812 δῆλον,
519 1742 598 1795 ὅτι
625 1743 742 1813 οὐχὶ
770 1742 1122 1815 ἀλλοτρίωσιν
1148 1745 1260 1816 (97)
1288 1745 1386 1817 τῆς
1416 1744 1647 1815 φύσεως,
1683 1744 1795 1798 ἀλλ’

221 1832 497 1888 οίκείωσιν
524 1834 657 1906 πρὸς
685 1836 773 1889 τὸν
807 1837 1022 1907 Πατέρα
1065 1839 1156 1890 καὶ
1192 1839 1317 1891 Υίὺν
1343 1840 1375 1909 ἡ
1412 1838 1662 1891 κοινωνία
1690 1836 1796 1890 τῶν

1905 651 2184 720 Seraphin:
2231 667 2312 708 ter
2347 667 2562 712 sanctus
2604 655 2906 710 exclamare
2934 657 2997 717 ‘3,
3033 658 3171 724 quod
3211 661 3470 713 naturalis

1902 745 2159 797 sanctitas
2209 747 2379 800 tribus
2435 751 2488 802 in
2533 749 2911 822 bypostasibus
2961 751 3299 819 perspicitur.
3359 752 3469 806 Nec

1902 849 2027 888 vero
2051 836 2152 890 hoc
2181 838 2491 896 sanctitatis
2524 855 2717 896 nomen
2759 841 2807 894 ei
2840 841 3011 895 solmn
3059 857 3343 898 commune
3384 855 3468 898 est

1902 942 2022 981 cum
2076 928 2234 983 Patre
2269 941 2323 984 et
2352 931 2510 996 Filio,
2546 937 2636 990 sed
2674 937 2783 1005 ipsa
2815 944 2896 988 est
2926 935 3086 988 etiam
3131 936 3348 1002 spiritus
3373 955 3467 1005 ap-

1900 1019 2136 1087 pellatio.
2193 1020 2331 1073 Deus
2375 1022 2518 1074 enim
2566 1033 2639 1074 est
2683 1027 2934 1091 spiritus;
2972 1032 3021 1078 et
3059 1040 3142 1077 eos
3174 1026 3263 1092 qui
3299 1027 3465 1092 ipsum

1900 1113 2145 1174 adorant,
2175 1116 2226 1164 in
2255 1115 2442 1180 spiritu
2473 1123 2522 1166 et
2571 1115 2787 1168 veritate
2831 1119 3054 1171 adorare
3089 1125 3287 1184 oportet
3311 1117 3373 1168 η.
3401 1116 3467 1169 Et

1902 1205 2160 1272 propheta
2185 1205 2260 1257 ait
2287 1218 2300 1255 :
2329 1202 2562 1272 Spiritus
2590 1214 2708 1257 ante
2749 1205 2936 1271 faciem
2967 1221 3198 1262 nostram
3225 1207 3466 1260 Christus

1901 1291 2178 1358 Dominus,
2206 1293 2296 1347 ubi
2334 1295 2564 1349 diximus
2595 1310 2613 1347 :
2638 1294 2706 1348 In
2752 1296 2933 1348 umbra
2975 1299 3171 1359 alarum
3192 1300 3370 1368 Opsius
3391 1299 3467 1352 vi-

1900 1397 2072 1434 ventus
2095 1385 2159 1436 '°.
2192 1384 2331 1450 Quin
2365 1394 2418 1439 et
2451 1385 2742 1454 Apostolus
2793 1386 3193 1455 appellationem
3245 1392 3467 1458 spiritus

1900 1471 1952 1524 in
1983 1471 2263 1527 Dominum
2302 1479 2582 1544 transfert,
2616 1492 2737 1531 cum
2778 1479 2906 1533 dicit
2938 1497 2950 1530 :
2987 1477 3245 1531 Dominus
3289 1493 3463 1534 autem

1899 1564 2114 1630 spiritus
2142 1575 2216 1618 est
2238 1567 2304 1618 ⁸³.
2337 1569 2413 1621 Ex
2446 1571 2529 1624 bis
2557 1581 2736 1625 autem
2778 1571 2995 1624 cuilibet
3026 1579 3355 1639 compertum
3384 1582 3466 1625 est

1900 1669 1962 1708 ac
1994 1665 2355 1725 perspectum,
2387 1675 2491 1714 non
2522 1671 2732 1716 naturae
2775 1660 3178 1725 alienationem,
3211 1663 3306 1716 sed
3333 1677 3465 1716 con-

1893 1743 2226 1813 junctionem
2255 1764 2375 1803 cum
2404 1749 2566 1805 Patre
2593 1759 2646 1806 et
2688 1752 2825 1808 Filio
2861 1766 2956 1822 per
2995 1755 3270 1808 nominum
3318 1768 3468 1809 com-

1901 1839 2314 1897 municationem
2378 1845 2815 1898 commonstrari.
2866 1847 2930 1900 Et
2976 1846 3117 1901 Deus
3165 1849 3340 1902 dictus
3381 1857 3468 1903 est

221 1924 502 1994 ὀνομάτων
552 1928 868 1997 παρίστησι.
923 1930 1030 1980 Καὶ
1079 1930 1280 1994 ἀγαθὸς
1322 1933 1350 1981 6
1382 1931 1510 1995 Θεὸς
1558 1932 1791 2001 εἴρηται,
1827 1922 1868 1975 Β

1827 1922 1868 1975 Β
1898 1940 2089 2003 bonus,
2123 1948 2178 1995 et
2208 1950 2289 1995 est
2322 1957 2334 1994 :
2375 1942 2544 1997 bonus
2570 1951 2747 1997 autem
2773 1953 2925 1999 estet
2952 1944 3188 2015 Spiritus
3218 1953 3437 1998 sanctus
3463 1990 3469 2001 .

224 2017 319 2067 καὶ
345 2015 492 2068 ἔστιν
518 2034 529 2046 ·
566 2017 766 2084 ἀγαθὸν
804 2017 860 2069 δὲ
901 2018 994 2069 καὶ
1032 2018 1091 2070 τὸ
1133 2019 1354 2089 Πνεῦμα
1393 2021 1453 2071 τὸ
1491 2022 1660 2088 ἅγιον,
1696 2024 1794 2075 οὐκ

221 2109 622 2178 ἐπισκευαστὴν
654 2109 773 2179 ἔχον
802 2109 899 2180 τὴν
935 2110 1263 2182 ἀγαθότητα,
1319 2111 1431 2164 ἀλλ’
1473 2114 1534 2163 ἐκ
1582 2113 1795 2181 φύσεως

220 2198 372 2269 αὐτῷ
406 2202 868 2272 συνυπάρχουσαν.
903 2203 971 2254 Ἢ
1007 2202 1220 2256 πάντων
1253 2202 1317 2256 ἂν
1343 2202 1424 2273 εἴη
1457 2203 1795 2271 ἀλογώτατον

219 2291 282 2341 τὸ
310 2291 467 2360 φύσει
501 2293 652 2361 ἅγιον
678 2294 750 2364 μὴ
783 2296 937 2364 φύσει
966 2295 1140 2363 λέγειν
1170 2296 1266 2365 τὴν
1297 2293 1604 2366 ἁγαθότητα
1632 2294 1793 2364 ἔχειν,

217 2381 335 2434 ἀλλ’
352 2384 605 2455 ὲπιγεννη
617 2387 845 2456 ματικὴν
876 2389 984 2456 (98)
1017 2389 1104 2439 καὶ
1132 2387 1324 2452 ἔξωθεν
1352 2387 1794 2460 προσγεγενημέ-

217 2490 319 2544 νην
342 2473 507 2542 αὐτῷ.
555 2475 641 2526 Ἐν
664 2469 707 2542 ᾧ
739 2477 794 2528 δὲ
821 2473 970 2528 εἶπεν
998 2479 1024 2529 ὁ
1044 2478 1239 2546 Κύριος
1275 2479 1373 2543 ὅτι,
1421 2481 1558 2547 Ἐγὼ
1582 2479 1796 2548 ἐρωτή-

217 2583 310 2616 σω
358 2565 462 2616 τὸν
507 2566 754 2634 Πατέρα,
815 2569 910 2621 καὶ
944 2571 1134 2622 ἄλλον
1182 2572 1568 2639 Παρακλητον
1617 2573 1794 2626 δώσει

219 2656 381 2722 ὑμῖν,
404 2655 497 2708 καὶ
522 2657 684 2721 αὐτὸς
716 2654 854 2713 εἶναι
884 2660 1233 2732 Παράκλητος
1263 2664 1415 2732 ἡμῶν
1444 2662 1788 2719 ἐνδείκνυται.

220 2747 384 2799 "tis-.5
431 2751 524 2802 καὶ
553 2751 700 2820 ἡτοῦ
737 2752 1083 2823 παρακλήτου
1124 2756 1459 2825 προσηγορία
1501 2756 1559 2807 οὐ
1600 2759 1792 2827 μικρὸν

221 2840 360 2909 πρὸς
395 2840 668 2906 ἀπόδειξιν
713 2842 820 2913 (99)
860 2845 956 2914 τῆς
983 2845 1136 2913 δόξης
1167 2844 1260 2896 τοῦ
1292 2844 1445 2909 ἁγίου
1480 2846 1794 2915 Πνεύματος

220 2931 488 2982 συντελεῖ.

290 3021 343 3075 4.
382 3016 488 3074 Καὶ
522 3023 587 3075 τὰ
615 3023 710 3093 μὲν
739 3023 977 3094 ὀνόματα
1006 3025 1224 3078 τοιαῐτα
1250 3028 1338 3079 τοῦ
1374 3028 1656 3097 μεγαλείου
1696 3032 1793 3099 τῆς

217 3116 435 3183 φύσεως
460 3116 793 3171 ὲνδεικτικά·
825 3119 879 3170 αἱ
911 3118 965 3172 δὲ
1006 3120 1273 3190 ἐνέργειαι
1303 3121 1394 3174 τοῦ
1430 3122 1584 3189 ἁγίου
1625 3123 1792 3176 Ilvati-

219 3224 389 3274 ματος
414 3206 487 3278 (1)
517 3203 659 3272 οἶαι;
693 3209 775 3273 Τῷ
802 3212 960 3278 λόγῳ
992 3213 1096 3264 τοῦ
1125 3215 1361 3278 Κυρίου,
1394 3216 1576 3285 φησὶν,
1607 3219 1661 3268 οἱ
1694 3217 1791 3268 οὺο

1897 2032 2192 2088 bonitatem
2223 2037 2429 2091 habens
2458 2053 2564 2092 non
2602 2038 2975 2102 adventitiam,
3011 2041 3101 2093 sed
3136 2047 3327 2092 natura
3362 2037 3463 2091 sibi

1900 2123 2160 2180 innatam.
2191 2128 2401 2197 Alioqui
2431 2129 2595 2183 fuerit
2636 2130 2876 2186 omnium
2923 2131 3389 2192 absurdissimum,
3419 2130 3463 2184 si

1899 2217 2018 2282 quis
2043 2217 2186 2273 dicat
2210 2235 2331 2274 eum
2359 2220 2519 2292 275
2543 2221 2634 2292 qui
2665 2232 2858 2277 natura
2879 2233 3098 2278 sanctus
3119 2233 3220 2287 est,
3257 2223 3466 2276 bonita-

1900 2314 2003 2359 tem
2065 2319 2253 2364 natura
2305 2328 2408 2366 non
2467 2316 2686 2382 habere,
2751 2315 2845 2370 sed
2882 2315 3165 2383 quamdam
3211 2315 3463 2382 deinceps

1898 2402 2389 2466 supervenientem,
2420 2405 2575 2472 eique
2605 2406 2904 2461 forinsecus
2934 2410 3292 2462 accedentem.
3323 2405 3460 2471 Quin

1899 2491 2062 2543 etiam
2108 2505 2230 2545 cum
2285 2493 2543 2548 Dominus
2582 2495 2715 2549 dixit
2749 2517 2762 2550 :
2793 2499 2902 2566 Ego
2937 2499 3124 2568 rogabo
3153 2498 3382 2558 Patrem,
3412 2507 3462 2551 et

1895 2581 2057 2634 alium
2098 2579 2432 2638 Paracletum
2467 2587 2609 2640 dabit
2656 2589 2795 2642 vobis
2816 2591 2883 2646 ".
2915 2598 2969 2644 et
3013 2591 3125 2658 ipse
3154 2588 3463 2643 Paracletns

1899 2683 2082 2725 noster
2111 2689 2228 2728 esse
2266 2677 2592 2731 ostenditur.
2636 2680 2811 2745 Quare
2841 2681 3094 2749 paracleti
3130 2697 3340 2751 quoque
3367 2698 3460 2751 ap-

1899 2761 2112 2830 pellatio
2166 2779 2269 2817 non
2325 2781 2511 2835 parum
2557 2770 2621 2822 ad
2687 2772 3160 2826 demonstrandam
3226 2773 3460 2842 Spiritus

1896 2857 2065 2910 sancti
2095 2855 2425 2923 majestatem
2463 2861 2688 2914 confert.

1965 3037 2015 3091 4.
2069 3038 2133 3091 Et
2188 3039 2404 3092 nomina
2449 3040 2664 3106 quidem
2713 3058 2833 3110 quae
2874 3043 3206 3110 maiestatem
3256 3053 3463 3096 natura!

1897 3129 2157 3193 indicant,
2191 3141 2315 3184 sunt
2349 3132 2614 3198 ejusmodi
2649 3134 3032 3201 zeperationes
3067 3149 3194 3187 vero
3223 3134 3459 3202 Spiritus

1900 3223 2068 3274 sancti
2118 3223 2341 3289 quales?
2391 3223 2556 3277 Verbo
2588 3224 2819 3292 Domini,
2866 3225 3058 3294 inquit,
3099 3225 3213 3278 εωίί
3259 3225 3460 3292 ﬁrmati

213 3301 385 3352 armi
423 3301 889 3368 ἐστερεώθησαν,
943 3302 1038 3354 καὶ
1084 3302 1160 3366 τῷ
1184 3307 1478 3372 Πνεύματι
1518 3307 1621 3357 τοῦ
1651 3307 1787 3358 σῖό-
1819 3282 1860 3338 C

1819 3282 1860 3338 Ο
1894 3323 2032 3374 sunt,
2060 3325 2104 3365 et
2131 3312 2330 3380 Spiritu
2378 3317 2482 3367 oris
2531 3316 2642 3385 ejus
2676 3318 2839 3368 omnis
2897 3317 3054 3369 virtus
3088 3333 3267 3368 eorum
3285 3315 3350 3369 ".
3391 3315 3461 3370 Ut

208 3409 402 3461 ματος
428 3393 610 3444 αὑτοῦ
640 3392 805 3446 πᾶσα
843 3395 878 3461 ἡ
907 3393 1154 3462 δύναμις
1179 3393 1392 3448 αὐτῶν.
1439 3397 1523 3457 Ὠς
1551 3397 1724 3449 τοίνυν
1761 3401 1788 3450 6

213 3485 348 3545 Θεὸς
381 3483 552 3551 Λόγος
582 3484 908 3554 δημιουργός
940 3489 1054 3538 ἐστι
1091 3487 1195 3538 τῶν
1229 3487 1493 3559 οὐρανῶν,
1529 3487 1670 3540 οὕτω
1700 3491 1791 3541 καὶ

212 3575 276 3630 τὸ
314 3575 535 3647 Πνεῦμα
570 3576 628 3629 :6
660 3578 812 3645 ἆγιον
839 3577 899 3629 τὸ
933 3579 1145 3649 στερεὸν
1178 3581 1269 3632 καὶ
1314 3582 1509 3648 πάγιον
1538 3582 1635 3652 τῆς
1662 3582 1790 3651 ἀρε-

211 3668 316 3739 τῆς
346 3669 418 3735 (2)
453 3669 742 3740 παρέχεται
773 3671 892 3732 ταῖς
923 3671 1198 3741 οὐρανίαις
1230 3673 1506 3742 δυνάμεσι.
1548 3676 1656 3726 Καὶ
1689 3676 1792 3727 πά-

212 3762 298 3814 λιν
325 3764 354 3816 6
390 3760 505 3814 ’1ὡὸ
530 3779 542 3791 ·
576 3761 818 3829 Πνεῦμα
866 3764 1088 3829 Κυρίου
1127 3764 1190 3816 τό
1232 3765 1498 3833 ποιῆσαν
1534 3784 1610 3834 με
1633 3784 1644 3795 ·
1693 3767 1792 3820 οὐκ

213 3856 310 3906 ἐπὶ
353 3853 451 3924 τῆς
484 3854 859 3925 δημιουργίας,
907 3855 980 3918 ὡς
1010 3850 1184 3925 οἶμαι,
1223 3857 1336 3910 ἀλλ’
1381 3858 1471 3910 ἐπὶ
1523 3859 1622 3929 τῆς
1655 3861 1793 3913 κατὰ

211 3945 314 4013 τὴν
363 3946 703 4017 ἀνθρωπείαν
759 3946 957 4018 ἀρετὴν
1021 3947 1349 4013 τελειώσεως
1399 3951 1591 4020 λέγων.
1633 3953 1690 4006 '0
1736 3953 1790 4006 δὲ

223 4037 450 4098 Ἠσαίας
479 4040 541 4089 ὲκ
572 4037 862 4108 προσώπου
893 4039 1095 4109 Κυρίου
1127 4039 1524 4110 διαλεγόμενος,
1564 4044 1704 4096 κατὰ
1730 4045 1791 4096 τὸ

213 4127 552 4201 ἀνθρώπινον
583 4128 746 4180 αὐτοῦ
775 4128 1036 4198 δηλονότι,
1080 4133 1293 4198 Κύριος
1324 4132 1668 4187 ἀπέσταλκεζ
1692 4153 1788 4203 με,

213 4224 368 4292 φησὶ,
430 4221 527 4274 καὶ
561 4221 626 4272 τὸ
656 4220 895 4288 Πνεῦμα
927 4222 1136 4277 αὐτοῦ.
1175 4224 1283 4275 Καὶ
1317 4223 1476 4276 πάλιν
1506 4226 1532 4275 6
1560 4224 1789 4294 ψαλμὸς,

211 4315 280 4367 δι’
325 4313 461 4370 ὅλων
499 4313 872 4383 κεχωρηκέναι
917 4312 1143 4383 δύναμιν
1190 4313 1283 4366 τοῦ
1312 4317 1623 4386 Πνεύματος
1656 4335 1794 4388 παρ-

216 4404 390 4467 ιστὰς,
440 4403 564 4456 Ποῦ
619 4401 904 4469 πορευθῶ,
960 4405 1111 4482 φησὶ,
1161 4405 1260 4458 καὶ
1309 4405 1425 4460 ἀπὸ
1467 4407 1570 4460 τοῦ
1612 4409 1794 4460 Πνεύ-

206 4499 396 4567 ματός
436 4512 572 4560 σου,
610 4496 705 4548 καὶ
744 4497 860 4549 ἀπὸ
897 4498 1001 4550 τοῦ
1030 4497 1352 4564 προσώπου
1386 4514 1501 4552 σου
1529 4499 1645 4553 ποῦ
1679 4501 1794 4568 φύ-

210 4606 328 4659 71»;
362 4589 428 4641 Ai
457 4587 515 4639 δὲ
548 4589 625 4650 είς
661 4591 810 4659 ἡμᾶς
847 4589 941 4642 ἀπ’
967 4590 1130 4642 αὐτοῦ
1158 4590 1453 4656 φθάνουσαι
1487 4592 1794 4662 εὐεργεσίαι

1898 3404 2054 3469 igi:ur
2095 3403 2234 3457 Deus
2289 3403 2518 3455 Verbum
2576 3411 2788 3456 creator
2821 3412 2901 3455 est
2948 3403 3227 3467 caelorum,
3283 3403 3353 3454 ita
3408 3411 3462 3455 et

1893 3493 2124 3560 Spiritus
2150 3502 2369 3544 sanctus
2399 3493 2647 3545 stabilem
2691 3508 2752 3546 ac
2784 3493 2988 3545 ﬁrmant
3025 3494 3274 3546 virtutem
3308 3502 3459 3561 pote~

1893 3583 2120 3637 statibus
2154 3582 2468 3636 cmlestibus
2512 3582 2768 3650 impertit.
2804 3581 2869 3634 Et
2895 3598 3082 3635 rursus
3112 3581 3211 3634 Job
3241 3599 3255 3635 :
3290 3580 3459 3645 Spiri-

1894 3687 1974 3727 tus
2017 3674 2248 3738 Domini,
2296 3674 2386 3741 qui
2425 3673 2544 3740 fecit
2586 3673 2725 3726 me“
2756 3691 2766 3727 :
2800 3688 2906 3726 non
2951 3674 3016 3728 de
3058 3674 3348 3738 creatione,
3400 3681 3460 3728 ut

1893 3767 2148 3831 arbitror,
2188 3768 2281 3820 sed
2319 3767 2383 3819 de
2421 3766 2667 3819 humana:
2713 3765 2930 3819 virtutis
2974 3768 3302 3835 perl'eCtione
3343 3769 3454 3820 dis-

1894 3876 2096 3916 serens.
2133 3861 2269 3926 Quin
2306 3861 2467 3913 etiam
2505 3859 2726 3927 loquens
2768 3859 2932 3913 Isaias
2965 3876 3030 3912 ex
3068 3860 3279 3912 Domini
3333 3873 3458 3927 per-

1893 3968 2043 4015 sona,
2086 3952 2331 4006 videlicet
2362 3952 2654 4005 secundum
2684 3952 2799 4018 ejus
2826 3953 3210 4005 humanitatem
3236 3966 3246 3999 :
3273 3949 3456 4003 Domi-

1894 4061 2012 4110 nus,
2048 4043 2240 4112 inquit,
2277 4043 2418 4094 misit
2452 4058 2550 4104 nte,
2584 4049 2631 4092 et
2662 4039 2890 4109 Spiritus
2921 4042 3032 4108 ejus
3057 4041 3122 4094 ".
3155 4041 3220 4093 Et
3244 4055 3455 4094 rursum

1893 4135 2130 4204 Spiritus
2192 4133 2446 4184 virtutem
2511 4131 2761 4184 universa
2818 4131 3119 4200 pervasisse
3180 4131 3457 4186 declarans

1893 4226 2131 4295 psalmus
2161 4239 2175 4278 :
2205 4221 2319 4286 Quo
2368 4223 2471 4285 ibo,
2511 4223 2702 4289 inquit,
2737 4240 2767 4276 a
2814 4221 3010 4291 Spiritu
3072 4233 3180 4287 tuo,
3221 4233 3266 4275 et
3298 4239 3399 4286 quo
3426 4239 3458 4274 a

1895 4317 2030 4384 facie
2071 4326 2160 4366 tua
2201 4313 2397 4381 fugiam
2419 4311 2498 4364 ἐἳ
2527 4311 2901 4366 Benelicentiae
2929 4321 3110 4364 autem
3156 4327 3273 4380 quae
3303 4313 3457 4364 abeo

1896 4409 1959 4462 ad
1997 4421 2090 4460 nos
2139 4405 2449 4467 deveniunt,
2506 4403 2696 4472 quales
2746 4413 2872 4456 sunt
2914 4413 2968 4455 et
3017 4404 3275 4471 quantm?
3305 4404 3459 4458 Sicut

1897 4499 2151 4554 Dominus
2199 4498 2310 4565 ipse
2355 4496 2419 4549 iis
2448 4495 2538 4564 qui
2574 4497 2745 4561 ipsum
2778 4508 3085 4560 suscepere,
3121 4494 3257 4547 istuc
3309 4495 3455 4549 dedit

1896 4601 1954 4646 ut
1987 4594 2175 4644 liceret
2224 4587 2362 4641 filios
2394 4588 2483 4640 Dei
2522 4587 2635 4639 ﬁeri
2667 4586 2733 4648 ",
2784 4587 2861 4640 sic
2888 4596 2940 4640 et
2966 4587 3197 4653 Spiritus
3236 4596 3455 4641 sanctus

210 4680 393 4736 ὁποῖαί
419 4679 562 4742 τινές
595 4681 698 4734 εἰσι
729 4682 821 4733 καὶ
852 4681 1069 4737 ήλίκαι;
1101 4681 1311 4736 ’Ὥσπερ
1342 4682 1502 4745 αὐτὸς
1526 4684 1553 4735 6
1589 4683 1789 4754 Κύριος
1827 4689 1868 4742 D

1827 4689 1868 4742 ι)
1897 4681 2130 4752 Spiritus
2159 4687 2241 4733 est
2272 4677 2572 4746 adoptionis
2595 4677 2659 4731 ’⁸.
2694 4676 2758 4730 Et
2796 4679 3242 4744 quemadmodum
3273 4675 3454 4730 Domi-

287 4880 330 4911 "
364 4879 464 4933 lsa.
495 4894 569 4941 Vl,
603 4879 654 4932 5.

213 4951 262 4985 ³⁸
284 4948 382 5003 Job
419 4965 610 5015 χχχιιι,
642 4949 696 5002 4.

737 4879 777 4909 ⁸⁹
801 4878 951 4931 Joan.
989 4894 1057 4940 Iv,
1090 4879 1179 4934 ‘24.
1260 4879 1304 4908 ’°
1330 4877 1532 4934 Tliren.
1560 4895 1631 4942 Iv,
1662 4880 1752 4934 20.

772 4950 817 4979 ’⁸
848 4950 945 5002 lsa.
977 4963 1165 5014 XLVIII,
1198 4949 1281 5001 16.

285 5126 398 5197 (96)
434 5127 586 5193 Regii
623 5125 911 5197 secundus,
947 5126 1136 5197 tertius
1166 5136 1221 5180 et
1251 5126 1494 5195 quintus,
1523 5135 1577 5180 et
1622 5125 1776 5179 Colb.

213 5213 335 5252 cum
373 5195 606 5250 editione
641 5196 774 5267 Ven.
818 5197 921 5266 πρὸ
955 5195 1270 5267 προσώπου,
1301 5208 1353 5250 et
1408 5197 1480 5247 ita
1527 5197 1654 5265 legit
1703 5197 1783 5248 in-

216 5279 449 5334 terpres,
485 5267 720 5334 olimque
750 5265 950 5334 legerat
978 5265 1294 5320 Ambrosius
1323 5281 1574 5319 sermone
1610 5267 1692 5329 l5,
1727 5277 1785 5318 ut

218 5348 370 5391 notat
403 5337 776 5391 Combelisius.
813 5335 1008 5388 Vocula
1058 5337 1164 5407 πρό
1215 5337 1265 5389 in
1298 5337 1418 5388 aliis
1457 5337 1777 5407 quibusdam

218 5423 351 5461 mss.
379 5419 432 5459 et
467 5410 517 5457 in
557 5408 792 5459 editione
837 5407 1010 5460 Paris.
1043 5404 1214 5461 deest.
1249 5407 1447 5459 Ibidem
1481 5405 1648 5458 editio
1677 5404 1779 5457 Pa-

218 5480 312 5530 ris.
345 5480 372 5529 6
402 5475 627 5546 Κύριος.
666 5476 735 5527 At
773 5478 824 5527 in
849 5491 980 5530 mss.
1020 5478 1276 5530 articulus
1311 5492 1415 5546 non
1440 5475 1661 5546 legitur.
1696 5476 1785 5528 Sic

216 5550 353 5614 apud
379 5543 518 5599 LXX
545 5549 722 5599 editus
757 5556 840 5598 est
880 5546 970 5615 hie
996 5548 1144 5600 locus
1186 5562 1200 5600 :
1227 5544 1453 5615 Πνεῦμα
1491 5543 1782 5614 προσώπου

213 5611 372 5687 ἡμῶν
401 5616 631 5687 Χριστὸς
659 5615 882 5687 Κύριος,
915 5611 976 5669 οὗ
1009 5615 1241 5687 εἴπαμεν
1260 5634 1272 5646 ·
1324 5611 1506 5687 Ἐνᾼτῇ
1537 5611 1666 5685 σκιᾷ
1691 5617 1787 5687 αὐ-

212 5683 310 5740 τοῦ
349 5683 646 5756 ζησόμεθα.
686 5683 918 5756 Spiritus
970 5683 1365 5756 faeiei'nostrte
1404 5683 1651 5739 Christus
1680 5686 1784 5737 Do-

215 5753 502 5812 minus.de
544 5773 645 5823 quo
674 5753 906 5809 ducimus
955 5753 978 5810 ἐ
1035 5755 1101 5809 1η
1153 5763 1338 5812 umbra
1393 5755 1505 5822 ejus
1535 5756 1781 5810 vivemus.

218 5827 376 5950 ll;une
406 5826 580 5881 locum
611 5829 663 5882 in
695 5828 809 5883 suis
832 5827 976 5882 uotis
1013 5827 1243 5882 illustrat
1267 5828 1349 5882 vir
1378 5826 1785 5882 eruditissimus

265 5911 462 5950 υςιευε.

265 5911 462 5950 υςίευε.

1829 4882 1869 4912 ²¹
1908 4882 1945 4934 ιι
1975 4879 2095 4935 Cur.
2129 4896 2207 4942 III,
2238 4879 2321 4931 ΓΙ.

1360 4950 1404 4979 ³⁵
1430 4948 1566 5002 Psal.
1600 4966 1868 5015 cxxvaII,
1896 4953 1948 5004 7.

2949 4875 2993 4905 ⁸³
3025 4874 3162 4928 Psa..
3203 4891 3369 4938 χχχιι,
3399 4895 3450 4930 ο.

2514 4948 2559 4977 ’⁸
2589 4945 2744 5000 Rom.
2785 4961 2898 5008 Vlll,
2934 4946 3020 4997 15.

2399 4874 2870 4937 "Joan.x1v,16.

2024 4951 2065 4980 ²⁷
2094 4949 2248 5002 Joan.
2291 4951 2437 5014 1,12.

1952 5126 2063 5196 (97)
2096 5128 2230 5180 Edill
2256 5144 2354 5179 ουκ
2383 5125 2751 5194 αΑΛοτρίωσιν.
2782 5124 2848 5175 At
2876 5137 3004 5175 mss.
3033 5121 3173 5196 οὐχί.

1951 5191 2064 5267 (98)
2088 5198 2315 5250 Codices
2366 5191 2619 5267 nonnulli
2665 5194 3161 5267 ἐπιγενηματικήν,
3193 5205 3304 5267 per
3331 5191 3453 5267 uiti:

1882 5262 2003 5319 cuin
2034 5262 2082 5320 ν.
2115 5268 2315 5320 ibidem
2347 5266 2475 5320 editi
2502 5275 2554 5317 et
2581 5263 2735 5334 Colb.
2761 5262 3322 5334 προσγεγεννημένην.
3347 5262 3450 5315 Alii

1883 5348 1993 5390 tres
2023 5353 2148 5391 mss.
2180 5333 2713 5406 προσγεγενῃμένην.

1956 5408 2066 5475 (99)
2097 5401 2237 5462 Editi
2272 5401 2350 5469 είς
2375 5401 2670 5468 ἀπόδειξιν.
2703 5404 2917 5457 Atmss.
2954 5403 3290 5472 antiquiores
3314 5401 3450 5472 πρὸς

1885 5494 2176 5533 αποοειζιν.

1959 5477 2208 5616 {ﬁlatim
2251 5547 2522 5619 ἐνέργειαι
2554 5540 3022 5619 τοῦΑΠνεύματος.
3047 5540 3448 5619 Veteresmlibrj

1888 5609 2029 5670 nt'in
2057 5609 2478 5672 contextuflloc
2513 5617 2630 5682 ipso
2663 5615 2713 5666 in
2751 5609 2866 5666 loco
2898 5625 3031 5665 mss.
3085 5609 3326 5682 nonnulli
3354 5609 3450 5663 τοῦ

1888 5687 2117 5756 Κυρίου.
2151 5686 2342 5741 Deerat
2381 5681 2641 5756 articulus
2678 5684 2743 5756 in,
2765 5682 3044 5756 impressis
3069 5681 3239 5756 libris.

1964 5747 2041 5826 ('2)
2077 5757 2228 5821 Illud,
2265 5756 2372 5824 τῆς
2409 5752 2650 5822 ἀρετῆς,
2682 5747 2921 5812 additum
2954 5760 3035 5807 est
3058 5766 3123 5807 ex
3147 5752 3314 5804 tribus
3345 5747 3452 5801 Re-

1888 5826 1988 5898 giis
2014 5827 2306 5884 codicibus.
