4208 6482
249 440 357 498 665

1337 448 1706 506 ADVERSUS
1746 449 2110 507 EUNOMIUM
2148 451 2278 505 ΗΒ.
2322 452 2408 505 111.

3377 457 3473 514 666

249 554 358 625 γὰρ
383 557 411 608 ὁ
440 555 586 618 θεδςν
617 555 692 618 ὥς
724 574 854 627 φησι
886 557 1116 623 Humor
1165 561 1561 629 Παραγγέλλω
1588 577 1683 616 σοι
1735 563 1827 615 ὲν-
1854 569 1899 624 Α

1787 581 1827 602 ’-
1854 569 1899 624 Α
1932 561 2197 616 Christum
2236 581 2262 616 e
2304 564 2547 628 mortuis,
2580 564 2857 633 viri/icabit
2886 568 3041 619 etiam
3084 569 3328 622 mortalia
3359 589 3449 624 cor

248 645 436 698 ὡπιον
456 646 559 699 τοῦ
583 648 730 701 Θεοῦ
754 649 858 702 τοῦ
888 648 1305 716 ζωοποιοῦντος
1335 653 1402 704 τὰ
1419 651 1611 704 πάντα
1629 669 1642 680 ·
1670 653 1812 722 ζωὴν

249 736 307 789 δὲ
342 737 550 790 δίδωσιν
579 739 607 790 ὁ
640 741 872 811 Χριστός
904 741 1011 812 (ιε)
1033 759 1046 772 ο
1089 742 1162 795 Τὰ
1192 745 1453 810 πρόϐατα
1486 743 1614 812 γὰρ,
1658 745 1808 814 φησι,

1918 670 2050 721 pora
2092 666 2297 721 vestra,
2344 672 2426 724 per
2481 657 2646 724 ipsius
2700 655 2953 724 Spiritum
2991 661 3370 716 iuhabitantem
3423 665 3476 720 in

1919 747 2054 798 vobis
2086 748 2157 801 ³⁷.

250 827 324 880 τὰ
352 829 461 897 ἐμὰ
494 829 604 896 τῆς
635 832 839 900 φωνῆς
872 851 990 901 μου
1022 834 1342 899 ἀκούουσι,
1374 835 1471 888 καὶ
1514 836 1626 904 ἐγὼ
1660 834 1810 904 ζωὴν
1847 839 2084 892 αἰώνιον
2117 839 2318 908 δίδωμι
2350 841 2569 905 αὐτοῖς.
2643 841 3054 912 Ζωοποιούμεθα
3116 844 3170 896 δὲ
3200 844 3284 898 διὰ
3311 847 3477 900 Πνεύ-

253 939 442 990 ματος,
484 923 557 987 ὣς
603 940 734 994 φησι
785 925 1026 988 Παῦλοςη
1080 927 1142 979 '0
1186 929 1415 995 ἐγειᾏοίις
1456 929 1710 998 Χριστὸν
1751 930 1816 982 ἐκ
1857 931 2082 998 νεκρῶν
2119 933 2457 1002 ζωοποιήσει
2501 933 2598 987 καὶ
2664 933 2734 986 τὰ
2782 935 2965 1002 θνητὰ
3001 935 3242 990 σώαατα
3311 938 3470 1008 ὑμῶν

250 1011 350 1064 διὰ
386 1014 490 1066 τοῦ
519 1015 894 1080 ἐνοικοῦντος
926 1017 1110 1070 αὑτοῦ
1143 1022 1480 1089 Πνεύμιιτος
1508 1021 1576 1072 ἐν
1608 1021 1766 1084 ὑμῖν.

323 1106 372 1158 5.
414 1107 551 1158 Ἀλλ’
581 1110 608 1160 ὁ
635 1108 808 1160 πάντα
832 1108 1099 1180 τολμηρὸς
1128 1107 1298 1174 οὗτος,
1325 1112 1415 1163 καὶ
1443 1112 1515 1182 μὴ
1542 1112 1816 1182 ὑποπτήσ-

249 1217 357 1253 σων
407 1200 498 1253 τὸν
546 1201 918 1270 ἐπηρτημένον
972 1203 1210 1255 κίνδυνον
1260 1207 1370 1266 τοῖς
1420 1203 1654 1272 τολμῶσι
1707 1205 1815 1272 (15)

249 1292 563 1361 βλάσφημον
593 1310 642 1344 τι
682 1293 831 1362 ῥῆμα
877 1295 955 1356 εἰς
987 1295 1046 1347 τὸ
1083 1294 1303 1364 Πνεῦμα
1349 1295 1408 1347 τὸ
1457 1296 1607 1363 ἅγιον
1642 1297 1814 1366 ἀττορ-

248 1380 420 1450 ρἰαι,
450 1381 711 1451 ἀμέτοχον
740 1384 870 1437 αὐτὸ
904 1384 1152 1455 θεότητος
1182 1385 1560 1453 ἀποφαίνεται,
1591 1388 1815 1457 γράφων

243 1472 385 1524 οὕτω
411 1472 537 1540 περὶ
571 1473 661 1525 τοῦ
695 1473 1009 1544 Πνεύματος
1030 1491 1042 1504 ·

314 1564 471 1615 ΕΥΝ.
506 1564 697 1634 Τρίτον
733 1566 880 1628 τάξει
919 1566 1012 1618 καὶ
1052 1565 1159 1634 (14)
1210 1565 1386 1634 φύσει,
1436 1567 1811 1637 προστάγματι

245 1654 345 1725 μὲν
380 1655 470 1706 τοῦ
507 1657 749 1728 Πατρὺς,
788 1660 1034 1727 ἐνεργείᾳ
1081 1658 1136 1708 δὲ
1182 1657 1275 1710 τοῦ
1331 1657 1458 1710 Υἱοῧ
1499 1660 1805 1728 γενόμενον,

240 1746 396 1818 τρίτῃ
423 1747 575 1819 χώρα
607 1749 930 1819 τιμώμενον,
963 1749 1036 1811 ὡς
1064 1749 1276 1819 πρῶτον
1302 1750 1394 1800 καὶ
1423 1749 1605 1818 μεῖξον
1634 1750 1806 1802 ἁπάν-

240 1857 380 1902 των,
422 1841 517 1894 καὶ
569 1843 725 1912 μόνον
761 1839 996 1894 τοιοῦτον
1047 1842 1138 1894 τοῦ
1190 1842 1524 1910 Μονογενοῦς
1571 1843 1801 1913 ποίημα,

1989 1112 2043 1166 5.
2091 1113 2286 1165 Verum
2341 1112 2426 1165 hic
2485 1114 2584 1165 iste
2639 1129 2757 1166 cum
2805 1115 3000 1169 audeat
3039 1116 3254 1181 omnia,
3303 1133 3474 1186 neque

1924 1205 2241 1275 periculum,
2265 1204 2404 1271 quod
2443 1203 2664 1256 cuilibet
2698 1204 3064 1271 blasphemum
3103 1206 3316 1274 aliquod
3353 1223 3473 1260 ver-

1913 1301 2036 1352 btttn
2069 1299 2120 1350 in
2156 1297 2418 1358 Spiritum
2453 1305 2692 1350 sanctum
2723 1297 2969 1350 emittere
3011 1301 3231 1352 audenti
3263 1300 3468 1367 impen-

1913 1393 2022 1446 det.
2056 1389 2260 1452 timeat,
2300 1396 2574 1455 expertem
2608 1403 2728 1440 cum
2759 1388 2972 1442 deitatis
3007 1392 3349 1456 pronuntiat,
3394 1393 3470 1445 sic

1914 1481 1978 1534 de
2007 1479 2206 1549 Spiritu
2237 1481 2481 1533 scribens
2514 1497 2528 1530 :

1981 1573 2111 1625 Eun.
2153 1571 2366 1624 Tertius
2417 1572 2604 1623 ordine
2649 1581 2702 1624 et
2745 1581 2975 1634 natura,
3035 1571 3209 1626 Patris
3251 1572 3466 1640 quidem

1909 1670 2195 1729 praecepto,
2228 1661 2544 1729 operatione
2591 1675 2718 1713 vero
2752 1663 2872 1715 Filii
2909 1663 3103 1727 iactus,
3144 1666 3300 1717 tertio
3345 1663 3467 1716 loco

1907 1754 2236 1818 honoratus,
2283 1762 2535 1823 tanquam
2585 1758 2673 1823 qui
2710 1756 2780 1807 sit
2815 1755 3084 1823 primum,
3117 1756 3466 1823 omnimnque

1907 1846 2234 1907 maximum,
2287 1854 2339 1899 et
2374 1845 2545 1898 solum
2588 1846 2896 1912 hnjusmodi
2939 1846 3210 1914 opitirium
3265 1845 3464 1914 Unige-

239 1931 490 2002 Θεότητος
517 1935 606 1986 καὶ
637 1934 1026 2004 δημιουργικῆς
1051 1935 1327 2003 δυνάμεως
1353 1934 1798 2004 ἀπολειπόμενον.
1837 1913 1876 1966 Β

1448 1934 1798 2004 ιλειπόμενον.
1837 1913 1876 1966 Β
1909 1937 2257 2004 ιιῑιί,,ι1οἰιειῑο
2286 1953 2348 1992 ac
2382 1937 2597 1991 creandi
2635 1937 2866 2005 potentia
2899 1953 3110 1992 carens.

308 2025 456 2077 ΒΑΣ.
504 2026 558 2077 '0
587 2024 641 2076 δὲ
675 2023 830 2077 τοῦτο
865 2025 1036 2091 λέγων
1088 2025 1229 2078 ἔοικε
1268 2027 1403 2096 μηδὲ
1436 2027 1530 2096 τὴν
1577 2027 1802 2099 θεότητα

237 2117 654 2172 πεπιστευκέναι
687 2119 742 2171 ὲν
784 2120 913 2188 ἡμῖν
942 2119 1107 2170 οίκεῖν
1142 2119 1274 2190 (15),
1300 2121 1389 2173 τοῦ
1436 2122 1679 2174 Ἰωάννου
1715 2122 1801 2174 λέ-

237 2229 423 2282 γοντος
460 2211 583 2282 περὶ
615 2210 748 2263 Θεοῦ
771 2227 782 2238 '
830 2212 922 2265 Ἐκ
955 2213 1164 2266 τούτου
1195 2213 1582 2282 γινώσκομεν,
1618 2215 1703 2267 ὅτι
1737 2216 1806 2267 ἐν

237 2302 383 2371 ἡμῖν
409 2301 610 2364 ἐστιν,
643 2302 710 2354 ἐκ
747 2301 855 2356 τοῦ
909 2303 1254 2370 ΙΙνεύμίιτος
1303 2299 1373 2357 οὗ
1405 2303 1548 2372 ἡμῖν
1583 2304 1763 2356 ἔδωκε
1787 2320 1798 2331 ο

238 2394 332 2447 καὶ
379 2392 471 2446 τοῦ
527 2394 882 2446 Ἀποστοιιου·
923 2396 1041 2447 Οὐκ
1087 2394 1304 2455 οἴδατε,
1347 2393 1431 2445 ὅτι
1470 2393 1613 2458 rrch
1657 2394 1802 2447 Θεοῦ

236 2489 394 2551 ἐστε,
437 2489 534 2541 καὶ
564 2488 628 2539 τὸ
660 2489 898 2558 Πνεῦμα
932 2488 1035 2541 τοῦ
1075 2488 1219 2541 Θεοῦ
1235 2486 1384 2538 οἰκεῖ
1413 2487 1481 2538 ἐν
1502 2485 1676 2556 ὐμῖν;
1711 2488 1802 2540 καὶ

237 2582 419 2634 πάλιν·
460 2584 554 2633 Ἐν
577 2580 622 2640 ᾧ
647 2583 682 2648 ἡ
706 2581 870 2635 πᾶσα
896 2579 1173 2646 οἰκοδομὴ
1197 2581 1801 2650 συναρμολογουμένη

236 2675 406 2738 αὔξει
443 2677 528 2739 εις
573 2675 721 2726 ναὸν
765 2673 935 2740 ἅγιον
965 2673 1032 2727 ἐν
1064 2672 1289 2738 Κυρίῳ,
1323 2673 1390 2724 ἑν
1420 2665 1466 2737 ᾧ
1500 2673 1596 2726 καὶ
1637 2674 1803 2741 ὑμεῖς

237 2763 765 2833 συνοικοδομεῖσθε
806 2766 889 2829 εἰς
922 2762 1375 2831 κατοικητήριον
1408 2763 1513 2816 τοῦ
1562 2763 1707 2816 Θεοῦ
1735 2764 1804 2815 ἐν

237 2857 553 2924 Πνεύματι.
585 2857 647 2908 Εἰ
669 2855 845 2907 τοίνυν
876 2857 932 2908 ὲν
960 2857 1091 2926 ἡμῖν
1119 2857 1146 2907 ὁ
1167 2855 1296 2917 Θεὸς
1331 2857 1556 2907 ἐνοικεῖν
1588 2854 1802 2922 λέγεται

235 2949 326 3001 διὰ
350 2949 441 3002 τοῦ
470 2949 801 3019 Πνεύματος,
833 2949 947 3011 πῶς
978 2949 1096 3017 οὐχὶ
1122 2950 1355 3018 φανερᾶς
1388 2947 1634 3010 ἀσεϐείας
1658 2950 1802 3000 ἐστὶν

237 3041 370 3093 αὐτὸ
401 3040 461 3092 τὸ
489 3041 709 3110 Πνεῦμα
741 3040 918 3108 λέγειν
947 3039 1325 3109 ἁμέτοχοντῆς
1355 3039 1601 3108 θεότητος
1626 3056 1638 3102 ;
1671 3041 1799 3100 Καὶ,

237 3133 289 3184 εἰ
317 3131 469 3193 θεοὺς
503 3132 837 3202 ὀνομάζομεν
867 3133 990 3192 τοὺς
1017 3133 1136 3182 κατ’
1168 3129 1365 3198 ἀρετὴν
1397 3128 1654 3192 τελείους,
1687 3132 1718 3198 ἡ
1748 3130 1802 3182 δὲ

1976 2026 2100 2082 Bas.
2138 2029 2252 2082 Hoc
2283 2029 2371 2096 qui
2401 2028 2561 2091 dicit,
2601 2045 2697 2081 nec
2728 2030 2978 2082 deitatem
3008 2030 3250 2083 habitare
3282 2031 3331 2083 in
3364 2046 3462 2083 no-

1909 2117 1989 2172 bis
2025 2119 2234 2172 videtur
2273 2115 2515 2184 credere,
2570 2121 2669 2174 etsi
2719 2121 2783 2175 de
2835 2121 2940 2173 Deo
2987 2120 3218 2175 Joannes
3263 2123 3394 2175 dicit
3445 2140 3458 2177 :

1907 2207 1990 2261 Ex
2020 2210 2116 2261 hoc
2149 2211 2367 2276 scimus,
2406 2215 2542 2280 quod
2571 2213 2624 2264 iu
2657 2213 2800 2264 nobis
2837 2228 2906 2264 est
2929 2253 2942 2276 ,
2973 2229 3036 2265 ea:
3064 2211 3283 2279 Spiritu,
3311 2229 3463 2284 quem

1906 2299 2049 2350 nobis
2079 2299 2218 2350 dedit
2241 2300 2282 2329 ³³
2311 2318 2323 2364 ;
2367 2302 2725 2368 etApostolns
2752 2320 2763 2354 :
2800 2300 3024 2354 Nescitis
3057 2304 3194 2365 quod
3219 2305 3463 2370 (emplum

1907 2388 1999 2442 Dei
2017 2391 2160 2456 estis,
2179 2400 2222 2444 et
2246 2390 2476 2455 Spiritus
2500 2392 2589 2444 Dei
2606 2395 2805 2442 habitat
2825 2394 2875 2444 in
2897 2394 3092 2444 vobis”
3114 2397 3134 2444 ?
3157 2404 3207 2445 et
3227 2411 3414 2447 rursus
3446 2413 3459 2448 :

1907 2479 1971 2533 In
2000 2498 2098 2551 quo
2130 2484 2294 2535 omnis
2330 2484 2609 2546 tedi/icatio
2636 2495 2994 2553 coagmentata
3026 2487 3204 2538 crescit
3237 2487 3292 2538 in
3328 2495 3460 2544 tem-

1903 2575 2046 2642 plum
2086 2586 2319 2627 sanctum
2355 2575 2408 2626 iu
2453 2574 2694 2638 Domino,
2735 2577 2787 2626 in
2821 2592 2921 2643 quo
2967 2585 3130 2629 eteos
3163 2577 3460 2645 cowdiﬁca-

1906 2665 2031 2716 mini
2078 2666 2131 2716 in
2179 2665 2535 2718 habitaculum
2590 2665 2680 2717 Dei
2713 2667 2763 2717 in
2814 2664 3012 2733 Spiritu
3054 2666 3121 2721 ⁸ο.
3175 2666 3384 2735 Itaque,
3418 2668 3462 2722 si

1907 2757 2048 2809 Deus
2079 2757 2131 2809 in
2157 2757 2313 2810 nobis
2341 2773 2434 2822 per
2465 2755 2723 2822 Spiritum
2758 2756 3003 2811 habitare
3031 2757 3249 2822 dicitur,
3283 2775 3462 2812 nonne

1906 2845 2185 2898 manifesta
2220 2845 2468 2913 impietas
2501 2856 2603 2911 est,
2639 2845 2811 2913 ipsum
2846 2846 3106 2913 Spiritum
3137 2849 3319 2901 dicere
3347 2851 3461 2904 dei—

1905 2941 2028 2995 tatis
2059 2940 2371 2995 exsortem?
2403 2940 2488 3004 Et,
2515 2940 2558 2994 si
2582 2957 2673 2994 eos
2704 2942 2791 3010 qni
2825 2943 3023 2995 virtute
3052 2942 3275 3010 perfecti
3303 2956 3449 3008 sunt,

1906 3034 2035 3088 deos
2063 3034 2424 3097 nominamus,
2451 3034 2711 3102 perfectio
2736 3043 2915 3086 autem
2947 3044 3026 3088 est
3054 3051 3147 3104 per
3169 3033 3461 3103 Spiritum;

1905 3124 2173 3194 quomodo
2203 3126 2293 3192 qui
2330 3124 2464 3178 alios
2497 3123 2659 3177 cilicit
2709 3125 2861 3192 deos,
2903 3125 2990 3179 ille
3019 3126 3132 3195 ipse
3175 3127 3464 3181 destitutus

235 3225 510 3286 τελείωσις
542 3225 627 3275 διὰ
668 3223 758 3274 τοῦ
798 3221 1141 3289 ΙΙνεύματος,
1180 3220 1294 3282 πῶς
1329 3221 1388 3272 τὸ
1432 3221 1653 3291 ἐτέρους
1686 3222 1801 3275 θεο·
1828 3245 1871 3303 c

1799 3245 1871 3303 uc
1908 3220 2104 3273 deitate
2128 3218 2250 3273 est?
2288 3218 2398 3270 Nec
2425 3233 2554 3271 vero
2590 3218 2732 3284 pium
2760 3218 2921 3272 fuerit
2951 3220 3145 3280 dicere,
3187 3228 3243 3272 ut
3279 3221 3328 3272 in
3365 3221 3461 3272 ho-

235 3315 419 3369 ποιοῦν
450 3314 585 3367 αὐτὸ
625 3315 720 3383 τῆς
756 3313 1002 3382 θεότητος
1049 3313 1432 3379 ἀπολείπεται;
1486 3315 1645 3367 Ἀλλὰ
1697 3315 1802 3386 μὴν

235 3407 356 3460 οὐδὲ
386 3404 625 3468 εὐσεϐὲς,
669 3403 853 3476 ὥσπερ
895 3406 986 3457 ἐπὶ
1014 3405 1121 3457 τῶν
1165 3406 1466 3476 ἀνθρώπων
1491 3450 1503 3471 ,
1536 3406 1676 3458 οὕτω
1710 3407 1803 3458 καὶ

234 3500 326 3551 ἐπὶ
358 3495 448 3549 τοῦ
494 3496 826 3568 Πνεύματος,
867 3497 1131 3566 μεθεκτὴν
1160 3497 1336 3564 λέγειν
1369 3498 1532 3550 αὑτοῦ
1563 3499 1661 3566 τὴν
1695 3498 1802 3549 θεό-

233 3607 372 3661 τητα
393 3587 713 3659 τετιμῆσθαι
739 3587 868 3656 (16),
903 3587 995 3638 καὶ
1019 3587 1138 3656 οὐχὶ
1168 3587 1324 3655 φύσει
1355 3586 1502 3656 αὐτῷ
1530 3585 1801 3658 συνυπάρ-

233 3697 370 3751 χειν.
414 3681 471 3733 Ὀ
510 3681 616 3752 γὰρ
658 3679 836 3750 χάριτι
871 3677 1280 3749 θεοποιούμενος
1313 3679 1412 3748 τῆς
1446 3682 1800 3750 μεταπτωτῆς

233 3775 349 3825 ἐστι
391 3773 622 3840 φύσεως,
663 3771 718 3837 ἐξ
758 3770 1085 3842 ἀπροσεξίας
1118 3771 1244 3822 ποτὲ
1284 3771 1376 3824 καὶ
1425 3770 1800 3843 ἀπορρεούσης

232 3866 326 3919 τοῦ
365 3865 689 3935 κρείττονος.
737 3863 904 3916 Τοῦτο
940 3863 996 3915 δὲ
1032 3862 1216 3931 σαφῶς
1257 3863 1483 3932 μάχεται
1523 3866 1586 3933 τῇ
1621 3880 1793 3932 παραυ

231 3957 374 4010 δόσει
395 3956 487 4010 τοῦ
510 3959 771 4028 σωτηρίου
797 3955 1182 4025 βαπτίσματος.
1209 3954 1618 4022 Πιιοευθέντες,
1645 3956 1795 4023 φησὶ,

232 4045 540 4112 ῥῖαπτίζετε
561 4049 648 4112 είς
671 4046 735 4099 τὸ
763 4047 946 4115 ὄνομα
969 4045 1071 4098 τοῦ
1102 4045 1351 4110 Πατρός,
1377 4048 1473 4098 καὶ
1501 4046 1604 4098 τοῦ
1639 4046 1793 4107 Υἱοῦ,

233 4137 329 4190 καὶ
368 4136 474 4189 τοῦ
517 4137 688 4204 ἁγίου
735 4138 1075 4204 Πνεὺματος
1109 4135 1240 4204 (17).
1281 4137 1433 4187 Ἔστι
1460 4135 1568 4204 γὰρ
1597 4135 1657 4187 τὸ
1706 4134 1797 4203 βά-

232 4244 442 4296 πτισμα
485 4228 719 4297 σφραγὶς
755 4227 851 4296 τῆς
882 4228 1131 4293 πίστεως,
1174 4229 1205 4298 ἡ
1240 4227 1295 4282 δὲ
1334 4226 1510 4290 πίστις
1550 4227 1798 4298 θεότητος

233 4319 646 4390 συγκατάθεσις.
681 4316 969 4372 Πιστεῦσαι
1000 4319 1106 4389 γὰρ
1138 4319 1217 4372 δεῖ
1255 4320 1532 4390 πρότερον,
1565 4317 1680 4373 εἶτα
1721 4319 1797 4390 τῷ

234 4411 568 4482 βαπτίσματι
589 4408 1114 4482 ἐπισφραγίσασθαι.
1152 4409 1224 4462 Τὸ
1248 4410 1302 4461 δὲ
1332 4409 1611 4479 βάπτισμα
1644 4409 1797 4479 ἡμῶν

232 4506 348 4556 ἐστι
381 4501 521 4556 κατὰ
558 4503 654 4572 τὴν
685 4502 778 4554 τοῦ
809 4503 914 4573 (18)
949 4502 1152 4572 Κυρίου
1181 4503 1492 4570 παράδοσιν,
1523 4503 1601 4564 εἰς
1631 4500 1796 4569 ὄνομα

1908 3310 2160 3374 minibus,
2211 3307 2280 3358 ita
2308 3317 2361 3359 et
2389 3306 2440 3358 in
2473 3307 2677 3374 Spiritu
2713 3307 2966 3360 deitatem
3001 3322 3119 3376 qua:
3161 3309 3459 3379 participa-

1906 3401 2049 3452 tione
2086 3398 2350 3467 acquisita
2389 3398 2479 3460 sit,
2517 3398 2796 3464 honorari,
2827 3416 2929 3452 non
2969 3409 3148 3453 autent
3181 3410 3368 3455 natura
3407 3405 3458 3457 ei

1902 3501 2228 3558 competere.
2273 3491 2373 3555 Qui
2402 3490 2542 3542 enim
2594 3490 2734 3542 dono
2761 3490 2990 3543 edicitur
3020 3491 3183 3554 Deus,
3225 3473 3479 3548 mutabi-I

1903 3584 1966 3639 lis
1994 3595 2075 3638 est
2106 3595 2341 3649 naturae,
2373 3599 2490 3652 qua:
2538 3598 2916 3650 nonnunquam
2947 3597 3043 3650 per
3075 3584 3454 3654 negligentiam

1902 3692 1929 3730 a
1980 3677 2223 3731 bonitate
2257 3678 2492 3730 excidat.
2527 3675 2581 3729 Id
2629 3684 2804 3729 autem
2849 3686 3033 3744 aperte
3072 3678 3324 3730 salutaris
3358 3679 3454 3731 ba-

1901 3770 2078 3838 ptismi
2110 3779 2366 3838 repugnat
2395 3767 2694 3820 traditioni.
2725 3766 2939 3830 Euntcs,
2971 3769 3166 3837 inquit,
3197 3769 3458 3836 baptizare

1900 3865 1954 3917 iu
1984 3843 2189 3915 nomine
2213 3860 2412 3922 Patris,
2446 3869 2491 3911 et
2524 3857 2677 3924 Filii,
2713 3869 2758 3911 et
2789 3859 3022 3925 Spiritus
3058 3860 3227 3912 sancti
3265 3857 3330 3911 “.
3365 3859 3460 3914 Est

1899 3954 2040 4004 enim
2080 3950 2339 4016 baptisma
2381 3949 2612 4017 sigillum
2652 3950 2806 4010 ﬁdei,
2845 3950 2974 4002 fides
3027 3963 3154 4002 vero
3197 3963 3454 4004 assensus

1899 4053 1982 4097 est
2037 4041 2241 4095 deitati.
2314 4040 2446 4093 Nam
2502 4041 2719 4094 credere
2768 4041 2914 4110 prius
2969 4052 3214 4110 oportet,
3267 4042 3462 4098 deinde

1901 4134 2221 4204 baptismate
2251 4133 2544 4202 obsignari.
2580 4132 2673 4186 Est
2715 4145 2894 4187 autem
2928 4145 3109 4187 noster
3159 4134 3457 4203 baptismus

1907 4241 1971 4279 ex
1988 4225 2194 4279 Domini
2233 4224 2540 4287 traditione,
2564 4223 2614 4276 in
2635 4240 2827 4276 [tamen
2847 4223 3038 4286 Patris,
3064 4225 3286 4292 et277
3314 4225 3455 4290 Filii,

1897 4329 1951 4372 et
2003 4316 2233 4385 Spiritus
2294 4317 2486 4380 sancti,
2556 4314 2694 4366 nulla
2741 4324 3007 4374 creatura,
3063 4328 3238 4382 neque
3295 4331 3457 4370 servo

1898 4407 2045 4460 Patri
2087 4422 2148 4459 ac
2191 4405 2328 4458 Filio
2384 4404 2692 4472 conjuncto.
2731 4420 2853 4457 cum
2911 4405 3084 4460 deitas
3109 4405 3160 4460 in
3191 4406 3457 4462 Trinitate

1899 4498 2252 4564 compleatur.
2288 4495 2420 4548 Nam
2455 4497 2712 4564 quidquid
2743 4506 2895 4550 extra
2925 4499 3020 4551 hos
3064 4505 3144 4548 est
3167 4536 3179 4558 .
3212 4497 3261 4549 id
3291 4514 3453 4552 ontne

234 4596 446 4664 Πατρὸς
508 4594 599 4648 καὶ
654 4594 781 4646 Υἱοῦ
843 4597 935 4647 καὶ
983 4593 1136 4663 ἁγίου
1189 4593 1534 4660 Πνεύματος·
1586 4591 1793 4652 οὐδενὸς
1830 4587 1868 4639 l)

1787 4609 1793 4650 ;
1830 4587 1868 4639 υ
1901 4602 2212 4643 conservum
2241 4595 2343 4650 est,
2373 4588 2581 4642 etiamsi
2616 4590 2846 4641 maxime
2872 4586 2938 4639 ob
2964 4586 3284 4653 dignitatum
3314 4604 3449 4657 pra:-

233 4687 549 4755 κτίσματος,
585 4685 702 4738 οὐδὲ
734 4685 915 4737 δούλου
947 4685 1118 4755 Ihth
1151 4685 1242 4737 καὶ
1287 4683 1393 4752 ΥΞῴ
1435 4682 1795 4752 συντεταγμέ-

1883 4684 2149 4735 .stantiam
2184 4681 2286 4732 alia
2315 4680 2433 4734 aliis
2459 4691 2867 4748 anteponantur.

232 4797 342 4838 vou,
370 4776 444 4840 ὡς
474 4779 569 4848 τῆς
596 4777 844 4848 θεότητος
873 4778 928 4826 ὲν
958 4777 1142 4845 Τριάδι
1175 4774 1682 4846 συμπληρουμένης.
1718 4775 1789 4825 Τὸ
1826 4775 1880 4825 δὲ
1942 4772 2044 4835 ἔξω
2070 4772 2269 4824 τούτων
2335 4772 2615 4840 ομόόουλον
2644 4772 2783 4823 ἅπαν
2810 4771 2946 4834 ἐστὶ,
2981 4771 3082 4825 κᾶν
3120 4771 3186 4823 τὰ
3220 4772 3452 4841 μάλιστα

233 4870 554 4940 ὑπερϐολαῖς
602 4871 919 4940 ἀξιωμάτων
960 4867 1092 4921 ἄλλα
1131 4869 1301 4920 ἄλλων
1349 4865 1785 4936 προτετιμημένα
1823 4863 2084 4934 τυγχάνῃ.

303 4964 355 5018 6.
396 4965 507 5016 Καὶ
539 4968 610 5035 μή
659 4983 746 5036 μοι
785 4965 943 5018 πάλιν
973 4963 1038 5015 τὰ
1075 4963 1212 5029 σοφὰ
1242 4962 1408 5015 ταῦτα
1430 4979 1442 4990 ·

304 5052 461 5106 ΕΥΝ.
504 5053 626 5106 Ἐὰν
659 5055 734 5125 μὴ
771 5060 971 5124 κτίσμα
1001 5052 1174 5114 ἐστὶν,
1215 5052 1406 5104 οὐκοῦν
1446 5052 1706 5121 γέννημα,
1755 5049 1785 5117 ἢ

309 5258 351 5292 ³⁷
397 5259 550 5313 Rom.
599 5270 716 5320 VIII,
759 5255 844 5308 11.
921 5251 1196 5306 ³⁸·Ηοέιιι.
1230 5266 1312 5315 ιιι,
1352 5250 1440 5302 24.

303 5443 413 5512 (l2)
435 5442 566 5496 Pars
591 5441 760 5509 major
783 5435 1486 5512 lihroruptveterumoiamcr:
1522 5435 1770 5504 Χριστός.
1816 5459 1821 5465 ·

237 5505 427 5569 Statim
458 5513 587 5580 Reg.
624 5505 842 5577 qtiartns
866 5506 1045 5575 φωνῆς
1076 5525 1174 5574 μου
1205 5505 1410 5580 ἀκούει.

305 5583 413 5654 (15)
441 5575 584 5654 [fibri
619 5575 819 5646 aliquot
839 5589 1043 5654 veteres
1068 5581 1175 5654 τοῖς
1209 5575 1524 5654 τολμήσασα

306 5646 414 5727 (14)
439 5652 660 5704 Codices
683 5649 915 5727 nonnulli
944 5647 1034 5727 καὶ
1064 5647 1214 5726 “satist
1245 5647 1355 5698 καί.
1384 5647 1516 5697 Editi
1553 5646 1776 5727 προστά-

234 5717 405 5795 γματι
439 5721 555 5795 μέν.
584 5721 776 5795 Vocula
804 5720 903 5790 μέν
945 5719 994 5795 in
1033 5717 1215 5795 majori
1251 5727 1399 5795 parte
1432 5731 1558 5795 mss:
1600 5717 1770 5767 deest.

307 5795 417 5864 (15)
439 5785 559 5864 ’νοτ
599 5790 782 5864 otxsir
808 5785 1136 5864 itoniegittlt‘
1175 5785 1227 5836 in
1256 5785 1641 5864 editioneyen.
1672 5801 1777 5864 Irre-

237 5853 341 5932 que
372 5853 421 5918 in
445 5861 676 5930 antiquis
702 5876 792 5914 sex
829 5860 974 5914 libris
1003 5853 1132 5912 {sed
1161 5867 1274 5908 eam
1334 5858 1386 5909 in
1418 5857 1647 5910 editione
1671 5853 1773 5907 Pa-

1529 5250 1570 5279 ³⁹
1616 5250 1784 5303 ICor.
1819 5265 1899 5314 ιιι,
1929 5248 2012 5302 16.

1967 4955 2020 5008 6.
2058 4955 2166 5009 Nec
2191 4958 2319 5010 mihi
2355 4973 2540 5012 rursus
2571 4957 2830 5024 sapientia
2863 4955 2948 5008 illa
2987 4955 3147 5010 verba
3182 4956 3403 5025 objicias
3433 4973 3448 5011 :

1971 5050 2100 5102 Eua.
2155 5049 2208 5102 Si
2259 5060 2500 5103 creatura
2545 5065 2647 5100 non
2697 5059 2817 5109 est,
2857 5050 3020 5118 igitur
3066 5050 3308 5115 genitura
3359 5062 3452 5104 aut

2089 5249 2134 5278 ⁴⁰
2177 5249 2370 5317 Ephes.
2401 5266 2457 5313 ιι,
2491 5247 2579 5314 21,
2607 5249 2698 5301 ‘22.
2772 5250 2812 5278 ⁸¹
2851 5247 3039 5300 Matth.
3074 5265 3259 5310 xxvnt,
3293 5250 3375 5303 19.

1887 5436 2095 5489 risiensi
2131 5434 2423 5486 addendam
2460 5447 2576 5484 esse
2621 5447 2682 5481 ex
2716 5429 2882 5495 Regio
2911 5444 3010 5483 suo
3038 5430 3220 5483 codice
3260 5429 3450 5481 existi-

1884 5509 2046 5557 mavit
2079 5507 2156 5555 vir
2189 5503 2589 5556 ermlitissimus
2622 5501 2862 5552 l)uc:'eus.

1953 5574 2055 5642 (t6)
2084 5574 2226 5625 Libri
2265 5575 2465 5638 aliquot
2498 5585 2702 5624 veteres
2731 5571 2818 5622 καὶ
2852 5569 3200 5642 τετιμῆσθαι.

1953 5638 2061 5713 (17)
2087 5644 2311 5697 (lodices
2339 5643 2576 5694 nunnulli
2616 5642 2824 5709 Πατρος
2853 5642 2947 5692 καὶ
2979 5638 3107 5691 Υἰοῦ
3147 5638 3238 5690 καὶ
3288 5640 3445 5704 ἁγίου

1880 5713 2213 5782 [Ινεύματος.

1950 5777 2059 5854 HS)
2087 5785 2264 5839 Codex
2293 5783 2439 5840 Colb.
2468 5783 2584 5834 κατ’
2607 5781 2775 5850 αὐτὴν
2802 5781 2898 5850 τὴν
2934 5777 3046 5830 τοῦ.
