4208 6482
783 437 888 496 667

2080 437 2138 492 S.
2181 437 2423 492 BASILII
2464 437 2675 493 MAGNl

3919 443 4018 499 668

788 557 1081 628 ingenitus.
1131 555 1280 611 Unus
1312 564 1492 610 autem
1537 553 1679 611 Deus
1717 563 1801 610 est
1845 555 2110 625 principio
2145 571 2338 611 carens
2373 568 2411 615 Α
2441 576 2450 609 ς

2373 568 2411 615 Α
2441 557 2734 627 ἀγέννητον
2766 559 2898 629 (19).
2932 553 3025 621 Εἷς
3053 559 3106 611 δὲ
3138 562 3367 632 ἄναρχος
3397 562 3527 625 Θεὸς
3570 563 3664 616 καὶ
3695 563 4011 633 ἀγέννητος.

787 661 951 718 atque
997 648 1283 717 ingenitus.
1333 647 1516 715 Neque
1551 662 1678 701 vero
1723 648 1970 717 genitura
2001 659 2103 702 est.
2148 649 2343 704 Restat

786 755 914 809 ergo
936 750 993 793 ut
1017 740 1130 809 ipse
1159 751 1409 794 creatura
1443 739 1758 809 facturaque
1795 739 2123 795 nominetur.

854 831 979 887 Bas.
1028 831 1139 900 Ego
1183 847 1344 898 vero,
1374 831 1418 885 si
1469 839 1658 885 cuncta
1697 831 1997 900 iudicarem
2040 835 2344 902 cognitione

784 932 965 977 nostra
1017 923 1396 993 comprehendi
1455 938 1631 992 posse,
1686 940 1772 979 me
1827 925 2060 980 iortasse
2115 929 2345 994 puderet

786 1010 1148 1077 ignorantiam
1185 1012 1452 1065 conﬁteri.
1489 1011 1638 1066 Nunc
1672 1023 1853 1067 autem
1888 1015 2201 1081 innumera,
2236 1033 2341 1072 non

786 1101 958 1155 solum
995 1118 1060 1156 ex
1093 1103 1157 1156 iis
1185 1119 1302 1172 qua!
1331 1104 1485 1158 nobis
1517 1105 1570 1158 in
1600 1105 1782 1160 futuro
1808 1107 2009 1159 sarculo
2045 1108 2345 1161 recondun-

785 1200 896 1259 tur,
931 1202 985 1248 et
1009 1208 1074 1248 ex
1114 1195 1178 1248 iis
1213 1211 1328 1264 qua:
1364 1211 1503 1250 nunc
1534 1197 1584 1248 in
1625 1195 1777 1250 caelis
1818 1205 1961 1259 sunt,
1999 1197 2164 1252 latent
2207 1215 2342 1253 nos:

787 1288 881 1339 sed
914 1301 1089 1356 neque
1123 1302 1183 1340 ea
1231 1302 1350 1356 qua:
1381 1288 1432 1340 in
1469 1296 1658 1343 nostro
1693 1303 1916 1357 corpore
1949 1289 2171 1353 insunt,
2203 1291 2346 1344 clare

788 1391 851 1431 ac
894 1380 1171 1434 evidenter
1205 1381 1734 1448 comprehendimus.
1786 1381 2024 1450 Exempli
2071 1398 2233 1437 causa
2281 1383 2345 1437 de

787 1470 933 1533 visu,
979 1479 1191 1537 utrum,
1219 1473 1341 1523 dum
1377 1487 1554 1524 rerum
1593 1470 1880 1525 visibilium
1912 1474 2177 1544 susceptis
2212 1473 2345 1527 ima-

784 1561 1030 1629 ginibus,
1066 1562 1137 1614 ita
1170 1562 1383 1614 demum
1416 1562 1626 1628 objecta
1665 1563 2022 1631 percipiamus
2067 1583 2079 1617 :
2117 1574 2170 1618 et
2213 1580 2345 1634 quo-

786 1652 944 1706 modo
985 1653 1339 1707 maximorum
1391 1654 1684 1717 montium,
1719 1655 2102 1724 immensaque
2151 1669 2339 1720 terrae,

782 1744 1058 1797 etinliniti
1091 1747 1296 1809 maris,
1331 1760 1394 1798 ac
1437 1745 1558 1798 coeli
1604 1746 1773 1813 ipsius
1816 1747 1995 1817 imago
2040 1751 2090 1802 in
2149 1752 2337 1821 exigua

787 1846 984 1889 nostra
1026 1836 1239 1904 pupillae
1283 1850 1534 1889 mensura
1581 1838 1974 1891 contineatur:
2027 1854 2092 1890 an
2141 1855 2260 1894 cum
2310 1859 2337 1893 a

787 1926 941 1981 nobis
972 1925 1243 1997 quidpiam
1274 1928 1594 1993 emittimus,
1633 1929 1790 1998 idque
1822 1930 1888 1983 ad
1921 1929 2157 1983 visibilia
2181 1947 2336 1985 acce-
2369 1909 2411 1962 Β

788 2016 882 2079 dit,
916 2015 994 2069 sic
1024 2017 1217 2070 cadant
1246 2019 1344 2070 sub
1370 2031 1586 2070 sensum
1623 2028 1712 2071 :ct
1739 2020 1866 2087 quid
1895 2019 1944 2071 id
1979 2019 2049 2072 sit
2079 2028 2134 2072 et
2168 2035 2339 2088 quan-

788 2114 934 2170 tum;
967 2105 1099 2159 adeo
1130 2116 1187 2159 ut
1222 2119 1514 2174 expansum
1543 2106 1770 2161 sulliciat
1797 2117 1957 2161 terrae
1981 2108 2247 2178 marique,
2282 2125 2343 2164 ac

789 2196 965 2250 locum
1007 2198 1146 2250 inter
1191 2206 1387 2250 terram
1439 2207 1493 2252 et
1537 2198 1729 2250 (telum
1773 2198 2194 2254 intercedentem
2250 2216 2342 2270 pe-

791 2305 998 2360 netret,
1035 2296 1142 2348 imo
1186 2296 1251 2349 ad
1287 2296 1458 2363 ipsum
1492 2296 1685 2349 coelum
1735 2299 2050 2365 perveniat,
2086 2307 2344 2368 tantaque

790 2393 1068 2439 moveatur
1097 2385 1403 2449 celeritate,
1442 2395 1498 2438 ut
1532 2387 1726 2455 arquali
1782 2400 2025 2456 tempore
2058 2399 2113 2443 et
2145 2407 2342 2458 corpus

788 2477 1246 2545 circumpositum,
1272 2485 1327 2530 et
1355 2476 1520 2530 stellae
1552 2493 1670 2546 qua:
1709 2478 1760 2530 in
1793 2478 1932 2532 caelo
1969 2490 2113 2545 sunt,
2145 2497 2343 2550 cogno-

789 2577 1032 2621 scantur.
1066 2569 1131 2622 Et
1160 2569 1287 2637 quid
1332 2569 1526 2622 attinet
1556 2569 1761 2636 reliqua
1794 2570 2006 2622 dicere?
2047 2570 2155 2623 lino
2202 2574 2344 2640 ipsos

791 2659 989 2711 mentis
1015 2668 1188 2710 motus
1218 2673 1403 2712 creare
1430 2674 1494 2710 an
1523 2671 1777 2727 generare
1804 2659 1973 2712 soleat
2011 2663 2346 2732 anima,quis

791 2757 940 2801 certo
973 2749 1162 2802 dicat?
1190 2746 1326 2814 Quid
1363 2749 1528 2816 igitur
1567 2751 1687 2803 miri
1739 2749 1920 2815 fuerit,
1954 2753 1999 2804 si
2037 2767 2248 2820 quoque
2282 2754 2346 2807 de

791 2839 992 2908 Spiritu
1018 2849 1207 2894 sancto
1241 2841 1376 2895 citra
1410 2842 1664 2911 ruborem
1694 2843 2054 2910 ignorantiam
2085 2844 2347 2899 conﬁtea-

790 2948 933 2996 mur,
967 2941 1020 2985 et
1052 2942 1229 2986 tamen
1261 2932 1709 3003 gloriﬁcationem
1734 2975 1747 2997 ,
1779 2951 1898 3004 qua:
1947 2935 1995 2988 ei
2038 2937 2346 2992 testimonio

791 3022 988 3077 invicto
1039 3023 1316 3086 tribuitur,
1367 3025 1778 3090 persolvamus?
1831 3026 2038 3078 Etenim
2090 3044 2208 3096 quae
2252 3045 2346 3098 per

792 3118 1101 3188 Scripturas
1180 3120 1488 3182 traduntur,
1554 3133 1616 3172 ea
1677 3119 1852 3186 ipsmn
1921 3133 2080 3186 supra
2134 3131 2347 3172 creatu-

2447 645 2580 699 υῦτε
2614 648 2717 717 μὴν
2745 650 3006 718 γέννημα.
3035 651 3291 703 Λείπεται
3323 647 3412 704 οὖν
3441 651 3644 722 κτίσμα
3676 656 3774 706 καὶ
3805 656 4012 726 ποίημα

2445 738 2576 791 αὐτὸ
2603 740 2976 809 ὀνομάζεσθαι.

2513 844 2660 897 ΒΑΣ.
2713 844 2849 912 Ἐγὼ
2893 846 2969 908 δὲ,
3015 848 3060 897 εξ
3113 847 3210 917 μὲν
3258 846 3433 900 πάντα
3477 847 3809 919 διωριζόμην
3847 867 4012 901 κατα·

2442 935 2623 1004 ληπτά
2657 935 2811 1005 ἡμῶν
2835 933 2968 989 εἶναι
2996 941 3059 1008 τῇ
3087 936 3303 1005 γνώσει,
3339 937 3609 1008 ᾐσχύνθην
3637 940 3701 991 ἂν
3733 940 3867 1002 ἴσως
3893 944 4014 1010 ὁμο-

2442 1025 2666 1095 λογῆσαι
2717 1027 2812 1098 τὴν
2849 1029 3102 1094 ἀγνοιαΨ
3148 1028 3240 1081 νῦν
3271 1030 3326 1081 δὲ
3364 1030 3530 1102 μυρία
3569 1031 3678 1099 (20)
3715 1033 3776 1082 οὐ
3813 1032 3924 1084 τῶν
3961 1036 4012 1084 ἐν

2440 1116 2515 1186 τῷ
2542 1118 2785 1188 μέλλοντι
2811 1121 2967 1172 αἰῶνι
2988 1121 3360 1190 ἀποκειμένων
3382 1123 3514 1192 ἡμῖν
3547 1122 3726 1192 μόνον,
3754 1122 3881 1174 οὔτε
3909 1124 4012 1177 τῶν

2444 1207 2536 1261 νῦν
2571 1209 2736 1263 ὄντων
2771 1213 2826 1261 ὲν
2856 1213 2966 1274 τοῖς
2999 1212 3244 1281 οὐρανοῖς
3279 1213 3710 1284 ἀποκέκρυπται,
3743 1214 3862 1265 ἀλλ’
3895 1214 4011 1268 οὔτε

2441 1299 2548 1352 τῶν
2575 1302 2922 1371 ὑπαρχόντων
2953 1305 3082 1371 ἡμῖν
3113 1308 3168 1355 ἐν
3199 1303 3274 1373 τῷ
3305 1303 3511 1372 σώματι
3533 1306 3703 1374 τρανὴ
3730 1306 3828 1356 καὶ
3859 1307 4014 1357 ἀναν-

2440 1392 2694 1462 τίρῤητός
2727 1396 2872 1446 ἐστιν
2921 1395 2952 1463 ἡ
3003 1393 3324 1462 κατάληψις.
3361 1390 3483 1447 Οἷον
3521 1397 3712 1465 ἀμέλει
3747 1397 3881 1467 ’περὶ
3921 1398 4015 1467 τῆς

2441 1484 2632 1552 ὂψεως,
2654 1486 2876 1556 πότερον
2908 1486 3269 1556 είσδεχόμενοι
3294 1486 3391 1548 τὰς
3412 1487 3620 1550 εἰκόνας
3649 1488 3758 1540 τῶν
3781 1489 4012 1557 ὁρατῶν,

2440 1575 2580 1628 οὕτω
2621 1577 2718 1638 τὰς
2759 1578 3069 1647 ἀντιλήψεις
3112 1576 3442 1647 ποιούμεθα⁶
3475 1579 3568 1630 καὶ
3602 1579 3718 1642 πῶς
3768 1579 3917 1650 ὁρῶν
3957 1597 4012 1631 τε

2443 1668 2832 1737 παμμεγεθῶν,
2866 1669 2970 1738 γῆς
2995 1687 3053 1720 τε
3075 1670 3326 1735 ἀπλέτου,
3350 1669 3442 1721 καὶ
3463 1670 3684 1739 ἀπείρου
3711 1671 4012 1741 Θαλάσσης,

2441 1760 2519 1811 ἔτι
2548 1760 2604 1812 δὲ
2629 1760 2736 1828 (2t)
2772 1760 2865 1813 καὶ
2895 1761 3056 1813 αὐτοῦ
3086 1760 3177 1814 τοῦ
3205 1760 3432 1832 οὐρανοῦ
3462 1762 3494 1831 ἡ
3527 1760 3688 1813 είκὼν
3823 1763 4015 1833 βραχεί

2445 1851 2627 1921 μέτρῳ
2659 1851 2756 1920 τῆς
2791 1852 2957 1921 κόρης
2990 1853 3142 1923 ἡμῶν
3177 1853 3511 1924 περιέχεταιο
3553 1853 3586 1922 ἢ
3635 1853 4015 1923 ἐκπέμποντες

2440 1961 2489 1995 τι
2541 1945 2668 2014 παρ’
2720 1942 2947 2007 ἑαυτῶν,
3003 1944 3097 1996 καὶ
3145 1943 3610 2016 προσπελάζοντος
3663 1945 3854 1996 τούτου
3908 1949 4013 2009 τοῖς

2440 2033 2674 2102 ὁρατοῖς,
2723 2033 2893 2097 οὕτως
2938 2035 3114 2087 αὐτῶν
3151 2037 3249 2105 τὴν
3282 2036 3531 2108 αἴσθησιν
3565 2035 3784 2106 ἔχομεν,
3831 2038 3927 2090 καὶ
3965 2039 4012 2089 τί

2443 2125 2557 2176 ἐστι
2585 2126 2739 2179 τοῦτο
2765 2127 2855 2178 καὶ
2886 2129 3068 2193 πόσον,
3103 2129 3240 2181 ὥστε
3269 2134 3338 2201 γῇ
3368 2132 3460 2183 καὶ
3488 2129 3730 2201 Θαλάσσῃ
3763 2129 4013 2200 ἐξαρκεῖν

2443 2218 2866 2288 ὲεραπλούμενον,
2907 2222 2999 2273 καὶ
3045 2223 3216 2291 περᾷν
3263 2223 3360 2292 μὲν
3406 2223 3496 2274 τὸν
3545 2224 3748 2292 μεταξὺ
3784 2224 3891 2292 γῆς
3925 2225 4012 2276 καὶ

2442 2307 2667 2377 ούρανοῦ
2703 2311 2882 2375 τόπον,
2916 2310 3064 2379 αύτῷ
3093 2329 3150 2363 τε
3187 2313 3542 2381 προσϐάλλειν
3572 2315 3649 2384 τῷ
3679 2315 3899 2385 οὐρανῷ
3931 2334 4013 2368 το-

2445 2400 2615 2470 σούτῳ
2640 2402 2790 2470 τάχει
2813 2402 2959 2454 κινού
2971 2419 3148 2472 μενον,
3179 2402 3317 2454 ὥστε
3342 2406 3396 2454 ἐν
3425 2403 3522 2472 ῐσῳ
3548 2406 3722 2474 χρόνῳ
3750 2408 3810 2459 τό
3836 2425 3894 2460 τε
3925 2426 4014 2460 πε-

2445 2492 2748 2564 ρικείμενον
2780 2494 2936 2564 σῶμα
2959 2535 2973 2559 ,
3008 2494 3255 2555 καὶτοὺς
3295 2495 3352 2545 ὲν
3393 2494 3603 2565 οὐρανῷ
3645 2497 3884 2568 ἀστέρας
3921 2515 4014 2550 κα-

2441 2584 2896 2653 ταμανθάνεσθαι.
2931 2587 3038 2639 Καὶ
3064 2586 3116 2638 τί
3146 2585 3226 2638 δεῖ
3252 2585 3416 2638 τᾶλλα
3451 2586 3627 2653 λέγειν
3663 2586 3777 2655 (22)
3805 2604 3819 2649 ;
3859 2589 4013 2640 Ἀλλά

2443 2676 2582 2728 αὐτὰ
2608 2675 2676 2728 τά
2702 2677 2794 2729 τοῦ
2840 2677 2930 2730 νοῦ
2972 2681 3266 2750 κινήματα,
3315 2679 3540 2750 πότερον
3580 2677 3849 2748 κτίζεινῆ
3892 2697 4011 2747 γεν-

2444 2767 2538 2834 νᾷν
2566 2766 2804 2834 πέφυκεν
2849 2772 2881 2837 ἡ
2911 2769 3084 2838 ψυχὴ,
3116 2771 3196 2833 τίς
3229 2770 3294 2822 ἂν
3328 2771 3570 2841 ἀκριϐῶς
3604 2772 3781 2835 εἴποι;
3817 2770 3882 2823 Τί
3922 2767 4010 2824 οὖν

2446 2854 2754 2925 θαυμαστὸν
2799 2859 2890 2909 καὶ
2941 2861 3190 2929 περὶτοῦ
3234 2862 3389 2929 ἁγίου
3428 2861 3745 2932 Πνεύματος
3791 2864 4010 2916 ἀνεπαι·

2448 2947 2686 3017 σχύντως
2718 2950 2864 3019 ἡμᾶς
2913 2949 3008 3019 τὴν
3060 2951 3276 3017 ἄγνοιαν
3324 2952 3641 3020 ὁμολογεῖν;
3692 2955 3792 3024 τὴν
3833 2955 4011 3024 μέντοι

2445 3041 2850 3112 ἀναντιρρήτως
2894 3040 3040 3110 αύτῷ
3079 3044 3670 3112 προσμαρτυρούμένην
3708 3045 4010 3113 δοξολογίαν

2445 3134 2786 3200 ἀποδιδόναι;
2827 3135 2944 3188 Ὅτι
2992 3135 3089 3206 μὲν
3137 3135 3245 3206 γὰρ
3290 3134 3430 3206 ὑπὲρ
3479 3135 3576 3206 τὴν
3619 3137 3797 3188 κτίσιν
3845 3139 4009 3197 ἐστὶν,

792 3226 906 3264 ram
937 3226 1056 3266 esse
1091 3211 1223 3266 satis
1273 3211 1424 3266 nobis
1465 3212 1875 3273 demonstrant,
1909 3197 2414 3299 quandoquidem.C
2449 3226 2454 3275 ι

2345 3197 2414 3299 .C
2449 3224 2644 3287 ἱκανῶς
2677 3197 2807 3296 ἡμῖν
2840 3197 3128 3297 παρίστησι
3149 3197 3232 3280 .τά
3260 3227 3346 3281 διὰ
3378 3197 3485 3280 τῶν
3518 3197 3750 3299 ὗραφῶν
3783 3229 4007 3299 παραδι-

793 3301 909 3355 ﬁeri
951 3317 1055 3356 non
1087 3312 1279 3371 potest,
1332 3311 1389 3362 ut
1430 3302 1481 3356 id
1513 3305 1656 3371 quod
1685 3301 2010 3365 sanctiﬁcat,
2038 3311 2092 3354 et
2136 3317 2197 3355 ea
2229 3317 2346 3370 quae

797 3394 1221 3455 sanctiﬁcantur,
1254 3396 1302 3446 id
1335 3397 1477 3462 quod
1506 3397 1695 3459 docet,
1728 3405 1781 3449 et
1813 3410 1875 3449 ea
1913 3411 2034 3463 quae
2067 3397 2344 3461 docentur,

799 3487 852 3540 id
882 3485 1023 3553 quod
1070 3485 1288 3547 revelat,
1336 3494 1389 3537 et
1416 3499 1479 3538 ea
1529 3501 1648 3553 quae
1702 3486 2026 3541 revelatione
2085 3488 2343 3557 indigent,

797 3577 1036 3646 ejusdem
1086 3577 1194 3630 sint
1249 3587 1474 3630 natura.
1540 3574 1705 3629 Nemo
1761 3587 1937 3630 autem
1990 3579 2068 3633 sic
2122 3596 2348 3650 prorsus

793 3672 1016 3723 demens
1065 3670 1172 3734 est,
1219 3668 1482 3736 ut,alium
1528 3678 1725 3737 prteter
1767 3668 1931 3722 Deum
1973 3673 2345 3726 universorum

793 3763 988 3814 audeat
1045 3760 1337 3831 ingenitum
1392 3760 1698 3830 appellare,
1770 3769 1824 3813 at
1890 3776 2063 3830 neque
2119 3762 2345 3828 Filium,

791 3853 936 3920 quod
983 3868 1118 3906 unus
1160 3854 1231 3906 sit
1283 3852 1617 3921 Unigenitus.
1677 3852 1955 3918 Quomodo
2003 3854 2166 3921 igitur
2223 3870 2343 3909 eum

793 3943 975 3996 vocari
1022 3943 1270 4013 oportet?
1311 3944 1570 4013 Spiritum
1607 3957 1852 3998 sanctum
1881 3986 1896 4009 ,
1934 3945 2192 4015 Spiritum
2226 3947 2340 4010 Dei,

796 4031 1058 4099 Spiritum
1108 4034 1370 4096 veritatis,
1426 4037 1515 4102 qui
1558 4035 1793 4089 mittitur
1839 4051 1868 4089 a
1922 4035 2054 4104 Deo,
2091 4039 2344 4108 suppedi-

797 4129 937 4177 tatur
962 4138 1056 4193 per
1089 4123 1281 4179 Filium
1318 4142 1331 4177 :
1367 4139 1471 4176 non
1511 4139 1726 4178 servum
1747 4163 1762 4188 ,
1800 4126 1896 4179 sed
1935 4136 2178 4181 sanctum
2205 4171 2219 4192 ,
2250 4128 2343 4182 bo-

796 4229 942 4279 num,
975 4213 1348 4282 principalem,
1375 4212 1634 4282 Spiritum
1665 4213 2050 4281 viviﬁcantem,
2081 4216 2340 4284 Spiritum

793 4304 1118 4372 adoptionis,
1149 4307 1388 4360 onmium
1419 4320 1538 4376 qua:
1566 4306 1658 4360 Dei
1681 4316 1807 4360 sunt
1829 4322 2074 4375 gnarum.
2106 4307 2198 4362 Sic
2228 4324 2344 4376 pro-

795 4396 933 4450 fecto
963 4397 1014 4449 in
1051 4395 1314 4452 Trinitate
1356 4398 1768 4452 conservabitur
1804 4398 2026 4452 unitatis
2067 4401 2206 4453 ratio
2230 4441 2244 4461 .
2296 4401 2339 4453 si

795 4501 955 4539 unum
987 4486 1219 4551 Patrem,
1262 4503 1423 4541 unum
1463 4487 1678 4551 Filium,
1711 4504 1875 4543 unum
1906 4489 2164 4559 Spiritum
2210 4506 2336 4546 san-

793 4587 938 4632 ctum
965 4577 1336 4632 couliteamnr.

863 4669 915 4721 7.
951 4665 1204 4721 Jamvero
1232 4665 1459 4722 aﬂ'erunt
1485 4680 1804 4736 argumenta
1831 4709 1846 4734 ,
1878 4669 2074 4738 quibus
2115 4672 2339 4726 demon-

792 4770 966 4815 strent
999 4759 1258 4828 Spiritum
1286 4769 1527 4814 Sanctum
1553 4761 1754 4814 dictum
1785 4761 1951 4814 fuisse
1985 4771 2288 4818 creaturam
2325 4781 2336 4815 :

793 4870 955 4906 unum
988 4853 1201 4922 quidem
1235 4868 1297 4906 ex
1328 4855 1584 4922 propheta
1613 4854 1854 4908 dicente:
1879 4853 1980 4917 Qui
2002 4857 2175 4924 ﬁrmat
2207 4858 2342 4910 toni-

792 4956 981 5008 truum,
1001 4954 1046 4998 et
1063 4959 1196 4999 creat
1211 4948 1450 5015 spiritum
1463 4945 1504 4976 “
1523 4963 1536 4999 :
1553 4948 1775 5002 alterum
1789 4944 1951 5015 278
1965 4961 2160 5002 veroex
2177 4949 2342 5003 Evan-

863 5123 906 5152 δ’
946 5125 1108 5176 Amos
1141 5137 1212 5186 tv,
1247 5122 1333 5175 l5.

863 5308 974 5382 (19)
1006 5307 1177 5382 Editio
1193 5307 1379 5382 _Pa_t_'is.
1403 5307 1709 5380 ἀγέννητον.
1748 5309 1883 5363 Ἀλλ’
1907 5310 2005 5363 οὐκ
2025 5312 2339 5382 ἀγέννητος.

791 5373 885 5442 Εἷς
911 5373 1408 5468 γᾲιριιιέάίιὶρινςη..
1431 5373 1490 5468 et
1515 5373 1754 5468 quinque
1789 5382 2048 5468 mss.‘ita',
2073 5373 2137 5436 ut
2159 5373 2331 5468 edidi-

794 5464 930 5522 mus.
961 5449 1154 5502 Totum
1208 5449 1358 5514 illud,
1392 5449 1483 5522 ἐὰν
1545 5451 1616 5522 μὴ
1671 5453 1881 5522 κτίσμα
1927 5451 2104 5506 ἐστίν·
2140 5451 2334 5505 οὐκοῦν

791 5518 1055 5590 γέννημα,
1082 5529 1210 5590 etc.,
1241 5521 1486 5587 usquead
1513 5518 1672 5575 verba
1704 5518 1910 5583 Basilii,
1945 5537 2041 5576 nec
2065 5525 2117 5576 in
2147 5534 2334 5576 nostro

792 5587 974 5660 codice
1006 5587 1344 5660 AColbertino,
1380 5605 1477 5642 nec
1506 5591 1639 5657 apud
1669 5591 1971 5644 Fabricium
2005 5593 2216 5660 legitur.

863 5656 972 5725 (ΞΟ)
1006 5658 1078 5710 lta
1123 5673 1252 5712 mss.
1283 5661 1611 5726 antiquiores
1642 5671 1694 5714 et
1724 5663 1870 5716 editi.
1920 5662 2021 5713 Alii
2055 5656 2166 5716 tres
2199 5676 2328 5715 mss.

796 5727 1066 5803 Regii_1hv
1101 5728 1351 5803 ἄγνοιαν·
1416 5731 1598 5799 ἐπειδὴ
1630 5731 1686 5784 δὲ
1722 5726 1836 5783 οἶδα
1870 5733 2101 5803 μυρία...
2135 5733 2332 5785 ἀποκε-

791 5795 1049 5870 κρύφθαι,
1065 5809 1135 5870 et
1154 5795 1229 5870 ita
1261 5802 1461 5870 legerat
1482 5795 1767 5870 interpres.

861 5867 969 5936 (ii)
1001 5866 1137 5924 Editi
1166 5868 1242 5921 ἔτι
1272 5869 1352 5940 δή.
1383 5870 1448 5922 At
1474 5886 1597 5926 mss.
1622 5866 1848 5942 quatuor
1884 5871 1960 5926 ἔτι
1991 5874 2070 5928 δέ.

2452 3315 2647 3385 δόμενα
2695 3317 2827 3386 (23),
2863 3319 3046 3388 ἐπειδή
3099 3337 3161 3386 γε
3211 3321 3468 3374 ἀδύνατον
3513 3319 3613 3390 τῆς
3663 3319 3831 3390 αὐτῆς
3877 3315 4012 3373 εἶναι

2453 3407 2666 3476 φύσεως
2697 3409 2755 3461 τό
2788 3427 2846 3462 τε
2881 3409 3101 3479 ἁγιάζον
3146 3413 3239 3464 καὶ
3279 3412 3346 3464 τά
3376 3411 3732 3481 ἀγιαζόμενα,
3778 3411 3837 3464 τὸ
3869 3410 4012 3464 διδά·

2453 3515 2578 3551 σκον
2617 3501 2710 3552 καὶ
2755 3500 2823 3552 τά
2869 3501 3249 3571 διδασκόμενα,
3292 3501 3352 3552 τὸ
3384 3500 3764 3554 ἀποκαλύπτον
3811 3502 3909 3556 καὶ
3947 3500 4013 3554 τά

2448 3588 2546 3658 τῆς
2570 3588 2965 3658 ἀποκαλύψεως
2991 3590 3375 3659 προσδεόμενα.
3418 3589 3732 3661 ’Δγέννητον
3759 3589 3817 3643 δὲ
3840 3589 4011 3653 οὐδεὶς

2448 3678 2615 3743 οὕτως
2643 3679 2746 3744 ἔξω
2779 3680 3054 3744 παντελῶς
3086 3683 3199 3734 ἐστι
3240 3679 3332 3732 τοῦ
3369 3685 3602 3750 φρονεῖν,
3636 3681 3778 3735 ὥστε
3809 3683 4009 3754 τολμῆ-

2451 3785 2537 3821 σαι
2567 3771 2750 3840 ἕτερον
2781 3772 2917 3840 πλὴν
2944 3771 3037 3823 τοῦ
3071 3772 3202 3826 Θεοῦ
3236 3771 3343 3824 τῶν
3372 3772 3506 3826 ὅλων
3542 3775 4013 3846 προσαγορεῦσαι,

2447 3859 2581 3912 ἀλλά
2612 3861 2718 3931 μὴν
2753 3863 2873 3914 οὐδὲ
2909 3863 3054 3928 Υίὸν,
3086 3865 3161 3935 τῷ
3187 3865 3281 3917 ἕνα
3310 3859 3448 3915 εἶναι
3481 3864 3572 3916 τὸν
3613 3867 3921 3937 Μονογενῆ.
3950 3867 4011 3918 Τί

2446 3945 2536 4003 οῦν
2566 3950 2695 4003 αὐτὸ
2717 3951 2819 4022 χρὴ
2843 3951 3027 4006 καλεῖν
3052 3955 3161 4020 (24)
3182 3971 3195 4018 ;
3220 3951 3443 4020 Πνεῦμα
3460 3955 3635 4021 ἀγιον.
3663 3956 3759 4007 καὶ
3790 3956 4013 4026 Πνεῦμα

2444 4039 2600 4104 Θεοῦ,
2647 4041 2739 4093 καὶ
2771 4041 2988 4110 Πνεῦμα
3040 4043 3314 4113 ἀληθείας,
3356 4043 3817 4115 ἀποστελλόμενον
3864 4045 4012 4117 παρὰ

2443 4132 2597 4198 Θεοῦ,
2623 4131 2709 4188 διά
2744 4131 2867 4186 Υίοῦ
2899 4133 3318 4205 χορηγούμενον,
3351 4135 3410 4187 οὺ
3455 4133 3659 4197 δοῦλον,
3689 4135 3806 4188 ἀλλ’
3837 4137 4010 4205 ἅγιον.

2442 4224 2662 4292 ἀγαθὸν,
2719 4226 3078 4296 ἡγεμονικόνο
3138 4224 3359 4296 Πνεῦμα
3415 4225 3732 4290 ζωοποιοῦν,
3789 4227 4008 4298 Πνεῦμα

2445 4315 2730 4379 υἱοθεσίας,
2765 4318 3120 4387 ἐπιστάμενον
3148 4318 3322 4367 πάντα
3355 4317 3422 4368 τὰ
3449 4315 3544 4368 τοῦ
3577 4316 3735 4371 Θεοῦ.
3763 4318 3922 4372 Οῦτω
3949 4319 4007 4387 δὴ

2443 4410 2535 4460 καὶ
2573 4410 2629 4460 ἐν
2674 4410 2783 4477 (25)
2814 4413 2878 4478 τῇ
2922 4409 3109 4477 Τριάδι
3151 4410 3178 4458 ὁ
3206 4399 3306 4476 τ’ἧς
3350 4407 3575 4478 μονάδος
3613 4408 4008 4482 διασωθήσεται

2441 4498 2614 4567 λόγος,
2647 4499 2741 4551 ἕνα
2772 4499 2869 4568 μὲν
2903 4498 3120 4570 Πατέρα
3148 4500 3568 4571 ὁμολογούντων,
3601 4502 3697 4556 καὶ
3724 4503 3823 4556 ἕνα
3859 4504 4004 4566 Υἱδν,

2374 4573 2416 4626 Ῑ)
2445 4591 2537 4641 καὶ
2567 4588 2624 4640 ἓν
2655 4587 2873 4658 Πνεῦμα
2908 4588 3081 4656 ἅγιον.

2508 4682 2561 4734 7.
2602 4682 2895 4752 Κομίζουσι
2923 4683 2980 4736 δὲ
3005 4682 3326 4746 ἀποδείξεις,
3362 4683 3498 4752 πρὸς
3529 4683 3592 4736 τὸ
3623 4685 3834 4752 κτίσμα
3863 4684 4005 4754 εἰρῆ-

2448 4773 2568 4826 σθαι
2597 4775 2657 4826 τὸ
2685 4775 2905 4844 Πνεῦμα
2930 4774 2989 4826 τὸ
3016 4774 3186 4841 ἅγιον,
3216 4773 3342 4844 μίαν
3389 4775 3484 4843 μὲν
3517 4777 3580 4826 ὲκ
3606 4775 3700 4826 τοῦ
3730 4776 4002 4844 προφήτου

2445 4864 2713 4932 λέγοντος·
2746 4865 2799 4915 Ὀ
2825 4861 3082 4930 στερεῶν
3095 4864 3383 4931 βροντὴν,
3407 4862 3503 4914 καὶ
3525 4861 3732 4920 κτίζων
3755 4862 3998 4930 πνεῦμα·

2449 4953 2636 5024 ἑτέραν
2664 4953 2717 5006 δὲ
2747 4954 2843 5024 τὴν
2871 4955 2934 5004 ἐκ
2961 4952 3053 5005 τοῦ
3081 4952 3407 5021 Εὑαγγελίου
3443 4953 3544 5016 ὅτι,
3580 4949 3783 5005 Πάντα
3805 4951 3879 5004 δι’
3909 4952 4002 5003 αὑ·

2515 5310 2628 5384 (22)
2659 5311 2838 5366 Codex
2889 5311 3041 5384 _Colb.
3093 5313 3200 5384 Kal.
3227 5313 3282 5364 τί
3317 5313 3397 5366 δεῖ
3438 5311 3607 5384 πολλά
3660 5310 3874 5384 λέγεινς
3904 5313 3994 5365 Alii

2445 5378 2660 5455 quidam
2688 5397 2817 5455 mss.
2843 5381 2913 5433 τὰ
2963 5382 3118 5455 ἄλλα.
3152 5383 3292 5455 ΜοχΔ
3316 5385 3442 5438 editi
3485 5381 3795 5455 θαυμαστὸν
3891 5385 3990 5455 καί.

2443 5451 2591 5536 Unus
2632 5467 2732 5506 ms.
2762 5450 3070 5522 θαυμαστὸν
3103 5455 3149 5504 εἰ
3200 5451 3311 5504 καί.
3347 5455 3448 5506 Alii
3511 5464 3641 5504 mss.
3693 5450 3995 5523 θαυμαστὸν

2439 5539 2617 5660 καὶἐὸ)
2645 5591 2774 5664 ιξες.
2804 5601 3026 5664 quartus
3052 5591 3281 5662 Γραφῶν
3307 5590 3735 5664 παραδεδομένα.

2510 5663 2621 5730 (24)
2670 5661 3020 5728 Ριηςπιιοῇοι·
3053 5664 3311 5717 librorum
3357 5661 3707 5730 antiquorum
3752 5666 3860 5733 χρὴ
3917 5661 3996 5714 λέ-

2435 5749 2571 5800 γειν.

2507 5801 2618 5882 (βῦ)
2647 5800 2961 5882 Εύίῑίρῦτω
2987 5803 3031 5855 δ’
3064 5802 3125 5856 ἂν
3151 5802 3241 5854 καὶ
3273 5805 3350 5857 ἔν.
3383 5800 3516 5871 Reg.
3550 5803 3746 5858 tertius
3767 5810 3821 5856 et
3847 5798 3988 5855 Colb.

2438 5881 2496 5927 ut
2526 5879 2574 5926 ιιι
2601 5879 2876 5927 contextu.
