  <div class='ocr_page' id='page_1' title='image "/cluster/home/n/w/nwhite01/storage/ocr_20150623/29/uva.x004321530/754.png"; bbox 0 0 4208 6516; ppageno 0'>
   <div class='ocr_carea' id='block_1_1' title="bbox 238 459 347 516">
    <p class='ocr_par' dir='ltr' id='par_1_1' title="bbox 238 459 347 516">
     <span class='ocr_line' id='line_1_1' title="bbox 238 459 347 516; baseline 0.018 -2"><span class='ocrx_word' id='word_1_1' title='bbox 238 459 347 516; x_wconf 82' lang='grc'><strong>669</strong></span> 
     </span>
    </p>
   </div>
   <div class='ocr_carea' id='block_1_2' title="bbox 1329 446 2403 506">
    <p class='ocr_par' dir='ltr' id='par_1_2' title="bbox 1329 446 2403 506">
     <span class='ocr_line' id='line_1_2' title="bbox 1329 446 2403 506; baseline -0.001 -1"><span class='ocrx_word' id='word_1_2' title='bbox 1329 447 1698 506; x_wconf 82' lang='lat' dir='ltr'><strong>ADVERSUS</strong></span> <span class='ocrx_word' id='word_1_3' title='bbox 1736 446 2102 506; x_wconf 74' lang='lat' dir='ltr'><strong>EUNOMIUM</strong></span> <span class='ocrx_word' id='word_1_4' title='bbox 2139 450 2268 505; x_wconf 80' lang='lat' dir='ltr'><strong>LIB.</strong></span> <span class='ocrx_word' id='word_1_5' title='bbox 2312 448 2403 504; x_wconf 86' lang='lat' dir='ltr'><strong>Ill.</strong></span> 
     </span>
    </p>
   </div>
   <div class='ocr_carea' id='block_1_3' title="bbox 3350 454 3458 511">
    <p class='ocr_par' dir='ltr' id='par_1_3' title="bbox 3350 454 3458 511">
     <span class='ocr_line' id='line_1_3' title="bbox 3350 454 3458 511; baseline 0.037 -4"><span class='ocrx_word' id='word_1_6' title='bbox 3350 454 3458 511; x_wconf 75' lang='lat'><strong>670</strong></span> 
     </span>
    </p>
   </div>
   <div class='ocr_carea' id='block_1_4' title="bbox 229 568 1891 646">
    <p class='ocr_par' dir='ltr' id='par_1_4' title="bbox 229 568 1876 643">
     <span class='ocr_line' id='line_1_4' title="bbox 229 568 1876 643; baseline -0.005 -15"><span class='ocrx_word' id='word_1_7' title='bbox 229 574 340 629; x_wconf 85' lang='grc' dir='ltr'><strong>τοῦ</strong></span> <span class='ocrx_word' id='word_1_8' title='bbox 365 572 619 643; x_wconf 73' lang='grc' dir='ltr'>ἐγένετο.</span> <span class='ocrx_word' id='word_1_9' title='bbox 657 569 847 641; x_wconf 85' lang='grc' dir='ltr'><strong>Ἡμεῖς</strong></span> <span class='ocrx_word' id='word_1_10' title='bbox 873 568 929 623; x_wconf 85' lang='grc' dir='ltr'>δὲ</span> <span class='ocrx_word' id='word_1_11' title='bbox 950 568 1040 623; x_wconf 81' lang='grc' dir='ltr'>τὸν</span> <span class='ocrx_word' id='word_1_12' title='bbox 1061 570 1394 641; x_wconf 84' lang='grc' dir='ltr'><strong>προφητικὸν</strong></span> <span class='ocrx_word' id='word_1_13' title='bbox 1416 571 1572 638; x_wconf 86' lang='grc' dir='ltr'>λόγον</span> <span class='ocrx_word' id='word_1_14' title='bbox 1595 568 1695 622; x_wconf 76' lang='grc' dir='ltr'>οὐκ</span> <span class='ocrx_word' id='word_1_15' title='bbox 1722 568 1802 630; x_wconf 86' lang='grc' dir='ltr'><strong>είς</strong></span> <span class='ocrx_word' id='word_1_16' title='bbox 1830 574 1876 632; x_wconf 78' lang='grc' dir='ltr'>Α</span> 
     </span>
    </p>
   </div>
   <div class='ocr_carea' id='block_1_5' title="bbox 1796 568 3458 646">
    <p class='ocr_par' dir='ltr' id='par_1_5' title="bbox 1796 568 3458 646">
     <span class='ocr_line' id='line_1_5' title="bbox 1796 568 3458 646; baseline 0.007 -26"><span class='ocrx_word' id='word_1_17' title='bbox 1796 585 1802 626; x_wconf 83' lang='lat'><strong><em>:</em></strong></span> <span class='ocrx_word' id='word_1_18' title='bbox 1830 574 1876 632; x_wconf 79' lang='grc' dir='ltr'>Α</span> <span class='ocrx_word' id='word_1_19' title='bbox 1908 568 2047 639; x_wconf 74' lang='lat' dir='ltr'><strong>gelio</strong></span> <span class='ocrx_word' id='word_1_20' title='bbox 2085 587 2098 622; x_wconf 90' lang='lat'><strong>:</strong></span> <span class='ocrx_word' id='word_1_21' title='bbox 2144 569 2334 623; x_wconf 88' lang='lat' dir='ltr'><strong>Omnia</strong></span> <span class='ocrx_word' id='word_1_22' title='bbox 2364 585 2456 636; x_wconf 84' lang='lat' dir='ltr'><strong>per</strong></span> <span class='ocrx_word' id='word_1_23' title='bbox 2500 569 2670 638; x_wconf 79' lang='lat' dir='ltr'><strong>ipsum</strong></span> <span class='ocrx_word' id='word_1_24' title='bbox 2709 569 2849 637; x_wconf 73' lang='lat' dir='ltr'><strong>facta</strong></span> <span class='ocrx_word' id='word_1_25' title='bbox 2883 579 3004 624; x_wconf 73' lang='lat' dir='ltr'><strong>sunt</strong></span> <span class='ocrx_word' id='word_1_26' title='bbox 3025 570 3092 627; x_wconf 78' lang='lat'><strong>”.</strong></span> <span class='ocrx_word' id='word_1_27' title='bbox 3135 572 3204 627; x_wconf 84' lang='lat' dir='ltr'><strong>At</strong></span> <span class='ocrx_word' id='word_1_28' title='bbox 3237 576 3458 646; x_wconf 74' lang='lat' dir='ltr'><strong>prophe-</strong></span> 
     </span>
    </p>
   </div>
   <div class='ocr_carea' id='block_1_6' title="bbox 229 659 1800 736">
    <p class='ocr_par' dir='ltr' id='par_1_6' title="bbox 229 659 1800 736">
     <span class='ocr_line' id='line_1_6' title="bbox 229 659 1800 736; baseline -0.004 -16"><span class='ocrx_word' id='word_1_29' title='bbox 229 667 295 720; x_wconf 82' lang='grc' dir='ltr'>τὺ</span> <span class='ocrx_word' id='word_1_30' title='bbox 347 665 570 736; x_wconf 88' lang='grc' dir='ltr'>Πνεῦμα</span> <span class='ocrx_word' id='word_1_31' title='bbox 607 662 666 716; x_wconf 82' lang='grc' dir='ltr'>τὺ</span> <span class='ocrx_word' id='word_1_32' title='bbox 705 663 878 730; x_wconf 79' lang='grc' dir='ltr'>ἅγιον,</span> <span class='ocrx_word' id='word_1_33' title='bbox 930 662 1044 716; x_wconf 86' lang='grc' dir='ltr'>ἀλλ’</span> <span class='ocrx_word' id='word_1_34' title='bbox 1096 664 1175 725; x_wconf 87' lang='grc' dir='ltr'><strong>είς</strong></span> <span class='ocrx_word' id='word_1_35' title='bbox 1223 662 1323 732; x_wconf 83' lang='grc' dir='ltr'>τὴν</span> <span class='ocrx_word' id='word_1_36' title='bbox 1373 660 1555 732; x_wconf 86' lang='grc' dir='ltr'>κοινὴν</span> <span class='ocrx_word' id='word_1_37' title='bbox 1599 659 1800 731; x_wconf 79' lang='grc' dir='ltr'>ταύτην</span> 
     </span>
    </p>
   </div>
   <div class='ocr_carea' id='block_1_7' title="bbox 231 750 1795 827">
    <p class='ocr_par' dir='ltr' id='par_1_7' title="bbox 231 750 1795 827">
     <span class='ocr_line' id='line_1_7' title="bbox 231 750 1795 827; baseline -0.005 -17"><span class='ocrx_word' id='word_1_38' title='bbox 231 758 432 827; x_wconf 83' lang='grc' dir='ltr'>πνοὴν,</span> <span class='ocrx_word' id='word_1_39' title='bbox 472 755 532 807; x_wconf 82' lang='grc' dir='ltr'><strong>τὸ</strong></span> <span class='ocrx_word' id='word_1_40' title='bbox 568 752 662 806; x_wconf 91' lang='grc' dir='ltr'><strong>τοῦ</strong></span> <span class='ocrx_word' id='word_1_41' title='bbox 701 753 860 824; x_wconf 81' lang='grc' dir='ltr'><strong>ἀέρος</strong></span> <span class='ocrx_word' id='word_1_42' title='bbox 914 751 1146 822; x_wconf 91' lang='grc' dir='ltr'>πνεῦμα,</span> <span class='ocrx_word' id='word_1_43' title='bbox 1199 750 1540 822; x_wconf 81' lang='grc' dir='ltr'>πεπείσμεθα</span> <span class='ocrx_word' id='word_1_44' title='bbox 1590 751 1795 822; x_wconf 78' lang='grc' dir='ltr'>φέρειν.</span> 
     </span>
    </p>
   </div>
   <div class='ocr_carea' id='block_1_8' title="bbox 224 837 1795 916">
    <p class='ocr_par' dir='ltr' id='par_1_8' title="bbox 224 837 1795 916">
     <span class='ocr_line' id='line_1_8' title="bbox 224 837 1795 916; baseline -0.005 -18"><span class='ocrx_word' id='word_1_45' title='bbox 224 847 401 916; x_wconf 84' lang='grc' dir='ltr'>Δῆλον</span> <span class='ocrx_word' id='word_1_46' title='bbox 441 845 496 897; x_wconf 82' lang='grc' dir='ltr'>δὲ</span> <span class='ocrx_word' id='word_1_47' title='bbox 530 841 756 896; x_wconf 75' lang='grc' dir='ltr'>ἐκεῖθεν.</span> <span class='ocrx_word' id='word_1_48' title='bbox 789 843 862 894; x_wconf 85' lang='grc' dir='ltr'><strong>Οὐ</strong></span> <span class='ocrx_word' id='word_1_49' title='bbox 897 839 1004 912; x_wconf 83' lang='grc' dir='ltr'>γὰρ</span> <span class='ocrx_word' id='word_1_50' title='bbox 1035 837 1205 904; x_wconf 68' lang='grc' dir='ltr'>εἶπεν,</span> <span class='ocrx_word' id='word_1_51' title='bbox 1247 840 1304 892; x_wconf 82' lang='lat'><strong>&#39;0</strong></span> <span class='ocrx_word' id='word_1_52' title='bbox 1328 839 1520 901; x_wconf 83' lang='grc' dir='ltr'><strong>κτίσας</strong></span> <span class='ocrx_word' id='word_1_53' title='bbox 1563 839 1795 909; x_wconf 89' lang='grc' dir='ltr'>πνεῦμα,</span> 
     </span>
    </p>
   </div>
   <div class='ocr_carea' id='block_1_9' title="bbox 230 927 1799 999">
    <p class='ocr_par' dir='ltr' id='par_1_9' title="bbox 230 927 1799 999">
     <span class='ocr_line' id='line_1_9' title="bbox 230 927 1799 999; baseline -0.006 -12"><span class='ocrx_word' id='word_1_54' title='bbox 230 934 348 987; x_wconf 81' lang='grc' dir='ltr'>ἀλλ’</span> <span class='ocrx_word' id='word_1_55' title='bbox 395 933 447 984; x_wconf 90' lang='grc' dir='ltr'><strong><em>Ὀ</em></strong></span> <span class='ocrx_word' id='word_1_56' title='bbox 481 930 684 992; x_wconf 79' lang='grc' dir='ltr'><em>κτίζων</em></span> <span class='ocrx_word' id='word_1_57' title='bbox 716 929 966 997; x_wconf 78' lang='grc' dir='ltr'>πνεῦμα.</span> <span class='ocrx_word' id='word_1_58' title='bbox 1012 929 1097 992; x_wconf 85' lang='grc' dir='ltr'>Ὧς</span> <span class='ocrx_word' id='word_1_59' title='bbox 1127 928 1236 999; x_wconf 84' lang='grc' dir='ltr'><strong>γὰρ</strong></span> <span class='ocrx_word' id='word_1_60' title='bbox 1280 931 1314 999; x_wconf 81' lang='grc' dir='ltr'>ἡ</span> <span class='ocrx_word' id='word_1_61' title='bbox 1365 927 1558 997; x_wconf 81' lang='grc' dir='ltr'>βροντὴ</span> <span class='ocrx_word' id='word_1_62' title='bbox 1607 928 1704 980; x_wconf 83' lang='grc' dir='ltr'>οὐκ</span> <span class='ocrx_word' id='word_1_63' title='bbox 1743 929 1799 978; x_wconf 83' lang='grc' dir='ltr'>ὲν</span> 
     </span>
    </p>
   </div>
   <div class='ocr_carea' id='block_1_10' title="bbox 233 1017 1798 1091">
    <p class='ocr_par' dir='ltr' id='par_1_10' title="bbox 233 1017 1798 1091">
     <span class='ocr_line' id='line_1_10' title="bbox 233 1017 1798 1091; baseline -0.003 -15"><span class='ocrx_word' id='word_1_64' title='bbox 233 1024 528 1078; x_wconf 76' lang='grc' dir='ltr'><strong>ὑποστάσει</strong></span> <span class='ocrx_word' id='word_1_65' title='bbox 568 1022 671 1076; x_wconf 80' lang='grc' dir='ltr'>τινί</span> <span class='ocrx_word' id='word_1_66' title='bbox 705 1022 818 1073; x_wconf 85' lang='grc' dir='ltr'>ὲστι</span> <span class='ocrx_word' id='word_1_67' title='bbox 852 1023 1133 1091; x_wconf 80' lang='grc' dir='ltr'>σωματικῇ</span> <span class='ocrx_word' id='word_1_68' title='bbox 1168 1020 1315 1085; x_wconf 77' lang='grc' dir='ltr'>ἅπαξ</span> <span class='ocrx_word' id='word_1_69' title='bbox 1347 1019 1648 1082; x_wconf 79' lang='grc' dir='ltr'><strong>κτισθεῖσα,</strong></span> <span class='ocrx_word' id='word_1_70' title='bbox 1684 1017 1798 1072; x_wconf 83' lang='grc' dir='ltr'>ἀλλ’</span> 
     </span>
    </p>
   </div>
   <div class='ocr_carea' id='block_1_11' title="bbox 227 1109 1799 1187">
    <p class='ocr_par' dir='ltr' id='par_1_11' title="bbox 227 1109 1799 1187">
     <span class='ocr_line' id='line_1_11' title="bbox 227 1109 1799 1187; baseline -0.004 -20"><span class='ocrx_word' id='word_1_71' title='bbox 227 1116 324 1168; x_wconf 77' lang='grc' dir='ltr'><strong>ἀεὶ</strong></span> <span class='ocrx_word' id='word_1_72' title='bbox 346 1113 480 1187; x_wconf 75' lang='grc' dir='ltr'>πρὸς</span> <span class='ocrx_word' id='word_1_73' title='bbox 511 1117 571 1166; x_wconf 80' lang='grc' dir='ltr'>τὸ</span> <span class='ocrx_word' id='word_1_74' title='bbox 595 1111 686 1166; x_wconf 92' lang='grc' dir='ltr'><strong>τοῦ</strong></span> <span class='ocrx_word' id='word_1_75' title='bbox 721 1110 855 1164; x_wconf 85' lang='grc' dir='ltr'>Θεοῦ</span> <span class='ocrx_word' id='word_1_76' title='bbox 892 1110 1135 1182; x_wconf 79' lang='grc' dir='ltr'>βούλημα</span> <span class='ocrx_word' id='word_1_77' title='bbox 1165 1113 1257 1164; x_wconf 78' lang='grc' dir='ltr'>έπὶ</span> <span class='ocrx_word' id='word_1_78' title='bbox 1283 1111 1432 1181; x_wconf 81' lang='grc' dir='ltr'>φόϐῳ</span> <span class='ocrx_word' id='word_1_79' title='bbox 1456 1111 1563 1164; x_wconf 88' lang='grc' dir='ltr'><strong>τῶν</strong></span> <span class='ocrx_word' id='word_1_80' title='bbox 1591 1109 1799 1181; x_wconf 83' lang='grc' dir='ltr'>ἀνθρώ-</span> 
     </span>
    </p>
   </div>
   <div class='ocr_carea' id='block_1_12' title="bbox 232 1202 1798 1277">
    <p class='ocr_par' dir='ltr' id='par_1_12' title="bbox 232 1202 1798 1277">
     <span class='ocr_line' id='line_1_12' title="bbox 232 1202 1798 1277; baseline -0.005 -16"><span class='ocrx_word' id='word_1_81' title='bbox 232 1224 351 1261; x_wconf 84' lang='grc' dir='ltr'><strong>πων</strong></span> <span class='ocrx_word' id='word_1_82' title='bbox 392 1204 757 1277; x_wconf 72' lang='grc' dir='ltr'><strong>ἐνεργουμένη</strong></span> <span class='ocrx_word' id='word_1_83' title='bbox 798 1202 1042 1272; x_wconf 87' lang='grc' dir='ltr'>γίνεσθαι</span> <span class='ocrx_word' id='word_1_84' title='bbox 1073 1203 1167 1256; x_wconf 74' lang='grc' dir='ltr'><strong>καὶ</strong></span> <span class='ocrx_word' id='word_1_85' title='bbox 1195 1203 1506 1257; x_wconf 82' lang='grc' dir='ltr'>διαλύεσθαι</span> <span class='ocrx_word' id='word_1_86' title='bbox 1538 1203 1798 1271; x_wconf 85' lang='grc' dir='ltr'>πέφυκεν,</span> 
     </span>
    </p>
   </div>
   <div class='ocr_carea' id='block_1_13' title="bbox 229 1292 1800 1364">
    <p class='ocr_par' dir='ltr' id='par_1_13' title="bbox 229 1292 1800 1364">
     <span class='ocr_line' id='line_1_13' title="bbox 229 1292 1800 1364; baseline -0.004 -14"><span class='ocrx_word' id='word_1_87' title='bbox 229 1297 374 1350; x_wconf 74' lang='grc' dir='ltr'>οὕτω</span> <span class='ocrx_word' id='word_1_88' title='bbox 420 1295 602 1349; x_wconf 80' lang='grc' dir='ltr'>καὶτὸ</span> <span class='ocrx_word' id='word_1_89' title='bbox 647 1292 863 1363; x_wconf 90' lang='grc' dir='ltr'>πνεῦμα</span> <span class='ocrx_word' id='word_1_90' title='bbox 911 1293 1059 1364; x_wconf 66' lang='grc'>(26)·</span> <span class='ocrx_word' id='word_1_91' title='bbox 1106 1293 1200 1346; x_wconf 92' lang='grc' dir='ltr'><strong>νῦν</strong></span> <span class='ocrx_word' id='word_1_92' title='bbox 1248 1294 1346 1364; x_wconf 85' lang='grc' dir='ltr'>μὲν</span> <span class='ocrx_word' id='word_1_93' title='bbox 1393 1294 1601 1362; x_wconf 87' lang='grc' dir='ltr'>γίνεται</span> <span class='ocrx_word' id='word_1_94' title='bbox 1646 1293 1800 1363; x_wconf 87' lang='grc' dir='ltr'>δίκην</span> 
     </span>
    </p>
   </div>
   <div class='ocr_carea' id='block_1_14' title="bbox 232 1383 1802 1459">
    <p class='ocr_par' dir='ltr' id='par_1_14' title="bbox 232 1383 1802 1459">
     <span class='ocr_line' id='line_1_14' title="bbox 232 1383 1802 1459; baseline -0.004 -18"><span class='ocrx_word' id='word_1_95' title='bbox 232 1389 475 1459; x_wconf 77' lang='grc' dir='ltr'><strong>ποταμοῦ</strong></span> <span class='ocrx_word' id='word_1_96' title='bbox 509 1386 720 1457; x_wconf 76' lang='grc' dir='ltr'>ῥέοντος</span> <span class='ocrx_word' id='word_1_97' title='bbox 748 1384 842 1438; x_wconf 87' lang='grc' dir='ltr'><strong>τοῦ</strong></span> <span class='ocrx_word' id='word_1_98' title='bbox 873 1384 1032 1455; x_wconf 85' lang='grc' dir='ltr'>ἀέρος</span> <span class='ocrx_word' id='word_1_99' title='bbox 1053 1404 1065 1414; x_wconf 82' lang='grc'><em>’</em></span> <span class='ocrx_word' id='word_1_100' title='bbox 1099 1384 1259 1438; x_wconf 85' lang='grc' dir='ltr'>πάλιν</span> <span class='ocrx_word' id='word_1_101' title='bbox 1295 1384 1351 1437; x_wconf 80' lang='grc' dir='ltr'>δὲ</span> <span class='ocrx_word' id='word_1_102' title='bbox 1381 1383 1612 1438; x_wconf 83' lang='grc' dir='ltr'>παύεται</span> <span class='ocrx_word' id='word_1_103' title='bbox 1642 1385 1802 1454; x_wconf 88' lang='grc' dir='ltr'>ἀτρε-</span> 
     </span>
    </p>
   </div>
   <div class='ocr_carea' id='block_1_15' title="bbox 235 1474 1798 1551">
    <p class='ocr_par' dir='ltr' id='par_1_15' title="bbox 235 1474 1798 1551">
     <span class='ocr_line' id='line_1_15' title="bbox 235 1474 1798 1551; baseline -0.003 -18"><span class='ocrx_word' id='word_1_104' title='bbox 235 1480 460 1551; x_wconf 86' lang='grc' dir='ltr'>μοῦντος</span> <span class='ocrx_word' id='word_1_105' title='bbox 488 1476 578 1530; x_wconf 93' lang='grc' dir='ltr'><strong>τοῦ</strong></span> <span class='ocrx_word' id='word_1_106' title='bbox 613 1477 873 1548; x_wconf 89' lang='grc' dir='ltr'>πρότερον</span> <span class='ocrx_word' id='word_1_107' title='bbox 911 1476 1252 1544; x_wconf 83' lang='grc' dir='ltr'>κινουμένου,</span> <span class='ocrx_word' id='word_1_108' title='bbox 1288 1475 1428 1528; x_wconf 81' lang='grc' dir='ltr'><strong>κατά</strong></span> <span class='ocrx_word' id='word_1_109' title='bbox 1467 1476 1527 1526; x_wconf 64' lang='grc' dir='ltr'><strong>τὸ</strong></span> <span class='ocrx_word' id='word_1_110' title='bbox 1555 1474 1798 1546; x_wconf 74' lang='grc' dir='ltr'>βούλημα</span> 
     </span>
    </p>
   </div>
   <div class='ocr_carea' id='block_1_16' title="bbox 229 1567 1799 1645">
    <p class='ocr_par' dir='ltr' id='par_1_16' title="bbox 229 1567 1799 1645">
     <span class='ocr_line' id='line_1_16' title="bbox 229 1567 1799 1645; baseline -0.005 -20"><span class='ocrx_word' id='word_1_111' title='bbox 229 1572 327 1645; x_wconf 77' lang='grc' dir='ltr'><strong>τοῦ</strong></span> <span class='ocrx_word' id='word_1_112' title='bbox 370 1570 438 1622; x_wconf 83' lang='grc' dir='ltr'><strong>τά</strong></span> <span class='ocrx_word' id='word_1_113' title='bbox 466 1571 643 1623; x_wconf 80' lang='grc' dir='ltr'>πάντα</span> <span class='ocrx_word' id='word_1_114' title='bbox 681 1570 772 1621; x_wconf 74' lang='grc' dir='ltr'><strong>ἐπὶ</strong></span> <span class='ocrx_word' id='word_1_115' title='bbox 807 1569 1048 1638; x_wconf 71' lang='grc' dir='ltr'>σωτηρία</span> <span class='ocrx_word' id='word_1_116' title='bbox 1096 1569 1190 1621; x_wconf 76' lang='grc' dir='ltr'><strong>καὶ</strong></span> <span class='ocrx_word' id='word_1_117' title='bbox 1230 1567 1486 1620; x_wconf 86' lang='grc' dir='ltr'>συστάσει</span> <span class='ocrx_word' id='word_1_118' title='bbox 1518 1567 1624 1620; x_wconf 88' lang='grc' dir='ltr'><strong>τῶν</strong></span> <span class='ocrx_word' id='word_1_119' title='bbox 1664 1567 1799 1620; x_wconf 81' lang='grc' dir='ltr'>ὅλων</span> 
     </span>
    </p>
   </div>
   <div class='ocr_carea' id='block_1_17' title="bbox 230 1655 1801 1729">
    <p class='ocr_par' dir='ltr' id='par_1_17' title="bbox 230 1655 1801 1729">
     <span class='ocr_line' id='line_1_17' title="bbox 230 1655 1801 1729; baseline -0.005 -14"><span class='ocrx_word' id='word_1_120' title='bbox 230 1658 636 1729; x_wconf 72' lang='grc' dir='ltr'>οἱκονομοῦντος</span> <span class='ocrx_word' id='word_1_121' title='bbox 657 1673 669 1686; x_wconf 86' lang='lat'><strong>&#39;</strong></span> <span class='ocrx_word' id='word_1_122' title='bbox 714 1657 852 1710; x_wconf 76' lang='grc' dir='ltr'>ὥστε</span> <span class='ocrx_word' id='word_1_123' title='bbox 885 1656 971 1709; x_wconf 76' lang='grc' dir='ltr'><strong>διὰ</strong></span> <span class='ocrx_word' id='word_1_124' title='bbox 1001 1655 1180 1725; x_wconf 82' lang='grc' dir='ltr'>πάσης</span> <span class='ocrx_word' id='word_1_125' title='bbox 1216 1657 1313 1728; x_wconf 80' lang='grc' dir='ltr'>τῆς</span> <span class='ocrx_word' id='word_1_126' title='bbox 1352 1656 1601 1722; x_wconf 82' lang='grc' dir='ltr'><strong>κτίσεως,</strong></span> <span class='ocrx_word' id='word_1_127' title='bbox 1648 1655 1712 1709; x_wconf 83' lang='grc' dir='ltr'><strong>έκ</strong></span> <span class='ocrx_word' id='word_1_128' title='bbox 1743 1673 1801 1708; x_wconf 88' lang='grc' dir='ltr'>τε</span> 
     </span>
    </p>
   </div>
   <div class='ocr_carea' id='block_1_18' title="bbox 234 1747 1799 1823">
    <p class='ocr_par' dir='ltr' id='par_1_18' title="bbox 234 1747 1799 1823">
     <span class='ocr_line' id='line_1_18' title="bbox 234 1747 1799 1823; baseline -0.003 -18"><span class='ocrx_word' id='word_1_129' title='bbox 234 1752 469 1823; x_wconf 85' lang='grc' dir='ltr'>βροντῶν</span> <span class='ocrx_word' id='word_1_130' title='bbox 496 1751 589 1804; x_wconf 75' lang='grc' dir='ltr'><strong>καὶ</strong></span> <span class='ocrx_word' id='word_1_131' title='bbox 615 1749 830 1820; x_wconf 87' lang='grc' dir='ltr'>ἀνέμων</span> <span class='ocrx_word' id='word_1_132' title='bbox 854 1749 946 1802; x_wconf 77' lang='grc' dir='ltr'>καὶ</span> <span class='ocrx_word' id='word_1_133' title='bbox 974 1748 1070 1818; x_wconf 83' lang='grc' dir='ltr'>τῆς</span> <span class='ocrx_word' id='word_1_134' title='bbox 1099 1748 1290 1818; x_wconf 79' lang='grc' dir='ltr'>λοιπῆς</span> <span class='ocrx_word' id='word_1_135' title='bbox 1324 1748 1683 1820; x_wconf 82' lang='grc' dir='ltr'><strong>δημιουργίας</strong></span> <span class='ocrx_word' id='word_1_136' title='bbox 1709 1747 1799 1800; x_wconf 81' lang='grc' dir='ltr'><strong>τὸν</strong></span> 
     </span>
    </p>
   </div>
   <div class='ocr_carea' id='block_1_19' title="bbox 229 1839 1794 1915">
    <p class='ocr_par' dir='ltr' id='par_1_19' title="bbox 229 1839 1794 1915">
     <span class='ocr_line' id='line_1_19' title="bbox 229 1839 1794 1915; baseline -0.004 -17"><span class='ocrx_word' id='word_1_137' title='bbox 229 1842 558 1915; x_wconf 83' lang='grc' dir='ltr'>δημιουργὸν</span> <span class='ocrx_word' id='word_1_138' title='bbox 596 1840 1046 1910; x_wconf 81' lang='grc' dir='ltr'>ἀναγγέλλεσθαι.</span> <span class='ocrx_word' id='word_1_139' title='bbox 1092 1841 1290 1912; x_wconf 86' lang='grc' dir='ltr'>Διόπερ</span> <span class='ocrx_word' id='word_1_140' title='bbox 1322 1839 1458 1910; x_wconf 83' lang='grc' dir='ltr'>μετὰ</span> <span class='ocrx_word' id='word_1_141' title='bbox 1496 1841 1555 1892; x_wconf 84' lang='grc' dir='ltr'>τὸ</span> <span class='ocrx_word' id='word_1_142' title='bbox 1595 1842 1794 1892; x_wconf 80' lang='grc' dir='ltr'>εἰπεῖν·</span> 
     </span>
    </p>
   </div>
   <div class='ocr_carea' id='block_1_20' title="bbox 1909 656 3456 729">
    <p class='ocr_par' dir='ltr' id='par_1_20' title="bbox 1909 656 3456 729">
     <span class='ocr_line' id='line_1_20' title="bbox 1909 656 3456 729; baseline 0.008 -21"><span class='ocrx_word' id='word_1_143' title='bbox 1909 657 2072 709; x_wconf 91' lang='lat' dir='ltr'><strong>ticum</strong></span> <span class='ocrx_word' id='word_1_144' title='bbox 2111 656 2312 710; x_wconf 87' lang='lat' dir='ltr'><strong>dictum</strong></span> <span class='ocrx_word' id='word_1_145' title='bbox 2358 672 2463 710; x_wconf 93' lang='lat' dir='ltr'><strong>non</strong></span> <span class='ocrx_word' id='word_1_146' title='bbox 2507 657 2573 711; x_wconf 90' lang='lat' dir='ltr'><strong>ad</strong></span> <span class='ocrx_word' id='word_1_147' title='bbox 2621 667 2865 712; x_wconf 89' lang='lat' dir='ltr'><strong>sanctum</strong></span> <span class='ocrx_word' id='word_1_148' title='bbox 2915 659 3211 729; x_wconf 75' lang='lat' dir='ltr'><strong>Spiritum,</strong></span> <span class='ocrx_word' id='word_1_149' title='bbox 3252 667 3346 719; x_wconf 86' lang='lat' dir='ltr'><strong>sed</strong></span> <span class='ocrx_word' id='word_1_150' title='bbox 3387 669 3456 721; x_wconf 88' lang='lat' dir='ltr'><strong>ad</strong></span> 
     </span>
    </p>
   </div>
   <div class='ocr_carea' id='block_1_21' title="bbox 1900 747 3462 826">
    <p class='ocr_par' dir='ltr' id='par_1_21' title="bbox 1900 747 3462 826">
     <span class='ocr_line' id='line_1_21' title="bbox 1900 747 3462 826; baseline 0.008 -27"><span class='ocrx_word' id='word_1_151' title='bbox 1900 761 2240 801; x_wconf 85' lang='lat' dir='ltr'><strong>communem</strong></span> <span class='ocrx_word' id='word_1_152' title='bbox 2277 751 2421 803; x_wconf 87' lang='lat' dir='ltr'><strong>hunc</strong></span> <span class='ocrx_word' id='word_1_153' title='bbox 2464 747 2647 803; x_wconf 83' lang='lat' dir='ltr'><strong>ﬂatum</strong></span> <span class='ocrx_word' id='word_1_154' title='bbox 2669 789 2685 816; x_wconf 93' lang='lat'><strong>,</strong></span> <span class='ocrx_word' id='word_1_155' title='bbox 2721 753 2864 808; x_wconf 89' lang='lat' dir='ltr'><strong>aeris</strong></span> <span class='ocrx_word' id='word_1_156' title='bbox 2894 754 3144 809; x_wconf 89' lang='lat' dir='ltr'><strong>videlicet</strong></span> <span class='ocrx_word' id='word_1_157' title='bbox 3171 756 3416 823; x_wconf 72' lang='lat' dir='ltr'><strong>spiritum</strong></span> <span class='ocrx_word' id='word_1_158' title='bbox 3439 797 3462 826; x_wconf 87' lang='lat'><strong>,</strong></span> 
     </span>
    </p>
   </div>
   <div class='ocr_carea' id='block_1_22' title="bbox 1899 837 3459 912">
    <p class='ocr_par' dir='ltr' id='par_1_22' title="bbox 1899 837 3459 912">
     <span class='ocr_line' id='line_1_22' title="bbox 1899 837 3459 912; baseline 0.008 -22"><span class='ocrx_word' id='word_1_159' title='bbox 1899 837 2170 890; x_wconf 83' lang='lat' dir='ltr'><strong>credimus</strong></span> <span class='ocrx_word' id='word_1_160' title='bbox 2216 838 2504 907; x_wconf 90' lang='lat' dir='ltr'><strong>pertinere.</strong></span> <span class='ocrx_word' id='word_1_161' title='bbox 2561 841 2714 906; x_wconf 86' lang='lat' dir='ltr'><strong>Quod</strong></span> <span class='ocrx_word' id='word_1_162' title='bbox 2765 843 2890 896; x_wconf 92' lang='lat' dir='ltr'><strong>inde</strong></span> <span class='ocrx_word' id='word_1_163' title='bbox 2937 855 3102 912; x_wconf 78' lang='lat' dir='ltr'><strong>patet.</strong></span> <span class='ocrx_word' id='word_1_164' title='bbox 3147 844 3264 899; x_wconf 81' lang='lat' dir='ltr'><strong>Non</strong></span> <span class='ocrx_word' id='word_1_165' title='bbox 3312 852 3459 903; x_wconf 90' lang='lat' dir='ltr'><strong>enim</strong></span> 
     </span>
    </p>
   </div>
   <div class='ocr_carea' id='block_1_23' title="bbox 1899 927 3457 1006">
    <p class='ocr_par' dir='ltr' id='par_1_23' title="bbox 1899 927 3457 1006">
     <span class='ocr_line' id='line_1_23' title="bbox 1899 927 3457 1006; baseline 0.01 -27"><span class='ocrx_word' id='word_1_166' title='bbox 1899 927 2054 991; x_wconf 83' lang='lat' dir='ltr'><strong>dixit,</strong></span> <span class='ocrx_word' id='word_1_167' title='bbox 2087 928 2186 994; x_wconf 86' lang='lat' dir='ltr'><strong>Qui</strong></span> <span class='ocrx_word' id='word_1_168' title='bbox 2216 929 2418 984; x_wconf 89' lang='lat' dir='ltr'><strong>creavit</strong></span> <span class='ocrx_word' id='word_1_169' title='bbox 2447 931 2715 1000; x_wconf 77' lang='lat' dir='ltr'><strong>Spiritum,</strong></span> <span class='ocrx_word' id='word_1_170' title='bbox 2740 933 2856 996; x_wconf 90' lang='lat' dir='ltr'><strong>sed,</strong></span> <span class='ocrx_word' id='word_1_171' title='bbox 2894 933 2997 998; x_wconf 85' lang='lat' dir='ltr'><strong>Qui</strong></span> <span class='ocrx_word' id='word_1_172' title='bbox 3019 946 3158 990; x_wconf 80' lang='lat' dir='ltr'><strong>creat</strong></span> <span class='ocrx_word' id='word_1_173' title='bbox 3190 939 3457 1006; x_wconf 79' lang='lat' dir='ltr'><strong>spiritum.</strong></span> 
     </span>
    </p>
   </div>
   <div class='ocr_carea' id='block_1_24' title="bbox 1901 1019 3460 1084">
    <p class='ocr_par' dir='ltr' id='par_1_24' title="bbox 1901 1019 3460 1084">
     <span class='ocr_line' id='line_1_24' title="bbox 1901 1019 3460 1084; baseline 0.01 -15"><span class='ocrx_word' id='word_1_174' title='bbox 1901 1019 2359 1084; x_wconf 83' lang='lat' dir='ltr'><strong>Quemadmodum</strong></span> <span class='ocrx_word' id='word_1_175' title='bbox 2386 1022 2529 1076; x_wconf 90' lang='lat' dir='ltr'><strong>enim</strong></span> <span class='ocrx_word' id='word_1_176' title='bbox 2560 1025 2856 1078; x_wconf 91' lang='lat' dir='ltr'><strong>tonitruum</strong></span> <span class='ocrx_word' id='word_1_177' title='bbox 2883 1028 2972 1080; x_wconf 87' lang='lat' dir='ltr'><strong>ubi</strong></span> <span class='ocrx_word' id='word_1_178' title='bbox 3004 1029 3172 1083; x_wconf 85' lang='lat' dir='ltr'><strong>semel</strong></span> <span class='ocrx_word' id='word_1_179' title='bbox 3208 1040 3290 1083; x_wconf 86' lang='lat' dir='ltr'><strong>est</strong></span> <span class='ocrx_word' id='word_1_180' title='bbox 3312 1047 3460 1084; x_wconf 86' lang='lat' dir='ltr'><strong>crea-</strong></span> 
     </span>
    </p>
   </div>
   <div class='ocr_carea' id='block_1_25' title="bbox 1902 1110 3455 1187">
    <p class='ocr_par' dir='ltr' id='par_1_25' title="bbox 1902 1110 3455 1187">
     <span class='ocr_line' id='line_1_25' title="bbox 1902 1110 3455 1187; baseline 0.009 -25"><span class='ocrx_word' id='word_1_181' title='bbox 1902 1119 2034 1173; x_wconf 90' lang='lat' dir='ltr'><strong>tum,</strong></span> <span class='ocrx_word' id='word_1_182' title='bbox 2070 1110 2121 1163; x_wconf 92' lang='lat' dir='ltr'><strong>in</strong></span> <span class='ocrx_word' id='word_1_183' title='bbox 2157 1111 2454 1167; x_wconf 83' lang='lat' dir='ltr'><strong>substantia</strong></span> <span class='ocrx_word' id='word_1_184' title='bbox 2497 1115 2728 1182; x_wconf 90' lang='lat' dir='ltr'><strong>quadam</strong></span> <span class='ocrx_word' id='word_1_185' title='bbox 2765 1119 3028 1185; x_wconf 85' lang='lat' dir='ltr'><strong>corporali</strong></span> <span class='ocrx_word' id='word_1_186' title='bbox 3073 1136 3178 1174; x_wconf 94' lang='lat' dir='ltr'><strong>non</strong></span> <span class='ocrx_word' id='word_1_187' title='bbox 3212 1133 3327 1187; x_wconf 88' lang='lat' dir='ltr'><strong>est;</strong></span> <span class='ocrx_word' id='word_1_188' title='bbox 3362 1124 3455 1176; x_wconf 89' lang='lat' dir='ltr'><strong>sed</strong></span> 
     </span>
    </p>
   </div>
   <div class='ocr_carea' id='block_1_26' title="bbox 1899 1202 3456 1283">
    <p class='ocr_par' dir='ltr' id='par_1_26' title="bbox 1899 1202 3456 1283">
     <span class='ocr_line' id='line_1_26' title="bbox 1899 1202 3456 1283; baseline 0.009 -31"><span class='ocrx_word' id='word_1_189' title='bbox 1899 1215 2114 1269; x_wconf 83' lang='lat' dir='ltr'><strong>semper</strong></span> <span class='ocrx_word' id='word_1_190' title='bbox 2157 1202 2434 1257; x_wconf 83' lang='lat' dir='ltr'><strong>voluntate</strong></span> <span class='ocrx_word' id='word_1_191' title='bbox 2480 1206 2572 1260; x_wconf 91' lang='lat' dir='ltr'><strong>Dei</strong></span> <span class='ocrx_word' id='word_1_192' title='bbox 2618 1207 2684 1260; x_wconf 87' lang='lat' dir='ltr'><strong>ad</strong></span> <span class='ocrx_word' id='word_1_193' title='bbox 2722 1211 3001 1265; x_wconf 89' lang='lat' dir='ltr'><strong>terrendos</strong></span> <span class='ocrx_word' id='word_1_194' title='bbox 3048 1210 3300 1268; x_wconf 79' lang='lat' dir='ltr'><strong>homines</strong></span> <span class='ocrx_word' id='word_1_195' title='bbox 3333 1229 3456 1283; x_wconf 87' lang='lat' dir='ltr'><strong>pro-</strong></span> 
     </span>
    </p>
   </div>
   <div class='ocr_carea' id='block_1_27' title="bbox 1899 1292 3461 1370">
    <p class='ocr_par' dir='ltr' id='par_1_27' title="bbox 1899 1292 3461 1370">
     <span class='ocr_line' id='line_1_27' title="bbox 1899 1292 3461 1370; baseline 0.008 -25"><span class='ocrx_word' id='word_1_196' title='bbox 1899 1292 2137 1360; x_wconf 88' lang='lat' dir='ltr'><strong>ductum,</strong></span> <span class='ocrx_word' id='word_1_197' title='bbox 2170 1294 2281 1349; x_wconf 78' lang='lat' dir='ltr'><strong>fieri</strong></span> <span class='ocrx_word' id='word_1_198' title='bbox 2314 1310 2377 1349; x_wconf 88' lang='lat' dir='ltr'><strong>ac</strong></span> <span class='ocrx_word' id='word_1_199' title='bbox 2404 1296 2618 1350; x_wconf 87' lang='lat' dir='ltr'><strong>dissolvi</strong></span> <span class='ocrx_word' id='word_1_200' title='bbox 2659 1298 2795 1353; x_wconf 86' lang='lat' dir='ltr'><strong>solet</strong></span> <span class='ocrx_word' id='word_1_201' title='bbox 2826 1318 2838 1353; x_wconf 88' lang='lat'>:</span> <span class='ocrx_word' id='word_1_202' title='bbox 2875 1301 2943 1353; x_wconf 91' lang='lat' dir='ltr'><strong>ita</strong></span> <span class='ocrx_word' id='word_1_203' title='bbox 2980 1313 3039 1355; x_wconf 94' lang='lat' dir='ltr'><strong>et</strong></span> <span class='ocrx_word' id='word_1_204' title='bbox 3069 1300 3291 1370; x_wconf 87' lang='lat' dir='ltr'><strong>spiritus</strong></span> <span class='ocrx_word' id='word_1_205' title='bbox 3318 1319 3461 1358; x_wconf 91' lang='lat' dir='ltr'><strong>nunc</strong></span> 
     </span>
    </p>
   </div>
   <div class='ocr_carea' id='block_1_28' title="bbox 1899 1386 3462 1453">
    <p class='ocr_par' dir='ltr' id='par_1_28' title="bbox 1899 1386 3462 1453">
     <span class='ocr_line' id='line_1_28' title="bbox 1899 1386 3462 1453; baseline 0.006 -15"><span class='ocrx_word' id='word_1_206' title='bbox 1899 1386 2115 1453; x_wconf 84' lang='lat' dir='ltr'><strong>quidem</strong></span> <span class='ocrx_word' id='word_1_207' title='bbox 2147 1387 2224 1453; x_wconf 85' lang='lat' dir='ltr'><strong>ﬁt,</strong></span> <span class='ocrx_word' id='word_1_208' title='bbox 2256 1386 2456 1442; x_wconf 83' lang='lat' dir='ltr'><strong>ﬂuente</strong></span> <span class='ocrx_word' id='word_1_209' title='bbox 2479 1387 2650 1441; x_wconf 90' lang='lat' dir='ltr'><strong>instar</strong></span> <span class='ocrx_word' id='word_1_210' title='bbox 2669 1388 2905 1445; x_wconf 82' lang='lat' dir='ltr'><strong>ﬂuminis</strong></span> <span class='ocrx_word' id='word_1_211' title='bbox 2928 1407 3083 1446; x_wconf 88' lang='lat' dir='ltr'><strong>aere:</strong></span> <span class='ocrx_word' id='word_1_212' title='bbox 3119 1409 3307 1450; x_wconf 88' lang='lat' dir='ltr'><strong>rursus</strong></span> <span class='ocrx_word' id='word_1_213' title='bbox 3334 1410 3462 1449; x_wconf 89' lang='lat' dir='ltr'><strong>vero</strong></span> 
     </span>
    </p>
   </div>
   <div class='ocr_carea' id='block_1_29' title="bbox 1898 1479 3458 1554">
    <p class='ocr_par' dir='ltr' id='par_1_29' title="bbox 1898 1479 3458 1554">
     <span class='ocr_line' id='line_1_29' title="bbox 1898 1479 3458 1554; baseline 0.006 -23"><span class='ocrx_word' id='word_1_214' title='bbox 1898 1485 2074 1531; x_wconf 88' lang='lat' dir='ltr'><strong>cessat</strong></span> <span class='ocrx_word' id='word_1_215' title='bbox 2116 1485 2265 1542; x_wconf 92' lang='lat' dir='ltr'><strong>tum,</strong></span> <span class='ocrx_word' id='word_1_216' title='bbox 2300 1494 2422 1532; x_wconf 91' lang='lat' dir='ltr'><strong>cum</strong></span> <span class='ocrx_word' id='word_1_217' title='bbox 2460 1480 2603 1549; x_wconf 92' lang='lat' dir='ltr'><strong>quod</strong></span> <span class='ocrx_word' id='word_1_218' title='bbox 2643 1479 2791 1547; x_wconf 90' lang='lat' dir='ltr'><strong>prius</strong></span> <span class='ocrx_word' id='word_1_219' title='bbox 2827 1485 3140 1538; x_wconf 81' lang='lat' dir='ltr'><strong>movebatur</strong></span> <span class='ocrx_word' id='word_1_220' title='bbox 3188 1486 3458 1554; x_wconf 86' lang='lat' dir='ltr'><strong>quiescit,</strong></span> 
     </span>
    </p>
   </div>
   <div class='ocr_carea' id='block_1_30' title="bbox 1899 1568 3458 1639">
    <p class='ocr_par' dir='ltr' id='par_1_30' title="bbox 1899 1568 3458 1639">
     <span class='ocr_line' id='line_1_30' title="bbox 1899 1568 3458 1639; baseline 0.005 -18"><span class='ocrx_word' id='word_1_221' title='bbox 1899 1568 2196 1622; x_wconf 89' lang='lat' dir='ltr'><strong>secundum</strong></span> <span class='ocrx_word' id='word_1_222' title='bbox 2254 1569 2582 1624; x_wconf 84' lang='lat' dir='ltr'><strong>voluntatem</strong></span> <span class='ocrx_word' id='word_1_223' title='bbox 2631 1570 2785 1639; x_wconf 89' lang='lat' dir='ltr'><strong>ejus,</strong></span> <span class='ocrx_word' id='word_1_224' title='bbox 2839 1574 2928 1639; x_wconf 91' lang='lat' dir='ltr'><strong>qni</strong></span> <span class='ocrx_word' id='word_1_225' title='bbox 2965 1575 3031 1626; x_wconf 83' lang='lat' dir='ltr'><strong>ad</strong></span> <span class='ocrx_word' id='word_1_226' title='bbox 3083 1575 3458 1629; x_wconf 90' lang='lat' dir='ltr'><strong>universorum</strong></span> 
     </span>
    </p>
   </div>
   <div class='ocr_carea' id='block_1_31' title="bbox 1901 1658 3454 1736">
    <p class='ocr_par' dir='ltr' id='par_1_31' title="bbox 1901 1658 3454 1736">
     <span class='ocr_line' id='line_1_31' title="bbox 1901 1658 3454 1736; baseline 0.006 -23"><span class='ocrx_word' id='word_1_227' title='bbox 1901 1658 2324 1715; x_wconf 88' lang='lat' dir='ltr'><strong>incolumitatem</strong></span> <span class='ocrx_word' id='word_1_228' title='bbox 2353 1666 2926 1736; x_wconf 85' lang='lat' dir='ltr'><strong>conservationemque</strong></span> <span class='ocrx_word' id='word_1_229' title='bbox 2948 1665 3214 1735; x_wconf 78' lang='lat' dir='ltr'><strong>gubernat</strong></span> <span class='ocrx_word' id='word_1_230' title='bbox 3250 1670 3454 1732; x_wconf 88' lang='lat' dir='ltr'><strong>omnia,</strong></span> 
     </span>
    </p>
   </div>
   <div class='ocr_carea' id='block_1_32' title="bbox 1901 1757 3463 1820">
    <p class='ocr_par' dir='ltr' id='par_1_32' title="bbox 1901 1757 3463 1820">
     <span class='ocr_line' id='line_1_32' title="bbox 1901 1757 3463 1820; baseline 0.006 -17"><span class='ocrx_word' id='word_1_231' title='bbox 1901 1760 1959 1803; x_wconf 93' lang='lat' dir='ltr'><strong>ut</strong></span> <span class='ocrx_word' id='word_1_232' title='bbox 2008 1765 2102 1820; x_wconf 87' lang='lat' dir='ltr'><strong>per</strong></span> <span class='ocrx_word' id='word_1_233' title='bbox 2141 1766 2354 1806; x_wconf 88' lang='lat' dir='ltr'><strong>omnem</strong></span> <span class='ocrx_word' id='word_1_234' title='bbox 2396 1764 2699 1809; x_wconf 89' lang='lat' dir='ltr'><strong>creaturam</strong></span> <span class='ocrx_word' id='word_1_235' title='bbox 2733 1766 2786 1810; x_wconf 88' lang='lat' dir='ltr'><strong>et</strong></span> <span class='ocrx_word' id='word_1_236' title='bbox 2819 1757 3070 1811; x_wconf 87' lang='lat' dir='ltr'><strong>tonitruis</strong></span> <span class='ocrx_word' id='word_1_237' title='bbox 3109 1769 3164 1812; x_wconf 88' lang='lat' dir='ltr'><strong>et</strong></span> <span class='ocrx_word' id='word_1_238' title='bbox 3209 1762 3384 1817; x_wconf 83' lang='lat' dir='ltr'><strong>ventis</strong></span> <span class='ocrx_word' id='word_1_239' title='bbox 3408 1771 3463 1815; x_wconf 90' lang='lat' dir='ltr'><strong>et</strong></span> 
     </span>
    </p>
   </div>
   <div class='ocr_carea' id='block_1_33' title="bbox 1903 1840 3461 1917">
    <p class='ocr_par' dir='ltr' id='par_1_33' title="bbox 1903 1840 3461 1917">
     <span class='ocr_line' id='line_1_33' title="bbox 1903 1840 3461 1917; baseline 0.007 -24"><span class='ocrx_word' id='word_1_240' title='bbox 1903 1840 2122 1908; x_wconf 79' lang='lat' dir='ltr'><strong>reliquis</strong></span> <span class='ocrx_word' id='word_1_241' title='bbox 2151 1842 2407 1910; x_wconf 82' lang='lat' dir='ltr'><strong>cperibus</strong></span> <span class='ocrx_word' id='word_1_242' title='bbox 2435 1844 2682 1898; x_wconf 91' lang='lat' dir='ltr'><strong>conditor</strong></span> <span class='ocrx_word' id='word_1_243' title='bbox 2713 1847 3087 1900; x_wconf 88' lang='lat' dir='ltr'><strong>annuntietur.</strong></span> <span class='ocrx_word' id='word_1_244' title='bbox 3118 1847 3461 1917; x_wconf 84' lang='lat' dir='ltr'><strong>Quapropter</strong></span> 
     </span>
    </p>
   </div>
   <div class='ocr_carea' id='block_1_34' title="bbox 244 1925 1906 2004">
    <p class='ocr_par' dir='ltr' id='par_1_34' title="bbox 244 1925 1906 2004">
     <span class='ocr_line' id='line_1_34' title="bbox 244 1925 1906 2004; baseline -0.009 -13"><span class='ocrx_word' id='word_1_245' title='bbox 244 1936 308 1990; x_wconf 86' lang='grc' dir='ltr'>Ὀ</span> <span class='ocrx_word' id='word_1_246' title='bbox 355 1932 611 2004; x_wconf 77' lang='grc' dir='ltr'>στερεῶν</span> <span class='ocrx_word' id='word_1_247' title='bbox 663 1930 965 2000; x_wconf 79' lang='grc' dir='ltr'><strong>βροντὴν,</strong></span> <span class='ocrx_word' id='word_1_248' title='bbox 1017 1932 1114 1986; x_wconf 79' lang='grc' dir='ltr'>καὶ</span> <span class='ocrx_word' id='word_1_249' title='bbox 1151 1931 1354 1992; x_wconf 79' lang='grc' dir='ltr'><em>κτίζων</em></span> <span class='ocrx_word' id='word_1_250' title='bbox 1398 1933 1648 2002; x_wconf 81' lang='grc' dir='ltr'>πνεῦμα,</span> <span class='ocrx_word' id='word_1_251' title='bbox 1696 1949 1798 2003; x_wconf 76' lang='grc' dir='ltr'>φη-</span> <span class='ocrx_word' id='word_1_252' title='bbox 1832 1925 1906 1992; x_wconf 40' lang='grc' dir='ltr'>Β(</span> 
     </span>
    </p>
   </div>
   <div class='ocr_carea' id='block_1_35' title="bbox 1798 1925 3460 2004">
    <p class='ocr_par' dir='ltr' id='par_1_35' title="bbox 1832 1925 3460 2000">
     <span class='ocr_line' id='line_1_35' title="bbox 1832 1925 3460 2000; baseline 0.006 -23"><span class='ocrx_word' id='word_1_253' title='bbox 1832 1925 1872 1977; x_wconf 90' lang='grc' dir='ltr'><strong>Β</strong></span> <span class='ocrx_word' id='word_1_254' title='bbox 1903 1934 2182 1992; x_wconf 77' lang='lat' dir='ltr'><strong>postquam</strong></span> <span class='ocrx_word' id='word_1_255' title='bbox 2221 1926 2392 1980; x_wconf 77' lang='lat' dir='ltr'><strong>dixit:</strong></span> <span class='ocrx_word' id='word_1_256' title='bbox 2426 1925 2528 1991; x_wconf 86' lang='lat' dir='ltr'><strong>Qui</strong></span> <span class='ocrx_word' id='word_1_257' title='bbox 2553 1927 2727 1995; x_wconf 73' lang='lat' dir='ltr'><strong>firmat</strong></span> <span class='ocrx_word' id='word_1_258' title='bbox 2763 1931 3049 1983; x_wconf 79' lang='lat' dir='ltr'><strong>tonitruum</strong></span> <span class='ocrx_word' id='word_1_259' title='bbox 3085 1943 3131 1984; x_wconf 84' lang='lat' dir='ltr'><strong>et</strong></span> <span class='ocrx_word' id='word_1_260' title='bbox 3178 1944 3317 1986; x_wconf 85' lang='lat' dir='ltr'><strong>creat</strong></span> <span class='ocrx_word' id='word_1_261' title='bbox 3347 1936 3460 2000; x_wconf 72' lang='lat' dir='ltr'><strong>spi-</strong></span> 
     </span>
    </p>
   </div>
   <div class='ocr_carea' id='block_1_36' title="bbox 233 2023 1797 2093">
    <p class='ocr_par' dir='ltr' id='par_1_36' title="bbox 233 2023 1797 2093">
     <span class='ocr_line' id='line_1_36' title="bbox 233 2023 1797 2093; baseline -0.002 -12"><span class='ocrx_word' id='word_1_262' title='bbox 233 2028 338 2081; x_wconf 82' lang='grc' dir='ltr'>σίν’</span> <span class='ocrx_word' id='word_1_263' title='bbox 389 2026 497 2080; x_wconf 76' lang='grc' dir='ltr'><strong>Καὶ</strong></span> <span class='ocrx_word' id='word_1_264' title='bbox 543 2023 933 2093; x_wconf 73' lang='grc' dir='ltr'><strong>ἀπαγγέλλων</strong></span> <span class='ocrx_word' id='word_1_265' title='bbox 982 2025 1108 2091; x_wconf 87' lang='grc' dir='ltr'>τοῖς</span> <span class='ocrx_word' id='word_1_266' title='bbox 1154 2023 1483 2093; x_wconf 79' lang='grc' dir='ltr'>ἀνθρώποις</span> <span class='ocrx_word' id='word_1_267' title='bbox 1528 2026 1631 2078; x_wconf 82' lang='grc' dir='ltr'><strong>τὸν</strong></span> <span class='ocrx_word' id='word_1_268' title='bbox 1673 2028 1797 2092; x_wconf 87' lang='grc' dir='ltr'>Χρι-</span> 
     </span>
    </p>
   </div>
   <div class='ocr_carea' id='block_1_37' title="bbox 231 2114 1798 2188">
    <p class='ocr_par' dir='ltr' id='par_1_37' title="bbox 231 2114 1798 2188">
     <span class='ocr_line' id='line_1_37' title="bbox 231 2114 1798 2188; baseline -0.001 -18"><span class='ocrx_word' id='word_1_269' title='bbox 231 2119 385 2170; x_wconf 72' lang='grc' dir='ltr'><strong>στέν</strong></span> <span class='ocrx_word' id='word_1_270' title='bbox 429 2116 633 2172; x_wconf 85' lang='grc' dir='ltr'>αὐτοῦ.</span> <span class='ocrx_word' id='word_1_271' title='bbox 677 2115 762 2178; x_wconf 82' lang='grc' dir='ltr'>Ὠς</span> <span class='ocrx_word' id='word_1_272' title='bbox 803 2115 910 2182; x_wconf 83' lang='grc' dir='ltr'><strong>γὰρ</strong></span> <span class='ocrx_word' id='word_1_273' title='bbox 938 2117 986 2169; x_wconf 82' lang='lat' dir='ltr'><strong>oi</strong></span> <span class='ocrx_word' id='word_1_274' title='bbox 1032 2116 1248 2188; x_wconf 79' lang='grc' dir='ltr'>οὐρανοὶ</span> <span class='ocrx_word' id='word_1_275' title='bbox 1293 2114 1599 2186; x_wconf 76' lang='grc' dir='ltr'>διηγοῦνται</span> <span class='ocrx_word' id='word_1_276' title='bbox 1643 2115 1798 2178; x_wconf 78' lang='grc' dir='ltr'>δόξαν</span> 
     </span>
    </p>
   </div>
   <div class='ocr_carea' id='block_1_38' title="bbox 231 2205 1798 2278">
    <p class='ocr_par' dir='ltr' id='par_1_38' title="bbox 231 2205 1798 2278">
     <span class='ocr_line' id='line_1_38' title="bbox 231 2205 1798 2278; baseline 0.001 -20"><span class='ocrx_word' id='word_1_277' title='bbox 231 2207 367 2261; x_wconf 78' lang='grc' dir='ltr'>Θεοῦ</span> <span class='ocrx_word' id='word_1_278' title='bbox 408 2211 519 2269; x_wconf 89' lang='grc' dir='ltr'>τοῖς</span> <span class='ocrx_word' id='word_1_279' title='bbox 559 2205 872 2276; x_wconf 81' lang='grc' dir='ltr'>δυναμένοις</span> <span class='ocrx_word' id='word_1_280' title='bbox 921 2208 976 2272; x_wconf 78' lang='grc' dir='ltr'><strong>ἐξ</strong></span> <span class='ocrx_word' id='word_1_281' title='bbox 1017 2206 1194 2260; x_wconf 76' lang='grc' dir='ltr'>αὐτῶν</span> <span class='ocrx_word' id='word_1_282' title='bbox 1219 2207 1316 2276; x_wconf 80' lang='grc' dir='ltr'><strong>τὴν</strong></span> <span class='ocrx_word' id='word_1_283' title='bbox 1340 2207 1430 2260; x_wconf 88' lang='grc' dir='ltr'><strong>τοῦ</strong></span> <span class='ocrx_word' id='word_1_284' title='bbox 1470 2207 1798 2278; x_wconf 78' lang='grc' dir='ltr'>δημιουργοῦ</span> 
     </span>
    </p>
   </div>
   <div class='ocr_carea' id='block_1_39' title="bbox 229 2292 1797 2366">
    <p class='ocr_par' dir='ltr' id='par_1_39' title="bbox 229 2292 1797 2366">
     <span class='ocr_line' id='line_1_39' title="bbox 229 2292 1797 2366; baseline 0 -18"><span class='ocrx_word' id='word_1_285' title='bbox 229 2298 428 2366; x_wconf 86' lang='grc' dir='ltr'>τέχνην</span> <span class='ocrx_word' id='word_1_286' title='bbox 475 2293 909 2363; x_wconf 70' lang='grc' dir='ltr'><strong>ἀναλογίζεσθαι,</strong></span> <span class='ocrx_word' id='word_1_287' title='bbox 945 2294 1087 2349; x_wconf 73' lang='grc' dir='ltr'>οὕτω</span> <span class='ocrx_word' id='word_1_288' title='bbox 1129 2297 1222 2348; x_wconf 74' lang='grc' dir='ltr'>καὶ</span> <span class='ocrx_word' id='word_1_289' title='bbox 1263 2296 1489 2366; x_wconf 78' lang='grc' dir='ltr'>βροντῆς</span> <span class='ocrx_word' id='word_1_290' title='bbox 1514 2292 1655 2366; x_wconf 77' lang='grc' dir='ltr'>ἦχοι,</span> <span class='ocrx_word' id='word_1_291' title='bbox 1708 2296 1797 2348; x_wconf 75' lang='grc' dir='ltr'><strong>καὶ</strong></span> 
     </span>
    </p>
   </div>
   <div class='ocr_carea' id='block_1_40' title="bbox 234 2386 1796 2456">
    <p class='ocr_par' dir='ltr' id='par_1_40' title="bbox 234 2386 1796 2456">
     <span class='ocr_line' id='line_1_40' title="bbox 234 2386 1796 2456; baseline -0.002 -17"><span class='ocrx_word' id='word_1_292' title='bbox 234 2386 557 2456; x_wconf 78' lang='grc' dir='ltr'>πνευμάτων</span> <span class='ocrx_word' id='word_1_293' title='bbox 615 2387 876 2456; x_wconf 83' lang='grc' dir='ltr'>κινήσεις,</span> <span class='ocrx_word' id='word_1_294' title='bbox 926 2386 1014 2438; x_wconf 75' lang='grc' dir='ltr'>τὸν</span> <span class='ocrx_word' id='word_1_295' title='bbox 1066 2386 1391 2456; x_wconf 87' lang='grc' dir='ltr'>δημιουργὸν</span> <span class='ocrx_word' id='word_1_296' title='bbox 1441 2386 1618 2438; x_wconf 73' lang='grc' dir='ltr'>αὐτῶν</span> <span class='ocrx_word' id='word_1_297' title='bbox 1668 2387 1796 2436; x_wconf 83' lang='grc' dir='ltr'>ἀνα-</span> 
     </span>
    </p>
   </div>
   <div class='ocr_carea' id='block_1_41' title="bbox 232 2476 1797 2551">
    <p class='ocr_par' dir='ltr' id='par_1_41' title="bbox 232 2476 1797 2551">
     <span class='ocr_line' id='line_1_41' title="bbox 232 2476 1797 2551; baseline -0.003 -18"><span class='ocrx_word' id='word_1_298' title='bbox 232 2478 584 2551; x_wconf 80' lang='grc' dir='ltr'>κηρύττουσι.</span> <span class='ocrx_word' id='word_1_299' title='bbox 611 2479 762 2549; x_wconf 83' lang='grc' dir='ltr'>Τάχα</span> <span class='ocrx_word' id='word_1_300' title='bbox 800 2479 843 2530; x_wconf 87' lang='grc' dir='ltr'>δ’</span> <span class='ocrx_word' id='word_1_301' title='bbox 893 2478 956 2530; x_wconf 82' lang='grc' dir='ltr'>ἂν</span> <span class='ocrx_word' id='word_1_302' title='bbox 1001 2476 1158 2529; x_wconf 88' lang='grc' dir='ltr'>τοῦτο</span> <span class='ocrx_word' id='word_1_303' title='bbox 1203 2478 1295 2529; x_wconf 78' lang='grc' dir='ltr'><strong>καὶ</strong></span> <span class='ocrx_word' id='word_1_304' title='bbox 1336 2477 1636 2547; x_wconf 75' lang='grc' dir='ltr'>προφητεία</span> <span class='ocrx_word' id='word_1_305' title='bbox 1683 2479 1797 2547; x_wconf 82' lang='grc' dir='ltr'>εἴη,</span> 
     </span>
    </p>
   </div>
   <div class='ocr_carea' id='block_1_42' title="bbox 236 2566 1797 2643">
    <p class='ocr_par' dir='ltr' id='par_1_42' title="bbox 236 2566 1797 2643">
     <span class='ocr_line' id='line_1_42' title="bbox 236 2566 1797 2643; baseline -0.002 -19"><span class='ocrx_word' id='word_1_306' title='bbox 236 2572 374 2643; x_wconf 72' lang='grc' dir='ltr'>πρὸς</span> <span class='ocrx_word' id='word_1_307' title='bbox 437 2571 536 2643; x_wconf 80' lang='grc' dir='ltr'>τὴν</span> <span class='ocrx_word' id='word_1_308' title='bbox 612 2569 1019 2640; x_wconf 84' lang='grc' dir='ltr'>ὲνανθρώπησιν</span> <span class='ocrx_word' id='word_1_309' title='bbox 1090 2566 1181 2619; x_wconf 89' lang='grc' dir='ltr'><strong>τοῦ</strong></span> <span class='ocrx_word' id='word_1_310' title='bbox 1244 2568 1448 2638; x_wconf 86' lang='grc' dir='ltr'>Κυρίου</span> <span class='ocrx_word' id='word_1_311' title='bbox 1519 2567 1797 2640; x_wconf 68' lang='grc' dir='ltr'>φέρουσασ</span> 
     </span>
    </p>
   </div>
   <div class='ocr_carea' id='block_1_43' title="bbox 235 2658 1800 2734">
    <p class='ocr_par' dir='ltr' id='par_1_43' title="bbox 235 2658 1800 2734">
     <span class='ocr_line' id='line_1_43' title="bbox 235 2658 1800 2734; baseline -0.001 -20"><span class='ocrx_word' id='word_1_312' title='bbox 235 2664 324 2714; x_wconf 72' lang='grc' dir='ltr'><strong>ὅτε</strong></span> <span class='ocrx_word' id='word_1_313' title='bbox 383 2665 416 2734; x_wconf 87' lang='grc' dir='ltr'><strong>ή</strong></span> <span class='ocrx_word' id='word_1_314' title='bbox 483 2663 578 2731; x_wconf 82' lang='grc' dir='ltr'>μὲν</span> <span class='ocrx_word' id='word_1_315' title='bbox 629 2660 798 2730; x_wconf 81' lang='grc' dir='ltr'>φωνὴ,</span> <span class='ocrx_word' id='word_1_316' title='bbox 853 2662 884 2729; x_wconf 85' lang='grc' dir='ltr'>ἡ</span> <span class='ocrx_word' id='word_1_317' title='bbox 949 2659 1210 2730; x_wconf 87' lang='grc' dir='ltr'>γενομένη</span> <span class='ocrx_word' id='word_1_318' title='bbox 1271 2659 1385 2730; x_wconf 77' lang='grc'>(27)</span> <span class='ocrx_word' id='word_1_319' title='bbox 1439 2658 1498 2724; x_wconf 79' lang='grc' dir='ltr'>ἐξ</span> <span class='ocrx_word' id='word_1_320' title='bbox 1552 2661 1800 2732; x_wconf 83' lang='grc' dir='ltr'>οὐρανοῦ,</span> 
     </span>
    </p>
   </div>
   <div class='ocr_carea' id='block_1_44' title="bbox 237 2745 1803 2824">
    <p class='ocr_par' dir='ltr' id='par_1_44' title="bbox 237 2745 1803 2824">
     <span class='ocr_line' id='line_1_44' title="bbox 237 2745 1803 2824; baseline -0.002 -19"><span class='ocrx_word' id='word_1_321' title='bbox 237 2754 433 2824; x_wconf 82' lang='grc' dir='ltr'>βροντὴ</span> <span class='ocrx_word' id='word_1_322' title='bbox 474 2751 645 2803; x_wconf 81' lang='grc' dir='ltr'>ἐδόκει</span> <span class='ocrx_word' id='word_1_323' title='bbox 681 2753 792 2811; x_wconf 89' lang='grc' dir='ltr'>τοῖς</span> <span class='ocrx_word' id='word_1_324' title='bbox 833 2749 1128 2802; x_wconf 85' lang='grc' dir='ltr'>ἀκούσασιν</span> <span class='ocrx_word' id='word_1_325' title='bbox 1171 2745 1330 2815; x_wconf 78' lang='grc' dir='ltr'>εἶναι,</span> <span class='ocrx_word' id='word_1_326' title='bbox 1368 2751 1556 2820; x_wconf 78' lang='grc' dir='ltr'>ἥντινα</span> <span class='ocrx_word' id='word_1_327' title='bbox 1596 2751 1803 2820; x_wconf 81' lang='grc' dir='ltr'>ἀφῆκεν</span> 
     </span>
    </p>
   </div>
   <div class='ocr_carea' id='block_1_45' title="bbox 234 2842 1802 2915">
    <p class='ocr_par' dir='ltr' id='par_1_45' title="bbox 234 2842 1802 2915">
     <span class='ocr_line' id='line_1_45' title="bbox 234 2842 1802 2915; baseline -0.002 -17"><span class='ocrx_word' id='word_1_328' title='bbox 234 2851 262 2898; x_wconf 89' lang='grc' dir='ltr'>ὁ</span> <span class='ocrx_word' id='word_1_329' title='bbox 315 2845 450 2906; x_wconf 73' lang='grc' dir='ltr'>Θεὸς</span> <span class='ocrx_word' id='word_1_330' title='bbox 509 2844 602 2896; x_wconf 73' lang='grc' dir='ltr'>καὶ</span> <span class='ocrx_word' id='word_1_331' title='bbox 659 2844 885 2915; x_wconf 77' lang='grc' dir='ltr'>Πατὴρ,</span> <span class='ocrx_word' id='word_1_332' title='bbox 943 2843 1079 2896; x_wconf 83' lang='grc' dir='ltr'>ὥστε</span> <span class='ocrx_word' id='word_1_333' title='bbox 1140 2843 1207 2895; x_wconf 84' lang='grc' dir='ltr'>δι’</span> <span class='ocrx_word' id='word_1_334' title='bbox 1257 2842 1428 2912; x_wconf 79' lang='grc' dir='ltr'>αὐτῆς</span> <span class='ocrx_word' id='word_1_335' title='bbox 1484 2843 1802 2910; x_wconf 81' lang='grc' dir='ltr'>ἀναγγεῖλαι</span> 
     </span>
    </p>
   </div>
   <div class='ocr_carea' id='block_1_46' title="bbox 236 2933 1802 3007">
    <p class='ocr_par' dir='ltr' id='par_1_46' title="bbox 236 2933 1802 3007">
     <span class='ocr_line' id='line_1_46' title="bbox 236 2933 1802 3007; baseline -0.001 -19"><span class='ocrx_word' id='word_1_336' title='bbox 236 2937 329 2988; x_wconf 77' lang='grc' dir='ltr'>τὸν</span> <span class='ocrx_word' id='word_1_337' title='bbox 371 2936 600 3007; x_wconf 85' lang='grc' dir='ltr'>Χριστὸν</span> <span class='ocrx_word' id='word_1_338' title='bbox 647 2938 757 2998; x_wconf 89' lang='grc' dir='ltr'>τοῖς</span> <span class='ocrx_word' id='word_1_339' title='bbox 806 2933 1137 3005; x_wconf 81' lang='grc' dir='ltr'>ἀνθρώποις·</span> <span class='ocrx_word' id='word_1_340' title='bbox 1186 2934 1256 2986; x_wconf 86' lang='grc' dir='ltr'><strong>τὰ</strong></span> <span class='ocrx_word' id='word_1_341' title='bbox 1300 2934 1355 2986; x_wconf 83' lang='grc' dir='ltr'>δὲ</span> <span class='ocrx_word' id='word_1_342' title='bbox 1408 2933 1690 3003; x_wconf 86' lang='grc' dir='ltr'>πνεύματα</span> <span class='ocrx_word' id='word_1_343' title='bbox 1735 2934 1802 2986; x_wconf 75' lang='grc' dir='ltr'>τὰ</span> 
     </span>
    </p>
   </div>
   <div class='ocr_carea' id='block_1_47' title="bbox 237 3021 1803 3098">
    <p class='ocr_par' dir='ltr' id='par_1_47' title="bbox 237 3021 1803 3098">
     <span class='ocr_line' id='line_1_47' title="bbox 237 3021 1803 3098; baseline -0.003 -18"><span class='ocrx_word' id='word_1_344' title='bbox 237 3027 557 3098; x_wconf 78' lang='grc' dir='ltr'>κινούμενα,</span> <span class='ocrx_word' id='word_1_345' title='bbox 588 3028 682 3080; x_wconf 74' lang='grc' dir='ltr'>καὶ</span> <span class='ocrx_word' id='word_1_346' title='bbox 724 3027 818 3098; x_wconf 80' lang='grc' dir='ltr'><strong>τὴν</strong></span> <span class='ocrx_word' id='word_1_347' title='bbox 863 3027 1134 3082; x_wconf 85' lang='grc' dir='ltr'>θάλασσαν</span> <span class='ocrx_word' id='word_1_348' title='bbox 1180 3025 1638 3097; x_wconf 89' lang='grc' dir='ltr'>συνταράσσοντα,</span> <span class='ocrx_word' id='word_1_349' title='bbox 1689 3021 1803 3077; x_wconf 78' lang='grc' dir='ltr'>εἶτα</span> 
     </span>
    </p>
   </div>
   <div class='ocr_carea' id='block_1_48' title="bbox 241 3116 1804 3189">
    <p class='ocr_par' dir='ltr' id='par_1_48' title="bbox 241 3116 1804 3189">
     <span class='ocr_line' id='line_1_48' title="bbox 241 3116 1804 3189; baseline -0.003 -16"><span class='ocrx_word' id='word_1_350' title='bbox 241 3120 552 3173; x_wconf 87' lang='grc' dir='ltr'>κοπάσαντα</span> <span class='ocrx_word' id='word_1_351' title='bbox 594 3120 673 3189; x_wconf 84' lang='grc' dir='ltr'><strong>τῷ</strong></span> <span class='ocrx_word' id='word_1_352' title='bbox 714 3120 1089 3189; x_wconf 81' lang='grc' dir='ltr'>προστάγματι</span> <span class='ocrx_word' id='word_1_353' title='bbox 1112 3116 1203 3169; x_wconf 89' lang='grc' dir='ltr'><strong>τοῦ</strong></span> <span class='ocrx_word' id='word_1_354' title='bbox 1235 3118 1460 3188; x_wconf 78' lang='grc' dir='ltr'>Κυρίου,</span> <span class='ocrx_word' id='word_1_355' title='bbox 1495 3116 1681 3184; x_wconf 80' lang='grc' dir='ltr'>σαφῶς</span> <span class='ocrx_word' id='word_1_356' title='bbox 1713 3118 1804 3169; x_wconf 76' lang='grc' dir='ltr'>καὶ</span> 
     </span>
    </p>
   </div>
   <div class='ocr_carea' id='block_1_49' title="bbox 240 3205 1798 3286">
    <p class='ocr_par' dir='ltr' id='par_1_49' title="bbox 240 3205 1798 3286">
     <span class='ocr_line' id='line_1_49' title="bbox 240 3205 1798 3286; baseline -0.003 -23"><span class='ocrx_word' id='word_1_357' title='bbox 240 3210 381 3263; x_wconf 78' lang='grc' dir='ltr'>αὐτὰ</span> <span class='ocrx_word' id='word_1_358' title='bbox 425 3208 708 3276; x_wconf 85' lang='grc' dir='ltr'>ἀνήγγειλε</span> <span class='ocrx_word' id='word_1_359' title='bbox 745 3209 854 3268; x_wconf 86' lang='grc' dir='ltr'>τοῖς</span> <span class='ocrx_word' id='word_1_360' title='bbox 903 3205 1212 3286; x_wconf 72' lang='grc' dir='ltr'>ἀνθρώποις</span> <span class='ocrx_word' id='word_1_361' title='bbox 1245 3206 1334 3258; x_wconf 86' lang='grc' dir='ltr'>τὸν</span> <span class='ocrx_word' id='word_1_362' title='bbox 1369 3205 1599 3277; x_wconf 78' lang='grc' dir='ltr'>Χριστὸν</span> <span class='ocrx_word' id='word_1_363' title='bbox 1616 3207 1798 3260; x_wconf 72' lang='grc' dir='ltr'>αὑτοῦ.</span> 
     </span>
    </p>
   </div>
   <div class='ocr_carea' id='block_1_50' title="bbox 240 3269 1872 3367">
    <p class='ocr_par' dir='ltr' id='par_1_50' title="bbox 240 3269 1872 3367">
     <span class='ocr_line' id='line_1_50' title="bbox 240 3269 1872 3367; baseline -0.002 -13"><span class='ocrx_word' id='word_1_364' title='bbox 240 3301 317 3354; x_wconf 84' lang='grc' dir='ltr'>Τὸ</span> <span class='ocrx_word' id='word_1_365' title='bbox 340 3300 414 3363; x_wconf 80' lang='grc' dir='ltr'>δὲ,</span> <span class='ocrx_word' id='word_1_366' title='bbox 449 3269 648 3350; x_wconf 46' lang='lat' dir='ltr'><strong>aut...</strong></span> <span class='ocrx_word' id='word_1_367' title='bbox 674 3296 746 3348; x_wconf 78' lang='grc' dir='ltr'><strong>δι’</strong></span> <span class='ocrx_word' id='word_1_368' title='bbox 776 3270 959 3350; x_wconf 71' lang='grc' dir='ltr'>αι)τοῦ</span> <span class='ocrx_word' id='word_1_369' title='bbox 976 3269 1230 3366; x_wconf 66' lang='grc' dir='ltr'>ἐγένετο,</span> <span class='ocrx_word' id='word_1_370' title='bbox 1260 3269 1507 3367; x_wconf 74' lang='grc' dir='ltr'>οὐδαμῶς</span> <span class='ocrx_word' id='word_1_371' title='bbox 1531 3299 1662 3367; x_wconf 80' lang='grc' dir='ltr'>ἡμῖν</span> <span class='ocrx_word' id='word_1_372' title='bbox 1695 3316 1806 3351; x_wconf 87' lang='grc' dir='ltr'>κτι-</span> <span class='ocrx_word' id='word_1_373' title='bbox 1834 3269 1872 3325; x_wconf 71' lang='lat'><strong>‘3</strong></span> 
     </span>
    </p>
   </div>
   <div class='ocr_carea' id='block_1_51' title="bbox 242 3387 1804 3460">
    <p class='ocr_par' dir='ltr' id='par_1_51' title="bbox 242 3387 1804 3460">
     <span class='ocr_line' id='line_1_51' title="bbox 242 3387 1804 3460; baseline -0.002 -15"><span class='ocrx_word' id='word_1_374' title='bbox 242 3393 366 3446; x_wconf 81' lang='grc' dir='ltr'>στὸν</span> <span class='ocrx_word' id='word_1_375' title='bbox 388 3387 522 3443; x_wconf 78' lang='grc' dir='ltr'>εἶναι</span> <span class='ocrx_word' id='word_1_376' title='bbox 567 3390 628 3442; x_wconf 85' lang='grc' dir='ltr'>τὸ</span> <span class='ocrx_word' id='word_1_377' title='bbox 662 3389 884 3460; x_wconf 79' lang='grc' dir='ltr'>Πνεῦμα</span> <span class='ocrx_word' id='word_1_378' title='bbox 911 3391 970 3442; x_wconf 80' lang='grc' dir='ltr'>τὸ</span> <span class='ocrx_word' id='word_1_379' title='bbox 1011 3390 1161 3458; x_wconf 81' lang='grc' dir='ltr'>ἆγιον</span> <span class='ocrx_word' id='word_1_380' title='bbox 1195 3391 1539 3459; x_wconf 86' lang='grc' dir='ltr'>παρίστησιν,</span> <span class='ocrx_word' id='word_1_381' title='bbox 1575 3391 1648 3453; x_wconf 86' lang='grc' dir='ltr'>ὼς</span> <span class='ocrx_word' id='word_1_382' title='bbox 1680 3407 1804 3442; x_wconf 89' lang='grc' dir='ltr'>συν-</span> 
     </span>
    </p>
   </div>
   <div class='ocr_carea' id='block_1_52' title="bbox 242 3478 1805 3551">
    <p class='ocr_par' dir='ltr' id='par_1_52' title="bbox 242 3478 1805 3551">
     <span class='ocr_line' id='line_1_52' title="bbox 242 3478 1805 3551; baseline -0.004 -15"><span class='ocrx_word' id='word_1_383' title='bbox 242 3479 637 3551; x_wconf 85' lang='grc' dir='ltr'>αριθμουμένου</span> <span class='ocrx_word' id='word_1_384' title='bbox 671 3485 780 3544; x_wconf 86' lang='grc' dir='ltr'>τοῖς</span> <span class='ocrx_word' id='word_1_385' title='bbox 807 3483 940 3534; x_wconf 81' lang='grc' dir='ltr'>πᾶσι</span> <span class='ocrx_word' id='word_1_386' title='bbox 982 3479 1074 3533; x_wconf 90' lang='grc' dir='ltr'><strong>τοῦ</strong></span> <span class='ocrx_word' id='word_1_387' title='bbox 1132 3478 1466 3548; x_wconf 76' lang='grc' dir='ltr'>Πνεῦματος.</span> <span class='ocrx_word' id='word_1_388' title='bbox 1505 3480 1566 3530; x_wconf 78' lang='lat' dir='ltr'><strong>Et</strong></span> <span class='ocrx_word' id='word_1_389' title='bbox 1611 3479 1718 3549; x_wconf 81' lang='grc' dir='ltr'><strong>γὰρ</strong></span> <span class='ocrx_word' id='word_1_390' title='bbox 1749 3478 1805 3530; x_wconf 81' lang='grc' dir='ltr'>ἓν</span> 
     </span>
    </p>
   </div>
   <div class='ocr_carea' id='block_1_53' title="bbox 242 3569 1806 3644">
    <p class='ocr_par' dir='ltr' id='par_1_53' title="bbox 242 3569 1806 3644">
     <span class='ocr_line' id='line_1_53' title="bbox 242 3569 1806 3644; baseline -0.001 -18"><span class='ocrx_word' id='word_1_391' title='bbox 242 3571 464 3644; x_wconf 87' lang='grc' dir='ltr'>Πνεῦμα</span> <span class='ocrx_word' id='word_1_392' title='bbox 503 3574 654 3642; x_wconf 73' lang='grc' dir='ltr'>ἅγιον</span> <span class='ocrx_word' id='word_1_393' title='bbox 687 3574 780 3626; x_wconf 81' lang='grc' dir='ltr'>καὶ</span> <span class='ocrx_word' id='word_1_394' title='bbox 811 3574 987 3642; x_wconf 90' lang='grc' dir='ltr'>μόνον,</span> <span class='ocrx_word' id='word_1_395' title='bbox 1029 3573 1144 3634; x_wconf 85' lang='grc' dir='ltr'><strong>πῶς</strong></span> <span class='ocrx_word' id='word_1_396' title='bbox 1184 3571 1211 3623; x_wconf 87' lang='grc' dir='ltr'><strong>ὃ</strong></span> <span class='ocrx_word' id='word_1_397' title='bbox 1240 3572 1336 3642; x_wconf 84' lang='grc' dir='ltr'><strong>τῆς</strong></span> <span class='ocrx_word' id='word_1_398' title='bbox 1371 3569 1662 3641; x_wconf 82' lang='grc' dir='ltr'>μοναδικῆς</span> <span class='ocrx_word' id='word_1_399' title='bbox 1692 3573 1806 3624; x_wconf 75' lang='grc' dir='ltr'>ἐστι</span> 
     </span>
    </p>
   </div>
   <div class='ocr_carea' id='block_1_54' title="bbox 244 3663 1806 3734">
    <p class='ocr_par' dir='ltr' id='par_1_54' title="bbox 244 3663 1806 3734">
     <span class='ocr_line' id='line_1_54' title="bbox 244 3663 1806 3734; baseline 0 -18"><span class='ocrx_word' id='word_1_400' title='bbox 244 3663 479 3733; x_wconf 73' lang='grc' dir='ltr'>φύσεως,</span> <span class='ocrx_word' id='word_1_401' title='bbox 537 3668 648 3727; x_wconf 87' lang='grc' dir='ltr'>τοῖς</span> <span class='ocrx_word' id='word_1_402' title='bbox 699 3665 830 3716; x_wconf 84' lang='grc' dir='ltr'>πᾶσι</span> <span class='ocrx_word' id='word_1_403' title='bbox 878 3663 1509 3734; x_wconf 79' lang='grc' dir='ltr'>συμπαραλαμϐάνεσθαι</span> <span class='ocrx_word' id='word_1_404' title='bbox 1553 3663 1806 3729; x_wconf 75' lang='grc' dir='ltr'>δύναταις</span> 
     </span>
    </p>
   </div>
   <div class='ocr_carea' id='block_1_55' title="bbox 242 3754 1809 3827">
    <p class='ocr_par' dir='ltr' id='par_1_55' title="bbox 242 3754 1809 3827">
     <span class='ocr_line' id='line_1_55' title="bbox 242 3754 1809 3827; baseline 0.001 -19"><span class='ocrx_word' id='word_1_405' title='bbox 242 3758 353 3809; x_wconf 72' lang='grc' dir='ltr'><strong>Καὶ</strong></span> <span class='ocrx_word' id='word_1_406' title='bbox 390 3757 575 3827; x_wconf 76' lang='grc' dir='ltr'>μηδεὶς</span> <span class='ocrx_word' id='word_1_407' title='bbox 616 3755 805 3808; x_wconf 82' lang='grc' dir='ltr'>οἰέσθω</span> <span class='ocrx_word' id='word_1_408' title='bbox 856 3755 1105 3827; x_wconf 83' lang='grc' dir='ltr'>ἀθέτησιν</span> <span class='ocrx_word' id='word_1_409' title='bbox 1145 3754 1281 3807; x_wconf 80' lang='grc' dir='ltr'>εἶναι</span> <span class='ocrx_word' id='word_1_410' title='bbox 1321 3757 1419 3824; x_wconf 83' lang='grc' dir='ltr'>τῆς</span> <span class='ocrx_word' id='word_1_411' title='bbox 1463 3756 1809 3820; x_wconf 85' lang='grc' dir='ltr'>ὑποστάσεως</span> 
     </span>
    </p>
   </div>
   <div class='ocr_carea' id='block_1_56' title="bbox 240 3843 1808 3919">
    <p class='ocr_par' dir='ltr' id='par_1_56' title="bbox 240 3843 1808 3919">
     <span class='ocr_line' id='line_1_56' title="bbox 240 3843 1808 3919; baseline 0.001 -21"><span class='ocrx_word' id='word_1_412' title='bbox 240 3847 340 3916; x_wconf 77' lang='grc' dir='ltr'>τὴν</span> <span class='ocrx_word' id='word_1_413' title='bbox 374 3847 594 3917; x_wconf 82' lang='grc' dir='ltr'>ἄρνησιν</span> <span class='ocrx_word' id='word_1_414' title='bbox 620 3846 711 3900; x_wconf 83' lang='grc' dir='ltr'><strong>τοῦ</strong></span> <span class='ocrx_word' id='word_1_415' title='bbox 747 3847 945 3919; x_wconf 86' lang='grc' dir='ltr'>κτίσμα</span> <span class='ocrx_word' id='word_1_416' title='bbox 971 3843 1105 3900; x_wconf 73' lang='grc' dir='ltr'>εἶναι</span> <span class='ocrx_word' id='word_1_417' title='bbox 1152 3846 1211 3899; x_wconf 83' lang='grc' dir='ltr'>τὸ</span> <span class='ocrx_word' id='word_1_418' title='bbox 1258 3846 1502 3917; x_wconf 82' lang='grc' dir='ltr'>Πνεῦμα.</span> <span class='ocrx_word' id='word_1_419' title='bbox 1539 3847 1808 3912; x_wconf 81' lang='grc' dir='ltr'>Εὐσεϐοῦς</span> 
     </span>
    </p>
   </div>
   <div class='ocr_carea' id='block_1_57' title="bbox 243 3939 1811 4011">
    <p class='ocr_par' dir='ltr' id='par_1_57' title="bbox 243 3939 1811 4011">
     <span class='ocr_line' id='line_1_57' title="bbox 243 3939 1811 4011; baseline 0.001 -20"><span class='ocrx_word' id='word_1_420' title='bbox 243 3939 353 4010; x_wconf 80' lang='grc' dir='ltr'><strong>γάρ</strong></span> <span class='ocrx_word' id='word_1_421' title='bbox 393 3939 508 3993; x_wconf 82' lang='grc' dir='ltr'>ἐστι</span> <span class='ocrx_word' id='word_1_422' title='bbox 531 3939 760 4005; x_wconf 86' lang='grc' dir='ltr'>διανοίας</span> <span class='ocrx_word' id='word_1_423' title='bbox 805 3941 873 3994; x_wconf 77' lang='grc' dir='ltr'>τὰ</span> <span class='ocrx_word' id='word_1_424' title='bbox 916 3939 1367 4011; x_wconf 84' lang='grc' dir='ltr'>ἀποσιωπηθέντα</span> <span class='ocrx_word' id='word_1_425' title='bbox 1395 3941 1452 3992; x_wconf 83' lang='grc' dir='ltr'>ὲν</span> <span class='ocrx_word' id='word_1_426' title='bbox 1480 3942 1598 3999; x_wconf 85' lang='grc' dir='ltr'>ταῖς</span> <span class='ocrx_word' id='word_1_427' title='bbox 1627 3939 1811 4008; x_wconf 83' lang='grc' dir='ltr'>ἁγίαις</span> 
     </span>
    </p>
   </div>
   <div class='ocr_carea' id='block_1_58' title="bbox 242 4030 1805 4102">
    <p class='ocr_par' dir='ltr' id='par_1_58' title="bbox 242 4030 1805 4102">
     <span class='ocr_line' id='line_1_58' title="bbox 242 4030 1805 4102; baseline -0.002 -17"><span class='ocrx_word' id='word_1_428' title='bbox 242 4032 486 4102; x_wconf 75' lang='grc' dir='ltr'>1“ραφαῖς</span> <span class='ocrx_word' id='word_1_429' title='bbox 511 4031 850 4084; x_wconf 81' lang='grc' dir='ltr'>εὐλαϐεῖσθαι</span> <span class='ocrx_word' id='word_1_430' title='bbox 873 4032 1220 4101; x_wconf 78' lang='grc' dir='ltr'>ἐπιφημίζειν</span> <span class='ocrx_word' id='word_1_431' title='bbox 1245 4030 1321 4102; x_wconf 83' lang='grc' dir='ltr'>τῷ</span> <span class='ocrx_word' id='word_1_432' title='bbox 1349 4031 1486 4101; x_wconf 82' lang='grc' dir='ltr'>ἁγίῳ</span> <span class='ocrx_word' id='word_1_433' title='bbox 1513 4032 1805 4100; x_wconf 79' lang='grc' dir='ltr'>Πνεῦματι,</span> 
     </span>
    </p>
   </div>
   <div class='ocr_carea' id='block_1_59' title="bbox 242 4120 1810 4193">
    <p class='ocr_par' dir='ltr' id='par_1_59' title="bbox 242 4120 1810 4193">
     <span class='ocr_line' id='line_1_59' title="bbox 242 4120 1810 4193; baseline -0.001 -18"><span class='ocrx_word' id='word_1_434' title='bbox 242 4120 534 4175; x_wconf 84' lang='grc' dir='ltr'>πεπεῖσθαι</span> <span class='ocrx_word' id='word_1_435' title='bbox 592 4121 647 4174; x_wconf 84' lang='grc' dir='ltr'>δὲ</span> <span class='ocrx_word' id='word_1_436' title='bbox 675 4123 772 4192; x_wconf 78' lang='grc' dir='ltr'>τὴν</span> <span class='ocrx_word' id='word_1_437' title='bbox 801 4121 1090 4192; x_wconf 80' lang='grc' dir='ltr'>ἐμπειρίαν</span> <span class='ocrx_word' id='word_1_438' title='bbox 1138 4122 1302 4175; x_wconf 82' lang='grc' dir='ltr'>αὑτοῦ</span> <span class='ocrx_word' id='word_1_439' title='bbox 1341 4122 1432 4175; x_wconf 82' lang='grc' dir='ltr'>καὶ</span> <span class='ocrx_word' id='word_1_440' title='bbox 1478 4123 1677 4193; x_wconf 81' lang='grc' dir='ltr'>ἀκριϐῆ</span> <span class='ocrx_word' id='word_1_441' title='bbox 1711 4138 1810 4174; x_wconf 86' lang='grc' dir='ltr'>κα-</span> 
     </span>
    </p>
   </div>
   <div class='ocr_carea' id='block_1_60' title="bbox 241 4216 1809 4292">
    <p class='ocr_par' dir='ltr' id='par_1_60' title="bbox 241 4216 1809 4292">
     <span class='ocr_line' id='line_1_60' title="bbox 241 4216 1809 4292; baseline -0.003 -17"><span class='ocrx_word' id='word_1_442' title='bbox 241 4222 475 4292; x_wconf 70' lang='grc' dir='ltr'>τάληψιν</span> <span class='ocrx_word' id='word_1_443' title='bbox 529 4223 625 4284; x_wconf 79' lang='grc' dir='ltr'>εἰς,</span> <span class='ocrx_word' id='word_1_444' title='bbox 661 4220 751 4273; x_wconf 81' lang='grc' dir='ltr'><strong>τὸν</strong></span> <span class='ocrx_word' id='word_1_445' title='bbox 797 4219 1018 4290; x_wconf 78' lang='grc' dir='ltr'>ὕστερον</span> <span class='ocrx_word' id='word_1_446' title='bbox 1072 4221 1203 4290; x_wconf 77' lang='grc' dir='ltr'>ἡμῖν</span> <span class='ocrx_word' id='word_1_447' title='bbox 1257 4216 1576 4270; x_wconf 81' lang='grc' dir='ltr'>ἀποκεῖσθαι</span> <span class='ocrx_word' id='word_1_448' title='bbox 1618 4216 1809 4282; x_wconf 75' lang='grc' dir='ltr'>αἰῶνα,</span> 
     </span>
    </p>
   </div>
   <div class='ocr_carea' id='block_1_61' title="bbox 243 4309 1813 4382">
    <p class='ocr_par' dir='ltr' id='par_1_61' title="bbox 243 4309 1813 4382">
     <span class='ocr_line' id='line_1_61' title="bbox 243 4309 1813 4382; baseline -0.005 -14"><span class='ocrx_word' id='word_1_449' title='bbox 243 4318 396 4376; x_wconf 85' lang='grc' dir='ltr'>ὅταν,</span> <span class='ocrx_word' id='word_1_450' title='bbox 423 4314 703 4376; x_wconf 88' lang='grc' dir='ltr'>διαϐάντες</span> <span class='ocrx_word' id='word_1_451' title='bbox 726 4313 785 4366; x_wconf 81' lang='grc' dir='ltr'>τὸ</span> <span class='ocrx_word' id='word_1_452' title='bbox 817 4313 882 4365; x_wconf 86' lang='grc' dir='ltr'><strong>δι’</strong></span> <span class='ocrx_word' id='word_1_453' title='bbox 915 4313 1177 4382; x_wconf 76' lang='grc' dir='ltr'>ἐσόπτρου</span> <span class='ocrx_word' id='word_1_454' title='bbox 1204 4310 1298 4363; x_wconf 73' lang='grc' dir='ltr'>καὶ</span> <span class='ocrx_word' id='word_1_455' title='bbox 1330 4310 1651 4380; x_wconf 71' lang='grc' dir='ltr'>αἰνίγματος</span> <span class='ocrx_word' id='word_1_456' title='bbox 1679 4309 1813 4380; x_wconf 78' lang='grc' dir='ltr'>ὁρᾷν</span> 
     </span>
    </p>
   </div>
   <div class='ocr_carea' id='block_1_62' title="bbox 1907 2015 3460 2088">
    <p class='ocr_par' dir='ltr' id='par_1_62' title="bbox 1907 2015 3460 2088">
     <span class='ocr_line' id='line_1_62' title="bbox 1907 2015 3460 2088; baseline 0.006 -20"><span class='ocrx_word' id='word_1_457' title='bbox 1907 2017 2061 2068; x_wconf 86' lang='lat' dir='ltr'><strong>ritum</strong></span> <span class='ocrx_word' id='word_1_458' title='bbox 2085 2015 2150 2081; x_wconf 70' lang='lat'><strong>“,</strong></span> <span class='ocrx_word' id='word_1_459' title='bbox 2178 2017 2251 2069; x_wconf 80' lang='lat' dir='ltr'><strong>ait</strong></span> <span class='ocrx_word' id='word_1_460' title='bbox 2290 2032 2303 2070; x_wconf 90' lang='lat'><strong>:</strong></span> <span class='ocrx_word' id='word_1_461' title='bbox 2335 2017 2402 2071; x_wconf 87' lang='lat' dir='ltr'><strong>Et</strong></span> <span class='ocrx_word' id='word_1_462' title='bbox 2437 2020 2524 2088; x_wconf 84' lang='lat' dir='ltr'><strong>qui</strong></span> <span class='ocrx_word' id='word_1_463' title='bbox 2558 2023 2836 2074; x_wconf 82' lang='lat' dir='ltr'><strong>annuntiat</strong></span> <span class='ocrx_word' id='word_1_464' title='bbox 2864 2023 3156 2078; x_wconf 79' lang='lat' dir='ltr'><strong>hominibus</strong></span> <span class='ocrx_word' id='word_1_465' title='bbox 3198 2024 3460 2078; x_wconf 75' lang='lat' dir='ltr'><strong>Christum</strong></span> 
     </span>
    </p>
   </div>
   <div class='ocr_carea' id='block_1_63' title="bbox 1907 2107 3464 2184">
    <p class='ocr_par' dir='ltr' id='par_1_63' title="bbox 1907 2107 3464 2184">
     <span class='ocr_line' id='line_1_63' title="bbox 1907 2107 3464 2184; baseline 0.007 -23"><span class='ocrx_word' id='word_1_466' title='bbox 1907 2124 2056 2161; x_wconf 72' lang='lat' dir='ltr'><strong>suum</strong></span> <span class='ocrx_word' id='word_1_467' title='bbox 2082 2108 2145 2162; x_wconf 77' lang='lat'><strong>“.</strong></span> <span class='ocrx_word' id='word_1_468' title='bbox 2169 2107 2319 2163; x_wconf 92' lang='lat' dir='ltr'><strong>Sicut</strong></span> <span class='ocrx_word' id='word_1_469' title='bbox 2340 2111 2481 2163; x_wconf 88' lang='lat' dir='ltr'><strong>enim</strong></span> <span class='ocrx_word' id='word_1_470' title='bbox 2504 2112 2620 2166; x_wconf 69' lang='lat' dir='ltr'><strong>caeli</strong></span> <span class='ocrx_word' id='word_1_471' title='bbox 2649 2125 2902 2167; x_wconf 87' lang='lat' dir='ltr'><strong>enarrant</strong></span> <span class='ocrx_word' id='word_1_472' title='bbox 2923 2115 3148 2184; x_wconf 81' lang='lat' dir='ltr'><strong>gloriam</strong></span> <span class='ocrx_word' id='word_1_473' title='bbox 3180 2116 3271 2170; x_wconf 91' lang='lat' dir='ltr'><strong>Dei</strong></span> <span class='ocrx_word' id='word_1_474' title='bbox 3331 2118 3396 2171; x_wconf 87' lang='lat' dir='ltr'><strong>iis</strong></span> <span class='ocrx_word' id='word_1_475' title='bbox 3419 2117 3464 2149; x_wconf 79' lang='lat'><strong>“</strong></span> 
     </span>
    </p>
   </div>
   <div class='ocr_carea' id='block_1_64' title="bbox 1906 2197 3461 2268">
    <p class='ocr_par' dir='ltr' id='par_1_64' title="bbox 1906 2197 3461 2268">
     <span class='ocr_line' id='line_1_64' title="bbox 1906 2197 3461 2268; baseline 0.008 -20"><span class='ocrx_word' id='word_1_476' title='bbox 1906 2197 1994 2264; x_wconf 87' lang='lat' dir='ltr'><strong>qui</strong></span> <span class='ocrx_word' id='word_1_477' title='bbox 2025 2212 2088 2251; x_wconf 87' lang='lat' dir='ltr'><strong>ex</strong></span> <span class='ocrx_word' id='word_1_478' title='bbox 2115 2198 2244 2267; x_wconf 90' lang='lat' dir='ltr'><strong>ipsis</strong></span> <span class='ocrx_word' id='word_1_479' title='bbox 2271 2210 2491 2268; x_wconf 91' lang='lat' dir='ltr'><strong>possunt</strong></span> <span class='ocrx_word' id='word_1_480' title='bbox 2523 2202 2816 2257; x_wconf 88' lang='lat' dir='ltr'><strong>conditoris</strong></span> <span class='ocrx_word' id='word_1_481' title='bbox 2839 2213 3009 2258; x_wconf 87' lang='lat' dir='ltr'><strong>artem</strong></span> <span class='ocrx_word' id='word_1_482' title='bbox 3037 2207 3304 2261; x_wconf 66' lang='lat' dir='ltr'><strong>aastimare</strong></span> <span class='ocrx_word' id='word_1_483' title='bbox 3332 2227 3344 2261; x_wconf 91' lang='lat'>:</span> <span class='ocrx_word' id='word_1_484' title='bbox 3381 2209 3461 2262; x_wconf 89' lang='lat' dir='ltr'><strong>sic</strong></span> 
     </span>
    </p>
   </div>
   <div class='ocr_carea' id='block_1_65' title="bbox 1907 2286 3462 2360">
    <p class='ocr_par' dir='ltr' id='par_1_65' title="bbox 1907 2286 3462 2360">
     <span class='ocr_line' id='line_1_65' title="bbox 1907 2286 3462 2360; baseline 0.008 -22"><span class='ocrx_word' id='word_1_485' title='bbox 1907 2286 2065 2338; x_wconf 88' lang='lat' dir='ltr'><strong>etiam</strong></span> <span class='ocrx_word' id='word_1_486' title='bbox 2096 2288 2310 2340; x_wconf 90' lang='lat' dir='ltr'><strong>tonitrui</strong></span> <span class='ocrx_word' id='word_1_487' title='bbox 2337 2288 2517 2356; x_wconf 77' lang='lat' dir='ltr'><strong>fragor</strong></span> <span class='ocrx_word' id='word_1_488' title='bbox 2541 2305 2602 2343; x_wconf 91' lang='lat' dir='ltr'><strong>ac</strong></span> <span class='ocrx_word' id='word_1_489' title='bbox 2629 2293 2912 2360; x_wconf 89' lang='lat' dir='ltr'><strong>spirituum</strong></span> <span class='ocrx_word' id='word_1_490' title='bbox 2936 2305 3110 2350; x_wconf 88' lang='lat' dir='ltr'><strong>motas</strong></span> <span class='ocrx_word' id='word_1_491' title='bbox 3133 2298 3462 2352; x_wconf 76' lang='lat' dir='ltr'><strong>coxtditorem</strong></span> 
     </span>
    </p>
   </div>
   <div class='ocr_carea' id='block_1_66' title="bbox 1907 2379 3462 2457">
    <p class='ocr_par' dir='ltr' id='par_1_66' title="bbox 1907 2379 3462 2457">
     <span class='ocr_line' id='line_1_66' title="bbox 1907 2379 3462 2457; baseline 0.011 -31"><span class='ocrx_word' id='word_1_492' title='bbox 1907 2391 2062 2428; x_wconf 87' lang='lat' dir='ltr'><strong>suum</strong></span> <span class='ocrx_word' id='word_1_493' title='bbox 2083 2380 2394 2445; x_wconf 64' lang='lat' dir='ltr'><strong>praedicant.</strong></span> <span class='ocrx_word' id='word_1_494' title='bbox 2417 2379 2668 2435; x_wconf 87' lang='lat' dir='ltr'><strong>Fortasse</strong></span> <span class='ocrx_word' id='word_1_495' title='bbox 2682 2393 2856 2437; x_wconf 89' lang='lat' dir='ltr'><strong>autem</strong></span> <span class='ocrx_word' id='word_1_496' title='bbox 2878 2387 2975 2438; x_wconf 87' lang='lat' dir='ltr'><strong>hoc</strong></span> <span class='ocrx_word' id='word_1_497' title='bbox 2990 2387 3158 2454; x_wconf 90' lang='lat' dir='ltr'><strong>ipsum</strong></span> <span class='ocrx_word' id='word_1_498' title='bbox 3183 2389 3462 2457; x_wconf 91' lang='lat' dir='ltr'><strong>prophetia</strong></span> 
     </span>
    </p>
   </div>
   <div class='ocr_carea' id='block_1_67' title="bbox 1906 2470 3465 2549">
    <p class='ocr_par' dir='ltr' id='par_1_67' title="bbox 1906 2470 3465 2549">
     <span class='ocr_line' id='line_1_67' title="bbox 1906 2470 3465 2549; baseline 0.008 -28"><span class='ocrx_word' id='word_1_499' title='bbox 1906 2477 2010 2533; x_wconf 88' lang='lat' dir='ltr'><strong>est,</strong></span> <span class='ocrx_word' id='word_1_500' title='bbox 2034 2484 2149 2538; x_wconf 75' lang='lat' dir='ltr'><strong>qua:</strong></span> <span class='ocrx_word' id='word_1_501' title='bbox 2180 2470 2243 2524; x_wconf 89' lang='lat' dir='ltr'><strong>ad</strong></span> <span class='ocrx_word' id='word_1_502' title='bbox 2258 2470 2467 2525; x_wconf 90' lang='lat' dir='ltr'><strong>Domini</strong></span> <span class='ocrx_word' id='word_1_503' title='bbox 2492 2473 2909 2530; x_wconf 83' lang='lat' dir='ltr'><strong>incarnationem</strong></span> <span class='ocrx_word' id='word_1_504' title='bbox 2935 2485 3138 2546; x_wconf 86' lang='lat' dir='ltr'><strong>spectat</strong></span> <span class='ocrx_word' id='word_1_505' title='bbox 3162 2496 3178 2545; x_wconf 85' lang='lat'><strong>;</strong></span> <span class='ocrx_word' id='word_1_506' title='bbox 3198 2479 3465 2549; x_wconf 85' lang='lat' dir='ltr'><strong>siquidem</strong></span> 
     </span>
    </p>
   </div>
   <div class='ocr_carea' id='block_1_68' title="bbox 1909 2562 3456 2631">
    <p class='ocr_par' dir='ltr' id='par_1_68' title="bbox 1909 2562 3456 2631">
     <span class='ocr_line' id='line_1_68' title="bbox 1909 2562 3456 2631; baseline 0.007 -18"><span class='ocrx_word' id='word_1_507' title='bbox 1909 2573 2008 2614; x_wconf 82' lang='lat' dir='ltr'><strong>vox</strong></span> <span class='ocrx_word' id='word_1_508' title='bbox 2055 2577 2173 2631; x_wconf 77' lang='lat' dir='ltr'><strong>qua:</strong></span> <span class='ocrx_word' id='word_1_509' title='bbox 2205 2562 2269 2616; x_wconf 90' lang='lat' dir='ltr'><strong>de</strong></span> <span class='ocrx_word' id='word_1_510' title='bbox 2310 2563 2446 2618; x_wconf 84' lang='lat' dir='ltr'><strong>coelo</strong></span> <span class='ocrx_word' id='word_1_511' title='bbox 2487 2563 2626 2620; x_wconf 81' lang='lat' dir='ltr'><strong>facta</strong></span> <span class='ocrx_word' id='word_1_512' title='bbox 2670 2575 2784 2628; x_wconf 89' lang='lat' dir='ltr'><strong>est,</strong></span> <span class='ocrx_word' id='word_1_513' title='bbox 2818 2569 3110 2621; x_wconf 91' lang='lat' dir='ltr'><strong>tonitruum</strong></span> <span class='ocrx_word' id='word_1_514' title='bbox 3145 2583 3263 2623; x_wconf 83' lang='lat' dir='ltr'><strong>esse</strong></span> <span class='ocrx_word' id='word_1_515' title='bbox 3305 2570 3456 2624; x_wconf 86' lang='lat' dir='ltr'><strong>vide-</strong></span> 
     </span>
    </p>
   </div>
   <div class='ocr_carea' id='block_1_69' title="bbox 1915 2655 3463 2728">
    <p class='ocr_par' dir='ltr' id='par_1_69' title="bbox 1915 2655 3463 2728">
     <span class='ocr_line' id='line_1_69' title="bbox 1915 2655 3463 2728; baseline 0.006 -21"><span class='ocrx_word' id='word_1_516' title='bbox 1915 2655 2072 2708; x_wconf 84' lang='lat' dir='ltr'><strong>batur</strong></span> <span class='ocrx_word' id='word_1_517' title='bbox 2105 2656 2502 2710; x_wconf 77' lang='lat' dir='ltr'><strong>audientibus&quot;</strong></span> <span class='ocrx_word' id='word_1_518' title='bbox 2532 2675 2546 2710; x_wconf 91' lang='lat'><strong>:</strong></span> <span class='ocrx_word' id='word_1_519' title='bbox 2573 2674 2730 2728; x_wconf 92' lang='lat' dir='ltr'><strong>quam</strong></span> <span class='ocrx_word' id='word_1_520' title='bbox 2788 2661 2925 2714; x_wconf 83' lang='lat' dir='ltr'><strong>Deus</strong></span> <span class='ocrx_word' id='word_1_521' title='bbox 2963 2671 3016 2715; x_wconf 92' lang='lat' dir='ltr'><strong>et</strong></span> <span class='ocrx_word' id='word_1_522' title='bbox 3065 2660 3224 2715; x_wconf 89' lang='lat' dir='ltr'><strong>Pater</strong></span> <span class='ocrx_word' id='word_1_523' title='bbox 3255 2662 3463 2727; x_wconf 87' lang='lat' dir='ltr'><strong>emisit,</strong></span> 
     </span>
    </p>
   </div>
   <div class='ocr_carea' id='block_1_70' title="bbox 1912 2747 3466 2822">
    <p class='ocr_par' dir='ltr' id='par_1_70' title="bbox 1912 2747 3466 2822">
     <span class='ocr_line' id='line_1_70' title="bbox 1912 2747 3466 2822; baseline 0.009 -27"><span class='ocrx_word' id='word_1_524' title='bbox 1912 2755 1969 2800; x_wconf 91' lang='lat' dir='ltr'><strong>ut</strong></span> <span class='ocrx_word' id='word_1_525' title='bbox 1998 2761 2096 2816; x_wconf 90' lang='lat' dir='ltr'><strong>per</strong></span> <span class='ocrx_word' id='word_1_526' title='bbox 2124 2763 2240 2801; x_wconf 86' lang='lat' dir='ltr'><strong>eam</strong></span> <span class='ocrx_word' id='word_1_527' title='bbox 2274 2747 2545 2803; x_wconf 88' lang='lat' dir='ltr'><strong>Christum</strong></span> <span class='ocrx_word' id='word_1_528' title='bbox 2591 2751 2896 2806; x_wconf 88' lang='lat' dir='ltr'><strong>hominibus</strong></span> <span class='ocrx_word' id='word_1_529' title='bbox 2941 2754 3307 2807; x_wconf 89' lang='lat' dir='ltr'><strong>annuntiaret.</strong></span> <span class='ocrx_word' id='word_1_530' title='bbox 3342 2754 3466 2822; x_wconf 87' lang='lat' dir='ltr'><strong>Spi-</strong></span> 
     </span>
    </p>
   </div>
   <div class='ocr_carea' id='block_1_71' title="bbox 1912 2838 3471 2907">
    <p class='ocr_par' dir='ltr' id='par_1_71' title="bbox 1912 2838 3471 2907">
     <span class='ocr_line' id='line_1_71' title="bbox 1912 2838 3471 2907; baseline 0.006 -18"><span class='ocrx_word' id='word_1_531' title='bbox 1912 2838 2043 2892; x_wconf 88' lang='lat' dir='ltr'><strong>ritus</strong></span> <span class='ocrx_word' id='word_1_532' title='bbox 2088 2849 2267 2891; x_wconf 90' lang='lat' dir='ltr'><strong>autem</strong></span> <span class='ocrx_word' id='word_1_533' title='bbox 2321 2841 2410 2907; x_wconf 91' lang='lat' dir='ltr'><strong>qui</strong></span> <span class='ocrx_word' id='word_1_534' title='bbox 2461 2840 2674 2893; x_wconf 82' lang='lat' dir='ltr'><strong>excitati</strong></span> <span class='ocrx_word' id='word_1_535' title='bbox 2715 2853 2858 2902; x_wconf 89' lang='lat' dir='ltr'><strong>sunt,</strong></span> <span class='ocrx_word' id='word_1_536' title='bbox 2892 2851 2944 2896; x_wconf 90' lang='lat' dir='ltr'><strong>et</strong></span> <span class='ocrx_word' id='word_1_537' title='bbox 2978 2859 3124 2897; x_wconf 89' lang='lat' dir='ltr'><strong>mare</strong></span> <span class='ocrx_word' id='word_1_538' title='bbox 3174 2846 3471 2899; x_wconf 78' lang='lat' dir='ltr'><strong>conturba-</strong></span> 
     </span>
    </p>
   </div>
   <div class='ocr_carea' id='block_1_72' title="bbox 1913 2927 3468 3001">
    <p class='ocr_par' dir='ltr' id='par_1_72' title="bbox 1913 2927 3468 3001">
     <span class='ocr_line' id='line_1_72' title="bbox 1913 2927 3468 3001; baseline 0.007 -22"><span class='ocrx_word' id='word_1_539' title='bbox 1913 2937 2054 2991; x_wconf 85' lang='lat' dir='ltr'><strong>runt,</strong></span> <span class='ocrx_word' id='word_1_540' title='bbox 2087 2927 2176 2982; x_wconf 86' lang='lat' dir='ltr'><strong>sed</strong></span> <span class='ocrx_word' id='word_1_541' title='bbox 2203 2930 2539 2998; x_wconf 89' lang='lat' dir='ltr'><strong>postmodum</strong></span> <span class='ocrx_word' id='word_1_542' title='bbox 2571 2931 2892 2999; x_wconf 84' lang='lat' dir='ltr'><strong>quieverunt</strong></span> <span class='ocrx_word' id='word_1_543' title='bbox 2936 2932 3087 3000; x_wconf 87' lang='lat' dir='ltr'><strong>jussu</strong></span> <span class='ocrx_word' id='word_1_544' title='bbox 3118 2934 3351 3001; x_wconf 86' lang='lat' dir='ltr'><strong>Domini,</strong></span> <span class='ocrx_word' id='word_1_545' title='bbox 3383 2936 3468 2990; x_wconf 89' lang='lat' dir='ltr'><strong>vel</strong></span> 
     </span>
    </p>
   </div>
   <div class='ocr_carea' id='block_1_73' title="bbox 1912 3020 3466 3095">
    <p class='ocr_par' dir='ltr' id='par_1_73' title="bbox 1912 3020 3466 3095">
     <span class='ocr_line' id='line_1_73' title="bbox 1912 3020 3466 3095; baseline 0.007 -23"><span class='ocrx_word' id='word_1_546' title='bbox 1912 3021 2008 3087; x_wconf 90' lang='lat' dir='ltr'><strong>ipsi</strong></span> <span class='ocrx_word' id='word_1_547' title='bbox 2063 3020 2181 3090; x_wconf 89' lang='lat' dir='ltr'><strong>ejus</strong></span> <span class='ocrx_word' id='word_1_548' title='bbox 2239 3021 2510 3076; x_wconf 90' lang='lat' dir='ltr'><strong>Christum</strong></span> <span class='ocrx_word' id='word_1_549' title='bbox 2569 3023 2881 3079; x_wconf 91' lang='lat' dir='ltr'><strong>hominibus</strong></span> <span class='ocrx_word' id='word_1_550' title='bbox 2937 3026 3113 3095; x_wconf 88' lang='lat' dir='ltr'><strong>palam</strong></span> <span class='ocrx_word' id='word_1_551' title='bbox 3177 3029 3466 3083; x_wconf 86' lang='lat' dir='ltr'><strong>annuntia-</strong></span> 
     </span>
    </p>
   </div>
   <div class='ocr_carea' id='block_1_74' title="bbox 1912 3112 3466 3186">
    <p class='ocr_par' dir='ltr' id='par_1_74' title="bbox 1912 3112 3466 3186">
     <span class='ocr_line' id='line_1_74' title="bbox 1912 3112 3466 3186; baseline 0.006 -22"><span class='ocrx_word' id='word_1_552' title='bbox 1912 3113 2039 3164; x_wconf 89' lang='lat' dir='ltr'><strong>bant</strong></span> <span class='ocrx_word' id='word_1_553' title='bbox 2059 3112 2124 3165; x_wconf 76' lang='grc'><strong>⁸⁸.</strong></span> <span class='ocrx_word' id='word_1_554' title='bbox 2149 3113 2219 3165; x_wconf 84' lang='lat' dir='ltr'><strong>At</strong></span> <span class='ocrx_word' id='word_1_555' title='bbox 2245 3129 2368 3166; x_wconf 89' lang='lat' dir='ltr'><strong>vero</strong></span> <span class='ocrx_word' id='word_1_556' title='bbox 2397 3114 2542 3180; x_wconf 87' lang='lat' dir='ltr'><strong>illttd,</strong></span> <span class='ocrx_word' id='word_1_557' title='bbox 2572 3114 2760 3168; x_wconf 87' lang='lat' dir='ltr'><strong>Omnia</strong></span> <span class='ocrx_word' id='word_1_558' title='bbox 2790 3133 2881 3184; x_wconf 87' lang='lat' dir='ltr'><strong>per</strong></span> <span class='ocrx_word' id='word_1_559' title='bbox 2902 3116 3067 3182; x_wconf 69' lang='lat' dir='ltr'><strong>ipsum</strong></span> <span class='ocrx_word' id='word_1_560' title='bbox 3093 3119 3233 3186; x_wconf 80' lang='lat' dir='ltr'><strong>facta</strong></span> <span class='ocrx_word' id='word_1_561' title='bbox 3253 3130 3376 3172; x_wconf 78' lang='lat' dir='ltr'><strong>sunt</strong></span> <span class='ocrx_word' id='word_1_562' title='bbox 3396 3120 3466 3186; x_wconf 68' lang='grc' dir='ltr'><strong>δ’,</strong></span> 
     </span>
    </p>
   </div>
   <div class='ocr_carea' id='block_1_75' title="bbox 1917 3205 3468 3273">
    <p class='ocr_par' dir='ltr' id='par_1_75' title="bbox 1917 3205 3468 3273">
     <span class='ocr_line' id='line_1_75' title="bbox 1917 3205 3468 3273; baseline 0.006 -19"><span class='ocrx_word' id='word_1_563' title='bbox 1917 3219 2251 3271; x_wconf 86' lang='lat' dir='ltr'><strong>nequaquam</strong></span> <span class='ocrx_word' id='word_1_564' title='bbox 2283 3216 2521 3257; x_wconf 85' lang='lat' dir='ltr'><strong>creatum</strong></span> <span class='ocrx_word' id='word_1_565' title='bbox 2577 3219 2696 3258; x_wconf 86' lang='lat' dir='ltr'><strong>esse</strong></span> <span class='ocrx_word' id='word_1_566' title='bbox 2726 3205 2984 3273; x_wconf 90' lang='lat' dir='ltr'><strong>Spiritum</strong></span> <span class='ocrx_word' id='word_1_567' title='bbox 3017 3216 3264 3261; x_wconf 90' lang='lat' dir='ltr'><strong>sanctum</strong></span> <span class='ocrx_word' id='word_1_568' title='bbox 3315 3209 3468 3264; x_wconf 89' lang='lat' dir='ltr'><strong>nobis</strong></span> 
     </span>
    </p>
   </div>
   <div class='ocr_carea' id='block_1_76' title="bbox 1911 3293 3467 3361">
    <p class='ocr_par' dir='ltr' id='par_1_76' title="bbox 1911 3293 3467 3361">
     <span class='ocr_line' id='line_1_76' title="bbox 1911 3293 3467 3361; baseline 0.007 -18"><span class='ocrx_word' id='word_1_569' title='bbox 1911 3294 2162 3360; x_wconf 87' lang='lat' dir='ltr'><strong>ostendit,</strong></span> <span class='ocrx_word' id='word_1_570' title='bbox 2192 3294 2342 3361; x_wconf 89' lang='lat' dir='ltr'><strong>quasi</strong></span> <span class='ocrx_word' id='word_1_571' title='bbox 2381 3293 2612 3361; x_wconf 90' lang='lat' dir='ltr'><strong>Spiritus</strong></span> <span class='ocrx_word' id='word_1_572' title='bbox 2640 3309 2742 3347; x_wconf 90' lang='lat' dir='ltr'><strong>una</strong></span> <span class='ocrx_word' id='word_1_573' title='bbox 2780 3311 2898 3347; x_wconf 84' lang='lat' dir='ltr'><strong>cum</strong></span> <span class='ocrx_word' id='word_1_574' title='bbox 2929 3296 3178 3352; x_wconf 89' lang='lat' dir='ltr'><strong>omnibus</strong></span> <span class='ocrx_word' id='word_1_575' title='bbox 3208 3313 3467 3354; x_wconf 86' lang='lat' dir='ltr'><strong>numere-</strong></span> 
     </span>
    </p>
   </div>
   <div class='ocr_carea' id='block_1_77' title="bbox 1915 3388 3463 3462">
    <p class='ocr_par' dir='ltr' id='par_1_77' title="bbox 1915 3388 3463 3462">
     <span class='ocr_line' id='line_1_77' title="bbox 1915 3388 3463 3462; baseline 0.007 -23"><span class='ocrx_word' id='word_1_576' title='bbox 1915 3401 2017 3442; x_wconf 89' lang='lat' dir='ltr'><strong>tur.</strong></span> <span class='ocrx_word' id='word_1_577' title='bbox 2053 3388 2264 3444; x_wconf 85' lang='lat' dir='ltr'><strong>Etenim</strong></span> <span class='ocrx_word' id='word_1_578' title='bbox 2311 3389 2357 3443; x_wconf 87' lang='lat' dir='ltr'><strong>si</strong></span> <span class='ocrx_word' id='word_1_579' title='bbox 2390 3405 2529 3444; x_wconf 88' lang='lat' dir='ltr'><strong>unus</strong></span> <span class='ocrx_word' id='word_1_580' title='bbox 2568 3398 2651 3444; x_wconf 91' lang='lat' dir='ltr'><strong>est</strong></span> <span class='ocrx_word' id='word_1_581' title='bbox 2697 3388 2926 3458; x_wconf 88' lang='lat' dir='ltr'><strong>Spiritus</strong></span> <span class='ocrx_word' id='word_1_582' title='bbox 2955 3403 3175 3447; x_wconf 88' lang='lat' dir='ltr'><strong>sanctus</strong></span> <span class='ocrx_word' id='word_1_583' title='bbox 3216 3403 3268 3447; x_wconf 89' lang='lat' dir='ltr'><strong>et</strong></span> <span class='ocrx_word' id='word_1_584' title='bbox 3293 3393 3463 3462; x_wconf 89' lang='lat' dir='ltr'><strong>solus,</strong></span> 
     </span>
    </p>
   </div>
   <div class='ocr_carea' id='block_1_78' title="bbox 1911 3482 3458 3552">
    <p class='ocr_par' dir='ltr' id='par_1_78' title="bbox 1911 3482 3458 3552">
     <span class='ocr_line' id='line_1_78' title="bbox 1911 3482 3458 3552; baseline 0.006 -21"><span class='ocrx_word' id='word_1_585' title='bbox 1911 3482 2176 3550; x_wconf 87' lang='lat' dir='ltr'><strong>quomodo</strong></span> <span class='ocrx_word' id='word_1_586' title='bbox 2209 3482 2298 3550; x_wconf 84' lang='lat' dir='ltr'><strong>qui</strong></span> <span class='ocrx_word' id='word_1_587' title='bbox 2329 3482 2619 3550; x_wconf 79' lang='lat' dir='ltr'><strong>singularis</strong></span> <span class='ocrx_word' id='word_1_588' title='bbox 2664 3483 2941 3552; x_wconf 81' lang='lat' dir='ltr'><strong>cujusdam</strong></span> <span class='ocrx_word' id='word_1_589' title='bbox 2975 3495 3177 3537; x_wconf 75' lang='lat' dir='ltr'><strong>natura:</strong></span> <span class='ocrx_word' id='word_1_590' title='bbox 3221 3495 3324 3551; x_wconf 90' lang='lat' dir='ltr'><strong>est,</strong></span> <span class='ocrx_word' id='word_1_591' title='bbox 3352 3502 3458 3540; x_wconf 88' lang='lat' dir='ltr'><strong>una</strong></span> 
     </span>
    </p>
   </div>
   <div class='ocr_carea' id='block_1_79' title="bbox 1913 3573 3471 3644">
    <p class='ocr_par' dir='ltr' id='par_1_79' title="bbox 1913 3573 3471 3644">
     <span class='ocr_line' id='line_1_79' title="bbox 1913 3573 3471 3644; baseline 0.003 -18"><span class='ocrx_word' id='word_1_592' title='bbox 1913 3589 2034 3626; x_wconf 82' lang='lat' dir='ltr'><strong>cum</strong></span> <span class='ocrx_word' id='word_1_593' title='bbox 2067 3573 2314 3626; x_wconf 87' lang='lat' dir='ltr'><strong>omnibus</strong></span> <span class='ocrx_word' id='word_1_594' title='bbox 2367 3573 2752 3641; x_wconf 85' lang='lat' dir='ltr'><strong>comprehendi</strong></span> <span class='ocrx_word' id='word_1_595' title='bbox 2795 3575 3003 3640; x_wconf 83' lang='lat' dir='ltr'><strong>potest?</strong></span> <span class='ocrx_word' id='word_1_596' title='bbox 3028 3574 3093 3628; x_wconf 87' lang='lat' dir='ltr'><strong>Et</strong></span> <span class='ocrx_word' id='word_1_597' title='bbox 3139 3589 3294 3630; x_wconf 90' lang='lat' dir='ltr'><strong>nemo</strong></span> <span class='ocrx_word' id='word_1_598' title='bbox 3320 3585 3471 3644; x_wconf 79' lang='lat' dir='ltr'><strong>putet</strong></span> 
     </span>
    </p>
   </div>
   <div class='ocr_carea' id='block_1_80' title="bbox 1916 3664 3472 3734">
    <p class='ocr_par' dir='ltr' id='par_1_80' title="bbox 1916 3664 3472 3734">
     <span class='ocr_line' id='line_1_80' title="bbox 1916 3664 3472 3734; baseline 0.004 -16"><span class='ocrx_word' id='word_1_599' title='bbox 1916 3665 2248 3734; x_wconf 72' lang='lat' dir='ltr'><strong>bypostasim</strong></span> <span class='ocrx_word' id='word_1_600' title='bbox 2313 3664 2536 3725; x_wconf 90' lang='lat' dir='ltr'><strong>aboleri,</strong></span> <span class='ocrx_word' id='word_1_601' title='bbox 2579 3665 2624 3718; x_wconf 88' lang='lat' dir='ltr'><strong>si</strong></span> <span class='ocrx_word' id='word_1_602' title='bbox 2683 3665 2942 3732; x_wconf 91' lang='lat' dir='ltr'><strong>Spiritum</strong></span> <span class='ocrx_word' id='word_1_603' title='bbox 2999 3674 3300 3721; x_wconf 75' lang='lat' dir='ltr'><strong>creaturam</strong></span> <span class='ocrx_word' id='word_1_604' title='bbox 3348 3683 3472 3724; x_wconf 86' lang='lat' dir='ltr'><strong>esse</strong></span> 
     </span>
    </p>
   </div>
   <div class='ocr_carea' id='block_1_81' title="bbox 1914 3755 3473 3829">
    <p class='ocr_par' dir='ltr' id='par_1_81' title="bbox 1914 3755 3473 3829">
     <span class='ocr_line' id='line_1_81' title="bbox 1914 3755 3473 3829; baseline 0.005 -20"><span class='ocrx_word' id='word_1_605' title='bbox 1914 3771 2190 3824; x_wconf 77' lang='lat' dir='ltr'><strong>negemus.</strong></span> <span class='ocrx_word' id='word_1_606' title='bbox 2246 3755 2377 3808; x_wconf 80' lang='lat' dir='ltr'><strong>Nam</strong></span> <span class='ocrx_word' id='word_1_607' title='bbox 2429 3756 2529 3823; x_wconf 76' lang='lat' dir='ltr'><strong>pia:</strong></span> <span class='ocrx_word' id='word_1_608' title='bbox 2574 3757 2766 3811; x_wconf 92' lang='lat' dir='ltr'><strong>mentis</strong></span> <span class='ocrx_word' id='word_1_609' title='bbox 2802 3768 2905 3821; x_wconf 73' lang='grc' dir='ltr'>εει,</span> <span class='ocrx_word' id='word_1_610' title='bbox 2939 3773 3055 3823; x_wconf 71' lang='lat' dir='ltr'><strong>qua:</strong></span> <span class='ocrx_word' id='word_1_611' title='bbox 3099 3773 3127 3812; x_wconf 92' lang='lat' dir='ltr'><strong>a</strong></span> <span class='ocrx_word' id='word_1_612' title='bbox 3174 3759 3473 3829; x_wconf 87' lang='lat' dir='ltr'><strong>Scripturis</strong></span> 
     </span>
    </p>
   </div>
   <div class='ocr_carea' id='block_1_82' title="bbox 1915 3846 3464 3915">
    <p class='ocr_par' dir='ltr' id='par_1_82' title="bbox 1915 3846 3464 3915">
     <span class='ocr_line' id='line_1_82' title="bbox 1915 3846 3464 3915; baseline 0.003 -15"><span class='ocrx_word' id='word_1_613' title='bbox 1915 3848 2114 3901; x_wconf 87' lang='lat' dir='ltr'><strong>sanctis</strong></span> <span class='ocrx_word' id='word_1_614' title='bbox 2147 3846 2468 3912; x_wconf 89' lang='lat' dir='ltr'><strong>reticentur,</strong></span> <span class='ocrx_word' id='word_1_615' title='bbox 2507 3864 2568 3901; x_wconf 89' lang='lat' dir='ltr'><strong>ea</strong></span> <span class='ocrx_word' id='word_1_616' title='bbox 2601 3849 2776 3902; x_wconf 87' lang='lat' dir='ltr'><strong>vereri</strong></span> <span class='ocrx_word' id='word_1_617' title='bbox 2813 3849 2876 3902; x_wconf 90' lang='lat' dir='ltr'><strong>de</strong></span> <span class='ocrx_word' id='word_1_618' title='bbox 2921 3848 3122 3915; x_wconf 87' lang='lat' dir='ltr'><strong>Spiritu</strong></span> <span class='ocrx_word' id='word_1_619' title='bbox 3160 3860 3349 3904; x_wconf 87' lang='lat' dir='ltr'><strong>sancto</strong></span> <span class='ocrx_word' id='word_1_620' title='bbox 3381 3853 3464 3904; x_wconf 90' lang='lat' dir='ltr'><strong>di-</strong></span> 
     </span>
    </p>
   </div>
   <div class='ocr_carea' id='block_1_83' title="bbox 1913 3938 3474 4008">
    <p class='ocr_par' dir='ltr' id='par_1_83' title="bbox 1913 3938 3474 4008">
     <span class='ocr_line' id='line_1_83' title="bbox 1913 3938 3474 4008; baseline 0.001 -16"><span class='ocrx_word' id='word_1_621' title='bbox 1913 3954 2074 3993; x_wconf 88' lang='lat' dir='ltr'><strong>cere:</strong></span> <span class='ocrx_word' id='word_1_622' title='bbox 2106 3939 2328 3992; x_wconf 88' lang='lat' dir='ltr'><strong>crcdere</strong></span> <span class='ocrx_word' id='word_1_623' title='bbox 2380 3953 2504 3991; x_wconf 71' lang='lat' dir='ltr'><strong>vero</strong></span> <span class='ocrx_word' id='word_1_624' title='bbox 2561 3939 2802 3991; x_wconf 88' lang='lat' dir='ltr'><strong>notitiam</strong></span> <span class='ocrx_word' id='word_1_625' title='bbox 2856 3938 2995 4006; x_wconf 77' lang='lat' dir='ltr'><strong>ejus,</strong></span> <span class='ocrx_word' id='word_1_626' title='bbox 3034 3947 3196 4008; x_wconf 91' lang='lat' dir='ltr'><strong>atque</strong></span> <span class='ocrx_word' id='word_1_627' title='bbox 3244 3954 3474 3993; x_wconf 81' lang='lat' dir='ltr'><strong>accura-</strong></span> 
     </span>
    </p>
   </div>
   <div class='ocr_carea' id='block_1_84' title="bbox 1915 4028 3472 4099">
    <p class='ocr_par' dir='ltr' id='par_1_84' title="bbox 1915 4028 3472 4099">
     <span class='ocr_line' id='line_1_84' title="bbox 1915 4028 3472 4099; baseline 0.001 -17"><span class='ocrx_word' id='word_1_628' title='bbox 1915 4041 2019 4084; x_wconf 89' lang='lat' dir='ltr'><strong>tam</strong></span> <span class='ocrx_word' id='word_1_629' title='bbox 2056 4030 2586 4099; x_wconf 87' lang='lat' dir='ltr'><strong>comprehensionem</strong></span> <span class='ocrx_word' id='word_1_630' title='bbox 2633 4028 2686 4081; x_wconf 90' lang='lat' dir='ltr'><strong>in</strong></span> <span class='ocrx_word' id='word_1_631' title='bbox 2731 4028 2970 4082; x_wconf 80' lang='lat' dir='ltr'><strong>futurum</strong></span> <span class='ocrx_word' id='word_1_632' title='bbox 3017 4029 3272 4083; x_wconf 66' lang='lat' dir='ltr'><strong>saaculum</strong></span> <span class='ocrx_word' id='word_1_633' title='bbox 3318 4029 3472 4084; x_wconf 92' lang='lat' dir='ltr'><strong>nobis</strong></span> 
     </span>
    </p>
   </div>
   <div class='ocr_carea' id='block_1_85' title="bbox 1917 4121 3474 4191">
    <p class='ocr_par' dir='ltr' id='par_1_85' title="bbox 1917 4121 3474 4191">
     <span class='ocr_line' id='line_1_85' title="bbox 1917 4121 3474 4191; baseline -0.002 -14"><span class='ocrx_word' id='word_1_634' title='bbox 1917 4123 2198 4187; x_wconf 91' lang='lat' dir='ltr'><strong>reservari,</strong></span> <span class='ocrx_word' id='word_1_635' title='bbox 2235 4137 2376 4186; x_wconf 88' lang='lat' dir='ltr'><strong>cum,</strong></span> <span class='ocrx_word' id='word_1_636' title='bbox 2423 4130 2660 4190; x_wconf 88' lang='lat' dir='ltr'><strong>tempore</strong></span> <span class='ocrx_word' id='word_1_637' title='bbox 2705 4121 2827 4185; x_wconf 87' lang='lat' dir='ltr'><strong>hoc,</strong></span> <span class='ocrx_word' id='word_1_638' title='bbox 2875 4122 2924 4174; x_wconf 90' lang='lat' dir='ltr'><strong>in</strong></span> <span class='ocrx_word' id='word_1_639' title='bbox 2975 4136 3079 4191; x_wconf 87' lang='lat' dir='ltr'><strong>quo</strong></span> <span class='ocrx_word' id='word_1_640' title='bbox 3139 4121 3336 4176; x_wconf 87' lang='lat' dir='ltr'><strong>veritas</strong></span> <span class='ocrx_word' id='word_1_641' title='bbox 3378 4137 3474 4190; x_wconf 89' lang='lat' dir='ltr'><strong>per</strong></span> 
     </span>
    </p>
   </div>
   <div class='ocr_carea' id='block_1_86' title="bbox 1917 4214 3473 4288">
    <p class='ocr_par' dir='ltr' id='par_1_86' title="bbox 1917 4214 3473 4288">
     <span class='ocr_line' id='line_1_86' title="bbox 1917 4214 3473 4288; baseline -0.006 -16"><span class='ocrx_word' id='word_1_642' title='bbox 1917 4217 2192 4288; x_wconf 88' lang='lat' dir='ltr'><strong>speculum</strong></span> <span class='ocrx_word' id='word_1_643' title='bbox 2223 4225 2277 4270; x_wconf 91' lang='lat' dir='ltr'><strong>et</strong></span> <span class='ocrx_word' id='word_1_644' title='bbox 2297 4215 2521 4284; x_wconf 68' lang='lat' dir='ltr'><strong>aenigma</strong></span> <span class='ocrx_word' id='word_1_645' title='bbox 2551 4214 2840 4276; x_wconf 74' lang='lat' dir='ltr'><strong>videtur“,</strong></span> <span class='ocrx_word' id='word_1_646' title='bbox 2871 4223 3160 4275; x_wconf 83' lang='lat' dir='ltr'><strong>transacw,</strong></span> <span class='ocrx_word' id='word_1_647' title='bbox 3191 4226 3310 4265; x_wconf 89' lang='lat' dir='ltr'><strong>eam</strong></span> <span class='ocrx_word' id='word_1_648' title='bbox 3343 4225 3473 4264; x_wconf 87' lang='lat' dir='ltr'><strong>con-</strong></span> 
     </span>
    </p>
   </div>
   <div class='ocr_carea' id='block_1_87' title="bbox 1924 4302 3470 4380">
    <p class='ocr_par' dir='ltr' id='par_1_87' title="bbox 1924 4302 3470 4380">
     <span class='ocr_line' id='line_1_87' title="bbox 1924 4302 3470 4380; baseline -0.005 -15"><span class='ocrx_word' id='word_1_649' title='bbox 1924 4310 2324 4380; x_wconf 89' lang='lat' dir='ltr'><strong>templationem</strong></span> <span class='ocrx_word' id='word_1_650' title='bbox 2360 4321 2479 4374; x_wconf 84' lang='lat' dir='ltr'><strong>quae</strong></span> <span class='ocrx_word' id='word_1_651' title='bbox 2516 4305 2581 4357; x_wconf 88' lang='lat' dir='ltr'><strong>ad</strong></span> <span class='ocrx_word' id='word_1_652' title='bbox 2625 4304 2814 4358; x_wconf 80' lang='lat' dir='ltr'><strong>faciem</strong></span> <span class='ocrx_word' id='word_1_653' title='bbox 2845 4313 2926 4359; x_wconf 87' lang='lat' dir='ltr'><strong>est</strong></span> <span class='ocrx_word' id='word_1_654' title='bbox 2984 4302 3243 4357; x_wconf 78' lang='lat' dir='ltr'><strong>fuerimus</strong></span> <span class='ocrx_word' id='word_1_655' title='bbox 3270 4315 3470 4357; x_wconf 89' lang='lat' dir='ltr'><strong>consc-</strong></span> 
     </span>
    </p>
   </div>
   <div class='ocr_carea' id='block_1_88' title="bbox 244 4389 2038 4478">
    <p class='ocr_par' dir='ltr' id='par_1_88' title="bbox 244 4389 2038 4478">
     <span class='ocr_line' id='line_1_88' title="bbox 244 4389 2038 4478; baseline -0.004 -18"><span class='ocrx_word' id='word_1_656' title='bbox 244 4408 345 4478; x_wconf 73' lang='grc' dir='ltr'>τὴν</span> <span class='ocrx_word' id='word_1_657' title='bbox 380 4406 652 4477; x_wconf 83' lang='grc' dir='ltr'>ἀλήθειαν,</span> <span class='ocrx_word' id='word_1_658' title='bbox 686 4405 781 4475; x_wconf 85' lang='grc' dir='ltr'>τῆς</span> <span class='ocrx_word' id='word_1_659' title='bbox 831 4404 965 4474; x_wconf 86' lang='grc' dir='ltr'>πρὸς</span> <span class='ocrx_word' id='word_1_660' title='bbox 1019 4403 1307 4475; x_wconf 86' lang='grc' dir='ltr'>πρόσωπον</span> <span class='ocrx_word' id='word_1_661' title='bbox 1366 4401 1593 4472; x_wconf 84' lang='grc' dir='ltr'>θεωρίας</span> <span class='ocrx_word' id='word_1_662' title='bbox 1642 4403 1806 4466; x_wconf 83' lang='grc' dir='ltr'>ἀξιω-</span> <span class='ocrx_word' id='word_1_663' title='bbox 1839 4389 1884 4447; x_wconf 76' lang='grc' dir='ltr'>ί)</span> <span class='ocrx_word' id='word_1_664' title='bbox 1911 4405 2038 4460; x_wconf 85' lang='lat' dir='ltr'><strong>cuti.</strong></span> 
     </span>
    </p>
   </div>
   <div class='ocr_carea' id='block_1_89' title="bbox 245 4496 591 4569">
    <p class='ocr_par' dir='ltr' id='par_1_89' title="bbox 245 4496 591 4569">
     <span class='ocr_line' id='line_1_89' title="bbox 245 4496 591 4569; baseline -0.014 -16"><span class='ocrx_word' id='word_1_665' title='bbox 245 4499 428 4569; x_wconf 79' lang='grc' dir='ltr'>θῶμεν</span> <span class='ocrx_word' id='word_1_666' title='bbox 459 4496 591 4566; x_wconf 69' lang='grc' dir='ltr'>(Ξ8).</span> 
     </span>
    </p>
   </div>
   <div class='ocr_carea' id='block_1_90' title="bbox 321 4667 1546 4732">
    <p class='ocr_par' dir='ltr' id='par_1_90' title="bbox 321 4667 1546 4732">
     <span class='ocr_line' id='line_1_90' title="bbox 321 4667 1546 4732; baseline -0.007 -5"><span class='ocrx_word' id='word_1_667' title='bbox 321 4675 366 4704; x_wconf 72' lang='grc'>⁸³</span> <span class='ocrx_word' id='word_1_668' title='bbox 402 4672 556 4727; x_wconf 77' lang='lat' dir='ltr'><strong>Joan.</strong></span> <span class='ocrx_word' id='word_1_669' title='bbox 578 4687 617 4732; x_wconf 85' lang='grc' dir='ltr'><strong>ι,</strong></span> <span class='ocrx_word' id='word_1_670' title='bbox 639 4671 691 4724; x_wconf 80' lang='grc'><strong>5.</strong></span> <span class='ocrx_word' id='word_1_671' title='bbox 797 4671 843 4701; x_wconf 69' lang='grc'>⁸⁵</span> <span class='ocrx_word' id='word_1_672' title='bbox 871 4671 1032 4724; x_wconf 81' lang='lat' dir='ltr'><strong>Amos</strong></span> <span class='ocrx_word' id='word_1_673' title='bbox 1060 4686 1134 4732; x_wconf 85' lang='lat' dir='ltr'><strong>Iv,</strong></span> <span class='ocrx_word' id='word_1_674' title='bbox 1163 4669 1249 4722; x_wconf 77' lang='grc'><strong>15.</strong></span> <span class='ocrx_word' id='word_1_675' title='bbox 1349 4670 1392 4700; x_wconf 74' lang='grc'><strong><em>⁵⁸</em></strong></span> <span class='ocrx_word' id='word_1_676' title='bbox 1419 4667 1546 4719; x_wconf 88' lang='lat' dir='ltr'><strong>ibid.</strong></span> 
     </span>
    </p>
   </div>
   <div class='ocr_carea' id='block_1_91' title="bbox 248 4738 1223 4806">
    <p class='ocr_par' dir='ltr' id='par_1_91' title="bbox 248 4738 1223 4806">
     <span class='ocr_line' id='line_1_91' title="bbox 248 4738 1223 4806; baseline -0.004 -10"><span class='ocrx_word' id='word_1_677' title='bbox 248 4743 293 4777; x_wconf 65' lang='lat'><strong>‘9</strong></span> <span class='ocrx_word' id='word_1_678' title='bbox 327 4742 480 4796; x_wconf 83' lang='lat' dir='ltr'><strong>Joan.</strong></span> <span class='ocrx_word' id='word_1_679' title='bbox 513 4758 551 4806; x_wconf 89' lang='grc' dir='ltr'><strong>ι,</strong></span> <span class='ocrx_word' id='word_1_680' title='bbox 590 4743 642 4798; x_wconf 79' lang='grc'><strong>5.</strong></span> <span class='ocrx_word' id='word_1_681' title='bbox 717 4740 762 4771; x_wconf 80' lang='grc'><strong>⁸⁸</strong></span> <span class='ocrx_word' id='word_1_682' title='bbox 794 4738 954 4793; x_wconf 85' lang='lat' dir='ltr'><strong>lCor.</strong></span> <span class='ocrx_word' id='word_1_683' title='bbox 990 4757 1105 4804; x_wconf 76' lang='lat' dir='ltr'><strong>xm,</strong></span> <span class='ocrx_word' id='word_1_684' title='bbox 1138 4740 1223 4793; x_wconf 74' lang='grc'><strong>12.</strong></span> 
     </span>
    </p>
   </div>
   <div class='ocr_carea' id='block_1_92' title="bbox 319 4887 1800 4966">
    <p class='ocr_par' dir='ltr' id='par_1_92' title="bbox 319 4887 1800 4966">
     <span class='ocr_line' id='line_1_92' title="bbox 319 4887 1800 4966; baseline -0.009 -14"><span class='ocrx_word' id='word_1_685' title='bbox 319 4897 430 4966; x_wconf 74' lang='grc'><strong>(26)</strong></span> <span class='ocrx_word' id='word_1_686' title='bbox 460 4897 656 4951; x_wconf 80' lang='lat' dir='ltr'><strong>Vocem</strong></span> <span class='ocrx_word' id='word_1_687' title='bbox 684 4894 897 4966; x_wconf 86' lang='grc' dir='ltr'>πνεῦμα</span> <span class='ocrx_word' id='word_1_688' title='bbox 926 4909 1022 4960; x_wconf 92' lang='lat' dir='ltr'><strong>pro</strong></span> <span class='ocrx_word' id='word_1_689' title='bbox 1052 4893 1343 4966; x_wconf 32' lang='lat' dir='ltr'><strong>ventohliic</strong></span> <span class='ocrx_word' id='word_1_690' title='bbox 1382 4888 1552 4966; x_wconf 85' lang='lat' dir='ltr'><strong>accipi</strong></span> <span class='ocrx_word' id='word_1_691' title='bbox 1586 4887 1800 4966; x_wconf 82' lang='lat' dir='ltr'><strong>debere,</strong></span> 
     </span>
    </p>
   </div>
   <div class='ocr_carea' id='block_1_93' title="bbox 246 4961 1802 5031">
    <p class='ocr_par' dir='ltr' id='par_1_93' title="bbox 246 4961 1802 5031">
     <span class='ocr_line' id='line_1_93' title="bbox 246 4961 1802 5031; baseline -0.008 -9"><span class='ocrx_word' id='word_1_692' title='bbox 246 4961 459 5029; x_wconf 78' lang='lat' dir='ltr'><strong>vident,</strong></span> <span class='ocrx_word' id='word_1_693' title='bbox 497 4968 711 5031; x_wconf 90' lang='lat' dir='ltr'><strong>opinor,</strong></span> <span class='ocrx_word' id='word_1_694' title='bbox 759 4961 982 5025; x_wconf 82' lang='lat' dir='ltr'><strong>omnes;</strong></span> <span class='ocrx_word' id='word_1_695' title='bbox 1037 4978 1136 5016; x_wconf 86' lang='lat' dir='ltr'><strong>nec</strong></span> <span class='ocrx_word' id='word_1_696' title='bbox 1179 4963 1336 5016; x_wconf 89' lang='lat' dir='ltr'><strong>aliter</strong></span> <span class='ocrx_word' id='word_1_697' title='bbox 1360 4961 1673 5028; x_wconf 79' lang='lat' dir='ltr'><strong>accipienda</strong></span> <span class='ocrx_word' id='word_1_698' title='bbox 1719 4969 1802 5011; x_wconf 89' lang='lat' dir='ltr'><strong>est</strong></span> 
     </span>
    </p>
   </div>
   <div class='ocr_carea' id='block_1_94' title="bbox 247 5038 1035 5106">
    <p class='ocr_par' dir='ltr' id='par_1_94' title="bbox 247 5038 1035 5106">
     <span class='ocr_line' id='line_1_94' title="bbox 247 5038 1035 5106; baseline -0.016 -10"><span class='ocrx_word' id='word_1_699' title='bbox 247 5040 435 5096; x_wconf 86' lang='lat' dir='ltr'><strong>eadem</strong></span> <span class='ocrx_word' id='word_1_700' title='bbox 463 5051 566 5089; x_wconf 77' lang='lat' dir='ltr'><strong>vox</strong></span> <span class='ocrx_word' id='word_1_701' title='bbox 593 5038 1035 5106; x_wconf 7' lang='lat' dir='ltr'><strong>aliquantojpost.</strong></span> 
     </span>
    </p>
   </div>
   <div class='ocr_carea' id='block_1_95' title="bbox 318 5100 1802 5177">
    <p class='ocr_par' dir='ltr' id='par_1_95' title="bbox 318 5100 1802 5177">
     <span class='ocr_line' id='line_1_95' title="bbox 318 5100 1802 5177; baseline -0.009 -17"><span class='ocrx_word' id='word_1_702' title='bbox 318 5107 430 5177; x_wconf 67' lang='grc' dir='ltr'>(Ξῖ)</span> <span class='ocrx_word' id='word_1_703' title='bbox 460 5106 594 5159; x_wconf 82' lang='lat' dir='ltr'><strong>Editi</strong></span> <span class='ocrx_word' id='word_1_704' title='bbox 625 5107 658 5174; x_wconf 81' lang='grc' dir='ltr'><strong>ἡ</strong></span> <span class='ocrx_word' id='word_1_705' title='bbox 685 5100 1023 5174; x_wconf 69' lang='grc' dir='ltr'>γινομένη...</span> <span class='ocrx_word' id='word_1_706' title='bbox 1055 5101 1360 5177; x_wconf 79' lang='grc' dir='ltr'>ἀκούουσιν.</span> <span class='ocrx_word' id='word_1_707' title='bbox 1394 5100 1614 5177; x_wconf 77' lang='lat' dir='ltr'><strong>Antiqui</strong></span> <span class='ocrx_word' id='word_1_708' title='bbox 1661 5111 1802 5177; x_wconf 76' lang='lat' dir='ltr'><strong>qua-</strong></span> 
     </span>
    </p>
   </div>
   <div class='ocr_carea' id='block_1_96' title="bbox 246 5169 1802 5241">
    <p class='ocr_par' dir='ltr' id='par_1_96' title="bbox 246 5169 1802 5241">
     <span class='ocr_line' id='line_1_96' title="bbox 246 5169 1802 5241; baseline -0.008 -9"><span class='ocrx_word' id='word_1_709' title='bbox 246 5169 371 5232; x_wconf 79' lang='lat' dir='ltr'><strong>tuor</strong></span> <span class='ocrx_word' id='word_1_710' title='bbox 394 5169 517 5231; x_wconf 84' lang='lat' dir='ltr'><strong>libri</strong></span> <span class='ocrx_word' id='word_1_711' title='bbox 545 5178 614 5228; x_wconf 82' lang='lat' dir='ltr'><strong>ita</strong></span> <span class='ocrx_word' id='word_1_712' title='bbox 639 5169 784 5228; x_wconf 48' lang='lat' dir='ltr'><strong>ut&#39;in</strong></span> <span class='ocrx_word' id='word_1_713' title='bbox 815 5169 1066 5228; x_wconf 77' lang='lat' dir='ltr'><strong>contextu</strong></span> <span class='ocrx_word' id='word_1_714' title='bbox 1095 5174 1193 5241; x_wconf 84' lang='lat' dir='ltr'><strong>legi</strong></span> <span class='ocrx_word' id='word_1_715' title='bbox 1217 5178 1410 5237; x_wconf 89' lang='lat' dir='ltr'><strong>potest.</strong></span> <span class='ocrx_word' id='word_1_716' title='bbox 1448 5169 1672 5220; x_wconf 85' lang='lat' dir='ltr'><strong>Antioui</strong></span> <span class='ocrx_word' id='word_1_717' title='bbox 1699 5169 1802 5220; x_wconf 89' lang='lat' dir='ltr'><strong>duo</strong></span> 
     </span>
    </p>
   </div>
   <div class='ocr_carea' id='block_1_97' title="bbox 246 5242 1678 5314">
    <p class='ocr_par' dir='ltr' id='par_1_97' title="bbox 246 5242 1678 5314">
     <span class='ocr_line' id='line_1_97' title="bbox 246 5242 1678 5314; baseline -0.01 -13"><span class='ocrx_word' id='word_1_718' title='bbox 246 5248 370 5301; x_wconf 84' lang='lat' dir='ltr'><strong>libri</strong></span> <span class='ocrx_word' id='word_1_719' title='bbox 406 5262 502 5314; x_wconf 85' lang='lat' dir='ltr'><strong>pro</strong></span> <span class='ocrx_word' id='word_1_720' title='bbox 526 5244 750 5314; x_wconf 80' lang='grc' dir='ltr'>οὐρανοῦ</span> <span class='ocrx_word' id='word_1_721' title='bbox 783 5245 981 5314; x_wconf 81' lang='lat' dir='ltr'><strong>habent</strong></span> <span class='ocrx_word' id='word_1_722' title='bbox 1014 5242 1301 5314; x_wconf 58' lang='grc' dir='ltr'>οὐρανῶνᾷ</span> <span class='ocrx_word' id='word_1_723' title='bbox 1443 5307 1466 5314; x_wconf 86' lang='lat'>_</span> <span class='ocrx_word' id='word_1_724' title='bbox 1509 5306 1542 5314; x_wconf 78' lang='lat'><strong>__</strong></span> <span class='ocrx_word' id='word_1_725' title='bbox 1655 5303 1678 5312; x_wconf 44' lang='lat'><strong>-</strong></span> 
     </span>
    </p>
   </div>
   <div class='ocr_carea' id='block_1_98' title="bbox 317 5306 1803 5384">
    <p class='ocr_par' dir='ltr' id='par_1_98' title="bbox 317 5306 1803 5384">
     <span class='ocr_line' id='line_1_98' title="bbox 317 5306 1803 5384; baseline -0.009 -15"><span class='ocrx_word' id='word_1_726' title='bbox 317 5306 430 5384; x_wconf 63' lang='lat'><strong>(9-8)</strong></span> <span class='ocrx_word' id='word_1_727' title='bbox 470 5306 606 5369; x_wconf 81' lang='lat' dir='ltr'><strong>Editi</strong></span> <span class='ocrx_word' id='word_1_728' title='bbox 651 5313 982 5384; x_wconf 81' lang='grc' dir='ltr'>ἀξιωθῶμεν,</span> <span class='ocrx_word' id='word_1_729' title='bbox 1009 5306 1093 5384; x_wconf 15' lang='grc' dir='ltr'>γει]</span> <span class='ocrx_word' id='word_1_730' title='bbox 1133 5306 1682 5384; x_wconf 27' lang='grc' dir='ltr'>τιῖι-Χρι-στῴβιησοῦ</span> <span class='ocrx_word' id='word_1_731' title='bbox 1726 5306 1803 5384; x_wconf 64' lang='grc' dir='ltr'>τῷ</span> 
     </span>
    </p>
   </div>
   <div class='ocr_carea' id='block_1_99' title="bbox 248 5374 1802 5484">
    <p class='ocr_par' dir='ltr' id='par_1_99' title="bbox 248 5374 1802 5484">
     <span class='ocr_line' id='line_1_99' title="bbox 248 5374 1802 5484; baseline -0.003 -51"><span class='ocrx_word' id='word_1_732' title='bbox 248 5374 437 5454; x_wconf 67' lang='grc' dir='ltr'>Ιὶῦρίῲ</span> <span class='ocrx_word' id='word_1_733' title='bbox 467 5389 498 5455; x_wconf 82' lang='grc' dir='ltr'>ἡ</span> <span class='ocrx_word' id='word_1_734' title='bbox 510 5386 642 5456; x_wconf 83' lang='grc' dir='ltr'>μῶν,</span> <span class='ocrx_word' id='word_1_735' title='bbox 681 5374 903 5484; x_wconf 61' lang='grc' dir='ltr'>μεθίοἷ,</span> <span class='ocrx_word' id='word_1_736' title='bbox 934 5383 1056 5445; x_wconf 72' lang='grc' dir='ltr'>δόξα</span> <span class='ocrx_word' id='word_1_737' title='bbox 1090 5380 1166 5450; x_wconf 77' lang='grc' dir='ltr'>τῷ</span> <span class='ocrx_word' id='word_1_738' title='bbox 1187 5374 1196 5380; x_wconf 81' lang='grc'><em>’</em></span> <span class='ocrx_word' id='word_1_739' title='bbox 1217 5374 1386 5484; x_wconf 74' lang='grc' dir='ltr'>Πατρὶ</span> <span class='ocrx_word' id='word_1_740' title='bbox 1415 5374 1506 5430; x_wconf 75' lang='grc' dir='ltr'>καὶ</span> <span class='ocrx_word' id='word_1_741' title='bbox 1554 5374 1629 5455; x_wconf 65' lang='grc' dir='ltr'>τῷ</span> <span class='ocrx_word' id='word_1_742' title='bbox 1661 5374 1802 5484; x_wconf 63' lang='grc' dir='ltr'>ἁγίῳ</span> 
     </span>
     <span class='ocr_line' id='line_1_100' title="bbox 251 5448 1800 5484; baseline 0 0"><span class='ocrx_word' id='word_1_743' title='bbox 251 5453 517 5484; x_wconf 51' lang='grc' dir='ltr'><strong>Πυθίη-λ.-.</strong></span> <span class='ocrx_word' id='word_1_744' title='bbox 555 5457 648 5484; x_wconf 69' lang='grc' dir='ltr'><strong>..πη</strong></span> <span class='ocrx_word' id='word_1_745' title='bbox 677 5454 764 5484; x_wconf 67' lang='grc' dir='ltr'>...Α</span> <span class='ocrx_word' id='word_1_746' title='bbox 841 5459 880 5484; x_wconf 66' lang='grc' dir='ltr'><strong>μ’.</strong></span> <span class='ocrx_word' id='word_1_747' title='bbox 910 5454 994 5484; x_wconf 69' lang='grc' dir='ltr'><strong>νηὶ</strong></span> <span class='ocrx_word' id='word_1_748' title='bbox 1030 5453 1106 5484; x_wconf 72' lang='grc' dir='ltr'><strong>ει-</strong></span> <span class='ocrx_word' id='word_1_749' title='bbox 1132 5452 1254 5484; x_wconf 61' lang='grc' dir='ltr'><strong>μοι-εἶν·</strong></span> <span class='ocrx_word' id='word_1_750' title='bbox 1288 5467 1316 5484; x_wconf 74' lang='grc' dir='ltr'><em>η</em></span> <span class='ocrx_word' id='word_1_751' title='bbox 1347 5448 1488 5484; x_wconf 59' lang='lat' dir='ltr'><strong>{fumu-</strong></span> <span class='ocrx_word' id='word_1_752' title='bbox 1527 5461 1633 5484; x_wconf 56' lang='grc' dir='ltr'><strong>ξων</strong></span> <span class='ocrx_word' id='word_1_753' title='bbox 1667 5461 1696 5484; x_wconf 80' lang='grc' dir='ltr'><em>η</em></span> <span class='ocrx_word' id='word_1_754' title='bbox 1726 5463 1800 5484; x_wconf 74' lang='grc' dir='ltr'><strong>ιη-</strong></span> 
     </span>
    </p>
   </div>
   <div class='ocr_carea' id='block_1_100' title="bbox 249 5448 1800 5522">
    <p class='ocr_par' dir='ltr' id='par_1_100' title="bbox 249 5448 1800 5522">
     <span class='ocr_line' id='line_1_101' title="bbox 249 5448 1800 5522; baseline -0.005 -18"><span class='ocrx_word' id='word_1_755' title='bbox 249 5448 522 5522; x_wconf 69' lang='grc' dir='ltr'>Πνέὑματί</span> <span class='ocrx_word' id='word_1_756' title='bbox 555 5448 648 5510; x_wconf 90' lang='grc' dir='ltr'><strong>νῦν</strong></span> <span class='ocrx_word' id='word_1_757' title='bbox 677 5448 770 5508; x_wconf 74' lang='grc' dir='ltr'>καὶ</span> <span class='ocrx_word' id='word_1_758' title='bbox 802 5452 885 5510; x_wconf 77' lang='grc' dir='ltr'>ἀεὶ</span> <span class='ocrx_word' id='word_1_759' title='bbox 910 5454 1000 5504; x_wconf 66' lang='grc' dir='ltr'>καὶ</span> <span class='ocrx_word' id='word_1_760' title='bbox 1030 5453 1106 5514; x_wconf 79' lang='grc' dir='ltr'>εἰς</span> <span class='ocrx_word' id='word_1_761' title='bbox 1132 5448 1254 5513; x_wconf 75' lang='grc' dir='ltr'>τοὺς</span> <span class='ocrx_word' id='word_1_762' title='bbox 1288 5448 1488 5512; x_wconf 88' lang='grc' dir='ltr'>αίῶνας</span> <span class='ocrx_word' id='word_1_763' title='bbox 1527 5448 1633 5497; x_wconf 84' lang='grc' dir='ltr'><strong>τῶν</strong></span> <span class='ocrx_word' id='word_1_764' title='bbox 1667 5448 1800 5496; x_wconf 77' lang='grc' dir='ltr'><strong>αἰώ-</strong></span> 
     </span>
    </p>
   </div>
   <div class='ocr_carea' id='block_1_101' title="bbox 1646 4664 2126 4721">
    <p class='ocr_par' dir='ltr' id='par_1_101' title="bbox 1646 4664 2126 4721">
     <span class='ocr_line' id='line_1_102' title="bbox 1646 4664 2126 4721; baseline -0.01 -1"><span class='ocrx_word' id='word_1_765' title='bbox 1646 4668 1691 4697; x_wconf 72' lang='grc'><strong>⁸⁶</strong></span> <span class='ocrx_word' id='word_1_766' title='bbox 1712 4666 1854 4721; x_wconf 88' lang='lat' dir='ltr'><strong>Psal.</strong></span> <span class='ocrx_word' id='word_1_767' title='bbox 1894 4680 2046 4720; x_wconf 76' lang='lat' dir='ltr'><strong>xvttt.</strong></span> <span class='ocrx_word' id='word_1_768' title='bbox 2074 4664 2126 4716; x_wconf 76' lang='lat'><strong>9..</strong></span> 
     </span>
    </p>
   </div>
   <div class='ocr_carea' id='block_1_102' title="bbox 2228 4653 3466 4723">
    <p class='ocr_par' dir='ltr' id='par_1_102' title="bbox 2228 4653 3466 4723">
     <span class='ocr_line' id='line_1_103' title="bbox 2228 4653 3466 4723; baseline -0.003 -9"><span class='ocrx_word' id='word_1_769' title='bbox 2228 4659 2269 4691; x_wconf 78' lang='grc'><strong>⁴⁷</strong></span> <span class='ocrx_word' id='word_1_770' title='bbox 2313 4659 2466 4714; x_wconf 85' lang='lat' dir='ltr'><strong>Joan.</strong></span> <span class='ocrx_word' id='word_1_771' title='bbox 2494 4674 2591 4719; x_wconf 78' lang='grc' dir='ltr'>χιι,</span> <span class='ocrx_word' id='word_1_772' title='bbox 2630 4657 2719 4710; x_wconf 73' lang='grc'><strong>29.</strong></span> <span class='ocrx_word' id='word_1_773' title='bbox 2829 4656 2872 4687; x_wconf 75' lang='grc'><strong>⁸⁸</strong></span> <span class='ocrx_word' id='word_1_774' title='bbox 2895 4655 3080 4710; x_wconf 82' lang='lat' dir='ltr'><strong>Matth.</strong></span> <span class='ocrx_word' id='word_1_775' title='bbox 3113 4670 3229 4722; x_wconf 85' lang='lat' dir='ltr'><strong>vm,</strong></span> <span class='ocrx_word' id='word_1_776' title='bbox 3261 4654 3352 4723; x_wconf 60' lang='grc' dir='ltr'>Ἡ,</span> <span class='ocrx_word' id='word_1_777' title='bbox 3377 4653 3466 4711; x_wconf 79' lang='grc'><strong>27.</strong></span> 
     </span>
    </p>
   </div>
   <div class='ocr_carea' id='block_1_103' title="bbox 1907 4881 3469 4956">
    <p class='ocr_par' dir='ltr' id='par_1_103' title="bbox 1907 4881 3469 4956">
     <span class='ocr_line' id='line_1_104' title="bbox 1907 4881 3469 4956; baseline -0.004 -15"><span class='ocrx_word' id='word_1_778' title='bbox 1907 4906 2032 4941; x_wconf 89' lang='grc' dir='ltr'>νων.</span> <span class='ocrx_word' id='word_1_779' title='bbox 2079 4888 2269 4956; x_wconf 81' lang='grc' dir='ltr'>Ἀμήν.</span> <span class='ocrx_word' id='word_1_780' title='bbox 2329 4883 2392 4956; x_wconf 85' lang='lat' dir='ltr'><strong>l_n</strong></span> <span class='ocrx_word' id='word_1_781' title='bbox 2422 4881 2638 4956; x_wconf 63' lang='lat' dir='ltr'><strong>Christo</strong></span> <span class='ocrx_word' id='word_1_782' title='bbox 2659 4881 3060 4956; x_wconf 29' lang='lat' dir='ltr'><strong>lein-Domino</strong></span> <span class='ocrx_word' id='word_1_783' title='bbox 3108 4894 3305 4944; x_wconf 77' lang='lat' dir='ltr'><strong>nostra,</strong></span> <span class='ocrx_word' id='word_1_784' title='bbox 3353 4901 3469 4935; x_wconf 82' lang='lat' dir='ltr'><strong>rum</strong></span> 
     </span>
    </p>
   </div>
   <div class='ocr_carea' id='block_1_104' title="bbox 1904 4951 3471 5025">
    <p class='ocr_par' dir='ltr' id='par_1_104' title="bbox 1904 4951 3471 5025">
     <span class='ocr_line' id='line_1_105' title="bbox 1904 4951 3471 5025; baseline -0.002 -19"><span class='ocrx_word' id='word_1_785' title='bbox 1904 4974 2006 5025; x_wconf 84' lang='lat' dir='ltr'><strong>quo</strong></span> <span class='ocrx_word' id='word_1_786' title='bbox 2041 4951 2213 5025; x_wconf 73' lang='lat' dir='ltr'><strong>gloria</strong></span> <span class='ocrx_word' id='word_1_787' title='bbox 2228 4964 2300 5005; x_wconf 79' lang='lat' dir='ltr'><strong>est</strong></span> <span class='ocrx_word' id='word_1_788' title='bbox 2334 4952 2486 5004; x_wconf 79' lang='lat' dir='ltr'><strong>Patri</strong></span> <span class='ocrx_word' id='word_1_789' title='bbox 2516 4964 2560 5003; x_wconf 83' lang='lat' dir='ltr'><strong>et</strong></span> <span class='ocrx_word' id='word_1_790' title='bbox 2584 4951 2823 5025; x_wconf 77' lang='lat' dir='ltr'><strong>Spiritui</strong></span> <span class='ocrx_word' id='word_1_791' title='bbox 2858 4966 3060 5025; x_wconf 69' lang='lat' dir='ltr'><strong>sancto,</strong></span> <span class='ocrx_word' id='word_1_792' title='bbox 3092 4969 3225 5025; x_wconf 81' lang='lat' dir='ltr'><strong>nunc</strong></span> <span class='ocrx_word' id='word_1_793' title='bbox 3256 4962 3302 5005; x_wconf 82' lang='lat' dir='ltr'><strong>et</strong></span> <span class='ocrx_word' id='word_1_794' title='bbox 3332 4969 3471 5025; x_wconf 70' lang='lat' dir='ltr'><strong>aem-</strong></span> 
     </span>
    </p>
   </div>
   <div class='ocr_carea' id='block_1_105' title="bbox 1903 5021 3469 5090">
    <p class='ocr_par' dir='ltr' id='par_1_105' title="bbox 1903 5021 3469 5090">
     <span class='ocr_line' id='line_1_106' title="bbox 1903 5021 3469 5090; baseline -0.002 -14"><span class='ocrx_word' id='word_1_795' title='bbox 1903 5021 2013 5090; x_wconf 69' lang='lat' dir='ltr'><strong>per.</strong></span> <span class='ocrx_word' id='word_1_796' title='bbox 2041 5021 2093 5076; x_wconf 60' lang='lat' dir='ltr'><strong>rt</strong></span> <span class='ocrx_word' id='word_1_797' title='bbox 2120 5027 2173 5075; x_wconf 71' lang='lat' dir='ltr'><strong>in</strong></span> <span class='ocrx_word' id='word_1_798' title='bbox 2205 5025 2397 5075; x_wconf 77' lang='lat' dir='ltr'><strong>sa&#39;cula</strong></span> <span class='ocrx_word' id='word_1_799' title='bbox 2432 5024 2762 5075; x_wconf 70' lang='lat' dir='ltr'><strong>smcqurum.</strong></span> <span class='ocrx_word' id='word_1_800' title='bbox 2785 5022 2972 5075; x_wconf 75' lang='lat' dir='ltr'><strong>Amen.</strong></span> <span class='ocrx_word' id='word_1_801' title='bbox 3005 5021 3108 5074; x_wconf 86' lang='lat' dir='ltr'><strong>Sed</strong></span> <span class='ocrx_word' id='word_1_802' title='bbox 3143 5023 3253 5074; x_wconf 66' lang='lat' dir='ltr'><strong>haec</strong></span> <span class='ocrx_word' id='word_1_803' title='bbox 3288 5023 3469 5084; x_wconf 87' lang='lat' dir='ltr'><strong>verba,</strong></span> 
     </span>
    </p>
   </div>
   <div class='ocr_carea' id='block_1_106' title="bbox 1904 5091 3472 5163">
    <p class='ocr_par' dir='ltr' id='par_1_106' title="bbox 1904 5091 3472 5163">
     <span class='ocr_line' id='line_1_107' title="bbox 1904 5091 3472 5163; baseline 0 -19"><span class='ocrx_word' id='word_1_804' title='bbox 1904 5095 1960 5144; x_wconf 84' lang='grc' dir='ltr'>ὲν</span> <span class='ocrx_word' id='word_1_805' title='bbox 1985 5095 2060 5162; x_wconf 80' lang='grc' dir='ltr'>τῷ</span> <span class='ocrx_word' id='word_1_806' title='bbox 2084 5093 2300 5163; x_wconf 82' lang='grc' dir='ltr'>Χριστῷ</span> <span class='ocrx_word' id='word_1_807' title='bbox 2346 5092 2518 5162; x_wconf 84' lang='grc' dir='ltr'>Ἰησοῦ</span> <span class='ocrx_word' id='word_1_808' title='bbox 2560 5101 2612 5143; x_wconf 83' lang='lat' dir='ltr'><strong>et</strong></span> <span class='ocrx_word' id='word_1_809' title='bbox 2641 5106 2759 5156; x_wconf 76' lang='lat' dir='ltr'><strong>qua:</strong></span> <span class='ocrx_word' id='word_1_810' title='bbox 2780 5104 3105 5163; x_wconf 85' lang='lat' dir='ltr'><strong>__scqnuntnr</strong></span> <span class='ocrx_word' id='word_1_811' title='bbox 3129 5091 3331 5151; x_wconf 85' lang='lat' dir='ltr'><strong>omnia,</strong></span> <span class='ocrx_word' id='word_1_812' title='bbox 3349 5109 3472 5163; x_wconf 18' lang='lat' dir='ltr'><strong>Anon</strong></span> 
     </span>
    </p>
   </div>
   <div class='ocr_carea' id='block_1_107' title="bbox 1906 5161 3470 5233">
    <p class='ocr_par' dir='ltr' id='par_1_107' title="bbox 1906 5161 3470 5233">
     <span class='ocr_line' id='line_1_108' title="bbox 1906 5161 3470 5233; baseline -0.001 -19"><span class='ocrx_word' id='word_1_813' title='bbox 1906 5161 2154 5233; x_wconf 77' lang='lat' dir='ltr'><strong>leguntur</strong></span> <span class='ocrx_word' id='word_1_814' title='bbox 2188 5161 2359 5230; x_wconf 71' lang='lat' dir='ltr'><strong>neque</strong></span> <span class='ocrx_word' id='word_1_815' title='bbox 2392 5161 2441 5215; x_wconf 89' lang='lat' dir='ltr'><strong>in</strong></span> <span class='ocrx_word' id='word_1_816' title='bbox 2491 5163 2732 5233; x_wconf 79' lang='lat' dir='ltr'><strong>editione</strong></span> <span class='ocrx_word' id='word_1_817' title='bbox 2780 5161 2908 5213; x_wconf 85' lang='lat' dir='ltr'><strong>Ven.</strong></span> <span class='ocrx_word' id='word_1_818' title='bbox 2944 5175 3150 5233; x_wconf 68' lang='lat' dir='ltr'><strong>neque</strong></span> <span class='ocrx_word' id='word_1_819' title='bbox 3176 5175 3227 5211; x_wconf 88' lang='lat' dir='ltr'><strong>In</strong></span> <span class='ocrx_word' id='word_1_820' title='bbox 3261 5161 3470 5233; x_wconf 80' lang='lat' dir='ltr'><strong>codici-</strong></span> 
     </span>
    </p>
   </div>
   <div class='ocr_carea' id='block_1_108' title="bbox 1905 5229 3469 5303">
    <p class='ocr_par' dir='ltr' id='par_1_108' title="bbox 1905 5229 3469 5303">
     <span class='ocr_line' id='line_1_109' title="bbox 1905 5229 3469 5303; baseline -0.003 -17"><span class='ocrx_word' id='word_1_821' title='bbox 1905 5229 2005 5288; x_wconf 79' lang='lat' dir='ltr'><strong>bus</strong></span> <span class='ocrx_word' id='word_1_822' title='bbox 2032 5229 2445 5303; x_wconf 85' lang='lat' dir='ltr'><strong>antiquioribus,</strong></span> <span class='ocrx_word' id='word_1_823' title='bbox 2478 5246 2574 5283; x_wconf 91' lang='lat' dir='ltr'><strong>nec</strong></span> <span class='ocrx_word' id='word_1_824' title='bbox 2611 5230 3035 5303; x_wconf 64' lang='lat' dir='ltr'><strong>dubiuurliabeo</strong></span> <span class='ocrx_word' id='word_1_825' title='bbox 3062 5229 3189 5303; x_wconf 81' lang='lat' dir='ltr'><strong>quin</strong></span> <span class='ocrx_word' id='word_1_826' title='bbox 3234 5230 3339 5303; x_wconf 78' lang='lat' dir='ltr'><strong>sint</strong></span> <span class='ocrx_word' id='word_1_827' title='bbox 3371 5229 3469 5281; x_wconf 82' lang='lat' dir='ltr'><strong>ad-</strong></span> 
     </span>
    </p>
   </div>
   <div class='ocr_carea' id='block_1_109' title="bbox 1911 5299 3471 5367">
    <p class='ocr_par' dir='ltr' id='par_1_109' title="bbox 1911 5299 3471 5367">
     <span class='ocr_line' id='line_1_110' title="bbox 1911 5299 3471 5367; baseline -0.001 -11"><span class='ocrx_word' id='word_1_828' title='bbox 1911 5299 2206 5358; x_wconf 76' lang='lat' dir='ltr'><strong>ditamenta</strong></span> <span class='ocrx_word' id='word_1_829' title='bbox 2266 5303 2629 5364; x_wconf 86' lang='lat' dir='ltr'><strong>librariorum,</strong></span> <span class='ocrx_word' id='word_1_830' title='bbox 2696 5303 2766 5354; x_wconf 91' lang='lat' dir='ltr'><strong>ob</strong></span> <span class='ocrx_word' id='word_1_831' title='bbox 2847 5299 3004 5367; x_wconf 90' lang='lat' dir='ltr'><strong>idque</strong></span> <span class='ocrx_word' id='word_1_832' title='bbox 3074 5299 3294 5353; x_wconf 90' lang='lat' dir='ltr'><strong>delenda</strong></span> <span class='ocrx_word' id='word_1_833' title='bbox 3347 5311 3471 5354; x_wconf 72' lang='lat' dir='ltr'><strong>esse</strong></span> 
     </span>
    </p>
   </div>
   <div class='ocr_carea' id='block_1_110' title="bbox 1911 5375 2214 5429">
    <p class='ocr_par' dir='ltr' id='par_1_110' title="bbox 1911 5375 2214 5429">
     <span class='ocr_line' id='line_1_111' title="bbox 1911 5375 2214 5429; baseline 0 -3"><span class='ocrx_word' id='word_1_834' title='bbox 1911 5375 2214 5429; x_wconf 68' lang='lat' dir='ltr'><strong>existimav‘</strong></span> 
     </span>
    </p>
   </div>
  </div>
