4208 6496
735 401 838 463 671

2045 389 2096 446 S.
2145 391 2228 447 BA
2239 389 2389 446 SlLll
2429 384 2645 443 MAGNI

3888 376 3998 434 672

769 541 3993 571 ______________________________________._____________.___

1934 699 2758 798 279MONITUM.

812 1063 928 1119 Jam
965 1064 1199 1118 diximus
1229 1077 1334 1115 non
1369 1061 1560 1117 deesse
1589 1061 1679 1128 qui
1715 1061 1813 1116 hos
1847 1061 2068 1115 ultimos
2094 1057 2230 1113 duos
2261 1057 2427 1112 libros
2461 1065 2717 1112 revocent
2745 1054 2798 1108 in
2828 1055 3047 1111 dubium
3077 1074 3093 1113 :
3125 1059 3218 1114 sed
3248 1068 3553 1126 perpaucos
3605 1053 3877 1122 inveniri,
3911 1066 3977 1108 ne

743 1171 847 1225 que
877 1172 971 1211 eos
1003 1171 1153 1210 suam
1197 1153 1507 1222 opinionem
1541 1152 1844 1208 rationibus
1878 1153 2010 1206 satis
2051 1150 2223 1204 [inuis
2266 1147 2542 1214 stabilire;
2586 1149 2655 1203 ob
2709 1146 2870 1217 idque
2912 1147 3196 1202 adversam
3224 1146 3540 1216 opinionem
3571 1144 3650 1199 ita
3684 1149 3913 1212 vicisse,
3950 1154 4004 1199 ut

742 1266 859 1306 eam
907 1265 1094 1305 onines
1134 1265 1242 1303 uno
1292 1264 1557 1306 consensu
1604 1249 1835 1315 amplexi
1894 1248 2022 1301 sint.
2057 1247 2266 1301 Rursus
2313 1259 2534 1302 monere
2569 1244 2744 1314 juvat,
2772 1243 2822 1296 id
2852 1252 3232 1312 argumentum
3267 1244 3319 1297 in
3347 1240 3680 1295 Praefatione
3714 1247 3819 1298 sub
3848 1244 4002 1298 finem

745 1341 1017 1412 diligentia
1053 1359 1215 1414 quam
1246 1344 1394 1399 licuit
1423 1340 1652 1395 maxima
1689 1341 1926 1396 tractari.

1215 1675 1562 1810 ΤΟΥ
1634 1669 2204 1806 ΑΥΤΟΥ
2278 1667 3521 1809 ΑΝΤΙΡΡΗΤΙΚΟΣ

851 1909 960 1962 Καὶ
994 1911 1142 1965 κατὰ
1173 1913 1464 1980 Εὑνομίου
1498 1907 1734 1974 ἀπορίαι
1764 1907 1876 1974 (em
1907 1906 2003 1960 καὶ
2031 1909 2242 1970 λύσεις
2269 1905 2336 1956 ἐκ
2371 1903 2487 1957 τῶν
2516 1909 2932 1962 θεοπνεύστων
2965 1907 3238 1978 Πατρῶν,
3263 1912 3349 1977 εὶς
3375 1911 3445 1966 τὰ
3469 1910 3910 1981 ἀντιλεγόμενα

1587 2003 1720 2072 περὶ
1760 2003 1864 2057 τοῦ
1904 2005 2041 2058 Υἱοῦ
2061 2004 2131 2057 ἐν
2155 2000 2228 2070 τῇ
2259 2001 2448 2070 Καινῇ
2478 1990 2575 2057 κάὶ
2612 2004 2843 2072 Παλαιᾷ
2871 2005 3149 2078 Διαθήκῃ,

2107 2169 2468 2257 ΛΟΓΟΣ
2545 2166 2611 2253 Δ
2636 2235 2654 2253 .

1181 2511 1812 2628 EJUSDEM
1905 2511 2370 2626 SERMO
2452 2509 3662 2627 CONFUTATORIUS

836 2733 910 2792 Et
949 2739 1158 2792 contra
1204 2731 1591 2790 Eunomium
1628 2727 2034 2789 difﬁcultates
2071 2747 2142 2790 ac
2173 2731 2530 2790 solutiones
2569 2748 2643 2790 ex
2678 2729 2916 2791 divinis
2947 2729 3326 2808 Scripturis,
3366 2729 3529 2793 circa
3565 2751 3637 2795 ea
3670 2751 3821 2812 quas
3853 2750 3929 2796 ex

1296 2829 1566 2888 adverso
1602 2825 2015 2904 proferuntur
2053 2827 2131 2887 de
2170 2828 2358 2902 Filio,
2385 2829 2446 2888 in
2478 2831 2655 2890 Novo
2684 2848 2753 2893 ac
2787 2832 2999 2894 Veteri
3033 2835 3463 2904 Testamento,

1859 3012 2222 3102 LIBER
2295 3013 2884 3118 QUARTUS.

831 3346 883 3399 1.
920 3342 977 3396 Si
1025 3341 1196 3394 Filius
1233 3349 1420 3391 natura
1454 3337 1594 3393 Deus
1633 3347 1735 3398 est,
1772 3338 1912 3390 Deus
1957 3347 2136 3391 autem
2164 3350 2244 3393 est
2276 3348 2331 3393 et
2358 3351 2405 3406 Α

2358 3351 2405 3406 Α
2505 3342 2553 3394 1.
2593 3344 2654 3395 Εἰ
2685 3341 2840 3411 φύσει
2863 3341 2994 3404 Θεὸς
3020 3343 3048 3394 6
3077 3342 3202 3405 Υἱὸς
3229 3381 3243 3404 ,
3273 3341 3406 3406 Θεὸς
3431 3341 3489 3395 δὲ
3520 3341 3685 3412 φύσει
3711 3343 3809 3397 καὶ
3840 3345 3869 3397 6
3896 3343 4001 3398 Πα-

757 3434 917 3491 Pater
963 3442 1152 3486 natura
1187 3447 1201 3484 :
1236 3445 1339 3482 non
1392 3429 1551 3482 aliter
1603 3428 1772 3487 Filius
1832 3429 1968 3483 Deus
2028 3439 2128 3492 est,
2170 3428 2325 3483 aliter

2425 3435 2550 3504 τὴρ,
2583 3435 2680 3487 οὐκ
2725 3435 2898 3497 ἄλλως
2946 3435 3075 3498 Θεὸς
3129 3437 3157 3487 6
3199 3434 3359 3500 Υἱὸς,
3395 3437 3597 3507 ἑτέρως
3646 3436 3702 3490 δὲ
3735 3440 3764 3490 6
3799 3437 4000 3506 Πατὴρ.

758 3527 938 3588 Pater,
971 3525 1063 3578 sed
1110 3520 1399 3585 similiter;
1429 3526 1510 3574 sin
1546 3530 1725 3574 autem
1781 3520 1949 3574 Filius
1979 3536 2085 3574 non
2135 3532 2325 3575 natura

759 3618 902 3671 Deus
948 3625 1052 3678 est,
1089 3624 1145 3666 ut
1191 3613 1226 3667 ii
1269 3615 1357 3682 qui
1406 3612 1542 3667 falso
1589 3613 1661 3668 dii
1721 3613 2088 3682 appellantur,
2134 3615 2331 3668 dicitur

761 3707 926 3769 Deus,
963 3722 1062 3759 nec
1109 3716 1190 3757 est
1234 3717 1432 3758 tamen.
1485 3702 1541 3757 Si
1580 3702 1746 3756 Filius
1777 3719 1918 3757 unus
1966 3703 2221 3756 Dominus
2250 3712 2332 3756 est

761 3810 976 3861 natura,
1018 3798 1060 3850 si
1093 3797 1254 3850 Pater
1285 3811 1500 3863 qucque
1553 3805 1746 3847 natura
1796 3796 2055 3849 Dominus
2080 3805 2180 3858 est,
2205 3809 2330 3863 pro—

764 3891 906 3944 fecto
953 3904 1057 3942 non
1100 3887 1203 3940 alia
1255 3895 1468 3938 natura.
1535 3886 1600 3937 Et
1647 3886 1690 3938 si
1743 3884 1899 3937 Pater
1959 3886 2154 3938 dicitur
2192 3900 2330 3938 unus

764 3984 931 4045 Deus,
964 3992 1017 4036 et
1060 3983 1102 4035 si
1147 3979 1316 4034 Filius
1345 3994 1560 4048 quoque
1615 3980 1776 4043 Deus,
1816 3992 1919 4030 non
1972 3976 2072 4030 alia
2115 3987 2327 4042 natura,

763 4078 856 4131 sed
887 4091 1009 4128 una.
1044 4075 1096 4127 Si
1128 4091 1266 4125 unus
1301 4073 1554 4126 Dominus
1587 4083 1797 4134 natura,
1844 4085 2151 4139 quanquam
2179 4069 2329 4123 multi

764 4168 858 4221 ﬁlii
898 4168 1189 4235 adeptione
1236 4167 1598 4232 appellantur,
1636 4175 1691 4217 et
1741 4181 1879 4217 unus
1906 4163 2080 4217 Filius
2115 4173 2327 4226 natura,

763 4275 1070 4330 quanquam
1098 4258 1386 4327 adoptione
1423 4259 1800 4320 nominantur;
1842 4257 2039 4327 quippe
2079 4273 2198 4320 vox,
2237 4259 2334 4309 ad-

768 4355 996 4420 optione,
1022 4354 1085 4405 ad
1105 4350 1455 4403 imitationem
1475 4348 1590 4417 ejus
1613 4348 1753 4416 quod
1774 4358 1962 4400 natura
1989 4360 2072 4401 est
2099 4350 2329 4402 dicitur:

768 4443 902 4496 nihil
934 4445 1073 4496 enim
1125 4441 1412 4509 adoptione
1458 4439 1562 4492 dici
1609 4447 1802 4506 potest,
1837 4440 1938 4492 nisi
1981 4441 2249 4507 praecedat
2282 4443 2330 4492 id

767 4538 907 4606 quod
945 4544 1134 4588 natura
1167 4543 1267 4587 est.
1317 4533 1544 4586 Proinde
1577 4533 1622 4584 si
1667 4547 1764 4584 nos
1798 4532 2083 4601 adoptione
2125 4533 2217 4585 lilii
2244 4550 2331 4585 su-

769 4642 887 4680 mus
935 4626 1047 4690 Dei,
1106 4640 1325 4680 necesse
1371 4635 1453 4680 est
1516 4637 1706 4678 natura
1757 4625 1948 4680 Filium
1993 4627 2328 4681 antecedere.

2428 3527 2541 3580 ἁλλ⁹
2574 3528 2771 3600 ὁμοίως
2797 3545 2809 3557 ·
2841 3531 2888 3581 εί
2917 3528 2972 3581 δὲ
3006 3530 3064 3582 οὐ
3098 3529 3257 3599 φύσει
3289 3531 3419 3594 Θεὸς
3451 3534 3480 3584 6
3513 3531 3663 3594 Υἱὸς,
3698 3531 3775 3593 ὡς
3802 3532 3851 3582 oi
3879 3531 4002 3599 ψευσ

2430 3621 2534 3685 δὼς
2566 3621 2847 3692 λεγόμενοι
2883 3621 3014 3687 θεοὶ,
3045 3624 3258 3693 λέγεται
3291 3624 3420 3694 (50),
3457 3624 3550 3676 καὶ
3578 3623 3678 3674 οὐκ
3707 3623 3824 3673 ἔστι
3855 3621 3999 3682 Θεός.

2432 3715 2494 3767 Εἰ
2529 3709 2609 3778 εἷς
2648 3715 2850 3786 Κύριος
2898 3716 2926 3767 6
2961 3717 3085 3780 Υἱὸς
3120 3716 3297 3785 φύσει,
3326 3715 3525 3784 Κύριος
3550 3714 3606 3764 δὲ
3641 3714 3734 3764 καὶ
3761 3715 3790 3764 6
3821 3712 4004 3782 Πατὴρ

2434 3809 2624 3876 φύσει,
2652 3809 2896 3878 δηλονότι
2933 3811 3029 3880 οὐχ
3057 3810 3216 3879 ἑτέρᾳ
3242 3807 3399 3875 φύσει
3439 3807 3571 3875 (51).
3601 3805 3721 3859 Κᾶν
3757 3800 3837 3868 εἷς
3857 3803 3948 3858 οὖν
3978 3806 4005 3856 6

2431 3899 2562 3962 Θεὸς
2607 3900 2635 3950 6
2689 3900 2876 3970 Πατὴρ
2930 3899 3166 3967 λέγεται,
3229 3895 3358 3959 Θεὸς
3412 3895 3468 3950 δὲ
3525 3895 3616 3948 καὶ
3648 3896 3676 3946 ὁ
3720 3893 4004 3958 Υἱὸς,οὐκ

2430 3991 2564 4064 ἄλλῃ
2590 3991 2768 4060 φύσει,
2798 3991 2931 4043 ἀλλὰ
2970 3992 3088 4060 μιᾷ.
3138 3991 3200 4042 Ei
3229 3985 3308 4051 εἷς
3343 3987 3546 4061 Κύριος
3577 3987 3760 4053 φύσει,
3798 3985 4004 4038 πολλῶν

2432 4082 2578 4134 θέσει
2626 4080 2996 4151 καλουμένων,
3031 4081 3125 4133 καὶ
3159 4074 3237 4143 εἷς
3278 4079 3402 4142 Υἱὸς
3434 4078 3612 4147 φύσει,
3653 4075 3868 4129 πολλῶν
3899 4077 4005 4128 6w—

2436 4173 2754 4245 μαζομένων
2782 4171 2913 4224 υἱῶν
2938 4171 3084 4224 θέσει
3114 4170 3250 4243 (ὗὲ),
3286 4171 3367 4235 τὸ,
3395 4170 3581 4237 θέσει,
3605 4169 3746 4222 κατὰ
3777 4169 4004 4240 μίμησιν

2432 4265 2525 4318 τοῦ
2554 4264 2711 4334 φύσει.
2748 4264 2995 4331 λέγεται·
3031 4261 3176 4314 θέσει
3209 4260 3317 4332 γὰρ
3369 4260 3517 4313 οὐδὲν
3553 4259 3619 4312 ἂν
3651 4259 3896 4330 λεχθείη,
3935 4276 4003 4328 μη

2436 4351 2842 4424 προηγουμένου
2895 4350 2984 4402 τοῦ
3030 4349 3207 4419 φύσει.
3256 4350 3317 4401 Εἰ
3366 4345 3456 4401 οὖν
3506 4349 3668 4419 ἡμεῖς
3709 4350 3818 4402 υἱοὶ
3865 4349 4003 4401 θέσει

2434 4445 2568 4496 Θεοῦ
2599 4446 2729 4514 (55),
2762 4443 2973 4512 ἀνάγκη
2995 4443 3084 4494 τὸν
3109 4441 3264 4509 φύσει
3293 4440 3420 4492 Υἰὸν
3448 4440 3846 4510 προϋπάρχειν.
3875 4437 4004 4493 Εἶτα

2434 4534 2648 4604 ἀληθῶς
2700 4534 2934 4602 ὀνόματα
2985 4533 3084 4601 τῆς
3141 4531 3326 4593 οὐσίας
3395 4525 3468 4583 ὦν
3543 4533 3691 4584 ἐστιν
3749 4531 4000 4602 ὀνόματα,

2433 4602 2806 4696 γνωρίσματα.
2843 4623 3046 4694 Κύριος
3082 4623 3138 4674 δὲ
3171 4624 3266 4676 καὶ
3291 4621 3420 4686 Θεὸς
3454 4622 3671 4693 ἀληθῶς
3709 4625 3808 4676 καὶ
3839 4626 3868 4677 ό
3896 4626 4002 4678 Ha-

775 4829 800 4851 τ
840 4763 948 4848 (29)
974 4762 1150 4851 [illitis
1178 4762 1349 4816 Paris.
1387 4763 1742 4845 ᾁντιρρητικὰ
1786 4765 1912 4851 κατ’.
1950 4763 2237 4850 Εὐνομίορ,
2273 4766 2330 4816 ὲν
2367 4751 2406 4802 Β
2436 4803 2437 4810 η

2367 4751 2406 4802 Β
2436 4763 2550 4851 dem
2574 4779 2677 4851 non
2711 4762 3056 4851 condemnant
3078 4766 3214 4832 quod
3241 4761 3509 4851 quidpiam
3529 4764 4000 4851 σοηιὶηςριαρεοιιὶ.

769 4829 811 4902 ᾧ
845 4829 1091 4906 ἆπορίαι,
1134 4847 1263 4906 etc_.,
1289 4845 1348 4886 ut
1395 4836 1444 4886 in
1498 4829 1748 4906 cuntexut
1777 4835 1914 4906 :‘ubi
1963 4851 2056 4903 pro
2082 4829 2138 4886 ἐν
2167 4829 2232 4901 ᾧ,
2275 4845 2332 4887 ιιι

769 4899 970 4959 oinnes'
987 4907 1184 4964 vident,
1213 4904 1313 4972 legi
1343 4915 1553 4973 oportet
1577 4905 1634 4955 ὲν
1675 4899 1775 4966 οἷς.
1813 4899 2200 4972 ιὶθα.’‹ιιι;ιι·ιυε
2232 4907 2323 4958 τοῦ

769 4975 932 5054 αὐτομῦ
964 4975 1096 5054 τερος
1118 4973 1378 5054 Εὐνόμιον
1403 4974 1650 5054 περὶ-τοῦ
1687 4977 1840 5042 ἁγίου
1876 4975 2210 5044 Πνεύματος,
2242 4976 2330 5028 λό-

769 5064 865 5117 γος
886 5045 946 5117 δέ.
969 5044 1218 5113 Ejusdem
1254 5046 1504 5097 adversm
1531 5044 1854 5098 Eunomium
1882 5049 1942 5098 de
1972 5048 2170 5112 Spiritu
2207 5063 2332 5100 san-

773 5115 874 5176 cto,
908 5115 1039 5167 liber
1079 5127 1318 5183 quartus.
1353 5118 1672 5182 Quanquam
1699 5127 1878 5170 autem
1921 5118 2148 5168 aliorum
2177 5119 2333 5170 cudi-

773 5201 894 5240 cum
931 5188 1067 5257 alius
1094 5197 1176 5239 est
1199 5186 1402 5257 titulus,
1430 5196 1618 5257 tamen
1649 5187 1793 5257 in_eo
1815 5191 2162 5249 conveniunt,
2189 5191 2330 5257 quod

775 5259 829 5308 in
868 5255 1122 5307 omnibus
1156 5256 1404 5324 hit-iiber
1430 5253 1628 5307 Basilio
1676 5254 1872 5324 Magno
1905 5259 2183 5313 tribuitur.
2207 5253 2328 5312 ἶιιιο

778 5328 830 5378 in
857 5328 973 5393 ipso
1000 5341 1212 5393 quoque
1246 5323 1374 5395 Reg.
1401 5328 1590 5392 quinto
1615 5327 1714 5378 hoc
1742 5323 1878 5394 opus
1916 5327 2115 5380 Basilio
2146 5338 2330 5381 nostro

778 5395 972 5448 ascribi
1025 5406 1282 5448 constat:
1322 5398 1412 5448 sed
1463 5405 1530 5448 ita
1586 5406 1784 5458 tamen,
1847 5405 1906 5447 ut
1954 5399 2107 5450 initio
2151 5401 2328 5464 cperis

776 5466 1019 5537 leguntur
1045 5466 1138 5537 illa
1177 5485 1189 5519 :
1226 5467 1336 5537 Κᾳὶ
1362 5467 1489 5535 περὶ
1532 5466 1719 5518 τούτου
1752 5465 1842 5518 τοῦ
1871 5466 2029 5537 λόγου
2079 5467 2331 5537 διάφορος

781 5536 932 5606 πσρὰ
974 5535 1182 5599 πολλοῖς
1224 5535 1349 5600 δόξα.
1377 5539 1586 5606 κρατεῖ,
1622 5537 1728 5590 τῶν
1755 5538 1849 5606 μὲν
1879 5536 2141 5604 λεγόντων
2173 5535 2331 5590 αὐτὸν

777 5605 872 5657 τοῦ
904 5607 1075 5678 ἁγίου(
1105 5605 1552 5678 Βασιλείου,τῶν
1595 5606 1650 5658 δὲ
1705 5605 2087 5673 ἀντιλεγόντων
2125 5610 2243 5678 μὲν,
2272 5610 2328 5660 οὐ

777 5676 1218 5745 κατηγορούντων
1248 5678 1304 5729 δὲ
1328 5677 1401 5738 ὥς
1436 5694 1486 5727 τι
1532 5678 1870 5748 ἀπεμιραῖνον
1900 5676 2135 5748 ἔχοντος,
2170 5679 2232 5731 Et
2275 5682 2337 5731 de

779 5750 876 5796 hoc
904 5751 1036 5799 libro
1065 5752 1213 5800 multi
1236 5754 1376 5801 varie
1404 5758 1661 5809 sentiunt,
1704 5749 1822 5800 aliis
1881 5753 2169 5801 dicentibus
2217 5767 2331 5802 eum

779 5833 887 5869 esse
911 5821 1084 5871 sancti
1117 5816 1326 5884 Basilii,
1353 5817 1472 5872 aliis
1502 5819 1839 5886 negantibus;
1873 5822 1961 5872 sed
1986 5828 2156 5872 tamen
2186 5835 2332 5873 eum-

2434 4835 2795 4888 Combetisius
2831 4845 3016 4887 monet
3046 4837 3187 4888 hunc
3239 4833 3436 4888 librum
3484 4836 3535 4888 in
3581 4850 3687 4887 uno
3713 4835 3884 4905 Regio
3917 4852 4003 4889 co-

2438 4905 2559 4982 dice
2611 4913 2826 4982 esstare
2872 4918 2886 4955 :
2927 4917 3026 4982 ego
3083 4915 3258 4982 tamen
3307 4905 3397 4982 qui
3459 4904 3874 4982 ιιίίιΙιςιιιιιεειιιιιΔ
3904 4906 4003 4982 Re-

2437 4977 2578 5044 giam
2604 4974 2891 5055 diligenter
2914 4975 3254 5043 perlustravi,
3283 4974 3547 5040 ejusmodi
3581 4977 3784 5029 librum
3826 4977 4003 5030 videre

2438 5061 2542 5099 ΙΙΟΠ
2578 5060 2819 5098 "lem"!!-

2509 5113 2952 5189 (50)_Delevimus
2984 5129 3168 5189 vocem
3203 5116 3318 5183 οὖν,
3351 5125 3471 5189 post
3513 5115 3757 5186 λέγεται,
3797 5133 3919 5189 quae
3956 5121 4000 5169 in

2441 5186 2632 5254 majori
2657 5196 2823 5254 parte
2850 5197 3093 5239 veterum
3121 5188 3381 5242 librorum
3408 5187 3582 5241 deest.

2509 5253 2621 5327 (51)
2650 5253 3033 5330 Κθςηςιιιιιιιυε
3064 5255 3302 5330 δηλονότι
3332 5259 3431 5330 οὐχ
3453 5329 3458 5330 γ
3483 5257 3646 5330 ἑτέρα
3672 5259 3859 5328 φύσις.
3891 5258 3999 5311 Mox

2438 5326 2574 5380 idem
2603 5327 2772 5396 codex
2793 5326 3037 5396 λέγηται,
3074 5326 3204 5391 Θεὸς
3227 5329 3282 5382 δὲ
3313 5326 3490 5382 καὶἺὸ.
3518 5326 3719 5383 Vticnla
3740 5331 3799 5383 δέ
3823 5332 3873 5383 in
3899 5331 4002 5383 edi-

2441 5400 2504 5450 tis
2530 5395 2957 5517 deiiilfra'batur.
3010 5398 3216 5454 Rursus
3256 5401 3397 5454 idem
3434 5399 3571 5453 liber
3603 5400 3708 5452 οὐκ
3745 5400 3878 5468 ἄλλη
3912 5398 4002 5467 φύ-

2441 5484 2540 5517 σις.
2566 5481 2601 5517 α
2729 5484 2842 5517 ιιια.

2439 5484 2540 5530 σις,
2566 5481 2701 5518 cum
2728 5481 2842 5530 μια.

2510 5484 2540 5530 ;,
2566 5484 2701 5518 αΑΑα
2728 5484 2842 5536 μια.

2510 5538 2619 5605 (52)
2645 5536 2782 5590 ΕιΙιιί
2821 5548 2872 5592 ct
2900 5537 3143 5593 nonnulli
3181 5555 3310 5592 mss.
3351 5539 3506 5602 υἱῶν,
3542 5540 3605 5591 τὸ
3657 5539 3828 5592 θέσει.
3876 5545 4000 5608 Reg.

2439 5619 2665 5676 quartus
2700 5609 2828 5662 υἱῶν
2871 5609 3038 5668 θέσει,
3089 5610 3169 5673 τὸ,
3205 5609 3371 5673 θέσει,
3405 5610 3620 5678 planius
3653 5627 3714 5663 ac
3751 5613 3952 5677 plenius
3987 5627 4000 5662 :

2444 5694 2599 5749 quam
2635 5681 2958 5746 scripturam
2991 5681 3209 5746 praefert
3254 5697 3466 5750 quoque
3495 5680 3625 5748 Reg.
3677 5692 3888 5744 sextus,
3916 5679 4000 5734 sed

2443 5749 2610 5803 solum
2639 5765 2798 5801 tuanu
2834 5751 3092 5804 secunda.

2513 5819 2625 5890 (53)
2673 5817 2891 5890 Legitur
2927 5822 2981 5876 in
3030 5820 3427 5892 antiquioribus
3473 5836 3606 5876 mss.
3641 5821 3778 5874 Θεοῦ
3817 5821 4002 5883 θέσεις
