4208 6500
215 463 321 517 675

1308 459 1673 519 ADVERSUS
1715 459 2077 518 EUNOMIUM
2121 465 2249 524 LIB.
2293 465 2389 522 IV.

3357 468 3462 527 674

211 582 320 653 τὴρ
349 593 439 636 καὶ
472 586 499 636 6
543 584 685 644 Υἱός.
736 581 797 632 Ἦ
838 579 975 649 αὐτὴ
1032 579 1137 652 ἄρα
1169 581 1343 646 οὐσία,
1393 585 1581 653 ὥσπερ
1611 587 1703 638 καὶ
1727 585 1871 644 τά,Λ

1800 587 1871 644 ,Α
1900 583 2185 648 Praeterea,
2227 602 2348 658 quae
2384 598 2507 639 vere
2545 592 2669 638 sunt
2717 586 2956 653 nomina,
2994 585 3191 642 indicia
3223 598 3348 642 sunt
3377 603 3462 642 es-

212 674 356 728 αὑτὰ
383 677 637 744 ὀνόματα.
675 672 739 722 Εἰ
787 674 860 740 μὴ
908 671 1020 743 (54)
1049 674 1354 743 γεννήσεως
1389 674 1448 725 τὸ
1483 678 1784 744 μονογενὲς,

210 766 351 819 ἀλλὰ
399 765 487 818 διὰ
526 763 586 813 τὸ
615 758 963 830 ἀσύγκριτον,
1021 763 1316 833 μονογενὴς
1347 764 1442 815 καὶ
1487 765 1515 815 6
1566 767 1786 837 Πατήρ.

210 857 543 924 ἀσύγκριτος
600 849 730 919 γάρ.
785 850 894 903 Καὶ
946 853 1053 904 πᾶν
1109 850 1165 902 δὲ
1221 851 1427 919 κτίσμα
1494 852 1566 923 μὴ
1605 855 1789 923 ὅμοιον

210 949 359 1017 ἄλλῳ
395 940 680 1013 μονογενὲς
701 958 713 971 ·
743 942 926 996 πολλοὶ
963 943 1071 1013 ἄρα
1105 946 1433 1010 μονογενεῐς,
1469 947 1562 998 καὶ
1588 948 1684 1016 οὐχ
1710 941 1791 1007 εἷς

209 1043 241 1092 ὁ
279 1037 405 1096 Υἱὸς
443 1033 534 1086 τοῦ
564 1033 718 1090 Θεοῦ.
749 1037 813 1090 Ei
845 1037 901 1090 δὲ
934 1035 1043 1104 (55)
1067 1035 1095 1086 ὁ
1124 1033 1248 1097 Υἱὸς
1286 1036 1381 1106 οὐχ
1414 1036 1597 1100 ἁπλῶς
1635 1054 1792 1107 μονο-

210 1128 395 1196 γενὴς,
435 1126 567 1181 ἀλλὰ
601 1127 725 1193 Υἱὸς
759 1125 1050 1199 μονογενὴς
1076 1166 1089 1187 ,
1124 1126 1218 1179 καὶ
1259 1128 1410 1199 παρά
1453 1129 1662 1200 Πατρδς
1697 1145 1791 1198 μο-

209 1219 431 1289 νογενὴς
489 1221 622 1292 (56),
662 1223 690 1273 6
736 1219 862 1280 Υἱὸς
903 1217 996 1269 καὶ
1035 1222 1327 1291 μονογενής
1382 1224 1532 1283 ἐστι,
1585 1220 1679 1272 καὶ
1729 1220 1789 1272 οὐ

209 1313 418 1384 κτίσμα
447 1311 750 1384 μονογενές.
789 1311 850 1361 El
885 1310 1024 1363 κατὰ
1067 1312 1351 1382 μετάδοσιν
1375 1313 1467 1364 καὶ
1510 1309 1792 1383 συγχώρη-

211 1422 299 1458 σιν
331 1408 422 1462 τοῦ
477 1406 707 1476 Πατρὸς,
745 1403 838 1457 καὶ
892 1404 952 1458 οὐ
987 1407 1127 1460 κατά
1176 1407 1336 1476 φύσιν
1383 1406 1710 1479 δημιουργὸς
1763 1410 1791 1461 6

211 1500 343 1564 Υἱὸς
362 1543 376 1563 ,
410 1501 557 1555 οὐδὲν
585 1497 650 1550 ἂν
681 1497 765 1569 εἴη
792 1497 900 1553 τῶν
948 1499 1039 1552 ὑπ’
1085 1499 1247 1552 αὑτοῦ
1282 1499 1789 1572 δημιουργηθέντων

209 1595 354 1646 κατὰ
387 1593 563 1662 φύσιν.
599 1584 699 1641 Ὧν
734 1589 840 1660 γὰρ
885 1593 912 1645 6
955 1589 1283 1661 δημιουργὸς
1315 1593 1374 1644 οὐ
1422 1593 1563 1646 κατά
1604 1593 1784 1663 φύσιν,

208 1685 330 1748 πῶς
352 1686 418 1738 τὰ
450 1682 917 1753 δημιουργηθέντα
943 1683 1083 1736 κατά
1107 1683 1300 1752 φύσινς
1328 1686 1389 1738 Εἰ
1420 1686 1633 1757 ἐνεργεῖ
1654 1686 1787 1748 Θεὸς

205 1776 283 1838 ὡς
310 1778 480 1839 οὐδεὶς
500 1775 704 1845 ἕτερος,
741 1775 835 1828 καὶ
872 1774 1075 1845 γεννῶν
1119 1775 1194 1840 ὡς
1232 1777 1329 1847 οὐχ
1363 1777 1547 1849 ἕτερος
1592 1778 1784 1849 γεννή-

210 1884 296 1919 σει
317 1883 331 1898 ·
361 1867 690 1936 ἀσύγκριτος
722 1865 828 1937 γὰρ
860 1867 996 1940 πρὸς
1033 1868 1205 1921 πάντα
1240 1869 1379 1921 κατά
1407 1870 1581 1921 πάντα
1616 1871 1724 1939 (57)
1755 1870 1783 1922 6

1893 677 2084 731 sentiae
2120 694 2306 732 eorum
2355 692 2582 748 quorum
2633 686 2758 731 sunt
2807 683 3043 734 nomina.
3085 680 3341 736 Dominus
3366 695 3461 734 an-

1894 773 1998 820 tem
2029 775 2083 820 et
2112 765 2252 821 Deus
2277 783 2403 824 vere
2443 776 2551 820 tum
2589 766 2748 823 Pater
2777 776 2887 821 tum
2912 768 3100 826 Filius.
3141 770 3343 824 Eadem
3372 786 3462 825 er-

1892 873 1958 926 go
1991 867 2078 913 est
2110 859 2348 913 essentia
2378 860 2521 914 sicut
2550 867 2603 910 et
2631 861 2815 914 eadem
2843 861 3056 916 nomina
3083 873 3228 918 sunt.
3254 861 3312 918 Si
3343 864 3462 917 nni-

1892 951 2130 1018 genitum
2165 951 2528 1018 generationis
2561 965 2666 1004 non
2718 962 2818 1020 est,
2855 950 2951 1008 sed
2995 965 3280 1022 propterea
3312 957 3459 1024 quod

1893 1053 1976 1098 est
2004 1043 2451 1112 incomparabile,
2503 1045 2812 1114 unigenitus
2840 1047 3004 1100 etiam
3046 1055 3130 1100 est
3156 1046 3315 1102 Pater
3341 1069 3355 1104 :
3384 1051 3460 1104 si-

1892 1137 2106 1206 quidem
2147 1145 2230 1190 εει
2278 1135 2733 1204 incomparabilis.
2778 1137 2882 1190 Sed
2937 1148 2994 1194 et
3024 1137 3279 1208 quaelibet
3306 1156 3460 1194 crea-

1895 1239 2009 1283 tura
2048 1227 2204 1282 alteri
2257 1226 2397 1280 haud
2440 1228 2650 1291 similis,
2684 1227 2954 1294 unigenita
2990 1240 3071 1284 est
3102 1248 3115 1284 :
3153 1229 3302 1284 multi
3330 1245 3461 1300 ergo

1892 1319 2174 1390 nnigeniti,
2200 1327 2255 1374 et
2280 1332 2382 1372 non
2421 1333 2556 1373 unus
2605 1314 2772 1374 Filius
2827 1317 2942 1372 Dei.
2991 1317 3142 1384 Quod
3189 1321 3236 1376 si
3290 1320 3460 1376 Filius

1891 1425 1997 1464 non
2029 1411 2349 1480 simpliciter
2397 1410 2725 1479 unigenitus,
2785 1411 2879 1465 sed
2913 1409 3083 1464 Filius
3130 1412 3454 1480 unigemtus.

1891 1509 1943 1552 et
1973 1514 2001 1551 a
2037 1497 2200 1554 Patre
2252 1497 2584 1570 unigenitns,
2642 1499 2807 1556 Filius
2850 1500 3156 1570 unigenitus
3187 1511 3291 1566 est,
3351 1518 3456 1557 non

1894 1591 2170 1658 unigenita
2207 1605 2473 1646 creatura.
2510 1589 2603 1644 Sin
2645 1598 2934 1647 secundum
2972 1591 3140 1662 280
3167 1593 3457 1663 participa-

1893 1681 2092 1734 tionem
2138 1694 2201 1731 ac
2237 1681 2641 1735 concessionem
2686 1677 2863 1733 Patris
2906 1692 3121 1736 creator
3152 1690 3235 1736 est
3264 1682 3454 1747 Filius,

1890 1785 1993 1824 non
2030 1779 2263 1824 natura:
2302 1770 2432 1823 nihil
2475 1785 2658 1826 eorum
2701 1786 2820 1841 quae
2853 1771 2920 1826 ab
2959 1773 3070 1840 ipso
3098 1783 3278 1830 creata
3310 1788 3454 1840 sunt,

1887 1864 2183 1918 secundum
2227 1871 2478 1917 naturam
2506 1874 2607 1919 est.
2633 1865 2869 1929 Quorum
2901 1866 3044 1920 enim
3074 1869 3320 1922 conditor
3351 1883 3454 1921 non

205 1959 363 2020 Θεός.
389 1959 460 2011 T6
495 1956 814 2028 ποιούμενον
843 1962 943 2013 οὐκ
992 1963 1055 2014 ὲκ
1085 1961 1183 2030 τῆς
1213 1960 1400 2020 οὐσίας
1439 1958 1532 2011 τοῦ
1571 1962 1782 2014 ποιοῦν-
1815 1945 1855 2000 Β

1815 1945 1855 2000 Β
1884 1955 2180 2010 secundum
2235 1963 2486 2010 naturam
2547 1964 2648 2020 est,
2695 1955 2808 2010 base
2857 1955 3123 2026 quomodo
3163 1960 3454 2013 secundmn

205 2064 321 2110 τος,
356 2047 414 2099 τὸ
447 2048 501 2098 δὲ
534 2046 864 2117 γεννώμενον
898 2051 962 2104 ὲκ
989 2050 1088 2121 τῆς
1110 2049 1282 2116 αὐτῆς
1322 2048 1506 2112 οὐσίας
1537 2048 1630 2100 τοῦ
1658 2066 1783 2116 γεν-

203 2139 412 2201 νῶντος
432 2154 446 2168 °
480 2137 540 2190 οὺ
572 2137 767 2191 ταύτὸν
804 2139 911 2210 ἄρα
959 2141 1019 2194 τὸ
1046 2142 1220 2194 ποιεῖν
1264 2148 1355 2191 και
1389 2139 1449 2192 τὸ
1479 2141 1690 2211 γεννᾷν.
1723 2142 1785 2193 Εἰ

205 2233 273 2281 ἐκ
305 2228 400 2282 τοῦ
431 2228 566 2282 Θεοῦ
598 2233 626 2284 6
654 2230 801 2297 Υἱὸς,
835 2233 931 2302 οὐχ
985 2233 1060 2296 ὡς
1095 2234 1159 2284 ὲκ
1197 2231 1408 2300 Πατρὸς
1437 2233 1512 2296 δὲ,
1547 2233 1660 2287 ἀλλ’
1711 2234 1786 2298 ὡς

204 2319 266 2384 ἐξ
292 2321 502 2392 ἑτέρου,
529 2322 698 2384 αἴτιος
727 2322 782 2374 δὲ
804 2322 896 2375 τοῦ
939 2317 1076 2375 εἶναι
1111 2322 1205 2374 καὶ
1256 2323 1388 2392 ἡμῖν
1419 2326 1446 2377 6
1475 2323 1606 2388 Θεός
1634 2306 1746 2395 (58)
1767 2339 1783 2356 '

205 2411 267 2478 ἐξ
301 2413 465 2465 αὑτοῦ
506 2413 614 2483 γάρ
641 2413 712 2465 τὰ
744 2413 953 2465 πάντα’
1001 2413 1098 2482 οὐχ
1133 2413 1330 2484 ἑτέρως
1375 2416 1482 2486 ἄρα
1528 2415 1620 2468 τοῦ
1655 2417 1782 2469 Υἱοῦ

208 2504 420 2574 Πατὴρ,
451 2502 652 2572 ἑτέρως
684 2502 740 2554 δὲ
781 2502 957 2572 ἡμῶν,
983 2501 1099 2555 ἀλλ’
1141 2505 1360 2576 ὁμοίως,
1398 2508 1506 2560 Καὶ
1540 2505 1656 2569 πῶς
1684 2507 1782 2560 οὐκ

202 2598 441 2659 ἀτοπον;
478 2596 540 2648 Ei
593 2594 760 2666 μηδὲν
810 2596 993 2666 ὅμοιον
1039 2596 1133 2650 καὶ
1187 2599 1301 2651 ἴσον
1343 2599 1459 2667 Θεῷ
1504 2598 1614 2667 (59)
1647 2597 1784 2667 πλὴν

203 2686 360 2748 Υἱοῦ,
393 2686 544 2740 οὐδὲν
584 2687 1018 2758 ἀπαραλλάκτως
1051 2688 1156 2741 τῶν
1191 2689 1604 2759 ὑποδειγματων
1637 2690 1784 2760 εἰρήο

203 2796 394 2832 σεται·
437 2780 574 2850 ὑπὲρ
626 2780 734 2832 πᾶν
759 2778 868 2850 γάρ
902 2783 930 2833 6
955 2781 1104 2843 Θεὸς.
1144 2781 1216 2832 Τὸ
1241 2783 1298 2832 ὲν
1342 2784 1520 2850 μορφῇ
1563 2780 1696 2833 Θεοῦ
1727 2784 1783 2834 ἐν

199 2871 363 2942 οὐσίᾳ
401 2874 516 2924 ἐστὶ
563 2871 719 2924 Θεοῦ.
754 2873 825 2923 Οὐ
871 2871 977 2941 γὰρ
1009 2871 1134 2924 ἄλλο
1170 2870 1386 2941 μορφὴ,
1423 2872 1515 2924 καὶ
1543 2872 1669 2925 ἄλλο
1694 2875 1784 2926 οὑ-

201 2962 297 3015 σία
340 2963 509 3026 Θεοῦ,
548 2964 635 3015 ἵνα
685 2963 760 3032 μὴ
808 2961 1077 3024 σύνθετος.
1144 2962 1201 3014 ’0
1241 2964 1379 3016 κατὰ
1433 2966 1642 3037 μορφὴν
1689 2963 1781 3021 οὖν

203 3055 340 3117 ἴσος,
373 3053 468 3107 κα).
489 3055 608 3106 κατ’
648 3052 833 3106 οὐσίαν
865 3053 1014 3106 ἐστὶν
1041 3053 1170 3118 ἴσος.
1200 3056 1260 3108 Ei
1291 3058 1318 3108 6
1337 3043 1614 3128 γεννηθεις
1637 3059 1783 3113 ἐλάτ-

197 3165 314 3201 των
353 3145 446 3199 τοῦ
469 3148 847 3218 γεννήσαντος,
878 3147 976 3200 οὑκ
1003 3147 1252 3220 ἔγκλημα
1281 3149 1437 3202 τοῦτο
1467 3151 1562 3202 τοῦ
1590 3169 1781 3221 γεννη-

200 3241 412 3305 θέντος,
467 3240 718 3294 ἀσθένεια
745 3239 801 3292 δὲ
834 3239 926 3293 τοῦ
977 3242 1336 3311 γεννήσαντος
1389 3243 1519 3313 (40).
1563 3245 1630 3294 Ἢ
1673 3243 1780 3311 γὰρ

199 3333 477 3405 φθονήσας
497 3336 596 3388 οὐκ
625 3335 877 3404 ἐποίησεν
913 3335 1045 3395 ἴσον,
1077 3335 1108 3402 ἢ
1142 3334 1215 3402 μὴ
1237 3333 1483 3402 δυνηθεὶς
1507 3336 1605 3387 οὐκ
1634 3338 1777 3404 ἐγεν-

198 3444 364 3498 νησεν
412 3427 611 3495 ὅμοιον.
644 3427 705 3477 Ei
736 3425 763 3476 6
797 3425 982 3495 Πατὴρ
1015 3425 1122 3494 πρὸ
1159 3425 1251 3478 τοῦ
1287 3427 1414 3479 Υίοῦ
1463 3423 1550 3499 ἦν,
1585 3431 1771 3501 ἐτέρου

194 3517 346 3580 τινὸς
392 3516 606 3579 πάντως
637 3516 819 3588 πατὴρ
840 3512 906 3588 ἦν
927 3533 939 3546 ο
980 3516 1144 3588 χωρὶς
1186 3517 1295 3588 γὰρ
1325 3519 1442 3572 uiou
1470 3521 1648 3592 πατὴρ
1672 3523 1772 3575 οὐκ

197 3608 268 3664 ἂν
290 3607 526 3678 λεχθείη.
561 3609 621 3660 Εἰ
654 3611 681 3662 ὁ
701 3610 790 3662 τὸν
817 3609 940 3662 Υἱὸν
961 3609 1121 3676 γνοὺς
1152 3610 1273 3661 κατ’
1301 3611 1487 3663 οὐσίαν
1512 3611 1652 3678 ἔγνω
1679 3611 1772 3664 καὶ

195 3699 292 3752 τὸν
319 3699 538 3769 Πατέρα
563 3697 652 3766 (El
677 3702 786 3767 γὰρ
814 3697 919 3766 ἐμὲ
952 3697 1164 3765 ᾔδειτε,
1198 3697 1362 3768 φησὶ,
1391 3697 1486 3750 καὶ
1516 3697 1622 3750 τὸν
1653 3700 1770 3750 Πα-

195 3791 338 3860 τέρα
348 3809 467 3860 μου
491 3790 681 3860 ῇόειτε
703 3788 802 3857 ἄν)
828 3801 842 3816 ⁸
880 3788 1166 3859 ὁμοούσιος
1195 3789 1301 3859 ἄρα
1324 3786 1451 3851 Υἱὸς
1478 3787 1553 3857 τῷ
1574 3787 1748 3859 Πατρί

195 3885 361 3937 Οὐδὲν
393 3885 500 3955 γὰρ
528 3882 813 3952 ἀσώματον
845 3880 903 3945 ἐξ
928 3881 1176 3951 ἀνομοίου
1199 3881 1386 3942 οὐσίας
1409 3877 1772 3951 γνωρίζεσθαι

195 3975 438 4029 δύναται.
465 3976 526 4027 Ei
552 3973 611 4027 τὸ
635 3973 906 4026 πιστεύειν
936 3971 1026 4024 τὸν
1050 3970 1281 4044 Χριστὸν
1310 3970 1438 4024 Υίὸν
1468 3966 1605 4024 εἶναι
1633 3970 1768 4024 Θεοῦ

193 4250 316 4305 qum
331 4236 559 4287 variatio
586 4230 782 4302 duplici
811 4233 1239 4305 interpretationi
1268 4233 1441 4287 locum
1472 4233 1584 4286 dat.
1611 4232 1760 4305 Licet

193 4302 343 4361 enim
374 4305 444 4358 ita
485 4305 852 4371 interpretari,
882 4302 1011 4356 Filii
1052 4304 1147 4356 Dei
1180 4319 1360 4356 sumus
1399 4318 1491 4369 per
1519 4303 1760 4369 adoptio-

194 4389 350 4436 nent;
375 4383 466 4426 aut
496 4375 595 4427 hoc
619 4374 796 4432 modo,
835 4372 959 4425 Filii
995 4389 1173 4426 sumus
1201 4373 1476 4438 adoptione
1503 4371 1616 4425 Dei.
1654 4371 1764 4425 lloc

193 4449 314 4514 ipso
340 4447 390 4498 in
423 4445 536 4498 loco
561 4445 689 4498 editi
717 4443 929 4514 ἀνάγκη
958 4444 1047 4496 τὸν
1081 4442 1238 4512 φύσει
1270 4442 1660 4514 προῦπάρχειν.
1682 4441 1762 4514 Τά

191 4512 476 4587 ἀληθῶς...
509 4514 861 4586 γνωρίσματά
912 4512 1048 4567 ἐστι.
1093 4516 1227 4584 lieg.
1282 4512 1549 4587 secundus
1599 4513 1648 4564 ει
1691 4512 1761 4566 τὰ

191 4584 410 4658 ἀληθῶς
435 4584 690 4658 ὀνόματα.
722 4584 859 4658 Reg.
887 4595 1113 4658 q_uar_tus
1142 4587 1234 4658 ita,
1264 4592 1320 4636 ut
1358 4584 1623 4658 edendum
1667 4597 1761 4658 cu_-

195 4646 458 4711 rav'imus.
484 4646 602 4709 Μ’οΧ
625 4657 753 4711 editi
779 4646 874 4709 ἰαὶ
900 4646 1108 4725 Πατήρ.
1143 4656 1215 4708 At
1247 4663 1377 4708 mss.
1420 4646 1623 4723 aliquot
1666 4654 1758 4706 καὶ

192 4730 222 4782 ὁ
250 4727 462 4782 Πατήρ.

265 4743 561 4868 (ἕῆηῧὶηςι,
590 4796 650 4846 Εἰ
682 4797 777 4864 μή,
807 4805 936 4858 etc...
967 4796 1046 4848 sic
1079 4793 1390 4868 adivcrbum
1433 4793 1755 4868 interliretaf

195 4862 340 4934 mur,
370 4869 414 4920 si
438 4862 760 4934 unigenitum
794 4881 904 4918 non
931 4865 1278 4934 generationis
1305 4873 1404 4934 est.
1436 4862 1547 4916 Hoc
1565 4875 1678 4934 est,
1708 4866 1753 4916 si

191 4932 591 5005 unigenituma
631 4932 978 5004 generatione
1004 4949 1110 4988 non
1139 4932 1523 5005 proﬁciscitur,
1563 4933 1671 4985 imo
1709 4934 1752 4985 si

194 5003 398 5060 idcirco
447 5007 518 5060 ita
574 5003 792 5069 dicitur,
819 5005 962 5072 quod
1014 5003 1319 5074 comparari
1387 5017 1492 5055 non
1556 5011 1753 5070 potest,

193 5077 358 5129 l’ater
389 5089 600 5144 quoque
628 5078 733 5129 erit
762 5075 1087 5142 unigenitus.

265 5148 379 5216 (55)
409 5141 602 5200 Addita
627 5157 710 5200 est
740 5141 924 5199 vocula
954 5143 1010 5195 δέ
1044 5159 1108 5198 ex
1134 5143 1342 5198 duobus
1370 5141 1522 5197 libris
1550 5143 1718 5196 veteri
1737 5173 1752 5183 -

188 5217 312 5273 bus.

261 5286 371 5357 (56)
411 5285 559 5357 _Editi
611 5283 899 5357 μονογενὴς
944 5284 1036 5336 κα)⁸
1083 5283 1228 5346 Υἱὸς,
1277 5283 1372 5335 καὶ
1435 5283 1747 5357 μονογὲιής.

189 5351 370 5411 Colles
396 5355 544 5409 Colh.
578 5351 632 5408 ei.
681 5351 812 5425 Reg.
852 5351 1077 5424 Quartus
1101 5365 1156 5425 nt
1185 5357 1253 5425 in
1291 5362 1566 5425 contextu.
1609 5351 1747 5425 Reg.

190 5428 382 5481 tertius
411 5425 623 5496 [ἰατρὸς
674 5422 968 5495 μονογενὴς
1028 5427 1056 5477 6
1115 5423 1267 5496 Υἱὸς,
1291 5423 1384 5475 καὶ
1431 5422 1745 5496 μονογενής,

190 5493 557 5564 interpunctio
589 5493 714 5547 alia.
771 5493 1060 5561 Aliquanto
1092 5505 1210 5564 post
1238 5493 1379 5564 Reg.»
1409 5505 1635 5564 quartus
1658 5494 1750 5543 οὑ-

188 5565 275 5619 se»
307 5562 372 5617 ἂν
404 5565 488 5636 εἴη
519 5565 608 5617 ὑπ’
643 5565 803 5618 αὐτοῦ
834 5563 1231 5636 δημιουργηθεν
1257 5562 1395 5614 κατά
1424 5563 1604 5636 φύσιν.

257 5636 370 5706 (57)
401 5631 536 5689 Editi
562 5637 653 5690 καὶ
685 5636 843 5689 κατά.
883 5631 1080 5688 Vocula
1107 5631 1242 5686 itala
1274 5635 1619 5706 ιιιεεηειιῃξει.Δ
1642 5631 1750 5706 Nec

188 5702 276 5760 ita
306 5702 475 5760 multo
503 5718 622 5768 post
653 5707 782 5759 editi
808 5705 1084 5768 ποιοῦντός
1118 5707 1254 5757 ἐστι.
1301 5702 1454 5766 Illud,
1506 5702 1643 5767 ἐστί,
1693 5704 1746 5756 in

186 5783 318 5830 mss.
354 5791 458 5829 non
500 5779 714 5844 legitur.

253 5845 365 5917 (38)
397 5847 464 5898 El
494 5841 575 5917 ἐνί
592 5845 697 5917 τοῦ
732 5847 878 5900 Θεοῦ
905 5849 936 5898 d
977 5845 1128 5917 Υίὸς,
1154 5845 1265 5917 ob}
1300 5841 1746 5917 ὠςῷἐκμηατρὸς

183 5912 434 5972 δὲ’ἀέιχ
482 5916 561 5980 ὡς
605 5915 672 5978 ἐξ
706 5917 931 5985 ἐτέρου,
978 5915 1166 5978 αἴτιος
1205 5914 1271 5967 δὲ
1305 5912 1599 5967 τοῦεῖναι
1645 5917 1744 5971 καὶ

497 6012 763 6074 ΡΑτιιοι..
797 6014 908 6073 Gn.
938 6009 1178 6072 XXIX.

1889 2054 2139 2098 naturam
2192 2043 2389 2098 erunt?
2421 2044 2476 2100 Si
2523 2043 2666 2101 Deus
2693 2057 2950 2115 oneratur
2976 2054 3033 2100 ut
3060 2045 3236 2101 nullus
3285 2049 3453 2110 alius,

1885 2133 2052 2188 etiam
2084 2150 2206 2187 eum
2239 2145 2478 2202 generat,
2517 2138 2795 2205 generabit
2821 2145 2877 2188 ut
2900 2151 3002 2190 non
3027 2136 3164 2193 alius
3200 2155 3215 2194 :
3249 2140 3447 2208 quippe

1885 2212 2006 2278 cum
2052 2225 2192 2278 nulla
2244 2241 2300 2280 re
2340 2227 2391 2280 in
2433 2227 2576 2283 nulla
2619 2244 2674 2285 re
2728 2229 2870 2284 Deus
2917 2238 3091 2297 potest
3126 2231 3451 2299 comparari.

1884 2317 2036 2385 Quod
2093 2318 2171 2384 lit,
2215 2334 2320 2373 non
2366 2334 2431 2376 ex
2478 2321 2778 2375 substantia
2840 2319 3089 2376 facientis
3141 2330 3224 2375 est
3259 2334 3274 2372 :
3305 2323 3447 2389 quod

1882 2427 2010 2467 vero
2040 2425 2356 2483 generatur,
2395 2431 2465 2470 ex
2511 2417 2620 2486 ipsa
2663 2417 2962 2471 substantia
2993 2417 3303 2485 generantis
3329 2427 3451 2472 est:

1883 2519 1988 2557 non
2021 2517 2150 2572 ergo
2181 2505 2322 2558 ltletlt
2352 2515 2433 2560 est
2455 2505 2637 2562 facere
2657 2517 2711 2561 et
2739 2521 3018 2573 generare.
3055 2507 3110 2561 Si
3135 2523 3197 2561 ex
3229 2507 3339 2561 Deo
3369 2518 3453 2562 est

1886 2591 2078 2658 Filius,
2114 2609 2217 2647 non
2245 2597 2380 2649 sicut
2412 2609 2477 2650 ex
2508 2597 2692 2662 Patre,
2715 2600 2807 2651 sed
2837 2600 2977 2652 velut
3006 2615 3069 2653 ex
3095 2600 3201 2654 alio
3236 2623 3250 2656 ;
3283 2615 3447 2655 causa

1895 2698 2022 2739 vero
2051 2695 2107 2738 ut
2142 2685 2310 2740 simus
2346 2686 2497 2740 nobis
2521 2687 2682 2740 etiam
2735 2687 2872 2740 Deus
2903 2699 2986 2742 est
3014 2707 3027 2741 :
3051 2705 3113 2742 ex
3152 2692 3269 2757 ipso
3306 2693 3452 2745 enim

1884 2778 2102 2841 Omnia;
2158 2794 2264 2832 non
2317 2778 2474 2832 aliter
2508 2793 2637 2848 ergo
2681 2778 2800 2832 Filii
2856 2778 3018 2834 Pater
3048 2791 3150 2846 est,
3173 2782 3328 2838 aliter
3357 2799 3451 2837 no-

1884 2876 2018 2933 ster,
2043 2871 2138 2924 sed
2158 2870 2430 2926 similiter.
2460 2870 2524 2924 Et
2552 2873 2643 2941 qui
2671 2873 2825 2927 fieret
2851 2882 2908 2926 ut
2936 2873 2988 2926 id
3021 2873 3314 2930 absurdum
3343 2888 3449 2928 non

1886 2963 2064 3017 esset?
2097 2962 2153 3016 Si
2184 2963 2316 3016 nihil
2347 2963 2523 3016 simile
2561 2973 2614 3015 et
2655 2963 2861 3030 aequale
2910 2965 3014 3016 Deo
3040 2974 3123 3017 est
3143 2972 3335 3032 praeter
3363 2963 3451 3019 Fi-

1884 3051 2033 3116 lium,
2059 3053 2427 3120 exemplorum
2451 3051 2654 3104 nullum
2679 3051 2926 3104 similiter
2951 3053 3170 3105 omnino
3197 3054 3445 3109 dicetur:

1881 3142 2145 3210 siquidem
2181 3156 2342 3210 super
2362 3143 2543 3195 omnia
2573 3142 2733 3196 Dens.
2763 3142 2913 3207 Quod
2942 3143 2991 3197 in
3027 3141 3194 3198 forma
3230 3145 3319 3201 Dei
3342 3158 3445 3214 est,

1885 3234 1936 3287 in
1966 3235 2269 3289 substantia
2297 3233 2389 3288 Dei
2420 3244 2523 3290 est.
2557 3234 2673 3290 Non
2704 3236 2850 3291 enim
2894 3234 3038 3289 aliud
3075 3237 3268 3301 forma,
3303 3239 3448 3294 aliud

1881 3328 2178 3383 stibstantia
2217 3328 2328 3388 Dei,
2376 3337 2434 3381 ut
2480 3344 2546 3383 ne
2587 3330 2926 3397 compositus
2968 3329 3058 3382 sit.
3093 3328 3321 3384 Proinde
3355 3332 3446 3401 qui

1878 3419 2100 3487 aequalis
2145 3426 2227 3472 est
2269 3417 2566 3471 secnndnm
2625 3419 2891 3481 formam,
2932 3420 3096 3472 etiam
3157 3422 3444 3477 secundum

1876 3511 2230 3564 substantiam
2272 3509 2496 3578 aequalis
2539 3519 2642 3564 est.
2687 3510 2744 3564 Si
2798 3511 3009 3578 genitus
3045 3511 3221 3565 minor
3260 3525 3343 3568 est
3379 3529 3446 3569 eo

1876 3602 1966 3671 qui
1996 3601 2202 3670 genuit,
2236 3615 2342 3653 non
2381 3600 2537 3669 culpa
2561 3609 2646 3656 est
2667 3603 2853 3670 geniti,
2880 3611 2974 3656 seu
3006 3603 3260 3671 genitoris
3296 3605 3444 3659 inﬁr-

1877 3694 2055 3747 mitas.
2083 3697 2187 3746 Aut
2222 3692 2367 3747 enim
2419 3709 2529 3762 pra:
2571 3695 2768 3748 invidia
2802 3710 2907 3748 non
2957 3694 3081 3748 fecit
3136 3699 3441 3766 aequalem:

1876 3795 1969 3838 ant
1995 3799 2103 3853 prae
2137 3785 2449 3853 impotentia
2477 3801 2579 3840 non
2618 3787 2803 3857 genuit
2841 3787 3093 3842 similem.
3124 3786 3283 3842 Pater
3320 3798 3444 3844 ante

1879 3873 2070 3930 Filium
2111 3875 2156 3930 si
2188 3888 2326 3942 erat,
2357 3877 2574 3933 alterius
2617 3878 2914 3947 cujuspiam
2961 3880 3266 3932 necessario
3291 3889 3444 3947 pater

1877 3981 2183 4027 eratznam
2229 3974 2432 4043 absque
2491 3972 2601 4028 lilio
2642 3981 2796 4043 pater
2846 3973 2952 4028 diei
3006 3989 3110 4028 non
3153 3981 3346 4042 potest.
3381 3975 3439 4033 Si

1869 4235 2066 4306 ἡμῖν-ό
2095 4238 2260 4301 Θεός,
2289 4245 2396 4290 etc.
2431 4233 2489 4290 Si
2522 4253 2586 4291 ea:
2619 4237 2722 4292 Deo
2774 4251 2850 4293 es!
2893 4238 3086 4306 Filius,
3121 4256 3223 4294 non
3270 4250 3325 4292 ut
3373 4252 3438 4294 ex

1875 4304 2054 4369 Patre,
2082 4308 2170 4360 sed
2210 4307 2344 4358 velut
2375 4323 2439 4360 ea:
2477 4308 2581 4360 alio
2603 4325 2622 4372 ,°
2647 4325 2808 4361 causa
2835 4321 3008 4362 autem
3041 4304 3094 4362 ut
3141 4312 3306 4362 simus
3342 4327 3438 4361 no-

1871 4375 1949 4447 bis
1978 4377 2132 4447 etiam
2179 4374 2313 4429 Deus
2342 4389 2437 4441 est,
2466 4388 2572 4431 etc.
2624 4377 2928 4447 Legemlmn
2962 4384 3174 4432 videtnr
3205 4379 3319 4431 ἀλλ’
3360 4379 3435 4441 ὡς

1869 4444 1927 4511 ἐξ
1963 4445 2159 4509 αίτίου,
2187 4447 2276 4499 sed
2314 4447 2447 4500 velut
2485 4464 2548 4500 ea:
2584 4444 2765 4501 caus'a.
2809 4450 3116 4501 Dilliciliora
3153 4459 3280 4502 sunt
3315 4464 3436 4516 qua:

1869 4517 2026 4588 paulo
2057 4526 2175 4585 post
2208 4529 2506 4588 sequuntur
2533 4518 2688 4588 ενΚαὶ
2708 4519 2838 4588 ,πῶς
2872 4518 2971 4588 οὐκ
2995 4518 3211 4577 ἄτοπον,
3238 4520 3285 4570 εί
3327 4535 3432 4588 μηυ

1866 4585 1952 4658 δὲν
1977 4588 2158 4658 ὅμοιον
2187 4585 2423 4658 καιῐσον
2455 4587 2592 4658 Θεῷ,
2625 4587 2763 4658 πλὴν
2791 4587 2942 4648 Υἱοῦ,
2991 4589 3139 4658 οὐδὲν
3185 4585 3435 4657 ἀπαραλ-

1863 4656 2073 4722 λὰκτως
2094 4658 2202 4710 τῶν
2234 4656 2647 4726 ὑποδειγμάτων
2669 4656 2944 4728 εἰρήσεται
2971 4674 2985 4721 ;
3027 4657 3119 4710 Vix
3148 4659 3248 4710 ulla
3289 4656 3433 4711 vide-

1866 4739 1950 4779 tur
1983 4729 2252 4781 sententia
2280 4743 2344 4780 ex
2377 4730 2457 4780 his
2483 4730 2658 4780 verbis
2685 4745 2798 4780 erm
2838 4745 3014 4795 posse,
3049 4729 3150 4781 nisi
3189 4729 3432 4795 legamus

1863 4797 1992 4866 περὶ
2021 4796 2149 4848 Υἱοῦ
2192 4806 2246 4849 ει
2287 4797 2419 4866 τῶν,
2445 4796 2874 4851 ὑπώεεστάτων.
2915 4797 2978 4849 Et
3028 4801 3289 4866 quomodo
3326 4813 3426 4851 non

1865 4865 2110 4925 absurde,
2148 4868 2189 4917 si
2233 4867 2363 4918 nilti‘l
2390 4865 2498 4918 Deo
2529 4868 2700 4919 simile
2727 4877 2774 4919 et
2800 4865 3125 4929 wouale,ide
3168 4865 3311 4919 Filio
3352 4869 3429 4919 ui-

1862 4935 1938 4987 Itil
1960 4938 2097 5005 quod
2120 4937 2333 5002 (li/ferat
2362 4937 2425 4988 ab
2458 4936 2651 5003 iii/imis
2684 4938 2833 4990 rebus
2867 4937 3112 4990 dicetur?
3156 4933 3427 4990 Probatur

1865 5008 1965 5058 hoc
1993 5008 2108 5059 loco
2144 5006 2304 5057 Demn
2342 5021 2447 5058 non
2497 5007 2652 5058 aliter
2679 5006 2795 5059 Filii
2851 5007 3059 5060 Patrem
3096 5019 3235 5068 esse,
3265 5021 3425 5072 quam

1863 5077 2160 5140 hominum,
2195 5076 2236 5128 si
2293 5074 2458 5128 Filius
2511 5091 2575 5128 ex
2609 5075 2717 5129 Deo
2768 5087 2871 5140 est,
2904 5092 3011 5130 non
3045 5085 3102 5127 ut
3143 5090 3208 5126 ex
3242 5074 3424 5138 Patre,

1861 5146 1955 5199 sed
1993 5155 2049 5197 ut
2074 5159 2139 5198 ex
2174 5159 2356 5198 causa.
2390 5145 2565 5211 Quare
2609 5162 2708 5198 non
2745 5147 3016 5200 innnerito
3043 5145 3343 5198 ostenditur
3373 5146 3426 5197 id

1859 5232 1928 5268 ex
1999 5216 2367 5269 haereticorum
2429 5218 2694 5270 sententia
2751 5216 3031 5284 consequi,
3078 5215 3425 5284 utquamvis

1860 5285 2000 5339 Deus
2037 5289 2106 5338 sit
2162 5285 2348 5347 Filius,
2385 5301 2483 5340 nec
2523 5286 2629 5338 Deo
2677 5281 2970 5354 quidquam
3017 5281 3195 5337 simile
3251 5282 3326 5337 sit
3371 5293 3427 5337 et

1860 5355 2090 5424 aequale,
2118 5356 2185 5410 de
2224 5354 2357 5408 Filio
2387 5356 2727 5424 tameninihil
2763 5355 3103 5423 praestantius
3140 5366 3303 5421 quam
3359 5356 3427 5408 de

1859 5423 2059 5478 inlimis
2091 5429 2251 5478 rebus
2287 5427 2516 5478 dicatur.
2550 5423 2762 5477 MAKAN.

1930 5495 2040 5564 (59)
2069 5497 2204 5548 Εάιιί
2235 5495 2344 5547 ἴσον
2376 5495 2532 5549 Θεοῦ.
2561 5494 2710 5549 Libri
2734 5503 2940 5551 veteres
2971 5493 3109 5562 Θεῷ.
3143 5492 3266 5547 Mox
3289 5493 3424 5563 Reg.

1856 5576 2082 5636 quartus
2109 5565 2248 5636 ὑπὲρ
2276 5567 2470 5618 πάντα.

1928 5634 2038 5712 (49)
2071 5632 2227 5700 Editi'
2248 5637 2640 5712 γεννήσαντος.
2676 5636 2738 5689 Ei
2768 5636 2795 5688 6
2830 5637 3019 5708 Πατὴρ
3074 5632 3221 5712 πρὸς
3261 5648 3421 5712 quam

1857 5704 2100 5759 mutilam
2155 5704 2476 5773 scripturam
2514 5720 2579 5759 ex
2611 5716 2841 5773 quatuor
2877 5704 3009 5762 mss.
3057 5704 3422 5758 restiluitntts.

1860 5775 1902 5830 E
1927 5776 2143 5848 regione
2175 5778 2319 5848 vocis
2341 5775 2610 5848 φθονήσας
2643 5777 2838 5848 legitur
2886 5780 2941 5835 in
2989 5775 3238 5844 margine
3271 5774 3425 5842 Regii

1854 5848 2031 5919 quarti
2061 5847 2152 5900 καὶ
2172 5847 2269 5899 οὐκ
2296 5845 2604 5915 ἐγέννησεν.

3070 6004 3149 6062 9:2
