4208 6488
246 473 354 524 677

1336 477 1703 537 ADVERSUS
1740 477 2106 534 EUNOMIUM
2146 475 2272 530 LIB.
2317 475 2405 531 IV.

3371 477 3476 531 678

246 591 416 662 χωρὶς
449 594 540 647 τοῦ
585 594 815 664 Πατρὸς,
853 595 987 648 ἀλλὰ
1025 597 1117 651 καὶ
1151 600 1289 670 μετὰ
1314 598 1373 651 τὸ
1424 602 1568 654 ποτὲ
1591 603 1783 675 εὐρεθή
1842 607 1889 663 Α

1842 598 2286 663 Acreatorzsed
2345 605 2404 651 ut
2453 594 2583 659 vult,
2628 598 2700 653 ita
2746 605 2801 654 et
2852 594 3000 651 facit.
3058 594 3115 650 Si
3170 593 3311 651 Deus
3370 610 3475 650 non

249 695 419 733 σεται.
465 684 649 752 Ἦμῶν
678 683 961 749 λεγόντων,
1005 688 1216 759 Πατρὸς
1260 688 1410 752 ὄντος
1450 690 1556 753 ἀεὶ,
1596 693 1805 762 ἀνάγκη

244 774 338 823 καὶ
371 773 447 825 τὸν
464 774 587 825 Υἱὸν
608 769 745 826 εἶναι
770 774 873 839 ἀεὶ,
902 778 1096 833 ἐκεῖνοί
1136 796 1295 848 φασιν
1316 797 1330 812 ο
1369 782 1597 848 Οὐκοῦν,
1622 785 1805 853 ἐπειδὴ

244 864 337 917 καὶ
377 868 403 917 6
444 864 566 924 Υἱὸς
620 865 707 915 ἀεὶ
760 866 1102 942 δημιουργὸς,
1157 871 1247 923 καί⁵
1291 874 1322 943 ή
1365 872 1689 943 δημιουργία
1723 878 1808 928 ἀεὶ

242 955 418 1016 ἔσται,
462 955 554 1011 καὶ
600 956 770 1021 οὕτως
798 960 946 1015 ἔσται
999 963 1143 1031 καὶὴ
1190 962 1515 1034 δημιουργία
1542 968 1806 1028 συναῒδιος

242 1048 415 1115 Πατρὶ
444 1048 537 1099 καὶ
570 1048 701 1120 Υἱῷ.
747 1053 883 1105 Ἀλλ’
924 1056 949 1105 ὁ
996 1050 1160 1103 εἰπὼν
1190 1053 1515 1125 δημιουργὸν
1547 1057 1643 1125 οὐχ
1692 1058 1807 1125 ἅμα.

242 1138 335 1189 καὶ
360 1137 456 1207 τὴν
477 1139 831 1212 δημιουργίαν
853 1144 1015 1209 λέγει.
1043 1144 1115 1195 Οὐ
1139 1145 1245 1217 γὰρ
1266 1147 1343 1217 τῷ
1382 1146 1647 1215 οἰκοδόμῳ
1694 1164 1810 1198 συν-

240 1229 476 1298 υπάρχει
507 1233 565 1285 τὸ
594 1236 948 1303 οἰκοδόμημα,
967 1236 1085 1287 οὐδὲ
1106 1237 1181 1307 τῷ
1199 1237 1461 1307 ναυπηγῷ
1484 1238 1542 1289 τὸ
1578 1238 1804 1305 σκάφος.

250 1320 316 1372 Ἠ
354 1321 449 1390 μὲν
483 1326 589 1396 γὰρ
614 1326 719 1396 (49)
744 1326 1067 1395 δημιουργία
1098 1331 1153 1383 ἐν
1184 1332 1259 1400 τῷ
1292 1330 1628 1401 δημιουργῷ,
1657 1332 1717 1383 τὸ
1749 1331 1804 1384 δὲ

238 1410 733 1488 δημιουργούμενον
780 1420 916 1487 μετὰ
962 1422 1052 1475 τὸν
1080 1422 1429 1492 δημιουργόν.
1486 1424 1702 1493 Πατέρα
1749 1424 1804 1475 δὲ

235 1503 409 1559 εἰπεῖν
440 1509 716 1573 ἀδύνατον,
747 1508 818 1580 μὴ
846 1511 993 1576 ὄντος
1019 1514 1167 1566 Υἱοῦ.
1200 1513 1309 1564 Καὶ
1334 1515 1361 1564 6
1384 1514 1549 1567 εἰπὼν
1581 1516 1802 1586 Πατέρα

233 1597 334 1668 οὐχ
357 1600 538 1661 ἁπλῶς
571 1599 809 1670 Πατέρα,
835 1603 970 1656 ἀλλά
997 1622 1139 1666 τινος
1168 1604 1314 1671 λέγει
1348 1604 1586 1678 Πατέρα.

1916 701 2171 761 generat;
2222 700 2314 745 aut
2377 689 2501 759 quia
2545 690 2765 745 omnino
2811 705 2916 745 non
2969 696 3163 757 potest,
3202 695 3297 741 aut
3346 687 3476 757 quia

1916 798 2021 835 non
2058 781 2189 843 vult,
2226 796 2329 836 non
2372 789 2613 851 generat.
2648 778 2773 844 Sed,
2802 782 2845 835 si
2887 794 2992 835 non
3029 786 3226 846 patest,
3255 775 3478 832 inferior

1916 881 1999 925 est
2032 881 2221 923 natura
2259 886 2343 937 ea,
2377 884 2494 940 qua:
2524 880 2768 939 generat,
2812 884 3037 940 quaeque
3086 866 3317 939 perfecta
3368 878 3476 931 est,

1916 972 2274 1030 praeterquam
2296 963 2434 1029 quod
2464 960 2627 1015 etiam
2662 959 2939 1013 imbecillis
2966 972 3047 1016 est
3080 977 3095 1015 :
3131 960 3173 1016 si
3197 972 3323 1013 vero
3350 974 3475 1013 cum

1913 1064 2112 1123 posset,
2168 1050 2369 1114 noluit;
2430 1051 2573 1121 quod
2626 1050 2814 1104 habuit
2854 1060 3067 1116 natura,
3118 1053 3170 1107 id
3201 1051 3477 1108 voluntate

1910 1147 2170 1201 cohibuit.
2214 1145 2415 1212 Quare,
2449 1144 2549 1197 etsi
2600 1143 2835 1198 nondum
2892 1143 3109 1211 genuit,
3162 1152 3339 1200 tamen
3384 1143 3475 1200 ubi

1909 1238 2183 1300 voluerit,
2230 1235 2508 1307 generabit
2573 1235 2755 1304 utique
2822 1234 3133 1303 aliquando.
3186 1235 3243 1288 Si
3305 1238 3475 1292 Filius

1910 1328 2197 1396 aliquando
2246 1344 2351 1383 non
2407 1336 2543 1391 erat,
2595 1328 2722 1381 illud
2758 1366 2774 1391 ,
2822 1327 3107 1396 aliquando
3138 1368 3154 1393 ,
3206 1339 3328 1397 post
3376 1347 3474 1399 ge-

1910 1421 2138 1474 nitorem
2178 1421 2390 1489 quidem
2428 1418 2552 1485 erit,
2594 1421 2686 1474 sed
2730 1428 2854 1474 ante
2906 1421 3165 1489 genitum.
3206 1418 3323 1475 Non
3370 1422 3473 1493 igi-

1911 1522 2017 1578 tur,
2057 1512 2218 1566 Patre
2251 1521 2501 1579 excepto,
2539 1524 2663 1565 ante
2695 1513 2874 1566 omnia
2916 1510 3083 1565 Filius
3108 1521 3188 1565 est
3220 1531 3235 1566 :
3283 1528 3473 1567 verum

1908 1605 2073 1660 etiam
2129 1612 2250 1674 post
2280 1602 2428 1665 illud,
2480 1602 2784 1670 aliquando,
2843 1618 2962 1659 esse
2998 1603 3323 1659 invenietur.
3360 1604 3474 1660 Nos

236 1709 358 1746 cum
392 1694 643 1755 dicimus,
676 1696 817 1763 quod
859 1711 979 1749 cum
1025 1696 1185 1750 Pater
1213 1712 1425 1768 semper
1454 1701 1544 1765 sit,
1572 1714 1791 1753 necesse
1824 1708 1907 1753 est
1969 1699 2133 1752 etiam
2208 1695 2404 1749 Filium
2453 1709 2665 1762 semper
2700 1708 2854 1757 esse;
2906 1696 2978 1750 illi
3010 1696 3195 1750 dicunt
3246 1715 3260 1750 :
3308 1696 3475 1767 lgitur

238 1804 362 1843 cum
395 1796 449 1840 et
476 1786 646 1843 Filius
681 1805 893 1859 semper
922 1788 1102 1856 opifex
1129 1790 1219 1856 sit,
1258 1795 1534 1862 Opificium
1589 1809 1805 1863 quoque
1842 1809 2054 1861 semper
2086 1793 2216 1857 erit,
2276 1793 2465 1860 sicque
2499 1789 2773 1857 opificium
2804 1790 2967 1845 etiam
3005 1807 3109 1846 una
3136 1807 3257 1847 cum
3309 1791 3473 1846 Patte

230 1893 288 1935 et
317 1880 452 1934 Filio
484 1892 745 1938 teter-num
791 1885 912 1938 erit.
970 1885 1041 1938 At
1090 1888 1176 1954 qui
1210 1888 1346 1941 dixit
1372 1887 1642 1956 opiﬁcem,
1676 1905 1782 1943 non
1825 1889 2163 1943 simuletiam
2203 1888 2477 1958 opificium
2543 1886 2700 1941 dixit.
2737 1885 2851 1940 Non
2913 1886 3057 1941 enim
3091 1904 3196 1942 una
3226 1904 3348 1944 cum
3396 1906 3471 1943 ιιι-

228 1971 509 2028 dificatore
554 1977 839 2030 aedilicium
872 1976 1110 2040 exsistit.
1156 1993 1330 2047 neque
1364 1996 1469 2033 una
1538 1996 1659 2034 cum
1696 1983 1914 2035 navium
1979 1980 2303 2036 fabricatore
2344 1980 2563 2050 scapha.
2631 1977 2726 2033 Est
2758 1980 2903 2033 enim
2970 1981 3213 2048 operatio
3275 1981 3327 2034 in
3357 1981 3470 2049 opi-

231 2062 334 2116 ﬁce
362 2082 376 2117 :
404 2065 574 2135 ipsum
615 2076 796 2121 autem
832 2083 968 2138 opus
1007 2080 1126 2138 post
1170 2070 1443 2139 opiﬁcem.
1476 2071 1646 2127 Porro
1682 2073 1797 2127 fieri
1840 2089 1943 2127 non
1979 2084 2157 2143 potest
2196 2083 2254 2127 ut
2281 2073 2441 2128 Pater
2468 2073 2676 2128 dicatur
2707 2087 2846 2140 esse,
2880 2070 2987 2127 nisi
3048 2071 3121 2127 sit
3182 2072 3371 2129 Filius.
3404 2073 3464 2127 Et

226 2157 321 2226 qui
354 2156 566 2213 Patrem
624 2157 780 2223 dixit,
836 2176 939 2215 non
973 2161 1286 2229 simpliciter
1311 2160 1547 2227 Patrem,
1575 2165 1668 2219 sed
1709 2165 1933 2234 alicujus
1968 2164 2180 2219 Patrem
2206 2165 2357 2217 dixit.

299 2250 350 2304 ἓ.
392 2252 543 2314 Θεὸς,
590 2252 681 2304 καὶ
712 2254 938 2324 Κύριος,
975 2256 1069 2307 καὶ
1104 2259 1517 2329 παντοκράτωρ,
1562 2261 1654 2313 καὶ
1695 2261 1797 2313 Σα-
1829 2268 1872 2322 Β

1829 2268 1872 2322 Β
1974 2298 2026 2314 ...
2058 2259 2221 2323 Dens,
2253 2267 2306 2312 et
2342 2257 2622 2324 Dominus,
2654 2265 2708 2312 et
2728 2258 3088 2327 omnipatens.
3115 2270 3170 2313 et
3200 2259 3462 2327 Sabaoth,

226 2342 374 2395 ϐαὼο
416 2343 548 2411 (30),
582 2346 677 2397 καὶ
710 2344 806 2407 ὢν,
839 2347 934 2398 καὶ
976 2346 1221 2409 Ἀδωναῖ,
1261 2351 1353 2400 καὶ
1402 2351 1576 2415 Ἑλωῖ,
1606 2354 1633 2404 6
1664 2352 1793 2404 Θεὸν·

223 2436 282 2488 ἐν
310 2436 429 2496 ταῖς
460 2435 696 2504 Γραφαῖς
727 2438 937 2506 εἴρηται
965 2452 978 2465 ⁶
1009 2438 1301 2508 ἀγέννητος
1338 2441 1395 2493 δὲ
1436 2442 1693 2511 οὐδαμιιῖ.
1729 2446 1793 2498 Εἰ

221 2526 280 2579 δέ
318 2542 401 2588 τις
440 2527 532 2578 καὶ
559 2526 716 2580 τοῦτο
748 2530 1113 2599 συγχωρήσει,
1144 2531 1317 2584 καὶτὸ
1350 2531 1484 2600 ἀγέις
1501 2549 1676 2599 γητος
1702 2534 1796 2585 καὶ

222 2618 294 2670 τὰ
346 2617 678 2689 προκείμενα
733 2620 974 2689 ὀνόματα
1025 2620 1203 2689 λέγειν
1250 2624 1483 2693 ἁρμόσει
1528 2624 1620 2675 καὶ
1669 2625 1796 2676 Ἰου-

221 2709 391 2772 δαίοις
407 2713 499 2763 καὶ
529 2714 679 2763 πᾶσι·
702 2714 1045 2782 Χριστιανοίς
1062 2712 1117 2763 δὲ
1139 2713 1321 2777 μόνους
1350 2714 1409 2764 τὸ
1438 2713 1640 2781 Πατὴρ
1661 2716 1793 2782 Χρι-

219 2800 393 2855 ατοῦ.
424 2802 485 2854 Εἰ
536 2797 627 2854 οὖν
690 2841 734 2857 ..
788 2820 945 2871 μονον
993 2802 1226 2874 χωρίζον
1282 2805 1429 2872 ἡμᾶς
1480 2804 1587 2856 τῶν
1620 2805 1794 2859 ἄλλων

218 2892 443 2961 ψευδὲς,
488 2895 580 2946 καὶ
621 2894 719 2945 οὐκ
751 2894 944 2962 ἀληθὲς
977 2894 1110 2960 (51),
1147 2894 1239 2945 καὶ
1283 2894 1453 2964 ὄνομα
1488 2895 1654 2959 θέσει,
1700 2896 1794 2950 καὶ

218 2984 279 3035 οὐ
323 2986 553 3052 πρᾶγμα
593 2983 785 3049 φύσει·
841 2984 1041 3054 ψευδὴς
1083 2986 1116 3053 ἡ
1163 2986 1347 3049 πίστις
1405 2988 1583 3058 ἡμῶν,
1621 2989 1715 3041 καὶ

217 3080 374 3142 ἐλπὶς
407 3080 628 3148 ματαία.
664 3074 736 3132 Οὐ
768 3078 873 3151 γὰρ
907 3080 1157 3144 ἀϐέϐαιος
1203 3083 1235 3151 ἡ
1282 3081 1446 3153 ἁρχὴ,
1490 3082 1585 3135 καὶ
1616 3083 1676 3136 τὸ
1709 3083 1794 3135 τέ-

216 3172 309 3234 λος
348 3171 656 3242 ἀνίσχυρον.
706 3171 871 3225 Πάλιν
910 3173 1219 3243 ἐρωτῶσινσ
1256 3175 1318 3227 Εἰ
1353 3173 1427 3227 ὢν
1471 3174 1732 3246 ἐγεννήθη
1764 3177 1791 3228 ὁ

218 3265 417 3335 Υἱὸς,ἦ
452 3266 522 3335 μὴ
558 3263 630 3316 ὢν
651 3282 663 3293 ·
701 3265 944 3333 ἀσαφοῦς
974 3267 1067 3319 καὶ
1100 3267 1427 3337 κακοτέχνου
1459 3268 1559 3338 τῆς
1588 3269 1792 3339 ἐρωτή-

216 3373 355 3418 σεως
381 3356 546 3426 οὐσης
589 3356 786 3409 αὐτῶν.
840 3359 1227 3426 Αἱσχυνομενοι
1277 3360 1384 3429 γὰρ
1409 3361 1469 3412 τὸ
1500 3362 1662 3423 πότε,
1695 3360 1790 3413 καὶ

212 3447 286 3499 ἐν
310 3448 525 3514 χρόνῳ,
558 3448 851 3515 ἐρωτῆσαι,
875 3446 935 3498 τὸ
959 3445 1043 3497 ὢν
1074 3447 1339 3513 λέγουσιν.
1393 3449 1788 3522 Ἀντερὼτησον

212 3540 417 3603 αὐτούς
438 3557 451 3569 °
491 3542 551 3593 El
585 3540 660 3593 ὢν
702 3543 729 3593 6
754 3542 885 3603 Θεὸς
908 3542 1097 3611 Πατὴρ
1126 3542 1218 3594 τὸν
1254 3543 1380 3595 Υἱὸν
1415 3545 1722 3616 ἐγέννησεν,
1753 3547 1783 3617 ἦ

214 3634 293 3704 μὴ
319 3636 391 3685 ὢν
416 3634 605 3705 Πατήρ
627 3631 728 3698 ;Ἐί
761 3634 857 3703 μὲν
895 3633 1004 3704 γὰρ
1036 3632 1110 3685 ὢν
1140 3634 1351 3705 Πατὴρ,
1378 3635 1453 3687 ὢν
1483 3636 1610 3688 ὄντα
1636 3637 1788 3703 ὲγέν⁴
1816 3616 1859 3672 C

212 3742 407 3794 νησεν’
443 3727 490 3777 εί
530 3724 586 3777 δὲ
621 3725 719 3777 οὐκ
756 3723 851 3787 ὢν,
884 3724 1139 3792 γεννητὸς
1172 3726 1265 3778 καὶ
1297 3726 1355 3777 οὐ
1380 3724 1539 3795 φύσει
1574 3730 1782 3799 Πατήρ.

210 3817 403 3869 Πᾶσαν
451 3816 507 3868 δὲ
562 3816 891 3885 φιλονεικίαν
922 3816 1101 3869 αὐτῶν
1132 3818 1508 3871 ἀποκλείουσιν
1540 3820 1595 3871 αἱ
1646 3818 1784 3874 θεῖαι

210 3904 444 3974 Γραφαὶ,
478 3905 719 3966 Μωσέως
756 3905 854 3973 μὲν
893 3904 1120 3974 βοῶντος
1148 3907 1275 3975 περὶ
1302 3906 1397 3959 τοῦ
1427 3907 1582 3975 Υίοῦ,
1618 3908 1677 3961 Ὀ
1702 3908 1785 3961 ὢν

206 4014 284 4065 με
311 3995 656 4049 ἀπέστειλε·
687 3996 780 4048 τοῦ
802 3998 857 4048 δὲ
880 3998 1288 4064 εὐαγγελιστοῦ,
1339 4001 1433 4052 Ἐν
1454 4000 1611 4069 ἀρχῇ
1644 3998 1723 4070 ἦν
1749 4002 1780 4054 ό

209 4091 420 4156 Λόγος.
454 4088 562 4142 Καὶ
598 4088 695 4157 οὐχ
737 4088 884 4152 ἅπαξ
933 4090 993 4141 τὸ
1031 4088 1127 4159 ἦν,
1182 4091 1317 4144 ἀλλὰ
1350 4093 1629 4163 τέταρτον.
1672 4096 1780 4147 Καὶ

209 4178 375 4232 πάλιν
407 4176 637 4247 ἀλλαχοῦ
658 4194 671 4206 ·
716 4178 778 4229 '0
810 4176 895 4229 ὢν
919 4178 987 4229 ἐκ
1016 4179 1121 4231 τοῦ
1154 4181 1298 4233 Θεοῦ
1319 4198 1332 4210 ·
1375 4183 1488 4233 καί·
1536 4183 1586 4233 '0
1611 4180 1781 4233 ὡνέν

209 4266 336 4333 τοῖς
370 4270 616 4331 κόλποις
641 4267 747 4321 τοῦ
779 4270 1036 4335 Πατρός·
1070 4271 1165 4322 καὶ
1189 4271 1246 4321 ἐν
1274 4272 1499 4340 ἑτέροις*
1533 4273 1583 4322 Ὀ
1603 4272 1686 4323 ὢν
1712 4273 1781 4325 ἐν

209 4358 293 4423 τῷ
322 4357 573 4427 οὐρανῷ·
613 4359 721 4409 Καὶ
760 4359 816 4409 ὲν
848 4362 913 4428 τῇ
952 4359 1346 4429 Ἀποκαλύψεν
1390 4362 1442 4412 '0
1475 4358 1577 4425 ὢν,
1610 4361 1705 4414 καὶ
1746 4365 1780 4415 ό

207 4447 291 4521 ἦν
318 4451 447 4520 (δὴν
500 4448 595 4502 καὶ
641 4452 672 4501 δ
703 4450 1056 4517 ἐρχόμενοςο
1088 4453 1180 4503 καὶ
1226 4452 1254 4502 6
1290 4451 1531 4514 Παῦλοςο
1576 4454 1671 4517 Ὃς
1694 4449 1779 4505 ὢν

209 4542 574 4609 ἀπαύγασμα
600 4539 707 4607 τῆς
743 4539 930 4604 δόξης
954 4557 966 4568 ·
996 4542 1089 4594 καί
1111 4559 1123 4571 ’
1162 4545 1265 4608 Ὃς
1294 4544 1363 4595 ἐν
1397 4541 1600 4611 μορφῇ
1629 4542 1777 4595 Θεοῦ

207 4632 534 4700 ὑπάρχων’
582 4633 676 4685 καὶ
720 4631 910 4684 πάλιν
958 4632 1022 4685 '0
1070 4632 1156 4687 ὢν
1200 4636 1294 4687 ἐπὶ
1346 4635 1586 4688 πάντων
1632 4636 1776 4701 Θεὸς

206 4723 554 4789 εὐλογητός.
576 4720 637 4773 Ei
661 4722 909 4792 ἀληθινὸς
932 4721 1083 4784 Θεὸς,
1103 4726 1195 4776 καὶ
1222 4725 1354 4793 φῶς,
1374 4728 1466 4779 καὶ
1486 4728 1771 4799 ἄτρεπτος,

206 4819 304 4870 καὶ
331 4814 551 4882 ἀγαθὸς,
586 4816 677 4867 καὶ
704 4817 873 4883 ἆγιος,
900 4818 992 4869 καὶ
1026 4816 1230 4889 Κύριος
1262 4822 1289 4871 6
1321 4821 1465 4884 Υἱὸς,
1500 4797 1671 4876 ταῦτα
1717 4797 1773 4875 δέ

1896 2360 1950 2405 et
1983 2351 2075 2419 qui
2116 2358 2219 2415 est,
2256 2359 2311 2403 et
2339 2348 2580 2414 Adonai,
2627 2358 2685 2402 et
2729 2348 2841 2402 ΕΙοί
2893 2348 3193 2419 appellatur
3233 2348 3372 2405 Deus
3410 2352 3462 2405 in

1898 2444 2230 2512 Scripturis;
2273 2443 2548 2513 ingenitus
2579 2457 2706 2496 vero
2742 2457 3029 2511 nusquam.
3064 2442 3218 2508 Quod
3256 2442 3303 2497 si
3338 2443 3463 2512 quis

1898 2536 2001 2589 hoc
2032 2537 2195 2589 etiam
2228 2537 2590 2601 concesserit;
2630 2545 2686 2590 et
2737 2551 2928 2590 nomen
2978 2537 3271 2610 ingenitus‘
3290 2546 3346 2591 et
3373 2553 3463 2591 re-

1898 2626 2003 2681 lata
2034 2629 2182 2696 prius
2214 2629 2427 2682 nomina
2452 2637 2509 2683 ut
2529 2626 2749 2693 Iudaeis,
2790 2630 2858 2681 ita
2907 2629 3028 2682 aliis
3058 2629 3307 2683 omnibus
3333 2644 3463 2698 pro-

1897 2718 2039 2773 ferre
2069 2721 2356 2775 conveniet
2390 2739 2403 2774 :
2449 2720 2774 2775 Christianis
2814 2736 2942 2776 vero
2986 2721 3115 2777 solis
3147 2722 3267 2786 hoc,
3299 2718 3464 2775 Pater

1896 2808 2114 2865 Christi.
2141 2811 2197 2866 Si
2247 2812 2410 2881 igitur
2440 2813 2581 2880 quod
2610 2812 2778 2868 solum
2804 2827 2833 2866 a
2857 2814 3065 2869 exteris
3095 2827 3193 2868 nos
3221 2821 3460 2883 separat,

1898 2900 1949 2956 id
1990 2900 2183 2957 falsum
2220 2911 2321 2965 est,
2356 2918 2455 2957 nec
2482 2918 2688 2968 verum,
2718 2904 2763 2957 si
2797 2918 2991 2957 nomen
3026 2911 3115 2957 est
3146 2903 3457 2971 adoptione,

1894 3010 2001 3047 non
2036 3010 2121 3048 res
2144 3004 2358 3059 natura,
2385 2993 2519 3047 falsa
2549 3003 2632 3046 est
2661 2993 2793 3047 tides
2821 3003 3027 3059 nostra,
3056 3003 3111 3047 et
3144 3008 3267 3061 spes
3294 3008 3457 3047 vana.

1894 3084 2058 3154 Cujus
2086 3086 2229 3137 enim
2258 3084 2579 3152 principium
2620 3083 2889 3136 infirmum
2911 3093 3014 3145 est,
3052 3082 3169 3152 ejus
3196 3085 3359 3138 etiam
3395 3085 3457 3138 ti-

1895 3178 1980 3231 nis
2010 3177 2201 3231 debilis
2235 3188 2337 3230 est.
2369 3174 2579 3229 Rursus
2607 3175 2958 3245 interrogant,
2999 3174 3192 3231 Utrum
3223 3191 3347 3232 cum
3371 3191 3458 3231 es-

1892 3277 1994 3333 set,
2017 3266 2225 3338 genitus
2250 3268 2319 3322 sit
2342 3266 2532 3331 Filius,
2557 3281 2624 3321 an
2660 3282 2779 3322 cum
2803 3282 2907 3322 non
2933 3278 3075 3323 esset
3104 3285 3118 3323 :
3147 3278 3203 3322 at
3224 3268 3455 3323 obscura

1890 3373 1945 3418 et
1973 3362 2199 3432 maligna
2228 3370 2310 3415 est
2337 3374 2523 3416 eorum
2562 3361 2935 3431 interrogatio.
2960 3360 3197 3425 Etenim,
3221 3361 3345 3415 dum
3362 3375 3456 3414 ve-

1892 3463 2079 3509 rentur
2126 3453 2464 3523 interrogare
2510 3452 2742 3523 quando.
2773 3463 2827 3506 et
2869 3453 3211 3521 intempore;
3243 3452 3451 3519 dicunt,

1890 3561 2009 3598 cum
2062 3556 2212 3599 esset.
2256 3543 2368 3599 Hos
2404 3543 2641 3599 vicissim
2683 3543 2974 3614 interroga,
3033 3543 3273 3609 Deusne,
3330 3558 3451 3599 cum

1889 3646 2031 3691 esset
2068 3634 2249 3699 Pater,
2292 3634 2489 3690 Filium
2540 3634 2742 3705 genuit,
2776 3652 2843 3690 an
2874 3651 2997 3690 cum
3028 3650 3136 3688 non
3175 3644 3321 3690 esset
3346 3634 3450 3690 Pa-

1890 3721 2016 3774 ter?
2051 3719 2109 3774 Si
2139 3721 2283 3775 enim
2312 3737 2435 3776 cum
2467 3733 2609 3779 esset
2638 3723 2802 3778 Pater
2823 3763 2837 3787 ,
2874 3724 3143 3779 exsistens
3179 3724 3451 3779 exsisten-

1888 3822 1993 3867 tem
2026 3814 2213 3883 genuit
2248 3831 2262 3865 :
2297 3824 2487 3868 contra
2528 3815 2571 3868 si
2602 3828 2722 3868 cum
2756 3829 2860 3868 non
2912 3824 3073 3880 esset,
3118 3815 3297 3871 factus
3342 3826 3448 3877 est.

1887 3918 1992 3958 non
2027 3912 2206 3958 autem
2238 3914 2429 3958 natura
2457 3903 2621 3974 282
2660 3903 2820 3959 Pater
2864 3916 2966 3959 est.
2998 3905 3223 3960 Omnem
3269 3915 3448 3959 autem

1885 3993 2126 4065 ipsorum
2151 3996 2558 4050 contentionem
2590 3993 2885 4047 excludunt
2907 3994 3106 4047 divinae
3130 3992 3445 4064 Scriptum,

1883 4100 2005 4139 cum
2035 4085 2212 4141 Moses
2241 4086 2457 4154 quidem
2492 4086 2687 4139 clamet
2721 4084 2787 4138 de
2820 4084 2957 4139 Filio
2988 4103 3001 4139 :
3032 4083 3137 4149 Qui
3169 4096 3266 4147 est,
3306 4086 3448 4139 misit

1882 4194 1963 4231 me
1992 4180 2037 4210 ⁵³
2065 4197 2078 4231 :
2114 4188 2168 4232 et
2195 4178 2555 4247 evangelista:
2592 4176 2660 4230 In
2699 4177 2955 4245 principio
2983 4187 3095 4230 erat
3130 4175 3353 4231 Verbum
3374 4178 3443 4231 ".

1881 4269 1993 4323 Nec
2016 4270 2183 4324 semel
2219 4270 2366 4334 dicit,
2404 4280 2537 4336 erat,
2586 4272 2679 4326 sed
2710 4276 2918 4337 quater.
2958 4268 3024 4322 Et
3048 4282 3233 4322 rursus
3268 4267 3395 4321 alibi
3426 4285 3443 4322 :

1884 4363 1991 4430 Qui
2016 4378 2080 4415 ex
2100 4361 2207 4416 Deo
2249 4374 2323 4416 est
2350 4364 2395 4395 ⁵⁸
2421 4381 2436 4429 ;
2480 4371 2535 4418 et
2564 4379 2579 4415 :
2610 4361 2714 4427 Qui
2741 4370 2817 4416 est
2848 4362 2903 4413 in
2926 4361 3042 4414 sinu
3075 4357 3256 4412 Patris
3282 4359 3363 4424 ³⁹;
3390 4368 3448 4413 et

1882 4455 1934 4509 in
1964 4455 2085 4509 aliis
2110 4472 2121 4507 :
2154 4454 2257 4518 Qui
2284 4464 2358 4507 est
2389 4455 2443 4507 in
2468 4453 2594 4507 calo
2624 4453 2668 4484 ⁸ο
2696 4468 2714 4518 ;
2779 4462 2835 4507 et
2868 4452 2922 4506 in
2950 4450 3303 4521 Apocalypsi:
3340 4451 3445 4515 Qui

1880 4554 1975 4605 est,
2009 4555 2056 4597 et
2093 4544 2183 4613 qui
2220 4554 2353 4605 erat,
2395 4554 2443 4597 et
2492 4544 2582 4612 qui
2629 4552 2874 4597 venturus
2898 4552 2972 4594 est
3002 4541 3081 4606 “;
3119 4550 3172 4595 et
3196 4539 3394 4595 Paulus
3426 4560 3442 4596 :

1881 4634 1983 4701 Qui
2014 4651 2130 4687 cum
2160 4635 2225 4687 sit
2243 4634 2485 4701 splendor
2504 4632 2685 4703 gloria:
2705 4637 2788 4696 ";
2818 4640 2874 4686 et
2896 4650 2908 4685 :
2930 4632 3034 4697 Qui
3053 4648 3167 4684 cum
3199 4633 3253 4684 iu
3273 4631 3445 4698 {arma

1877 4726 1974 4779 Dei
1998 4737 2125 4779 esset
2156 4724 2239 4790 ⁶³ς
2267 4734 2321 4778 et
2345 4738 2536 4780 rursus
2562 4742 2575 4779 :
2616 4724 2720 4789 Qui
2747 4725 2899 4779 estin
2928 4724 3164 4777 omnibus
3197 4724 3331 4778 Deus
3355 4726 3444 4777 be-

1874 4817 2112 4870 uedictus
2154 4814 2219 4867 “.
2253 4815 2307 4868 Si
2336 4814 2505 4870 Filius
2534 4823 2619 4870 est
2645 4829 2805 4869 verus
2823 4814 2987 4879 Deus.
3018 4825 3073 4869 et
3098 4814 3210 4880 lux,
3248 4825 3302 4869 et
3340 4816 3442 4868 im-

209 4910 302 4963 καὶ
329 4911 357 4961 6
380 4906 566 4978 Πατὴρ
592 4906 689 4970 ὢν,
724 4909 821 4977 οὐχ
850 4910 1051 4977 ὁμοίως
1074 4912 1244 4975 ἐστὶν,
1286 4911 1420 4964 ἀλλὰ
1474 4912 1735 4983 μειζόνως
1754 4931 1766 4942 ·
1807 4952 1850 5002 υ

1807 4952 1850 5002 υ
1876 4908 2167 4969 mutabilis,
2202 4918 2255 4961 et
2290 4908 2481 4972 bonus,
2506 4915 2562 4963 et
2590 4917 2835 4971 sanctus,
2875 4916 2929 4961 et
2984 4906 3282 4961 Dominus:
3327 4907 3440 4962 lucc

206 5003 307 5053 οὐκ
342 5000 525 5057 οὐσίας
553 5000 790 5070 ὑπεροχῇ
834 5001 943 5071 (55)
990 5002 1125 5056 ἀλλὰ
1159 5004 1439 5072 ποιότητος
1474 5004 1769 5075 ὐπερΰολῇ.

280 5118 326 5186 ff
354 5116 520 5169 Exod.
551 5132 635 5179 ιιι,
672 5116 759 5169 Η.
836 5117 878 5147 ⁵⁷
902 5116 1055 5171 Joan.
1087 5135 1125 5183 1,
1152 5121 1203 5174 1.
1280 5120 1324 5151 ⁸⁸
1350 5118 1507 5173 Joan.
1536 5136 1651 5183 vttt,
1692 5122 1781 5186 4‘2,
1805 5118 1893 5172 ιι.

206 5186 255 5220 ⁸²
290 5185 454 5239 Hebr.
488 5200 524 5252 ι,
556 5186 609 5242 5.
686 5187 731 5216 ⁸³
754 5186 947 5253 Philip.
982 5203 1044 5253 ιι,
1076 5189 1128 5242 6.
1205 5189 1249 5221 ⁸⁸
1278 5192 1435 5244 llom.
1476 5204 1549 5255 ιι,
1580 5191 1631 5243 5.

277 5325 526 5396 (49)111ο,
562 5329 625 5380 Ἥ
666 5327 762 5398 μὲν
801 5326 928 5398 γὰρ,
974 5336 1104 5392 etc..
1154 5331 1232 5383 sic
1274 5330 1432 5383 velim
1479 5329 1759 5399 accipias:

204 5397 460 5453 Facultas
495 5400 569 5451 rei
617 5397 887 5452 facienda:
914 5401 1052 5452 inest
1076 5400 1287 5466 quidem
1318 5401 1369 5454 in
1402 5397 1638 5467 opifice':
1666 5400 1759 5453 sed

205 5482 295 5521 res
327 5468 438 5535 ipsa
479 5482 598 5534 quae
630 5467 876 5537 eﬂicitnr,
912 5480 1032 5534 post
1063 5471 1235 5532 ipsum
1276 5479 1571 5537 permanet.
1604 5469 1756 5522 Haud

206 5537 361 5623 longe
390 5537 516 5591 editi
551 5537 642 5590 καὶ
679 5535 865 5589 εἰπών.
896 5539 1115 5608 Antiqui
1165 5535 1416 5593 duo’libri
1467 5540 1559 5591 καὶ
1610 5542 1638 5592 ὁ
1679 5542 1756 5592 εξ-

204 5623 343 5659 suav.

274 5676 388 5743 (50)
423 5675 624 5731 Nomen
668 5676 901 5731 Sabaoth
940 5691 1133 5732 nomen
1182 5679 1276 5732 Dei
1336 5693 1442 5731 non
1484 5692 1625 5743 esse,
1662 5679 1756 5733 sed

203 5760 423 5818 nomen.
454 5751 596 5816 quod
646 5748 737 5818 Dei
788 5750 987 5802 nomini
1023 5748 1288 5818 jungitur,
1342 5748 1455 5817 jam
1496 5758 1757 5803 notarunt

200 5816 302 5869 viri
335 5818 628 5871 doctissimi
656 5817 881 5871 Ducmus
903 5828 956 5871 et
976 5816 1349 5872 Comliefisius.

274 5885 383 5955 (5i)
422 5888 549 5958 Iieg.
580 5900 804 5957 qttarltts
837 5887 934 5939 οὐκ
979 5887 1172 5957 ἀληθὲς
1214 5889 1349 5943 κατὰ
1390 5891 1515 5951 τοὺς
1561 5891 1756 5958 αἱρετι-

1880 5012 2057 5056 autem
2085 5012 2138 5057 et
2166 5002 2329 5057 Pater
2363 5017 2485 5057 cum
2521 5003 2614 5067 sit,
2643 5016 2749 5055 non
2774 5000 3024 5056 similiter
3052 5012 3156 5067 est,
3198 5002 3289 5056 sed
3322 5015 3438 5054 am-

1983 5118 2205 5174 "Joan.
2236 5135 2276 5185 ι,
2310 5117 2398 5173 18.
2498 5116 2544 5149 ⁸ο
2570 5114 2726 5171 Joan.
2762 5129 2847 5183 ιιι,
2880 5115 2967 5171 1⁸5.
3044 5115 3087 5147 ⁸⁸
3114 5114 3280 5185 Apoc.
3316 5128 3333 5167 ι
3379 5112 3438 5167 8.

1865 5347 2016 5383 κους.

1936 5347 2049 5468 ἵξῗέ)
2080 5396 2216 5452 Ειιὶιὶ
2249 5393 2343 5449 καὶ
2364 5394 2423 5468 ὃς
2450 5388 2539 5466 ἦν,
2585 5393 2743 5445 bene.
2774 5390 2844 5443 At
2878 5403 3007 5443 mss.
3036 5400 3127 5442 sex
3156 5386 3249 5440 atat
3283 5384 3313 5439 ὃ
3340 5381 3432 5455 ἦν,

1872 5466 1971 5524 nec
2004 5466 2159 5521 aliter
2191 5468 2381 5534 legitur
2409 5466 2459 5517 in
2494 5471 2847 5534 sacr_o_textn_.

1937 5539 2047 5615 (55)
2080 5538 2215 5591 Editi
2242 5526 2428 5593 οὐσίας
2450 5527 2916 5615 ὑπερϐολῇηάλλᾲ
2948 5526 3435 5615 ἕλξις·

1864 5596 1985 5682 οχῆ.
2019 5596 2089 5663 At
2158 5623 2289 5662 mss.
2327 5621 2422 5659 sex
2476 5616 2533 5657 ut
2560 5596 2619 5656 ἰιι
2650 5596 2929 5663 contextu,
2964 5600 3178 5651 inverso
3219 5596 3435 5648 ordine.

1865 5682 1997 5727 Rea.
2044 5682 2307 5727 secundus
2366 5672 2553 5727 οὐσίας
2595 5669 2889 5727 ὑπερογὴν.
2949 5667 3082 5721 ἀλλὰ
3148 5664 3433 5727 ποιότητος

2044 5682 2307 5733 secundus
2366 5672 2553 5736 οὐσίας
2595 5669 2889 5742 ὑπεροχὴν,
2917 5669 3082 5749 ἀλλὰ
3148 5669 3433 5734 ποιότητος

1866 5748 2212 5822 ὑπερϐολήν-ε
2248 5760 2363 5815 quae
2406 5744 2589 5806 lectio,
2625 5737 2669 5822 si
2705 5749 3011 5822 praepositio
3046 5736 3188 5790 κατά
3234 5735 3433 5791 subam-

1867 5812 2065 5881 diat'nr,
2096 5812 2150 5873 et
2182 5812 2293 5879 ipsa
2320 5828 2532 5869 onooue
2563 5812 2725 5867 recio‘
2772 5819 2939 5863 notest
