4208 6508
773 455 873 509 €79

2060 449 2116 502 S.
2160 449 2403 503 BASILII
2444 447 2656 502 MAGNI

3906 443 4002 500 (ἰεῦ

769 569 942 634 ptius;
976 579 1077 618 non
1106 565 1421 618 substantize
1461 566 1864 630 exsuperantia,
1903 569 1994 619 sed
2042 566 2324 632 qualitatis
2357 571 2385 626 Λ

2450 566 2595 618 )ὐσία
2641 566 2747 633 γὰρ
2789 567 2972 626 οὐςίας
3028 563 3226 631 μᾶλλον
3270 566 3328 616 οὐ
3394 563 3632 630 λέγεται,
3677 559 3903 630 ποιότης
3953 564 4006 618 eg

772 655 1102 722 praestantia.
1129 655 1439 708 Substantia
1469 655 1609 708 enim
1641 655 1812 722 magis
1833 671 1994 726 quant
2023 658 2326 711 substantia

765 761 871 800 non
897 747 1114 809 dicitur,
1149 745 1244 800 sed
1277 748 1510 818 qualitas
1538 746 1802 814 qualitate
1833 768 1846 804 :
1895 750 2055 804 homo
2082 749 2226 802 enim
2253 751 2330 804 al-

765 847 884 893 tero
934 837 1150 891 homine
1184 840 1356 910 magis
1390 839 1549 892 homo
1603 853 1707 893 non
1743 840 1961 907 dicitur,
2014 839 2108 894 sed
2157 839 2332 896 bonus

764 931 908 986 bono
939 929 1152 994 melior,
1177 941 1231 986 et
1260 931 1439 1001 justus
1465 929 1611 998 justo
1638 928 1855 998 justior.
1889 932 2209 989 Genitorum
2241 947 2333 987 ea-

767 1026 890 1079 dem
917 1033 1000 1078 est
1027 1034 1240 1090 natura,
1276 1040 1393 1092 quae
1420 1035 1504 1080 est
1533 1025 1812 1096 genitoris,
1873 1026 2083 1081 etiamsi
2119 1027 2333 1096 genitus

767 1114 875 1171 alio
910 1116 1068 1171 modo
1091 1133 1202 1171 esse
1232 1117 1448 1170 habeat.
1501 1117 1686 1187 Neque
1719 1121 1862 1174 enim
1890 1118 2042 1180 Abel,
2089 1132 2155 1173 ex
2188 1120 2333 1173 coitu

769 1207 1002 1278 genitus,
1029 1210 1096 1263 ab
1139 1208 1346 1262 Adamn
1387 1211 1634 1266 diversus
1667 1221 1772 1276 est,
1800 1211 2185 1267 licetAdamus
2224 1212 2336 1266 lor-

772 1311 948 1356 matus
988 1302 1058 1355 sit
1093 1300 1164 1364 ‘5,
1200 1317 1306 1357 non
1339 1303 1572 1374 genitus.
1606 1301 1663 1356 Si
1711 1319 1872 1360 causa
1900 1314 2124 1360 causato
2166 1304 2336 1375 major

768 1392 1180 1465 est,diﬂ‘ertque
1226 1397 1516 1451 secundmu
1569 1397 1927 1451 substantiam
1960 1414 1974 1450 :
2013 1399 2191 1454 omnis
2243 1415 2337 1453 au-

773 1496 878 1540 tem
929 1497 1084 1556 pater
1114 1501 1271 1542 causa
1321 1495 1425 1547 est,
1454 1492 1508 1538 et
1550 1489 1723 1542 omnis
1751 1487 1890 1543 [ilius
1920 1500 2207 1554 causatus;
2245 1505 2338 1558 pa-

774 1591 884 1634 tres
920 1580 1042 1634 ﬁliis
1086 1581 1316 1646 majores
1359 1588 1520 1645 sunt,
1553 1591 1607 1634 et
1643 1582 1710 1636 ab
1759 1583 1837 1636 eis
1881 1584 2178 1637 secundum
2207 1585 2334 1637 sub-

776 1671 1027 1723 stantiam
1071 1670 1346 1732 dill‘ernut,
1383 1685 1483 1725 nec
1514 1683 1638 1726 sunt
1674 1673 1830 1728 unius
1860 1673 2197 1728 substantim.
2233 1673 2340 1730 Sed

773 1764 877 1817 hoc
926 1779 1112 1818 verum
1151 1778 1255 1816 non
1283 1775 1386 1818 est.
1422 1763 1779 1835 lutert'Ogant,
1802 1767 1882 1820 An
1913 1764 2095 1832 Pater,
2127 1779 2343 1835 postea-

770 1870 932 1923 quam
967 1855 1158 1911 Filium
1188 1859 1396 1926 genuit,
1427 1872 1548 1913 eum
1589 1859 1807 1928 gignere
1847 1861 2159 1915 destiterit:
2216 1872 2270 1915 et
2297 1864 2340 1917 si

2432 655 2734 724 ποιότητος.
2767 656 3083 726 Ἄνθρωπος
3113 652 3219 722 γὰρ
3247 653 3530 724 ἀνθρώπου
3566 650 3770 723 μᾶλλον
3806 651 3868 702 οὐ
3919 653 4004 706 λέ-

2432 763 2616 818 γεται·
2656 747 2859 814 ἀγαθὸς
2892 748 2946 798 δὲ
2977 744 3201 816 ἀγαθοῦ,
3250 747 3343 798 καὶ
3381 748 3588 811 δίκαιος
3618 743 3852 799 δικαίου.
3891 745 4006 798 Τῶν

2433 839 2704 909 γεννητῶν
2739 839 2771 908 1i;-
2804 839 2941 910 αὐτὴ
2975 841 3135 908 φύσις
3174 835 3311 908 πρὸς
3357 836 3447 888 τὸν
3499 842 3863 911 γεννήσαντα,
3913 835 4007 888 xiv

2435 932 2632 1002 ἑτέρως
2684 933 2712 981 ὁ
2755 929 3037 1000 γεννηθεὶς
3087 930 3146 983 τὸ
3178 923 3329 982 εἶναι
3380 925 3479 997 ἔχῃ
3535 930 3671 1002 (.34).
3715 928 3854 983 Οὐδὲ
3905 926 4008 996 γὰρ

2441 1025 2624 1089 Ἅϐελ,
2665 1027 2692 1078 ὁ
2713 1027 2776 1078 ὲκ
2813 1024 3150 1095 συνδυασμοῦ
3185 1019 3484 1093 γεννηθεὶς,
3516 1020 3704 1090 ἕτερος
3739 1020 3895 1094 παρά
3925 1019 4010 1070 τον

2449 1119 2640 1188 ’Λδέιμ,
2675 1119 2769 1171 τοῦ
2812 1117 2981 1187 Ἀδὰμ
3007 1119 3082 1188 μὴ
3121 1114 3469 1187 γεννηθέντος
3496 1111 3630 1165 ἀλλά
3659 1115 4008 1174 πλασθέντας.

2438 1215 2498 1267 Εἰ
2527 1211 2586 1263 τὸ
2615 1211 2787 1263 αἴτιον
2825 1208 2918 1263 τοῦ
2955 1210 3201 1263 αἰτιατοῦ
3243 1209 3424 1280 μεῖζον
3469 1207 3562 1258 καὶ
3601 1204 3864 1276 διάφορον
3899 1207 4009 1260 κατ’

2438 1303 2644 1367 οὐσίαν,
2675 1304 2783 1366 πᾶς
2817 1303 2872 1356 δὲ
2905 1300 3085 1372 πατὴρ
3109 1302 3299 1367 αἴτιος,
3335 1300 3428 1355 καὶ
3457 1298 3564 1361 πᾶς
3597 1298 3712 1362 υίὸς
3749 1300 4010 1365 atria-34,

2444 1397 2660 1470 μείζους
2707 1399 2800 1449 καὶ
2840 1396 3088 1465 διάφοροι
3137 1397 3256 1449 κατ’
3295 1394 3484 1448 οὐσίαν
3529 1392 3579 1443 οἱ
3630 1391 3873 1461 πατέρες
3914 1394 4014 1445 τῶν

2441 1491 2590 1553 υἱῶν,
2619 1489 2713 1543 καὶ
2741 1490 2800 1542 οὐ
2829 1492 2956 1560 μιᾶς
2981 1487 3188 1549 οὐσίας.
3221 1487 3358 1540 Ἀλλ’
3380 1488 3477 1540 οὐκ
3510 1483 3730 1555 ἀληθές.
3771 1483 4016 1554 Ἐρωτῶ-

2445 1600 2552 1638 σιν·
2578 1583 2662 1644 El,
2703 1583 2971 1651 γεννήσας
3007 1580 3035 1633 ὁ
3074 1579 3264 1650 Πατὴρ
3301 1581 3390 1634 τὸν
3422 1578 3570 1640 Υίδν,
3607 1577 3891 1631 ἐπαύσατο
3928 1576 4016 1628 τοῦ

2443 1675 2636 1745 γεννᾷν
2670 1673 2831 1726 αὐτόν
2852 1692 2864 1702 ·
2905 1674 3005 1727 κᾶν
3040 1671 3301 1737 λάϐωσιν,
3340 1673 3423 1726 ὅτι
3456 1669 3756 1732 ἐπαύσατο,
3788 1668 4018 1736 ἐπάγον-

2447 1783 2529 1818 σιν
2553 1780 2564 1791 ·
2597 1763 2806 1817 Οὐκοῦν
2846 1765 2936 1817 καὶ
2979 1761 3180 1835 ἤρξατο
3217 1767 3432 1835 γεννᾷν.
3472 1763 3586 1816 Πᾶν
3627 1761 3740 1832 γὰρ
3772 1763 3838 1815 τὸ
3876 1760 4019 1822 τέλος

2446 1855 2565 1926 ἔχον
2594 1857 2686 1908 καὶ
2714 1856 2887 1927 ἀρχὴν
2923 1856 3035 1926 ἔχει
3056 1872 3070 1885 ·
3101 1855 3200 1907 οὐκ
3221 1853 3327 1925 ἄρα
3356 1852 3448 1910 οὖν
3481 1854 3591 1923 (55)
3617 1849 3684 1923 ἦν
3709 1855 3797 1907 ἀεὶ
3827 1859 3856 1909 ὸ
3880 1855 4017 1917 Υἱός.

776 1950 878 2002 hoc
904 1949 1265 2017 impetrartnt,
1303 1951 1442 2019 quod
1475 1951 1802 2017 cessaverit;
1836 1950 2099 2006 inducunt
2128 1971 2140 2007 :
2177 1954 2342 2024 Igitur
2375 1931 2385 1984 ¹

2459 1947 2717 2020 Ἐρούμεν
2756 1944 2883 2001 οὖν’
2921 1949 2982 2002 Ei
3017 1948 3077 2001 τὸ
3113 1946 3419 2016 παυόμενον
3463 1948 3674 2017 ἀνάγκη
3726 1949 3823 2001 καὶ
3857 1949 4020 2020 ἀρχὴν

772 2034 934 2096 etiain
969 2056 1232 2112 generare
1290 2043 1529 2110 inccepit.
1565 2041 1836 2113 Quidquid
1873 2045 2017 2099 enim
2056 2046 2214 2102 ﬁnem
2251 2048 2345 2101 ha-

773 2131 883 2193 bet,
914 2132 1075 2186 habet
1131 2147 1343 2202 quoque
1383 2132 1708 2201 principium
1748 2153 1762 2190 :
1816 2150 1920 2188 non
1956 2149 2170 2204 semper
2215 2151 2343 2204 ergo

771 2237 893 2284 erat
915 2225 1104 2281 Filius.
1140 2229 1384 2281 Dicemus
1418 2227 1603 2296 igitur,
1637 2227 1695 2281 Si
1735 2227 1788 2282 id
1821 2229 1961 2296 quod
1989 2230 2205 2293 desinit,
2245 2245 2343 2284 ιιετ

773 2321 1014 2374 cessario
1039 2320 1201 2373 etiam
1230 2319 1554 2387 principium
1587 2318 1773 2384 habet,
1814 2335 2000 2374 rursus
2032 2321 2076 2374 si
2112 2321 2162 2374 id
2199 2322 2342 2390 quod

773 2409 1096 2479 principium
1131 2409 1315 2474 habet,
1349 2410 1654 2465 necessario
1701 2426 1916 2480 quoque
1945 2412 2147 2465 desinit
2179 2433 2190 2466 :
2248 2427 2344 2465 au-

773 2501 878 2573 geli
904 2502 1065 2572 igitur
1094 2510 1148 2556 et
1167 2511 1359 2556 cuncta
1395 2502 1716 2573 incorporea
1746 2519 1871 2560 eum
1903 2519 2025 2559 esse
2053 2505 2342 2574 coeperint,

775 2592 1083 2650 necessario
1113 2592 1280 2647 etiam
1313 2608 1435 2648 esse
1479 2594 1763 2650 desistent.
1804 2595 1872 2650 At
1913 2595 2014 2651 hoc
2051 2596 2343 2651 absurdum

771 2695 878 2740 est.
919 2684 1062 2740 Fieri
1112 2686 1280 2756 igitur
1330 2695 1526 2756 potest,
1565 2698 1621 2741 nt
1654 2688 1705 2741 id
1737 2689 1881 2758 quod
1912 2704 2033 2744 esse
2081 2689 2302 2760 incwpit
2327 2733 2341 2756 ,

775 2792 880 2832 non
911 2778 1144 2840 desinat,
1179 2789 1232 2832 et
1266 2781 1315 2832 id
1355 2783 1496 2847 quod
1538 2780 1720 2844 desiit,
1763 2796 1865 2835 non
1912 2782 2214 2850 incmperit.
2250 2783 2345 2837 Sin

775 2867 952 2935 aliter,
990 2877 1044 2924 et
1095 2869 1210 2939 ipse
1241 2868 1408 2924 Filius
1458 2870 1504 2924 si
1549 2870 1872 2940 principium
1908 2873 2109 2925 carendi
2145 2873 2342 2936 habet,

777 2961 940 3014 linem
993 2960 1157 3015 etiam
1229 2962 1521 3015 secundum
1565 2961 1706 3032 ipsos
1759 2961 1918 3015 habet
1998 2963 2342 3027 necessario;

777 3054 1214 3123 quandoquidem
1243 3055 1504 3124 quidquid
1545 3055 1870 3127 principium
1900 3055 2079 3121 habet,
2126 3056 2177 3110 id
2210 3071 2342 3125 quo-

777 3159 883 3214 que
913 3143 1072 3198 linem
1109 3145 1311 3200 habere
1340 3146 1546 3200 volunt.
1578 3147 1643 3201 Et
1672 3149 1942 3217 quomodo
1971 3148 2073 3204 hoc
2097 3147 2345 3218 blasphe-

776 3253 924 3290 tuum
961 3252 1065 3291 non
1095 3238 1225 3292 est?
1254 3237 1359 3292 Sed
1387 3247 1443 3292 et
1477 3237 1566 3293 Dei
1604 3241 1940 3308 prtescientia
1974 3242 2222 3312 principii
2254 3258 2350 3297 ex.

776 3341 923 3396 pars.
955 3338 1236 3398 postquam
1268 3328 1407 3383 facta
1439 3339 1707 3401 suntquae
1729 3308 2020 3401 pnescivit,
2061 3308 2220 3388 linem
2249 3334 2347 3388 ha-
2377 3308 2418 3366 ο

777 3421 888 3474 bet.
915 3419 1028 3475 Non
1057 3422 1242 3491 itaque
1265 3423 1408 3490 quod
1449 3423 1608 3478 ﬁnem
1647 3424 1831 3489 habet,
1868 3427 1917 3479 id
1947 3426 2110 3478 etiam
2160 3439 2348 3480 neces-

775 3513 922 3566 sario
960 3513 1279 3582 principium
1306 3513 1488 3569 habet.
1521 3514 1693 3570 Unum
1737 3516 1789 3569 in
1825 3517 1984 3570 rebus
2012 3517 2348 3583 incorporeis

776 3603 1000 3668 dicitur,
1050 3605 1133 3656 vel
1164 3606 1498 3672 operatione,
1535 3605 1617 3658 vel
1652 3605 1947 3666 voluntate,
1985 3606 2064 3658 vel
2095 3606 2348 3658 substan-

777 3697 870 3749 tia.
899 3693 1028 3749 Cum
1060 3696 1225 3765 igitur
1249 3693 1500 3751 Salvator
1522 3696 1756 3750 dixerit:
1781 3695 1892 3766 Ego
1921 3706 1969 3749 ει
2000 3693 2162 3749 Pater
2184 3711 2346 3748 unum

775 3800 952 3837 sumus
994 3784 1061 3849 “,
1087 3785 1380 3840 secundum
1417 3785 1615 3856 aliquid
1656 3800 1843 3841 eorum
1875 3802 1995 3856 qua:
2025 3786 2182 3840 modo
2206 3786 2343 3840 scri-

776 3878 999 3944 psimus,
1029 3877 1184 3932 dixit.
1214 3877 1402 3948 Itaque
1442 3878 1488 3933 si
1523 3881 1821 3934 secundum
1862 3879 2229 3947 operationem
2259 3877 2347 3933 di-

773 3979 926 4032 cunt,
956 3983 1174 4025 necesse
1205 3982 1286 4026 est
1313 3981 1368 4026 et
1393 3972 1689 4027 secundum
1716 3972 2076 4027 substantiam
2106 3972 2286 4026 dicere
2325 3989 2338 4024 :

775 4075 1001 4128 quorum
1025 4064 1166 4116 enim
1205 4065 1414 4119 diversa
1438 4065 1740 4120 substantia
1766 4075 1872 4132 est,
1903 4065 2097 4120 horum
2127 4079 2232 4121 non
2265 4074 2351 4121 est

774 4151 964 4206 similis
990 4155 1254 4222 Operatio.
1289 4155 1346 4208 Si
1366 4170 1494 4210 vero
1513 4159 1810 4212 secundum
1835 4159 2162 4214 voluntatem
2186 4174 2350 4214 unum

772 4252 918 4307 sunt,
952 4258 1057 4298 non
1099 4244 1273 4299 solum
1322 4260 1662 4318 quaecunque
1692 4249 1852 4304 Pater
1875 4251 2008 4315 vult,
2038 4267 2101 4305 ea
2133 4265 2352 4305 necesse

2446 2042 2614 2111 ἔχειν,
2666 2040 2760 2093 καὶ
2807 2041 2866 2094 τὸ
2923 2040 3096 2112 ἀρχὴν
3134 2029 3264 2108 ’ἔχον
3315 2040 3528 2111 ἀνάγκη
3583 2040 3678 2092 καὶ
3712 2038 4018 2092 studeam-.-

2444 2131 2663 2201 ἄγγελοι
2691 2126 2784 2184 οὖν
2816 2133 2910 2186 καὶ
2943 2132 3118 2185 πάντα
3147 2129 3216 2183 τά
3243 2129 3512 2202 ἀσώματα
3554 2130 3728 2204 ἀρχὴν
3760 2129 3861 2182 τοῦ
3894 2128 4022 2183 εἴναι

2446 2226 2657 2297 ἔχοντα,
2695 2225 2911 2301 ἀνάγκῃ
2940 2228 3033 2280 καὶ
3064 2225 3219 2288 τέλος
3248 2223 3342 2278 τοῦ
3386 2222 3524 2279 εἶναι
3554 2226 3664 2290 ἕξει
3698 2222 3837 2297 (56).
3886 2224 4020 2275 Ἀλλ’

2444 2319 2664 2373 ἄτοπον.
2702 2321 2936 2374 Δυνατὸν
2965 2317 3079 2389 οὖν,
3122 2318 3218 2372 καὶ
3258 2317 3566 2389 ἀρξάμενον
3599 2318 3694 2374 τοῦ
3733 2312 3900 2383 εἶναι,
3955 2318 4027 2388 μὴ

2445 2411 2778 2475 πεπαῦσθαι,
2824 2414 2914 2465 καὶ
2951 2414 3321 2482 παυσάμενον,
3377 2411 3452 2481 μὴ
3485 2407 3708 2484 ἦρχθαι.
3744 2413 3808 2466 ΕΞ
3841 2411 3898 2464 δὲ
3935 2409 4025 2480 μὴ,

2444 2503 2542 2557 καὶ
2582 2503 2743 2564 αὐτὸς
2783 2507 2810 2556 ό
2861 2503 2988 2566 Υἱὸς
3019 2506 3067 2555 εἰ
3105 2501 3274 2573 ἀρχὴν
3304 2501 3397 2554 τοῦ
3430 2498 3725 2573 εἷναιὲχει
3767 2504 3908 2574 (57),
3943 2504 4029 2556 καὶ

2445 2596 2596 2661 τέλος
2625 2597 2744 2651 κατ’
2779 2595 2975 2657 αὐτοὺς
3021 2597 3077 2660 ἐξ
3128 2595 3373 2664 ἀνάγκης
3413 2594 3526 2664 ἔχει
3549 2614 3562 2625 ο
3603 2596 3795 2666 ἐπειδὴ
3830 2599 3938 2650 πᾶν
3974 2598 4030 2648 τὸ

2447 2689 2620 2761 ἀρχὴν
2655 2687 2774 2759 ἔχον
2812 2687 2906 2741 και
2948 2686 3097 2748 τέλος
3139 2685 3284 2755 ἔχειν
3327 2685 3628 2754 βούλονται.
3676 2687 3789 2738 KQ,
3826 2687 3944 2749 πῶς
3975 2686 4031 2738 ὠ

2449 2783 2804 2853 βλάσφημονς
2847 2781 2955 2834 Καὶ
3009 2780 3040 2849 ή
3095 2777 3402 2849 πρόγνωσις
3436 2776 3491 2829 δὲ
3534 2775 3627 2828 τοῦ
3669 2775 3830 2840 Θεοῦ,
3864 2778 4032 2846 ἀρχὴν

2447 2874 2546 2926 οὐκ
2586 2875 2804 2943 ἔχουσα,
2835 2874 2972 2944 μετᾶ
2995 2873 3054 2925 τὸ
3081 2871 3332 2940 γενέσθαι
3358 2869 3484 2940 περὶ
3512 2862 3584 2922 ὧν
3606 2870 3864 2940 προέγνω
3901 2869 4030 2939 (58),

2446 2965 2598 3027 τέλος
2621 2965 2755 3034 ἔχει.
2793 2966 2958 3017 Ὥστε
2986 2966 3046 3016 οὐ
3078 2965 3139 3016 τὸ
3164 2963 3314 3027 τέλος
3340 2963 3461 3033 ἕχον
3497 2963 3714 3034 ἀνάγκη
3751 2963 3846 3015 καὶ
3868 2963 4033 3035 ἀρχὴν

2447 3055 2614 3126 ἔχειν.
2641 3056 2714 3107 Τὸ
2742 3055 2799 3106 ἓν
2829 3056 2920 3108 ἐπὶ
2951 3055 3058 3107 τῶν
3091 3056 3421 3124 ἀσωμάτων,
3457 3056 3489 3125 ἣ
3529 3056 3806 3128 ἐνεργείᾳ,
3838 3057 3871 3128 ἦ
3919 3056 4035 3126 βου-

2447 3146 2620 3219 λήσει,
2657 3145 2690 3215 ἦ
2723 3145 2883 3216 οὐσίᾳ
2920 3144 3158 3212 λέγεται.
3205 3145 3262 3197 '0
3286 3145 3475 3215 Σωτὴρ
3515 3141 3608 3197 οὖν
3644 3146 3838 3197 εἰπών·
3889 3143 4032 3213 Ἐγὼ

2451 3238 2549 3293 καὶ
2571 3238 2679 3311 (59)
2701 3235 2904 3307 Πατὴρ
2919 3235 2988 3290 ἕν
3014 3237 3220 3306 ἐσμεν,
3244 3236 3435 3289 καθ’ἓν
3469 3253 3520 3288 τι
3544 3235 3654 3287 τῶν
3685 3252 4036 3306 προγεγραμ-

2457 3333 2631 3405 μένων
2660 3333 2901 3404 εῐρηκεν.
2932 3330 3140 3384 Οὐκοῦν
3171 3332 3219 3384 εἰ
3263 3329 3362 3400 μὲν
3393 3331 3513 3383 κατ’
3545 3329 3834 3400 ἐνέργειαν
3855 3329 4036 3398 λέγου-

2457 3425 2787 3494 σιν,ἀνάγκη
2819 3424 2914 3477 καὶ
2941 3423 3062 3477 κατ’
3079 3423 3265 3476 οὐσίαν
3293 3423 3471 3491 λέγειν
3491 3439 3504 3452 ο
3538 3422 3648 3474 τῶν
3681 3422 3795 3495 γὰρ
3826 3424 4035 3492 ἑτερου-

2457 3519 2585 3571 σίων
2614 3518 2714 3570 οὐκ
2744 3517 2809 3569 ἂν
2837 3518 2920 3586 εἴη
2945 3519 2976 3586 ή
3001 3516 3248 3587 ἐνέργεια
3276 3516 3466 3585 ὁμοία·
3505 3516 3552 3567 εἰ
3584 3515 3641 3568 δὲ
3677 3515 3823 3568 κατά
3854 3514 4038 3584 βούλη-

2457 3626 2541 3662 σιν
2567 3608 2652 3672 ἓν,
2680 3609 2780 3677 οὐχ
2813 3610 2915 3661 ὅσα
2947 3609 2974 3659 ὁ
3004 3609 3192 3678 Πατὴρ
3220 3607 3465 3677 βούλεται
3494 3608 3674 3678 μόνον,
3703 3608 3923 3677 ἀνάγκη
3953 3609 4038 3659 καὶ

2452 3699 2544 3752 τὸν
2586 3699 2711 3751 Υίὸν
2766 3699 3070 3769 βούλεσθαι,
3106 3699 3219 3752 ἀλλ’
3248 3701 3347 3752 ὅσα
3380 3700 3473 3752 καὶ
3516 3703 3545 3750 ὁ
3587 3700 3715 3764 Υἱὸς
3771 3700 4036 3770 βούλεται,

2454 3791 2668 3862 ἀνάγκη
2699 3792 2794 3844 καὶ
2820 3791 2910 3844 τὸν
2937 3793 3157 3862 Πατέρα
3191 3790 3493 3860 βούλεσθαι.
3526 3791 3809 3856 Ἐπιτάξει
3844 3788 3936 3846 οὖν
3954 3795 4039 3845 καὶ

2452 3885 2480 3936 ὁ
2511 3882 2637 3945 Υἱὸς
2670 3881 2746 3952 τῷ
2777 3883 2952 3951 Πατρι
2981 3883 3110 3953 περὶ
3137 3874 3210 3934 ὧν
3239 3881 3508 3952 βούλεται,
3531 3882 3667 3952 εἴγε
3696 3885 3796 3937 καὶ
3828 3886 4041 3938 ἐπιτάτ-

2455 3993 2628 4029 τεται.
2661 3977 2723 4028 Ei
2751 3974 2808 4028 δὲ
2838 3975 3187 4028 ὲπιτάττεται
3235 3977 3419 4046 μόνον,
3454 3977 3912 4048 ἀναγκαζόμενος
3955 3978 4038 4030 καὶ

2456 4069 2575 4139 οὐχὶ
2613 4067 2725 4140 (60)
2770 4067 3090 4139 βουλόμενος
3135 4069 3416 4141 ὑπηρετεῖ.
3460 4070 3522 4121 Ei
3551 4069 3606 4122 δὲ
3635 4069 3763 4123 οὐτε
3798 4070 4041 4140 ἐνεργείᾳ

2458 4159 2582 4213 οὐτε
2620 4160 2895 4232 βουλήσει,
2939 4161 3185 4214 λείπεται
3228 4163 3344 4214 κατ’
3384 4161 3583 4224 αὐτοὺς
3624 4161 3682 4214 ἓν
3716 4161 3840 4213 κατ’
3861 4160 4038 4212 οὐσίαν

2459 4247 2619 4318 εἶναι,
2648 4254 2926 4306 τουτέστιν
2957 4253 3243 4324 ὁμοούσιον
3268 4255 3486 4326 Πατέρα
3515 4256 3611 4308 καὶ
3643 4255 3798 4308 Υἰον.

771 4348 854 4393 est
888 4348 942 4392 et
991 4339 1184 4393 Filium
1217 4339 1396 4396 velle:
1454 4342 1548 4396 sed
1599 4357 1938 4413 quacunque
1983 4345 2144 4398 etiam
2209 4345 2379 4401 Filius
2418 4348 2550 4412 vult,
2617 4363 2678 4404 ea
2748 4364 2971 4403 necesse
3005 4361 3087 4404 est
3121 4360 3175 4404 et
3207 4350 3419 4404 Patrem
3449 4351 3602 4404 vellc.
3639 4349 3930 4421 Praecipiet
3955 4351 4041 4420 igi-

775 4441 863 4485 tur
929 4441 982 4486 et
1045 4432 1211 4488 Filius
1269 4431 1414 4488 Patri
1476 4449 1596 4504 qua:
1629 4435 1780 4500 vult;
1825 4435 2090 4504 siquidem
2120 4445 2175 4490 et
2207 4437 2305 4506 ipsi
2371 4439 2700 4507 praecipitur.
2735 4437 2841 4492 Sed
2882 4439 2926 4492 si
2951 4439 2999 4492 ei
3029 4439 3200 4492 solum
3242 4440 3572 4508 praecipitur,
3611 4450 3841 4496 coactus
3874 4457 3934 4496 ac
3968 4445 4040 4494 in.

771 4527 913 4581 vitus
964 4528 1206 4583 inservit.
1263 4528 1415 4595 Quod
1472 4531 1518 4584 si
1587 4544 1760 4598 neque
1817 4529 2152 4599 operatione,
2211 4546 2383 4599 neque
2445 4531 2740 4597 voluntate,
2781 4537 2948 4584 restat
3001 4531 3296 4586 secundum
3345 4531 3535 4600 ipsos,
3597 4541 3656 4589 ut
3715 4549 3887 4589 unum
3942 4537 4042 4594 sint

771 4628 1063 4680 secundum
1093 4628 1472 4695 substantiam,
1512 4629 1613 4681 hoc
1633 4637 1735 4691 est,
1764 4636 1820 4680 ut
1849 4627 2327 4682 consubstantialis
2365 4627 2433 4682 sit
2472 4625 2638 4682 Filius
2663 4625 2832 4680 Patri.

772 4717 934 4788 283
971 4719 1121 4782 Quod
1161 4734 1283 4794 vox,
1316 4719 1608 4794 ingenitus,
1653 4721 1864 4794 modum
1900 4719 2179 4794 quemdam
2204 4720 2346 4774 ηεξ-
2380 4743 2385 4794 1

2457 4719 2578 4771 Ὅτι
2625 4718 2694 4774 τὸ
2723 4717 3022 4788 ἀγέννητος
3056 4717 3172 4794 (61)
3208 4716 3518 4794 ὺτίὶρξεώς
3554 4735 3721 4787 τινος
3755 4720 4033 4787 δήλωσις,

1049 4792 1244 4852 standi,
1285 4805 1384 4842 non
1409 4788 1757 4842 substantiam
1781 4788 2068 4859 signiﬁcat.

842 4881 892 4933 l.
931 4878 985 4933 Si
1021 4880 1169 4946 illud,
1203 4881 1487 4951 ingenitus,
1520 4882 1824 4936 substantia
1859 4891 1964 4948 est,
1993 4890 2047 4936 et
2083 4883 2232 4946 illud,
2261 4899 2345 4952 ge—

775 4974 937 5036 nituit,
965 4975 1287 5041 substantia,
1317 4975 1386 5029 ob
1409 4975 1572 5044 idque
1599 4974 1756 5029 Pater
1791 4985 1846 5028 et
1889 4973 2059 5030 Filius
2113 4977 2346 5029 ('Onsttb-

774 5065 1054 5126 stantiales
1079 5081 1186 5121 non
1216 5077 1361 5131 sunt,
1390 5067 1700 5121 necessario
1715 5068 1888 5122 omnis
1906 5071 2153 5136 genitura
2188 5066 2346 5120 unius

847 5222 891 5252 “
914 5219 1051 5277 Gen.
1078 5238 1138 5291 ιι,
1174 5224 1226 5289 ’7,
1303 5224 1347 5254 ⁸⁸
1371 5221 1527 5278 Joan.
1559 5237 1609 5283 x,
1639 5220 1730 5274 50.

851 5407 963 5478 (54)
990 5403 1490 5478 Εόίιίγέχειηεοάειι
1520 5416 1656 5478 unus
1687 5399 1804 5470 ἔχη.
1834 5399 2077 5478 Διί-ἰ-ιίιιιο
2101 5399 2235 5471 ἔχοι.

869 5469 958 5548 55)
986 5469 1242 5548 Voculaiit
1267 5470 1360 5548 οὖν
1391 5491 1455 5548 εξ
1487 5475 1660 5548 tribus
1694 5469 1829 5548 ιιιξδἶ
1858 5469 2182 5548 addidtntus.

869 5480 956 5548 55)
986 5480 1242 5533 Voculam
1267 5480 1360 5527 οὐν
1391 5491 1455 5528 ex
1487 5480 1660 5526 tribus
1694 5486 1824 5524 mss.
1858 5480 2182 5524 addidimus.

843 5480 954 5619 i56)
978 5547 1117 5603 Editi
1144 5545 1306 5610 ἕξειν.
1335 5543 1552 5619 Antiqui
1582 5557 1677 5597 sex
1712 5541 1832 5619 libri
1859 5541 1991 5606 ἕξει,
2022 5555 2092 5619 εις
2116 5555 2229 5619 quo
2259 5538 2338 5600 ﬁt,

775 5628 836 5672 ut
855 5611 964 5672 'vo't
990 5619 1204 5686 ἀνάγκη
1229 5632 1350 5686 qua:
1381 5615 1540 5682 paulo
1571 5622 1697 5667 ante
1726 5611 1944 5680 legitur,
1971 5613 2130 5665 scribi
2152 5611 2342 5664 debeat

773 5705 893 5742 eum
919 5708 936 5742 t
961 5689 1284 5754 subscripto,
1311 5687 1546 5757 ἀνάγκη.

848 5759 1129 5843 enim?
1153 5746 1281 5843 tibi
1305 5746 1596 5843 ἀρκιν
1624 5746 1764 5843 εἶναι
1786 5750 1978 5843 ,ξκῗυ-Ῡς.
1999 5751 2212 5843 aras
2238 5752 2342 5843 ‘1".0

791 5823 893 5883 ibri
926 5823 1051 5901 Υἱὸς
1079 5829 1252 5901 ἀρχὴν
1281 5823 1538 5881 τοῦεῖναι
1573 5825 1703 5895 ἔχει.
1733 5823 1836 5879 Alit
1875 5833 1980 5878 tres
2010 5823 2133 5887 Υἱὸς
2164 5823 2210 5874 εἰ
2250 5824 2344 5894 ἁρ-

774 5901 870 5972 χὴν
897 5900 1030 5954 εἶναι
1063 5901 1195 5971 ἔχει.

2973 4790 3069 4842 καὶ
3090 4792 3200 4842 οὐκ
3236 4789 3470 4855 οὐσίας.

2523 4882 2575 4935 1.
2627 4884 2688 4936 Ei
2733 4882 2792 4936 τὸ
2822 4881 3154 4952 ἀγέννητος
3197 4879 3354 4933 οὐσία
3381 4880 3521 4944 ἐστὶ,
3545 4882 3642 4934 καὶ
3675 4883 3736 4934 τὸ
3755 4883 4035 4950 γεννητὸς

2452 4978 2631 5040 οὐσία,
2665 4980 2759 5032 καὶ
2790 4978 2877 5032 διὰ
2909 4977 3066 5030 τοῦτο
3101 4977 3199 5045 οὐχ
3231 4977 3508 5046 ὀμοούσιοι
3551 4979 3744 5049 Πατὴρ
3768 4981 3863 5032 καὶ
3894 4981 4028 5042 Υἱὸς,

2454 5071 2563 5122 πᾶν
2596 5071 2652 5137 ἐξ
2682 5072 2928 5140 ἀνάγκης
2960 5071 3210 5141 γέννημα
3237 5072 3364 5140 μιᾶς
3395 5071 3582 5134 οὐσίας
3603 5089 3616 5102 ·
3651 5074 3916 5142 ὀμοούσια
3947 5069 4030 5126 οὖν

2522 5396 2635 5472 (s3)
2670 5395 2997 5472 [ῥιψὶ-ἔγνω.
3047 5398 3268 5472 Veteres
3301 5406 3532 5472 quatuor
3578 5399 3704 5455 libri
3754 5404 4022 5472 προέγνω.

2523 5469 2635 5539 (59)
2682 5468 2830 5522 Libri
2865 5468 3075 5538 antiqui
3109 5469 3219 5536 ἐγὼ
3251 5468 3346 5521 καὶ
3381 5471 3429 5524 ὁ.
3477 5470 3641 5525 Deest
3687 5468 3951 5526 articulus
3983 5476 4028 5524 iu

2451 5539 2936 5613 vulgatis._|bidem
2964 5541 3090 5593 editi
3121 5550 3173 5613 et
3204 5555 3335 5593 mss.
3363 5540 3468 5594 duo
3498 5541 3698 5613 Πατήρ
3731 5559 3856 5612 μου.
3883 5545 3948 5596 Αι
3981 5545 4026 5595 ιιι

2451 5612 2575 5664 aliis
2599 5610 2832 5672 duobus,
2863 5624 2996 5678 quos
3020 5611 3318 5679 sequimur,
3355 5626 3458 5664 vox
3497 5628 3605 5679 μου
3646 5610 3821 5668 deest.

2522 5680 2634 5750 (60)
2667 5679 2908 5755 Proillo,
2931 5681 3190 5755 oo,_qu_od
3224 5681 3275 5734 in
3301 5682 3463 5736 editis
3498 5679 3725 5754 legitur,
3768 5683 3892 5755 οὐχί
3922 5684 4000 5737 edi

2451 5751 2631 5805 dimus
2656 5766 2721 5803 ex
2757 5750 2910 5804 libris
2933 5751 3190 5820 antiquis.

2525 5821 2881 5897 (bl)_Editi_et
2921 5837 3050 5875 mss.
3077 5823 3318 5879 nonnulli
3348 5823 3407 5878 τὸ
3430 5824 3758 5897 ἀγέννητον.
3788 5826 3892 5882 Alii
3928 5837 4028 5880 tres

2453 5907 2583 5948 mss.
2618 5891 2678 5943 τὸ
2716 5890 3027 5964 ἀγέννητος.
