4208 6492
239 438 339 492 681

1329 438 1695 493 ADVERSUS
1729 438 2094 495 EUNOMIUM
2135 443 2263 497 LIB.
2304 441 2385 495 IV.

3373 447 3469 500 68‘!

237 550 312 603 τὰ
344 554 660 624 γεννήματα
700 550 778 619 τῷ
815 548 926 618 Υἱῷ
955 550 1047 602 τοῦ
1081 550 1235 604 Θεοῦ.
1279 552 1388 602 Καὶ
1421 551 1537 614 πῶς
1565 553 1623 604 οὐ
1655 552 1812 621 βλάσ-

1793 583 1815 591 -
1846 559 1890 614 Α
1921 554 2233 606 substantiae
2255 566 2336 608 est
2370 571 2384 607 :
2412 553 2675 622 genitura:
2706 553 2868 622 igitur
2898 556 3032 611 Filio
3069 554 3158 607 Dei
3197 564 3323 608 sunt
3362 571 3461 608 con

238 659 452 715 φημ3ν;
488 645 537 697 εί
571 646 598 698 6
643 643 933 710 ἀγέννητος
986 642 1120 713 πρὸς
1154 643 1245 694 τὸν
1273 641 1526 710 γεννητὸν
1565 644 1690 696 Υίὸν
1719 644 1810 694 ἀν-

237 736 733 804 τιδιαστελλὸμενος
757 733 914 786 οὐσία
935 733 1046 803 (62)
1073 735 1211 795 ἐστὶ,
1230 734 1324 784 καὶ
1352 734 1379 784 6
1399 733 1646 796 ἄκτιστος
1675 734 1811 804 πρὸς

237 827 339 898 τὴν
390 828 566 880 κτίσιν
617 823 1178 896 ἀντιδιαστελλόμενος
1221 823 1376 876 οὐσία
1414 827 1582 878 ἐστίν.
1618 825 1809 876 Ἔσται

238 915 332 972 οὖν
383 918 473 970 καὶ
522 916 812 985 ἀγέννητος
856 917 1031 979 οὐσία,
1065 916 1156 968 καὶ
1197 916 1448 980 ἄκτιστος
1493 913 1667 968 οὐσία.
1708 913 1811 966 Δύο

237 1008 334 1064 οὖν
367 1012 394 1060 6
423 1008 554 1070 θεὸς
590 1009 722 1078 (65),
753 1011 847 1064 καὶ
869 1012 930 1063 οὐ
971 1009 1066 1079 μία
1090 1009 1268 1062 οὐσία.
1297 1009 1417 1062 Ἔτι
1442 1009 1497 1060 δὲ
1540 1006 1631 1060 καὶ
1661 1009 1810 1061 πᾶσα

236 1105 269 1172 ἡ
301 1101 476 1162 κτίσις
504 1099 654 1154 ἔσται
679 1103 834 1156 οὐσία
864 1103 979 1173 μία.
1017 1101 1226 1164 Ψευδὲς
1255 1103 1312 1156 δὲ
1341 1101 1498 1156 τοῦτο
1534 1099 1644 1167 (64)
1668 1116 1681 1128 ·
1713 1099 1809 1172 μία

243 1187 346 1254 μὲν
381 1184 490 1257 γὰρ
520 1189 714 1251 κτίσις,
755 1190 1002 1259 διάφοροι
1039 1188 1095 1241 δὲ
1124 1191 1321 1244 οὐσίαι.
1362 1189 1518 1242 Οὕτω
1547 1189 1603 1242 δὲ
1627 1189 1720 1242 καὶ
1749 1188 1810 1241 τὸ

238 1275 510 1346 ἄτρεπτον
543 1280 707 1333 αὐτοῦ
754 1281 888 1351 (65),
938 1281 1031 1333 καὶ
1080 1281 1141 1334 τὸ
1189 1284 1440 1352 ἄναρχον.
1496 1283 1590 1334 καὶ
1639 1280 1811 1334 πολλὰ

238 1369 406 1442 ’ἐτερα
447 1373 622 1426 οὐσίαι
657 1375 888 1426 ἔσονται.
931 1373 993 1424 Εἰ
1025 1375 1316 1445 ἀγέννητον
1340 1373 1431 1426 τὸν
1462 1373 1680 1445 Πατέρα
1717 1374 1810 1426 καὶ

236 1463 493 1532 γεννητὸν
521 1463 611 1516 τὸν
653 1464 780 1515 Υἱὸν
825 1459 993 1514 εἰπών
1025 1479 1130 1529 τις,
1172 1463 1267 1526 τὰς
1312 1461 1498 1523 οὐσίας
1551 1462 1807 1532 ἐδήλωσε,

235 1554 326 1606 τὸν
342 1555 540 1625 τρόπον
551 1556 646 1624 τῆς
662 1553 944 1624 ὑπάρξεως
961 1556 1135 1611 αὐτῶν
1151 1556 1321 1608 εἰπεῖν
1338 1569 1419 1615 τις
1434 1552 1539 1620 (66)
1555 1553 1809 1622 θελήσας,

235 1643 356 1707 πῶς
381 1645 445 1698 ἂν
479 1644 679 1714 ἑτέρως
711 1645 885 1698 εἰπεῖν
902 1645 1190 1716 δυνήσεται
1211 1644 1242 1714 ἢ
1261 1643 1460 1710 οὕτως
1495 1643 1812 1714 Ὑπὰρξεως

234 1730 330 1787 οὖν
363 1734 560 1804 τρόπος
587 1734 649 1787 τὸ
674 1736 965 1807 ἀγέννητος
1000 1738 1132 1808 (67),
1162 1735 1254 1788 καὶ
1275 1736 1373 1788 οὐκ
1405 1737 1592 1799 οὐσίας
1616 1736 1807 1806 ὄνομα.

234 1825 300 1876 Εἰ
333 1823 400 1876 τὰ
433 1824 687 1896 διάφορον
723 1829 821 1899 τὴν
855 1827 1088 1898 ὕπαρξιν
1116 1825 1209 1880 τοῦ
1235 1823 1369 1880 εἶναι
1407 1827 1598 1898 ἔχοντα
1622 1827 1810 1895 διάφο-

1918 647 2320 699 substantiales.
2345 648 2406 699 Et
2427 648 2697 716 quomodo
2718 647 2819 700 hoc
2845 662 2947 699 non
2969 649 3130 701 fuerit
3155 647 3478 700 absurdumi

1920 738 1978 792 Si
2017 735 2337 803 ingenitusa
2370 737 2556 805 genito
2583 735 2718 791 Filio
2768 753 2833 792 ex
2886 736 3114 791 adverso
3153 738 3440 790 distinctus
3464 773 3482 802 ,

1918 827 2219 883 substantia
2243 836 2346 888 est,
2375 839 2428 880 et
2452 827 2725 880 increatns
2744 844 2770 881 a
2795 835 3044 882 creatura
3064 840 3127 879 ex
3155 827 3383 880 adverso
3404 824 3482 879 di-

1917 923 2172 982 stinctus,
2215 919 2517 973 substantia
2544 926 2647 972 est.
2679 917 2794 971 Erit
2815 935 2942 988 ergo
2975 928 3029 996 et
3055 915 3325 984 ingenitus
3351 916 3482 972 sub-

1917 1011 2136 1076 stantia,
2149 1021 2201 1064 et
2218 1010 2485 1063 increatus
2502 1008 2816 1062 substantia.
2835 1008 3060 1064 Proinde
3076 1007 3361 1070 Deusdum,
3378 1022 3484 1061 non

1917 1120 2020 1159 una
2042 1104 2338 1162 substantia
2356 1113 2456 1157 est.
2480 1103 2558 1154 Ad
2577 1103 2689 1154 bre
2710 1111 2763 1155 et
2779 1112 3020 1154 creatura
3041 1104 3214 1157 omnis
3233 1099 3335 1155 erit
3351 1099 3482 1154 sub-

1918 1199 2119 1252 stantia
2154 1213 2279 1250 una.
2308 1197 2418 1250 Hoc
2449 1205 2630 1249 autem
2664 1194 2855 1248 falsum
2880 1202 2964 1249 est
2993 1211 3006 1244 :
3041 1195 3302 1261 siquidem
3329 1205 3484 1249 crea-

1921 1300 2035 1343 tura
2073 1303 2178 1342 una
2227 1299 2329 1352 est,
2362 1289 2679 1343 substantia:
2723 1302 2850 1341 vero
2879 1288 3125 1342 diversae.
3179 1286 3268 1339 Sic
3301 1295 3481 1340 autem

1918 1389 1972 1436 et
2007 1381 2341 1435 immutabile
2377 1379 2516 1448 ejus,
2569 1390 2623 1435 ct
2666 1377 2918 1449 principii
2954 1377 3204 1445 privatio,
3233 1387 3286 1431 et
3317 1377 3482 1430 multa

1919 1474 2022 1526 alia
2057 1483 2219 1527 erunt
2245 1472 2578 1526 substantiae.
2614 1471 2670 1524 Si
2695 1471 2993 1540 ingenitum
3024 1470 3145 1538 quis
3179 1469 3390 1526 Patrem
3429 1477 3485 1522 et

1919 1565 2158 1636 genitum
2196 1565 2388 1618 Filium
2452 1564 2684 1629 dicens,
2738 1564 3056 1632 signiﬁcavit
3105 1561 3479 1625 substantias;

1919 1671 2040 1711 cum
2069 1655 2287 1710 modum
2315 1670 2422 1724 quo
2449 1655 2720 1709 exsistunt
2760 1655 2988 1708 voluerit
3010 1655 3131 1724 quis
3153 1653 3353 1716 dicere,
3389 1653 3481 1722 qui

1919 1748 2080 1803 aliter
2112 1763 2275 1818 quam
2333 1750 2411 1804 sic
2467 1750 2649 1805 dicere
2705 1748 2948 1818 peterit?
3001 1749 3278 1819 lngenitus
3322 1747 3483 1815 igitur

1917 1840 2217 1895 exsistendi
2253 1849 2337 1896 est
2390 1844 2600 1905 modus,
2651 1855 2758 1893 non
2807 1839 3121 1893 substantia:
3169 1853 3383 1895 nomen.
3422 1836 3480 1891 Si

237 1932 330 1987 ρον
355 1915 466 1985 ἔχει
487 1919 581 1972 καὶ
607 1921 706 1991 τὴν
733 1921 943 1980 οὐσίαν,
974 1918 1093 1971 οὐδὲ
1128 1920 1174 1973 οξ
1204 1919 1481 1988 ἄνθρωποι
1514 1917 1811 1986 ὀμοούσιοι.

1799 1960 1811 1972 -
1847 1922 1887 1977 Β
1917 1946 2035 2000 qua:
2064 1932 2336 1987 diversum
2385 1931 2678 1987 exsistendi
2713 1931 2993 1984 exordium
3037 1929 3260 1993 habent,
3296 1929 3475 1994 diver-

237 2007 408 2078 Ἀλλη
443 2008 553 2082 γὰρ
586 2009 822 2081 ὓπαρξις
865 2010 1032 2080 Ἀδὰμ
1064 2013 1128 2065 ὲκ
1150 2014 1254 2084 γῆς
1279 2011 1630 2073 πλασθέντος,
1675 2011 1808 2080 ἄλλη

229 2097 292 2150 δὲ
323 2098 465 2163 Εὐας
495 2103 560 2156 ὲκ
587 2102 826 2168 πλευρᾶς
869 2103 1186 2174 γενομένης,
1235 2104 1367 2174 ἄλλη
1420 2103 1476 2155 δὲ
1524 2101 1711 2167 Ἅϐελ,
1748 2105 1812 2156 ἑκ

233 2191 579 2261 συνδυασμοῦ
602 2197 728 2263 γάρ’
751 2194 883 2266 ἄλλη
909 2196 966 2248 se
992 2195 1085 2248 τοῦ
1115 2199 1180 2250 ἐκ
1197 2196 1437 2267 Μαρίας,
1455 2197 1518 2248 ἑκ
1535 2195 1808 2267 παρθένου

234 2285 425 2355 μόνης.
468 2286 742 2350 Ὡσαύτως
765 2287 821 2340 δὲ
855 2289 950 2341 καὶ
975 2289 1066 2340 ἐπὶ
1095 2288 1201 2341 τῶν
1239 2287 1453 2357 πτηνῶν
1500 2291 1592 2342 καὶ
1612 2306 1808 2361 τετρα-

231 2377 429 2430 πόδων.
465 2378 528 2430 Εἰ
554 2379 846 2448 ἀγέννητος
872 2383 900 2433 6
940 2380 1151 2450 Πατὴρ,
1170 2381 1247 2432 ὅτι
1284 2380 1357 2450 μὴ
1391 2382 1674 2451 ἐγεννήθη,
1700 2385 1726 2434 6
1753 2379 1809 2434 δὲ

230 2468 361 2531 Υἱὸς
390 2470 666 2540 γεννητὸς,
697 2471 785 2523 διὰ
822 2470 914 2523 τοῦ
947 2471 1291 2541 γεννηθῆναι,
1326 2473 1460 2540 μετὰ
1488 2473 1577 2525 τὸν
1615 2489 1809 2542 γεννη-

231 2561 394 2613 Θέντα
431 2564 460 2614 6
499 2563 808 2634 ἀγέννητος.
861 2565 937 2618 Οὐ
965 2565 1072 2636 γὰρ
1103 2560 1216 2635 εἶχε
1248 2564 1383 2633 πρὸς
1425 2565 1483 2616 ὃν
1517 2565 1812 2635 ἀγέννητος

231 2653 583 2727 κληθήσεται.
612 2658 732 2712 Τῶν
754 2662 862 2730 γὰρ
889 2659 1055 2712 ὄντων
1087 2661 1143 2713 al
1175 2657 1588 2721 ἀντιδιαστολαὶ,
1619 2657 1680 2710 οὐ
1704 2657 1812 2710 τῶν

232 2748 310 2817 μὴ
344 2747 530 2805 ὅντων.
561 2751 622 2804 Εί
652 2751 781 2814 Θεὸς
809 2748 877 2821 ἦν
905 2769 1052 2815 ποτε,
1091 2753 1280 2821 Πατὴρ
1322 2753 1377 2804 δὲ
1407 2751 1506 2803 οὐκ
1543 2745 1632 2821 ἦν,
1668 2750 1814 2818 γενό-

235 2853 400 2906 μενος
451 2841 638 2911 Πατὴρ
689 2841 1020 2912 προσείληφε
1062 2841 1142 2907 τὺ,
1202 2840 1414 2907 πατὴρ.
1468 2841 1626 2893 Ὥστε
1679 2840 1811 2904 Θεὸς

231 2927 334 2997 μὲν
380 2930 490 2999 (68)
520 2932 834 3001 ἀγέννητος,
871 2932 1129 3002 γεννητὸς
1180 2933 1234 2984 δὲ
1285 2934 1475 3004 Πατήρ
1501 2951 1512 2962 ·
1557 2934 1812 3004 γεννητὸς

226 3020 337 3088 ἄρα
377 3021 467 3072 καὶ
494 3021 785 3091 ἁγέννητος
818 3024 845 3075 ὁ
880 3024 1040 3086 αὐτὸς
1067 3025 1269 3088 ἁπλοῦς
1297 3026 1392 3078 ὢν.

226 3123 379 3180 pater
405 3117 715 3184 assumpsit.
745 3115 924 3182 Quare
955 3117 1092 3171 Deus
1134 3129 1218 3171 est
1264 3119 1480 3187 quidem
1517 3117 1746 3173 infactus

230 3217 318 3261 est
346 3206 521 3264 factus
549 3217 603 3264 et
627 3211 880 3266 infactus.

303 3343 358 3398 2.
393 3345 454 3397 EE
486 3346 546 3399 τὸ
575 3347 834 3401 ἀδύνατον
851 3350 1092 3402 ἐναντίον
1123 3349 1233 3417 (69)
1263 3351 1341 3420 τῷ
1369 3349 1606 3419 δυνατῷ,
1635 3351 1728 3403 καὶ
1750 3349 1810 3402 τὸ

227 3435 430 3504 ἄσοφον
481 3435 558 3506 τῷ
594 3442 761 3508 σοφῷ,
817 3441 910 3491 καὶ
949 3440 1124 3492 πάντα
1159 3441 1224 3493 τὰ
1270 3439 1808 3509 ἀντιδιαστελλόμενα

228 3530 449 3582 ἐναντία
473 3529 740 3602 ἀλλήλοις,
779 3533 1020 3586 ἐναντίον
1047 3535 1139 3587 καὶ
1177 3533 1235 3586 τὸ
1261 3534 1553 3604 ἀγέννητον
1581 3534 1659 3604 τῷ
1681 3551 1808 3602 γεν-

228 3620 398 3691 νητῷ.
435 3621 702 3686 Ἐναντίος
752 3619 844 3677 οὖν
877 3627 904 3676 6
943 3625 1132 3696 Πατὴρ
1172 3625 1248 3695 τῷ
1288 3625 1401 3695 Υἱῷ
1444 3627 1562 3678 κατ’
1598 3626 1808 3688 οὐσίαν,

228 3716 282 3766 εί
301 3732 364 3782 γε
400 3714 473 3785 μὴ
498 3715 694 3785 τρόπος
728 3715 1014 3787 ὑπάρξεως
1039 3719 1130 3771 τὸν
1151 3719 1464 3789 ἀγέννητον,
1495 3718 1609 3770 ἀλλ’
1630 3718 1806 3773 οὐσία.

231 3806 295 3858 Εἰ
327 3807 530 3878 κτίσμα
583 3809 678 3861 καί
711 3809 770 3860 οὐ
811 3810 1056 3880 γέννημα
1080 3811 1108 3861 6
1146 3810 1294 3873 Υἱὸς,
1328 3810 1421 3863 καὶ
1445 3811 1618 3864 πάντα
1652 3811 1709 3863 δὲ
1741 3811 1809 3863 τὰ

228 3899 362 3952 ὄντα
403 3901 699 3971 κτίσματα,
745 3901 923 3971 μάτην
963 3903 1254 3971 ἀγέννητος
1281 3904 1308 3954 6
1341 3901 1530 3974 Πατὴρ
1565 3902 1803 3970 λέγεται,

229 3991 333 4044 οὐκ
357 3990 506 4054 ὄντος
536 3993 670 4055 ὅλως
709 3995 1044 4064 γεννήματος
1084 3993 1220 4063 πρὸς
1250 3993 1277 4045 ὃ
1311 3994 1552 4047 καλεῖται
1580 3995 1807 4064 ἀγέννη-

229 4100 340 4145 τος.
373 4084 712 4154 Δικαιὸτερον
747 4080 839 4138 οὖν
883 4087 1136 4148 ἅκτιστος
1185 4084 1216 4155 ἢ
1267 4085 1557 4154 ἀγέννητος
1598 4083 1808 4152 λέγοιτο

231 4176 321 4228 ἄν.
363 4175 434 4227 Τὸ
478 4163 772 4246 ’ἀγέννητος
812 4178 859 4228 εί
905 4177 1105 4247 ὄνομα,
1156 4177 1255 4230 οὐκ
1307 4178 1483 4230 οὐσία.
1539 4177 1657 4228 Τῶν
1705 4176 1810 4246 γὰρ

230 4268 431 4320 οὐσιῶν
465 4268 771 4337 σημαντικὰ
817 4268 882 4319 τὰ
923 4269 1189 4339 ὀνόματα,
1234 4270 1334 4320 οὐκ
1370 4268 1508 4320 αὐτὰ
1537 4267 1714 4320 οὐσία.
1751 4268 1811 4318 Εἰ

231 4360 290 4414 δὲ
327 4350 614 4413 αὐτοουσία
642 4357 700 4411 τὸ
722 4358 1071 4428 ἀγέννητος,
1093 4357 1400 4425 λεγέτωσαν
1419 4356 1479 4408 τὸ
1503 4356 1672 4425 ὄνομα
1710 4356 1810 4407 αὐ-

232 4449 352 4518 τῆς.
401 4450 474 4502 Οὐ
521 4448 629 4519 γὰρ
680 4450 742 4501 ἑκ
788 4448 896 4500 τῶν
938 4448 1157 4512 οὐσιῶν,
1207 4446 1422 4499 ἀλλ’.ἐ.κ
1474 4446 1584 4497 τῶν
1615 4446 1811 4516 ὀνομά-

230 4559 342 4595 των
376 4544 470 4594 καὶ
496 4543 602 4595 τῶν
633 4540 923 4612 ἐνεργειῶν
953 4539 1314 4611 γνωρίζομεν,
1344 4539 1436 4592 καὶ
1462 4538 1698 4609 μάλιστα
1743 4537 1812 4591 τὰ

308 4783 420 4855 (6‘2)
451 4781 592 4855 Editi
622 4781 1196 4855 ἀντιδιᾳστελλόμενος
1215 4779 1592 4855 ἑτέραρύσίᾳ.
1616 4779 1811 4834 Vocem

232 4852 328 4919 οὐ,
352 4852 580 4924 quodiiu
614 4853 854 4924 antiquis
887 4853 1162 4924 sex‘ltbris
1195 4853 1354 4924 desit,
1381 4852 1661 4924 delendam
1691 4868 1818 4924 ceu-

237 4920 470 4980 suiuius.
498 4923 703 4976 Rursus
729 4923 856 4992 editi
895 4920 1030 4992 πρὸς
1063 4920 1162 4991 τὴν
1211 4922 1387 4973 κτίσιν
1451 4920 1818 4992 ἀντιδιαστελ-

238 4997 464 5066 λόμενος
498 4991 678 5064 ἑτέρᾳ.
701 4991 772 5066 -Ει
803 4993 904 5066 hic
924 4990 1138 5059 quoque
1180 5006 1363 5066 \_’o_cem
1393 4990 1581 5066 οὐσίαν
1610 5008 1818 5066 expuu-

237 5061 439 5128 xiinus,
490 5061 800 5118 eorumdem
857 5061 1115 5114 librorum
1182 5061 1339 5112 ﬁdem
1409 5063 1606 5116 secuti.
1687 5061 1817 5125 licg.

240 5136 440 5255 gentqu
466 5134 600 5255 τέρὸς
626 5132 722 5204 τὴν
742 5132 916 5186 κτίσιν
943 5131 1509 5203 ἀντιδιαστελλόμενος
1557 5135 1614 5184 ἑν
1666 5133 1823 5202 οὐσίᾳ

272 5224 335 5255 στ
361 5224 389 5255 ν
443 5222 472 5255 τ
513 5221 600 5255 ea.

238 5205 389 5260 ἐστὶν
414 5205 600 5274 ἑτέρᾳ.

313 5273 671 5356 (63)_Antiqui
706 5281 818 5328 tres
843 5272 967 5327 libri
1000 5273 1028 5325 6
1061 5271 1214 5336 Θεός.
1268 5273 1429 5328 Deest
1464 5272 1722 5328 articulus
1763 5273 1817 5326 in

240 5349 602 5497 vuiiii'iiani
636 5413 730 5467 καὶ
760 5413 938 5467 τοῦτο.
963 5413 1163 5469 Vocula
1202 5413 1296 5466 καί
1350 5414 1402 5466 in
1425 5422 1660 5482 quatuor
1688 5428 1818 5466 mss.

241 5504 350 5544 nan
381 5490 595 5556 legitur.

309 5557 422 5627 (65)
458 5555 598 5610 Editi
646 5563 702 5627 et
748 5551 1112 5627 Begqlerliusﬁ
1134 5552 1194 5627 τὸ
1225 5554 1492 5627 ἄτρεπτος
1524 5551 1693 5627 sto—:09
1729 5551 1822 5627 xui

239 5623 832 5708 τόᾅναρχος...οὐσία.
864 5624 1044 5679 Codex
1077 5626 1229 5680 Colb.
1269 5637 1324 5678 et
1366 5625 1454 5676 alii
1505 5623 1612 5676 duo
1662 5623 1815 5690 Regii

244 5710 304 5754 ut
339 5706 392 5752 in
424 5706 702 5751 contextu.

315 5767 430 5850 (66⁸
458 5766 653 5820 Addita
687 5780 771 5824 est
796 5765 984 5822 vocula
1015 5783 1097 5828 τις
1121 5779 1186 5818 cx
1221 5764 1462 5833 antiquis
1484 5765 1721 5832 quinque
1753 5763 1816 5818 li-

244 5845 433 5980 br???)
469 5907 653 5964 Codex
679 5907 827 5964 Colb.
876 5918 926 5964 et
977 5904 1108 5976 Reg.
1145 5914 1366 5975 quartus
1403 5904 1460 5957 τὸ
1506 5904 1817 5974 ἀγέννητος.

1917 2037 2032 2076 sam
2057 2022 2220 2076 etiam
2248 2021 2449 2075 habent
2472 2021 2860 2084 substantiam;
2897 2035 2963 2072 ne
2989 2017 3237 2072 homines
3264 2018 3478 2087 quidem

1917 2112 2063 2167 inter
2091 2128 2149 2168 se
2173 2121 2300 2168 sunt
2346 2114 2858 2169 consubStantiales.
2893 2112 3025 2164 Nam
3073 2113 3229 2166 aliter
3273 2109 3483 2166 exstitit

1914 2202 2087 2258 Adam
2125 2218 2192 2258 ex
2233 2213 2376 2259 terra
2407 2203 2693 2269 formatus,
2723 2203 2880 2257 aliter
2906 2203 3012 2256 Eva
3046 2202 3184 2256 facta
3218 2218 3282 2256 ex
3308 2213 3477 2261 cosul.

1918 2297 2076 2353 aliter
2131 2296 2286 2362 Abel,
2336 2311 2404 2352 ex
2450 2298 2594 2351 coitu
2631 2296 2913 2361 videlicet,
2951 2295 3106 2349 aliter
3128 2292 3220 2363 qui
3247 2308 3312 2348 ex
3363 2290 3478 2347 sola

1917 2386 2084 2442 Maria
2118 2387 2330 2458 virgine
2356 2396 2515 2445 natus
2538 2395 2643 2442 est.
2675 2387 2937 2442 Similiter
2955 2395 3135 2439 autem
3171 2394 3224 2440 et
3253 2385 3303 2438 in
3334 2381 3481 2436 vola-

1920 2479 2105 2534 tilibus
2133 2488 2186 2534 et
2207 2481 2258 2533 in
2285 2479 2748 2549 quadrupedibus.
2778 2478 2832 2532 Si
2857 2479 3126 2547 ingenitus
3152 2475 3329 2540 Pater,
3348 2489 3483 2544 quo-

1921 2569 2066 2622 niam
2091 2571 2306 2639 genitus
2357 2586 2461 2623 non
2495 2579 2611 2633 est;
2645 2567 2813 2622 Filius
2858 2577 3037 2620 autem
3086 2568 3316 2635 genitus.
3346 2580 3480 2633 quo-

1920 2660 2066 2715 niam
2101 2661 2315 2730 genitus
2345 2670 2466 2727 est;
2519 2661 2789 2730 posterior
2835 2659 3018 2730 genito
3053 2658 3323 2729 ingenitus
3354 2669 3479 2720 est;

1917 2753 2354 2822 quandoquidem
2410 2769 2515 2807 non
2565 2751 2794 2808 habebat
2845 2767 3075 2821 quocqu
3132 2759 3483 2821 comparatus

1919 2843 2190 2914 ingenitus
2214 2853 2518 2900 vocaretur.
2543 2841 2675 2899 Nam
2695 2844 3097 2914 distinguuntur
3121 2843 3260 2898 inter
3276 2856 3334 2896 se
3362 2855 3484 2912 qua:

1917 2944 2064 3000 sunt,
2091 2951 2197 2992 non
2231 2945 2410 2990 autem
2453 2951 2573 3005 quae
2620 2951 2722 2989 non
2752 2946 2898 2989 sunt.
2927 2935 2983 2989 Si
3020 2936 3159 2989 Deus
3198 2931 3486 3001 aliquando

1921 3037 2064 3089 erat,
2110 3041 2211 3079 nec
2255 3037 2433 3083 tamen
2472 3026 2629 3079 Pater
2665 3036 2813 3092 erat;
2857 3025 3032 3080 factus
3072 3025 3250 3089 Pater,
3286 3037 3484 3079 nomen

1793 3136 1805 3171 :
1849 3129 1906 3172 at
1957 3129 2041 3173 est
2082 3118 2244 3174 Pater
2300 3118 2514 3175 factus:
2545 3119 2708 3190 igitur
2740 3120 2828 3190 qui
2861 3120 3000 3174 idem
3027 3129 3109 3173 est
3142 3129 3194 3173 et
3233 3119 3484 3188 simplex“

1996 3351 2049 3406 2.
2092 3350 2147 3406 Si
2184 3349 2518 3419 impossibile
2548 3349 2790 3420 possibili
2819 3350 3150 3405 contrarium
3191 3361 3294 3415 est,
3321 3351 3363 3406 si
3396 3367 3483 3406 sa-

1915 3443 2080 3510 pienti
2115 3442 2394 3511 insipiens,
2437 3442 2482 3496 si
2531 3436 2712 3496 omnia
2754 3455 2872 3510 quae
2900 3456 2963 3495 ex
3003 3439 3231 3494 adrerso
3282 3439 3482 3494 distin-

1917 3543 2154 3604 guuntur
2187 3531 2466 3589 contraria
2525 3532 2667 3586 inter
2692 3547 2752 3587 se
2791 3542 2938 3597 sunt,
2993 3532 3155 3586 etiam
3190 3531 3483 3602 ingenitum

1917 3627 2100 3697 genito
2125 3637 2207 3680 est
2250 3625 2605 3681 contrarium.
2643 3624 2807 3695 Igitur
2852 3621 3162 3678 contrarius
3208 3631 3290 3677 est
3323 3620 3484 3675 Pater

1918 3719 2052 3774 Filio
2071 3719 2364 3774 secundum
2384 3717 2765 3777 substantiam,
2794 3716 2838 3769 si
2874 3714 3028 3769 modo
3051 3713 3347 3782 ingenitqu
3376 3729 3477 3765 non

1915 3811 1988 3866 sit
2011 3809 2306 3864 exsistendi
2340 3815 2555 3872 modus,
2585 3806 2680 3862 sed
2705 3806 3028 3863 substantia.
3058 3805 3230 3860 Filius
3261 3805 3307 3860 si
3330 3820 3483 3859 crea—

1914 3913 2033 3958 tura
2072 3911 2177 3969 est,
2207 3917 2312 3956 non
2343 3899 2617 3972 genitura,
2646 3907 2701 3954 et
2732 3907 2924 3952 cuncta
2979 3911 3099 3967 qua:
3142 3905 3288 3960 sunt,
3335 3909 3482 3950 crea-

1913 4004 2045 4048 turae
2069 4003 2215 4059 sunt,
2240 3993 2442 4047 frustra
2472 3993 2640 4046 Pater
2673 3991 2946 4060 ingenitus
2969 3989 3183 4053 dicitur,
3214 4004 3335 4044 cum
3368 4003 3472 4042 non

1912 4089 1984 4140 sit
2009 4087 2232 4140 omnino
2259 4085 2529 4156 genitura,
2563 4083 2716 4153 cujus
2751 4093 2998 4151 respectu
3022 4083 3316 4152 appelletur
3341 4082 3484 4151 inge-

1919 4178 2063 4231 nitus
2095 4194 2110 4242 ;
2145 4177 2307 4245 igitur
2333 4174 2526 4244 potiori
2555 4175 2676 4245 jure
2705 4175 2978 4228 increalus
3013 4188 3172 4241 quam
3212 4172 3485 4242 ingenitus

1917 4268 2211 4322 diceretur.
2246 4266 2522 4334 lngenitus
2575 4266 2620 4321 si
2652 4281 2847 4320 nomen
2880 4273 2985 4330 est,
3039 4279 3144 4318 non
3181 4263 3483 4317 substantia

1913 4369 2013 4413 est.
2049 4358 2272 4412 Nomina
2315 4359 2461 4413 enint
2501 4357 2832 4413 substantias
2885 4354 3212 4426 significant,
3255 4356 3345 4410 sed
3381 4371 3483 4408 non

1913 4459 2038 4504 sunt
2055 4449 2374 4504 substantia.
2396 4449 2452 4504 Si
2472 4464 2599 4503 vero
2617 4463 2740 4511 vox,
2759 4449 3037 4517 ingenitus,
3054 4448 3165 4515 ipsa
3188 4446 3486 4501 substantia

1923 4553 2027 4608 est,
2051 4541 2193 4596 illius
2226 4542 2411 4597 dicant
2449 4557 2668 4596 nomen.
2707 4539 2873 4611 284
2912 4538 3028 4594 Non
3069 4539 3213 4594 enim
3259 4555 3323 4593 ex
3367 4538 3488 4594 sub-

1925 4783 2024 4840 Alii
2062 4797 2192 4836 mss.
2225 4792 2279 4836 et
2320 4783 2444 4836 editi
2479 4781 2539 4834 τὸ
2577 4781 2890 4850 ἀγέννητον.

1994 4854 2108 4923 (68)
2141 4853 2255 4918 Illa,
2291 4853 2431 4905 ὥστε
2458 4852 2748 4923 Θεόςίμέν,
2783 4857 2860 4905 sic
2891 4851 3283 4920 Trapezuntius
3316 4853 3486 4908 inter-

1929 4922 2172 4993 pretatus
2209 4933 2293 4977 est
2328 4943 2340 4977 :
2387 4925 2564 4987 Quare
2597 4922 2737 4976 Deus
2768 4924 2974 4992 quidem
3015 4924 3317 4990 ingenitus:
3352 4926 3489 4989 geni—

1931 5005 2013 5049 tus
2040 5004 2212 5047 autem
2247 4993 2406 5047 Pater
2436 5011 2455 5050 :
2502 4994 2757 5062 ingenitus
2787 5009 2909 5061 ergo
2961 5002 3010 5044 et
3055 4994 3282 5062 genitus,
3329 4995 3486 5056 idem,

1930 5082 2046 5118 cum
2073 5065 2419 5128 sitsimplex:
2447 5061 2569 5131 quae
2609 5064 2795 5124 verba,
2848 5062 2947 5131 nisi
2988 5061 3346 5127 explicentur,
3392 5064 3488 5116 ob-

1931 5150 2085 5188 scura
2130 5135 2378 5186 videntur
2405 5130 2765 5185 ctrintcliectu
2817 5130 3074 5184 diiiicilia.
3127 5132 3264 5184 Puto
3306 5142 3486 5189 autem

1930 5206 2274 5272 scriptorem,
2300 5204 2608 5268 quicunque
2645 5203 2859 5255 tandem
2890 5201 2979 5254 ille
3005 5203 3092 5264 sit,
3123 5203 3173 5252 in
3203 5203 3383 5272 iverbis
3413 5203 3489 5255 lu-

1923 5271 2082 5336 dere,
2114 5282 2167 5326 ct
2202 5274 2267 5325 ad
2303 5287 2488 5326 vocem
2525 5272 2836 5342 γενόμενος,
2863 5287 2982 5338 qua:
3008 5271 3281 5341 praecedit.
3309 5287 3490 5340 respe-

1927 5360 2070 5396 xisse
2100 5363 2112 5396 :
2148 5353 2205 5394 ut
2246 5343 2314 5393 sit
2355 5357 2565 5402 sensus,
2626 5341 2764 5394 Deus
2811 5354 3096 5409 antequam
3137 5341 3312 5394 factus
3343 5353 3490 5395 esset

1926 5412 2105 5474 Pater,
2155 5427 2258 5467 non
2297 5425 2417 5465 erat
2456 5411 2630 5464 factus
2684 5410 2864 5480 Pater.
2925 5412 3088 5480 Igitur
3137 5411 3315 5475 Pater,
3362 5428 3488 5464 cum

1927 5485 2154 5551 simplex
2188 5484 2278 5547 sit,
2309 5481 2482 5536 factus
2507 5491 2562 5534 et
2603 5496 2706 5534 non
2746 5479 2919 5535 factus
2949 5479 3054 5536 dici
3093 5493 3270 5548 potest
3302 5505 3311 5535 :
3346 5483 3489 5550 quod

1928 5569 2110 5608 secum
2145 5567 2389 5620 pugnare
2434 5552 2683 5617 scriptori
2725 5553 2898 5604 visum
2937 5561 3040 5606 est.
3075 5551 3212 5606 Hinc
3240 5552 3492 5620 sequitur

1926 5637 2087 5676 voces
2108 5623 2401 5690 ἀγέννητος
2425 5633 2477 5673 et
2510 5621 2763 5690 γεννητὸς
2796 5623 2896 5676 hoc
2923 5621 3044 5675 loco
3085 5634 3178 5677 aut
3221 5623 3362 5677 idem
3399 5638 3491 5675 va-

1927 5694 2036 5747 lere
2070 5696 2212 5761 quod
2242 5708 2402 5745 voces
2429 5693 2693 5761 ἀγένητος
2722 5701 2774 5744 et
2811 5693 3061 5762 γενητός,
3099 5705 3189 5745 aut
3238 5694 3489 5746 Ilit‘lltiutn

1927 5779 2046 5817 esse
2069 5763 2432 5826 librariorum,
2462 5764 2558 5831 qui
2577 5763 2810 5816 litteram
2834 5779 2863 5814 ν
2890 5766 3008 5818 voci
3039 5766 3252 5834 utrique
3275 5767 3491 5819 incaute

1927 5834 2219 5888 addiderint

1996 5904 2105 5974 (69)
2132 5904 2268 5957 Ειίιιί
2295 5904 2561 5958 ἐναντίαν.
2596 5903 2664 5958 At
2699 5918 2826 5959 mss.
2861 5903 3121 5958 ἐναντίον.
