4208 6476
783 403 889 460 685

2073 405 2129 460 S.
2169 406 2407 461 BASlLll
2448 406 2659 463 MAGNI

3915 417 4015 470 681

781 523 1027 588 stantiis,
1059 522 1152 578 sed
1189 536 1221 577 e
1266 522 1576 577 nominibus
1607 530 1661 575 ct
1686 523 2095 592 operationibus
2138 540 2340 595 cogttn-
2370 531 2410 585 Α
2440 553 2443 573 ι

2370 531 2410 585 Α
2440 525 2728 593 ἀσώματα.
2774 526 2836 578 Ei
2867 524 2928 579 τὸ
2966 527 3292 597 ἀγέννητος
3325 531 3492 603 ὄνομα
3544 534 3646 603 τῆς
3686 532 3875 597 οὐσίας
3924 536 4013 588 τοῦ

780 617 998 678 scimus,
1016 624 1069 669 et
1084 613 1379 682 praesertim
1395 612 1728 679 incorporea.
1744 611 2017 683 lngenitus
2035 616 2078 668 si
2096 614 2342 667 substan-

780 706 870 759 tiae
900 704 993 760 Dei
1034 720 1227 760 nomen
1280 716 1385 767 est,
1415 714 1509 757 aut
1546 704 1682 758 Deus
1710 719 1805 757 sua
1838 705 2006 775 ipsius
2036 705 2337 760 substantia

778 797 994 865 cognita
1020 811 1215 851 nomen
1248 796 1567 852 substantia:
1595 797 1891 866 ignoravit:
1929 798 2223 864 autetiam,
2251 814 2343 854 no.

778 886 924 941 mine
944 890 1179 956 cognito,
1214 886 1496 940 audientes
1519 887 1747 954 derepit.
1771 888 2024 941 Dominus
2051 889 2194 943 enim
2228 889 2335 942 ait:

778 975 1116 1045 Omnipotens
1145 993 1328 1030 nomen
1353 993 1522 1029 meum
1546 977 1611 1029 ".
1644 977 1709 1030 Et
1738 994 1768 1031 a
1803 978 1946 1032 Mose
1977 980 2339 1049 interrogatus

774 1068 918 1137 quod
947 1067 996 1122 ei
1025 1075 1173 1121 esset
1211 1082 1403 1122 nomen
1430 1083 1445 1120 :
1477 1063 1612 1136 Ego,
1647 1066 1840 1136 inquit,
1863 1084 1977 1121 sum
2005 1068 2093 1138 qui
2124 1085 2239 1122 sum
2268 1070 2334 1136 ‘8;

773 1168 831 1213 et
856 1174 1103 1214 rursum:
1146 1158 1283 1213 Deus
1309 1159 1599 1225 Abraham,
1636 1169 1684 1213 et
1717 1158 1856 1213 Deus
1902 1160 2082 1223 Isaac,
2116 1170 2165 1213 et
2194 1161 2335 1215 Deus

771 1245 936 1301 Iacob
962 1265 980 1313 ,°
1004 1248 1101 1301 hoc
1126 1249 1249 1301 mihi
1272 1265 1457 1302 nomen
1486 1260 1739 1302 wternum
1772 1248 1839 1300 θ’.
1875 1247 1941 1302 Ει
1971 1249 2139 1303 David
2170 1268 2185 1306 :
2230 1250 2337 1304 Do-

771 1342 944 1395 minus
978 1357 1162 1395 nomen
1196 1341 1291 1394 tibi
1327 1340 1395 1395 7”.
1442 1340 1513 1393 At
1546 1341 1645 1393 hoc
1674 1354 1888 1404 nomen,
1922 1340 2201 1410 ingenitus,
2236 1359 2336 1399 nec.

772 1434 892 1504 ipse
920 1433 1023 1488 sibi
1054 1432 1326 1502 ascripsit,
1356 1448 1455 1489 nec
1487 1434 1774 1502 quisquam
1801 1445 2107 1488 sanctorum
2141 1436 2295 1489 dixit.

844 1527 901 1583 Si
936 1542 1063 1581 vero
1094 1540 1190 1581 nec
1222 1526 1455 1595 decepit.
1486 1540 1585 1579 nec
1615 1525 1882 1595 ignoravit
1914 1526 2157 1597 (impium
2188 1529 2333 1582 enim

771 1630 853 1675 est
882 1620 1076 1674 horum
1115 1619 1315 1689 aliquid
1350 1618 1576 1686 dicere),
1604 1618 1863 1686 ingenitus
1900 1619 1949 1672 ei
1985 1634 2179 1673 nomen
2225 1636 2330 1675 non

770 1723 875 1767 est.
915 1710 1190 1782 Ingenitus
1215 1719 1307 1763 ant
1334 1710 1629 1764 substantia
1658 1718 1757 1775 est,
1788 1719 1880 1764 aut
1910 1712 2155 1766 accidens
2185 1710 2331 1772 (nam

770 1812 967 1873 prater
1003 1805 1115 1856 haec
1150 1799 1283 1855 nihil
1317 1814 1437 1854 esse
1476 1798 1673 1870 potest)
1708 1818 1721 1854 :
1753 1803 1848 1856 sed
1882 1802 2186 1857 substantia
2227 1818 2330 1857 non

767 1903 873 1958 est,
906 1908 1028 1947 cum
1061 1907 1165 1945 non
1192 1892 1262 1946 sit
1290 1890 1579 1960 quidquam
1609 1891 1750 1961 quod
1795 1891 1863 1946 ab
1900 1907 1963 1947 eo
1994 1908 2060 1947 ex
2091 1893 2333 1962 opposito

768 1985 1150 2055 distinguatur.
1182 1982 1279 2037 Est
1309 1982 1451 2036 enim
1492 1981 1658 2037 Filius
1696 1983 1933 2051 genitus,
1972 1991 2024 2035 at
2054 1995 2156 2035 non
2197 1997 2331 2051 qua-

771 2085 928 2131 tenus
970 2075 1268 2130 substantia
1302 2083 1405 2137 est,
1444 2076 1538 2128 aed
1575 2084 1840 2143 quatenus
1874 2073 2083 2142 genitus
2116 2065 2231 2127 fuit.
2274 2072 2332 2128 Si

766 2181 899 2223 vero
930 2167 1200 2228 accidens,
1238 2175 1334 2220 aut
1386 2175 1581 2219 natura
1631 2165 1850 2219 insitum
1891 2174 1994 2229 est,
2030 2174 2122 2219 aut
2158 2173 2333 2234 potest

766 2260 958 2313 adesse
986 2264 1041 2313 et
1070 2257 1281 2311 abesse.
1325 2254 1453 2320 Sed,
1481 2256 1524 2309 si
1570 2264 1759 2310 natura
1796 2255 2014 2309 insitum
2050 2264 2153 2321 est,
2190 2255 2331 2311 Deus

768 2348 1079 2404 necessario
1107 2355 1163 2403 et
1187 2345 1489 2402 substantia
1518 2356 1571 2401 et
1598 2346 1849 2401 accidens
1880 2354 1983 2400 est.
2018 2344 2147 2411 Quae
2184 2346 2329 2399 enim

762 2447 893 2492 sunt
942 2437 1232 2507 ejusmodi,
1286 2436 1594 2491 necessario
1646 2435 1895 2490 accidunt
1945 2436 2140 2505 quibus
2193 2437 2331 2490 acci-

765 2530 924 2585 dunt.
960 2529 1114 2595 Quod
1163 2529 1208 2582 si
1262 2528 1640 2597 contingenter
1686 2526 1857 2592 adest,
1905 2527 2009 2581 erit
2064 2527 2331 2597 ingenitus

767 2621 1059 2692 aliquando
1084 2628 1141 2675 et
1166 2619 1396 2691 genitus.
1431 2618 1727 2689 ingenitum
1758 2619 1803 2672 si
1832 2618 2014 2673 dicunt
2048 2618 2237 2684 Deum,
2266 2633 2331 2673 eo

764 2718 907 2784 quod
936 2713 1149 2784 genitus
1175 2728 1283 2767 non
1318 2720 1419 2780 est,
1451 2727 1558 2767 non
1609 2712 1734 2780 quid
1770 2713 1841 2769 sit
1881 2712 2181 2767 substantia
2215 2712 2331 2781 ejus

762 2806 970 2870 dicunt,
995 2804 1088 2859 sed
1136 2805 1264 2874 quid
1300 2818 1406 2858 non
1452 2805 1543 2858 sit.
1598 2803 1806 2873 Quippe
1849 2806 2153 2859 substantia
2185 2803 2327 2857 nulla

760 2912 827 2952 ex
869 2898 936 2953 iis
965 2912 1083 2967 qua:
1112 2913 1215 2952 non
1244 2904 1349 2964 est,
1379 2896 1473 2951 sed
1510 2910 1575 2949 ex
1609 2897 1677 2949 iis
1708 2910 1824 2963 quae
1852 2906 1936 2950 est
1962 2896 2324 2965 cognoscitur.

762 2992 897 3046 Nam
924 3002 977 3047 et
1005 2992 1151 3055 illud,
1182 2987 1518 3054 immortalis,
1546 2996 1601 3042 et
1628 2986 1782 3051 illud,
1819 2987 2251 3055 incorruptibilis,
2274 2997 2330 3041 et

762 3087 915 3153 illud,
944 3085 1308 3148 immutabilis,
1342 3098 1446 3137 non
1478 3080 1838 3137 substantiam
1865 3078 2028 3143 illius,
2058 3079 2151 3134 sed
2185 3079 2328 3147 quod

764 3192 865 3231 nec
914 3176 1197 3240 moriatur,
1236 3187 1335 3227 nec
1388 3180 1785 3241 corrumpatur,
1822 3183 1920 3224 nec
1966 3178 2329 3224 commutetur

764 3278 823 3321 ut
856 3274 1140 3329 creatum,
1175 3264 1499 3333 signiﬁcant.
1534 3264 1773 3317 Doceant
1817 3262 1978 3331 igitur
2023 3262 2150 3331 quid
2188 3260 2328 3315 Deus

762 3362 854 3425 sit,
899 3374 1003 3414 non
1032 3356 1161 3428 quid
1195 3370 1298 3409 non
1331 3354 1419 3409 sit.
1456 3353 1513 3408 Si
1558 3356 1818 3423 ingenitus
1872 3370 1977 3409 non
2011 3354 2329 3409 substantia:

762 3465 958 3506 nomen
990 3458 1097 3515 est,
1126 3447 1220 3504 sed
1248 3446 1477 3517 ipsamet
1514 3445 1847 3499 substantia:
1881 3461 2067 3500 rursus
2098 3447 2139 3499 si
2159 3446 2329 3500 Filius

760 3553 845 3599 est
874 3539 1200 3605 substantia,
1223 3540 1383 3594 etiam
1410 3536 1581 3592 Filius
1608 3536 1881 3607 ingenitus
1909 3546 2028 3600 est;
2066 3538 2173 3592 imo
2202 3553 2328 3593 vero

760 3632 1063 3690 substantia
1104 3630 1281 3686 omnis
1327 3631 1433 3685 erit
1483 3629 1746 3699 ingenita.
1781 3627 1837 3684 Si
1870 3628 2164 3699 ingenitum
2198 3631 2326 3685 sub-

761 3725 961 3781 stantia
994 3722 1088 3779 Dei
1121 3732 1223 3789 est,
1255 3732 1307 3776 et
1340 3723 1585 3793 genitura
1616 3722 1916 3776 substantia
1958 3720 2081 3775 Filii
2116 3736 2129 3773 :
2172 3734 2326 3775 crea-

763 3827 883 3873 tura
931 3819 1093 3887 igitur
1142 3825 1233 3872 aut
1276 3814 1483 3870 iactura
1532 3830 1637 3870 non
1686 3826 1766 3870 est
1798 3815 1967 3885 ipsius
2005 3814 2324 3869 substantia.

760 3909 932 3968 Filius
959 3909 1103 3964 enim
1134 3924 1262 3974 una,
1298 3924 1401 3963 non
1447 3908 1628 3962 multa:
1671 3908 2008 3963 substantiae.
2042 3906 2174 3962 Cum
2205 3906 2327 3976 quis

762 4000 1061 4063 hominem,
1089 4006 1181 4053 aut
1226 3997 1478 4067 lapidem,
1510 4008 1600 4050 aut
1634 3997 1833 4065 lignum
1879 3997 2028 4059 dicit,
2066 3999 2324 4050 substan—

762 4094 891 4149 tiam
923 4094 1212 4163 quamdam
1266 4090 1468 4145 indicat
1502 4108 1517 4144 :
1547 4097 1601 4142 at
1649 4103 1770 4143 cum
1831 4087 2130 4158 genituram
2171 4088 2324 4154 dicit,

759 4202 868 4241 non
909 4184 1265 4239 substantiam
1305 4182 1624 4253 simpliciter
1670 4179 1972 4252 significat;
2005 4179 2201 4248 alioqui
2232 4194 2327 4248 ge-

762 4279 940 4332 nitnra
966 4277 1142 4331 omnis
1167 4285 1443 4330 essetzuna
1472 4275 1792 4329 substantia.
1822 4273 1975 4341 Quod
2003 4273 2047 4326 si
2079 4271 2325 4341 genitura

760 4372 1118 4425 substantiam
1154 4370 1464 4440 quampiam
1500 4383 1602 4422 non
1640 4368 1925 4438 signiﬁcat,
1975 4382 2146 4436 neque
2184 4368 2326 4435 inge—

760 4462 897 4514 nitus
931 4460 1193 4530 profecto.
1229 4460 1366 4514 Deus
1396 4460 1441 4512 si
1476 4458 1745 4527 ingenitus
1778 4468 1881 4522 est,
1914 4474 1976 4513 eo
2005 4458 2144 4527 quod
2179 4457 2324 4528 geni-

2442 615 2599 678 Θεοῦ,
2644 616 2676 685 ἢ
2710 616 2805 687 τὴν
2838 618 3023 671 οὐσίαν
3058 621 3156 691 τὴν
3194 621 3327 674 ἰδίαν
3378 623 3533 687 εἰδὼς
3572 628 3601 678 6
3640 626 3775 689 Θεὸς
3802 626 3864 679 τὸ
3890 626 4009 681 ὄνου

2444 724 2518 776 μα
2545 707 2646 777 τῆς
2686 707 2875 771 οὐσίας
2904 710 3191 781 ἠγνόησεν,
3220 711 3252 781 ἥ
3282 712 3373 764 καὶ
3400 713 3458 765 τὸ
3490 715 3660 783 ὄνομα
3700 715 3858 779 εἰδὼς
3890 718 4014 779 τοὺς

2440 800 2731 864 ἀκούοντας
2780 801 3048 871 ἠπάτησε.
3082 805 3284 875 Κύριος
3320 808 3428 875 γάρ
3451 823 3612 876 φησιν
3631 824 3643 836 ’
3672 808 4013 876 Παντοκράυ

2440 907 2550 957 τωρ
2590 891 2774 959 ὄνομά
2801 910 2917 960 μου
2941 893 3074 962 (70).
3098 896 3206 947 Καὶ
3232 896 3380 967 παρά
3418 897 3659 959 Μωσέως
3693 898 4010 968 ἐρωτηθεὶς,

2439 980 2489 1031 τί
2527 981 2695 1051 ὄνομα
2728 982 2898 1053 αὐτῷ,
2922 984 3085 1054 φησίν
3107 1001 3120 1013 ο
3169 985 3311 1052 Ἐγώ
3340 988 3455 1053 εἰμι
3488 990 3520 1039 ό
3542 986 3656 1037 ὧν·
3689 989 3785 1039 καί
3814 988 3974 1040 πάλιν
3996 1005 4009 1017 ·

2451 1073 2512 1124 Ὀ
2534 1075 2674 1139 Θεὸς
2698 1074 2960 1144 Ἀϐραὰμ,
2985 1076 3083 1128 καὶ
3106 1080 3138 1128 ὀ
3157 1078 3299 1141 Θεὸς
3320 1078 3430 1147 (71)
3455 1079 3680 1141 Ἰσαὰκ,
3702 1080 3797 1130 καὶ
3820 1082 3853 1131 ὁ
3871 1080 4014 1145 Θεὸς

2451 1165 2672 1219 Ἰακὼϐο
2708 1168 2884 1219 τοῦτό
2902 1186 3004 1236 μοι
3032 1169 3217 1235 ὄνομα
3239 1169 3477 1221 αἰώνιον
3497 1188 3509 1198 ·
3543 1171 3637 1222 καὶ
3664 1170 3831 1222 Δαϐίδ
3850 1189 3863 1201 ·
3897 1173 4011 1224 Κύ-

2429 1273 2560 1322 ριος
2578 1257 2761 1325 ὄνομά
2782 1276 2875 1312 σοι
2905 1261 3037 1328 (72).
3071 1260 3419 1328 Ἄγέννητον
3434 1262 3489 1313 δὲ
3512 1262 3678 1333 ὄνομα
3701 1262 3828 1316 οὔτε
3852 1264 4014 1326 aii-:6;

2439 1347 2642 1417 ἐαυτῷ,
2695 1348 2817 1401 οὔτε
2869 1369 2951 1414 τις
2992 1352 3099 1404 τῶν
3159 1352 3326 1420 ἀγίων
3373 1354 3609 1423 εἴρηκεν.
3656 1356 3720 1408 Ei
3778 1356 3837 1407 δὲ
3890 1355 4011 1408 οὔτε

2437 1436 2737 1507 ἠπάτησεν,
2790 1439 2912 1492 οὗτε
2952 1443 3218 1512 ἠγνόησεν
3274 1442 3489 1511 (ἀσεϐὲς
3522 1443 3629 1514 γάρ
3686 1462 3740 1497 τι
3803 1446 4012 1498 τούτων

2436 1528 2671 1597 εἰπεῖν),
2715 1529 2775 1581 τὸ
2799 1530 3128 1598 ἀγέννητος
3172 1534 3272 1585 οὐκ
3302 1534 3471 1603 ὄνομα
3506 1535 3687 1588 αὐτοῦ.
3745 1538 3819 1590 T6
3843 1540 4013 1608 ἀγέν-

2434 1620 2665 1690 νητοςῆ
2697 1621 2851 1673 οὐσία
2886 1624 3051 1688 ἐστὶν,
3077 1625 3109 1695 ἢ
3132 1625 3477 1697 συμϐεϐηκὸς
3496 1626 3668 1697 (παρὰ
3695 1628 3873 1682 ταῦτα
3903 1632 4010 1701 (75)

2433 1712 2541 1784 γὰρ
2567 1712 2716 1766 οὐδὲν
2750 1712 2814 1765 ἂν
2850 1714 2955 1783 εἴη)
2979 1732 2991 1745 ο
3039 1716 3150 1767 ἀλλ’
3204 1717 3362 1770 οὐσία
3412 1719 3509 1787 μὲν
3565 1718 3663 1770 οὐκ
3695 1719 3865 1784 ἐστιν,
3891 1721 4009 1774 οὗτε

2434 1806 2540 1876 γὰρ
2588 1804 2648 1858 τὸ
2698 1805 3256 1876 ἀντιδιαστελλόμενον
3303 1810 3477 1880 αὐτῷ·
3518 1810 3779 1879 γεννητὸς
3828 1812 3936 1881 γὰρ
3986 1816 4013 1866 6

2436 1897 2579 1959 Υἱὸς,
2614 1898 2674 1949 οὐ
2732 1894 2868 1948 καθὸ
2908 1895 3083 1959 οὐσία,
3130 1896 3262 1950 ἀλλὰ
3303 1898 3437 1951 καθὸ
3487 1899 3793 1969 ἐγεννήθηο
3847 1904 3895 1951 εί
3957 1902 4013 1955 δὲ

2436 1988 2812 2059 συμϐεϐηκὸς,
2859 1987 2892 2058 ἧ
2939 1987 3319 2055 συμπέφυκεν,
3366 1990 3397 2060 ἢ
3443 1991 3717 2060 ἐνδέχεται
3747 1990 4012 2062 ὑπάρχειν

2435 2081 2528 2132 καὶ
2560 2080 2632 2151 μὴ
2682 2081 2963 2151 ὑπάρχειν.
3017 2078 3155 2131 Ἀλλ’
3184 2081 3231 2131 εἰ
3267 2081 3362 2151 μὲν
3394 2084 3772 2152 συμπέφυκεν,
3798 2085 4008 2153 ἀνάγκη

2432 2170 2509 2241 τῷ
2539 2171 2657 2242 Θεῷ
2703 2173 2796 2225 καὶ
2832 2172 3019 2225 οὐσίαν
3056 2170 3165 2240 (74)
3216 2172 3306 2223 καὶ
3342 2189 3400 2224 συ
3413 2172 3685 2245 μϐεϐηκὸς
3715 2170 3877 2227 εἶναι.
3928 2174 4013 2239 Ἐξ

2432 2263 2677 2333 ἀνάγκης
2710 2263 2817 2333 γάρ
2854 2264 2922 2316 τὰ
2960 2263 3185 2315 τοιαῦτα
3221 2262 3505 2332 συμϐαίνει
3532 2262 3611 2327 οἷς
3642 2266 4009 2337 συμϐέϐηκεν.

2432 2358 2494 2410 Ei
2530 2357 2586 2409 δὲ
2626 2357 2988 2427 ἐνδεχομένως
3023 2355 3169 2427 (75),
3218 2355 3367 2407 ἔσται
3402 2356 3494 2407 καὶ
3541 2357 3840 2427 ἀγέννητὸς
3886 2376 4012 2412 ποτε

2431 2450 2524 2501 καὶ
2556 2448 2828 2519 γεννητὸς.
2869 2449 2929 2500 Ei
2956 2448 3246 2518 ἀγέννητον
3285 2446 3500 2516 λέγουσι
3534 2448 3622 2500 τὸν
3648 2449 3800 2513 Θεὸν,
3828 2453 3907 2502 ὅτι
3938 2453 4009 2521 μὴ

2431 2537 2710 2607 ἐγεννήθη,
2743 2538 2803 2589 οὐ
2838 2538 2888 2589 τί
2918 2540 3062 2590 ἐστιν
3098 2540 3131 2608 ἡ
3176 2536 3329 2589 οὐσία
3362 2536 3547 2600 αὑτοῦ,
3575 2537 3846 2606 λέγουσιν,
3880 2543 4011 2595 ἀλλὰ

2429 2629 2483 2680 τί
2516 2628 2613 2679 οὐκ
2646 2628 2810 2682 ἔστιν.
2858 2630 3095 2699 Οὐδεμία
3128 2630 3183 2682 δὲ
3211 2630 3364 2683 οὐσία
3394 2629 3453 2694 ἐξ
3485 2624 3557 2682 ὧν
3588 2631 3688 2683 οὐκ
3716 2632 3832 2683 ἐστι
3868 2650 4008 2700 γνω-

2433 2720 2660 2792 ρίζεται,
2696 2720 2807 2772 ἀλλ’
2842 2721 2898 2785 ἐξ
2926 2715 2999 2773 ὧν
3033 2723 3167 2773 ἐστι.
3203 2725 3311 2776 Καὶ
3340 2723 3397 2775 τὸ
3424 2723 3720 2789 ἀθάνατος
3752 2726 3882 2793 γάρ,
3919 2727 4009 2777 καὶ

2430 2814 2487 2865 τὸ
2517 2811 2813 2881 ἄφθαρτος
2838 2811 2929 2863 καὶ
2956 2813 3016 2863 τὸ
3044 2813 3350 2879 ἄτρεπτος,
3388 2817 3447 2867 οὐ
3481 2815 3577 2885 τὴν
3606 2817 3794 2868 οὐσίαν
3819 2815 4007 2877 αὑτοῦ,

2428 2903 2540 2959 ἀλλ’
2574 2906 2653 2957 ὅτι
2685 2903 2757 2974 μὴ
2796 2901 3147 2974 ἀποθνήσκει,
3184 2904 3321 2972 μήτε
3367 2904 3666 2972 φθείρεται,
3722 2907 3859 2973 μήτε
3892 2905 4010 2974 τρέ-

2428 3016 2586 3052 πεται
2616 2998 2691 3061 ὡς
2723 2996 2793 3050 τά
2821 2996 3115 3067 κτίσματα,
3143 2994 3310 3064 δηλοῖ.
3347 2994 3758 3048 Διδασκέτωσαν
3787 2992 3881 3047 οὖν
3906 2997 3955 3047 τί
3982 2998 4009 3047 6

2426 3090 2556 3153 Θεός
2596 3092 2764 3154 ἐστιν,
2813 3090 2872 3142 οὐ
2900 3089 2950 3141 τί
3001 3089 3101 3141 οὐκ
3149 3086 3313 3140 ἔστιν.
3366 3087 3427 3139 Ei
3459 3085 3519 3138 τὸ
3551 3086 3884 3154 ἁγέννητος
3910 3089 4007 3139 οὐκ

2428 3178 2596 3249 ὄνομα
2625 3181 2832 3242 οὐσίας,
2875 3180 2987 3233 ἀλλ’
3028 3179 3311 3232 αὑτοουσία
3368 3178 3502 3247 (76),
3555 3179 3714 3232 οὐσία
3746 3179 3802 3231 δὲ
3847 3181 3938 3232 καὶ
3982 3182 4008 3231 ὀ

2354 3230 2395 3288 C
2431 3230 2896 3333 Υίςξςέδζγένκᾷξὲοξ
2930 3230 3083 3317 me
3106 3230 3251 3326 Υἱὸς,
3282 3230 3383 3315 καί
3402 3230 3557 3317 si};
3585 3263 3639 3316 δὲ
3670 3230 3827 3315 aa.
3852 3230 4006 3331 ἀγέν-

2430 3371 2607 3425 νητος.
2653 3356 2713 3406 Ei
2744 3354 2803 3405 τὸ
2836 3354 3124 3423 ἀγέννητον
3158 3355 3314 3408 οὐσία
3347 3354 3438 3407 τοῦ
3470 3354 3625 3417 Θεοῦ,
3663 3356 3758 3407 καὶ
3786 3356 3847 3406 τὸ
3886 3355 4005 3421 γένο

2430 3464 2574 3518 νημα
2611 3444 2767 3498 οὐσία
2799 3444 2890 3496 τοῦ
2924 3444 3051 3496 Υίοῦ
3076 3462 3087 3474 ·
3129 3447 3189 3498 τὸ
3231 3448 3435 3515 κτίσμα
3469 3442 3560 3499 οὖν
3606 3446 3639 3515 ἧ
3674 3446 3886 3517 ποίημα
3911 3447 4008 3498 οὐκ

2428 3522 2599 3592 οὐσίαθ
2632 3534 2815 3590 αὐτοῦ.
2871 3537 2984 3589 Μία
3010 3536 3114 3607 γὰρ
3156 3537 3248 3588 καὶ
3276 3538 3334 3589 οὐ
3370 3539 3561 3590 πολλαὶ
3592 3539 3772 3590 οὐσίαι
3800 3542 3827 3592 6
3862 3539 4004 3601 Υἱός.

2433 3626 2749 3697 Ἀνθρωπόν
2775 3643 2859 3690 τις
2886 3626 3086 3690 εἰπὼν,
3119 3626 3151 3697 ἢ
3187 3626 3360 3690 λίθον,
3395 3629 3427 3697 ἢ
3464 3629 3637 3693 ξύλον,
3673 3630 3863 3681 οὐσίαν
3890 3630 4007 3682 τινὰ

2426 3720 2601 3790 δηλοῖο
2637 3720 2882 3792 γέννημα
2925 3720 2981 3773 δὲ
3021 3719 3209 3784 εἰπὼν,
3238 3721 3336 3773 οὐκ
3376 3722 3564 3775 οὐσίαν
3599 3722 3787 3786 ἁπλῶς
3819 3723 3970 3795 δηλοῖ
3992 3744 4005 3755 ο

2428 3815 2548 3865 ἐπεὶ
2574 3815 2678 3866 πᾶν
2714 3813 2957 3883 γέννημα
2986 3811 3141 3864 οὐσία
3178 3812 3295 3881 μία.
3335 3813 3397 3865 Εἰ
3426 3812 3480 3864 δὲ
3513 3812 3612 3865 οὐκ
3646 3813 3835 3877 οὐσίας
3868 3816 4007 3879 τινὸς

2429 3905 2489 3956 τὸ
2523 3905 2763 3975 γέννημα
2806 3903 3165 3974 σημαντικὸν,
3198 3902 3319 3955 οὐδὲ
3348 3902 3410 3955 τὸ
3457 3902 3794 3973 (ig-sirm;th
3818 3906 4005 3975 δηλον-

2426 3998 2527 4051 ότι.
2586 3998 2647 4049 Ei
2691 3996 2984 4067 ἀγέννητὸς
3028 3997 3172 4048 ἐστιν
3218 3997 3247 4048 6
3289 3996 3440 4058 Θεὸς,
3475 3996 3555 4049 ὅτι
3591 3997 3672 4068 μὴ
3702 3999 3964 4069 ἐγεννήθη
3990 4015 4003 4028 °

2426 4089 2565 4141 οὕτω
2588 4088 2679 4140 καὶ
2707 4088 2999 4157 ἄφθαρτος,
3038 4088 3117 4139 ὅτι
3148 4086 3220 4157 μὴ
3250 4086 3546 4157 φθείρεται.
3585 4088 3797 4157 Ὥσπερ
3819 4085 3912 4140 οὖν
3945 4091 4003 4141 τὸ

2427 4178 2727 4245 ἄφθαρτον
2758 4179 2817 4229 τὸ
2858 4177 3205 4245 ἀτελεύτητον
3243 4178 3407 4228 αὐτοῦ
3437 4178 3612 4247 δηλοῖ,
3644 4179 3789 4231 οὕτω
3819 4181 3913 4231 καὶ
3947 4183 4004 4234 τὸ

2427 4267 2760 4337 ἀγέννητον
2783 4269 2843 4319 τὸ
2886 4270 3137 4336 ἄναρχον.
3198 4267 3259 4317 Ei
3313 4266 3369 4317 δὲ
3414 4268 3708 4336 ἀγέννητος
3756 4270 3879 4339 μὲν,
3910 4273 4003 4324 οὐκ

2426 4355 2697 4427 ἄφθαρτος
2723 4355 2801 4420 δὲ,
2828 4354 2976 4407 ἔσται
3006 4356 3102 4424 μὲν
3127 4356 3374 4426 ἄναρχος,
3406 4356 3505 4408 οὐκ
3528 4356 3884 4430 ἀτελεύτητος
3912 4363 3963 4414 δέ
3988 4382 3999 4393 ’

2426 4454 2561 4521 ὅπερ
2593 4449 2809 4503 ἄτοπον.
2829 4449 2940 4500 οὐκ
2970 4448 3127 4501 οὐσία
3158 4444 3250 4501 οὖν
3281 4449 3340 4501 τὸ
3367 4449 3713 4517 ἀγέννητος,
3748 4453 3885 4505 ἀλλὰ
3916 4455 4001 4525 δή.

761 4559 845 4605 tus
894 4566 998 4604 non
1040 4557 1122 4604 est
1155 4567 1170 4603 :
1204 4549 1281 4602 sic
1324 4559 1379 4601 et
1425 4546 1873 4616 incorruptibilis,
1905 4562 1971 4601 eo
2023 4548 2162 4617 quod
2219 4563 2320 4599 non
2354 4566 2397 4621 ι)

2354 4566 2397 4621 D
2426 4544 2588 4603 λωσις
2631 4538 2721 4593 τοῦ
2768 4538 2842 4609 μὴ
2888 4538 3263 4608 γεγεννῆσθαι.
3319 4539 3381 4590 Ei
3440 4538 3597 4605 φύσει
3644 4540 3938 4611 ἀγέννητος
3976 4546 3999 4593 ὁ

758 4642 1145 4711 corrumpitur.
1199 4637 1655 4705 Quemadmodum
1716 4639 1879 4709 igitur
1924 4637 2323 4705 incorruptibile

757 4749 880 4787 eum
912 4736 1028 4787 sine
1055 4733 1161 4785 line
1200 4731 1437 4785 futurum
1467 4730 1734 4800 signiﬁcat
1773 4750 1789 4781 ε
1829 4732 1902 4783 ita
1935 4738 1983 4783 et
2012 4728 2321 4798 ingenitum,

757 4825 1007 4895 principii
1044 4825 1208 4897 285
1253 4834 1527 4895 expertem
1578 4837 1715 4877 esse.
1773 4822 1827 4877 Si
1876 4839 2002 4876 vero
2052 4822 2319 4893 ingenitus

829 4945 873 4975 ⁸⁷
900 4944 1075 5001 Exod.
1105 4958 1199 5010 XV,
1231 4942 1287 4997 ὖ.

826 5081 938 5154 (70)
965 5083 1142 5139 Codex
1170 5084 1325 5168 Golb.
1351 5084 1756 5205 παντοκράτωρ
1776 5079 1953 5165 ρνομά
1989 5096 2098 5151 μοι,
2134 5078 2323 5165 Omni-

826 5165 933 5205 tens
967 5170 1151 5205 nomen
1176 5156 1320 5205 mihi.
1357 5156 1509 5205 Aoud
1537 5154 1677 5205 LXX
1763 5167 1911 5205 υοιος
1949 5150 2116 5205 ὄνομα
2148 5164 2317 5205 αυτῳ,

754 5148 933 5224 potens
967 5170 1151 5208 nomen
1176 5155 1320 5210 mihi.
1357 5156 1509 5223 Apud
1537 5148 1677 5224 LXX
1709 5148 1911 5224 Κιρριος
1949 5148 2116 5220 ὄνομα
2148 5148 2317 5216 αὐτῷ,

755 5220 1014 5305 Dominus
1059 5239 1241 5278 nomen
1294 5220 1419 5279 illi.
1450 5223 1699 5294 Vulgata,
1749 5220 2090 5290 Omnipotens
2132 5234 2319 5272 nomen

753 5309 892 5349 81118.

776 5311 941 5433 mi?!)
968 5364 1266 5419 Articulum
1297 5373 1423 5418 ante
1460 5378 1643 5419 vocem
1669 5363 1800 5425 Θεός
1825 5370 1905 5413 ter
1924 5359 2223 5433 addidimus
2251 5374 2318 5433 ex

756 5427 1214 5505 libris'antiquis:
1250 5436 1390 5505 quod
1429 5435 1569 5489 idem
1610 5434 1796 5490 eadem
1827 5431 2150 5485 auctoritate
2182 5427 2316 5483 feci-

756 5518 877 5557 mus
906 5516 1031 5558 ante
1047 5504 1229 5559 v’ocem
1258 5504 1436 5559 Δαϐίδ.

829 5571 939 5642 (η)
974 5574 1112 5629 Εάίιί
1136 5585 1191 5629 ει
1225 5575 1372 5642 Regii
1405 5584 1635 5644 quatuor
1664 5574 1865 5644 Κύριος
1892 5570 2062 5644 ὄνομά
2078 5567 2315 5644 σοικυηο

754 5639 928 5714 minus
946 5659 1129 5698 nomen
1169 5644 1285 5699 tibi.
1310 5639 1555 5698 Mii'dno
1584 5646 1732 5714 Regii
1757 5639 2073 5714 'cuutCtilb.
2108 5639 2312 5714 Κῷριος

751 5713 922 5786 ξνομα
948 5713 1116 5786 αὐτῷ.
1150 5714 1417 5786 Dominus
1450 5731 1634 5769 nomen
1664 5707 1811 5786 vipsj.
1850 5710 1947 5786 Hic
1987 5711 2127 5786 apud

752 5779 927 5859 ϐνομά
952 5802 1032 5859 σοι
1069 5779 1308 5859 Κύριος,
1364 5782 1711 5859 Nomen__tibi
1754 5779 2030 5859 Dominus.
2068 5779 2309 5859 Aquilus,

756 5852 1116 5929 Symmachus
1144 5852 1198 5913 et
1232 5855 1555 5923 Tbeodotio,
1576 5854 1782 5910 Nomen
1806 5852 1919 5911 tibi.
1948 5852 2183 5906 Domine.

2430 4634 2636 4705 Πατὴρ,
2666 4631 2823 4702 φύσει
2861 4631 3117 4700 γεννητὸς
3150 4630 3242 4681 καὶ
3268 4632 3296 4682 6
3322 4630 3464 4692 Υἱός.
3507 4630 3568 4681 Ei
3602 4630 3658 4682 δὲ
3696 4633 3857 4698 φύσει
3885 4633 4001 4699 γέν-

2428 4744 2595 4795 νημα,
2632 4725 2812 4777 οὐκέτι
2843 4722 3065 4791 κτίσμα.
3101 4721 3287 4782 Ὀντος
3314 4716 3407 4772 οὖν
3433 4718 3524 4771 τοῦ
3551 4720 3708 4786 φύσει
3733 4722 3998 4791 γεννήμα-

2422 4836 2512 4880 τος
2545 4817 2680 4888 (77),
2712 4817 2926 4884 ἀνάγκη
2959 4813 3162 4867 καὶτὸν
3196 4814 3533 4881 γεννήσαντα
3560 4806 3730 4865 εἶναι’
3760 4814 3996 4884 γέννημα

1372 4944 1415 4975 ⁸⁸
1436 4942 1609 4998 Exod.
1645 4956 1728 5001 tu.
1758 4939 1847 4992 14.
1922 4940 1967 4972 ⁸⁸
2002 4938 2129 4993 ibid.
2161 4937 2249 4990 15.
2322 4934 2372 4967 ’θ
2395 4932 2532 4989 Psal.
2567 4948 2776 4998 Luxu,
2815 4930 2899 4985 i9.

2504 5074 2615 5145 (75)
2648 5070 2789 5127 Editi
2815 5078 2872 5125 et
2894 5084 3028 5126 mss.
3056 5067 3295 5126 nonnulli
3335 5068 3463 5136 παρ’
3505 5066 3663 5121 αὐτά.
3713 5066 3821 5120 Alii
3850 5066 3992 5137 napi

2427 5161 2596 5198 ταυτα
2605 5183 2619 5196 .

2500 5213 2611 5283 (741
2642 5209 2785 5267 Editi
2811 5218 2864 5265 et
2890 5210 3095 5279 aliquot
3123 5223 3257 5263 mss.
3292 5207 3389 5263 καὶ
3414 5206 3590 5261 οὐσία.
3617 5206 3746 5276 Reg.
3776 5214 3993 5274 quartus

2427 5286 2520 5337 καὶ
2541 5283 2749 5345 οὐσίαν,
2784 5290 2945 5335 recte.

2498 5355 2609 5426 (75)
2636 5352 2812 5426 Illud_1
2839 5349 3237 5426 ξνδεχομένως,
3268 5348 3498 5426 positum
3532 5347 3621 5401 hic
3652 5346 3868 5426 videtur
3898 5347 3991 5402 hac

2424 5418 2692 5478 sententia
2726 5440 2739 5472 :
2770 5418 3063 5475 Taliter‘u’t
3095 5422 3264 5486 possit
3292 5419 3486 5471 adesse
3511 5428 3604 5469 ant
3640 5418 3855 5471 abesse.

2487 5495 2603 5563 (76)
2637 5492 2814 5546 Editio
2840 5490 3001 5563 Basil.
3034 5502 3088 5544 et
3117 5499 3351 5563 quatuor
3378 5486 3993 5563 ιιιεεηῐῖεείᾗάλλξ-αςῦτὸ

2412 5558 2809 5618 οὐσία’‹1ιιιι1)υε
2839 5562 3081 5617 vocibus.
3118 5559 3207 5612 sed
3238 5560 3409 5626 ipsum
3447 5558 3770 5626 substantia.
3826 5558 3990 5609 Editio

2414 5636 2758 5704 Stephanum,
2780 5640 2833 5683 ut
2865 5639 3017 5704 notat
3039 5625 3373 5704 Duczuus._et
3397 5629 3565 5704 codex
3590 5625 3745 5681 Colb.
3777 5628 3991 5679 αὑτοου-

2414 5697 2837 5767 σία’ροη)υιιςῑε,
2870 5702 2958 5753 sed
2990 5701 3207 5763 ipsumet
3231 5697 3548 5750 substantia.

2482 5774 2590 5843 (77)
2630 5765 2768 5825 Editi
2811 5770 2901 5825 τὸν
2942 5770 3099 5841 τρύσει
3156 5768 3514 5838 γεννήσαντα.
3572 5766 3684 5823 Vox
3734 5765 3895 5835 ιρύσει
3941 5766 3988 5819 iu

2414 5862 2542 5901 mss.
2587 5847 2758 5902 deest:
