4208 6522
234 461 344 518 685

1330 463 1704 522 ADVEIISUS
1746 460 2121 519 EUNOMIUM
2151 463 2280 518 LIB.
2324 461 2414 521 IV.

3377 457 3484 518 636

236 582 348 651 γάρ
376 580 540 650 γωρὶς
572 581 927 648 γεννήσαντος
979 580 1078 632 οὐκ
1109 580 1172 634 ἂν
1219 581 1326 650 εἴη.
1369 582 1688 650 Λεγέτωσαν
1720 581 1811 638 οὖν
1843 588 1866 642 ἐ

1848 588 1888 642 Α
1915 581 2131 649 quidem
2181 592 2285 645 est,
2315 596 2422 634 non
2474 590 2653 637 autem
2705 578 3130 648 incorruptibilis
3164 595 3178 632 :
3217 579 3484 648 principii.

234 670 330 725 τὸν
352 672 705 740 γεννήσαντα,
737 673 785 722 εἰ
812 672 838 722 6
864 672 1054 742 Πατὴρ
1075 673 1173 725 οὐκ
1199 674 1507 742 ἐγέννησεν.
1543 676 1604 726 Εἰ
1631 679 1658 730 6
1681 677 1813 740 Θεὸς

237 764 524 834 ἀγέννητος
553 764 728 832 οὐσίᾳ,
765 764 857 817 καὶ
883 766 910 816 6
945 765 1069 827 Υἱὸς
1098 765 1208 833 (78)
1241 766 1494 834 γεννητὸς
1520 767 1694 839 οὐσία,
1723 770 1816 821 καὶ

238 858 268 909 6
299 855 649 926 Παράκλητος
674 854 876 927 κτίσμα
905 856 1082 926 οὐσία,
1115 858 1193 919 τὸ,
1227 857 1414 929 Πατὴρ
1447 857 1540 910 κα)⁸
1569 859 1692 923 Υίὺς
1721 859 1814 913 καὶ

240 947 393 1013 ἆγιον
429 945 650 1014 Πνεῦμα
670 984 683 1008 ,
711 946 949 1017 ὀνόματα
981 947 1137 1017 μόνον
1169 949 1334 1018 χωρὶς
1363 949 1578 1002 οὐσιῶν.
1610 951 1813 1003 Barru-

239 1037 478 1100 ζέτωσαν
501 1032 591 1088 οὖν
612 1041 688 1100 είς
708 1039 1018 1108 ἀγέννητον,
1059 1036 1150 1089 καὶ
1173 1040 1446 1110 γεννητὸν,
1475 1040 1565 1092 καὶ
1591 1042 1811 1112 κτίσμα.

241 1130 323 1180 Τά
350 1127 458 1198 γὰρ
484 1130 780 1200 πράγματα
809 1131 914 1183 τῶν
941 1131 1216 1199 ὀνομάτων
1247 1131 1566 1201 ἰσχυρότερα
1585 1173 1598 1196 ,
1626 1134 1718 1186 καὶ
1748 1132 1816 1184 τὰ

239 1218 372 1269 ὅντα
409 1216 517 1270 τῶν
558 1218 867 1290 λεγομένων
908 1220 1041 1290 πρὸς
1084 1222 1359 1293 ἐνέργειαν
1402 1221 1812 1294 ὠφελιμώτερα.

243 1310 309 1362 Εἰ
339 1310 631 1383 ἀγέννητος
657 1353 671 1376 ν
702 1313 884 1382 φασὶν,
919 1314 946 1364 '3
982 1313 1197 1385 Πατὴρ.
1234 1314 1488 1383 γεννητὸς
1519 1315 1574 1368 δὲ
1608 1319 1635 1369 6
1669 1316 1813 1377 mg.

242 1402 307 1453 οὐ
345 1402 443 1472 τῆς
476 1407 647 1474 αὐτῆς
677 1407 884 1467 οὐσίας.
926 1406 1242 1476 Ἀγέννητος
1281 1405 1388 1476 γὰρ
1426 1409 1518 1460 καὶ
1563 1408 1818 1478 γεννητὸς

245 1494 345 1546 οὐκ
370 1495 432 1548 ἂν
459 1497 543 1566 εἴη
579 1500 704 1566 μιᾶς
725 1497 924 1559 οὐσίας.
977 1499 1112 1551 Ἀλλ’
1136 1500 1234 1550 οὐκ
1260 1498 1444 1561 οὐσίας
1466 1500 1625 1569 ἡμεῖς
1647 1500 1816 1553 ταῦτα

247 1581 495 1654 λέγομεν,
530 1586 764 1653 ὀνόματα
811 1586 864 1639 δὲ
909 1588 1167 1658 δηλοῦντα
1215 1585 1312 1657 τὴν
1366 1588 1592 1641 ἑκάστου
1638 1590 1817 1644 αὐτῶν

248 1673 497 1744 ὓπαρξιν.
543 1673 704 1728 Οὐδὲν
749 1675 806 1730 δὲ
837 1679 1032 1732 κωλύει
1081 1677 1351 1750 διαφόρων
1384 1678 1658 1749 ὀνομάτων
1691 1682 1816 1750 μίαν

246 1767 432 1818 οὐσίαν
462 1761 616 1831 εἶναι,
647 1769 722 1830 ὡς
750 1769 844 1821 καὶ
873 1770 932 1822 τὸ
954 1769 1189 1824 ἐναντίον
1211 1770 1480 1842 διαφόρων
1503 1771 1701 1824 οὐσιῶν
1721 1777 1819 1844 τῆς

248 1854 479 1917 κτίσεως
504 1854 560 1908 ἓν
588 1856 776 1928 ὄνομα.

1918 688 2022 724 non
2053 672 2174 726 ﬁnis
2202 672 2307 725 erit
2333 684 2556 738 expers;
2589 671 2732 741 quod
2781 670 3075 724 absurdum
3111 679 3213 723 est.
3258 668 3488 723 Proinde

1917 763 2184 831 ingenitus
2221 760 2524 814 substantia
2559 777 2662 817 non
2695 773 2772 817 est
2805 779 2817 815 :
2851 759 2943 814 sed
2977 759 3209 828 genitum
3241 774 3344 812 non
3372 771 3492 811 esse

1917 854 2204 924 signiﬁcat.
2262 851 2320 906 Si
2369 862 2566 906 natura
2628 853 2901 921 ingenitus
2946 863 3030 906 est
3078 850 3273 914 Pater,
3322 846 3492 903 Filius

1921 961 2134 1016 quoque
2165 956 2359 998 natura
2391 954 2473 999 est
2499 945 2714 1014 genitus
2751 987 2764 999 .
2808 949 2900 1003 sed
2931 945 2975 1002 si
3007 943 3254 1014 genitura
3286 948 3368 995 est
3396 956 3494 993 na-

1925 1048 2068 1103 tura,
2094 1052 2433 1106 nequaquam
2465 1047 2551 1092 est
2574 1046 2842 1093 creatura.
2881 1041 3068 1108 Itaque
3099 1051 3221 1089 cunt
3246 1031 3492 1102 genitura

1923 1132 1994 1185 sit
2027 1143 2243 1198 natura,
2279 1147 2498 1186 necesse
2528 1143 2612 1186 est
2643 1142 2698 1186 ει
2733 1132 3027 1203 genitorem
3061 1147 3212 1196 esse;
3247 1127 3494 1200 quando-

1923 1225 2138 1291 quidem
2192 1225 2440 1295 genitura
2497 1224 2615 1279 sine
2671 1221 2914 1293 genitore
2969 1237 3088 1276 esse
3135 1240 3238 1276 non
3293 1225 3488 1290 potest.

1925 1311 2114 1366 Dicant
2169 1316 2335 1382 igitur
2386 1314 2709 1384 genitorem,
2750 1313 2795 1367 si
2843 1311 3007 1365 Pater
3051 1325 3156 1364 non
3199 1311 3399 1379 genuit.
3434 1305 3491 1362 Si

1927 1405 2066 1460 Deus
2099 1407 2369 1475 ingenitus
2395 1417 2478 1461 est
2504 1407 2829 1470 substantia,
2855 1415 2909 1460 et
2947 1403 3112 1457 Filius
3136 1402 3346 1470 genitus
3375 1400 3495 1454 sub-

1924 1501 2142 1561 stantia,
2189 1509 2243 1553 et
2293 1499 2607 1554 Paracletus
2659 1509 2907 1554 creatura
2955 1495 3280 1556 substantia,
3311 1490 3494 1555 Pater,

1924 1600 1974 1643 et
2005 1590 2190 1656 Filius,
2214 1601 2266 1644 et
2294 1590 2526 1659 Spiritus
2548 1599 2765 1644 sanctus
2789 1591 3002 1644 nomina
3031 1586 3201 1643 solum
3229 1593 3352 1639 sunt
3380 1584 3498 1638 sine

1926 1681 2260 1737 substantiis.
2292 1682 2574 1752 Baptizent
2605 1697 2732 1752 ergo
2755 1682 2809 1736 in
2840 1683 3095 1751 ingenito,
3126 1691 3178 1733 et
3214 1677 3410 1748 genito,
3443 1684 3499 1730 et

1926 1782 2207 1830 creatura.
2227 1774 2335 1829 Res
2376 1775 2519 1828 enim
2559 1775 2866 1830 nominibus
2894 1783 3018 1828 sunt
3043 1773 3280 1844 potiores
3309 1786 3321 1822 :
3352 1783 3406 1822 et
3433 1783 3498 1822 en

1848 1860 1891 1918 B
1924 1880 2044 1934 quae
2080 1877 2317 1931 exstant,
2356 1874 2480 1920 sunt
2533 1865 2596 1919 ad
2639 1865 3007 1935 operationem
3059 1863 3299 1926 utiliora,
3336 1877 3498 1928 quam

249 1960 372 2014 qua:
411 1949 777 2002 nominantur.
824 1946 880 2001 Si
912 1946 1094 2012 Pater,
1124 1949 1396 2017 inquiunt,
1441 1954 1734 2023 ingenitus,
1763 1957 1970 2023 genitus
2011 1972 2138 2014 vero
2172 1958 2364 2024 Filius,
2396 1975 2500 2014 non
2531 1969 2658 2013 sunt
2689 1957 2926 2027 ejusdem
2978 1954 3316 2011 substantiae.
3363 1951 3498 2005 Nam

251 2038 520 2106 ingenitus
575 2050 628 2093 et
683 2042 893 2109 genitus
941 2041 1098 2096 unius
1154 2043 1472 2098 substantiae
1524 2060 1644 2099 esse
1698 2062 1803 2100 non
1844 2057 2086 2113 possunt.
2160 2049 2230 2102 At
2269 2065 2369 2104 nos
2444 2052 2559 2106 haec
2601 2065 2704 2105 non
2756 2049 3106 2112 substantias,
3141 2047 3233 2102 sed
3279 2045 3499 2099 nomina

251 2128 498 2192 dicimus,
569 2130 762 2199 quibus
815 2131 1118 2186 nominibus
1164 2132 1478 2186 exsistentia
1529 2135 1951 2207 uniuscujusque
2007 2154 2196 2195 earum
2262 2138 2619 2208 signiﬁcatur.
2695 2138 2867 2194 Unam
2936 2149 3116 2192 autem
3164 2139 3499 2192 diversorum

252 2223 528 2276 nominum
576 2225 928 2278 substantiam
975 2239 1097 2279 esse
1142 2227 1392 2294 prohibet
1467 2227 1648 2290 nihil,
1725 2231 2179 2298 quemadmodum
2230 2234 2432 2301 etiam,
2472 2233 2590 2288 vice
2639 2246 2833 2300 versa,
2871 2231 3004 2286 nihil
3056 2239 3200 2287 vetat
3253 2231 3499 2285 diversa.-

251 2329 370 2369 rutn
428 2314 852 2371 subst'antiarum
907 2334 1070 2371 unum
1127 2334 1320 2372 nomen
1379 2334 1499 2374 esse
1554 2321 1606 2374 in
1667 2325 1953 2382 creaturis.

320 2435 373 2487 3.
412 2434 473 2485 Ei
499 2434 781 2502 ὁμοούσιος
801 2473 814 2497 ,
848 2435 1028 2500 φασιν,
1058 2435 1084 2486 6
1113 2434 1239 2496 Υἱὸς
1266 2435 1342 2504 τῷ
1367 2438 1540 2507 Πατρὶ
1589 2440 1616 2490 6
1645 2438 1833 2509 Πατὴρ

251 2525 312 2578 δὲ
341 2525 630 2594 ἀγέννητος
653 2565 665 2587 ,
700 2526 726 2575 6
754 2525 808 2578 δὲ
841 2526 964 2589 Υἱος
989 2527 1268 2595 γεννητὸς·
1302 2531 1332 2596 ἡ
1374 2527 1509 2598 αὐτὴ
1544 2529 1650 2598 ἄρα
1676 2530 1832 2584 οὐσία.

253 2618 546 2688 ἀγέννητος
595 2621 687 2672 καὶ
717 2621 973 2691 γεννητή.
1017 2619 1154 2671 Ἀλλ’
1185 2620 1244 2671 οὐ
1302 2620 1465 2690 μέρος
1515 2621 1692 2689 φαμὲν
1741 2622 1830 2674 τὸν

254 2710 384 2765 Υίὸν
412 2711 505 2764 τοῦ
537 2713 746 2785 Πατρὸς
767 2753 780 2776 ,
810 2713 884 2776 ὡς
927 2712 1308 2783 διαιρουμένην
1334 2712 1429 2784 τὴν
1458 2712 1641 2765 οὐσίαν
1667 2713 1828 2780 ἀγέν-

252 2820 414 2872 νητον
468 2807 558 2857 καὶ
595 2805 849 2873 γεννητὸν
895 2800 1030 2857 εἶναι
1055 2845 1068 2866 ,
1109 2805 1220 2856 ἀλλ’
1252 2805 1370 2856 ὅλον
1417 2804 1537 2857 ὅλου
1571 2805 1827 2874 γεννητὸν

252 2893 319 2958 ἐξ
353 2898 669 2965 ἀγεννήτου,
700 2896 879 2946 τέλεια
919 2896 1044 2956 δύο,
1089 2898 1176 2947 καὶ
1225 2897 1283 2946 οὐ
1334 2897 1425 2948 δύο
1457 2898 1593 2966 μέρη
1626 2898 1683 2961 ἐξ
1710 2899 1826 2962 ἑνός

253 3002 421 3047 τινος.
449 2987 509 3036 Εἰ
531 2987 587 3038 ὲν
614 2985 689 3054 τῷ
705 2985 927 3054 ὀνόματι
951 2984 1044 3036 τοῦ
1064 2985 1270 3055 Πατρὸς
1294 2985 1543 3054 ἐ).ῄλυοεν
1567 2989 1594 3037 ὁ
1617 2988 1825 3058 Σωτὴρ,

257 3080 335 3140 ὡς
368 3079 526 3141 αὐτός
560 3095 740 3148 φησιν,
783 3077 930 3147 Ἐγὼ
954 3077 1221 3142 ἐλήλυθα
1256 3079 1324 3131 ἐν
1351 3076 1429 3142 τῷ
1459 3079 1699 3147 ὀνόματι
1723 3079 1829 3131 τοῦ

259 3171 489 3236 Πατρός
533 3186 685 3237 μουο
746 3169 922 3221 πάντα
977 3169 1076 3221 ὅσα
1125 3171 1152 3221 6
1207 3169 1395 3240 Πατὴρ
1445 3169 1660 3237 λέγεται
1694 3168 1828 3240 (79),

2003 2442 2055 2496 5.
2100 2442 2155 2496 Si
2192 2440 2691 2508 consubstantialis,
2724 2441 2994 2508 inquiunt,
3019 2439 3189 2494 Filius
3212 2437 3360 2492 Patri
3393 2445 3500 2502 est,

1934 2532 2097 2589 Pater
2126 2546 2304 2588 autem
2341 2534 2631 2602 ingenitus,
2659 2532 2826 2586 Filius
2851 2547 2978 2585 vero
3021 2533 3230 2599 genitus
3268 2553 3279 2586 :
3314 2529 3501 2584 eadem

1933 2626 2097 2693 igitur
2128 2627 2436 2678 substantia
2478 2624 2713 2694 ingenita
2757 2633 2811 2679 et
2853 2623 3053 2692 genita.
3101 2622 3205 2676 Sed
3237 2639 3340 2675 non
3368 2622 3503 2676 dici-

1932 2730 2054 2768 mus
2082 2713 2276 2768 Filium
2309 2713 2490 2769 Patris
2511 2723 2724 2784 partem
2755 2729 2894 2778 esse,
2926 2712 3004 2766 sic
3039 2722 3095 2765 ut
3125 2711 3421 2781 ingenitum
3449 2719 3506 2764 et

1932 2806 2174 2876 genitum
2207 2807 2320 2860 sint
2354 2806 2656 2860 substantia
2687 2807 2855 2860 divisa
2886 2823 2906 2861 ι
2932 2805 3025 2860 sed
3063 2813 3230 2859 totum
3258 2802 3503 2871 genitum

1931 2913 1996 2953 ex
2044 2907 2155 2953 toto
2200 2897 2462 2967 ingenito,
2495 2898 2730 2965 perlecta
2762 2897 2889 2962 duo,
2913 2911 3016 2950 non
3057 2903 3240 2960 partes
3268 2893 3405 2946 duas
3436 2905 3504 2945 ex

1933 2989 2113 3058 aliquo
2157 3004 2287 3043 uno.
2311 2988 2365 3041 Si
2397 2987 2656 3042 Servator
2695 2987 2746 3040 in
2787 2986 3006 3038 nomine
3036 2983 3213 3036 Patris
3241 2982 3407 3044 venit,
3446 2988 3506 3033 ut

1934 3081 2047 3147 ipse
2098 3081 2212 3132 ait:
2249 3079 2360 3146 Ego
2395 3081 2510 3132 veni
2550 3081 2608 3130 in
2639 3078 2846 3130 nomine
2881 3074 3057 3129 Patris
3087 3074 3292 3138 mei";
3347 3072 3506 3141 quid-

1934 3169 2060 3239 quid
2089 3168 2249 3223 Pater
2285 3169 2507 3236 dicitur,
2547 3170 2599 3224 id
2642 3168 2837 3223 Filium
2878 3182 3094 3238 quoque
3129 3165 3239 3222 dici
3277 3178 3504 3221 necesse

259 3262 474 3331 ὰνάγκη
491 3261 682 3314 καὶτὸν
699 3262 822 3314 Υἱὸν
844 3261 966 3328 λέγε
975 3259 1452 3332 σθαι.Λεχοήσεται
1471 3258 1561 3314 οὖν
1578 3262 1667 3315 καὶ
1684 3262 1835 3330 ἁγέν-
1860 3265 1866 3304 1

1860 3254 1902 3311 C
1935 3269 2038 3314 est.
2072 3260 2303 3316 Proinde
2331 3261 2542 3316 dicetur
2582 3261 2747 3315 etiam
2788 3260 3080 3328 ingenitus,
3112 3258 3158 3312 si
3187 3266 3241 3311 et
3267 3257 3369 3312 hoc
3399 3270 3506 3310 no-

260 3369 438 3422 νητος,
465 3356 512 3405 εἰ
543 3353 808 3406 καὶτοῦτο
837 3354 1004 3424 ὄνομα
1030 3353 1122 3406 τοῦ
1147 3353 1374 3424 Πατρός.
1401 3353 1462 3405 Εἰ
1490 3355 1544 3406 δὲ
1563 3356 1676 3422 (80)
1697 3353 1831 3425 τιμὴ

259 3441 358 3495 τοῦ
391 3443 602 3513 Πατρός
630 3445 744 3496 ἐστι
773 3445 829 3495 τὺ
855 3445 1184 3513 ἀγέννητος
1208 3445 1393 3515 ὄνομα,
1428 3445 1627 3514 ὁμοίως
1652 3446 1704 3496 δὲ
1740 3447 1832 3497 καὶ

259 3533 355 3586 τὸν
384 3534 506 3587 Υἱὸν
535 3536 697 3604 τιμᾷν
722 3535 820 3595 δεῖ,
852 3535 991 3587 κατὰ
1017 3536 1114 3605 τὴν
1147 3536 1307 3589 αὐτοῦ
1331 3537 1511 3606 φωνὴν
1528 3538 1625 3609 τὴν
1650 3536 1834 3604 λέγου-

265 3642 402 3679 σαν*
440 3626 562 3678 Ἵνα
590 3626 812 3690 πάντες
844 3625 1051 3692 τιμῶσι
1082 3627 1189 3678 τὸν
1212 3629 1365 3691 Υἱὸν,
1399 3630 1591 3696 καθὼς
1624 3628 1834 3699 τιμῶσι

263 3716 372 3769 τὸν
388 3716 642 3783 Πατέρα·
679 3716 889 3786 ἀνάγκη
926 3717 1015 3768 καὶ
1048 3716 1137 3768 τὸν
1164 3715 1289 3768 Υίὸν
1320 3718 1606 3787 ἀγέννητον
1634 3718 1830 3786 λέγειν,

265 3807 356 3858 ἵνα
393 3807 490 3876 μία
518 3806 650 3878 τιμὴ
700 3805 912 3876 Πατρὸς
942 3806 1034 3858 καὶ
1069 3804 1196 3857 Υίοῦ
1235 3806 1491 3877 σώζηται.
1543 3808 1605 3858 El
1646 3807 1835 3878 ἐφανέ-

271 3913 444 3970 ρωσεν
474 3901 502 3951 6
541 3898 665 3960 Υἱὸς
697 3897 759 3950 τὸ
801 3899 970 3968 ὄνομα
1002 3896 1096 3950 τοῦ
1126 3899 1338 3970 Πατρὸς
1369 3901 1479 3961 τοῖς
1510 3898 1832 3970 ἀνθρώποις,

266 3989 345 4051 ὡς
396 3989 557 4052 αὐτός
588 4007 770 4060 φησιν,
817 3991 869 4042 Ἐ
873 3989 1189 4058 φανέρωσά
1225 4006 1339 4044 σου
1375 3989 1440 4042 τὸ
1489 3990 1672 4058 ὄνομα
1715 3991 1837 4054 τοῖς

266 4079 636 4148 ἀνθρώποις,
667 4082 852 4152 κύριον
881 4084 936 4136 δὲ
985 4083 1083 4151 τῆς
1129 4083 1312 4145 οὐσίας
1362 4082 1525 4135 αὐτοῦ
1581 4083 1747 4153 ὄνομα
1779 4084 1838 4136 τὸ

267 4172 614 4241 ἁγέννητοςο
643 4173 1000 4226 δεικνύτωσαν
1033 4174 1134 4225 ποῦ
1166 4174 1453 4244 ἀγέννητον
1477 4173 1633 4227 αὐτὸν
1663 4176 1690 4226 6
1726 4173 1837 4225 Σω-

269 4264 375 4335 τὴρ
400 4264 637 4336 εἴρηκεν.
688 4265 750 4317 Εἰ
786 4265 983 4335 μείζων
1019 4265 1232 4318 πάντων
1261 4267 1406 4318 ἐστὶν
1449 4267 1477 4318 6
1506 4265 1656 4328 Θεὸς,
1687 4266 1841 4318 πότε-

275 4357 423 4429 ρονῆ
451 4357 606 4429 οὐσίᾳ
654 4356 766 4427 (81)
798 4357 1000 4428 μείζων
1029 4359 1195 4422 ἐστὶν,
1239 4358 1270 4428 ἦ
1323 4358 1399 4428 τῷ
1429 4359 1643 4411 πάντων
1681 4358 1841 4410 αὐτὸν

270 4447 440 4499 αἴτιον
474 4442 631 4510 εἶναι,
661 4447 821 4500 αὐτὸν
850 4446 904 4499 δὲ
951 4447 1174 4519 μηδενὸς
1217 4447 1606 4516 γεγεννῆσθαι;
1648 4449 1710 4504 Εἰ
1747 4449 1841 4519 μὲν

271 4539 382 4608 γὰρ
471 4539 647 4602 οὐσία,
679 4541 771 4592 καὶ
802 4542 948 4593 πᾶσα
973 4542 1004 4609 ἡ
1033 4542 1186 4593 οὐσία
1213 4540 1409 4611 μείζων
1433 4540 1647 4594 πάντων
1674 4542 1838 4594 ἐστίν·

273 4631 322 4682 εἰ
355 4630 411 4682 δὲ
509 4631 797 4702 ἁγέννητος
819 4671 833 4693 ,
863 4634 922 4684 οὐ
951 4633 1141 4686 ταύτὸν
1171 4633 1276 4704 ἄρα
1305 4632 1458 4684 οὐσία
1491 4633 1582 4685 καὶ
1609 4633 1840 4702 ἀγέννη-
1869 4612 1917 4669 D

271 4738 364 4783 τος
388 4722 518 4791 (8'2).
547 4723 609 4774 El
639 4723 701 4774 τὸ
731 4723 1059 4790 ἀγέννητον
1097 4723 1212 4776 ἐστι
1248 4742 1318 4786 τι,
1353 4725 1446 4780 καὶ
1470 4724 1529 4776 τὸ
1557 4723 1840 4786 ἀθάνατον,

270 4813 369 4868 καὶ
399 4813 458 4866 τὸ
484 4813 854 4880 ἀτελεύτητον,
900 4816 994 4866 καὶ
1043 4817 1104 4867 τὸ
1146 4816 1353 4876 ἄνοσον,
1396 4816 1488 4868 καὶ
1536 4815 1841 4885 τὸάγήρων

275 4906 388 4975 (85)
418 4905 567 4958 ἔσται
598 4922 670 4960 τι.
718 4907 924 4959 Οὐκοῦν
955 4905 1031 4977 τῷ
1057 4907 1156 4977 μὲν
1181 4907 1473 4977 ἀγέννητος
1501 4902 1639 4959 εἶναι
1676 4907 1842 4976 ὑπερ-

346 5067 389 5096 ⁷¹
420 5063 574 5119 Joan.
606 5080 660 5132 ν,
696 5064 782 5118 45.
858 5067 904 5097 ⁷³
932 5065 1060 5121 ibid.
1094 5066 1182 5121 23.
1257 5067 1304 5098 ⁷³
1331 5066 1485 5122 Joan.
1520 5081 1651 5130 xvu,
1684 5065 1737 5120 6'.

351 5177 462 5250 (78)
491 5176 833 5254 Codex_u_nu_s_
853 5188 906 5254 et
935 5181 1086 5254 editi,
1110 5183 1200 5236 καὶ
1223 5184 1252 5235 ὁ
1270 5181 1525 5254 Χριστός.
1548 5180 1650 5254 A_Iii
1679 5182 1838 5251 quin-

277 5264 385 5316 que
413 5263 564 5321 mss_.,
601 5250 691 5303 καὶ
711 5250 740 5299 6
767 5249 916 5312 Υἱός.
948 5249 1244 5320 Utramque
1267 5249 1547 5307 lectionem
1567 5249 1842 5321 Rngsex-

277 5330 366 5372 tus
396 5318 634 5389 prgeiert.
664 5321 885 5373 alteram
922 5321 976 5374 in
1024 5318 1298 5389 contextu,
1348 5323 1569 5374 alteram
1603 5318 1839 5374 in'mar-

278 5390 423 5454 gine.
459 5386 578 5440 Mox
614 5403 794 5441 vocem
833 5390 990 5443 οὐσία
1040 5386 1298 5446 edendam
1331 5391 1639 5447 curavimus
1663 5406 1786 5446 cum
1821 5407 1837 5441 t

279 5457 605 5530 subscripta,
643 5460 786 5526 quod
818 5460 1008 5530 melius
1035 5461 1414 5530 judicavimus.

356 5526 473 5608 (78)Δ
499 5527 588 5581 Sic
615 5544 744 5608 mss.
771 5529 959 5608 nostri:
993 5526 1188 5608 peerat
1213 5530 1480 5608 articulus
1510 5533 1562 5587 in
1592 5533 1844 5608 vulgatis.

281 5594 392 5649 Nec
438 5597 512 5650 ita
557 5598 722 5652 multo
755 5608 876 5669 post
916 5598 1066 5655 Colb.
1117 5612 1170 5656 et
1213 5601 1343 5671 Reg.
1381 5605 1600 5671 quintus
1628 5594 1721 5658 οὖν
1756 5603 1848 5657 καὶ

279 5664 343 5719 τὸ
370 5665 675 5735 ἀγέννητος.

755 5752 858 5792 non
895 5740 1047 5807 pauci
1076 5742 1123 5792 εἰ
1155 5741 1228 5794 δέ.
1266 5741 1464 5798 Vocula
1491 5742 1547 5796 δέ
1592 5743 1660 5796 ab
1686 5743 1846 5796 editis

356 5875 465 5942 (81)
500 5875 638 5930 Editi
662 5888 712 5932 et
751 5894 879 5934 mss.
907 5879 1056 5934 multi
1090 5881 1309 5949 πότερον
1338 5883 1430 5937 καὶ
1457 5883 1630 5939 οὐσία.
1665 5893 1840 5937 utrum

1938 3369 2057 3407 men
2092 3351 2269 3408 Patris
2302 3363 2403 3408 est.
2438 3353 2590 3420 Quod
2618 3352 2663 3407 si
2693 3367 2885 3406 nomen
2916 3351 3175 3420 ingenitus
3215 3350 3389 3404 honor
3421 3355 3508 3402 est

1934 3445 2140 3510 Patris,
2164 3444 2416 3500 similiter
2445 3457 2625 3498 autem
2673 3445 2716 3498 si
2759 3443 2954 3498 Filium
2986 3456 3197 3512 quoque
3237 3443 3508 3496 honorare

1935 3546 2167 3607 oportet,
2220 3537 2517 3592 secundum
2580 3536 2746 3607 ipsius
2803 3549 3011 3599 vocem,
3058 3549 3177 3604 qua:
3225 3532 3352 3588 dicit
3392 3551 3404 3587 :
3438 3529 3507 3585 ῑί

1938 3644 2112 3681 omnes
2157 3629 2412 3680 honorent
2457 3625 2680 3690 Filium,
2712 3626 2846 3679 sicut
2894 3624 3151 3677 honorant
3178 3620 3388 3676 Patrem
3419 3623 3506 3686 7’;

1940 3734 2160 3774 necesse
2204 3728 2287 3774 est
2334 3727 2388 3771 et
2421 3717 2621 3771 Filium
2671 3716 2968 3786 ingenitum
3025 3715 3226 3780 dicere,
3260 3723 3317 3768 ut
3368 3730 3508 3768 unus

1937 3811 2115 3867 Patris
2169 3819 2222 3865 et
2272 3809 2394 3864 Filii
2450 3810 2627 3864 honor
2682 3819 2951 3862 servetur.
2988 3805 3044 3860 Si
3093 3804 3260 3860 Filius
3309 3819 3509 3858 nomen

1940 3904 2115 3960 Patris
2160 3903 2470 3958 hominibus
2516 3900 2906 3962 manifestavit,
2943 3909 3001 3954 ut
3039 3898 3154 3968 ipse
3185 3898 3356 3952 dicit:
3393 3895 3512 3950 Ma-

1939 3996 2178 4065 nifestavi
2210 4012 2394 4049 nomen
2426 4005 2570 4047 tuum
2615 3993 2913 4045 hominibus
2941 3991 3010 4055 ⁷⁸,
3038 3989 3297 4059 ingenitus
3328 3998 3512 4042 autem

1940 4105 2135 4142 nomen
2174 4098 2260 4142 est
2303 4087 2620 4142 substantia:
2662 4085 2830 4156 ipsius
2881 4084 3192 4154 proprium;
3225 4083 3514 4137 ostendant

1941 4179 2029 4232 ubi
2064 4178 2315 4233 Salvator
2345 4177 2518 4246 ipsum
2555 4175 2852 4245 ingenitum
2902 4173 3224 4229 nominavit.
3273 4171 3330 4228 Si
3371 4171 3514 4228 Deus

1942 4270 2193 4323 omnibus
2221 4267 2390 4336 major
2413 4275 2520 4334 est,
2548 4266 2797 4338 majorne
2813 4277 2896 4322 est
2923 4265 3252 4329 substantia,
3284 4279 3350 4317 an
3381 4278 3518 4331 quo.

1943 4360 2085 4414 niam
2120 4360 2232 4429 ipse
2265 4375 2424 4415 causa
2464 4368 2541 4414 est
2585 4358 2848 4423 omnium,
2881 4373 2980 4411 nec
3009 4371 3040 4410 a
3066 4370 3335 4425 quoquam
3365 4354 3516 4423 geni-

1946 4463 2027 4507 tus
2060 4454 2185 4508 est?
2221 4451 2276 4508 Si
2319 4453 2462 4508 enim
2504 4462 2775 4522 quatenus
2813 4449 3142 4512 substantia,
3179 4448 3341 4502 etiam
3390 4445 3517 4500 θυι»

1942 4545 2138 4598 stantia
2176 4545 2353 4598 omnis
2392 4543 2643 4596 omnibus
2691 4539 2860 4608 major
2895 4551 2978 4595 est
3005 4557 3021 4596 :
3047 4539 3130 4594 sin
3172 4547 3350 4592 autem
3379 4553 3515 4607 qua-

1947 4645 2099 4690 tenus
2125 4635 2432 4705 ingenitus;
2471 4633 2634 4704 igitur
2663 4631 2972 4688 substantia
2997 4639 3051 4686 et
3079 4629 3346 4702 ingenitus
3373 4629 3515 4685 idern

1947 4741 2053 4781 non
2081 4735 2225 4782 sunt.
2261 4725 2318 4781 Si
2356 4728 2642 4798 ingenitum
2678 4737 2762 4781 est
2797 4724 2998 4795 aliquid
3020 4765 3035 4789 ,
3084 4726 3246 4779 etiam
3293 4723 3519 4778 immor-

1949 4820 2086 4883 tale,
2148 4819 2255 4875 iine
2308 4836 2539 4885 carens,
2588 4822 2900 4875 morborum
2946 4833 3172 4882 exsors,
3219 4817 3518 4873 senectutis

1948 4910 2214 4977 nescium,
2248 4910 2450 4982 aliquid
2493 4920 2671 4967 erunt.
2717 4910 2951 4967 Proinde
2998 4910 3256 4983 quoniam
3301 4909 3514 4980 ingeni-

1948 5179 2249 5234 substantia
2270 5195 2473 5249 quoque
2503 5178 2681 5249 major
2699 5188 2800 5249 est.
2831 5176 2910 5231 sic
2945 5184 3003 5249 ut
3027 5191 3136 5249 vox‘
3155 5175 3310 5229 οὐσία
3358 5175 3512 5249 εἰιχηι

1947 5245 2296 5304 nominativo.
2329 5245 2506 5303 Codex
2538 5245 2688 5303 Golb.
2717 5247 2997 5318 πότερονμῆ
3019 5245 3175 5318 οὐσίᾳ
3197 5260 3318 5300 eum
3346 5263 3362 5297 ι
3385 5247 3517 5318 sub-

1948 5320 2436 5458 igrittltlo,ﬁrectius.
2471 5319 2546 5372 Ita
2577 5319 2720 5373 enim
2752 5315 2910 5383 illud,
2932 5315 2966 5387 ἦ
2988 5315 3169 5382 οὐσία,
3213 5315 3515 5386 responde-

1989 5407 2000 5443 ι
2064 5407 2078 5442 ι
2126 5407 2159 5450 t,
2255 5406 2354 5452 τῳ.

1989 5406 2027 5443 ll
2064 5406 2159 5450 IIII,
2185 5406 2218 5450 η
2255 5406 2354 5450 τῳ.

2396 5457 2574 5529 Coll),
2615 5459 2771 5512 οὐσία
2817 5461 2910 5514 καὶ
2965 5457 3276 5528 ἀγέννητον.
3315 5454 3515 5510 Ibidem

1947 5528 2074 5582 editi
2109 5538 2163 5582 et
2197 5544 2326 5583 mss.
2362 5528 2600 5583 nonnulli
2633 5530 2769 5582 εἰτὸ
2792 5530 3108 5599 ἀγέννητος.
3131 5529 3230 5582 Alii
3252 5537 3360 5581 tres
3383 5540 3514 5579 mss.

1943 5599 2257 5670 ἀγέννητον,
2283 5599 2494 5670 melius.
2535 5600 2610 5652 Ita
2648 5601 2792 5654 enim
2826 5600 2978 5660 illud,
3012 5599 3304 5668 ἀγέννητον
3322 5610 3516 5670 Leon-

1943 5663 2190 5741 cordahit
2220 5683 2342 5741 cum
2383 5668 2450 5722 iis
2488 5684 2606 5735 qua:
2661 5681 2966 5741 sequuntur
3017 5663 3261 5734 vocibus,
3311 5663 3515 5719 ἀθάνα-

1942 5755 2052 5802 τον,
2082 5738 2298 5792 ἀτελεύτ
2311 5755 2455 5808 ητον,
2491 5749 2595 5793 etc.

1953 5878 1965 5890 ἢ
2012 5808 2124 5895 (85)
2159 5809 2299 5865 Editi
2329 5801 2415 5861 ’τὸ
2444 5801 2695 5878 άγηρον.
2744 5810 2966 5865 Veteres
3018 5811 3256 5880 quinque
3287 5806 3410 5862 libri
3455 5801 3519 5859 τδ

1941 5895 2044 5952 am
2053 5897 2182 5951 ρων.
