4208 6508
720 412 823 465 687

2014 410 2072 462 S.
2116 408 2359 463 BASILII
2404 407 2614 458 ΜᾹΟᾸΙ

3861 390 3967 447 688

717 526 805 573 tus
836 527 943 582 est,
972 520 1249 586 superabit
1275 533 1506 574 omnes:
1542 528 1596 573 at
1639 519 1693 572 in
1729 521 1948 591 reliquis
1990 520 2130 575 idem
2174 523 2277 576 erit
2308 526 2351 581 Α

2388 518 2486 582 ἕξει
2511 520 2743 577 πάντων,
2766 519 2875 578 τοῖς
2908 516 2963 567 δὲ
2993 514 3171 576 ἄλλοις
3190 515 3378 568 ταύτὸν
3413 508 3563 563 ἔσται
3596 508 3855 575 ἀγγέλοις
3879 508 3967 562 καὶ

718 623 842 662 cum
895 609 1103 676 angelis
1164 609 1555 679 spiritibusque
1608 619 1662 664 ct
1710 612 2010 667 animabus.
2062 612 2194 667 Nam
2231 624 2285 669 et

722 698 837 751 hac
864 697 1187 754 immortalia
1214 709 1361 765 sunt,
1384 710 1437 754 et
1470 698 1590 753 finis
1616 704 1876 768 expertia.
1922 700 2073 765 Quod
2104 703 2148 755 si
2180 719 2283 759 non

723 802 818 856 per
848 801 934 854 ea,
965 803 1084 857 qua
1124 805 1228 845 non
1262 800 1363 854 est,
1394 791 1485 843 sed
1534 804 1628 859 per
1669 805 1733 846 ea
1778 810 1893 865 qua:
1942 802 2043 855 est,
2077 794 2287 848 excedit

722 882 920 949 (neque
944 881 1088 937 enim
1124 882 1283 937 homo
1313 884 1411 934 hoc
1440 885 1783 950 praestantior
1816 896 1898 939 cst
1942 886 2117 948 bruto,
2143 884 2283 952 quod

720 971 915 1022 anima:
958 980 1051 1024 aut
1085 986 1274 1025 sensus
1308 985 1502 1039 expers
1538 988 1641 1024 non
1678 974 1779 1039 sit;
1811 988 1930 1026 cum
1975 972 2086 1024 lucc
2123 972 2282 1024 etiam

720 1054 791 1104 sit
826 1053 1171 1119 irrationale;
1197 1053 1291 1108 sed
1320 1056 1442 1118 hoc,
1465 1056 1603 1123 quod
1634 1055 1911 1111 rationalis
1938 1057 2042 1124 est)
2071 1072 2084 1107 :
2120 1056 2196 1108 sic
2232 1065 2287 1109 ει

720 1139 861 1198 Deus
906 1159 1011 1197 non
1058 1144 1199 1213 quod
1253 1146 1527 1215 ingenitus
1576 1145 1666 1212 sit,
1708 1148 1798 1202 sed
1848 1147 1991 1214 quod
2043 1145 2284 1200 omnium

718 1251 884 1289 causa
918 1238 1011 1297 sit.
1050 1237 1220 1305 major
1253 1239 1377 1292 erit.
1415 1239 1470 1292 Si
1506 1238 1777 1307 ingenitus
1807 1254 1834 1291 a
1869 1238 2049 1305 genito
2081 1254 2148 1292 ex
2188 1237 2285 1291 ad-

718 1342 879 1382 verso
908 1328 1279 1395 distinguitur,
1316 1331 1583 1399 ingenitus
1615 1342 1799 1385 autem
1825 1329 2126 1385 substantia
2152 1329 2283 1384 sim-

718 1420 841 1488 plex
870 1431 984 1486 est;
1016 1423 1178 1477 etiam
1227 1440 1291 1479 eo
1340 1423 1482 1492 quod
1527 1423 1895 1488 immutabilis,
1921 1432 1971 1476 et
2003 1422 2285 1475 immorta-

719 1511 786 1567 lis
814 1524 868 1566 et
902 1511 1087 1583 figura:
1111 1529 1295 1569 exsors
1318 1522 1425 1578 est,
1460 1524 1513 1567 et
1541 1516 1609 1567 ob
1643 1513 1866 1582 reliqua,
1893 1528 1960 1567 ex
1999 1513 2228 1568 adverso
2255 1529 2285 1568 a

719 1603 904 1673 genito
935 1594 1317 1671 distinguetur.
1360 1605 1414 1659 Si
1455 1605 1596 1658 enim
1630 1603 1810 1673 aliquo
1847 1604 2061 1672 quidem
2094 1603 2285 1659 distin-

719 1698 921 1770 guitur,
952 1699 1117 1769 286
1162 1697 1384 1768 reliquis
1425 1712 1552 1755 vero
1593 1711 1967 1767 nequaquam;
2011 1698 2284 1767 composi-

720 1800 842 1854 tus,
878 1803 983 1842 non
1034 1789 1261 1858 simplex
1318 1800 1422 1844 est.
1474 1789 1530 1843 Si
1588 1789 1633 1842 is
1680 1788 1770 1856 qui
1816 1788 2068 1856 cognovit
2120 1788 2283 1843 Deum

720 1893 841 1936 esse
887 1880 1225 1949 ingenitum.
1277 1881 1405 1950 quid
1461 1883 1673 1935 tandem
1726 1880 1799 1934 sit
1852 1880 1991 1935 Deus
2032 1889 2285 1937 accurate
2316 1865 2355 1919 Β

715 1972 993 2045 cognovit,
1024 1987 1236 2041 rursus,
1283 1975 1327 2028 si
1385 1972 1519 2027 nihil
1568 1970 1741 2039 majus
1789 1981 1875 2026 est
1912 1988 2072 2045 quam
2120 1972 2285 2024 Deum

718 2063 1015 2133 secundum
1046 2073 1294 2119 naturam
1348 2065 1517 2134 ipsius
1564 2079 1916 2134 cognoscere,
1954 2066 2061 2119 imo
2087 2065 2132 2119 si
2173 2064 2288 2120 hac

718 2165 803 2210 est
847 2156 959 2210 vita
1009 2165 1210 2211 aeterna
1247 2179 1257 2211 :
1290 2157 1379 2223 qui
1434 2172 1533 2211 nos
1586 2156 1772 2211 docuit
1825 2158 2119 2225 ingenitum
2167 2170 2288 2210 esse

717 2248 911 2311 Deum,
950 2248 999 2302 is
1034 2248 1205 2317 major
1235 2248 1542 2303 invenietur
1584 2249 1651 2303 iis
1693 2264 1812 2316 qua:
1850 2250 1990 2302 Deus
2020 2246 2290 2315 diligenti-

716 2338 819 2393 bus
848 2341 1019 2407 ipsum
1048 2341 1397 2409 praaparavit.
1419 2340 1552 2393 Nam
1583 2341 1697 2395 fieri
1727 2355 1826 2393 non
1850 2348 2026 2405 potest
2046 2348 2104 2391 ut
2127 2339 2289 2392 homo

718 2429 1011 2498 quidquam
1059 2439 1350 2499 cognoscat
1389 2445 1597 2491 eorum,
1630 2445 1747 2497 qua:
1778 2444 1876 2483 nec
1914 2431 2099 2484 oculus
2130 2430 2286 2496 vidit,

717 2534 822 2575 nec
856 2520 1006 2575 auris
1041 2520 1270 2584 audivit,
1299 2535 1418 2590 qua:
1470 2535 1568 2574 nec
1604 2521 1655 2573 in
1695 2534 1783 2574 cor
1825 2519 2062 2575 hominis
2102 2536 2289 2576 ascen-

720 2612 915 2666 derunt
939 2611 1010 2666 ".
1044 2612 1204 2682 Atqui
1236 2624 1551 2683 peccatores
1590 2614 1752 2668 etiam
1799 2628 1993 2669 nomen
2024 2615 2290 2685 ingenitus

720 2704 998 2757 audivere.
1055 2705 1208 2769 Quod
1263 2705 1427 2770 igitur
1480 2706 1655 2772 majus
1700 2715 1800 2768 est,
1837 2707 1887 2760 id
1940 2716 2032 2759 aut
2088 2721 2183 2775 per
2233 2721 2291 2760 se

720 2794 897 2864 ipsum
926 2806 1017 2849 aut
1049 2810 1145 2865 per
1170 2795 1334 2849 alium
1369 2797 1507 2849 Deus
1537 2806 1855 2863 peccatores
1887 2798 2066 2850 docuit
2102 2812 2117 2851 :
2148 2799 2291 2864 quod

720 2900 853 2940 vero
884 2887 1062 2942 minus
1087 2896 1192 2954 est,
1219 2886 1461 2957 nihilque
1486 2887 1551 2940 ad
1583 2888 1746 2940 vitam
1769 2896 2026 2941 teternam
2058 2888 2287 2948 confert.

722 2978 776 3039 id
810 2978 976 3046 juStis
1011 2978 1268 3034 servavit.
1303 2979 1369 3033 Et
1400 2980 1673 3049 quomodo
1704 2978 1807 3034 hoc
1846 2980 2136 3035 absurdum
2186 2995 2288 3034 non

721 3073 841 3141 est?
870 3071 1143 3141 Iugenitus
1174 3086 1349 3141 neque
1381 3072 1641 3136 definitio,
1681 3087 1854 3142 neque
1884 3072 2160 3141 proprium
2199 3072 2288 3127 Dei

719 3169 824 3225 est.
858 3160 982 3215 Hmc
1013 3162 1157 3215 enim
1192 3170 1584 3216 convertuntur
1610 3175 1733 3215 cum
1780 3163 1867 3223 iis,
1901 3176 2127 3229 quorum
2165 3173 2289 3215 sunt

723 3252 965 3307 definitio
992 3261 1085 3306 aut
1118 3253 1416 3323 proprium.
1450 3253 1619 3308 Homo
1654 3254 1797 3307 enim
1836 3264 1919 3308 est
1958 3253 2155 3308 animal
2202 3270 2288 3308 ra-

723 3339 947 3405 tionale,
991 3341 1241 3405 mortale,
1282 3342 1648 3414 intelligentiae
1686 3358 1750 3398 ac
1795 3344 2036 3399 scientia:
2080 3359 2285 3414 capax;

716 3438 776 3483 et
808 3429 853 3484 si
885 3429 1013 3499 quid
1060 3430 1259 3487 animal
1308 3432 1594 3497 rationale,
1632 3434 1878 3499 mortale,
1920 3435 2290 3506 intelligentia‘.

720 3536 784 3575 ac
826 3523 1066 3578 Scienliw
1110 3539 1301 3593 capax,
1344 3528 1445 3582 hoc
1483 3527 1645 3582 homo
1692 3540 1802 3594 est;
1858 3530 2129 3597 proprium
2163 3544 2291 3583 vero

720 3615 954 3673 hominis
998 3626 1086 3672 est
1132 3618 1362 3682 risibile;
1400 3631 1453 3674 et
1496 3622 1539 3674 si
1577 3621 1703 3691 quid
1742 3619 1945 3676 risibile
1993 3630 2097 3688 est,
2134 3622 2293 3676 homo

722 3716 824 3761 est.
857 3706 1154 3777 Ingenitum
1198 3718 1376 3763 autem
1416 3711 1460 3764 si
1498 3716 1622 3780 quis
1666 3712 1925 3765 concedet
1953 3711 2058 3766 dici
2084 3711 2150 3766 de
2178 3711 2294 3765 solo

2386 610 2655 679 πνεύμασι
2692 609 2783 661 καὶ
2808 608 3025 677 ψυχαῖς.
3070 606 3179 659 Καὶ
3227 608 3333 677 γὰρ
3370 602 3539 659 ταῦτα
3586 600 3834 652 ἀθάνατα
3877 601 3968 654 καί

2385 701 2730 772 ἀτελεύτητα.
2761 702 2822 754 Ei
2850 700 2905 752 δὲ
2937 699 3009 769 μὴ
3044 699 3135 766 ἀφ’
3169 689 3241 747 ὧν
3270 698 3378 767 (84)
3405 698 3506 749 οὐκ
3533 692 3701 751 ἔστιν,
3729 690 3844 742 ἀλλ’
3876 692 3966 759 ἀςΐ

2384 788 2458 844 ὢν
2496 794 2641 844 ἐστιν
2676 791 2925 861 ὑπερέχει
2968 789 3112 854 (οὐδὲ
3158 786 3265 856 γὰρ
3306 787 3589 858 ἄνθρωπος
3623 781 3819 848 ἀλόγου
3852 779 3970 846 βελ-

2385 886 2514 938 τίων
2538 885 2614 954 τῷ
2646 886 2718 955 μὴ
2749 881 2887 938 εἶναι
2916 882 3117 951 ἄψυχος
3152 880 3244 934 καὶ
3271 877 3590 949 ἀναίσθητος
3611 897 3624 909 ·
3654 875 3828 930 ταῦτα
3860 873 3968 941 γὰρ

2388 976 2480 1027 καὶ
2506 975 2564 1027 τὸ
2596 976 2806 1042 ἄλογον,
2842 972 2973 1025 ἀλλά
2996 972 3070 1041 τῷ
3098 971 3207 1042 (85)
3232 963 3369 1020 εἶναι
3395 966 3632 1038 λογικός)
3661 984 3673 997 ·
3706 966 3851 1021 οὓτω
3878 964 3969 1013 καὶ

2387 1068 2414 1119 ὁ
2443 1065 2595 1129 Θεὸς,
2623 1067 2683 1118 οὐ
2717 1064 2793 1135 τῷ
2826 1064 3149 1133 ἀγέννητος,
3182 1058 3315 1116 ἀλλά
3343 1059 3418 1127 τῷ
3449 1060 3666 1111 πάντων
3696 1059 3871 1119 αἴτιος
3897 1048 3971 1105 εἷ-

2389 1176 2494 1222 ναι,
2522 1156 2671 1211 ἔσται
2707 1156 2923 1228 μείζων.
2965 1156 3026 1206 El
3065 1149 3549 1208 ἀντιδιαστέλλεται
3591 1151 3620 1201 6
3671 1150 3969 1217 ἀγέννητος

2387 1247 2465 1318 τῷ
2490 1248 2730 1318 γεννητῷ
2755 1246 2864 1317 (86)
2888 1262 2900 1274 ·
2934 1246 2961 1297 6
2986 1244 3041 1297 δὲ
3067 1246 3355 1316 ἀγέννητος
3382 1240 3537 1292 οὐσία
3565 1239 3709 1306 ἀπλῆ
3731 1255 3746 1269 ν
3776 1240 3873 1292 καὶ
3895 1237 3969 1307 τῷ

2390 1340 2501 1411 (87)
2549 1338 2813 1409 ἄτρεπτος
2858 1337 2952 1390 καὶ
2986 1335 3250 1400 ἀθάνατος
3290 1333 3383 1387 καὶ
3411 1330 3841 1401 ἀσχημάτιστος,
3876 1329 3969 1381 καὶ

2391 1433 2553 1485 πᾶσιν
2583 1428 3113 1498 ἀντιδιασταλήσεται
3158 1429 3294 1499 πρὸς
3324 1426 3412 1477 τὸν
3454 1422 3731 1492 γεννητόν.
3768 1421 3831 1471 El
3860 1421 3970 1490 γάρ

2387 1524 2495 1578 τινὶ
2527 1523 2624 1592 μὲν
2654 1520 3165 1583 ἀντιδιαστέλλεται,
3199 1524 3310 1583 τοῖς
3342 1518 3399 1572 δὲ
3427 1516 3631 1578 λοιποῖς
3656 1512 3739 1576 οὖ,
3776 1510 3966 1563 σύνθε-

2388 1630 2479 1676 τος
2506 1614 2598 1665 καὶ
2623 1614 2720 1682 οὐχ
2754 1608 2977 1672 ἁπλοῦς.
3009 1609 3071 1661 Εἰ
3106 1610 3134 1661 6
3168 1610 3347 1676 γνοὺς,
3380 1608 3459 1660 ὅτι
3500 1602 3793 1674 ἀγέννητός
3823 1602 3969 1652 ἐστιν

2389 1705 2418 1757 6
2441 1704 2593 1765 Θεὸς,
2625 1704 2653 1755 ὅ
2686 1721 2739 1755 τι
2782 1700 2910 1754 ποτέ
2954 1701 3100 1751 ἐστιν
3133 1701 3160 1751 6
3190 1700 3321 1763 Θεὸς
3363 1694 3603 1766 ἀκριϐῶς
3648 1695 3811 1763 ἔγνω,
3850 1692 3965 1763 μεῖ-

2392 1793 2481 1858 ζον
2503 1794 2557 1847 δὲ
2588 1796 2738 1848 οὐδέν
2762 1796 2875 1846 ἐστι
2910 1790 3003 1843 τοῦ
3032 1790 3123 1843 τὸν
3147 1790 3276 1844 Θεὸν
3311 1790 3448 1844 κατά
3478 1786 3573 1855 τὴν
3608 1786 3777 1838 αὐτοῦ
3811 1782 3969 1854 φύσιν

2385 1886 2606 1955 γνῶναι,
2647 1888 2759 1941 ἀλλ’
2792 1886 2932 1953 αὕτη
2965 1884 3112 1936 ἐστὶν
3158 1884 3190 1951 ἠ
3239 1883 3456 1945 αἰώνιος
3499 1876 3631 1947 ζωὴ.
3680 1880 3709 1930 6
3755 1876 3970 1941 διδάξας

2385 1981 2533 2049 ἡμᾶς
2563 1981 2693 2050 (88),
2731 1982 2813 2033 ὅτι
2841 1976 3129 2045 ἁγέννητός
3163 1977 3307 2028 ἐστιν
3335 1978 3361 2028 6
3387 1973 3538 2036 Θεὸς,
3582 1970 3786 2039 μείζων
3815 1970 3970 2039 εὑρε-

2388 2072 2611 2141 οήσεται
2651 2066 2725 2125 ὦν
2772 2072 2800 2121 6
2832 2070 2963 2131 Θεὸς
3009 2068 3272 2137 ἡτοίμασε
3319 2071 3427 2129 τοῖς
3470 2062 3757 2131 ἀγαπῶσιν
3792 2060 3967 2113 αὐτόν.

2399 2161 2650 2213 Ἐκείνων
2682 2160 2789 2228 γὰρ
2823 2156 2975 2209 οὐδὲν
3008 2156 3229 2209 δυνατὸν
3260 2157 3540 2226 ἄνθρωπον
3565 2152 3695 2204 ὄντα
3727 2150 3934 2217 γνῶναι
3956 2166 3969 2177 ⁸

2384 2244 2458 2304 ὧν
2494 2252 2615 2304 οὔτε
2653 2249 2928 2319 ὀφθαλμός
2970 2264 3052 2311 τις
3085 2244 3243 2311 εἶδεν,
3276 2248 3397 2301 οὔτε
3436 2242 3529 2308 οὖς
3558 2244 3820 2313 ἤκουσεν,
3849 2242 3971 2295 οὔτε

2387 2344 2479 2397 ἐπὶ
2510 2344 2733 2414 καρδίαν
2775 2340 3061 2413 ἀνθρώπου
3107 2341 3293 2411 ἀνέϐη.
3334 2338 3493 2393 Ἀλλά
3529 2336 3634 2409 μὴν
3666 2336 3764 2389 καὶ
3798 2337 3973 2404 ἀμαρ-

2386 2435 2544 2487 τωλοὶ
2572 2434 2630 2487 τὸ
2662 2432 2993 2500 ἀγέννητος
3013 2431 3183 2501 ὄνομα
3212 2431 3473 2501 ἤκουσαν.
3493 2429 3567 2481 T6
3603 2428 3790 2498 μεῖζον
3816 2422 3908 2478 οὖν
3940 2424 3970 2491 ἦ

2388 2529 2452 2582 δι’
2485 2524 2674 2580 ἑαυτοῦ
2706 2526 2737 2595 ἦ
2783 2525 2849 2578 δι’
2879 2526 3068 2595 ἐτέρου
3095 2526 3121 2577 6
3145 2524 3277 2587 Θεὸς
3307 2524 3432 2586 τοὺς
3455 2522 3816 2593 ἁμαρτωλοὺς
3839 2518 3974 2572 616i-

2390 2621 2505 2686 ξας,
2536 2619 2594 2673 τὸ
2638 2612 2797 2688 ἧττον
2830 2618 2923 2669 καὶ
2957 2616 3121 2685 μηδὲν
3158 2617 3237 2678 εἰς
3267 2614 3409 2684 ζωὴν
3440 2613 3655 2665 αἰώνιον
3689 2610 3973 2663 συντελοῦν

2388 2716 2499 2775 τοῖς
2525 2710 2751 2769 δικαίοις
2783 2705 3032 2775 ἐφύλαξε.
3061 2706 3169 2758 Καὶ
3188 2704 3302 2767 πῶς
3325 2705 3425 2757 οὐκ
3448 2704 3645 2757 ἄτοπον
3669 2719 3685 2766 ς
3712 2702 3779 2753 Τὸ
3800 2700 3972 2769 ἀγέν-

2390 2823 2572 2871 γητος
2589 2803 2711 2856 οὕτε
2737 2804 2858 2874 ὅρος
2888 2801 3004 2853 ἐστὶ
3025 2798 3182 2861 Θεοῦ,
3208 2797 3332 2851 οὔτε
3360 2797 3511 2849 ἴδιον.
3540 2794 3728 2850 Ταῦτα
3751 2794 3861 2864 γάρ
3885 2794 3976 2845 ἀν-

2388 2896 2665 2964 τιστρέφει
2698 2895 2924 2955 ἐκείνοις
2954 2885 3027 2945 ὧν
3047 2893 3172 2964 ὅρος
3212 2891 3244 2962 ἣ
3278 2890 3407 2944 ἴδιον
3430 2890 3811 2960 τυγχάνουσιν.
3846 2890 3971 2939 Ἀνι

2391 2985 2604 3058 θρωπος
2633 2986 2738 3056 γὰρ
2765 2984 2901 3047 ζῶον
2927 2983 3163 3050 λογικὸν,
3195 2983 3409 3053 Θνητδν,
3435 2981 3527 3035 νοῦ
3554 2981 3649 3033 καὶ
3669 2981 3972 3048 ἐπιστήμης

2388 3077 2664 3130 δεκτικόν·
2722 3075 2815 3129 καὶ
2850 3077 2902 3127 εἴ
2942 3092 2995 3127 τι
3025 3073 3162 3139 ζῶον
3205 3074 3443 3143 λογικὸν,
3496 3071 3710 3141 θνητὸν,
3746 3069 3840 3124 νοῦ
3882 3068 3971 3122 καὶ

2392 3169 2697 3237 ἐπιστήμης
2731 3166 3002 3227 δεκτικὸν,
3047 3164 3332 3234 ἄνθρωπος
3370 3160 3526 3214 τοῦτο
3556 3160 3666 3228 (89)
3690 3175 3704 3188 ’
3752 3159 3883 3212 [διον
3919 3157 3972 3210 δὲ

2392 3255 2679 3327 ἀνθρώπου
2722 3256 2782 3309 τὸ
2824 3254 3143 3321 γελαστικὸν
3163 3291 3177 3313 ,
3209 3251 3300 3303 καὶ
3334 3250 3387 3302 εἴ
3408 3267 3461 3301 τι
3495 3248 3850 3317 γελαστικὸν,
3883 3248 3972 3300 ἀν·-

2392 3346 2628 3419 Θρωπος.
2661 3347 2732 3400 T6
2768 3347 2824 3399 δὲ
2848 3346 3171 3413 ἀγέννητος
3200 3342 3252 3395 εῐ
3269 3359 3353 3405 τις
3384 3342 3729 3413 συγχωρήσει
3760 3340 3851 3392 ἐπὶ
3886 3338 3976 3407 μό-

2396 3457 2486 3493 νου
2521 3439 2653 3492 Θεοῦ
2686 3436 2957 3504 λέγεσθαι,
2991 3434 3087 3503 οὐχ
3143 3433 3261 3504 ἅμα
3306 3434 3399 3489 καὶ
3444 3435 3496 3487 εἴ
3530 3452 3581 3487 τι
3622 3433 3777 3497 Θεὸς,
3823 3432 3975 3484 τοῦτο

2399 3532 2705 3599 ἀγέννητον.
2762 3527 2820 3582 '0
2866 3522 2957 3580 οὖν
3006 3527 3153 3589 Υἱὸς,
3206 3528 3335 3591 Θεὸς
3384 3526 3481 3589 ὣν,
3534 3526 3633 3577 οὐκ
3686 3523 3974 3593 ἀγέννητὸς

2399 3624 2564 3674 ἔστιν.
2596 3618 2731 3671 Οὔτε
2762 3618 2891 3687 γοῦν
2923 3618 3046 3689 ὅρος
3082 3617 3191 3689 (90)
3218 3618 3338 3671 οὔτε
3372 3617 3498 3669 ἴδιον
3526 3616 3583 3667 τὸ
3613 3613 3971 3682 ἀγέννητος·

2399 3712 2456 3763 οὑ
2489 3710 2597 3781 γὰρ
2623 3709 2965 3780 ἀντιστρέφει
2997 3708 3130 3778 (9i).

724 3799 859 3863 Deo,
883 3816 985 3855 non
1013 3800 1268 3855 continuo
1310 3801 1353 3854 si
1383 3801 1511 3871 quid
1556 3804 1717 3857 etiam
1746 3804 1885 3857 Deus
1905 3814 2006 3868 est,
2040 3804 2139 3857 hoc
2162 3804 2334 3872 ipsum
2370 3812 2451 3857 est
2498 3805 2812 3875 ingenitum.
2855 3803 3040 3870 itaque
3077 3802 3265 3863 Filius,
3305 3814 3613 3869 quanquam
3687 3798 3838 3851 Deus
3877 3799 3974 3852 est,

723 3907 904 3951 tamen
951 3898 1220 3971 ingenitus
1267 3914 1374 3953 non
1422 3911 1522 3955 est.
1573 3899 1848 3970 Ingenilus
1902 3899 2067 3968 igitur
2114 3914 2291 3969 neque
2324 3900 2585 3966 definitio,
2654 3914 2827 3969 neque
2887 3897 3163 3966 proprium
3190 3904 3271 3950 est
3300 3895 3657 3964 Deizquippe
3697 3908 3810 3947 non
3847 3902 3975 3942 con-

720 3993 969 4048 vertitur.

1052 4083 1208 4147 Quod
1240 4081 1416 4135 Filius
1455 4089 1699 4134 creatura
1741 4097 1844 4135 non
1883 4089 1980 4134 est.

794 4175 848 4230 l.
891 4173 947 4229 Si
988 4173 1159 4227 Filius
1195 4182 1448 4229 creatura
1474 4172 1570 4225 Dei
1593 4180 1697 4232 est.
1719 4172 1897 4226 omnis
1927 4180 2106 4228 autem
2137 4186 2294 4227 crea-

722 4277 845 4321 tura
875 4265 1139 4321 creatoris
1183 4279 1370 4329 serva;
1407 4262 1655 4318 Christus
1690 4262 1783 4316 Dei
1828 4278 2020 4317 servus
2061 4272 2163 4327 est,
2192 4279 2297 4317 non

722 4358 915 4415 Filius.
946 4357 1057 4412 Non
1086 4356 1249 4428 igitur
1273 4353 1501 4425 sumpsit
1540 4352 1770 4407 formam
1800 4353 1968 4415 servi,
1995 4369 2117 4407 cum
2153 4364 2298 4407 esset

722 4449 1021 4510 Dominus.
1080 4447 1173 4501 sed
1224 4454 1342 4501 erat
1396 4458 1603 4500 servus.
1649 4442 1895 4499 Potestas
1948 4444 2133 4495 eadem
2190 4459 2293 4495 nou

722 4540 1025 4597 communis
1074 4548 1157 4595 est
1206 4538 1431 4592 factum
1502 4552 1623 4591 cum
1683 4537 1886 4592 factore
1926 4554 1938 4590 :
1982 4535 2116 4589 nihil
2165 4549 2294 4605 ergo

721 4648 1008 4688 commune
1034 4640 1115 4686 est
1137 4629 1285 4685 Patri
1316 4645 1436 4685 cum
1470 4628 1629 4694 Filio,
1660 4644 1725 4683 ne
1757 4628 1965 4683 creatio
1985 4628 2223 4697 quidem,
2246 4626 2289 4681 si

2821 4079 2950 4132 "Ott
2979 4079 3049 4131 οὐ
3074 4076 3291 4143 κτίσμα
3324 4074 3356 4126 ό
3392 4073 3542 4138 Υἱός.

2471 4173 2524 4224 1.
2561 4171 2623 4223 Ei
2669 4170 2873 4241 κτίσμα
2908 4168 3041 4223 Θεοῦ
3072 4172 3099 4222 6
3128 4167 3275 4231 Υἱὸς,
3306 4166 3410 4217 πᾶν
3441 4163 3496 4215 δὲ
3538 4163 3748 4233 κτίσμα
3798 4162 3975 4216 δοῦλον

2401 4263 2491 4316 τοῦ
2526 4263 2740 4317 κτίστου
2762 4281 2775 4293 ο
2807 4262 2989 4326 δοῦλος
3017 4261 3127 4328 (92)
3158 4262 3185 4313 6
3212 4258 3463 4329 Χριστὸς,
3497 4256 3589 4308 καὶ
3611 4256 3709 4325 οὐχ
3733 4255 3863 4319 Υἱὸς
3888 4255 3974 4308 τοῦ

2400 4353 2557 4406 Θεοῦ.
2615 4356 2728 4407 Οὐκ
2770 4354 2960 4407 ἔλαϐεν
3005 4348 3097 4406 οὖν
3135 4350 3346 4420 μορφὴν
3381 4347 3598 4407 δούλου,
3633 4346 3843 4417 Κύριος
3884 4345 3971 4404 ὢν,

2400 4444 2514 4496 ἀλλ’
2541 4441 2607 4514 ἦν
2654 4445 2851 4505 δοῦλος.
2890 4444 2961 4494 Τὸ
2994 4444 3198 4511 ποίημα
3231 4440 3306 4509 τῷ
3338 4441 3530 4508 ποιητῇ
3562 4438 3661 4507 τῆς
3696 4438 3868 4507 αὐτῆς
3896 4437 3975 4488 δυ-

2400 4536 2614 4605 νάμεως
2656 4538 2714 4587 οὐ
2755 4538 3025 4588 κοινωνεῖ·
3080 4533 3229 4584 οὐδὲν
3284 4532 3389 4601 ἄρα
3435 4530 3608 4581 κοινόν
3666 4532 3814 4580 ἐστιν
3850 4529 3972 4581 Υἱοῦ

2400 4628 2491 4679 καὶ
2526 4628 2762 4699 Πατρός’
2788 4628 2908 4681 οὐδὲ
2938 4631 2970 4698 ἡ
2998 4627 3193 4688 κτίσις,
3229 4624 3383 4691 εἴπερ
3414 4621 3622 4689 ποίημα
3652 4621 3745 4671 καὶ
3776 4621 3837 4672 οὐ
3868 4620 3976 4687 γένο

722 4728 929 4782 factura
973 4739 1077 4779 non
1121 4724 1367 4793 genitura
1396 4720 1566 4778 Filius
1601 4731 1704 4776 est.
1749 4719 1807 4777 Si
1843 4719 2009 4774 Filius
2040 4720 2286 4790 genitura
2322 4711 2355 4765 Π

2394 4737 2541 4790 νημα
2581 4722 2607 4773 6
2656 4719 2883 4783 Υἱὸς.Εί
2922 4720 3163 4790 γέννημα
3188 4715 3385 4776 ὁΥἱὸς,
3422 4713 3497 4775 ὡς
3553 4712 3610 4764 ἓν
3650 4710 3761 4764 τῶν
3790 4728 3971 4781 γεννη-

795 4845 842 4881 ’δ
872 4842 1040 4899 lCor.
1073 4858 1133 4909 ll,
1164 4841 1219 4897 9.

797 5000 911 5071 (84)
939 4997 1077 5053 Editi
1135 4999 1198 5052 El
1242 4998 1299 5071 ae
1334 4997 1409 5068 μὴ
1443 4997 1537 5067 ἀφ’
1578 4989 1671 5053 ὧν.
1704 4995 1904 5050 Vocula
1934 4994 2009 5065 μή
2052 4994 2201 5049 deest
2243 4994 2294 5047 in

726 5071 925 5125 nostris
950 5080 1152 5137 septem
1182 5070 1479 5122 codicibus.

819 5140 908 5205 85)
943 5134 1170 5195 Codices
1202 5154 1303 5191 non
1335 5138 1487 5206 pauci
1522 5136 1657 5189 ἀλλά
1679 5136 1777 5207 τῷ.
1820 5136 1956 5207 Editi
1992 5134 2124 5188 ἀλλά

941 5210 1085 5287 Εὐίιί
1120 5208 1227 5260 τῶν
1254 5205 1547 5287 γεννητῶν.
1580 5208 1649 5287 ι
1682 5205 1819 5287 nisa:
1963 5206 2224 5287 γεννητῷ.

798 5276 909 5351 (87)
941 5280 1167 5351 Veteres
1193 5279 1361 5351 nostri
1395 5276 1515 5331 libri
1542 5277 1633 5330 καὶ
1660 5277 1738 5329 τό.
1780 5278 1929 5351 133(ιίιίΔ
1949 5276 2041 5329 καὶ
2070 5276 2174 5351 τῷ,
2210 5290 2297 5330 re-

726 5363 832 5407 cte.
866 5363 1074 5405 mentm
1106 5363 1207 5401 vox
1242 5364 1430 5410 πασιν,
1466 5363 1584 5414 qua:
1619 5363 1740 5400 mox
1782 5363 2047 5417 sequitur,
2091 5363 2299 5399 Vltlelltl'

726 5422 800 5475 ita
833 5421 1071 5489 exigere.
1096 5417 1243 5489 Reg.
1266 5417 1531 5489 secundus
1549 5416 1642 5489 καὶ
1672 5416 1734 5468 τὸ
1756 5416 2023 5485 ἄτρεπτον
2048 5418 2141 5470 καὶ
2165 5416 2299 5489 ἀθά-

912 5350 1074 5405 tenitn
1106 5362 1207 5401 vox
1242 5349 1430 5410 πᾶσιν,
1466 5363 1584 5414 qua:
1619 5363 1740 5417 mox
1782 5347 2047 5417 sequitur,
2091 5347 2301 5417 videtur

2402 4992 2669 5056 δεκτικὸν,
2728 4989 3013 5058 ἄνθρωπος
3066 4986 3241 5039 τοῦτο·
3292 4984 3438 5037 ἴδιον.
3489 4980 3638 5050 Regii
3679 4981 3885 5048 primus
3925 4986 3974 5031 et

2404 5074 2628 5133 qum-ws
2663 5063 2751 5133 uti
2771 5061 3058 5133 edidimus.
3104 5129 3125 5133 μ
3287 5127 3300 5133 Α

2475 5133 2588 5204 (90)
2615 5131 2755 5187 Editi
2778 5128 2912 5184 Οὔτε
2946 5128 3074 5199 γοῦν
3099 5129 3243 5198 ὄρος.
3274 5127 3343 5180 At
3378 5138 3506 5178 mss.
3541 5120 3695 5176 multi
3723 5117 3849 5172 οὕτε
3874 5135 3969 5187 γαρ

2437 5221 2593 5343 p(iiii)
2615 5274 2671 5328 in
2696 5272 2902 5328 nostris
2934 5278 3138 5343 septem
3161 5265 3435 5343 codicibus
3461 5270 3584 5343 post
3622 5262 3849 5343 verbum
3884 5275 3967 5343 av:

2407 5325 3010 5415 m‘ééééei'ééduuhmi
3041 5340 3149 5415 ina.
3178 5338 3225 5415 et
3256 5334 3386 5415 nisi
3409 5325 3744 5415 ῖόῦέξειτρός
3771 5332 3893 5415 ἐστέ
3914 5325 3970 5415 Si

2402 5398 2697 5486 ἀγεννήτος
2727 5398 2917 5486 ὄνομα,
2950 5398 3151 5479 ὁμοίως
3180 5408 3238 5486 δξ
3268 5398 3476 5486 καὶτὸν
3505 5398 3827 5486 Υἱὸγέτιμᾷν

726 5466 898 5545 ἱιῖτᾶξ
907 5466 1008 5545 ἀῗᾶι
1024 5466 1458 5559 agimen.
1476 5466 1697 5541 iniam
1716 5466 1850 5541 his;
1866 5466 1989 5541 1.1.}.
1998 5466 2140 5541 .iuii'i'
2167 5466 2303 5555 ὲέρδς

2399 5466 2461 5541 ἐξ
2720 5466 2923 5550 reliqua
2973 5466 3147 5547 usque
3173 5478 3239 5529 ad
3296 5475 3517 5558 verbum
3550 5466 3845 5559 σιρζηῆαις
3887 5466 3970 5519 sed

723 5562 787 5615 τὸ
812 5560 1085 5631 γεννητόν.

724 5704 898 5775 ἡμᾶς,
923 5710 983 5775 ει
1011 5701 1081 5775 ita
1112 5700 1318 5775 legerat
1342 5702 1629 5775 interpres:

724 5859 785 5899 το
809 5836 1147 5912 ’ἄνθρωπος’
1212 5842 1355 5893 ἴδιον.
1390 5837 1611 5893 Veteres
1643 5838 1858 5905 quidam
1894 5836 2012 5891 libri
2065 5836 2300 5903 brevius,

798 5764 909 5842 (89)
950 5773 1084 5825 Editi
1122 5764 1504 5842 55X?’.3’.b‘l._?-11
1534 5766 1820 5842 ἄνθρωπος
1852 5766 2026 5842 τουτο,
2065 5766 2158 5842 καὶ
2180 5764 2301 5842 τοῦ-

2400 5558 2513 5611 ltaec
2536 5556 2717 5611 omnia
2744 5540 2991 5621 sup'erius
3020 5540 3372 5621 nittn._tertio
3394 5562 3422 5597 a
3452 5543 3709 5621 quolibet.
3728 5540 3827 5610 legi
3855 5552 3970 5621 νοεῖ

995 5624 1091 5685 diti
1118 5628 1332 5694 διδάξας
1362 5628 1527 5697 ὑμᾶς.
1556 5626 1629 5681 At
1663 5640 1793 5679 mss.
1830 5625 2074 5694 plerique
2112 5638 2303 5680 omnes
2398 5637 2542 5685 sunt.
2574 5626 2685 5680 Cur
2714 5613 2891 5677 autem
2931 5636 2963 5675 a
2994 5618 3232 5674 librariis
3262 5617 3345 5671 bis
3371 5617 3574 5685 scripta
3605 5613 3738 5677 sint,
3770 5613 3971 5666 nescire

2401 5714 2485 5752 me
2523 5697 2716 5750 fateor.

2472 5768 2583 5839 (9‘2)
2611 5766 2831 5834 Antiqut
2864 5773 2969 5818 tres
2999 5759 3121 5815 libri
3148 5756 3332 5820 δοῦλος
3356 5755 3480 5827 ἄρα.
