  <div class='ocr_page' id='page_1' title='image "/cluster/home/n/w/nwhite01/storage/ocr_20150623/29/uva.x004321530/764.png"; bbox 0 0 4208 6484; ppageno 0'>
   <div class='ocr_carea' id='block_1_1' title="bbox 227 450 335 510">
    <p class='ocr_par' dir='ltr' id='par_1_1' title="bbox 227 450 335 510">
     <span class='ocr_line' id='line_1_1' title="bbox 227 450 335 510; baseline 0.009 -1"><span class='ocrx_word' id='word_1_1' title='bbox 227 450 335 510; x_wconf 79' lang='grc'>689</span> 
     </span>
    </p>
   </div>
   <div class='ocr_carea' id='block_1_2' title="bbox 1318 449 2399 508">
    <p class='ocr_par' dir='ltr' id='par_1_2' title="bbox 1318 449 2399 508">
     <span class='ocr_line' id='line_1_2' title="bbox 1318 449 2399 508; baseline -0.001 -4"><span class='ocrx_word' id='word_1_2' title='bbox 1318 449 1692 508; x_wconf 79' lang='lat' dir='ltr'><strong>ADVERSUS</strong></span> <span class='ocrx_word' id='word_1_3' title='bbox 1730 449 2096 508; x_wconf 77' lang='lat' dir='ltr'><strong>EUNOMIUM</strong></span> <span class='ocrx_word' id='word_1_4' title='bbox 2139 451 2265 506; x_wconf 88' lang='lat' dir='ltr'><strong>LIB.</strong></span> <span class='ocrx_word' id='word_1_5' title='bbox 2309 449 2399 503; x_wconf 90' lang='lat' dir='ltr'><strong>lV.</strong></span> 
     </span>
    </p>
   </div>
   <div class='ocr_carea' id='block_1_3' title="bbox 3352 449 3456 503">
    <p class='ocr_par' dir='ltr' id='par_1_3' title="bbox 3352 449 3456 503">
     <span class='ocr_line' id='line_1_3' title="bbox 3352 449 3456 503; baseline 0.01 -1"><span class='ocrx_word' id='word_1_6' title='bbox 3352 449 3456 503; x_wconf 81' lang='grc'>690</span> 
     </span>
    </p>
   </div>
   <div class='ocr_carea' id='block_1_4' title="bbox 233 561 1895 640">
    <p class='ocr_par' dir='ltr' id='par_1_4' title="bbox 233 567 1880 640">
     <span class='ocr_line' id='line_1_4' title="bbox 233 567 1880 640; baseline 0.001 -18"><span class='ocrx_word' id='word_1_7' title='bbox 233 569 421 640; x_wconf 81' lang='grc' dir='ltr'>μάτων</span> <span class='ocrx_word' id='word_1_8' title='bbox 442 607 457 631; x_wconf 89' lang='grc'><strong>,</strong></span> <span class='ocrx_word' id='word_1_9' title='bbox 491 568 596 621; x_wconf 80' lang='grc' dir='ltr'><strong>πᾶν</strong></span> <span class='ocrx_word' id='word_1_10' title='bbox 628 569 683 622; x_wconf 87' lang='grc' dir='ltr'>δὲ</span> <span class='ocrx_word' id='word_1_11' title='bbox 719 569 963 638; x_wconf 79' lang='grc' dir='ltr'>γέννημα</span> <span class='ocrx_word' id='word_1_12' title='bbox 997 567 1223 639; x_wconf 80' lang='grc' dir='ltr'><strong>κτίσμα,</strong></span> <span class='ocrx_word' id='word_1_13' title='bbox 1263 568 1322 621; x_wconf 76' lang='grc' dir='ltr'><strong>οὐ</strong></span> <span class='ocrx_word' id='word_1_14' title='bbox 1359 571 1560 638; x_wconf 78' lang='grc' dir='ltr'><strong>κτίσμα</strong></span> <span class='ocrx_word' id='word_1_15' title='bbox 1586 572 1614 623; x_wconf 97' lang='lat'><strong>6</strong></span> <span class='ocrx_word' id='word_1_16' title='bbox 1643 570 1800 632; x_wconf 83' lang='grc' dir='ltr'>Υἱός’</span> <span class='ocrx_word' id='word_1_17' title='bbox 1833 575 1880 628; x_wconf 77' lang='grc' dir='ltr'><strong>Α</strong></span> 
     </span>
    </p>
   </div>
   <div class='ocr_carea' id='block_1_5' title="bbox 1799 561 3461 640">
    <p class='ocr_par' dir='ltr' id='par_1_5' title="bbox 1799 561 3461 638">
     <span class='ocr_line' id='line_1_5' title="bbox 1799 561 3461 638; baseline -0.007 -9"><span class='ocrx_word' id='word_1_18' title='bbox 1799 589 1800 594; x_wconf 76' lang='lat'>‘</span> <span class='ocrx_word' id='word_1_19' title='bbox 1833 575 1880 628; x_wconf 78' lang='grc' dir='ltr'><strong>Α</strong></span> <span class='ocrx_word' id='word_1_20' title='bbox 1906 580 2011 634; x_wconf 89' lang='grc' dir='ltr'>εει,</span> <span class='ocrx_word' id='word_1_21' title='bbox 2045 587 2150 626; x_wconf 92' lang='lat' dir='ltr'><strong>non</strong></span> <span class='ocrx_word' id='word_1_22' title='bbox 2198 581 2451 638; x_wconf 76' lang='lat' dir='ltr'><strong>tanquam</strong></span> <span class='ocrx_word' id='word_1_23' title='bbox 2507 579 2609 620; x_wconf 90' lang='lat' dir='ltr'><strong>una</strong></span> <span class='ocrx_word' id='word_1_24' title='bbox 2653 579 2684 622; x_wconf 89' lang='lat' dir='ltr'><strong>e</strong></span> <span class='ocrx_word' id='word_1_25' title='bbox 2724 563 3014 634; x_wconf 76' lang='lat' dir='ltr'><strong>genituris;</strong></span> <span class='ocrx_word' id='word_1_26' title='bbox 3067 561 3241 614; x_wconf 89' lang='lat' dir='ltr'><strong>omnis</strong></span> <span class='ocrx_word' id='word_1_27' title='bbox 3279 571 3461 617; x_wconf 78' lang='lat' dir='ltr'><strong>autem</strong></span> 
     </span>
    </p>
   </div>
   <div class='ocr_carea' id='block_1_6' title="bbox 229 659 1799 732">
    <p class='ocr_par' dir='ltr' id='par_1_6' title="bbox 229 659 1799 732">
     <span class='ocr_line' id='line_1_6' title="bbox 229 659 1799 732; baseline -0.001 -18"><span class='ocrx_word' id='word_1_28' title='bbox 229 661 349 714; x_wconf 82' lang='grc' dir='ltr'>οὐδὲ</span> <span class='ocrx_word' id='word_1_29' title='bbox 376 659 482 731; x_wconf 82' lang='grc' dir='ltr'><strong>γὰρ</strong></span> <span class='ocrx_word' id='word_1_30' title='bbox 514 663 754 731; x_wconf 82' lang='grc' dir='ltr'><strong>γέννημα</strong></span> <span class='ocrx_word' id='word_1_31' title='bbox 779 660 852 722; x_wconf 82' lang='grc' dir='ltr'><strong>ὡς</strong></span> <span class='ocrx_word' id='word_1_32' title='bbox 883 663 1082 715; x_wconf 76' lang='grc' dir='ltr'>ἐκεῖνα.</span> <span class='ocrx_word' id='word_1_33' title='bbox 1125 664 1185 732; x_wconf 70' lang='grc' dir='ltr'><strong>Εἰ</strong></span> <span class='ocrx_word' id='word_1_34' title='bbox 1218 661 1470 713; x_wconf 78' lang='grc' dir='ltr'>ἐλάττονα</span> <span class='ocrx_word' id='word_1_35' title='bbox 1495 663 1522 713; x_wconf 90' lang='lat'><strong>6</strong></span> <span class='ocrx_word' id='word_1_36' title='bbox 1552 663 1680 726; x_wconf 90' lang='grc' dir='ltr'>Θεὸς</span> <span class='ocrx_word' id='word_1_37' title='bbox 1704 661 1799 730; x_wconf 85' lang='grc' dir='ltr'>δη-</span> 
     </span>
    </p>
   </div>
   <div class='ocr_carea' id='block_1_7' title="bbox 233 747 1799 821">
    <p class='ocr_par' dir='ltr' id='par_1_7' title="bbox 233 747 1799 821">
     <span class='ocr_line' id='line_1_7' title="bbox 233 747 1799 821; baseline 0.004 -22"><span class='ocrx_word' id='word_1_38' title='bbox 233 752 512 819; x_wconf 89' lang='grc' dir='ltr'>μιουργεῖν</span> <span class='ocrx_word' id='word_1_39' title='bbox 545 753 643 803; x_wconf 76' lang='grc' dir='ltr'>οὐκ</span> <span class='ocrx_word' id='word_1_40' title='bbox 673 747 904 817; x_wconf 75' lang='grc' dir='ltr'>ἠδύνατο</span> <span class='ocrx_word' id='word_1_41' title='bbox 929 752 1020 804; x_wconf 81' lang='grc' dir='ltr'><strong>τοῦ</strong></span> <span class='ocrx_word' id='word_1_42' title='bbox 1050 752 1166 814; x_wconf 77' lang='grc' dir='ltr'>ἐνὸς</span> <span class='ocrx_word' id='word_1_43' title='bbox 1192 750 1322 802; x_wconf 79' lang='grc' dir='ltr'>Υἱοῦ</span> <span class='ocrx_word' id='word_1_44' title='bbox 1353 751 1481 821; x_wconf 78' lang='grc'>(95),</span> <span class='ocrx_word' id='word_1_45' title='bbox 1515 751 1600 806; x_wconf 81' lang='grc' dir='ltr'>διὰ</span> <span class='ocrx_word' id='word_1_46' title='bbox 1627 753 1689 806; x_wconf 86' lang='grc' dir='ltr'><strong>τὸ</strong></span> <span class='ocrx_word' id='word_1_47' title='bbox 1725 752 1799 821; x_wconf 85' lang='grc' dir='ltr'>μὴ</span> 
     </span>
    </p>
   </div>
   <div class='ocr_carea' id='block_1_8' title="bbox 229 841 1798 918">
    <p class='ocr_par' dir='ltr' id='par_1_8' title="bbox 229 841 1798 918">
     <span class='ocr_line' id='line_1_8' title="bbox 229 841 1798 918; baseline 0.003 -26"><span class='ocrx_word' id='word_1_48' title='bbox 229 843 526 909; x_wconf 80' lang='grc' dir='ltr'>πεφυκέναι</span> <span class='ocrx_word' id='word_1_49' title='bbox 549 860 560 871; x_wconf 74' lang='grc' dir='ltr'><strong>ο</strong></span> <span class='ocrx_word' id='word_1_50' title='bbox 608 841 726 894; x_wconf 75' lang='grc' dir='ltr'>οὐδὲ</span> <span class='ocrx_word' id='word_1_51' title='bbox 757 844 784 896; x_wconf 94' lang='lat'><strong>6</strong></span> <span class='ocrx_word' id='word_1_52' title='bbox 816 842 942 906; x_wconf 87' lang='grc' dir='ltr'>Υἱὸς</span> <span class='ocrx_word' id='word_1_53' title='bbox 972 845 1077 914; x_wconf 77' lang='grc' dir='ltr'>ἄρα</span> <span class='ocrx_word' id='word_1_54' title='bbox 1111 844 1222 912; x_wconf 68' lang='grc'>(94)</span> <span class='ocrx_word' id='word_1_55' title='bbox 1264 844 1494 915; x_wconf 68' lang='grc' dir='ltr'>διάφορα</span> <span class='ocrx_word' id='word_1_56' title='bbox 1539 845 1798 918; x_wconf 84' lang='grc' dir='ltr'>δημιουρ-</span> 
     </span>
    </p>
   </div>
   <div class='ocr_carea' id='block_1_9' title="bbox 229 934 1802 1007">
    <p class='ocr_par' dir='ltr' id='par_1_9' title="bbox 229 934 1802 1007">
     <span class='ocr_line' id='line_1_9' title="bbox 229 934 1802 1007; baseline 0.003 -20"><span class='ocrx_word' id='word_1_57' title='bbox 229 936 410 1004; x_wconf 80' lang='grc' dir='ltr'>γήσει,</span> <span class='ocrx_word' id='word_1_58' title='bbox 440 934 572 986; x_wconf 86' lang='grc' dir='ltr'><strong>ἀλλά</strong></span> <span class='ocrx_word' id='word_1_59' title='bbox 609 935 666 986; x_wconf 76' lang='grc' dir='ltr'>ἓν</span> <span class='ocrx_word' id='word_1_60' title='bbox 708 953 781 988; x_wconf 91' lang='grc' dir='ltr'><strong>τι.</strong></span> <span class='ocrx_word' id='word_1_61' title='bbox 819 937 880 988; x_wconf 85' lang='grc' dir='ltr'><strong>Εἰ</strong></span> <span class='ocrx_word' id='word_1_62' title='bbox 913 936 978 988; x_wconf 76' lang='grc' dir='ltr'>τὰ</span> <span class='ocrx_word' id='word_1_63' title='bbox 1023 937 1227 989; x_wconf 81' lang='grc' dir='ltr'><strong>ἐλάττω</strong></span> <span class='ocrx_word' id='word_1_64' title='bbox 1263 937 1367 988; x_wconf 81' lang='grc' dir='ltr'><strong>ὑπὸ</strong></span> <span class='ocrx_word' id='word_1_65' title='bbox 1402 937 1678 1002; x_wconf 79' lang='grc' dir='ltr'>ἐλάττονος</span> <span class='ocrx_word' id='word_1_66' title='bbox 1705 938 1802 1007; x_wconf 82' lang='grc' dir='ltr'>δη·</span> 
     </span>
    </p>
   </div>
   <div class='ocr_carea' id='block_1_10' title="bbox 232 1025 1802 1098">
    <p class='ocr_par' dir='ltr' id='par_1_10' title="bbox 232 1025 1802 1098">
     <span class='ocr_line' id='line_1_10' title="bbox 232 1025 1802 1098; baseline 0.003 -20"><span class='ocrx_word' id='word_1_67' title='bbox 232 1027 592 1096; x_wconf 87' lang='grc' dir='ltr'>μιουργεῖται,</span> <span class='ocrx_word' id='word_1_68' title='bbox 643 1028 736 1080; x_wconf 74' lang='grc' dir='ltr'><strong>καὶ</strong></span> <span class='ocrx_word' id='word_1_69' title='bbox 783 1025 849 1078; x_wconf 80' lang='grc' dir='ltr'><strong>τὰ</strong></span> <span class='ocrx_word' id='word_1_70' title='bbox 900 1027 1118 1097; x_wconf 76' lang='grc' dir='ltr'>μείζονα</span> <span class='ocrx_word' id='word_1_71' title='bbox 1169 1027 1226 1080; x_wconf 82' lang='grc' dir='ltr'>δὲ</span> <span class='ocrx_word' id='word_1_72' title='bbox 1261 1027 1362 1080; x_wconf 81' lang='grc' dir='ltr'><strong>ὑπὸ</strong></span> <span class='ocrx_word' id='word_1_73' title='bbox 1399 1030 1667 1098; x_wconf 77' lang='grc' dir='ltr'>μείζονος’</span> <span class='ocrx_word' id='word_1_74' title='bbox 1713 1027 1802 1082; x_wconf 82' lang='grc' dir='ltr'>διὰ</span> 
     </span>
    </p>
   </div>
   <div class='ocr_carea' id='block_1_11' title="bbox 230 1117 1802 1192">
    <p class='ocr_par' dir='ltr' id='par_1_11' title="bbox 230 1117 1802 1192">
     <span class='ocr_line' id='line_1_11' title="bbox 230 1117 1802 1192; baseline 0.003 -22"><span class='ocrx_word' id='word_1_75' title='bbox 230 1117 439 1170; x_wconf 82' lang='grc' dir='ltr'>πολλῶν</span> <span class='ocrx_word' id='word_1_76' title='bbox 467 1117 627 1190; x_wconf 79' lang='grc' dir='ltr'>ἄραή</span> <span class='ocrx_word' id='word_1_77' title='bbox 655 1121 848 1180; x_wconf 81' lang='grc' dir='ltr'><strong>κτίσις,</strong></span> <span class='ocrx_word' id='word_1_78' title='bbox 884 1120 1004 1171; x_wconf 75' lang='grc' dir='ltr'>ἐπεὶ</span> <span class='ocrx_word' id='word_1_79' title='bbox 1034 1119 1093 1172; x_wconf 84' lang='grc' dir='ltr'><strong>ού</strong></span> <span class='ocrx_word' id='word_1_80' title='bbox 1133 1122 1280 1173; x_wconf 81' lang='grc' dir='ltr'>πᾶσα</span> <span class='ocrx_word' id='word_1_81' title='bbox 1313 1121 1420 1189; x_wconf 81' lang='grc' dir='ltr'>ἴση.</span> <span class='ocrx_word' id='word_1_82' title='bbox 1455 1123 1515 1174; x_wconf 84' lang='grc' dir='ltr'><strong>Εἰ</strong></span> <span class='ocrx_word' id='word_1_83' title='bbox 1541 1123 1802 1192; x_wconf 85' lang='grc' dir='ltr'>δημιουρ-</span> 
     </span>
    </p>
   </div>
   <div class='ocr_carea' id='block_1_12' title="bbox 229 1205 1799 1278">
    <p class='ocr_par' dir='ltr' id='par_1_12' title="bbox 229 1205 1799 1278">
     <span class='ocr_line' id='line_1_12' title="bbox 229 1205 1799 1278; baseline 0.004 -20"><span class='ocrx_word' id='word_1_84' title='bbox 229 1205 596 1274; x_wconf 84' lang='grc' dir='ltr'>γικὸςόΘεὸς</span> <span class='ocrx_word' id='word_1_85' title='bbox 641 1208 819 1275; x_wconf 77' lang='grc' dir='ltr'>φύσει,</span> <span class='ocrx_word' id='word_1_86' title='bbox 869 1211 966 1278; x_wconf 76' lang='grc' dir='ltr'>οὐχ</span> <span class='ocrx_word' id='word_1_87' title='bbox 1016 1210 1132 1273; x_wconf 81' lang='grc' dir='ltr'>ἐνὸς</span> <span class='ocrx_word' id='word_1_88' title='bbox 1181 1211 1352 1271; x_wconf 75' lang='grc' dir='ltr'>ἔσται,</span> <span class='ocrx_word' id='word_1_89' title='bbox 1389 1211 1522 1264; x_wconf 80' lang='grc' dir='ltr'>ἀλλὰ</span> <span class='ocrx_word' id='word_1_90' title='bbox 1574 1213 1799 1265; x_wconf 80' lang='grc' dir='ltr'>πολλῶν.</span> 
     </span>
    </p>
   </div>
   <div class='ocr_carea' id='block_1_13' title="bbox 231 1298 1803 1373">
    <p class='ocr_par' dir='ltr' id='par_1_13' title="bbox 231 1298 1803 1373">
     <span class='ocr_line' id='line_1_13' title="bbox 231 1298 1803 1373; baseline 0.004 -25"><span class='ocrx_word' id='word_1_91' title='bbox 231 1298 303 1349; x_wconf 77' lang='grc' dir='ltr'><strong>’Ὴ</strong></span> <span class='ocrx_word' id='word_1_92' title='bbox 338 1298 445 1370; x_wconf 79' lang='grc' dir='ltr'>γὰρ</span> <span class='ocrx_word' id='word_1_93' title='bbox 477 1299 726 1368; x_wconf 76' lang='grc' dir='ltr'>ἀσθενείᾳ</span> <span class='ocrx_word' id='word_1_94' title='bbox 766 1300 893 1352; x_wconf 79' lang='grc' dir='ltr'>ἄλλο</span> <span class='ocrx_word' id='word_1_95' title='bbox 938 1301 998 1352; x_wconf 76' lang='grc' dir='ltr'><strong>οὐ</strong></span> <span class='ocrx_word' id='word_1_96' title='bbox 1044 1301 1380 1372; x_wconf 85' lang='grc' dir='ltr'>δημιουργεῖ,</span> <span class='ocrx_word' id='word_1_97' title='bbox 1429 1301 1460 1371; x_wconf 84' lang='grc' dir='ltr'>ἢ</span> <span class='ocrx_word' id='word_1_98' title='bbox 1507 1301 1682 1373; x_wconf 77' lang='grc' dir='ltr'>φθόνῳ</span> <span class='ocrx_word' id='word_1_99' title='bbox 1711 1302 1803 1355; x_wconf 75' lang='grc' dir='ltr'>καὶ</span> 
     </span>
    </p>
   </div>
   <div class='ocr_carea' id='block_1_14' title="bbox 232 1387 1800 1463">
    <p class='ocr_par' dir='ltr' id='par_1_14' title="bbox 232 1387 1800 1463">
     <span class='ocr_line' id='line_1_14' title="bbox 232 1387 1800 1463; baseline 0.003 -23"><span class='ocrx_word' id='word_1_100' title='bbox 232 1387 518 1462; x_wconf 78' lang='grc' dir='ltr'>βασκανίᾳ.</span> <span class='ocrx_word' id='word_1_101' title='bbox 551 1391 612 1441; x_wconf 87' lang='grc' dir='ltr'><strong>Εἰ</strong></span> <span class='ocrx_word' id='word_1_102' title='bbox 636 1388 722 1440; x_wconf 71' lang='grc' dir='ltr'><strong>διὰ</strong></span> <span class='ocrx_word' id='word_1_103' title='bbox 752 1388 879 1442; x_wconf 77' lang='grc' dir='ltr'><strong>Υἰοῦ</strong></span> <span class='ocrx_word' id='word_1_104' title='bbox 904 1390 1110 1462; x_wconf 86' lang='grc' dir='ltr'>Πατρὸς</span> <span class='ocrx_word' id='word_1_105' title='bbox 1130 1394 1354 1463; x_wconf 87' lang='grc' dir='ltr'>δύναμις</span> <span class='ocrx_word' id='word_1_106' title='bbox 1386 1391 1800 1462; x_wconf 81' lang='grc' dir='ltr'>ἐδημιούργησε,</span> 
     </span>
    </p>
   </div>
   <div class='ocr_carea' id='block_1_15' title="bbox 231 1482 1804 1556">
    <p class='ocr_par' dir='ltr' id='par_1_15' title="bbox 231 1482 1804 1556">
     <span class='ocr_line' id='line_1_15' title="bbox 231 1482 1804 1556; baseline 0.002 -23"><span class='ocrx_word' id='word_1_107' title='bbox 231 1482 420 1553; x_wconf 81' lang='grc' dir='ltr'>Πατὴρ</span> <span class='ocrx_word' id='word_1_108' title='bbox 453 1484 544 1535; x_wconf 84' lang='grc' dir='ltr'>καὶ</span> <span class='ocrx_word' id='word_1_109' title='bbox 589 1482 685 1550; x_wconf 74' lang='grc' dir='ltr'>οὐχ</span> <span class='ocrx_word' id='word_1_110' title='bbox 715 1482 839 1545; x_wconf 85' lang='grc' dir='ltr'>Υίὸς</span> <span class='ocrx_word' id='word_1_111' title='bbox 885 1486 914 1538; x_wconf 90' lang='lat'><strong>6</strong></span> <span class='ocrx_word' id='word_1_112' title='bbox 953 1485 1300 1556; x_wconf 80' lang='grc' dir='ltr'>δημιουργὸς,</span> <span class='ocrx_word' id='word_1_113' title='bbox 1352 1483 1538 1554; x_wconf 74' lang='grc' dir='ltr'>ὥσπερ</span> <span class='ocrx_word' id='word_1_114' title='bbox 1581 1484 1697 1536; x_wconf 79' lang='grc' dir='ltr'>οὐδὲ</span> <span class='ocrx_word' id='word_1_115' title='bbox 1742 1484 1804 1536; x_wconf 86' lang='grc' dir='ltr'><strong>τὸ</strong></span> 
     </span>
    </p>
   </div>
   <div class='ocr_carea' id='block_1_16' title="bbox 231 1574 1803 1648">
    <p class='ocr_par' dir='ltr' id='par_1_16' title="bbox 231 1574 1803 1648">
     <span class='ocr_line' id='line_1_16' title="bbox 231 1574 1803 1648; baseline 0.001 -22"><span class='ocrx_word' id='word_1_116' title='bbox 231 1574 512 1643; x_wconf 73' lang='grc' dir='ltr'>ἐργαλεῖον</span> <span class='ocrx_word' id='word_1_117' title='bbox 538 1575 566 1625; x_wconf 89' lang='lat'><strong>6</strong></span> <span class='ocrx_word' id='word_1_118' title='bbox 597 1574 844 1645; x_wconf 80' lang='grc' dir='ltr'>τεχνίτης</span> <span class='ocrx_word' id='word_1_119' title='bbox 895 1578 1006 1628; x_wconf 69' lang='grc' dir='ltr'><strong>Οὐκ</strong></span> <span class='ocrx_word' id='word_1_120' title='bbox 1032 1579 1138 1647; x_wconf 79' lang='grc' dir='ltr'>ἄρα</span> <span class='ocrx_word' id='word_1_121' title='bbox 1175 1574 1266 1629; x_wconf 78' lang='grc' dir='ltr'><strong>οὖν</strong></span> <span class='ocrx_word' id='word_1_122' title='bbox 1291 1576 1662 1648; x_wconf 83' lang='grc' dir='ltr'>ταπεινότερον</span> <span class='ocrx_word' id='word_1_123' title='bbox 1693 1574 1803 1644; x_wconf 80' lang='grc'>(95)</span> 
     </span>
    </p>
   </div>
   <div class='ocr_carea' id='block_1_17' title="bbox 229 1665 1803 1738">
    <p class='ocr_par' dir='ltr' id='par_1_17' title="bbox 229 1665 1803 1738">
     <span class='ocr_line' id='line_1_17' title="bbox 229 1665 1803 1738; baseline 0.003 -22"><span class='ocrx_word' id='word_1_124' title='bbox 229 1666 265 1735; x_wconf 76' lang='grc' dir='ltr'><strong>ἢ</strong></span> <span class='ocrx_word' id='word_1_125' title='bbox 293 1665 431 1717; x_wconf 78' lang='grc' dir='ltr'>κατὰ</span> <span class='ocrx_word' id='word_1_126' title='bbox 461 1665 552 1716; x_wconf 90' lang='grc' dir='ltr'><strong>τὸν</strong></span> <span class='ocrx_word' id='word_1_127' title='bbox 572 1666 786 1738; x_wconf 83' lang='grc' dir='ltr'>Πατέρα</span> <span class='ocrx_word' id='word_1_128' title='bbox 819 1668 879 1720; x_wconf 90' lang='grc' dir='ltr'><strong>τὸ</strong></span> <span class='ocrx_word' id='word_1_129' title='bbox 915 1668 1263 1736; x_wconf 78' lang='grc' dir='ltr'>δημιουργεῖν</span> <span class='ocrx_word' id='word_1_130' title='bbox 1307 1671 1373 1722; x_wconf 82' lang='grc' dir='ltr'><strong>τὰ</strong></span> <span class='ocrx_word' id='word_1_131' title='bbox 1413 1670 1518 1723; x_wconf 81' lang='grc' dir='ltr'><strong>ὑπὸ</strong></span> <span class='ocrx_word' id='word_1_132' title='bbox 1552 1668 1644 1722; x_wconf 83' lang='grc' dir='ltr'>τοῦ</span> <span class='ocrx_word' id='word_1_133' title='bbox 1679 1669 1803 1721; x_wconf 80' lang='grc' dir='ltr'>Υίοῦ</span> 
     </span>
    </p>
   </div>
   <div class='ocr_carea' id='block_1_18' title="bbox 231 1756 1807 1830">
    <p class='ocr_par' dir='ltr' id='par_1_18' title="bbox 231 1756 1807 1830">
     <span class='ocr_line' id='line_1_18' title="bbox 231 1756 1807 1830; baseline 0.004 -25"><span class='ocrx_word' id='word_1_134' title='bbox 231 1756 524 1824; x_wconf 85' lang='grc' dir='ltr'>γενόμενα.</span> <span class='ocrx_word' id='word_1_135' title='bbox 585 1757 647 1810; x_wconf 77' lang='lat' dir='ltr'><strong>El</strong></span> <span class='ocrx_word' id='word_1_136' title='bbox 718 1759 814 1828; x_wconf 83' lang='grc' dir='ltr'><strong>τὴν</strong></span> <span class='ocrx_word' id='word_1_137' title='bbox 880 1757 1240 1826; x_wconf 79' lang='grc' dir='ltr'>δημιουργίαν</span> <span class='ocrx_word' id='word_1_138' title='bbox 1301 1760 1400 1828; x_wconf 82' lang='grc' dir='ltr'>τῆς</span> <span class='ocrx_word' id='word_1_139' title='bbox 1464 1761 1627 1830; x_wconf 69' lang='grc' dir='ltr'>οῠσης</span> <span class='ocrx_word' id='word_1_140' title='bbox 1690 1761 1807 1814; x_wconf 82' lang='grc' dir='ltr'>κτί-</span> 
     </span>
    </p>
   </div>
   <div class='ocr_carea' id='block_1_19' title="bbox 233 1848 1804 1924">
    <p class='ocr_par' dir='ltr' id='par_1_19' title="bbox 233 1848 1804 1924">
     <span class='ocr_line' id='line_1_19' title="bbox 233 1848 1804 1924; baseline 0.006 -26"><span class='ocrx_word' id='word_1_141' title='bbox 233 1863 371 1908; x_wconf 88' lang='grc' dir='ltr'>σεως</span> <span class='ocrx_word' id='word_1_142' title='bbox 403 1849 712 1920; x_wconf 81' lang='grc' dir='ltr'>ἐπῃσχύνθη</span> <span class='ocrx_word' id='word_1_143' title='bbox 756 1848 822 1900; x_wconf 77' lang='grc' dir='ltr'>δι’</span> <span class='ocrx_word' id='word_1_144' title='bbox 861 1849 1049 1902; x_wconf 79' lang='grc' dir='ltr'>ἑαυτοῦ</span> <span class='ocrx_word' id='word_1_145' title='bbox 1092 1851 1311 1922; x_wconf 78' lang='grc' dir='ltr'>ποιῆσαι</span> <span class='ocrx_word' id='word_1_146' title='bbox 1336 1854 1364 1904; x_wconf 98' lang='lat'><strong>6</strong></span> <span class='ocrx_word' id='word_1_147' title='bbox 1387 1851 1538 1915; x_wconf 83' lang='grc' dir='ltr'>Θεὸς,</span> <span class='ocrx_word' id='word_1_148' title='bbox 1574 1853 1666 1906; x_wconf 77' lang='grc' dir='ltr'><strong>καὶ</strong></span> <span class='ocrx_word' id='word_1_149' title='bbox 1707 1853 1804 1924; x_wconf 81' lang='grc' dir='ltr'><strong>τὴν</strong></span> 
     </span>
    </p>
   </div>
   <div class='ocr_carea' id='block_1_20' title="bbox 230 1937 1804 2016">
    <p class='ocr_par' dir='ltr' id='par_1_20' title="bbox 230 1937 1804 2016">
     <span class='ocr_line' id='line_1_20' title="bbox 230 1937 1804 2016; baseline 0.006 -26"><span class='ocrx_word' id='word_1_150' title='bbox 230 1937 538 2007; x_wconf 81' lang='grc' dir='ltr'>δοξολογίαν</span> <span class='ocrx_word' id='word_1_151' title='bbox 578 1940 748 2008; x_wconf 80' lang='grc' dir='ltr'>αὐτῆς</span> <span class='ocrx_word' id='word_1_152' title='bbox 781 1940 840 1992; x_wconf 78' lang='grc' dir='ltr'><strong>οὑ</strong></span> <span class='ocrx_word' id='word_1_153' title='bbox 880 1942 1182 2011; x_wconf 87' lang='grc' dir='ltr'>προσίεται.</span> <span class='ocrx_word' id='word_1_154' title='bbox 1222 1945 1284 1998; x_wconf 73' lang='grc' dir='ltr'><strong>Ἀ</strong></span> <span class='ocrx_word' id='word_1_155' title='bbox 1329 1944 1436 2014; x_wconf 84' lang='grc' dir='ltr'>γὰρ</span> <span class='ocrx_word' id='word_1_156' title='bbox 1465 1947 1684 2016; x_wconf 84' lang='grc' dir='ltr'>ποιῆσαι</span> <span class='ocrx_word' id='word_1_157' title='bbox 1707 1948 1804 2000; x_wconf 83' lang='grc' dir='ltr'><strong>ὲπ-</strong></span> 
     </span>
    </p>
   </div>
   <div class='ocr_carea' id='block_1_21' title="bbox 230 2031 1801 2110">
    <p class='ocr_par' dir='ltr' id='par_1_21' title="bbox 230 2031 1801 2110">
     <span class='ocr_line' id='line_1_21' title="bbox 230 2031 1801 2110; baseline 0.006 -28"><span class='ocrx_word' id='word_1_158' title='bbox 230 2031 516 2102; x_wconf 83' lang='grc' dir='ltr'>ῃσχύνετο,</span> <span class='ocrx_word' id='word_1_159' title='bbox 573 2031 839 2101; x_wconf 89' lang='grc' dir='ltr'>γενόμενα</span> <span class='ocrx_word' id='word_1_160' title='bbox 880 2033 987 2088; x_wconf 84' lang='grc' dir='ltr'>ίδια</span> <span class='ocrx_word' id='word_1_161' title='bbox 1025 2036 1343 2106; x_wconf 82' lang='grc' dir='ltr'>νομισθῆναι</span> <span class='ocrx_word' id='word_1_162' title='bbox 1383 2039 1444 2090; x_wconf 86' lang='grc' dir='ltr'><strong>ού</strong></span> <span class='ocrx_word' id='word_1_163' title='bbox 1475 2037 1708 2110; x_wconf 87' lang='grc' dir='ltr'>θελήσει.</span> <span class='ocrx_word' id='word_1_164' title='bbox 1740 2041 1801 2091; x_wconf 80' lang='grc' dir='ltr'>Εἰ</span> 
     </span>
    </p>
   </div>
   <div class='ocr_carea' id='block_1_22' title="bbox 230 2121 1799 2200">
    <p class='ocr_par' dir='ltr' id='par_1_22' title="bbox 230 2121 1799 2200">
     <span class='ocr_line' id='line_1_22' title="bbox 230 2121 1799 2200; baseline 0.004 -27"><span class='ocrx_word' id='word_1_165' title='bbox 230 2122 425 2174; x_wconf 84' lang='grc' dir='ltr'>ταύτὸν</span> <span class='ocrx_word' id='word_1_166' title='bbox 458 2121 660 2185; x_wconf 73' lang='grc' dir='ltr'>κτίζειν</span> <span class='ocrx_word' id='word_1_167' title='bbox 690 2125 784 2178; x_wconf 81' lang='grc' dir='ltr'><strong>καὶ</strong></span> <span class='ocrx_word' id='word_1_168' title='bbox 821 2127 1012 2194; x_wconf 82' lang='grc' dir='ltr'>γεννᾷν</span> <span class='ocrx_word' id='word_1_169' title='bbox 1041 2127 1130 2178; x_wconf 90' lang='grc' dir='ltr'><strong>τὸν</strong></span> <span class='ocrx_word' id='word_1_170' title='bbox 1163 2127 1312 2190; x_wconf 85' lang='grc' dir='ltr'>Θεὸν,</span> <span class='ocrx_word' id='word_1_171' title='bbox 1348 2129 1532 2200; x_wconf 77' lang='grc' dir='ltr'>ἐπειδὴ</span> <span class='ocrx_word' id='word_1_172' title='bbox 1563 2130 1764 2191; x_wconf 83' lang='grc' dir='ltr'>ἁπλοῦς</span> <span class='ocrx_word' id='word_1_173' title='bbox 1787 2145 1799 2158; x_wconf 88' lang='grc'><strong>·</strong></span> 
     </span>
    </p>
   </div>
   <div class='ocr_carea' id='block_1_23' title="bbox 231 2213 1804 2283">
    <p class='ocr_par' dir='ltr' id='par_1_23' title="bbox 231 2213 1804 2283">
     <span class='ocr_line' id='line_1_23' title="bbox 231 2213 1804 2283; baseline 0.004 -17"><span class='ocrx_word' id='word_1_174' title='bbox 231 2213 426 2268; x_wconf 85' lang='grc' dir='ltr'>ταύτὸν</span> <span class='ocrx_word' id='word_1_175' title='bbox 484 2215 578 2268; x_wconf 78' lang='grc' dir='ltr'>καὶ</span> <span class='ocrx_word' id='word_1_176' title='bbox 628 2216 689 2270; x_wconf 89' lang='grc' dir='ltr'><strong>τὸ</strong></span> <span class='ocrx_word' id='word_1_177' title='bbox 746 2217 939 2281; x_wconf 75' lang='grc' dir='ltr'>σώζειν</span> <span class='ocrx_word' id='word_1_178' title='bbox 997 2218 1156 2270; x_wconf 80' lang='grc' dir='ltr'>αὑτὸν</span> <span class='ocrx_word' id='word_1_179' title='bbox 1213 2220 1304 2270; x_wconf 64' lang='grc' dir='ltr'><strong>καὶ</strong></span> <span class='ocrx_word' id='word_1_180' title='bbox 1359 2221 1664 2283; x_wconf 70' lang='grc' dir='ltr'>ἀποὶλύειν,</span> <span class='ocrx_word' id='word_1_181' title='bbox 1709 2221 1804 2273; x_wconf 76' lang='grc' dir='ltr'><strong>καὶ</strong></span> 
     </span>
    </p>
   </div>
   <div class='ocr_carea' id='block_1_24' title="bbox 230 2302 1804 2374">
    <p class='ocr_par' dir='ltr' id='par_1_24' title="bbox 230 2302 1804 2374">
     <span class='ocr_line' id='line_1_24' title="bbox 230 2302 1804 2374; baseline 0.001 -17"><span class='ocrx_word' id='word_1_182' title='bbox 230 2302 514 2372; x_wconf 79' lang='grc' dir='ltr'>ζωογονεῖν</span> <span class='ocrx_word' id='word_1_183' title='bbox 554 2307 646 2358; x_wconf 72' lang='grc' dir='ltr'><strong>καὶ</strong></span> <span class='ocrx_word' id='word_1_184' title='bbox 671 2306 1030 2358; x_wconf 73' lang='grc' dir='ltr'>ἀποκτείνειν.</span> <span class='ocrx_word' id='word_1_185' title='bbox 1074 2306 1135 2358; x_wconf 77' lang='lat' dir='ltr'><strong>Ei</strong></span> <span class='ocrx_word' id='word_1_186' title='bbox 1166 2306 1220 2358; x_wconf 84' lang='grc' dir='ltr'><strong>δὲ</strong></span> <span class='ocrx_word' id='word_1_187' title='bbox 1247 2305 1402 2358; x_wconf 80' lang='grc' dir='ltr'>τοῦτο</span> <span class='ocrx_word' id='word_1_188' title='bbox 1443 2306 1578 2374; x_wconf 83' lang='grc'>(96),</span> <span class='ocrx_word' id='word_1_189' title='bbox 1610 2305 1804 2358; x_wconf 74' lang='grc' dir='ltr'>ταύτὸν</span> 
     </span>
    </p>
   </div>
   <div class='ocr_carea' id='block_1_25' title="bbox 229 2395 1802 2467">
    <p class='ocr_par' dir='ltr' id='par_1_25' title="bbox 229 2395 1802 2467">
     <span class='ocr_line' id='line_1_25' title="bbox 229 2395 1802 2467; baseline -0.001 -18"><span class='ocrx_word' id='word_1_190' title='bbox 229 2395 340 2466; x_wconf 74' lang='grc' dir='ltr'>ἄρα</span> <span class='ocrx_word' id='word_1_191' title='bbox 381 2396 619 2466; x_wconf 85' lang='grc' dir='ltr'>σωτηρία</span> <span class='ocrx_word' id='word_1_192' title='bbox 651 2397 741 2448; x_wconf 74' lang='grc' dir='ltr'><strong>καὶ</strong></span> <span class='ocrx_word' id='word_1_193' title='bbox 771 2396 1031 2459; x_wconf 75' lang='grc' dir='ltr'>ἀπώλεια,</span> <span class='ocrx_word' id='word_1_194' title='bbox 1064 2399 1155 2450; x_wconf 77' lang='grc' dir='ltr'><strong>καὶ</strong></span> <span class='ocrx_word' id='word_1_195' title='bbox 1182 2396 1292 2467; x_wconf 75' lang='grc' dir='ltr'><strong>ζωὴ</strong></span> <span class='ocrx_word' id='word_1_196' title='bbox 1331 2397 1424 2449; x_wconf 72' lang='grc' dir='ltr'><strong>καὶ</strong></span> <span class='ocrx_word' id='word_1_197' title='bbox 1466 2396 1708 2459; x_wconf 85' lang='grc' dir='ltr'>θάνατος.</span> <span class='ocrx_word' id='word_1_198' title='bbox 1740 2397 1802 2448; x_wconf 80' lang='lat' dir='ltr'><strong>El</strong></span> 
     </span>
    </p>
   </div>
   <div class='ocr_carea' id='block_1_26' title="bbox 230 2485 1802 2558">
    <p class='ocr_par' dir='ltr' id='par_1_26' title="bbox 230 2485 1802 2558">
     <span class='ocr_line' id='line_1_26' title="bbox 230 2485 1802 2558; baseline 0 -20"><span class='ocrx_word' id='word_1_199' title='bbox 230 2485 367 2538; x_wconf 81' lang='grc' dir='ltr'>Θεοῦ</span> <span class='ocrx_word' id='word_1_200' title='bbox 415 2485 644 2555; x_wconf 85' lang='grc' dir='ltr'>Χριστὸς</span> <span class='ocrx_word' id='word_1_201' title='bbox 672 2487 897 2558; x_wconf 86' lang='grc' dir='ltr'>δύναμις</span> <span class='ocrx_word' id='word_1_202' title='bbox 939 2489 1029 2540; x_wconf 75' lang='grc' dir='ltr'><strong>καὶ</strong></span> <span class='ocrx_word' id='word_1_203' title='bbox 1060 2487 1237 2552; x_wconf 64' lang='grc' dir='ltr'>σοφία,</span> <span class='ocrx_word' id='word_1_204' title='bbox 1278 2488 1447 2542; x_wconf 78' lang='grc' dir='ltr'>ταῦτα</span> <span class='ocrx_word' id='word_1_205' title='bbox 1481 2488 1535 2541; x_wconf 83' lang='grc' dir='ltr'>δὲ</span> <span class='ocrx_word' id='word_1_206' title='bbox 1573 2488 1802 2541; x_wconf 79' lang='grc' dir='ltr'>ἄκτιστα</span> 
     </span>
    </p>
   </div>
   <div class='ocr_carea' id='block_1_27' title="bbox 232 2574 1800 2652">
    <p class='ocr_par' dir='ltr' id='par_1_27' title="bbox 232 2574 1800 2652">
     <span class='ocr_line' id='line_1_27' title="bbox 232 2574 1800 2652; baseline 0.003 -25"><span class='ocrx_word' id='word_1_207' title='bbox 232 2576 328 2628; x_wconf 79' lang='grc' dir='ltr'>καὶ</span> <span class='ocrx_word' id='word_1_208' title='bbox 363 2577 603 2652; x_wconf 58' lang='grc' dir='ltr'>συναζδια</span> <span class='ocrx_word' id='word_1_209' title='bbox 636 2577 752 2648; x_wconf 87' lang='grc' dir='ltr'>Θεῷ</span> <span class='ocrx_word' id='word_1_210' title='bbox 783 2579 861 2648; x_wconf 83' lang='grc' dir='ltr'>(ού</span> <span class='ocrx_word' id='word_1_211' title='bbox 911 2578 1018 2648; x_wconf 77' lang='grc' dir='ltr'><strong>γὰρ</strong></span> <span class='ocrx_word' id='word_1_212' title='bbox 1052 2574 1118 2648; x_wconf 82' lang='grc' dir='ltr'>ἦν</span> <span class='ocrx_word' id='word_1_213' title='bbox 1158 2596 1285 2631; x_wconf 84' lang='grc' dir='ltr'>ποτε</span> <span class='ocrx_word' id='word_1_214' title='bbox 1316 2581 1515 2647; x_wconf 77' lang='grc' dir='ltr'>ἄσοφος</span> <span class='ocrx_word' id='word_1_215' title='bbox 1547 2581 1642 2632; x_wconf 69' lang='grc' dir='ltr'><strong>καὶ</strong></span> <span class='ocrx_word' id='word_1_216' title='bbox 1670 2579 1800 2632; x_wconf 79' lang='grc' dir='ltr'>ἀδύ-</span> 
     </span>
    </p>
   </div>
   <div class='ocr_carea' id='block_1_28' title="bbox 231 2666 1798 2741">
    <p class='ocr_par' dir='ltr' id='par_1_28' title="bbox 231 2666 1798 2741">
     <span class='ocr_line' id='line_1_28' title="bbox 231 2666 1798 2741; baseline 0.003 -22"><span class='ocrx_word' id='word_1_217' title='bbox 231 2666 455 2735; x_wconf 85' lang='grc' dir='ltr'>ναμος)·</span> <span class='ocrx_word' id='word_1_218' title='bbox 499 2668 750 2731; x_wconf 81' lang='grc' dir='ltr'>ἇκτιστος</span> <span class='ocrx_word' id='word_1_219' title='bbox 782 2669 874 2721; x_wconf 78' lang='grc' dir='ltr'><strong>καὶ</strong></span> <span class='ocrx_word' id='word_1_220' title='bbox 905 2670 1166 2732; x_wconf 80' lang='grc' dir='ltr'>συναῖδιος</span> <span class='ocrx_word' id='word_1_221' title='bbox 1199 2672 1427 2741; x_wconf 83' lang='grc' dir='ltr'>Χριστὸς</span> <span class='ocrx_word' id='word_1_222' title='bbox 1454 2671 1602 2741; x_wconf 81' lang='grc' dir='ltr'>Θεῷ·</span> <span class='ocrx_word' id='word_1_223' title='bbox 1645 2673 1690 2724; x_wconf 85' lang='grc' dir='ltr'><strong>εί</strong></span> <span class='ocrx_word' id='word_1_224' title='bbox 1721 2671 1798 2737; x_wconf 84' lang='grc' dir='ltr'><strong>δὲ,</strong></span> 
     </span>
    </p>
   </div>
   <div class='ocr_carea' id='block_1_29' title="bbox 231 2757 1802 2831">
    <p class='ocr_par' dir='ltr' id='par_1_29' title="bbox 231 2757 1802 2831">
     <span class='ocr_line' id='line_1_29' title="bbox 231 2757 1802 2831; baseline 0.003 -21"><span class='ocrx_word' id='word_1_225' title='bbox 231 2757 371 2811; x_wconf 83' lang='grc' dir='ltr'>καθὸ</span> <span class='ocrx_word' id='word_1_226' title='bbox 403 2758 668 2830; x_wconf 71' lang='grc' dir='ltr'>ἐνέργεια,</span> <span class='ocrx_word' id='word_1_227' title='bbox 695 2759 942 2830; x_wconf 87' lang='grc' dir='ltr'>δύναμις,</span> <span class='ocrx_word' id='word_1_228' title='bbox 973 2762 1062 2813; x_wconf 80' lang='grc' dir='ltr'><strong>καὶ</strong></span> <span class='ocrx_word' id='word_1_229' title='bbox 1101 2763 1260 2831; x_wconf 73' lang='grc' dir='ltr'>σοφία</span> <span class='ocrx_word' id='word_1_230' title='bbox 1279 2761 1410 2812; x_wconf 87' lang='grc' dir='ltr'><strong>Θεοῦ</strong></span> <span class='ocrx_word' id='word_1_231' title='bbox 1439 2760 1675 2828; x_wconf 84' lang='grc' dir='ltr'>λέγεται,</span> <span class='ocrx_word' id='word_1_232' title='bbox 1708 2762 1802 2814; x_wconf 73' lang='grc' dir='ltr'><strong>καὶ</strong></span> 
     </span>
    </p>
   </div>
   <div class='ocr_carea' id='block_1_30' title="bbox 232 2851 1798 2924">
    <p class='ocr_par' dir='ltr' id='par_1_30' title="bbox 232 2851 1798 2924">
     <span class='ocr_line' id='line_1_30' title="bbox 232 2851 1798 2924; baseline 0.001 -20"><span class='ocrx_word' id='word_1_233' title='bbox 232 2851 395 2920; x_wconf 78' lang='grc' dir='ltr'>ἡμεῖς</span> <span class='ocrx_word' id='word_1_234' title='bbox 424 2852 649 2923; x_wconf 87' lang='grc' dir='ltr'>δύναμις</span> <span class='ocrx_word' id='word_1_235' title='bbox 681 2854 774 2906; x_wconf 73' lang='grc' dir='ltr'>καὶ</span> <span class='ocrx_word' id='word_1_236' title='bbox 818 2853 972 2921; x_wconf 80' lang='grc' dir='ltr'>σοφία</span> <span class='ocrx_word' id='word_1_237' title='bbox 1006 2855 1210 2924; x_wconf 78' lang='grc' dir='ltr'>Κυρίου</span> <span class='ocrx_word' id='word_1_238' title='bbox 1249 2853 1540 2922; x_wconf 84' lang='grc' dir='ltr'>λεγοίμεθα</span> <span class='ocrx_word' id='word_1_239' title='bbox 1568 2853 1633 2906; x_wconf 83' lang='grc' dir='ltr'><strong>ἂν</strong></span> <span class='ocrx_word' id='word_1_240' title='bbox 1667 2853 1798 2923; x_wconf 87' lang='grc'>(97),</span> 
     </span>
    </p>
   </div>
   <div class='ocr_carea' id='block_1_31' title="bbox 230 2942 1801 3016">
    <p class='ocr_par' dir='ltr' id='par_1_31' title="bbox 230 2942 1801 3016">
     <span class='ocr_line' id='line_1_31' title="bbox 230 2942 1801 3016; baseline 0.003 -22"><span class='ocrx_word' id='word_1_241' title='bbox 230 2942 309 3004; x_wconf 82' lang='grc' dir='ltr'>ὡς</span> <span class='ocrx_word' id='word_1_242' title='bbox 337 2945 499 3006; x_wconf 83' lang='grc' dir='ltr'>αὐτὸς</span> <span class='ocrx_word' id='word_1_243' title='bbox 528 2945 680 2997; x_wconf 81' lang='grc' dir='ltr'>Θεοῦ.</span> <span class='ocrx_word' id='word_1_244' title='bbox 736 2947 871 2997; x_wconf 83' lang='grc' dir='ltr'>Ἀλλ’</span> <span class='ocrx_word' id='word_1_245' title='bbox 899 2948 1112 3000; x_wconf 81' lang='grc' dir='ltr'>ἄτοπον.</span> <span class='ocrx_word' id='word_1_246' title='bbox 1156 2946 1217 2997; x_wconf 86' lang='grc' dir='ltr'>Εί</span> <span class='ocrx_word' id='word_1_247' title='bbox 1267 2945 1340 3016; x_wconf 82' lang='grc' dir='ltr'><strong>μὴ</strong></span> <span class='ocrx_word' id='word_1_248' title='bbox 1387 2945 1552 3009; x_wconf 77' lang='grc' dir='ltr'>ἀΐδιος</span> <span class='ocrx_word' id='word_1_249' title='bbox 1601 2945 1732 3009; x_wconf 85' lang='grc' dir='ltr'>Θεὸς</span> <span class='ocrx_word' id='word_1_250' title='bbox 1773 2949 1801 2999; x_wconf 90' lang='lat'><strong>6</strong></span> 
     </span>
    </p>
   </div>
   <div class='ocr_carea' id='block_1_32' title="bbox 234 3031 1801 3106">
    <p class='ocr_par' dir='ltr' id='par_1_32' title="bbox 234 3031 1801 3106">
     <span class='ocr_line' id='line_1_32' title="bbox 234 3031 1801 3106; baseline 0.003 -23"><span class='ocrx_word' id='word_1_251' title='bbox 234 3031 385 3092; x_wconf 78' lang='grc' dir='ltr'>Υἱὸς,</span> <span class='ocrx_word' id='word_1_252' title='bbox 414 3033 470 3096; x_wconf 79' lang='grc' dir='ltr'>ἐξ</span> <span class='ocrx_word' id='word_1_253' title='bbox 505 3033 746 3103; x_wconf 84' lang='grc' dir='ltr'>ἀνάγκης</span> <span class='ocrx_word' id='word_1_254' title='bbox 791 3035 1098 3104; x_wconf 78' lang='grc' dir='ltr'>πρόσφατος</span> <span class='ocrx_word' id='word_1_255' title='bbox 1119 3050 1130 3062; x_wconf 88' lang='grc'><strong>·</strong></span> <span class='ocrx_word' id='word_1_256' title='bbox 1161 3035 1207 3086; x_wconf 88' lang='grc' dir='ltr'><strong>εί</strong></span> <span class='ocrx_word' id='word_1_257' title='bbox 1237 3036 1312 3105; x_wconf 82' lang='grc' dir='ltr'>μὴ</span> <span class='ocrx_word' id='word_1_258' title='bbox 1349 3034 1617 3106; x_wconf 82' lang='grc' dir='ltr'>ἀληθινὸς,</span> <span class='ocrx_word' id='word_1_259' title='bbox 1669 3035 1801 3104; x_wconf 74' lang='grc' dir='ltr'>ψευ-</span> 
     </span>
    </p>
   </div>
   <div class='ocr_carea' id='block_1_33' title="bbox 1903 654 3462 733">
    <p class='ocr_par' dir='ltr' id='par_1_33' title="bbox 1903 654 3462 733">
     <span class='ocr_line' id='line_1_33' title="bbox 1903 654 3462 733; baseline -0.004 -17"><span class='ocrx_word' id='word_1_260' title='bbox 1903 661 2149 733; x_wconf 79' lang='lat' dir='ltr'><strong>genilura</strong></span> <span class='ocrx_word' id='word_1_261' title='bbox 2178 672 2430 718; x_wconf 76' lang='lat' dir='ltr'><strong>creatura</strong></span> <span class='ocrx_word' id='word_1_262' title='bbox 2464 667 2567 720; x_wconf 82' lang='lat' dir='ltr'><strong>est.</strong></span> <span class='ocrx_word' id='word_1_263' title='bbox 2598 670 2704 711; x_wconf 91' lang='lat' dir='ltr'><strong>non</strong></span> <span class='ocrx_word' id='word_1_264' title='bbox 2749 667 2998 710; x_wconf 88' lang='lat' dir='ltr'><strong>creatura</strong></span> <span class='ocrx_word' id='word_1_265' title='bbox 3029 654 3194 709; x_wconf 83' lang='lat' dir='ltr'><strong>Filius</strong></span> <span class='ocrx_word' id='word_1_266' title='bbox 3228 664 3329 718; x_wconf 87' lang='lat' dir='ltr'><strong>est,</strong></span> <span class='ocrx_word' id='word_1_267' title='bbox 3365 670 3462 710; x_wconf 88' lang='lat' dir='ltr'><strong>ne-</strong></span> 
     </span>
    </p>
   </div>
   <div class='ocr_carea' id='block_1_34' title="bbox 1901 746 3464 822">
    <p class='ocr_par' dir='ltr' id='par_1_34' title="bbox 1901 746 3464 822">
     <span class='ocr_line' id='line_1_34' title="bbox 1901 746 3464 822; baseline -0.004 -16"><span class='ocrx_word' id='word_1_268' title='bbox 1901 769 2006 822; x_wconf 89' lang='lat' dir='ltr'><strong>que</strong></span> <span class='ocrx_word' id='word_1_269' title='bbox 2030 753 2172 806; x_wconf 88' lang='lat' dir='ltr'><strong>enim</strong></span> <span class='ocrx_word' id='word_1_270' title='bbox 2204 757 2448 822; x_wconf 74' lang='lat' dir='ltr'><strong>genitura</strong></span> <span class='ocrx_word' id='word_1_271' title='bbox 2480 759 2566 803; x_wconf 87' lang='lat' dir='ltr'><strong>est</strong></span> <span class='ocrx_word' id='word_1_272' title='bbox 2594 761 2651 802; x_wconf 92' lang='lat' dir='ltr'><strong>ut</strong></span> <span class='ocrx_word' id='word_1_273' title='bbox 2684 747 2792 802; x_wconf 85' lang='lat' dir='ltr'><strong>illa.</strong></span> <span class='ocrx_word' id='word_1_274' title='bbox 2823 746 2879 801; x_wconf 90' lang='lat' dir='ltr'><strong>Si</strong></span> <span class='ocrx_word' id='word_1_275' title='bbox 2911 747 3047 800; x_wconf 88' lang='lat' dir='ltr'><strong>Deus</strong></span> <span class='ocrx_word' id='word_1_276' title='bbox 3076 748 3328 816; x_wconf 85' lang='lat' dir='ltr'><strong>pauciora</strong></span> <span class='ocrx_word' id='word_1_277' title='bbox 3359 763 3464 800; x_wconf 93' lang='lat' dir='ltr'><strong>uno</strong></span> 
     </span>
    </p>
   </div>
   <div class='ocr_carea' id='block_1_35' title="bbox 1901 841 3465 913">
    <p class='ocr_par' dir='ltr' id='par_1_35' title="bbox 1901 841 3465 913">
     <span class='ocr_line' id='line_1_35' title="bbox 1901 841 3465 913; baseline -0.006 -12"><span class='ocrx_word' id='word_1_278' title='bbox 1901 846 2039 901; x_wconf 84' lang='lat' dir='ltr'><strong>Filio</strong></span> <span class='ocrx_word' id='word_1_279' title='bbox 2073 846 2302 900; x_wconf 87' lang='lat' dir='ltr'><strong>condere</strong></span> <span class='ocrx_word' id='word_1_280' title='bbox 2345 862 2450 901; x_wconf 90' lang='lat' dir='ltr'><strong>non</strong></span> <span class='ocrx_word' id='word_1_281' title='bbox 2493 851 2732 913; x_wconf 88' lang='lat' dir='ltr'><strong>poterat,</strong></span> <span class='ocrx_word' id='word_1_282' title='bbox 2767 841 2906 909; x_wconf 90' lang='lat' dir='ltr'><strong>quod</strong></span> <span class='ocrx_word' id='word_1_283' title='bbox 2956 851 3162 894; x_wconf 59' lang='lat' dir='ltr'><strong>natura</strong></span> <span class='ocrx_word' id='word_1_284' title='bbox 3207 855 3318 895; x_wconf 71' lang='lat' dir='ltr'><strong>sua:</strong></span> <span class='ocrx_word' id='word_1_285' title='bbox 3359 853 3465 893; x_wconf 90' lang='lat' dir='ltr'><strong>non</strong></span> 
     </span>
    </p>
   </div>
   <div class='ocr_carea' id='block_1_36' title="bbox 1903 929 3465 1002">
    <p class='ocr_par' dir='ltr' id='par_1_36' title="bbox 1903 929 3465 1002">
     <span class='ocr_line' id='line_1_36' title="bbox 1903 929 3465 1002; baseline -0.004 -11"><span class='ocrx_word' id='word_1_286' title='bbox 1903 936 2199 991; x_wconf 81' lang='lat' dir='ltr'><strong>convenit:</strong></span> <span class='ocrx_word' id='word_1_287' title='bbox 2237 934 2399 1002; x_wconf 81' lang='lat' dir='ltr'><strong>igitur</strong></span> <span class='ocrx_word' id='word_1_288' title='bbox 2447 949 2545 991; x_wconf 92' lang='lat' dir='ltr'><strong>nec</strong></span> <span class='ocrx_word' id='word_1_289' title='bbox 2589 931 2754 988; x_wconf 81' lang='lat' dir='ltr'><strong>Filius</strong></span> <span class='ocrx_word' id='word_1_290' title='bbox 2816 931 3010 987; x_wconf 86' lang='lat' dir='ltr'><strong>condet</strong></span> <span class='ocrx_word' id='word_1_291' title='bbox 3053 930 3264 984; x_wconf 85' lang='lat' dir='ltr'><strong>diversa</strong></span> <span class='ocrx_word' id='word_1_292' title='bbox 3290 971 3305 996; x_wconf 92' lang='lat'><strong>,</strong></span> <span class='ocrx_word' id='word_1_293' title='bbox 3351 929 3465 986; x_wconf 84' lang='lat' dir='ltr'><strong>&quot;sed</strong></span> 
     </span>
    </p>
   </div>
   <div class='ocr_carea' id='block_1_37' title="bbox 1902 1021 3468 1096">
    <p class='ocr_par' dir='ltr' id='par_1_37' title="bbox 1902 1021 3468 1096">
     <span class='ocr_line' id='line_1_37' title="bbox 1902 1021 3468 1096; baseline -0.005 -11"><span class='ocrx_word' id='word_1_294' title='bbox 1902 1045 2068 1085; x_wconf 88' lang='lat' dir='ltr'><strong>unum</strong></span> <span class='ocrx_word' id='word_1_295' title='bbox 2095 1026 2240 1096; x_wconf 92' lang='lat' dir='ltr'><strong>quid.</strong></span> <span class='ocrx_word' id='word_1_296' title='bbox 2271 1024 2329 1080; x_wconf 97' lang='lat' dir='ltr'><strong>Si</strong></span> <span class='ocrx_word' id='word_1_297' title='bbox 2361 1029 2566 1083; x_wconf 88' lang='lat' dir='ltr'><strong>minora</strong></span> <span class='ocrx_word' id='word_1_298' title='bbox 2599 1042 2628 1080; x_wconf 93' lang='lat' dir='ltr'><strong>a</strong></span> <span class='ocrx_word' id='word_1_299' title='bbox 2663 1025 2865 1078; x_wconf 91' lang='lat' dir='ltr'><strong>minore</strong></span> <span class='ocrx_word' id='word_1_300' title='bbox 2888 1033 3160 1086; x_wconf 86' lang='lat' dir='ltr'><strong>creantur,</strong></span> <span class='ocrx_word' id='word_1_301' title='bbox 3185 1029 3238 1076; x_wconf 89' lang='lat' dir='ltr'><strong>et</strong></span> <span class='ocrx_word' id='word_1_302' title='bbox 3261 1021 3468 1090; x_wconf 78' lang='lat' dir='ltr'><strong>majora</strong></span> 
     </span>
    </p>
   </div>
   <div class='ocr_carea' id='block_1_38' title="bbox 1903 1120 3467 1190">
    <p class='ocr_par' dir='ltr' id='par_1_38' title="bbox 1903 1120 3467 1190">
     <span class='ocr_line' id='line_1_38' title="bbox 1903 1120 3467 1190; baseline -0.006 -12"><span class='ocrx_word' id='word_1_303' title='bbox 1903 1139 1931 1178; x_wconf 91' lang='lat' dir='ltr'><strong>a</strong></span> <span class='ocrx_word' id='word_1_304' title='bbox 1965 1120 2199 1190; x_wconf 81' lang='lat' dir='ltr'><strong>majore;</strong></span> <span class='ocrx_word' id='word_1_305' title='bbox 2249 1134 2345 1188; x_wconf 89' lang='lat' dir='ltr'><strong>per</strong></span> <span class='ocrx_word' id='word_1_306' title='bbox 2407 1121 2601 1175; x_wconf 88' lang='lat' dir='ltr'><strong>multos</strong></span> <span class='ocrx_word' id='word_1_307' title='bbox 2647 1132 2776 1189; x_wconf 75' lang='lat' dir='ltr'><strong>ergo</strong></span> <span class='ocrx_word' id='word_1_308' title='bbox 2823 1127 2950 1170; x_wconf 90' lang='lat' dir='ltr'><strong>sunt</strong></span> <span class='ocrx_word' id='word_1_309' title='bbox 3000 1125 3296 1178; x_wconf 64' lang='lat' dir='ltr'><strong>creaturae,</strong></span> <span class='ocrx_word' id='word_1_310' title='bbox 3343 1129 3467 1169; x_wconf 89' lang='lat' dir='ltr'><strong>cum</strong></span> 
     </span>
    </p>
   </div>
   <div class='ocr_carea' id='block_1_39' title="bbox 1902 1207 3470 1277">
    <p class='ocr_par' dir='ltr' id='par_1_39' title="bbox 1902 1207 3470 1277">
     <span class='ocr_line' id='line_1_39' title="bbox 1902 1207 3470 1277; baseline -0.008 -7"><span class='ocrx_word' id='word_1_311' title='bbox 1902 1229 2092 1270; x_wconf 91' lang='lat' dir='ltr'><strong>omnes</strong></span> <span class='ocrx_word' id='word_1_312' title='bbox 2131 1226 2237 1264; x_wconf 94' lang='lat' dir='ltr'><strong>non</strong></span> <span class='ocrx_word' id='word_1_313' title='bbox 2271 1211 2379 1264; x_wconf 91' lang='lat' dir='ltr'><strong>sint</strong></span> <span class='ocrx_word' id='word_1_314' title='bbox 2424 1212 2675 1277; x_wconf 65' lang='lat' dir='ltr'><strong>aequales.</strong></span> <span class='ocrx_word' id='word_1_315' title='bbox 2724 1211 2864 1266; x_wconf 83' lang='lat' dir='ltr'><strong>Dens</strong></span> <span class='ocrx_word' id='word_1_316' title='bbox 2911 1207 2954 1260; x_wconf 90' lang='lat' dir='ltr'><strong>si</strong></span> <span class='ocrx_word' id='word_1_317' title='bbox 2995 1207 3238 1262; x_wconf 88' lang='lat' dir='ltr'><strong>conditor</strong></span> <span class='ocrx_word' id='word_1_318' title='bbox 3264 1216 3348 1261; x_wconf 90' lang='lat' dir='ltr'><strong>est</strong></span> <span class='ocrx_word' id='word_1_319' title='bbox 3376 1223 3470 1259; x_wconf 88' lang='lat' dir='ltr'><strong>na-</strong></span> 
     </span>
    </p>
   </div>
   <div class='ocr_carea' id='block_1_40' title="bbox 1905 1299 3472 1369">
    <p class='ocr_par' dir='ltr' id='par_1_40' title="bbox 1905 1299 3472 1369">
     <span class='ocr_line' id='line_1_40' title="bbox 1905 1299 3472 1369; baseline -0.005 -10"><span class='ocrx_word' id='word_1_320' title='bbox 1905 1317 2045 1369; x_wconf 83' lang='lat' dir='ltr'><strong>tura,</strong></span> <span class='ocrx_word' id='word_1_321' title='bbox 2075 1319 2178 1358; x_wconf 94' lang='lat' dir='ltr'><strong>non</strong></span> <span class='ocrx_word' id='word_1_322' title='bbox 2216 1302 2374 1355; x_wconf 89' lang='lat' dir='ltr'><strong>unius</strong></span> <span class='ocrx_word' id='word_1_323' title='bbox 2406 1300 2528 1364; x_wconf 86' lang='lat' dir='ltr'><strong>erit,</strong></span> <span class='ocrx_word' id='word_1_324' title='bbox 2561 1301 2654 1354; x_wconf 90' lang='lat' dir='ltr'><strong>sed</strong></span> <span class='ocrx_word' id='word_1_325' title='bbox 2680 1303 2991 1356; x_wconf 89' lang='lat' dir='ltr'><strong>multorum.</strong></span> <span class='ocrx_word' id='word_1_326' title='bbox 3017 1299 3149 1354; x_wconf 79' lang='lat' dir='ltr'><strong>Nam</strong></span> <span class='ocrx_word' id='word_1_327' title='bbox 3180 1299 3321 1352; x_wconf 86' lang='lat' dir='ltr'><strong>aliud</strong></span> <span class='ocrx_word' id='word_1_328' title='bbox 3363 1313 3472 1352; x_wconf 86' lang='lat' dir='ltr'><strong>non</strong></span> 
     </span>
    </p>
   </div>
   <div class='ocr_carea' id='block_1_41' title="bbox 1903 1389 3473 1458">
    <p class='ocr_par' dir='ltr' id='par_1_41' title="bbox 1903 1389 3473 1458">
     <span class='ocr_line' id='line_1_41' title="bbox 1903 1389 3473 1458; baseline -0.007 -5"><span class='ocrx_word' id='word_1_329' title='bbox 1903 1409 2052 1453; x_wconf 89' lang='lat' dir='ltr'><strong>creat</strong></span> <span class='ocrx_word' id='word_1_330' title='bbox 2080 1407 2171 1451; x_wconf 89' lang='lat' dir='ltr'><strong>aut</strong></span> <span class='ocrx_word' id='word_1_331' title='bbox 2197 1393 2586 1458; x_wconf 84' lang='lat' dir='ltr'><strong>imbecillitate,</strong></span> <span class='ocrx_word' id='word_1_332' title='bbox 2612 1401 2702 1446; x_wconf 87' lang='lat' dir='ltr'><strong>aut</strong></span> <span class='ocrx_word' id='word_1_333' title='bbox 2743 1393 2936 1446; x_wconf 83' lang='lat' dir='ltr'><strong>invidia</strong></span> <span class='ocrx_word' id='word_1_334' title='bbox 2975 1403 3029 1448; x_wconf 89' lang='lat' dir='ltr'><strong>et</strong></span> <span class='ocrx_word' id='word_1_335' title='bbox 3069 1391 3253 1446; x_wconf 86' lang='lat' dir='ltr'><strong>livore.</strong></span> <span class='ocrx_word' id='word_1_336' title='bbox 3283 1390 3338 1444; x_wconf 90' lang='lat' dir='ltr'><strong>Si</strong></span> <span class='ocrx_word' id='word_1_337' title='bbox 3371 1389 3473 1443; x_wconf 90' lang='lat' dir='ltr'><strong>Pa-</strong></span> 
     </span>
    </p>
   </div>
   <div class='ocr_carea' id='block_1_42' title="bbox 1907 1479 3469 1554">
    <p class='ocr_par' dir='ltr' id='par_1_42' title="bbox 1907 1479 3469 1554">
     <span class='ocr_line' id='line_1_42' title="bbox 1907 1479 3469 1554; baseline -0.004 -15"><span class='ocrx_word' id='word_1_338' title='bbox 1907 1487 2006 1539; x_wconf 84' lang='lat' dir='ltr'><strong>tris</strong></span> <span class='ocrx_word' id='word_1_339' title='bbox 2035 1486 2272 1554; x_wconf 85' lang='lat' dir='ltr'><strong>potentia</strong></span> <span class='ocrx_word' id='word_1_340' title='bbox 2307 1498 2403 1554; x_wconf 88' lang='lat' dir='ltr'><strong>per</strong></span> <span class='ocrx_word' id='word_1_341' title='bbox 2432 1481 2622 1536; x_wconf 83' lang='lat' dir='ltr'><strong>Filium</strong></span> <span class='ocrx_word' id='word_1_342' title='bbox 2661 1481 2883 1544; x_wconf 85' lang='lat' dir='ltr'><strong>creavit,</strong></span> <span class='ocrx_word' id='word_1_343' title='bbox 2924 1479 3082 1536; x_wconf 82' lang='lat' dir='ltr'><strong>Pater</strong></span> <span class='ocrx_word' id='word_1_344' title='bbox 3120 1489 3336 1537; x_wconf 88' lang='lat' dir='ltr'><strong>creator</strong></span> <span class='ocrx_word' id='word_1_345' title='bbox 3365 1488 3469 1544; x_wconf 88' lang='lat' dir='ltr'><strong>est,</strong></span> 
     </span>
    </p>
   </div>
   <div class='ocr_carea' id='block_1_43' title="bbox 1906 1570 3473 1644">
    <p class='ocr_par' dir='ltr' id='par_1_43' title="bbox 1906 1570 3473 1644">
     <span class='ocr_line' id='line_1_43' title="bbox 1906 1570 3473 1644; baseline -0.002 -14"><span class='ocrx_word' id='word_1_346' title='bbox 1906 1591 2011 1630; x_wconf 90' lang='lat' dir='ltr'><strong>non</strong></span> <span class='ocrx_word' id='word_1_347' title='bbox 2067 1575 2272 1639; x_wconf 87' lang='lat' dir='ltr'><strong>Filius,</strong></span> <span class='ocrx_word' id='word_1_348' title='bbox 2326 1570 2776 1644; x_wconf 86' lang='lat' dir='ltr'><strong>quemadmodum</strong></span> <span class='ocrx_word' id='word_1_349' title='bbox 2831 1586 3008 1640; x_wconf 89' lang='lat' dir='ltr'><strong>neque</strong></span> <span class='ocrx_word' id='word_1_350' title='bbox 3054 1573 3473 1628; x_wconf 87' lang='lat' dir='ltr'><strong>instrumentum</strong></span> 
     </span>
    </p>
   </div>
   <div class='ocr_carea' id='block_1_44' title="bbox 1906 1666 3473 1737">
    <p class='ocr_par' dir='ltr' id='par_1_44' title="bbox 1906 1666 3473 1737">
     <span class='ocr_line' id='line_1_44' title="bbox 1906 1666 3473 1737; baseline 0.001 -15"><span class='ocrx_word' id='word_1_351' title='bbox 1906 1668 2099 1722; x_wconf 77' lang='lat' dir='ltr'><strong>artifex</strong></span> <span class='ocrx_word' id='word_1_352' title='bbox 2141 1677 2242 1722; x_wconf 93' lang='grc' dir='ltr'>εει.</span> <span class='ocrx_word' id='word_1_353' title='bbox 2287 1668 2403 1723; x_wconf 83' lang='grc' dir='ltr'><strong>Νοη</strong></span> <span class='ocrx_word' id='word_1_354' title='bbox 2446 1676 2530 1724; x_wconf 85' lang='grc' dir='ltr'><strong>εει</strong></span> <span class='ocrx_word' id='word_1_355' title='bbox 2578 1666 2741 1736; x_wconf 77' lang='lat' dir='ltr'><strong>igitur</strong></span> <span class='ocrx_word' id='word_1_356' title='bbox 2785 1681 2872 1720; x_wconf 75' lang='lat' dir='ltr'><strong>res</strong></span> <span class='ocrx_word' id='word_1_357' title='bbox 2917 1667 3172 1720; x_wconf 89' lang='lat' dir='ltr'><strong>humilior</strong></span> <span class='ocrx_word' id='word_1_358' title='bbox 3209 1684 3368 1737; x_wconf 88' lang='lat' dir='ltr'><strong>quam</strong></span> <span class='ocrx_word' id='word_1_359' title='bbox 3413 1678 3473 1723; x_wconf 81' lang='lat' dir='ltr'><strong>ut</strong></span> 
     </span>
    </p>
   </div>
   <div class='ocr_carea' id='block_1_45' title="bbox 1908 1758 3466 1827">
    <p class='ocr_par' dir='ltr' id='par_1_45' title="bbox 1908 1758 3466 1827">
     <span class='ocr_line' id='line_1_45' title="bbox 1908 1758 3466 1827; baseline -0.002 -11"><span class='ocrx_word' id='word_1_360' title='bbox 1908 1761 2053 1816; x_wconf 86' lang='lat' dir='ltr'><strong>Patri</strong></span> <span class='ocrx_word' id='word_1_361' title='bbox 2104 1762 2420 1826; x_wconf 84' lang='lat' dir='ltr'><strong>conveniat,</strong></span> <span class='ocrx_word' id='word_1_362' title='bbox 2473 1774 2661 1815; x_wconf 88' lang='lat' dir='ltr'><strong>creare</strong></span> <span class='ocrx_word' id='word_1_363' title='bbox 2705 1774 2823 1827; x_wconf 77' lang='lat' dir='ltr'><strong>qua:</strong></span> <span class='ocrx_word' id='word_1_364' title='bbox 2867 1758 3006 1812; x_wconf 79' lang='lat' dir='ltr'><strong>facta</strong></span> <span class='ocrx_word' id='word_1_365' title='bbox 3052 1770 3177 1814; x_wconf 86' lang='lat' dir='ltr'><strong>sunt</strong></span> <span class='ocrx_word' id='word_1_366' title='bbox 3231 1775 3260 1812; x_wconf 90' lang='lat' dir='ltr'><strong>a</strong></span> <span class='ocrx_word' id='word_1_367' title='bbox 3314 1762 3466 1816; x_wconf 88' lang='lat' dir='ltr'><strong>Filio.</strong></span> 
     </span>
    </p>
   </div>
   <div class='ocr_carea' id='block_1_46' title="bbox 1908 1851 3472 1919">
    <p class='ocr_par' dir='ltr' id='par_1_46' title="bbox 1908 1851 3472 1919">
     <span class='ocr_line' id='line_1_46' title="bbox 1908 1851 3472 1919; baseline 0.001 -12"><span class='ocrx_word' id='word_1_368' title='bbox 1908 1853 1962 1908; x_wconf 93' lang='lat' dir='ltr'><strong>Si</strong></span> <span class='ocrx_word' id='word_1_369' title='bbox 2024 1861 2394 1906; x_wconf 85' lang='lat' dir='ltr'><strong>creaturarum</strong></span> <span class='ocrx_word' id='word_1_370' title='bbox 2441 1851 2771 1907; x_wconf 89' lang='lat' dir='ltr'><strong>creationem</strong></span> <span class='ocrx_word' id='word_1_371' title='bbox 2824 1864 2919 1919; x_wconf 85' lang='lat' dir='ltr'><strong>per</strong></span> <span class='ocrx_word' id='word_1_372' title='bbox 2974 1865 3034 1905; x_wconf 92' lang='lat' dir='ltr'><strong>se</strong></span> <span class='ocrx_word' id='word_1_373' title='bbox 3090 1851 3270 1906; x_wconf 78' lang='lat' dir='ltr'><strong>facere</strong></span> <span class='ocrx_word' id='word_1_374' title='bbox 3330 1851 3472 1909; x_wconf 91' lang='lat' dir='ltr'><strong>Deus</strong></span> 
     </span>
    </p>
   </div>
   <div class='ocr_carea' id='block_1_47' title="bbox 1903 1940 3470 2013">
    <p class='ocr_par' dir='ltr' id='par_1_47' title="bbox 1903 1940 3470 2013">
     <span class='ocr_line' id='line_1_47' title="bbox 1903 1940 3470 2013; baseline -0.003 -11"><span class='ocrx_word' id='word_1_375' title='bbox 1903 1944 2154 2010; x_wconf 83' lang='lat' dir='ltr'><strong>erubuit,</strong></span> <span class='ocrx_word' id='word_1_376' title='bbox 2213 1943 2376 1998; x_wconf 89' lang='lat' dir='ltr'><strong>etiam</strong></span> <span class='ocrx_word' id='word_1_377' title='bbox 2445 1942 2733 2013; x_wconf 76' lang='lat' dir='ltr'><strong>gloriﬁcari</strong></span> <span class='ocrx_word' id='word_1_378' title='bbox 2790 1941 2857 1994; x_wconf 90' lang='lat' dir='ltr'><strong>ab</strong></span> <span class='ocrx_word' id='word_1_379' title='bbox 2910 1940 3014 1996; x_wconf 89' lang='lat' dir='ltr'><strong>illis</strong></span> <span class='ocrx_word' id='word_1_380' title='bbox 3070 1957 3176 1996; x_wconf 91' lang='lat' dir='ltr'><strong>non</strong></span> <span class='ocrx_word' id='word_1_381' title='bbox 3223 1943 3470 1998; x_wconf 89' lang='lat' dir='ltr'><strong>sustinet.</strong></span> 
     </span>
    </p>
   </div>
   <div class='ocr_carea' id='block_1_48' title="bbox 1903 2034 3474 2106">
    <p class='ocr_par' dir='ltr' id='par_1_48' title="bbox 1903 2034 3474 2106">
     <span class='ocr_line' id='line_1_48' title="bbox 1903 2034 3474 2106; baseline -0.003 -14"><span class='ocrx_word' id='word_1_382' title='bbox 1903 2040 2034 2106; x_wconf 80' lang='lat' dir='ltr'><strong>Qua:</strong></span> <span class='ocrx_word' id='word_1_383' title='bbox 2107 2037 2248 2093; x_wconf 89' lang='lat' dir='ltr'><strong>enim</strong></span> <span class='ocrx_word' id='word_1_384' title='bbox 2328 2034 2504 2088; x_wconf 81' lang='lat' dir='ltr'><strong>facere</strong></span> <span class='ocrx_word' id='word_1_385' title='bbox 2581 2035 2970 2099; x_wconf 87' lang='lat' dir='ltr'><strong>erubescebat,</strong></span> <span class='ocrx_word' id='word_1_386' title='bbox 3040 2047 3105 2088; x_wconf 90' lang='lat' dir='ltr'><strong>ea</strong></span> <span class='ocrx_word' id='word_1_387' title='bbox 3176 2035 3262 2090; x_wconf 92' lang='lat' dir='ltr'><strong>ubi</strong></span> <span class='ocrx_word' id='word_1_388' title='bbox 3331 2034 3474 2089; x_wconf 77' lang='lat' dir='ltr'><strong>facta</strong></span> 
     </span>
    </p>
   </div>
   <div class='ocr_carea' id='block_1_49' title="bbox 1906 2125 3485 2196">
    <p class='ocr_par' dir='ltr' id='par_1_49' title="bbox 1906 2125 3485 2196">
     <span class='ocr_line' id='line_1_49' title="bbox 1906 2125 3485 2196; baseline -0.003 -12"><span class='ocrx_word' id='word_1_389' title='bbox 1906 2130 2138 2192; x_wconf 81' lang='lat' dir='ltr'><strong>fuerint,</strong></span> <span class='ocrx_word' id='word_1_390' title='bbox 2201 2144 2297 2184; x_wconf 86' lang='lat' dir='ltr'><strong>sua</strong></span> <span class='ocrx_word' id='word_1_391' title='bbox 2361 2126 2536 2196; x_wconf 86' lang='lat' dir='ltr'><strong>putari</strong></span> <span class='ocrx_word' id='word_1_392' title='bbox 2593 2126 2758 2180; x_wconf 86' lang='lat' dir='ltr'><strong>nolet.</strong></span> <span class='ocrx_word' id='word_1_393' title='bbox 2818 2125 2871 2180; x_wconf 93' lang='lat' dir='ltr'><strong>Si</strong></span> <span class='ocrx_word' id='word_1_394' title='bbox 2928 2126 3066 2180; x_wconf 88' lang='lat' dir='ltr'><strong>idem</strong></span> <span class='ocrx_word' id='word_1_395' title='bbox 3123 2136 3239 2187; x_wconf 87' lang='lat' dir='ltr'><strong>est,</strong></span> <span class='ocrx_word' id='word_1_396' title='bbox 3305 2127 3485 2180; x_wconf 86' lang='lat' dir='ltr'><strong>Deum</strong></span> 
     </span>
    </p>
   </div>
   <div class='ocr_carea' id='block_1_50' title="bbox 1903 2216 3472 2289">
    <p class='ocr_par' dir='ltr' id='par_1_50' title="bbox 1903 2216 3472 2289">
     <span class='ocr_line' id='line_1_50' title="bbox 1903 2216 3472 2289; baseline -0.004 -13"><span class='ocrx_word' id='word_1_397' title='bbox 1903 2234 2093 2276; x_wconf 87' lang='lat' dir='ltr'><strong>creare</strong></span> <span class='ocrx_word' id='word_1_398' title='bbox 2137 2227 2190 2273; x_wconf 91' lang='lat' dir='ltr'><strong>et</strong></span> <span class='ocrx_word' id='word_1_399' title='bbox 2242 2232 2521 2289; x_wconf 85' lang='lat' dir='ltr'><strong>generare,</strong></span> <span class='ocrx_word' id='word_1_400' title='bbox 2572 2217 2824 2286; x_wconf 88' lang='lat' dir='ltr'><strong>quoniam</strong></span> <span class='ocrx_word' id='word_1_401' title='bbox 2875 2216 3100 2284; x_wconf 76' lang='lat' dir='ltr'><strong>simplex</strong></span> <span class='ocrx_word' id='word_1_402' title='bbox 3150 2227 3279 2272; x_wconf 88' lang='lat' dir='ltr'><strong>est:</strong></span> <span class='ocrx_word' id='word_1_403' title='bbox 3331 2217 3472 2270; x_wconf 90' lang='lat' dir='ltr'><strong>idem</strong></span> 
     </span>
    </p>
   </div>
   <div class='ocr_carea' id='block_1_51' title="bbox 1901 2307 3472 2378">
    <p class='ocr_par' dir='ltr' id='par_1_51' title="bbox 1901 2307 3472 2378">
     <span class='ocr_line' id='line_1_51' title="bbox 1901 2307 3472 2378; baseline -0.003 -12"><span class='ocrx_word' id='word_1_404' title='bbox 1901 2313 2063 2366; x_wconf 90' lang='lat' dir='ltr'><strong>etiam</strong></span> <span class='ocrx_word' id='word_1_405' title='bbox 2096 2312 2219 2371; x_wconf 89' lang='lat' dir='ltr'><strong>erit.</strong></span> <span class='ocrx_word' id='word_1_406' title='bbox 2255 2325 2474 2365; x_wconf 87' lang='lat' dir='ltr'><strong>servare</strong></span> <span class='ocrx_word' id='word_1_407' title='bbox 2522 2319 2574 2362; x_wconf 88' lang='lat' dir='ltr'><strong>et</strong></span> <span class='ocrx_word' id='word_1_408' title='bbox 2624 2307 2874 2378; x_wconf 88' lang='lat' dir='ltr'><strong>perdere,</strong></span> <span class='ocrx_word' id='word_1_409' title='bbox 2905 2308 3178 2362; x_wconf 80' lang='lat' dir='ltr'><strong>viviﬁcare</strong></span> <span class='ocrx_word' id='word_1_410' title='bbox 3218 2317 3271 2363; x_wconf 92' lang='lat' dir='ltr'><strong>et</strong></span> <span class='ocrx_word' id='word_1_411' title='bbox 3309 2308 3472 2378; x_wconf 73' lang='lat'><strong>287</strong></span> 
     </span>
    </p>
   </div>
   <div class='ocr_carea' id='block_1_52' title="bbox 1902 2399 3472 2470">
    <p class='ocr_par' dir='ltr' id='par_1_52' title="bbox 1902 2399 3472 2470">
     <span class='ocr_line' id='line_1_52' title="bbox 1902 2399 3472 2470; baseline -0.003 -12"><span class='ocrx_word' id='word_1_412' title='bbox 1902 2405 2168 2458; x_wconf 90' lang='lat' dir='ltr'><strong>occidere.</strong></span> <span class='ocrx_word' id='word_1_413' title='bbox 2199 2402 2351 2469; x_wconf 83' lang='lat' dir='ltr'><strong>Quod</strong></span> <span class='ocrx_word' id='word_1_414' title='bbox 2403 2403 2445 2456; x_wconf 89' lang='lat' dir='ltr'><strong>si</strong></span> <span class='ocrx_word' id='word_1_415' title='bbox 2491 2403 2562 2456; x_wconf 87' lang='lat' dir='ltr'><strong>ita</strong></span> <span class='ocrx_word' id='word_1_416' title='bbox 2602 2410 2706 2466; x_wconf 92' lang='grc' dir='ltr'>εει,</span> <span class='ocrx_word' id='word_1_417' title='bbox 2765 2400 2929 2470; x_wconf 72' lang='lat' dir='ltr'><strong>igitur</strong></span> <span class='ocrx_word' id='word_1_418' title='bbox 2965 2399 3106 2454; x_wconf 88' lang='lat' dir='ltr'><strong>salus</strong></span> <span class='ocrx_word' id='word_1_419' title='bbox 3139 2409 3192 2454; x_wconf 88' lang='lat' dir='ltr'><strong>et</strong></span> <span class='ocrx_word' id='word_1_420' title='bbox 3222 2400 3472 2468; x_wconf 83' lang='lat' dir='ltr'><strong>perditio,</strong></span> 
     </span>
    </p>
   </div>
   <div class='ocr_carea' id='block_1_53' title="bbox 1903 2490 3468 2559">
    <p class='ocr_par' dir='ltr' id='par_1_53' title="bbox 1903 2490 3468 2559">
     <span class='ocr_line' id='line_1_53' title="bbox 1903 2490 3468 2559; baseline -0.003 -11"><span class='ocrx_word' id='word_1_421' title='bbox 1903 2506 1954 2548; x_wconf 90' lang='lat' dir='ltr'><strong>et</strong></span> <span class='ocrx_word' id='word_1_422' title='bbox 1994 2497 2098 2547; x_wconf 88' lang='lat' dir='ltr'><strong>vita</strong></span> <span class='ocrx_word' id='word_1_423' title='bbox 2130 2503 2182 2546; x_wconf 90' lang='lat' dir='ltr'><strong>et</strong></span> <span class='ocrx_word' id='word_1_424' title='bbox 2223 2509 2366 2547; x_wconf 90' lang='lat' dir='ltr'><strong>mors</strong></span> <span class='ocrx_word' id='word_1_425' title='bbox 2397 2494 2536 2547; x_wconf 87' lang='lat' dir='ltr'><strong>idem</strong></span> <span class='ocrx_word' id='word_1_426' title='bbox 2567 2505 2710 2549; x_wconf 92' lang='lat' dir='ltr'><strong>sunt.</strong></span> <span class='ocrx_word' id='word_1_427' title='bbox 2747 2492 2801 2548; x_wconf 87' lang='lat' dir='ltr'><strong>Si</strong></span> <span class='ocrx_word' id='word_1_428' title='bbox 2833 2491 3081 2547; x_wconf 87' lang='lat' dir='ltr'><strong>Christus</strong></span> <span class='ocrx_word' id='word_1_429' title='bbox 3125 2490 3364 2559; x_wconf 87' lang='lat' dir='ltr'><strong>potentia</strong></span> <span class='ocrx_word' id='word_1_430' title='bbox 3403 2504 3468 2544; x_wconf 90' lang='lat' dir='ltr'><strong>ac</strong></span> 
     </span>
    </p>
   </div>
   <div class='ocr_carea' id='block_1_54' title="bbox 1901 2582 3474 2650">
    <p class='ocr_par' dir='ltr' id='par_1_54' title="bbox 1901 2582 3474 2650">
     <span class='ocr_line' id='line_1_54' title="bbox 1901 2582 3474 2650; baseline -0.003 -12"><span class='ocrx_word' id='word_1_431' title='bbox 1901 2583 2164 2650; x_wconf 81' lang='lat' dir='ltr'><strong>sapientia</strong></span> <span class='ocrx_word' id='word_1_432' title='bbox 2219 2582 2308 2634; x_wconf 87' lang='lat' dir='ltr'><strong>Dei</strong></span> <span class='ocrx_word' id='word_1_433' title='bbox 2344 2591 2425 2634; x_wconf 87' lang='lat' dir='ltr'><strong>est</strong></span> <span class='ocrx_word' id='word_1_434' title='bbox 2466 2584 2534 2644; x_wconf 83' lang='grc'>⁷⁵,</span> <span class='ocrx_word' id='word_1_435' title='bbox 2585 2583 2697 2634; x_wconf 65' lang='lat' dir='ltr'><strong>haec</strong></span> <span class='ocrx_word' id='word_1_436' title='bbox 2731 2592 2911 2635; x_wconf 80' lang='lat' dir='ltr'><strong>autent</strong></span> <span class='ocrx_word' id='word_1_437' title='bbox 2955 2582 3190 2635; x_wconf 89' lang='lat' dir='ltr'><strong>increata</strong></span> <span class='ocrx_word' id='word_1_438' title='bbox 3239 2588 3365 2632; x_wconf 91' lang='lat' dir='ltr'><strong>sunt</strong></span> <span class='ocrx_word' id='word_1_439' title='bbox 3409 2593 3474 2634; x_wconf 88' lang='lat' dir='ltr'><strong>ac</strong></span> 
     </span>
    </p>
   </div>
   <div class='ocr_carea' id='block_1_55' title="bbox 1903 2671 3471 2741">
    <p class='ocr_par' dir='ltr' id='par_1_55' title="bbox 1903 2671 3471 2741">
     <span class='ocr_line' id='line_1_55' title="bbox 1903 2671 3471 2741; baseline -0.004 -11"><span class='ocrx_word' id='word_1_440' title='bbox 1903 2685 2167 2730; x_wconf 78' lang='lat' dir='ltr'><strong>eoa-terna</strong></span> <span class='ocrx_word' id='word_1_441' title='bbox 2197 2675 2302 2728; x_wconf 91' lang='lat' dir='ltr'><strong>Deo</strong></span> <span class='ocrx_word' id='word_1_442' title='bbox 2332 2677 2459 2738; x_wconf 89' lang='lat' dir='ltr'><strong>(non</strong></span> <span class='ocrx_word' id='word_1_443' title='bbox 2486 2674 2627 2728; x_wconf 90' lang='lat' dir='ltr'><strong>enim</strong></span> <span class='ocrx_word' id='word_1_444' title='bbox 2673 2673 2770 2726; x_wconf 77' lang='lat' dir='ltr'><strong>fuit</strong></span> <span class='ocrx_word' id='word_1_445' title='bbox 2818 2687 3052 2738; x_wconf 88' lang='lat' dir='ltr'><strong>unquam</strong></span> <span class='ocrx_word' id='word_1_446' title='bbox 3093 2671 3355 2741; x_wconf 88' lang='lat' dir='ltr'><strong>insipiens</strong></span> <span class='ocrx_word' id='word_1_447' title='bbox 3377 2679 3471 2724; x_wconf 90' lang='lat' dir='ltr'><strong>aut</strong></span> 
     </span>
    </p>
   </div>
   <div class='ocr_carea' id='block_1_56' title="bbox 1904 2759 3473 2841">
    <p class='ocr_par' dir='ltr' id='par_1_56' title="bbox 1904 2759 3473 2841">
     <span class='ocr_line' id='line_1_56' title="bbox 1904 2759 3473 2841; baseline -0.006 -16"><span class='ocrx_word' id='word_1_448' title='bbox 1904 2765 2189 2841; x_wconf 81' lang='lat' dir='ltr'><strong>impotens)</strong></span> <span class='ocrx_word' id='word_1_449' title='bbox 2225 2785 2238 2820; x_wconf 91' lang='lat'><strong>:</strong></span> <span class='ocrx_word' id='word_1_450' title='bbox 2273 2768 2542 2820; x_wconf 89' lang='lat' dir='ltr'><strong>increalus</strong></span> <span class='ocrx_word' id='word_1_451' title='bbox 2566 2775 2646 2818; x_wconf 75' lang='lat' dir='ltr'><strong>est</strong></span> <span class='ocrx_word' id='word_1_452' title='bbox 2675 2764 2940 2827; x_wconf 85' lang='lat' dir='ltr'><strong>Chrisnts,</strong></span> <span class='ocrx_word' id='word_1_453' title='bbox 2979 2773 3032 2818; x_wconf 90' lang='lat' dir='ltr'><strong>et</strong></span> <span class='ocrx_word' id='word_1_454' title='bbox 3073 2778 3176 2817; x_wconf 88' lang='lat' dir='ltr'><strong>una</strong></span> <span class='ocrx_word' id='word_1_455' title='bbox 3204 2776 3323 2817; x_wconf 83' lang='lat' dir='ltr'><strong>cum</strong></span> <span class='ocrx_word' id='word_1_456' title='bbox 3361 2759 3473 2815; x_wconf 86' lang='lat' dir='ltr'><strong>Deo</strong></span> 
     </span>
    </p>
   </div>
   <div class='ocr_carea' id='block_1_57' title="bbox 1902 2853 3473 2925">
    <p class='ocr_par' dir='ltr' id='par_1_57' title="bbox 1902 2853 3473 2925">
     <span class='ocr_line' id='line_1_57' title="bbox 1902 2853 3473 2925; baseline -0.007 -9"><span class='ocrx_word' id='word_1_457' title='bbox 1902 2872 2135 2916; x_wconf 69' lang='lat' dir='ltr'><strong>aeternus</strong></span> <span class='ocrx_word' id='word_1_458' title='bbox 2163 2876 2175 2911; x_wconf 88' lang='lat'>:</span> <span class='ocrx_word' id='word_1_459' title='bbox 2200 2860 2281 2914; x_wconf 87' lang='lat' dir='ltr'><strong>sin</strong></span> <span class='ocrx_word' id='word_1_460' title='bbox 2328 2868 2533 2920; x_wconf 78' lang='lat' dir='ltr'><strong>autem,</strong></span> <span class='ocrx_word' id='word_1_461' title='bbox 2567 2867 2830 2925; x_wconf 86' lang='lat' dir='ltr'><strong>quatenus</strong></span> <span class='ocrx_word' id='word_1_462' title='bbox 2860 2865 2940 2909; x_wconf 89' lang='lat' dir='ltr'><strong>est</strong></span> <span class='ocrx_word' id='word_1_463' title='bbox 2983 2854 3245 2925; x_wconf 86' lang='lat' dir='ltr'><strong>operatio,</strong></span> <span class='ocrx_word' id='word_1_464' title='bbox 3272 2853 3473 2908; x_wconf 89' lang='lat' dir='ltr'><strong>dicitur</strong></span> 
     </span>
    </p>
   </div>
   <div class='ocr_carea' id='block_1_58' title="bbox 1901 2944 3471 3020">
    <p class='ocr_par' dir='ltr' id='par_1_58' title="bbox 1901 2944 3471 3020">
     <span class='ocr_line' id='line_1_58' title="bbox 1901 2944 3471 3020; baseline -0.005 -16"><span class='ocrx_word' id='word_1_465' title='bbox 1901 2951 2139 3020; x_wconf 82' lang='lat' dir='ltr'><strong>potentia</strong></span> <span class='ocrx_word' id='word_1_466' title='bbox 2186 2960 2239 3003; x_wconf 88' lang='lat' dir='ltr'><strong>et</strong></span> <span class='ocrx_word' id='word_1_467' title='bbox 2273 2949 2534 3020; x_wconf 87' lang='lat' dir='ltr'><strong>sapientia</strong></span> <span class='ocrx_word' id='word_1_468' title='bbox 2586 2948 2674 3001; x_wconf 90' lang='lat' dir='ltr'><strong>Dei</strong></span> <span class='ocrx_word' id='word_1_469' title='bbox 2707 2965 2718 3001; x_wconf 94' lang='lat'>:</span> <span class='ocrx_word' id='word_1_470' title='bbox 2756 2963 2852 3001; x_wconf 89' lang='lat' dir='ltr'><strong>nos</strong></span> <span class='ocrx_word' id='word_1_471' title='bbox 2897 2961 3111 3014; x_wconf 86' lang='lat' dir='ltr'><strong>quoquc</strong></span> <span class='ocrx_word' id='word_1_472' title='bbox 3144 2944 3381 3014; x_wconf 85' lang='lat' dir='ltr'><strong>potentia</strong></span> <span class='ocrx_word' id='word_1_473' title='bbox 3417 2953 3471 2996; x_wconf 89' lang='grc' dir='ltr'><strong>ει</strong></span> 
     </span>
    </p>
   </div>
   <div class='ocr_carea' id='block_1_59' title="bbox 1903 3037 3470 3112">
    <p class='ocr_par' dir='ltr' id='par_1_59' title="bbox 1903 3037 3470 3112">
     <span class='ocr_line' id='line_1_59' title="bbox 1903 3037 3470 3112; baseline -0.006 -15"><span class='ocrx_word' id='word_1_474' title='bbox 1903 3043 2162 3112; x_wconf 88' lang='lat' dir='ltr'><strong>sapientia</strong></span> <span class='ocrx_word' id='word_1_475' title='bbox 2205 3043 2411 3095; x_wconf 88' lang='lat' dir='ltr'><strong>Domini</strong></span> <span class='ocrx_word' id='word_1_476' title='bbox 2463 3041 2567 3094; x_wconf 90' lang='lat' dir='ltr'><strong>dici</strong></span> <span class='ocrx_word' id='word_1_477' title='bbox 2601 3053 2887 3108; x_wconf 83' lang='lat' dir='ltr'><strong>possumus</strong></span> <span class='ocrx_word' id='word_1_478' title='bbox 2917 3038 3057 3090; x_wconf 87' lang='lat' dir='ltr'><strong>haud</strong></span> <span class='ocrx_word' id='word_1_479' title='bbox 3105 3037 3259 3088; x_wconf 84' lang='lat' dir='ltr'><strong>aliter</strong></span> <span class='ocrx_word' id='word_1_480' title='bbox 3306 3045 3470 3100; x_wconf 80' lang='lat' dir='ltr'><strong>atque</strong></span> 
     </span>
    </p>
   </div>
   <div class='ocr_carea' id='block_1_60' title="bbox 232 3103 1894 3207">
    <p class='ocr_par' dir='ltr' id='par_1_60' title="bbox 232 3103 1867 3197">
     <span class='ocr_line' id='line_1_60' title="bbox 232 3103 1867 3197; baseline 0.005 -23"><span class='ocrx_word' id='word_1_481' title='bbox 232 3122 331 3192; x_wconf 77' lang='grc' dir='ltr'>δής</span> <span class='ocrx_word' id='word_1_482' title='bbox 357 3137 372 3150; x_wconf 86' lang='grc'><strong>·</strong></span> <span class='ocrx_word' id='word_1_483' title='bbox 407 3124 454 3175; x_wconf 88' lang='grc' dir='ltr'><strong>εί</strong></span> <span class='ocrx_word' id='word_1_484' title='bbox 487 3123 560 3194; x_wconf 84' lang='grc' dir='ltr'><strong>μὴ</strong></span> <span class='ocrx_word' id='word_1_485' title='bbox 589 3124 764 3192; x_wconf 77' lang='grc' dir='ltr'>φύσει,</span> <span class='ocrx_word' id='word_1_486' title='bbox 794 3103 956 3177; x_wconf 73' lang='grc' dir='ltr'>θέσει.</span> <span class='ocrx_word' id='word_1_487' title='bbox 1001 3103 1309 3180; x_wconf 70' lang='grc' dir='ltr'>’Λσεὸὦνδε</span> <span class='ocrx_word' id='word_1_488' title='bbox 1344 3103 1799 3197; x_wconf 11' lang='grc' dir='ltr'>πρόσφάτοιςγκαὶ</span> <span class='ocrx_word' id='word_1_489' title='bbox 1827 3103 1867 3160; x_wconf 78' lang='lat' dir='ltr'>C</span> 
     </span>
    </p>
   </div>
   <div class='ocr_carea' id='block_1_61' title="bbox 1806 3103 3468 3207">
    <p class='ocr_par' dir='ltr' id='par_1_61' title="bbox 1827 3103 3468 3207">
     <span class='ocr_line' id='line_1_61' title="bbox 1827 3103 3468 3207; baseline -0.009 -15"><span class='ocrx_word' id='word_1_490' title='bbox 1827 3103 1867 3160; x_wconf 74' lang='lat' dir='ltr'>C</span> <span class='ocrx_word' id='word_1_491' title='bbox 1903 3103 2037 3207; x_wconf 76' lang='lat' dir='ltr'><strong>ipse,</strong></span> <span class='ocrx_word' id='word_1_492' title='bbox 2083 3135 2196 3189; x_wconf 88' lang='lat' dir='ltr'><strong>Dei.</strong></span> <span class='ocrx_word' id='word_1_493' title='bbox 2243 3133 2348 3188; x_wconf 89' lang='lat' dir='ltr'><strong>Sed</strong></span> <span class='ocrx_word' id='word_1_494' title='bbox 2394 3133 2496 3186; x_wconf 88' lang='lat' dir='ltr'><strong>hoc</strong></span> <span class='ocrx_word' id='word_1_495' title='bbox 2547 3103 2839 3184; x_wconf 76' lang='lat' dir='ltr'><strong>absurdum</strong></span> <span class='ocrx_word' id='word_1_496' title='bbox 2892 3137 2993 3182; x_wconf 87' lang='lat' dir='ltr'><strong>est.</strong></span> <span class='ocrx_word' id='word_1_497' title='bbox 3036 3127 3093 3182; x_wconf 90' lang='lat' dir='ltr'><strong>Si</strong></span> <span class='ocrx_word' id='word_1_498' title='bbox 3137 3125 3301 3179; x_wconf 86' lang='lat' dir='ltr'><strong>Filius</strong></span> <span class='ocrx_word' id='word_1_499' title='bbox 3331 3125 3468 3179; x_wconf 77' lang='grc' dir='ltr'>ῡειιε</span> 
     </span>
    </p>
   </div>
   <div class='ocr_carea' id='block_1_62' title="bbox 232 3211 1795 3288">
    <p class='ocr_par' dir='ltr' id='par_1_62' title="bbox 232 3211 1795 3288">
     <span class='ocr_line' id='line_1_62' title="bbox 232 3211 1795 3288; baseline 0.003 -25"><span class='ocrx_word' id='word_1_500' title='bbox 232 3211 450 3280; x_wconf 68' lang='grc' dir='ltr'>ψευδέσι</span> <span class='ocrx_word' id='word_1_501' title='bbox 480 3213 571 3265; x_wconf 72' lang='grc' dir='ltr'><strong>καὶ</strong></span> <span class='ocrx_word' id='word_1_502' title='bbox 600 3213 675 3284; x_wconf 75' lang='grc' dir='ltr'>μὴ</span> <span class='ocrx_word' id='word_1_503' title='bbox 692 3213 847 3282; x_wconf 76' lang='grc' dir='ltr'>φύσει</span> <span class='ocrx_word' id='word_1_504' title='bbox 876 3213 1172 3284; x_wconf 83' lang='grc' dir='ltr'>λατρεύειν.</span> <span class='ocrx_word' id='word_1_505' title='bbox 1202 3217 1321 3267; x_wconf 82' lang='grc' dir='ltr'><strong>Οὐκ</strong></span> <span class='ocrx_word' id='word_1_506' title='bbox 1347 3214 1512 3288; x_wconf 76' lang='grc' dir='ltr'>ἔσται</span> <span class='ocrx_word' id='word_1_507' title='bbox 1536 3215 1645 3283; x_wconf 80' lang='grc' dir='ltr'>γάρ</span> <span class='ocrx_word' id='word_1_508' title='bbox 1677 3231 1795 3278; x_wconf 85' lang='grc' dir='ltr'>σοι,</span> 
     </span>
    </p>
   </div>
   <div class='ocr_carea' id='block_1_63' title="bbox 235 3298 1800 3375">
    <p class='ocr_par' dir='ltr' id='par_1_63' title="bbox 235 3298 1800 3375">
     <span class='ocr_line' id='line_1_63' title="bbox 235 3298 1800 3375; baseline 0.003 -19"><span class='ocrx_word' id='word_1_509' title='bbox 235 3305 386 3375; x_wconf 68' lang='grc' dir='ltr'>φησὶ,</span> <span class='ocrx_word' id='word_1_510' title='bbox 420 3305 562 3370; x_wconf 81' lang='grc' dir='ltr'>Θεὸς</span> <span class='ocrx_word' id='word_1_511' title='bbox 585 3308 926 3373; x_wconf 59' lang='grc' dir='ltr'>πρόσφατος</span> <span class='ocrx_word' id='word_1_512' title='bbox 945 3325 957 3336; x_wconf 90' lang='grc'>·</span> <span class='ocrx_word' id='word_1_513' title='bbox 987 3307 1080 3360; x_wconf 77' lang='grc' dir='ltr'><strong>καὶ</strong></span> <span class='ocrx_word' id='word_1_514' title='bbox 1114 3309 1142 3359; x_wconf 90' lang='lat'><strong>6</strong></span> <span class='ocrx_word' id='word_1_515' title='bbox 1171 3305 1406 3366; x_wconf 81' lang='grc' dir='ltr'>Παῦλος“’</span> <span class='ocrx_word' id='word_1_516' title='bbox 1448 3298 1640 3360; x_wconf 57' lang='grc' dir='ltr'><em>’Ἀλλὰ</em></span> <span class='ocrx_word' id='word_1_517' title='bbox 1671 3311 1800 3361; x_wconf 86' lang='grc' dir='ltr'>τότε</span> 
     </span>
    </p>
   </div>
   <div class='ocr_carea' id='block_1_64' title="bbox 227 3395 1800 3467">
    <p class='ocr_par' dir='ltr' id='par_1_64' title="bbox 227 3395 1800 3467">
     <span class='ocr_line' id='line_1_64' title="bbox 227 3395 1800 3467; baseline 0.005 -20"><span class='ocrx_word' id='word_1_518' title='bbox 227 3395 376 3464; x_wconf 76' lang='grc' dir='ltr'>μὴν,</span> <span class='ocrx_word' id='word_1_519' title='bbox 415 3399 524 3450; x_wconf 75' lang='grc' dir='ltr'>οὐκ</span> <span class='ocrx_word' id='word_1_520' title='bbox 563 3397 784 3462; x_wconf 82' lang='grc' dir='ltr'>εἰδότες</span> <span class='ocrx_word' id='word_1_521' title='bbox 821 3399 986 3461; x_wconf 78' lang='grc' dir='ltr'>Θεὸν,</span> <span class='ocrx_word' id='word_1_522' title='bbox 1030 3399 1429 3453; x_wconf 70' lang='grc' dir='ltr'>ἐδουλεύσατε</span> <span class='ocrx_word' id='word_1_523' title='bbox 1471 3401 1593 3464; x_wconf 84' lang='grc' dir='ltr'>τοῖς</span> <span class='ocrx_word' id='word_1_524' title='bbox 1622 3402 1800 3467; x_wconf 67' lang='grc' dir='ltr'>φύσει</span> 
     </span>
    </p>
   </div>
   <div class='ocr_carea' id='block_1_65' title="bbox 234 3485 1797 3562">
    <p class='ocr_par' dir='ltr' id='par_1_65' title="bbox 234 3485 1797 3562">
     <span class='ocr_line' id='line_1_65' title="bbox 234 3485 1797 3562; baseline 0.003 -23"><span class='ocrx_word' id='word_1_525' title='bbox 234 3487 345 3549; x_wconf 88' lang='grc'><strong>(98)</strong></span> <span class='ocrx_word' id='word_1_526' title='bbox 393 3485 646 3555; x_wconf 83' lang='grc' dir='ltr'>μὴοῦοι</span> <span class='ocrx_word' id='word_1_527' title='bbox 685 3489 856 3553; x_wconf 81' lang='grc' dir='ltr'>θεοῖς.</span> <span class='ocrx_word' id='word_1_528' title='bbox 891 3492 959 3540; x_wconf 80' lang='grc' dir='ltr'><em>Ἣ</em></span> <span class='ocrx_word' id='word_1_529' title='bbox 996 3492 1209 3554; x_wconf 75' lang='grc' dir='ltr'>ἀσεϐεῖς</span> <span class='ocrx_word' id='word_1_530' title='bbox 1251 3490 1358 3559; x_wconf 87' lang='lat'><strong>(99)</strong></span> <span class='ocrx_word' id='word_1_531' title='bbox 1401 3493 1450 3543; x_wconf 80' lang='grc' dir='ltr'>οἱ</span> <span class='ocrx_word' id='word_1_532' title='bbox 1497 3489 1636 3543; x_wconf 78' lang='grc' dir='ltr'>οὕτω</span> <span class='ocrx_word' id='word_1_533' title='bbox 1665 3493 1797 3562; x_wconf 82' lang='grc' dir='ltr'>Χρι-</span> 
     </span>
    </p>
   </div>
   <div class='ocr_carea' id='block_1_66' title="bbox 236 3576 1800 3654">
    <p class='ocr_par' dir='ltr' id='par_1_66' title="bbox 236 3576 1800 3654">
     <span class='ocr_line' id='line_1_66' title="bbox 236 3576 1800 3654; baseline 0.004 -25"><span class='ocrx_word' id='word_1_534' title='bbox 236 3576 346 3646; x_wconf 81' lang='grc' dir='ltr'><strong>στῷ</strong></span> <span class='ocrx_word' id='word_1_535' title='bbox 385 3578 732 3648; x_wconf 80' lang='grc' dir='ltr'>λατρεύοντες</span> <span class='ocrx_word' id='word_1_536' title='bbox 758 3599 770 3610; x_wconf 89' lang='grc'><strong>·</strong></span> <span class='ocrx_word' id='word_1_537' title='bbox 819 3581 850 3650; x_wconf 78' lang='grc' dir='ltr'><strong>ἢ</strong></span> <span class='ocrx_word' id='word_1_538' title='bbox 897 3581 1050 3649; x_wconf 74' lang='grc' dir='ltr'>φύσει</span> <span class='ocrx_word' id='word_1_539' title='bbox 1084 3591 1175 3634; x_wconf 75' lang='grc' dir='ltr'><strong>καὶ</strong></span> <span class='ocrx_word' id='word_1_540' title='bbox 1220 3583 1468 3654; x_wconf 85' lang='grc' dir='ltr'>ἀληθινὸς</span> <span class='ocrx_word' id='word_1_541' title='bbox 1507 3583 1658 3647; x_wconf 78' lang='grc' dir='ltr'>Θεὸς,</span> <span class='ocrx_word' id='word_1_542' title='bbox 1709 3585 1800 3636; x_wconf 72' lang='grc' dir='ltr'><strong>καὶ</strong></span> 
     </span>
    </p>
   </div>
   <div class='ocr_carea' id='block_1_67' title="bbox 235 3669 1797 3745">
    <p class='ocr_par' dir='ltr' id='par_1_67' title="bbox 235 3669 1797 3745">
     <span class='ocr_line' id='line_1_67' title="bbox 235 3669 1797 3745; baseline 0.005 -25"><span class='ocrx_word' id='word_1_543' title='bbox 235 3669 497 3732; x_wconf 76' lang='grc' dir='ltr'>εὐσεϐεῖς.</span> <span class='ocrx_word' id='word_1_544' title='bbox 523 3671 582 3723; x_wconf 85' lang='lat' dir='ltr'><strong>El</strong></span> <span class='ocrx_word' id='word_1_545' title='bbox 609 3674 636 3723; x_wconf 89' lang='lat'><strong>6</strong></span> <span class='ocrx_word' id='word_1_546' title='bbox 678 3672 753 3741; x_wconf 86' lang='lat' dir='ltr'><strong>(l)</strong></span> <span class='ocrx_word' id='word_1_547' title='bbox 790 3673 916 3735; x_wconf 83' lang='grc' dir='ltr'>Υίὸς</span> <span class='ocrx_word' id='word_1_548' title='bbox 969 3673 1265 3744; x_wconf 82' lang='grc' dir='ltr'>ἐνέργημα,</span> <span class='ocrx_word' id='word_1_549' title='bbox 1301 3676 1393 3728; x_wconf 74' lang='grc' dir='ltr'><strong>καὶ</strong></span> <span class='ocrx_word' id='word_1_550' title='bbox 1445 3677 1505 3728; x_wconf 81' lang='grc' dir='ltr'><strong>οὐ</strong></span> <span class='ocrx_word' id='word_1_551' title='bbox 1534 3676 1797 3745; x_wconf 83' lang='grc' dir='ltr'>γέννημα,</span> 
     </span>
    </p>
   </div>
   <div class='ocr_carea' id='block_1_68' title="bbox 232 3759 1800 3834">
    <p class='ocr_par' dir='ltr' id='par_1_68' title="bbox 232 3759 1800 3834">
     <span class='ocr_line' id='line_1_68' title="bbox 232 3759 1800 3834; baseline 0.004 -22"><span class='ocrx_word' id='word_1_552' title='bbox 232 3759 355 3812; x_wconf 78' lang='grc' dir='ltr'>οὕτε</span> <span class='ocrx_word' id='word_1_553' title='bbox 385 3761 413 3812; x_wconf 89' lang='lat'><strong>6</strong></span> <span class='ocrx_word' id='word_1_554' title='bbox 441 3763 756 3831; x_wconf 74' lang='grc' dir='ltr'>ἐνεργήσας,</span> <span class='ocrx_word' id='word_1_555' title='bbox 775 3763 893 3815; x_wconf 73' lang='grc' dir='ltr'>οὗτε</span> <span class='ocrx_word' id='word_1_556' title='bbox 925 3765 1030 3834; x_wconf 80' lang='grc' dir='ltr'>μὴν</span> <span class='ocrx_word' id='word_1_557' title='bbox 1056 3765 1114 3816; x_wconf 84' lang='grc' dir='ltr'><strong>τὸ</strong></span> <span class='ocrx_word' id='word_1_558' title='bbox 1147 3765 1432 3833; x_wconf 81' lang='grc' dir='ltr'>ὲνεργηθὲν</span> <span class='ocrx_word' id='word_1_559' title='bbox 1468 3767 1626 3828; x_wconf 81' lang='grc' dir='ltr'>αὑτός</span> <span class='ocrx_word' id='word_1_560' title='bbox 1655 3768 1800 3820; x_wconf 78' lang='grc' dir='ltr'>ἐστιν</span> 
     </span>
    </p>
   </div>
   <div class='ocr_carea' id='block_1_69' title="bbox 235 3850 1800 3927">
    <p class='ocr_par' dir='ltr' id='par_1_69' title="bbox 235 3850 1800 3927">
     <span class='ocr_line' id='line_1_69' title="bbox 235 3850 1800 3927; baseline 0.005 -23"><span class='ocrx_word' id='word_1_561' title='bbox 235 3851 443 3922; x_wconf 70' lang='grc' dir='ltr'>(ἕτερον</span> <span class='ocrx_word' id='word_1_562' title='bbox 475 3853 582 3922; x_wconf 75' lang='grc' dir='ltr'>γὰρ</span> <span class='ocrx_word' id='word_1_563' title='bbox 618 3850 684 3922; x_wconf 83' lang='grc' dir='ltr'>ἦν</span> <span class='ocrx_word' id='word_1_564' title='bbox 727 3856 759 3924; x_wconf 83' lang='grc' dir='ltr'>ὴ</span> <span class='ocrx_word' id='word_1_565' title='bbox 802 3855 1049 3925; x_wconf 81' lang='grc' dir='ltr'>ἐνέργεια</span> <span class='ocrx_word' id='word_1_566' title='bbox 1084 3855 1236 3927; x_wconf 74' lang='grc' dir='ltr'>παρὰ</span> <span class='ocrx_word' id='word_1_567' title='bbox 1278 3857 1492 3925; x_wconf 81' lang='grc' dir='ltr'>ταῦτα),</span> <span class='ocrx_word' id='word_1_568' title='bbox 1529 3858 1663 3910; x_wconf 70' lang='grc' dir='ltr'>ἀλλὰ</span> <span class='ocrx_word' id='word_1_569' title='bbox 1708 3861 1800 3912; x_wconf 81' lang='grc' dir='ltr'><strong>καὶ</strong></span> 
     </span>
    </p>
   </div>
   <div class='ocr_carea' id='block_1_70' title="bbox 234 3945 1797 4017">
    <p class='ocr_par' dir='ltr' id='par_1_70' title="bbox 234 3945 1797 4017">
     <span class='ocr_line' id='line_1_70' title="bbox 234 3945 1797 4017; baseline 0.002 -20"><span class='ocrx_word' id='word_1_570' title='bbox 234 3945 634 4007; x_wconf 85' lang='grc' dir='ltr'>ἀνυπόστατος·</span> <span class='ocrx_word' id='word_1_571' title='bbox 679 3945 899 4015; x_wconf 76' lang='grc' dir='ltr'>οὐδεμία</span> <span class='ocrx_word' id='word_1_572' title='bbox 959 3947 1065 4017; x_wconf 78' lang='grc' dir='ltr'>γὰρ</span> <span class='ocrx_word' id='word_1_573' title='bbox 1111 3947 1361 4016; x_wconf 74' lang='grc' dir='ltr'>ἐνέργεια</span> <span class='ocrx_word' id='word_1_574' title='bbox 1422 3948 1797 4011; x_wconf 83' lang='grc' dir='ltr'>ὲνυπόστατος.</span> 
     </span>
    </p>
   </div>
   <div class='ocr_carea' id='block_1_71' title="bbox 233 4036 1802 4108">
    <p class='ocr_par' dir='ltr' id='par_1_71' title="bbox 233 4036 1802 4108">
     <span class='ocr_line' id='line_1_71' title="bbox 233 4036 1802 4108; baseline 0.002 -20"><span class='ocrx_word' id='word_1_575' title='bbox 233 4037 296 4088; x_wconf 67' lang='lat' dir='ltr'><strong>Et</strong></span> <span class='ocrx_word' id='word_1_576' title='bbox 329 4037 385 4089; x_wconf 84' lang='grc' dir='ltr'>δὲ</span> <span class='ocrx_word' id='word_1_577' title='bbox 419 4036 478 4089; x_wconf 90' lang='grc' dir='ltr'><strong>τὸ</strong></span> <span class='ocrx_word' id='word_1_578' title='bbox 506 4037 814 4107; x_wconf 79' lang='grc' dir='ltr'>ὲνεργηθὲν,</span> <span class='ocrx_word' id='word_1_579' title='bbox 843 4038 1023 4107; x_wconf 85' lang='grc' dir='ltr'>τρίτος</span> <span class='ocrx_word' id='word_1_580' title='bbox 1066 4040 1128 4090; x_wconf 84' lang='grc' dir='ltr'><strong>ὲκ</strong></span> <span class='ocrx_word' id='word_1_581' title='bbox 1156 4038 1384 4108; x_wconf 88' lang='grc' dir='ltr'>Πατρὸς,</span> <span class='ocrx_word' id='word_1_582' title='bbox 1418 4039 1509 4091; x_wconf 79' lang='grc' dir='ltr'><strong>καὶ</strong></span> <span class='ocrx_word' id='word_1_583' title='bbox 1542 4039 1641 4090; x_wconf 85' lang='grc' dir='ltr'><strong>ούκ</strong></span> <span class='ocrx_word' id='word_1_584' title='bbox 1669 4040 1802 4108; x_wconf 85' lang='grc' dir='ltr'>ἀμε-</span> 
     </span>
    </p>
   </div>
   <div class='ocr_carea' id='block_1_72' title="bbox 235 4129 1802 4204">
    <p class='ocr_par' dir='ltr' id='par_1_72' title="bbox 235 4129 1802 4204">
     <span class='ocr_line' id='line_1_72' title="bbox 235 4129 1802 4204; baseline 0.002 -22"><span class='ocrx_word' id='word_1_585' title='bbox 235 4129 492 4194; x_wconf 90' lang='grc' dir='ltr'>σίτευτος.</span> <span class='ocrx_word' id='word_1_586' title='bbox 547 4133 607 4184; x_wconf 84' lang='grc' dir='ltr'>Ὀ</span> <span class='ocrx_word' id='word_1_587' title='bbox 654 4134 949 4202; x_wconf 82' lang='grc' dir='ltr'>ἐνεργήσας</span> <span class='ocrx_word' id='word_1_588' title='bbox 999 4134 1108 4204; x_wconf 78' lang='grc' dir='ltr'><strong>γὰρ</strong></span> <span class='ocrx_word' id='word_1_589' title='bbox 1137 4135 1367 4203; x_wconf 81' lang='grc' dir='ltr'>πρῶτος,</span> <span class='ocrx_word' id='word_1_590' title='bbox 1422 4130 1540 4186; x_wconf 75' lang='grc' dir='ltr'>εἶτα.</span> <span class='ocrx_word' id='word_1_591' title='bbox 1583 4137 1614 4204; x_wconf 84' lang='grc' dir='ltr'>ἡ</span> <span class='ocrx_word' id='word_1_592' title='bbox 1655 4135 1802 4202; x_wconf 83' lang='grc' dir='ltr'><strong>ὲνέρ-</strong></span> 
     </span>
    </p>
   </div>
   <div class='ocr_carea' id='block_1_73' title="bbox 232 4221 1797 4292">
    <p class='ocr_par' dir='ltr' id='par_1_73' title="bbox 232 4221 1797 4292">
     <span class='ocr_line' id='line_1_73' title="bbox 232 4221 1797 4292; baseline 0.001 -20"><span class='ocrx_word' id='word_1_593' title='bbox 232 4238 376 4288; x_wconf 89' lang='grc' dir='ltr'>γεια,</span> <span class='ocrx_word' id='word_1_594' title='bbox 409 4223 502 4274; x_wconf 77' lang='grc' dir='ltr'><strong>καὶ</strong></span> <span class='ocrx_word' id='word_1_595' title='bbox 548 4221 688 4275; x_wconf 71' lang='grc' dir='ltr'>οὕτω</span> <span class='ocrx_word' id='word_1_596' title='bbox 713 4222 770 4275; x_wconf 89' lang='grc' dir='ltr'><strong>τὸ</strong></span> <span class='ocrx_word' id='word_1_597' title='bbox 803 4223 1112 4292; x_wconf 56' lang='grc' dir='ltr'>ὲνερηθὲν.</span> <span class='ocrx_word' id='word_1_598' title='bbox 1146 4225 1204 4274; x_wconf 84' lang='grc' dir='ltr'><strong>Εἰ</strong></span> <span class='ocrx_word' id='word_1_599' title='bbox 1252 4223 1539 4292; x_wconf 77' lang='grc' dir='ltr'>μονογενὴς</span> <span class='ocrx_word' id='word_1_600' title='bbox 1580 4225 1608 4273; x_wconf 87' lang='lat'><strong>6</strong></span> <span class='ocrx_word' id='word_1_601' title='bbox 1653 4222 1797 4290; x_wconf 75' lang='grc' dir='ltr'>Υἱὸς,</span> 
     </span>
    </p>
   </div>
   <div class='ocr_carea' id='block_1_74' title="bbox 229 4315 1802 4386">
    <p class='ocr_par' dir='ltr' id='par_1_74' title="bbox 229 4315 1802 4386">
     <span class='ocr_line' id='line_1_74' title="bbox 229 4315 1802 4386; baseline -0.001 -18"><span class='ocrx_word' id='word_1_602' title='bbox 229 4315 317 4370; x_wconf 82' lang='grc' dir='ltr'>διὰ</span> <span class='ocrx_word' id='word_1_603' title='bbox 349 4317 409 4369; x_wconf 89' lang='grc' dir='ltr'><strong>τὸ</strong></span> <span class='ocrx_word' id='word_1_604' title='bbox 434 4316 592 4386; x_wconf 86' lang='grc' dir='ltr'>μόνος</span> <span class='ocrx_word' id='word_1_605' title='bbox 624 4318 686 4369; x_wconf 82' lang='grc' dir='ltr'>ὲκ</span> <span class='ocrx_word' id='word_1_606' title='bbox 729 4317 887 4386; x_wconf 89' lang='grc' dir='ltr'>μόνου</span> <span class='ocrx_word' id='word_1_607' title='bbox 921 4315 1272 4384; x_wconf 77' lang='grc' dir='ltr'>γεγεννῆσθαι</span> <span class='ocrx_word' id='word_1_608' title='bbox 1300 4317 1373 4384; x_wconf 75' lang='grc'>(9.)</span> <span class='ocrx_word' id='word_1_609' title='bbox 1401 4333 1413 4346; x_wconf 91' lang='grc'><strong>·</strong></span> <span class='ocrx_word' id='word_1_610' title='bbox 1460 4319 1802 4384; x_wconf 84' lang='grc' dir='ltr'>μονόκτιστος</span> 
     </span>
    </p>
   </div>
   <div class='ocr_carea' id='block_1_75' title="bbox 1898 3217 3467 3284">
    <p class='ocr_par' dir='ltr' id='par_1_75' title="bbox 1898 3217 3467 3284">
     <span class='ocr_line' id='line_1_75' title="bbox 1898 3217 3467 3284; baseline -0.009 0"><span class='ocrx_word' id='word_1_611' title='bbox 1898 3239 2133 3284; x_wconf 76' lang='lat' dir='ltr'><strong>aztcrnus</strong></span> <span class='ocrx_word' id='word_1_612' title='bbox 2157 3241 2262 3281; x_wconf 90' lang='lat' dir='ltr'><strong>non</strong></span> <span class='ocrx_word' id='word_1_613' title='bbox 2303 3235 2401 3282; x_wconf 90' lang='grc' dir='ltr'>εει.</span> <span class='ocrx_word' id='word_1_614' title='bbox 2436 3223 2538 3276; x_wconf 91' lang='lat' dir='ltr'><strong>erit</strong></span> <span class='ocrx_word' id='word_1_615' title='bbox 2574 3219 2883 3276; x_wconf 79' lang='lat' dir='ltr'><strong>necessario</strong></span> <span class='ocrx_word' id='word_1_616' title='bbox 2911 3232 3102 3273; x_wconf 88' lang='lat' dir='ltr'><strong>recens</strong></span> <span class='ocrx_word' id='word_1_617' title='bbox 3126 3233 3137 3267; x_wconf 94' lang='lat'><strong>:</strong></span> <span class='ocrx_word' id='word_1_618' title='bbox 3159 3217 3203 3272; x_wconf 88' lang='lat' dir='ltr'><strong>si</strong></span> <span class='ocrx_word' id='word_1_619' title='bbox 3237 3231 3340 3271; x_wconf 91' lang='lat' dir='ltr'><strong>non</strong></span> <span class='ocrx_word' id='word_1_620' title='bbox 3374 3229 3467 3270; x_wconf 84' lang='lat' dir='ltr'><strong>ve-</strong></span> 
     </span>
    </p>
   </div>
   <div class='ocr_carea' id='block_1_76' title="bbox 1901 3312 3466 3384">
    <p class='ocr_par' dir='ltr' id='par_1_76' title="bbox 1901 3312 3466 3384">
     <span class='ocr_line' id='line_1_76' title="bbox 1901 3312 3466 3384; baseline -0.008 -10"><span class='ocrx_word' id='word_1_621' title='bbox 1901 3337 2011 3384; x_wconf 91' lang='lat' dir='ltr'><strong>rus,</strong></span> <span class='ocrx_word' id='word_1_622' title='bbox 2042 3319 2203 3374; x_wconf 74' lang='lat' dir='ltr'><strong>falsus</strong></span> <span class='ocrx_word' id='word_1_623' title='bbox 2229 3335 2242 3370; x_wconf 89' lang='lat'><strong>:</strong></span> <span class='ocrx_word' id='word_1_624' title='bbox 2264 3317 2306 3372; x_wconf 89' lang='lat' dir='ltr'><strong>si</strong></span> <span class='ocrx_word' id='word_1_625' title='bbox 2331 3332 2434 3370; x_wconf 90' lang='lat' dir='ltr'><strong>non</strong></span> <span class='ocrx_word' id='word_1_626' title='bbox 2471 3325 2682 3378; x_wconf 86' lang='lat' dir='ltr'><strong>natura,</strong></span> <span class='ocrx_word' id='word_1_627' title='bbox 2715 3314 3018 3381; x_wconf 86' lang='lat' dir='ltr'><strong>adoptione.</strong></span> <span class='ocrx_word' id='word_1_628' title='bbox 3065 3312 3350 3378; x_wconf 88' lang='lat' dir='ltr'><strong>lmpiornm</strong></span> <span class='ocrx_word' id='word_1_629' title='bbox 3381 3324 3466 3362; x_wconf 85' lang='lat' dir='ltr'><strong>au-</strong></span> 
     </span>
    </p>
   </div>
   <div class='ocr_carea' id='block_1_77' title="bbox 1902 3402 3463 3466">
    <p class='ocr_par' dir='ltr' id='par_1_77' title="bbox 1902 3402 3463 3466">
     <span class='ocr_line' id='line_1_77' title="bbox 1902 3402 3463 3466; baseline -0.008 0"><span class='ocrx_word' id='word_1_630' title='bbox 1902 3423 2007 3466; x_wconf 89' lang='lat' dir='ltr'><strong>tem</strong></span> <span class='ocrx_word' id='word_1_631' title='bbox 2045 3423 2127 3466; x_wconf 89' lang='lat' dir='ltr'><strong>est</strong></span> <span class='ocrx_word' id='word_1_632' title='bbox 2170 3419 2412 3464; x_wconf 77' lang='lat' dir='ltr'><strong>recentes</strong></span> <span class='ocrx_word' id='word_1_633' title='bbox 2443 3417 2495 3462; x_wconf 90' lang='lat' dir='ltr'><strong>et</strong></span> <span class='ocrx_word' id='word_1_634' title='bbox 2540 3405 2703 3460; x_wconf 82' lang='lat' dir='ltr'><strong>falsos</strong></span> <span class='ocrx_word' id='word_1_635' title='bbox 2746 3420 2843 3457; x_wconf 90' lang='lat' dir='ltr'><strong>nec</strong></span> <span class='ocrx_word' id='word_1_636' title='bbox 2879 3416 3065 3456; x_wconf 83' lang='lat' dir='ltr'><strong>natura</strong></span> <span class='ocrx_word' id='word_1_637' title='bbox 3107 3403 3234 3456; x_wconf 85' lang='lat' dir='ltr'><strong>deos</strong></span> <span class='ocrx_word' id='word_1_638' title='bbox 3264 3402 3463 3456; x_wconf 86' lang='lat' dir='ltr'><strong>colere.</strong></span> 
     </span>
    </p>
   </div>
   <div class='ocr_carea' id='block_1_78' title="bbox 1904 3479 3465 3568">
    <p class='ocr_par' dir='ltr' id='par_1_78' title="bbox 1904 3479 3465 3568">
     <span class='ocr_line' id='line_1_78' title="bbox 1904 3479 3465 3568; baseline -0.006 -12"><span class='ocrx_word' id='word_1_639' title='bbox 1904 3503 2026 3556; x_wconf 82' lang='lat' dir='ltr'><strong>Non</strong></span> <span class='ocrx_word' id='word_1_640' title='bbox 2067 3504 2202 3554; x_wconf 83' lang='lat' dir='ltr'><strong>enim</strong></span> <span class='ocrx_word' id='word_1_641' title='bbox 2229 3501 2325 3553; x_wconf 85' lang='lat' dir='ltr'><strong>erit</strong></span> <span class='ocrx_word' id='word_1_642' title='bbox 2353 3501 2466 3565; x_wconf 84' lang='lat' dir='ltr'><strong>tibi,</strong></span> <span class='ocrx_word' id='word_1_643' title='bbox 2495 3500 2688 3568; x_wconf 90' lang='lat' dir='ltr'><strong>inquit,</strong></span> <span class='ocrx_word' id='word_1_644' title='bbox 2734 3496 2868 3549; x_wconf 72' lang='lat' dir='ltr'><strong>Deus</strong></span> <span class='ocrx_word' id='word_1_645' title='bbox 2921 3511 3093 3548; x_wconf 72' lang='lat' dir='ltr'><strong>recens</strong></span> <span class='ocrx_word' id='word_1_646' title='bbox 3117 3479 3184 3547; x_wconf 56' lang='grc'><strong>⁷⁸.</strong></span> <span class='ocrx_word' id='word_1_647' title='bbox 3229 3494 3293 3546; x_wconf 84' lang='grc' dir='ltr'>Ει</span> <span class='ocrx_word' id='word_1_648' title='bbox 3326 3493 3465 3547; x_wconf 82' lang='lat' dir='ltr'><strong>Pau-</strong></span> 
     </span>
    </p>
   </div>
   <div class='ocr_carea' id='block_1_79' title="bbox 1902 3587 3467 3657">
    <p class='ocr_par' dir='ltr' id='par_1_79' title="bbox 1902 3587 3467 3657">
     <span class='ocr_line' id='line_1_79' title="bbox 1902 3587 3467 3657; baseline -0.006 -9"><span class='ocrx_word' id='word_1_649' title='bbox 1902 3596 1984 3648; x_wconf 89' lang='lat' dir='ltr'><strong>lus</strong></span> <span class='ocrx_word' id='word_1_650' title='bbox 2019 3611 2030 3646; x_wconf 86' lang='lat'><strong>:</strong></span> <span class='ocrx_word' id='word_1_651' title='bbox 2063 3593 2163 3648; x_wconf 81' lang='lat' dir='ltr'><strong>Sed</strong></span> <span class='ocrx_word' id='word_1_652' title='bbox 2209 3604 2329 3645; x_wconf 82' lang='lat' dir='ltr'><strong>tunc</strong></span> <span class='ocrx_word' id='word_1_653' title='bbox 2369 3591 2576 3657; x_wconf 79' lang='lat' dir='ltr'><strong>quidem</strong></span> <span class='ocrx_word' id='word_1_654' title='bbox 2621 3591 2919 3657; x_wconf 76' lang='lat' dir='ltr'><strong>ignorantes</strong></span> <span class='ocrx_word' id='word_1_655' title='bbox 2968 3587 3150 3649; x_wconf 84' lang='lat' dir='ltr'><strong>Deum,</strong></span> <span class='ocrx_word' id='word_1_656' title='bbox 3185 3587 3467 3640; x_wconf 73' lang='lat' dir='ltr'><strong>aeruivistis</strong></span> 
     </span>
    </p>
   </div>
   <div class='ocr_carea' id='block_1_80' title="bbox 1901 3670 3468 3752">
    <p class='ocr_par' dir='ltr' id='par_1_80' title="bbox 1901 3670 3468 3752">
     <span class='ocr_line' id='line_1_80' title="bbox 1901 3670 3468 3752; baseline -0.005 -14"><span class='ocrx_word' id='word_1_657' title='bbox 1901 3687 1988 3748; x_wconf 80' lang='lat' dir='ltr'><strong>iis,</strong></span> <span class='ocrx_word' id='word_1_658' title='bbox 2012 3687 2097 3752; x_wconf 80' lang='lat' dir='ltr'><strong>qui</strong></span> <span class='ocrx_word' id='word_1_659' title='bbox 2139 3694 2325 3736; x_wconf 85' lang='lat' dir='ltr'><strong>natura</strong></span> <span class='ocrx_word' id='word_1_660' title='bbox 2375 3670 2479 3735; x_wconf 78' lang='lat' dir='ltr'><strong>non</strong></span> <span class='ocrx_word' id='word_1_661' title='bbox 2508 3692 2626 3734; x_wconf 73' lang='lat' dir='ltr'><strong>sunt</strong></span> <span class='ocrx_word' id='word_1_662' title='bbox 2668 3680 2824 3732; x_wconf 83' lang='lat' dir='ltr'><strong>dii&quot;.</strong></span> <span class='ocrx_word' id='word_1_663' title='bbox 2866 3680 2972 3732; x_wconf 82' lang='lat' dir='ltr'><strong>Aut</strong></span> <span class='ocrx_word' id='word_1_664' title='bbox 3012 3678 3157 3744; x_wconf 89' lang='lat' dir='ltr'><strong>impii</strong></span> <span class='ocrx_word' id='word_1_665' title='bbox 3207 3689 3332 3733; x_wconf 78' lang='lat' dir='ltr'><strong>Sunt</strong></span> <span class='ocrx_word' id='word_1_666' title='bbox 3375 3677 3468 3748; x_wconf 89' lang='lat' dir='ltr'><strong>qui</strong></span> 
     </span>
    </p>
   </div>
   <div class='ocr_carea' id='block_1_81' title="bbox 1901 3769 3468 3832">
    <p class='ocr_par' dir='ltr' id='par_1_81' title="bbox 1901 3769 3468 3832">
     <span class='ocr_line' id='line_1_81' title="bbox 1901 3769 3468 3832; baseline -0.007 -1"><span class='ocrx_word' id='word_1_667' title='bbox 1901 3776 2171 3831; x_wconf 84' lang='lat' dir='ltr'><strong>Christum</strong></span> <span class='ocrx_word' id='word_1_668' title='bbox 2203 3775 2278 3829; x_wconf 90' lang='lat' dir='ltr'><strong>sic</strong></span> <span class='ocrx_word' id='word_1_669' title='bbox 2308 3774 2488 3827; x_wconf 90' lang='lat' dir='ltr'><strong>colunt</strong></span> <span class='ocrx_word' id='word_1_670' title='bbox 2523 3788 2536 3823; x_wconf 91' lang='lat'><strong>:</strong></span> <span class='ocrx_word' id='word_1_671' title='bbox 2564 3781 2653 3824; x_wconf 91' lang='lat' dir='ltr'><strong>aut</strong></span> <span class='ocrx_word' id='word_1_672' title='bbox 2690 3781 2876 3824; x_wconf 88' lang='lat' dir='ltr'><strong>natura</strong></span> <span class='ocrx_word' id='word_1_673' title='bbox 2910 3779 2964 3823; x_wconf 91' lang='lat' dir='ltr'><strong>et</strong></span> <span class='ocrx_word' id='word_1_674' title='bbox 3008 3784 3164 3823; x_wconf 89' lang='lat' dir='ltr'><strong>verus</strong></span> <span class='ocrx_word' id='word_1_675' title='bbox 3199 3769 3336 3822; x_wconf 88' lang='lat' dir='ltr'><strong>Deus</strong></span> <span class='ocrx_word' id='word_1_676' title='bbox 3365 3777 3468 3832; x_wconf 85' lang='lat' dir='ltr'><strong>est,</strong></span> 
     </span>
    </p>
   </div>
   <div class='ocr_carea' id='block_1_82' title="bbox 1901 3861 3470 3938">
    <p class='ocr_par' dir='ltr' id='par_1_82' title="bbox 1901 3861 3470 3938">
     <span class='ocr_line' id='line_1_82' title="bbox 1901 3861 3470 3938; baseline -0.008 -14"><span class='ocrx_word' id='word_1_677' title='bbox 1901 3883 2063 3938; x_wconf 89' lang='lat' dir='ltr'><strong>atque</strong></span> <span class='ocrx_word' id='word_1_678' title='bbox 2087 3871 2220 3922; x_wconf 85' lang='lat' dir='ltr'><strong>adeo</strong></span> <span class='ocrx_word' id='word_1_679' title='bbox 2245 3867 2336 3936; x_wconf 90' lang='lat' dir='ltr'><strong>pii.</strong></span> <span class='ocrx_word' id='word_1_680' title='bbox 2373 3865 2428 3919; x_wconf 92' lang='lat' dir='ltr'><strong>Si</strong></span> <span class='ocrx_word' id='word_1_681' title='bbox 2453 3865 2622 3919; x_wconf 88' lang='lat' dir='ltr'><strong>Filius</strong></span> <span class='ocrx_word' id='word_1_682' title='bbox 2650 3862 2892 3931; x_wconf 89' lang='lat' dir='ltr'><strong>operatio</strong></span> <span class='ocrx_word' id='word_1_683' title='bbox 2922 3871 3025 3926; x_wconf 90' lang='lat' dir='ltr'><strong>est,</strong></span> <span class='ocrx_word' id='word_1_684' title='bbox 3056 3877 3161 3914; x_wconf 92' lang='lat' dir='ltr'><strong>non</strong></span> <span class='ocrx_word' id='word_1_685' title='bbox 3199 3861 3470 3930; x_wconf 83' lang='lat' dir='ltr'><strong>genitura,</strong></span> 
     </span>
    </p>
   </div>
   <div class='ocr_carea' id='block_1_83' title="bbox 1903 3953 3472 4030">
    <p class='ocr_par' dir='ltr' id='par_1_83' title="bbox 1903 3953 3472 4030">
     <span class='ocr_line' id='line_1_83' title="bbox 1903 3953 3472 4030; baseline -0.004 -18"><span class='ocrx_word' id='word_1_686' title='bbox 1903 3978 2077 4029; x_wconf 80' lang='lat' dir='ltr'><strong>neque</strong></span> <span class='ocrx_word' id='word_1_687' title='bbox 2109 3960 2199 4030; x_wconf 85' lang='lat' dir='ltr'><strong>qui</strong></span> <span class='ocrx_word' id='word_1_688' title='bbox 2229 3968 2482 4028; x_wconf 87' lang='lat' dir='ltr'><strong>operatus</strong></span> <span class='ocrx_word' id='word_1_689' title='bbox 2531 3966 2635 4020; x_wconf 89' lang='grc' dir='ltr'>εει,</span> <span class='ocrx_word' id='word_1_690' title='bbox 2677 3971 2853 4024; x_wconf 91' lang='lat' dir='ltr'><strong>neque</strong></span> <span class='ocrx_word' id='word_1_691' title='bbox 2880 3970 3015 4023; x_wconf 85' lang='lat' dir='ltr'><strong>opus</strong></span> <span class='ocrx_word' id='word_1_692' title='bbox 3045 3953 3215 4020; x_wconf 83' lang='lat' dir='ltr'><strong>ipsum</strong></span> <span class='ocrx_word' id='word_1_693' title='bbox 3245 3953 3360 4021; x_wconf 90' lang='lat' dir='ltr'><strong>ipse</strong></span> <span class='ocrx_word' id='word_1_694' title='bbox 3389 3962 3472 4006; x_wconf 88' lang='lat' dir='ltr'><strong>est</strong></span> 
     </span>
    </p>
   </div>
   <div class='ocr_carea' id='block_1_84' title="bbox 1903 4043 3470 4120">
    <p class='ocr_par' dir='ltr' id='par_1_84' title="bbox 1903 4043 3470 4120">
     <span class='ocr_line' id='line_1_84' title="bbox 1903 4043 3470 4120; baseline -0.006 -16"><span class='ocrx_word' id='word_1_695' title='bbox 1903 4052 2067 4120; x_wconf 89' lang='lat' dir='ltr'><strong>(aliud</strong></span> <span class='ocrx_word' id='word_1_696' title='bbox 2113 4051 2254 4103; x_wconf 91' lang='lat' dir='ltr'><strong>enim</strong></span> <span class='ocrx_word' id='word_1_697' title='bbox 2311 4061 2393 4102; x_wconf 89' lang='lat' dir='ltr'><strong>est</strong></span> <span class='ocrx_word' id='word_1_698' title='bbox 2448 4047 2690 4115; x_wconf 89' lang='lat' dir='ltr'><strong>operatio</strong></span> <span class='ocrx_word' id='word_1_699' title='bbox 2727 4055 2920 4114; x_wconf 72' lang='lat' dir='ltr'><strong>prazter</strong></span> <span class='ocrx_word' id='word_1_700' title='bbox 2959 4043 3132 4113; x_wconf 75' lang='lat' dir='ltr'><strong>lucc):</strong></span> <span class='ocrx_word' id='word_1_701' title='bbox 3174 4043 3266 4097; x_wconf 88' lang='lat' dir='ltr'><strong>sed</strong></span> <span class='ocrx_word' id='word_1_702' title='bbox 3305 4043 3470 4095; x_wconf 89' lang='lat' dir='ltr'><strong>etiant</strong></span> 
     </span>
    </p>
   </div>
   <div class='ocr_carea' id='block_1_85' title="bbox 1904 4133 3470 4202">
    <p class='ocr_par' dir='ltr' id='par_1_85' title="bbox 1904 4133 3470 4202">
     <span class='ocr_line' id='line_1_85' title="bbox 1904 4133 3470 4202; baseline -0.006 -7"><span class='ocrx_word' id='word_1_703' title='bbox 1904 4159 2005 4196; x_wconf 89' lang='lat' dir='ltr'><strong>non</strong></span> <span class='ocrx_word' id='word_1_704' title='bbox 2035 4142 2310 4202; x_wconf 85' lang='lat' dir='ltr'><strong>subsistit;</strong></span> <span class='ocrx_word' id='word_1_705' title='bbox 2348 4139 2493 4191; x_wconf 90' lang='lat' dir='ltr'><strong>nulla</strong></span> <span class='ocrx_word' id='word_1_706' title='bbox 2529 4140 2670 4191; x_wconf 89' lang='lat' dir='ltr'><strong>enim</strong></span> <span class='ocrx_word' id='word_1_707' title='bbox 2697 4136 2945 4191; x_wconf 90' lang='lat' dir='ltr'><strong>subsistit</strong></span> <span class='ocrx_word' id='word_1_708' title='bbox 2971 4133 3310 4202; x_wconf 84' lang='lat' dir='ltr'><strong>operatio.‘Si</strong></span> <span class='ocrx_word' id='word_1_709' title='bbox 3343 4148 3470 4187; x_wconf 84' lang='lat' dir='ltr'><strong>vero</strong></span> 
     </span>
    </p>
   </div>
   <div class='ocr_carea' id='block_1_86' title="bbox 1903 4227 3464 4301">
    <p class='ocr_par' dir='ltr' id='par_1_86' title="bbox 1903 4227 3464 4301">
     <span class='ocr_line' id='line_1_86' title="bbox 1903 4227 3464 4301; baseline -0.006 -16"><span class='ocrx_word' id='word_1_710' title='bbox 1903 4247 2034 4299; x_wconf 77' lang='lat' dir='ltr'><strong>Opus</strong></span> <span class='ocrx_word' id='word_1_711' title='bbox 2071 4233 2249 4301; x_wconf 89' lang='lat' dir='ltr'><strong>ipsum</strong></span> <span class='ocrx_word' id='word_1_712' title='bbox 2271 4241 2374 4293; x_wconf 89' lang='lat' dir='ltr'><strong>est,</strong></span> <span class='ocrx_word' id='word_1_713' title='bbox 2399 4229 2588 4283; x_wconf 89' lang='lat' dir='ltr'><strong>tertius</strong></span> <span class='ocrx_word' id='word_1_714' title='bbox 2619 4245 2646 4282; x_wconf 88' lang='lat' dir='ltr'><strong>a</strong></span> <span class='ocrx_word' id='word_1_715' title='bbox 2676 4227 2852 4288; x_wconf 82' lang='lat' dir='ltr'><strong>Patre,</strong></span> <span class='ocrx_word' id='word_1_716' title='bbox 2870 4243 2974 4280; x_wconf 93' lang='lat' dir='ltr'><strong>non</strong></span> <span class='ocrx_word' id='word_1_717' title='bbox 3008 4227 3346 4280; x_wconf 86' lang='lat' dir='ltr'><strong>immediatus</strong></span> <span class='ocrx_word' id='word_1_718' title='bbox 3362 4232 3464 4278; x_wconf 91' lang='grc' dir='ltr'>εει.</span> 
     </span>
    </p>
   </div>
   <div class='ocr_carea' id='block_1_87' title="bbox 1903 4319 3469 4391">
    <p class='ocr_par' dir='ltr' id='par_1_87' title="bbox 1903 4319 3469 4391">
     <span class='ocr_line' id='line_1_87' title="bbox 1903 4319 3469 4391; baseline -0.006 -13"><span class='ocrx_word' id='word_1_719' title='bbox 1903 4323 2002 4390; x_wconf 86' lang='lat' dir='ltr'><strong>Qui</strong></span> <span class='ocrx_word' id='word_1_720' title='bbox 2032 4325 2172 4378; x_wconf 88' lang='lat' dir='ltr'><strong>enim</strong></span> <span class='ocrx_word' id='word_1_721' title='bbox 2204 4332 2458 4391; x_wconf 87' lang='lat' dir='ltr'><strong>operatus</strong></span> <span class='ocrx_word' id='word_1_722' title='bbox 2485 4331 2595 4383; x_wconf 86' lang='grc' dir='ltr'>εει,</span> <span class='ocrx_word' id='word_1_723' title='bbox 2628 4322 2834 4387; x_wconf 81' lang='lat' dir='ltr'><strong>primus</strong></span> <span class='ocrx_word' id='word_1_724' title='bbox 2879 4329 2961 4373; x_wconf 87' lang='lat' dir='ltr'><strong>est</strong></span> <span class='ocrx_word' id='word_1_725' title='bbox 2995 4335 3009 4372; x_wconf 89' lang='lat'><strong>:</strong></span> <span class='ocrx_word' id='word_1_726' title='bbox 3041 4319 3230 4372; x_wconf 87' lang='lat' dir='ltr'><strong>deinde</strong></span> <span class='ocrx_word' id='word_1_727' title='bbox 3278 4330 3469 4384; x_wconf 89' lang='lat' dir='ltr'><strong>opera-</strong></span> 
     </span>
    </p>
   </div>
   <div class='ocr_carea' id='block_1_88' title="bbox 231 4407 1893 4490">
    <p class='ocr_par' dir='ltr' id='par_1_88' title="bbox 231 4407 1873 4490">
     <span class='ocr_line' id='line_1_88' title="bbox 231 4407 1873 4490; baseline -0.001 -28"><span class='ocrx_word' id='word_1_728' title='bbox 231 4409 564 4481; x_wconf 85' lang='grc' dir='ltr'>κυριώτερον</span> <span class='ocrx_word' id='word_1_729' title='bbox 589 4408 651 4461; x_wconf 78' lang='grc' dir='ltr'><strong>ἂν</strong></span> <span class='ocrx_word' id='word_1_730' title='bbox 681 4409 908 4477; x_wconf 86' lang='grc' dir='ltr'>λέγοιτο,</span> <span class='ocrx_word' id='word_1_731' title='bbox 942 4409 1144 4476; x_wconf 81' lang='grc' dir='ltr'>κτίσμα</span> <span class='ocrx_word' id='word_1_732' title='bbox 1180 4410 1275 4478; x_wconf 82' lang='grc' dir='ltr'><strong>μὲν</strong></span> <span class='ocrx_word' id='word_1_733' title='bbox 1303 4407 1514 4476; x_wconf 80' lang='grc' dir='ltr'>ἀληθῶς</span> <span class='ocrx_word' id='word_1_734' title='bbox 1550 4410 1668 4461; x_wconf 83' lang='grc' dir='ltr'>κατ’</span> <span class='ocrx_word' id='word_1_735' title='bbox 1696 4410 1796 4460; x_wconf 75' lang='grc' dir='ltr'><strong>Εύο</strong></span> <span class='ocrx_word' id='word_1_736' title='bbox 1829 4435 1873 4490; x_wconf 78' lang='lat' dir='ltr'><strong>D</strong></span> 
     </span>
    </p>
   </div>
   <div class='ocr_carea' id='block_1_89' title="bbox 1802 4407 3464 4490">
    <p class='ocr_par' dir='ltr' id='par_1_89' title="bbox 1829 4407 3464 4490">
     <span class='ocr_line' id='line_1_89' title="bbox 1829 4407 3464 4490; baseline -0.006 -19"><span class='ocrx_word' id='word_1_737' title='bbox 1829 4435 1873 4490; x_wconf 78' lang='grc' dir='ltr'><strong>ι)</strong></span> <span class='ocrx_word' id='word_1_738' title='bbox 1905 4417 1999 4480; x_wconf 83' lang='grc' dir='ltr'>ιίο,</span> <span class='ocrx_word' id='word_1_739' title='bbox 2031 4425 2138 4469; x_wconf 93' lang='lat' dir='ltr'><strong>tum</strong></span> <span class='ocrx_word' id='word_1_740' title='bbox 2163 4415 2373 4469; x_wconf 91' lang='lat' dir='ltr'><strong>demum</strong></span> <span class='ocrx_word' id='word_1_741' title='bbox 2398 4428 2554 4481; x_wconf 88' lang='lat' dir='ltr'><strong>opus.</strong></span> <span class='ocrx_word' id='word_1_742' title='bbox 2581 4412 2636 4466; x_wconf 91' lang='lat' dir='ltr'><strong>Si</strong></span> <span class='ocrx_word' id='word_1_743' title='bbox 2668 4411 2834 4466; x_wconf 85' lang='lat' dir='ltr'><strong>Filius</strong></span> <span class='ocrx_word' id='word_1_744' title='bbox 2865 4409 3171 4479; x_wconf 83' lang='lat' dir='ltr'><strong>unigenitus</strong></span> <span class='ocrx_word' id='word_1_745' title='bbox 3197 4417 3297 4471; x_wconf 89' lang='grc' dir='ltr'>εει,</span> <span class='ocrx_word' id='word_1_746' title='bbox 3323 4407 3464 4477; x_wconf 85' lang='lat' dir='ltr'><strong>quod</strong></span> 
     </span>
    </p>
   </div>
   <div class='ocr_carea' id='block_1_90' title="bbox 230 4500 1793 4571">
    <p class='ocr_par' dir='ltr' id='par_1_90' title="bbox 230 4500 1793 4571">
     <span class='ocr_line' id='line_1_90' title="bbox 230 4500 1793 4571; baseline 0 -17"><span class='ocrx_word' id='word_1_747' title='bbox 230 4501 414 4570; x_wconf 87' lang='grc' dir='ltr'>νόμιον</span> <span class='ocrx_word' id='word_1_748' title='bbox 442 4501 537 4563; x_wconf 83' lang='grc' dir='ltr'><strong>ὢν,</strong></span> <span class='ocrx_word' id='word_1_749' title='bbox 575 4500 818 4571; x_wconf 82' lang='grc' dir='ltr'>γέννημα</span> <span class='ocrx_word' id='word_1_750' title='bbox 859 4500 912 4553; x_wconf 82' lang='grc' dir='ltr'>δὲ</span> <span class='ocrx_word' id='word_1_751' title='bbox 947 4501 1309 4571; x_wconf 67' lang='grc' dir='ltr'>ψευδωνύμως</span> <span class='ocrx_word' id='word_1_752' title='bbox 1352 4501 1699 4571; x_wconf 84' lang='grc' dir='ltr'>καλούμενος.</span> <span class='ocrx_word' id='word_1_753' title='bbox 1733 4503 1793 4554; x_wconf 78' lang='lat' dir='ltr'><strong>El</strong></span> 
     </span>
    </p>
   </div>
   <div class='ocr_carea' id='block_1_91' title="bbox 228 4589 1792 4662">
    <p class='ocr_par' dir='ltr' id='par_1_91' title="bbox 228 4589 1792 4662">
     <span class='ocr_line' id='line_1_91' title="bbox 228 4589 1792 4662; baseline 0.001 -18"><span class='ocrx_word' id='word_1_754' title='bbox 228 4593 257 4644; x_wconf 85' lang='lat'><strong>6</strong></span> <span class='ocrx_word' id='word_1_755' title='bbox 291 4593 416 4654; x_wconf 86' lang='grc' dir='ltr'>Υίὸς</span> <span class='ocrx_word' id='word_1_756' title='bbox 445 4591 829 4662; x_wconf 79' lang='grc' dir='ltr'>δημιούργημα</span> <span class='ocrx_word' id='word_1_757' title='bbox 861 4589 949 4645; x_wconf 60' lang='grc' dir='ltr'>τοῦ</span> <span class='ocrx_word' id='word_1_758' title='bbox 992 4594 1199 4662; x_wconf 82' lang='grc' dir='ltr'>Πατρὸς</span> <span class='ocrx_word' id='word_1_759' title='bbox 1232 4593 1405 4662; x_wconf 82' lang='grc' dir='ltr'>μόνος,</span> <span class='ocrx_word' id='word_1_760' title='bbox 1438 4593 1504 4645; x_wconf 70' lang='grc' dir='ltr'><strong>τὰ</strong></span> <span class='ocrx_word' id='word_1_761' title='bbox 1534 4593 1587 4646; x_wconf 83' lang='grc' dir='ltr'>δὲ</span> <span class='ocrx_word' id='word_1_762' title='bbox 1619 4611 1792 4647; x_wconf 86' lang='grc' dir='ltr'>παντα</span> 
     </span>
    </p>
   </div>
   <div class='ocr_carea' id='block_1_92' title="bbox 228 4678 1791 4753">
    <p class='ocr_par' dir='ltr' id='par_1_92' title="bbox 228 4678 1791 4753">
     <span class='ocr_line' id='line_1_92' title="bbox 228 4678 1791 4753; baseline 0.001 -17"><span class='ocrx_word' id='word_1_763' title='bbox 228 4684 322 4736; x_wconf 81' lang='grc' dir='ltr'>τοῦ</span> <span class='ocrx_word' id='word_1_764' title='bbox 350 4681 500 4750; x_wconf 81' lang='grc' dir='ltr'>Υίοῦ,</span> <span class='ocrx_word' id='word_1_765' title='bbox 532 4683 721 4749; x_wconf 75' lang='grc' dir='ltr'>εἰπὼν,</span> <span class='ocrx_word' id='word_1_766' title='bbox 762 4684 837 4738; x_wconf 85' lang='grc' dir='ltr'><em>Τὰ</em></span> <span class='ocrx_word' id='word_1_767' title='bbox 891 4685 1000 4753; x_wconf 79' lang='grc' dir='ltr'><strong>ἐμὰ</strong></span> <span class='ocrx_word' id='word_1_768' title='bbox 1035 4678 1227 4737; x_wconf 60' lang='grc' dir='ltr'>πάντα</span> <span class='ocrx_word' id='word_1_769' title='bbox 1265 4683 1348 4738; x_wconf 84' lang='grc' dir='ltr'>σά</span> <span class='ocrx_word' id='word_1_770' title='bbox 1375 4687 1524 4748; x_wconf 81' lang='grc' dir='ltr'>ἐστι,</span> <span class='ocrx_word' id='word_1_771' title='bbox 1569 4685 1791 4738; x_wconf 90' lang='grc' dir='ltr'>δυνατὸν</span> 
     </span>
    </p>
   </div>
   <div class='ocr_carea' id='block_1_93' title="bbox 231 4775 1794 4843">
    <p class='ocr_par' dir='ltr' id='par_1_93' title="bbox 231 4775 1794 4843">
     <span class='ocr_line' id='line_1_93' title="bbox 231 4775 1794 4843; baseline 0.001 -17"><span class='ocrx_word' id='word_1_772' title='bbox 231 4775 402 4826; x_wconf 78' lang='grc' dir='ltr'>εἰπεῖν</span> <span class='ocrx_word' id='word_1_773' title='bbox 426 4790 439 4803; x_wconf 92' lang='grc'><strong>·</strong></span> <span class='ocrx_word' id='word_1_774' title='bbox 475 4775 767 4842; x_wconf 78' lang='grc' dir='ltr'>ἐπαγαγὼν</span> <span class='ocrx_word' id='word_1_775' title='bbox 809 4776 884 4838; x_wconf 82' lang='grc' dir='ltr'><strong>δὲ,</strong></span> <span class='ocrx_word' id='word_1_776' title='bbox 934 4776 1041 4828; x_wconf 79' lang='grc' dir='ltr'><strong>Καὶ</strong></span> <span class='ocrx_word' id='word_1_777' title='bbox 1082 4776 1151 4827; x_wconf 86' lang='grc' dir='ltr'>τὰ</span> <span class='ocrx_word' id='word_1_778' title='bbox 1181 4775 1263 4828; x_wconf 84' lang='grc' dir='ltr'>σὰ</span> <span class='ocrx_word' id='word_1_779' title='bbox 1289 4775 1420 4843; x_wconf 76' lang='grc' dir='ltr'>ἐμὰ,</span> <span class='ocrx_word' id='word_1_780' title='bbox 1470 4778 1588 4828; x_wconf 87' lang='grc' dir='ltr'>κατ’</span> <span class='ocrx_word' id='word_1_781' title='bbox 1633 4777 1794 4829; x_wconf 79' lang='grc' dir='ltr'>Εὐνό-</span> 
     </span>
    </p>
   </div>
   <div class='ocr_carea' id='block_1_94' title="bbox 303 4945 1786 5014">
    <p class='ocr_par' dir='ltr' id='par_1_94' title="bbox 303 4945 1786 5014">
     <span class='ocr_line' id='line_1_94' title="bbox 303 4945 1786 5014; baseline 0.002 -14"><span class='ocrx_word' id='word_1_782' title='bbox 303 4947 384 5000; x_wconf 83' lang='grc' dir='ltr'><strong>⁷⁸Ι</strong></span> <span class='ocrx_word' id='word_1_783' title='bbox 413 4945 540 5002; x_wconf 90' lang='lat' dir='ltr'><strong>Cor.</strong></span> <span class='ocrx_word' id='word_1_784' title='bbox 572 4963 610 5012; x_wconf 87' lang='grc' dir='ltr'><strong>ι,</strong></span> <span class='ocrx_word' id='word_1_785' title='bbox 645 4945 736 5001; x_wconf 67' lang='lat'><strong>24.</strong></span> <span class='ocrx_word' id='word_1_786' title='bbox 815 4949 859 4978; x_wconf 82' lang='grc'><strong>⁷⁸</strong></span> <span class='ocrx_word' id='word_1_787' title='bbox 891 4947 1032 5005; x_wconf 79' lang='lat' dir='ltr'><strong>I’sal.</strong></span> <span class='ocrx_word' id='word_1_788' title='bbox 1068 4963 1232 5014; x_wconf 81' lang='lat' dir='ltr'><strong>Lxxx,</strong></span> <span class='ocrx_word' id='word_1_789' title='bbox 1269 4948 1358 5001; x_wconf 80' lang='grc'><strong>10.</strong></span> <span class='ocrx_word' id='word_1_790' title='bbox 1432 4948 1476 4980; x_wconf 81' lang='grc'><strong>⁷⁷</strong></span> <span class='ocrx_word' id='word_1_791' title='bbox 1503 4945 1622 5003; x_wconf 79' lang='lat' dir='ltr'><strong>Gal.</strong></span> <span class='ocrx_word' id='word_1_792' title='bbox 1655 4965 1729 5014; x_wconf 85' lang='lat' dir='ltr'><strong>tv,</strong></span> <span class='ocrx_word' id='word_1_793' title='bbox 1753 4949 1786 5003; x_wconf 83' lang='lat'>8</span> 
     </span>
    </p>
   </div>
   <div class='ocr_carea' id='block_1_95' title="bbox 304 5101 1759 5173">
    <p class='ocr_par' dir='ltr' id='par_1_95' title="bbox 304 5101 1759 5173">
     <span class='ocr_line' id='line_1_95' title="bbox 304 5101 1759 5173; baseline 0.001 -19"><span class='ocrx_word' id='word_1_794' title='bbox 304 5102 414 5172; x_wconf 82' lang='lat'><strong>(93)</strong></span> <span class='ocrx_word' id='word_1_795' title='bbox 443 5103 578 5157; x_wconf 77' lang='lat' dir='ltr'><strong>Etliti</strong></span> <span class='ocrx_word' id='word_1_796' title='bbox 624 5103 853 5173; x_wconf 71' lang='grc' dir='ltr'>ἠδύνατο</span> <span class='ocrx_word' id='word_1_797' title='bbox 902 5102 1039 5172; x_wconf 82' lang='grc' dir='ltr'>πλὴν</span> <span class='ocrx_word' id='word_1_798' title='bbox 1085 5101 1200 5155; x_wconf 79' lang='grc' dir='ltr'>τοῦ.</span> <span class='ocrx_word' id='word_1_799' title='bbox 1243 5102 1393 5164; x_wconf 89' lang='lat' dir='ltr'><strong>Illud,</strong></span> <span class='ocrx_word' id='word_1_800' title='bbox 1420 5103 1580 5173; x_wconf 78' lang='grc' dir='ltr'>πλήν,</span> <span class='ocrx_word' id='word_1_801' title='bbox 1610 5103 1660 5156; x_wconf 88' lang='lat' dir='ltr'><strong>itt</strong></span> <span class='ocrx_word' id='word_1_802' title='bbox 1695 5119 1759 5156; x_wconf 94' lang='lat' dir='ltr'><strong>no</strong></span> 
     </span>
    </p>
   </div>
   <div class='ocr_carea' id='block_1_96' title="bbox 229 5173 953 5237">
    <p class='ocr_par' dir='ltr' id='par_1_96' title="bbox 229 5173 953 5237">
     <span class='ocr_line' id='line_1_96' title="bbox 229 5173 953 5237; baseline -0.008 -9"><span class='ocrx_word' id='word_1_803' title='bbox 229 5173 361 5228; x_wconf 73' lang='lat' dir='ltr'><strong>atris</strong></span> <span class='ocrx_word' id='word_1_804' title='bbox 390 5183 591 5237; x_wconf 82' lang='lat' dir='ltr'><strong>septem</strong></span> <span class='ocrx_word' id='word_1_805' title='bbox 627 5189 756 5225; x_wconf 80' lang='lat' dir='ltr'><strong>mss.</strong></span> <span class='ocrx_word' id='word_1_806' title='bbox 786 5177 953 5225; x_wconf 74' lang='lat' dir='ltr'><strong>deest.</strong></span> 
     </span>
    </p>
   </div>
   <div class='ocr_carea' id='block_1_97' title="bbox 301 5241 1790 5312">
    <p class='ocr_par' dir='ltr' id='par_1_97' title="bbox 301 5241 1790 5312">
     <span class='ocr_line' id='line_1_97' title="bbox 301 5241 1790 5312; baseline -0.002 -15"><span class='ocrx_word' id='word_1_807' title='bbox 301 5243 413 5306; x_wconf 67' lang='lat'><strong>(96)</strong></span> <span class='ocrx_word' id='word_1_808' title='bbox 450 5242 676 5296; x_wconf 87' lang='lat' dir='ltr'><strong>Codices</strong></span> <span class='ocrx_word' id='word_1_809' title='bbox 718 5255 826 5296; x_wconf 87' lang='lat' dir='ltr'><strong>tres</strong></span> <span class='ocrx_word' id='word_1_810' title='bbox 859 5244 886 5294; x_wconf 90' lang='lat'><strong>6</strong></span> <span class='ocrx_word' id='word_1_811' title='bbox 921 5243 1045 5304; x_wconf 77' lang='grc' dir='ltr'>Υἱὸς</span> <span class='ocrx_word' id='word_1_812' title='bbox 1075 5242 1201 5310; x_wconf 81' lang='grc' dir='ltr'>ἄρα.</span> <span class='ocrx_word' id='word_1_813' title='bbox 1239 5241 1352 5296; x_wconf 80' lang='lat' dir='ltr'><strong>Vox</strong></span> <span class='ocrx_word' id='word_1_814' title='bbox 1387 5243 1493 5312; x_wconf 81' lang='grc' dir='ltr'>ἄρα</span> <span class='ocrx_word' id='word_1_815' title='bbox 1536 5258 1705 5312; x_wconf 87' lang='lat' dir='ltr'><strong>neque</strong></span> <span class='ocrx_word' id='word_1_816' title='bbox 1739 5242 1790 5294; x_wconf 92' lang='lat' dir='ltr'><strong>in</strong></span> 
     </span>
    </p>
   </div>
   <div class='ocr_carea' id='block_1_98' title="bbox 229 5313 1230 5381">
    <p class='ocr_par' dir='ltr' id='par_1_98' title="bbox 229 5313 1230 5381">
     <span class='ocr_line' id='line_1_98' title="bbox 229 5313 1230 5381; baseline -0.004 -13"><span class='ocrx_word' id='word_1_817' title='bbox 229 5313 352 5368; x_wconf 84' lang='lat' dir='ltr'><strong>aliis</strong></span> <span class='ocrx_word' id='word_1_818' title='bbox 382 5327 534 5375; x_wconf 87' lang='lat' dir='ltr'><strong>mss.,</strong></span> <span class='ocrx_word' id='word_1_819' title='bbox 556 5328 729 5378; x_wconf 84' lang='lat' dir='ltr'><strong>neque</strong></span> <span class='ocrx_word' id='word_1_820' title='bbox 755 5313 807 5364; x_wconf 91' lang='lat' dir='ltr'><strong>in</strong></span> <span class='ocrx_word' id='word_1_821' title='bbox 831 5314 993 5365; x_wconf 82' lang='lat' dir='ltr'><strong>editis</strong></span> <span class='ocrx_word' id='word_1_822' title='bbox 1017 5314 1230 5381; x_wconf 67' lang='lat' dir='ltr'><strong>legitur.</strong></span> 
     </span>
    </p>
   </div>
   <div class='ocr_carea' id='block_1_99' title="bbox 302 5379 1786 5453">
    <p class='ocr_par' dir='ltr' id='par_1_99' title="bbox 302 5379 1786 5453">
     <span class='ocr_line' id='line_1_99' title="bbox 302 5379 1786 5453; baseline -0.002 -17"><span class='ocrx_word' id='word_1_823' title='bbox 302 5381 410 5452; x_wconf 82' lang='lat'><strong>(95)</strong></span> <span class='ocrx_word' id='word_1_824' title='bbox 442 5381 617 5453; x_wconf 83' lang='lat' dir='ltr'><strong>Editio</strong></span> <span class='ocrx_word' id='word_1_825' title='bbox 640 5382 805 5436; x_wconf 82' lang='lat' dir='ltr'><strong>Paris.</strong></span> <span class='ocrx_word' id='word_1_826' title='bbox 833 5379 1100 5452; x_wconf 75' lang='grc' dir='ltr'>τεχνίτης.</span> <span class='ocrx_word' id='word_1_827' title='bbox 1127 5379 1233 5435; x_wconf 84' lang='grc' dir='ltr'>Ἦν</span> <span class='ocrx_word' id='word_1_828' title='bbox 1262 5383 1367 5453; x_wconf 80' lang='grc' dir='ltr'>ἄρα</span> <span class='ocrx_word' id='word_1_829' title='bbox 1389 5382 1786 5453; x_wconf 67' lang='grc' dir='ltr'>ταπεινότερον.</span> 
     </span>
    </p>
   </div>
   <div class='ocr_carea' id='block_1_100' title="bbox 227 5449 1794 5523">
    <p class='ocr_par' dir='ltr' id='par_1_100' title="bbox 227 5449 1794 5523">
     <span class='ocr_line' id='line_1_100' title="bbox 227 5449 1794 5523; baseline -0.002 -16"><span class='ocrx_word' id='word_1_830' title='bbox 227 5449 498 5523; x_wconf 80' lang='lat' dir='ltr'><strong>Atuostri</strong></span> <span class='ocrx_word' id='word_1_831' title='bbox 525 5462 727 5523; x_wconf 74' lang='lat' dir='ltr'><strong>septem</strong></span> <span class='ocrx_word' id='word_1_832' title='bbox 759 5449 1180 5522; x_wconf 78' lang='grc' dir='ltr'>ιηεε.’τεχνίτης.</span> <span class='ocrx_word' id='word_1_833' title='bbox 1206 5449 1319 5505; x_wconf 67' lang='grc' dir='ltr'>Οὐκ</span> <span class='ocrx_word' id='word_1_834' title='bbox 1344 5454 1448 5523; x_wconf 80' lang='grc' dir='ltr'><strong>ἄρα</strong></span> <span class='ocrx_word' id='word_1_835' title='bbox 1476 5449 1567 5505; x_wconf 82' lang='grc' dir='ltr'>οὖν</span> <span class='ocrx_word' id='word_1_836' title='bbox 1602 5449 1794 5506; x_wconf 75' lang='grc' dir='ltr'>ταπει-</span> 
     </span>
    </p>
   </div>
   <div class='ocr_carea' id='block_1_101' title="bbox 228 5520 1792 5593">
    <p class='ocr_par' dir='ltr' id='par_1_101' title="bbox 228 5520 1792 5593">
     <span class='ocr_line' id='line_1_101' title="bbox 228 5520 1792 5593; baseline 0.001 -19"><span class='ocrx_word' id='word_1_837' title='bbox 228 5522 468 5593; x_wconf 76' lang='grc' dir='ltr'>νότερον,</span> <span class='ocrx_word' id='word_1_838' title='bbox 500 5531 554 5576; x_wconf 86' lang='grc' dir='ltr'><strong>ει</strong></span> <span class='ocrx_word' id='word_1_839' title='bbox 583 5523 656 5575; x_wconf 84' lang='lat' dir='ltr'><strong>ita</strong></span> <span class='ocrx_word' id='word_1_840' title='bbox 691 5520 915 5576; x_wconf 68' lang='lat' dir='ltr'><strong>Ducaeus</strong></span> <span class='ocrx_word' id='word_1_841' title='bbox 940 5520 1261 5592; x_wconf 69' lang='lat' dir='ltr'><strong>jampridem</strong></span> <span class='ocrx_word' id='word_1_842' title='bbox 1307 5520 1686 5578; x_wconf 80' lang='lat' dir='ltr'><strong>euicndaverat</strong></span> <span class='ocrx_word' id='word_1_843' title='bbox 1726 5537 1792 5576; x_wconf 77' lang='lat' dir='ltr'><strong>ex</strong></span> 
     </span>
    </p>
   </div>
   <div class='ocr_carea' id='block_1_102' title="bbox 229 5591 574 5645">
    <p class='ocr_par' dir='ltr' id='par_1_102' title="bbox 229 5591 574 5645">
     <span class='ocr_line' id='line_1_102' title="bbox 229 5591 574 5645; baseline 0 0"><span class='ocrx_word' id='word_1_844' title='bbox 229 5591 574 5645; x_wconf 84' lang='lat' dir='ltr'><strong>llenriciano.</strong></span> 
     </span>
    </p>
   </div>
   <div class='ocr_carea' id='block_1_103' title="bbox 301 5662 1793 5732">
    <p class='ocr_par' dir='ltr' id='par_1_103' title="bbox 301 5662 1793 5732">
     <span class='ocr_line' id='line_1_103' title="bbox 301 5662 1793 5732; baseline -0.001 -17"><span class='ocrx_word' id='word_1_845' title='bbox 301 5663 411 5728; x_wconf 80' lang='grc'>(96)</span> <span class='ocrx_word' id='word_1_846' title='bbox 454 5662 590 5714; x_wconf 85' lang='lat' dir='ltr'><strong>Editi</strong></span> <span class='ocrx_word' id='word_1_847' title='bbox 634 5662 993 5715; x_wconf 86' lang='grc' dir='ltr'>ἀποκτείνειν.</span> <span class='ocrx_word' id='word_1_848' title='bbox 1023 5663 1084 5714; x_wconf 80' lang='grc' dir='ltr'><strong>ΕΞ</strong></span> <span class='ocrx_word' id='word_1_849' title='bbox 1129 5663 1185 5715; x_wconf 81' lang='grc' dir='ltr'>δὲ</span> <span class='ocrx_word' id='word_1_850' title='bbox 1228 5663 1385 5715; x_wconf 77' lang='grc' dir='ltr'>τοῦτο</span> <span class='ocrx_word' id='word_1_851' title='bbox 1437 5662 1654 5718; x_wconf 74' lang='grc' dir='ltr'>ταύτὸν.</span> <span class='ocrx_word' id='word_1_852' title='bbox 1688 5663 1793 5732; x_wconf 83' lang='grc' dir='ltr'>ἄρα</span> 
     </span>
    </p>
   </div>
   <div class='ocr_carea' id='block_1_104' title="bbox 227 5732 1793 5800">
    <p class='ocr_par' dir='ltr' id='par_1_104' title="bbox 227 5732 1793 5800">
     <span class='ocr_line' id='line_1_104' title="bbox 227 5732 1793 5800; baseline -0.001 -15"><span class='ocrx_word' id='word_1_853' title='bbox 227 5734 322 5785; x_wconf 78' lang='grc' dir='ltr'><strong>καὶ</strong></span> <span class='ocrx_word' id='word_1_854' title='bbox 365 5732 623 5800; x_wconf 86' lang='grc' dir='ltr'>σωτηρία.</span> <span class='ocrx_word' id='word_1_855' title='bbox 680 5732 858 5785; x_wconf 86' lang='lat' dir='ltr'><strong>Codex</strong></span> <span class='ocrx_word' id='word_1_856' title='bbox 907 5734 1051 5784; x_wconf 84' lang='lat' dir='ltr'><strong>Colb.</strong></span> <span class='ocrx_word' id='word_1_857' title='bbox 1088 5745 1139 5783; x_wconf 80' lang='lat' dir='ltr'><strong>et</strong></span> <span class='ocrx_word' id='word_1_858' title='bbox 1172 5733 1320 5800; x_wconf 71' lang='lat' dir='ltr'><strong>liegii</strong></span> <span class='ocrx_word' id='word_1_859' title='bbox 1355 5746 1465 5787; x_wconf 82' lang='lat' dir='ltr'><strong>tres</strong></span> <span class='ocrx_word' id='word_1_860' title='bbox 1504 5748 1629 5785; x_wconf 88' lang='lat' dir='ltr'><strong>mss.</strong></span> <span class='ocrx_word' id='word_1_861' title='bbox 1663 5733 1793 5784; x_wconf 84' lang='grc' dir='ltr'>ἀπο-</span> 
     </span>
    </p>
   </div>
   <div class='ocr_carea' id='block_1_105' title="bbox 228 5801 1792 5874">
    <p class='ocr_par' dir='ltr' id='par_1_105' title="bbox 228 5801 1792 5874">
     <span class='ocr_line' id='line_1_105' title="bbox 228 5801 1792 5874; baseline 0.003 -20"><span class='ocrx_word' id='word_1_862' title='bbox 228 5801 477 5874; x_wconf 82' lang='grc' dir='ltr'>κτείνειν.</span> <span class='ocrx_word' id='word_1_863' title='bbox 518 5801 576 5852; x_wconf 79' lang='grc' dir='ltr'><strong>Εἰ</strong></span> <span class='ocrx_word' id='word_1_864' title='bbox 605 5801 673 5874; x_wconf 23' lang='grc' dir='ltr'><strong>’δὲ</strong></span> <span class='ocrx_word' id='word_1_865' title='bbox 709 5801 866 5874; x_wconf 76' lang='grc' dir='ltr'>τοῦτο</span> <span class='ocrx_word' id='word_1_866' title='bbox 891 5841 903 5861; x_wconf 92' lang='grc'><strong>,</strong></span> <span class='ocrx_word' id='word_1_867' title='bbox 938 5803 1130 5854; x_wconf 74' lang='grc' dir='ltr'>ταύτὸν</span> <span class='ocrx_word' id='word_1_868' title='bbox 1163 5804 1268 5872; x_wconf 81' lang='grc' dir='ltr'>ἄρα</span> <span class='ocrx_word' id='word_1_869' title='bbox 1305 5805 1566 5874; x_wconf 79' lang='grc' dir='ltr'>σωτηρία,</span> <span class='ocrx_word' id='word_1_870' title='bbox 1615 5803 1749 5858; x_wconf 85' lang='lat' dir='ltr'><strong>bene</strong></span> <span class='ocrx_word' id='word_1_871' title='bbox 1782 5826 1792 5857; x_wconf 83' lang='lat'><strong>;</strong></span> 
     </span>
    </p>
   </div>
   <div class='ocr_carea' id='block_1_106' title="bbox 228 5872 1231 5941">
    <p class='ocr_par' dir='ltr' id='par_1_106' title="bbox 228 5872 1231 5941">
     <span class='ocr_line' id='line_1_106' title="bbox 228 5872 1231 5941; baseline 0 -14"><span class='ocrx_word' id='word_1_872' title='bbox 228 5873 318 5928; x_wconf 84' lang='lat' dir='ltr'><strong>ubi</strong></span> <span class='ocrx_word' id='word_1_873' title='bbox 354 5880 507 5926; x_wconf 79' lang='lat' dir='ltr'><strong>notes</strong></span> <span class='ocrx_word' id='word_1_874' title='bbox 539 5872 692 5928; x_wconf 77' lang='lat' dir='ltr'><strong>velint</strong></span> <span class='ocrx_word' id='word_1_875' title='bbox 726 5873 1231 5941; x_wconf 84' lang='lat' dir='ltr'><strong>interpunctiuncnt.</strong></span> 
     </span>
    </p>
   </div>
   <div class='ocr_carea' id='block_1_107' title="bbox 1900 4501 3462 4574">
    <p class='ocr_par' dir='ltr' id='par_1_107' title="bbox 1900 4501 3462 4574">
     <span class='ocr_line' id='line_1_107' title="bbox 1900 4501 3462 4574; baseline -0.007 -11"><span class='ocrx_word' id='word_1_876' title='bbox 1900 4510 2046 4563; x_wconf 89' lang='lat' dir='ltr'><strong>solus</strong></span> <span class='ocrx_word' id='word_1_877' title='bbox 2071 4522 2099 4560; x_wconf 87' lang='lat' dir='ltr'><strong>a</strong></span> <span class='ocrx_word' id='word_1_878' title='bbox 2129 4507 2242 4560; x_wconf 93' lang='lat' dir='ltr'><strong>solo</strong></span> <span class='ocrx_word' id='word_1_879' title='bbox 2283 4508 2495 4574; x_wconf 76' lang='lat' dir='ltr'><strong>genitus</strong></span> <span class='ocrx_word' id='word_1_880' title='bbox 2533 4513 2638 4566; x_wconf 88' lang='grc' dir='ltr'>εει,</span> <span class='ocrx_word' id='word_1_881' title='bbox 2672 4505 2984 4556; x_wconf 81' lang='lat' dir='ltr'><strong>unicreattts</strong></span> <span class='ocrx_word' id='word_1_882' title='bbox 3033 4501 3201 4570; x_wconf 79' lang='lat' dir='ltr'><strong>magis</strong></span> <span class='ocrx_word' id='word_1_883' title='bbox 3251 4501 3462 4570; x_wconf 82' lang='lat' dir='ltr'><strong>proprie</strong></span> 
     </span>
    </p>
   </div>
   <div class='ocr_carea' id='block_1_108' title="bbox 1895 4595 3460 4663">
    <p class='ocr_par' dir='ltr' id='par_1_108' title="bbox 1895 4595 3460 4663">
     <span class='ocr_line' id='line_1_108' title="bbox 1895 4595 3460 4663; baseline -0.006 -9"><span class='ocrx_word' id='word_1_884' title='bbox 1895 4601 2164 4655; x_wconf 79' lang='lat' dir='ltr'><strong>diceretur</strong></span> <span class='ocrx_word' id='word_1_885' title='bbox 2190 4616 2204 4663; x_wconf 90' lang='lat'><strong>;</strong></span> <span class='ocrx_word' id='word_1_886' title='bbox 2241 4615 2360 4651; x_wconf 88' lang='lat' dir='ltr'><strong>cum</strong></span> <span class='ocrx_word' id='word_1_887' title='bbox 2390 4601 2683 4650; x_wconf 85' lang='lat' dir='ltr'><strong>secundum</strong></span> <span class='ocrx_word' id='word_1_888' title='bbox 2717 4595 3030 4648; x_wconf 86' lang='lat' dir='ltr'><strong>Eunomium</strong></span> <span class='ocrx_word' id='word_1_889' title='bbox 3059 4608 3182 4648; x_wconf 89' lang='lat' dir='ltr'><strong>vere</strong></span> <span class='ocrx_word' id='word_1_890' title='bbox 3211 4605 3460 4647; x_wconf 82' lang='lat' dir='ltr'><strong>creatura</strong></span> 
     </span>
    </p>
   </div>
   <div class='ocr_carea' id='block_1_109' title="bbox 1899 4681 3463 4754">
    <p class='ocr_par' dir='ltr' id='par_1_109' title="bbox 1899 4681 3463 4754">
     <span class='ocr_line' id='line_1_109' title="bbox 1899 4681 3463 4754; baseline -0.008 -10"><span class='ocrx_word' id='word_1_891' title='bbox 1899 4692 1987 4752; x_wconf 90' lang='lat' dir='ltr'><strong>sit,</strong></span> <span class='ocrx_word' id='word_1_892' title='bbox 2030 4690 2165 4742; x_wconf 80' lang='lat' dir='ltr'><strong>falso</strong></span> <span class='ocrx_word' id='word_1_893' title='bbox 2196 4699 2371 4741; x_wconf 90' lang='lat' dir='ltr'><strong>autem</strong></span> <span class='ocrx_word' id='word_1_894' title='bbox 2413 4687 2629 4740; x_wconf 89' lang='lat' dir='ltr'><strong>nomine</strong></span> <span class='ocrx_word' id='word_1_895' title='bbox 2661 4685 2905 4754; x_wconf 82' lang='lat' dir='ltr'><strong>genitura</strong></span> <span class='ocrx_word' id='word_1_896' title='bbox 2937 4693 3174 4737; x_wconf 90' lang='lat' dir='ltr'><strong>vocetur.</strong></span> <span class='ocrx_word' id='word_1_897' title='bbox 3205 4683 3259 4736; x_wconf 91' lang='lat' dir='ltr'><strong>Si</strong></span> <span class='ocrx_word' id='word_1_898' title='bbox 3295 4681 3463 4735; x_wconf 88' lang='lat' dir='ltr'><strong>Filius</strong></span> 
     </span>
    </p>
   </div>
   <div class='ocr_carea' id='block_1_110' title="bbox 1898 4769 3460 4843">
    <p class='ocr_par' dir='ltr' id='par_1_110' title="bbox 1898 4769 3460 4843">
     <span class='ocr_line' id='line_1_110' title="bbox 1898 4769 3460 4843; baseline -0.005 -10"><span class='ocrx_word' id='word_1_899' title='bbox 1898 4779 2045 4833; x_wconf 85' lang='lat' dir='ltr'><strong>solus</strong></span> <span class='ocrx_word' id='word_1_900' title='bbox 2068 4788 2316 4833; x_wconf 85' lang='lat' dir='ltr'><strong>creatura</strong></span> <span class='ocrx_word' id='word_1_901' title='bbox 2349 4774 2527 4830; x_wconf 85' lang='lat' dir='ltr'><strong>Patris</strong></span> <span class='ocrx_word' id='word_1_902' title='bbox 2556 4785 2661 4840; x_wconf 88' lang='lat' dir='ltr'><strong>est,</strong></span> <span class='ocrx_word' id='word_1_903' title='bbox 2701 4775 2902 4843; x_wconf 86' lang='lat' dir='ltr'><strong>reliqua</strong></span> <span class='ocrx_word' id='word_1_904' title='bbox 2942 4789 3072 4828; x_wconf 83' lang='lat' dir='ltr'><strong>vero</strong></span> <span class='ocrx_word' id='word_1_905' title='bbox 3091 4773 3292 4834; x_wconf 85' lang='lat' dir='ltr'><strong>omnia,</strong></span> <span class='ocrx_word' id='word_1_906' title='bbox 3319 4769 3460 4839; x_wconf 80' lang='lat' dir='ltr'><strong>Filii,</strong></span> 
     </span>
    </p>
   </div>
   <div class='ocr_carea' id='block_1_111' title="bbox 1973 5094 3461 5172">
    <p class='ocr_par' dir='ltr' id='par_1_111' title="bbox 1973 5094 3461 5172">
     <span class='ocr_line' id='line_1_111' title="bbox 1973 5094 3461 5172; baseline -0.001 -18"><span class='ocrx_word' id='word_1_907' title='bbox 1973 5102 2083 5172; x_wconf 85' lang='lat'><strong>(97)</strong></span> <span class='ocrx_word' id='word_1_908' title='bbox 2116 5100 2281 5172; x_wconf 15' lang='lat' dir='ltr'><strong>Editii</strong></span> <span class='ocrx_word' id='word_1_909' title='bbox 2309 5099 2601 5172; x_wconf 65' lang='grc' dir='ltr'>λεγόμεοα.</span> <span class='ocrx_word' id='word_1_910' title='bbox 2639 5099 2818 5172; x_wconf 72' lang='lat' dir='ltr'><strong>Codex</strong></span> <span class='ocrx_word' id='word_1_911' title='bbox 2854 5112 2988 5172; x_wconf 83' lang='lat' dir='ltr'><strong>unus</strong></span> <span class='ocrx_word' id='word_1_912' title='bbox 3018 5094 3461 5172; x_wconf 24' lang='grc' dir='ltr'>λεγώμεθα,Μῆ</span> 
     </span>
    </p>
   </div>
   <div class='ocr_carea' id='block_1_112' title="bbox 1900 5169 3462 5294">
    <p class='ocr_par' dir='ltr' id='par_1_112' title="bbox 1900 5169 3462 5294">
     <span class='ocr_line' id='line_1_112' title="bbox 1900 5169 3462 5294; baseline -0.001 -70"><span class='ocrx_word' id='word_1_913' title='bbox 1900 5169 2008 5294; x_wconf 57' lang='lat' dir='ltr'><strong>9(th</strong></span> <span class='ocrx_word' id='word_1_914' title='bbox 2041 5171 2349 5252; x_wconf 71' lang='grc' dir='ltr'>λεγοίμεθα.</span> <span class='ocrx_word' id='word_1_915' title='bbox 2387 5169 2604 5239; x_wconf 85' lang='lat' dir='ltr'><strong>Antiqui</strong></span> <span class='ocrx_word' id='word_1_916' title='bbox 2637 5171 2740 5224; x_wconf 91' lang='lat' dir='ltr'><strong>duo</strong></span> <span class='ocrx_word' id='word_1_917' title='bbox 2769 5169 2885 5222; x_wconf 86' lang='lat' dir='ltr'><strong>libri</strong></span> <span class='ocrx_word' id='word_1_918' title='bbox 2909 5183 3005 5237; x_wconf 80' lang='lat' dir='ltr'><strong>pro</strong></span> <span class='ocrx_word' id='word_1_919' title='bbox 3032 5169 3234 5236; x_wconf 81' lang='grc' dir='ltr'>Κυρίου</span> <span class='ocrx_word' id='word_1_920' title='bbox 3265 5169 3462 5222; x_wconf 82' lang='lat' dir='ltr'><strong>habent</strong></span> 
     </span>
     <span class='ocr_line' id='line_1_113' title="bbox 1955 5260 2157 5294; baseline 0 0"><span class='ocrx_word' id='word_1_921' title='bbox 1955 5260 2157 5294; x_wconf 85' lang='grc' dir='ltr'>οιστου.</span> 
     </span>
    </p>
   </div>
   <div class='ocr_carea' id='block_1_113' title="bbox 1990 5260 2157 5295">
    <p class='ocr_par' dir='ltr' id='par_1_113' title="bbox 1990 5260 2157 5295">
     <span class='ocr_line' id='line_1_114' title="bbox 1990 5260 2157 5295; baseline 0.006 -1"><span class='ocrx_word' id='word_1_922' title='bbox 1990 5260 2157 5295; x_wconf 88' lang='grc' dir='ltr'>ιστου.</span> 
     </span>
    </p>
   </div>
   <div class='ocr_carea' id='block_1_114' title="bbox 1954 5260 3459 5379">
    <p class='ocr_par' dir='ltr' id='par_1_114' title="bbox 1954 5260 3459 5379">
     <span class='ocr_line' id='line_1_115' title="bbox 1954 5260 2157 5313; baseline 0.005 -19"><span class='ocrx_word' id='word_1_923' title='bbox 1954 5260 2157 5313; x_wconf 87' lang='grc' dir='ltr'>ριστου.</span> 
     </span>
     <span class='ocr_line' id='line_1_116' title="bbox 1972 5305 3459 5379; baseline -0.003 -13"><span class='ocrx_word' id='word_1_924' title='bbox 1972 5314 2081 5379; x_wconf 73' lang='grc'>(98)</span> <span class='ocrx_word' id='word_1_925' title='bbox 2114 5311 2290 5364; x_wconf 79' lang='lat' dir='ltr'><strong>Codex</strong></span> <span class='ocrx_word' id='word_1_926' title='bbox 2321 5310 2472 5379; x_wconf 72' lang='lat' dir='ltr'><strong>Colb.</strong></span> <span class='ocrx_word' id='word_1_927' title='bbox 2506 5308 2864 5378; x_wconf 79' lang='grc' dir='ltr'>ὲΑατρεύσατε</span> <span class='ocrx_word' id='word_1_928' title='bbox 2895 5309 3008 5370; x_wconf 88' lang='grc' dir='ltr'>τοῖς</span> <span class='ocrx_word' id='word_1_929' title='bbox 3039 5305 3217 5375; x_wconf 77' lang='grc' dir='ltr'>φύσει.</span> <span class='ocrx_word' id='word_1_930' title='bbox 3259 5307 3459 5362; x_wconf 82' lang='lat' dir='ltr'><strong>Ibidem</strong></span> 
     </span>
    </p>
   </div>
   <div class='ocr_carea' id='block_1_115' title="bbox 1899 5376 2555 5452">
    <p class='ocr_par' dir='ltr' id='par_1_115' title="bbox 1899 5376 2555 5452">
     <span class='ocr_line' id='line_1_117' title="bbox 1899 5376 2555 5452; baseline -0.012 -14"><span class='ocrx_word' id='word_1_931' title='bbox 1899 5376 2026 5438; x_wconf 81' lang='lat' dir='ltr'><strong>editi</strong></span> <span class='ocrx_word' id='word_1_932' title='bbox 2061 5383 2092 5452; x_wconf 83' lang='grc' dir='ltr'>ἢ</span> <span class='ocrx_word' id='word_1_933' title='bbox 2120 5381 2334 5452; x_wconf 77' lang='grc' dir='ltr'>ἀσεϐεῖς</span> <span class='ocrx_word' id='word_1_934' title='bbox 2367 5376 2457 5433; x_wconf 80' lang='grc' dir='ltr'><strong>οὖν</strong></span> <span class='ocrx_word' id='word_1_935' title='bbox 2486 5381 2555 5452; x_wconf 66' lang='grc' dir='ltr'>οἱ.</span> 
     </span>
    </p>
   </div>
   <div class='ocr_carea' id='block_1_116' title="bbox 1971 5440 3459 5522">
    <p class='ocr_par' dir='ltr' id='par_1_116' title="bbox 1971 5440 3459 5522">
     <span class='ocr_line' id='line_1_118' title="bbox 1971 5440 3459 5522; baseline -0.004 -15"><span class='ocrx_word' id='word_1_936' title='bbox 1971 5440 2092 5522; x_wconf 63' lang='grc'>(99)</span> <span class='ocrx_word' id='word_1_937' title='bbox 2118 5440 2342 5506; x_wconf 78' lang='lat' dir='ltr'><strong>Veteres</strong></span> <span class='ocrx_word' id='word_1_938' title='bbox 2376 5453 2482 5522; x_wconf 79' lang='lat' dir='ltr'><strong>duo</strong></span> <span class='ocrx_word' id='word_1_939' title='bbox 2535 5447 2656 5522; x_wconf 77' lang='lat' dir='ltr'><strong>libri</strong></span> <span class='ocrx_word' id='word_1_940' title='bbox 2691 5447 2760 5500; x_wconf 88' lang='grc' dir='ltr'><strong>Ἦ</strong></span> <span class='ocrx_word' id='word_1_941' title='bbox 2794 5440 2886 5500; x_wconf 82' lang='grc' dir='ltr'><strong>οὖν</strong></span> <span class='ocrx_word' id='word_1_942' title='bbox 2922 5447 3154 5510; x_wconf 77' lang='grc' dir='ltr'>ἀσεϐεῖς.</span> <span class='ocrx_word' id='word_1_943' title='bbox 3188 5446 3334 5501; x_wconf 88' lang='lat' dir='ltr'><strong>Libri</strong></span> <span class='ocrx_word' id='word_1_944' title='bbox 3367 5461 3459 5502; x_wconf 87' lang='lat' dir='ltr'><strong>ve-</strong></span> 
     </span>
    </p>
   </div>
   <div class='ocr_carea' id='block_1_117' title="bbox 1901 5519 2584 5582">
    <p class='ocr_par' dir='ltr' id='par_1_117' title="bbox 1901 5519 2584 5582">
     <span class='ocr_line' id='line_1_119' title="bbox 1901 5519 2584 5582; baseline -0.009 -6"><span class='ocrx_word' id='word_1_945' title='bbox 1901 5519 2153 5576; x_wconf 81' lang='lat' dir='ltr'><strong>tustiores</strong></span> <span class='ocrx_word' id='word_1_946' title='bbox 2177 5523 2246 5575; x_wconf 84' lang='grc' dir='ltr'><strong>Ἦ</strong></span> <span class='ocrx_word' id='word_1_947' title='bbox 2270 5520 2487 5582; x_wconf 81' lang='grc' dir='ltr'>ἀσεϐεῖς</span> <span class='ocrx_word' id='word_1_948' title='bbox 2514 5519 2584 5571; x_wconf 84' lang='lat' dir='ltr'><strong>oi.</strong></span> 
     </span>
    </p>
   </div>
   <div class='ocr_carea' id='block_1_118' title="bbox 1969 5584 3459 5661">
    <p class='ocr_par' dir='ltr' id='par_1_118' title="bbox 1969 5584 3459 5661">
     <span class='ocr_line' id='line_1_120' title="bbox 1969 5584 3459 5661; baseline -0.003 -16"><span class='ocrx_word' id='word_1_949' title='bbox 1969 5593 2042 5661; x_wconf 86' lang='lat' dir='ltr'><strong>(l)</strong></span> <span class='ocrx_word' id='word_1_950' title='bbox 2077 5593 2206 5659; x_wconf 76' lang='lat' dir='ltr'><strong>Reg.</strong></span> <span class='ocrx_word' id='word_1_951' title='bbox 2239 5593 2433 5661; x_wconf 78' lang='lat' dir='ltr'><strong>tertius</strong></span> <span class='ocrx_word' id='word_1_952' title='bbox 2457 5587 2705 5661; x_wconf 68' lang='lat' dir='ltr'><strong>ti).thqu</strong></span> <span class='ocrx_word' id='word_1_953' title='bbox 2749 5586 2880 5661; x_wconf 77' lang='grc' dir='ltr'>Θεὸς</span> <span class='ocrx_word' id='word_1_954' title='bbox 2909 5587 3020 5661; x_wconf 21' lang='grc' dir='ltr'>’καὶ</span> <span class='ocrx_word' id='word_1_955' title='bbox 3044 5584 3278 5661; x_wconf 70' lang='grc' dir='ltr'>ἀψευδὴς</span> <span class='ocrx_word' id='word_1_956' title='bbox 3315 5587 3362 5661; x_wconf 76' lang='grc' dir='ltr'><strong>εί</strong></span> <span class='ocrx_word' id='word_1_957' title='bbox 3389 5587 3459 5641; x_wconf 85' lang='grc' dir='ltr'>οἱ.</span> 
     </span>
    </p>
   </div>
   <div class='ocr_carea' id='block_1_119' title="bbox 1901 5656 3463 5730">
    <p class='ocr_par' dir='ltr' id='par_1_119' title="bbox 1901 5656 3463 5730">
     <span class='ocr_line' id='line_1_121' title="bbox 1901 5656 3463 5730; baseline -0.003 -16"><span class='ocrx_word' id='word_1_958' title='bbox 1901 5656 2034 5730; x_wconf 63' lang='lat' dir='ltr'><strong>Reg.</strong></span> <span class='ocrx_word' id='word_1_959' title='bbox 2070 5656 2336 5714; x_wconf 79' lang='lat' dir='ltr'><strong>secundus</strong></span> <span class='ocrx_word' id='word_1_960' title='bbox 2369 5659 2527 5726; x_wconf 80' lang='grc' dir='ltr'>φύσει</span> <span class='ocrx_word' id='word_1_961' title='bbox 2551 5656 2668 5711; x_wconf 60' lang='grc' dir='ltr'>οιαὶ</span> <span class='ocrx_word' id='word_1_962' title='bbox 2712 5656 2961 5730; x_wconf 77' lang='grc' dir='ltr'>ἀληθινὸς</span> <span class='ocrx_word' id='word_1_963' title='bbox 2993 5659 3142 5730; x_wconf 71' lang='grc' dir='ltr'>Θεὸς.</span> <span class='ocrx_word' id='word_1_964' title='bbox 3173 5657 3284 5730; x_wconf 69' lang='grc' dir='ltr'><strong>και</strong></span> <span class='ocrx_word' id='word_1_965' title='bbox 3309 5657 3463 5710; x_wconf 76' lang='grc' dir='ltr'>εὐσε-</span> 
     </span>
    </p>
   </div>
   <div class='ocr_carea' id='block_1_120' title="bbox 1901 5728 3460 5799">
    <p class='ocr_par' dir='ltr' id='par_1_120' title="bbox 1901 5728 3460 5799">
     <span class='ocr_line' id='line_1_122' title="bbox 1901 5728 3460 5799; baseline -0.002 -16"><span class='ocrx_word' id='word_1_966' title='bbox 1901 5728 2031 5795; x_wconf 73' lang='grc' dir='ltr'>ϐῶν,</span> <span class='ocrx_word' id='word_1_967' title='bbox 2086 5743 2131 5783; x_wconf 87' lang='lat' dir='ltr'><strong>et</strong></span> <span class='ocrx_word' id='word_1_968' title='bbox 2179 5735 2273 5783; x_wconf 81' lang='lat' dir='ltr'><strong>hoc</strong></span> <span class='ocrx_word' id='word_1_969' title='bbox 2317 5731 2519 5797; x_wconf 76' lang='lat' dir='ltr'><strong>piarunt</strong></span> <span class='ocrx_word' id='word_1_970' title='bbox 2561 5740 2655 5782; x_wconf 71' lang='lat' dir='ltr'><strong>est.</strong></span> <span class='ocrx_word' id='word_1_971' title='bbox 2707 5728 2845 5783; x_wconf 80' lang='lat' dir='ltr'><strong>Edili</strong></span> <span class='ocrx_word' id='word_1_972' title='bbox 2879 5745 3000 5784; x_wconf 86' lang='lat' dir='ltr'><strong>cum</strong></span> <span class='ocrx_word' id='word_1_973' title='bbox 3031 5728 3162 5799; x_wconf 76' lang='lat' dir='ltr'><strong>Reg.</strong></span> <span class='ocrx_word' id='word_1_974' title='bbox 3198 5728 3385 5799; x_wconf 89' lang='lat' dir='ltr'><strong>quinto</strong></span> <span class='ocrx_word' id='word_1_975' title='bbox 3408 5738 3460 5785; x_wconf 88' lang='lat' dir='ltr'><strong>et</strong></span> 
     </span>
    </p>
   </div>
   <div class='ocr_carea' id='block_1_121' title="bbox 1902 5801 2703 5858">
    <p class='ocr_par' dir='ltr' id='par_1_121' title="bbox 1902 5801 2703 5858">
     <span class='ocr_line' id='line_1_123' title="bbox 1902 5801 2703 5858; baseline 0 -6"><span class='ocrx_word' id='word_1_976' title='bbox 1902 5819 2021 5858; x_wconf 79' lang='lat' dir='ltr'><strong>cum</strong></span> <span class='ocrx_word' id='word_1_977' title='bbox 2053 5801 2205 5855; x_wconf 89' lang='lat' dir='ltr'><strong>Colb.</strong></span> <span class='ocrx_word' id='word_1_978' title='bbox 2237 5802 2310 5852; x_wconf 84' lang='grc' dir='ltr'>ιιιί</span> <span class='ocrx_word' id='word_1_979' title='bbox 2343 5801 2392 5852; x_wconf 89' lang='lat' dir='ltr'><strong>in</strong></span> <span class='ocrx_word' id='word_1_980' title='bbox 2431 5810 2703 5852; x_wconf 85' lang='lat' dir='ltr'><strong>contextu.</strong></span> 
     </span>
    </p>
   </div>
   <div class='ocr_carea' id='block_1_122' title="bbox 1977 5869 2796 5943">
    <p class='ocr_par' dir='ltr' id='par_1_122' title="bbox 1977 5869 2796 5943">
     <span class='ocr_line' id='line_1_124' title="bbox 1977 5869 2796 5943; baseline -0.001 -20"><span class='ocrx_word' id='word_1_981' title='bbox 1977 5871 2052 5943; x_wconf 69' lang='grc' dir='ltr'>(Ξ)</span> <span class='ocrx_word' id='word_1_982' title='bbox 2077 5870 2208 5942; x_wconf 74' lang='lat' dir='ltr'><strong>Reg.</strong></span> <span class='ocrx_word' id='word_1_983' title='bbox 2241 5870 2430 5926; x_wconf 79' lang='grc' dir='ltr'>ιειιξυε</span> <span class='ocrx_word' id='word_1_984' title='bbox 2455 5869 2796 5941; x_wconf 75' lang='grc' dir='ltr'>γεγενῆσθαι.</span> 
     </span>
    </p>
   </div>
  </div>
