4208 6510
745 402 842 456 691

2055 421 2108 475 S.
2156 420 2391 481 BASlLll
2431 425 2640 481 MAGNI

3875 433 3986 487 692

739 535 863 575 cum
910 523 1085 577 dixit:
1116 525 1240 580 Mea
1282 533 1455 584 omnia
1500 543 1587 583 nia
1642 545 1762 587 sunt
1801 539 1866 603 ⁷⁸,
1905 540 2054 595 licuit
2084 542 2261 597 dicere
2291 561 2306 598 :
2338 558 2379 612 Α

2338 558 2379 612 Α
2413 566 2532 618 μιον
2555 549 2736 601 οὐκέτι
2774 548 2968 610 καλῶς.
3000 549 3168 612 Αὐτὸς
3199 553 3306 622 γὰρ
3339 552 3529 605 ἑαυτου
3557 546 3696 604 εἶναι
3721 556 3824 609 οὐκ
3852 553 3986 625 ἠδύ-

741 616 834 667 sed
863 631 980 669 cum
1009 620 1208 671 addidit
1237 640 1248 674 :
1280 622 1344 674 Et
1382 632 1471 676 tua
1517 641 1629 676 mea
1654 627 1719 689 79,
1758 645 1865 684 non
1908 635 2134 702 amplius
2163 647 2306 690 recte

741 709 1034 760 secundum
1063 709 1406 770 Eunomiurn.
1447 716 1577 770 Nam
1616 720 1726 788 ipse
1756 723 1836 774 sui
1864 725 2027 791 ipsius
2058 738 2174 776 esse
2200 741 2303 778 non

745 799 1175 870 poterat.ltaqne
1201 809 1486 862 manifeste
1512 814 1842 880 comperitur
1879 820 1942 871 de
1966 819 2197 886 ipsorum
2230 817 2305 870 si-

2411 655 2553 691 νατο.
2589 636 2836 689 Φαίνεται
2862 633 2975 699 οὖν,
3010 637 3089 688 ὃτι
3120 641 3246 708 περὶ
3288 642 3382 710 τῆς
3411 640 3723 712 ὁμοιότητος
3758 647 3850 696 καὶ
3884 646 3986 716 τῆς

2413 726 2551 780 κατὰ
2600 727 2773 778 πάντα
2817 725 3232 795 ἀπαραλλάκτου
3275 733 3368 781 καὶ
3407 730 3595 802 ὁμοίας
3648 731 3840 796 οὐσίας
3886 738 3988 788 αὑ-

2415 819 2535 880 τῶν,
2564 818 2623 869 οὐ
2655 819 2780 887 περὶ
2815 818 3124 888 κτισμάτων
3150 818 3464 888 διαλεχθείς,

743 887 1060 955 militudine,
1091 895 1262 967 deque
1301 900 1599 956 substantia
1645 904 1697 956 in
1735 909 1988 962 omnibus
2009 907 2303 975 quamlibet
2335 908 2690 962 dill'crentiam
2723 887 3041 964 excludente
3115 924 3179 962 ac
3221 887 3400 976 simili,
3441 930 3543 970 non
3611 918 3677 972 de
3714 919 3989 971 creaturis

739 982 949 1040 loeutus
978 988 1162 1046 fuisse.

811 1085 863 1136 2.
897 1087 952 1139 Si
989 1089 1126 1142 Deus
1157 1089 1408 1145 similiter
1430 1105 1576 1149 creat
1601 1106 1654 1150 et
1695 1112 1935 1168 generat,
1969 1101 2215 1154 Christus
2245 1101 2311 1153 si-

747 1174 948 1229 militer
985 1187 1038 1230 et
1075 1190 1288 1233 creator
1326 1195 1507 1239 noster
1541 1195 1595 1239 et
1629 1186 1784 1244 Pater
1811 1202 1892 1244 est
1916 1207 1930 1242 :
1955 1199 2037 1243 est
2073 1207 2306 1259 namque

743 1263 905 1331 Deus,
950 1283 1046 1321 nec
1089 1283 1222 1337 Opus
1252 1285 1334 1328 est
1367 1274 1463 1343 ipsi
1493 1290 1554 1328 ea
1592 1293 1708 1346 quae
1753 1297 1846 1349 per
1901 1280 2156 1347 Spiritum
2186 1298 2312 1334 san-

745 1364 887 1407 ctum
919 1359 977 1410 lit
1006 1359 1328 1429 adoptione;
1387 1371 1833 1434 quemadmmlum
1879 1388 1978 1425 nec
2005 1387 2138 1440 opus
2185 1374 2307 1441 fuit,

745 1455 804 1498 ut
831 1460 925 1513 per
952 1447 1117 1503 alium
1143 1455 1447 1520 quempiam
1471 1469 1730 1512 creaturae
1753 1459 1918 1525 ipsius
1943 1459 2067 1513 lacti
2094 1463 2264 1514 simus
2291 1479 2302 1511 :

744 1539 1041 1603 praesertim
1079 1557 1198 1594 cum
1239 1552 1502 1597 creatura:
1545 1559 1722 1601 mutue
1756 1564 1821 1601 ne
1857 1551 1924 1602 ita
1968 1550 2180 1617 quidem
2215 1567 2310 1604 ua-

746 1637 868 1681 tura
897 1640 1219 1697 comparata:
1246 1634 1354 1687 sint
1390 1645 1447 1687 ut
1481 1638 1727 1704 spiritum
1767 1641 2031 1706 accipiant
2063 1643 2309 1709 adOptio-

747 1719 849 1783 nis,
886 1719 1044 1772 veluti
1075 1721 1230 1773 bruta
1271 1733 1322 1775 et
1351 1725 1664 1779 iuanimata.
1693 1727 1746 1779 Si
1795 1744 1892 1781 nos
1923 1731 2012 1795 qui
2047 1741 2309 1784 creaturae

2483 1094 2535 1146 ‘2.
2573 1096 2635 1145 Εἰ
2681 1093 2809 1157 Θεὸς
2841 1097 3040 1164 ὁμοίως
3066 1097 3234 1160 κτίζει
3284 1099 3376 1149 καὶ
3420 1099 3600 1166 γεννᾷ,
3645 1101 3849 1168 ὁμοίως
3894 1097 3985 1151 καὶ

2413 1187 2634 1255 κτίστης
2655 1186 2810 1255 ἡμῶν
2845 1190 2936 1240 καὶ
2960 1190 3147 1261 Πατήρ
3167 1191 3310 1241 ἐστιν
3343 1192 3370 1241 ὁ
3396 1189 3626 1260 Χριστός
3645 1206 3659 1219 ·
3685 1192 3820 1255 Θεὸς
3850 1195 3981 1262 γὰρ,

2413 1278 2502 1331 καὶ
2537 1277 2595 1328 οὐ
2626 1277 2781 1344 χρεία
2814 1278 2889 1347 (3)
2937 1281 3034 1348 τῆς
3060 1281 3145 1332 διὰ
3189 1280 3279 1332 τοῦ
3332 1281 3485 1346 ἁγίου
3517 1281 3835 1351 Πνεύματος
3867 1288 3981 1337 υἱο-

2412 1369 2626 1428 Θεσίας’
2669 1367 2855 1438 ὥσπερ
2883 1372 3001 1423 οὐδὲ
3042 1370 3134 1422 τοῦ
3175 1371 3239 1422 δι’
3274 1370 3431 1422 ἄλλου
3478 1374 3620 1437 τινὸς
3653 1375 3982 1443 γεγενῆσθαι

2411 1461 2555 1529 ἡμᾶς
2575 1459 2736 1511 αὑτοῦ
2767 1462 3035 1531 κτίσματα
3056 1477 3068 1490 ⁸
3106 1462 3277 1513 καίτοι
3315 1478 3372 1527 γε
3400 1464 3569 1518 πολλὰ
3599 1466 3704 1517 τῶν
3748 1467 3984 1534 κτισμά-

2411 1567 2515 1602 των
2549 1549 2665 1601 οὐδὲ
2712 1551 2771 1601 τὸ
2803 1552 2901 1621 τῆς
2950 1551 3216 1614 υἱοθεσίας
3256 1552 3466 1623 πνεῦμα
3506 1557 3664 1624 φύσιν
3688 1556 3802 1625 ἔχει
3836 1555 3984 1625 ὶῑέχε⁴

2412 1641 2552 1703 σθαι,
2577 1642 2652 1703 ὡς
2681 1643 2744 1694 τὰ
2773 1645 2936 1712 ἄλογα
2966 1643 3054 1696 καὶ
3075 1644 3141 1696 τὰ
3175 1645 3369 1714 ἄψυχα.
3409 1646 3468 1697 Εἰ
3498 1650 3674 1717 ἡμεῖς,
3707 1649 3982 1716 κτίσματα

2408 1731 2576 1793 ὄντες,
2611 1732 2700 1785 διὰ
2756 1735 2852 1804 τῆς
2881 1734 2972 1786 τοῦ
3008 1733 3158 1801 ἁγίου
3207 1735 3518 1805 Πνεύματος
3561 1741 3833 1803 υἱοθεσίας
3876 1741 3980 1792 υἱοὶ

745 1824 947 1873 sumus,
974 1826 1066 1878 per
1089 1812 1321 1879 Spiritus
1341 1820 1513 1870 sancti
1543 1820 1879 1887 adoptionem
1904 1822 2164 1876 ellicimur
2195 1826 2306 1889 lilii,
2342 1807 2383 1862 Β

2342 1807 2383 1862 Β
2411 1822 2688 1892 γινόμεθα,
2722 1825 3050 1892 λεγέτωσαν,
3081 1828 3129 1879 εί
3166 1830 3256 1880 καὶ
3283 1831 3310 1881 ὁ
3341 1829 3466 1892 Υἱὸς
3493 1834 3694 1903 κτίσμα
3727 1834 3864 1894 ἐστὶ,
3893 1833 3979 1885 διὰ

744 1900 921 1954 dicant
947 1904 989 1954 si
1015 1902 1183 1958 Filius
1218 1907 1377 1960 etiam
1407 1921 1656 1964 creatura
1684 1923 1785 1972 est.
1813 1929 1905 1981 per
1931 1929 2089 1982 quem
2121 1917 2171 1969 iu
2206 1917 2309 1968 Pa-

745 1992 843 2044 tiis
891 1993 1228 2062 adoptionem
1279 2003 1637 2067 pervenerit?
1685 2004 1739 2056 Si
1773 2021 2105 2074 qnzeeunque
2154 2009 2312 2061 habet

745 2081 924 2143 Pater.
954 2085 1069 2139 Filii
1100 2102 1312 2157 quoque
1337 2104 1476 2153 sunt,
1499 2109 1598 2146 nec
1630 2096 1920 2165 quidquam
1953 2100 2109 2154 habet
2135 2100 2307 2163 Pater,

745 2186 939 2240 praeter
971 2190 1032 2228 ea
1064 2193 1181 2245 quae
1210 2196 1302 2247 per
1329 2181 1522 2236 Filium
1552 2183 1687 2236 facta
1717 2196 1860 2250 sunt,
1896 2189 1993 2240 risi
2021 2189 2309 2241 secundum

745 2279 855 2326 eos,
881 2267 1050 2333 ipsum
1077 2271 1245 2322 solum
1269 2290 1281 2335 ;
1309 2272 1468 2324 etiam
1498 2276 1611 2340 ipse
1641 2279 1872 2345 seipsum
1905 2281 2099 2331 habere
2127 2281 2304 2334 debet:

746 2359 885 2423 quod
917 2358 1026 2412 ﬁeri
1059 2377 1160 2412 non
1206 2375 1400 2430 potest.
1431 2366 1485 2418 Si
1520 2367 1695 2435 imago
1726 2371 1945 2422 omnino
1979 2371 2171 2423 similis
2204 2384 2304 2436 est,

743 2458 904 2516 prout
937 2450 1112 2518 imago
1148 2467 1227 2507 est
1255 2457 1449 2510 Filius:
1478 2470 1720 2510 creatura
1746 2470 1922 2512 autem
1957 2461 2088 2514 nihil
2118 2463 2310 2518 similis

745 2544 997 2605 creatori,
1043 2546 1148 2600 imo
1200 2548 1251 2601 in
1311 2550 1562 2606 omnibus
1622 2552 1932 2619 dissimilis;
1975 2553 2140 2608 Filius
2187 2572 2308 2610 cum

747 2632 920 2704 imago
954 2641 1023 2690 sit
1056 2637 1252 2706 Patris,
1280 2655 1527 2698 creatura
1580 2644 1693 2712 ejus
1738 2661 1856 2699 esse
1888 2663 1992 2700 non
2029 2658 2220 2716 potest.
2255 2650 2310 2703 Si

744 2724 1161 2794 incorporeum,
1214 2750 1333 2787 cum
1384 2748 1639 2804 generat,
1695 2740 2003 2790 necessario
2055 2750 2308 2808 tanquam

744 2830 1058 2885 corporeum
1089 2834 1331 2888 generat,
1355 2827 1514 2877 etiam
1555 2841 1674 2878 cum
1707 2828 1870 2890 videt,
1910 2830 2074 2897 283
2110 2834 2310 2885 videbit

747 2917 1001 2978 tanquam
1026 2927 1255 2982 corpus;
1288 2926 1480 2968 etcum
1509 2916 1677 2983 audit,
1697 2921 1875 2973 audiet
1909 2935 2159 2987 tanquam
2192 2938 2311 2976 cor-

2410 1913 2552 1978 τίνος
2596 1918 2673 1978 είς
2710 1916 2974 1968 υἱοθεσίαν
3022 1918 3115 1971 τοῦ
3161 1920 3373 1989 Πατρός
3415 1922 3663 1989 ὲγένετο;
3701 1927 3763 1977 ΕΞ
3805 1926 3982 1978 πάντα

2409 2005 2510 2057 ὅσα
2543 2006 2654 2076 ἔχει
2687 2008 2714 2058 ό
2749 2007 2955 2076 Πατὴρ,
2997 2011 3208 2062 καὶτοῦ
3245 2011 3376 2063 Υίοῦ
3424 2014 3590 2080 ἐστιν,
3620 2017 3771 2068 οὐδὲν
3809 2018 3864 2071 δὲ
3906 2018 3978 2086 (4)

2411 2096 2522 2167 ἔχει
2557 2099 2585 2150 ὁ
2609 2097 2794 2167 Πατὴρ
2833 2099 2999 2168 χωρὶς
3029 2100 3136 2152 τῶν
3165 2100 3248 2152 διὰ
3280 2100 3372 2152 τοῦ
3401 2102 3528 2154 Υἱοῦ
3561 2106 3890 2172 γενομένων,
3934 2109 3979 2158 εἰ

2415 2191 2509 2261 μὴ,
2564 2192 2679 2244 κατ’
2733 2191 2948 2254 αὐτοὺς,
3001 2194 3163 2246 αὑτὸν
3209 2195 3401 2264 μόνον’
3455 2197 3547 2248 καὶ
3589 2197 3747 2258 αὐτὸς
3791 2199 3978 2249 ἑαυτου

2412 2285 2556 2353 ἔχειν
2602 2284 2834 2352 opsnat-
2871 2286 3004 2355 ὅπερ
3047 2287 3322 2343 ἀδύνατον.
3370 2289 3429 2342 Εἰ
3466 2292 3498 2360 ἡ
3555 2289 3717 2343 εἰκὼν
3764 2292 3979 2352 πάντως

2409 2376 2590 2444 ὁμοία,
2625 2374 2902 2426 καθοτιοῦν
2939 2376 3014 2445 (5)
3041 2381 3067 2430 ό
3100 2379 3211 2441 υἱός
3239 2382 3385 2432 ὲστιν
3421 2381 3579 2434 εἰκών
3603 2401 3615 2412 ·
3645 2387 3678 2452 ἡ
3718 2383 3773 2436 δὲ
3807 2383 3979 2444 κτίσις

2412 2468 2527 2518 κατ’
2548 2465 2696 2517 οὐδὲν
2728 2467 2885 2534 ὁμοία
2915 2469 2990 2536 τῷ
3018 2470 3280 2530 κτίσαντι,
3314 2471 3445 2523 ἀλλὰ
3479 2473 3620 2525 κατὰ
3667 2475 3844 2527 πάντα
3885 2474 3979 2524 ἀν·-

2411 2559 2622 2628 όμοιος·
2667 2557 2825 2610 εἰκὼν
2848 2558 2921 2612 ὢν
2945 2560 3036 2611 τοῦ
3061 2562 3270 2631 Πατρός
3297 2565 3322 2614 ό
3347 2563 3492 2625 Υἱὸς,
3534 2565 3631 2616 οὐκ
3656 2565 3720 2616 ἂν
3746 2565 3830 2634 εἴη
3867 2564 3976 2616 κτί-

2412 2667 2494 2712 σις
2520 2648 2703 2703 αὐτοῦ.
2737 2650 2797 2701 Εἰ
2813 2650 2872 2702 τὸ
2894 2651 3198 2720 ἀσώματον,
3223 2653 3444 2720 γεννῶν,
3478 2655 3691 2727 ἀνάγκῃ
3722 2657 3797 2717 ὡς
3822 2658 3978 2725 σῶμα

2410 2739 2572 2808 γεννᾷ
2591 2755 2604 2767 ο
2638 2737 2733 2790 καὶ
2763 2737 2974 2808 βλέπον,
3003 2741 3077 2803 ὡς
3102 2741 3257 2811 σῶμα
3293 2743 3472 2811 βλέψει
3502 2744 3574 2813 (6)
3597 2761 3610 2773 ·
3640 2747 3735 2796 καὶ
3762 2745 3976 2808 ἀκοῦον,

2410 2829 2484 2889 ὡς
2519 2829 2676 2898 σῶμα
2707 2829 2964 2882 ἀκούσει·
3003 2833 3093 2884 καὶ
3142 2834 3320 2885 πᾶσαν
3357 2834 3633 2904 ἐνέργειαν
3685 2834 3762 2897 ὡς
3825 2835 3978 2904 σῶμα

2409 2919 2722 2989 ἐνεργήσει·
2766 2924 2813 2972 εί
2847 2923 2902 2973 δὲ
2947 2923 3118 2975 ταῦτα
3153 2925 3370 2995 ἑτέρως,
3416 2927 3508 2978 καὶ
3543 2925 3745 2991 γεννῶν
3779 2926 3976 2996 ἑτέρως

748 3015 870 3068 pUS,
899 3015 1217 3074 OIIIIH‘IINIIIC
1261 3008 1623 3075 Operationem
1660 3018 1912 3078 tanquam
1948 3029 2141 3079 ('OI‘PUS
2188 3030 2322 3082 Opi)"
2407 3036 2410 3053 ⁴

2315 3033 2322 3046 >
2407 3010 2647 3078 δηλονότι
2700 3014 2967 3082 γεννήσει.
3031 3017 3094 3066 Ὃ
3126 3017 3284 3078 αὐτὸς
3319 3034 3398 3078 τις
3448 3018 3546 3068 οὐκ
3591 3016 3722 3085 ἔχει,
3774 3019 3977 3087 ἑτέροις

748 3093 956 3146 rabitur
987 3113 1001 3148 :
1032 3097 1075 3149 si
1111 3113 1235 3151 vero
1276 3098 1388 3153 haec
1437 3115 1493 3154 se
1521 3100 1676 3155 aliter
1703 3101 1921 3166 habent,
1949 3107 2111 3157 etiam
2152 3122 2310 3174 geuc-
2337 3141 2378 3198 Ο

2337 3141 2378 3198 C
2412 3103 2727 3172 χαρίζεσθαι
2761 3106 2818 3156 οὐ
2863 3104 3117 3157 δύναται·
3147 3111 3195 3158 εί
3240 3104 3331 3159 οὖν
3371 3108 3572 3177 κτίσμα
3612 3110 3706 3160 καὶ
3747 3108 3926 3168 δοῦλος
3952 3110 3976 3158 ὀ

748 3197 877 3235 rans
903 3184 1060 3238 aliter
1085 3189 1321 3252 profecto
1351 3192 1646 3260 generabit.
1670 3193 1822 3259 Quod
1845 3197 1967 3264 quis
1994 3213 2096 3252 nan
2125 3199 2304 3263 habet,

747 3272 797 3325 id
831 3274 947 3327 aliis
987 3274 1166 3343 largiri
1208 3295 1311 3330 non
1344 3294 1517 3346 potest
1551 3302 1564 3336 :
1596 3289 1639 3339 si
1676 3287 1838 3356 igitur
1870 3287 2033 3342 Filius
2062 3301 2306 3344 creatura

745 3372 801 3415 et
833 3378 1020 3418 servus
1040 3375 1142 3429 est,
1175 3367 1309 3421 alios
1335 3367 1533 3424 liberos
1577 3372 1755 3427 facere
1785 3390 1890 3428 non
1925 3385 2116 3444 potest.
2156 3377 2305 3442 Quod

746 3463 936 3506 natura
969 3455 1199 3510 medium
1246 3466 1328 3511 est
1375 3459 1516 3515 inter
1562 3463 1761 3532 aliqua,
1792 3475 2033 3520 extrema
2075 3479 2303 3536 utraque

746 3547 1006 3616 contingit
1044 3550 1305 3617 :proinde
1347 3553 1392 3606 si
1437 3555 1527 3607 Dei
1564 3570 1627 3609 ac
1659 3558 1826 3610 nostri
1859 3559 2122 3612 mediator
2149 3558 2307 3613 Chri-

747 3646 864 3691 stus
916 3648 998 3694 est
1050 3651 1270 3708 natura,
1307 3659 1410 3697 non
1466 3648 1759 3700 secundum
1813 3648 2304 3716 dispensationem,

751 3728 891 3782 Deus
920 3739 1245 3786 etcrcatura
1298 3746 1484 3789 natura
1532 3736 1810 3805 conjuncta
1849 3748 1990 3792 sunt.
2041 3740 2095 3794 Si
2144 3741 2308 3797 Filius

748 3818 892 3874 Patri
921 3823 1109 3877 similis
1126 3835 1230 3888 est,
1259 3842 1361 3880 non
1396 3837 1570 3880 tamen
1596 3831 1889 3884 secundum
1917 3832 2305 3896 substantiam,

749 3914 1018 3980 reliquum
1072 3926 1154 3971 est
1203 3926 1259 3972 ut
1299 3920 1378 3972 vel
1433 3921 1633 3986 forma,
1667 3922 1750 3976 vel
1805 3925 2166 3991 operatione:
2215 3927 2308 3979 sed

750 4002 920 4058 forma
955 4023 1056 4062 non
1085 4017 1290 4078 potest;
1321 4013 1521 4067 nullum
1548 4015 1689 4068 enim
1724 4016 2093 4083 incorporeum
2128 4017 2176 4068 in
2202 4017 2310 4070 l’or-

750 4111 836 4147 ma
874 4107 992 4161 est;
1027 4100 1109 4152 sin
1137 4115 1314 4155 autem
1340 4105 1668 4170 operatione,
1698 4115 1752 4159 et
1792 4107 1904 4174 ipse
1926 4106 2054 4160 nihil
2080 4107 2309 4161 alienum

749 4199 1183 4254 Operatusesset,
1205 4193 1298 4244 sed
1322 4193 1523 4259 aliquid
1553 4196 1656 4249 tale
1681 4196 1837 4264 quale
1865 4198 1976 4265 ipse
2009 4208 2112 4260 est,
2150 4199 2314 4267 siqui-

2417 3194 2558 3259 Υἱὸς,
2602 3194 2911 3266 ἐλευθέρους
2943 3195 3133 3259 ἄλλους
3161 3200 3330 3249 ποιεῖν
3362 3198 3423 3249 οὐ
3446 3198 3663 3251 δύναται
3717 3199 3789 3249 Τὸ
3825 3199 3976 3264 φύσει

2419 3285 2578 3355 μέσον
2609 3285 2767 3337 τινῶν
2802 3287 3072 3359 ἑκατέρων
3103 3285 3210 3338 τῶν
3235 3285 3417 3357 ἄκρων
3447 3288 3748 3355 ἐφάπτεται
3775 3303 3788 3314 ·
3815 3289 3862 3338 εἰ
3887 3282 3978 3339 οὖν

2416 3376 2570 3444 φύσει
2610 3379 2833 3447 μεσίτης
2878 3378 3108 3448 Χριστὸς
3152 3376 3284 3430 Θεοῦ
3317 3380 3411 3430 καὶ
3440 3378 3614 3449 ἡμῶν,
3654 3377 3748 3428 καὶ
3774 3377 3834 3428 οὐ
3864 3379 3978 3429 κατ’

2414 3471 2745 3540 οἰκονομίαν,
2792 3472 2946 3539 φύσει
2981 3473 3057 3543 (7)
3101 3474 3368 3542 συνῆπται
3400 3475 3531 3535 Θεὸς
3559 3474 3651 3524 καὶ
3691 3472 3882 3535 κτίσις.
3920 3474 3980 3524 Εἰ

2413 3562 2597 3630 ὅμοιός
2642 3565 2786 3614 ἐστιν
2855 3564 3032 3627 ὁΥἱὺς
3062 3564 3139 3634 τῷ
3169 3566 3360 3635 Πατρὶ,
3409 3566 3468 3617 οὐ
3509 3565 3628 3615 κατ’
3684 3564 3872 3615 οὐσίαν
3903 3564 3978 3626 δὲ,

2414 3651 2657 3704 λείπεται
2705 3655 2736 3724 ἦ
2789 3655 2926 3708 κατὰ
2965 3658 3197 3728 μορφὴν,
3238 3657 3269 3727 ἢ
3323 3658 3440 3709 κατ’
3479 3656 3757 3725 ἐνέργειαν
3785 3672 3797 3684 ·
3848 3655 3981 3709 ἀλλὰ

2417 3747 2596 3814 μορφῇ
2635 3743 2710 3813 (8)
2763 3746 2859 3815 μὲν
2909 3747 3164 3801 ἀδύνατον
3222 3747 3391 3815 (οὐδὲν
3444 3746 3552 3816 γὰρ
3605 3745 3894 3817 ἀσώματον
3927 3749 3982 3799 ἐν

2415 3837 2614 3906 μορφῇ)
2642 3856 2656 3868 ·
2687 3839 2735 3889 εἰ
2769 3839 2824 3890 δὲ
2850 3841 2970 3892 κατ’
3003 3840 3306 3910 ἐνέργειαν,
3337 3839 3436 3890 οὐκ
3469 3837 3533 3891 ἂν
3566 3838 3662 3890 καὶ
3700 3839 3864 3903 αὐτὸς
3894 3839 3982 3892 ἁλ-

2410 3924 2550 3977 λοῖόν
2577 3944 2648 3987 τι,
2703 3928 2836 3981 ἀλλὰ
2865 3929 3102 3980 τοιοῦτον
3129 3923 3237 3980 οἷον
3294 3927 3456 3989 αὐτός
3485 3929 3632 3980 ἐστιν
3685 3931 3983 3999 ἐνήργησεν

2413 4018 2497 4080 ἂν,
2540 4018 2697 4090 εἴπερ
2727 4021 2935 4090 ποίημα
2965 4019 3058 4072 τοῦ
3088 4020 3315 4090 Πατρὸς,
3357 4020 3449 4072 καὶ
3477 4021 3537 4072 οὐ
3569 4021 3839 4092 γέννημα.
3867 4023 3985 4074 Ἀ).-

2412 4109 2518 4174 λως
2550 4111 2605 4162 δὲ
2632 4113 2726 4164 καὶ
2753 4112 3091 4183 προείρηται,
3121 4112 3211 4165 καὶ
3239 4113 3376 4165 κατὰ
3397 4112 3674 4184 ἐνέργειαν
3703 4116 3906 4184 ὅμοιον,
3931 4116 3982 4180 ἐξ

2417 4203 2662 4272 ἀνάγκης
2692 4205 2786 4256 καὶ
2821 4204 2938 4257 κατ’
2966 4204 3150 4255 οὐσίαν
3179 4205 3362 4273 ὅμοιον
3392 4200 3550 4256 εἶναι.

751 4283 870 4334 dem
927 4282 1130 4339 factura
1188 4296 1270 4339 est
1319 4287 1532 4351 Patris,
1571 4307 1672 4343 non
1722 4293 1989 4360 genitura.
2043 4293 2308 4350 Prmtcrea
2349 4300 2508 4354 etiam
2548 4311 2670 4354 ante
2704 4302 2902 4355 dictum
2931 4312 3033 4365 est,
3081 4302 3222 4370 quod
3256 4302 3568 4368 operatione
3634 4301 3816 4354 simile
3882 4308 3961 4354 est

752 4376 802 4427 id
850 4393 1062 4447 quoque
1095 4383 1385 4434 secundum
1414 4384 1771 4437 substantiam
1800 4390 2107 4440 necessario
2134 4391 2412 4445 consimile
2438 4408 2578 4446 esse.

821 4467 873 4521 5.
897 4468 950 4522 Si
974 4471 1063 4524 Dei
1093 4486 1252 4539 opera
1275 4475 1326 4525 in
1358 4474 1458 4527 lide
1482 4491 1587 4528 non
1610 4478 1659 4529 in
1689 4478 2146 4533 demonstratione
2169 4493 2313 4548 sunt,
2348 4489 2395 4545 Ι)

754 4562 1052 4614 secundum
1081 4563 1330 4617 Davidem
1367 4568 1456 4636 qui
1483 4569 1615 4622 dixit
1644 4586 1657 4620 :
1694 4567 1760 4620 Et
1793 4571 1966 4622 omnia
2016 4587 2170 4637 opera
2197 4573 2311 4640 ejus

753 4652 807 4704 in
842 4652 944 4719 ﬁde
975 4655 1020 4684 ⁸⁸
1051 4673 1063 4706 :
1098 4667 1299 4722 quanto
1327 4660 1494 4728 magis
1516 4659 1633 4712 Filii
1668 4671 1792 4714 ante
1834 4663 2024 4714 saecula
2058 4680 2118 4715 ex
2158 4665 2312 4718 Patre

753 4747 1028 4810 generatio
1057 4748 1106 4800 in
1141 4749 1262 4812 lide,
1289 4765 1392 4803 non
1428 4753 1479 4803 in
1515 4752 1973 4806 demonstratione
2002 4765 2087 4807 est
2117 4754 2216 4808 ?Si
2247 4771 2313 4809 ex

750 4837 921 4891 nihilo
955 4838 1096 4893 Deus
1130 4840 1321 4894 Filium
1352 4842 1570 4910 fecit,et
1593 4844 1759 4899 Filius
1789 4860 1851 4899 ex
1898 4846 2064 4900 nihilo
2082 4858 2308 4912 cuncta;

829 5079 873 5117 ⁷⁸
905 5078 1062 5133 Joan.
1095 5096 1224 5145 xvn,
1255 5081 1344 5136 10.
1454 5084 1499 5114 ⁷⁵
1531 5084 1659 5138 ibid.
1736 5086 1782 5117 ⁸⁸
1813 5087 1955 5142 Psal.
1996 5105 2166 5153 χχχιι,
2197 5089 2248 5144 4.

820 5275 897 5343 (5)
933 5277 1140 5350 Κιξὶ-οὺ
1163 5277 1350 5345 χρεία,
1381 5287 1477 5333 etc.
1512 5278 1688 5343 Verte,
1735 5297 1824 5334 nec
1868 5299 1995 5350 opus
2036 5292 2109 5335 est
2165 5283 2308 5336 nobis

751 5362 831 5410 ea,
861 5357 968 5400 etc.
1008 5346 1220 5401 Marum.

841 5415 896 5485 4)
927 5416 1180 5471 Voculam
1203 5419 1258 5471 δέ
1284 5434 1347 5473 ex
1375 5421 1649 5476 veteribus
1674 5421 1825 5475 libris
1854 5421 2176 5475 addidimus.

822 5486 897 5555 (5)
934 5486 1030 5540 Hic
1086 5486 1140 5540 in
1201 5490 1438 5543 editione
1505 5491 1792 5545 Parisieusi
1862 5491 2058 5554 legitur
2119 5493 2308 5544 καθότι

750 5551 1027 5628 οὖνζδειι
1069 5559 1291 5612 Βυεαδυε
1335 5558 1486 5628 Regii
1541 5560 1623 5613 sui
1682 5561 1803 5614 libri
1859 5551 2014 5616 fidem
2071 5574 2306 5626 secutus,

753 5637 898 5680 recte
923 5627 1474 5697 iudicavitIIegenduin
1493 5645 1612 5683 esse
1625 5631 1927 5684 καθοτιοῠν.
1963 5632 2156 5685 Ibidem
2177 5633 2306 5694 Reg.

754 5697 942 5751 tertius
972 5696 1151 5773 simini.
1182 5696 1333 5773 Ei_'5‘s
1355 5697 1532 5773 κτίσις
1554 5700 1852 5773 κατ’-οὐδὲν
1878 5701 2074 5773 ομοίως
2098 5701 2176 5773 τῷ
2202 5703 2310 5755 κτί-

752 5766 1093 5838 σαντιηάλλὰ
1129 5767 1268 5820 κατὰ
1299 5767 1472 5822 πάντα.
1501 5770 1768 5838 ἀνομοίως
1795 5766 1972 5824 εἰκών.

823 5834 900 5906 (6)
931 5837 1068 5893 Eiliti
1113 5847 1168 5895 et
1208 5853 1340 5894 mss.
1378 5834 1616 5895 nonnulli
1664 5840 1867 5910 βλέπει.
1912 5842 2014 5897 Alii
2039 5854 2147 5898 tres
2177 5859 2304 5900 mss.

2489 4488 2540 4538 5.
2570 4488 2629 4537 Et
2659 4486 2723 4537 τὰ
2753 4486 2886 4554 ἔργα
2917 4485 3008 4538 τοῦ
3033 4485 3164 4537 Θεοῦ
3197 4487 3252 4535 ἐν
3287 4486 3483 4546 πίστει,
3521 4483 3611 4534 καὶ
3638 4485 3737 4535 οὐκ
3771 4486 3829 4536 ἐν
3861 4488 3982 4537 ἁπο-

2418 4576 2597 4638 δείξει,
2635 4577 2772 4628 κατᾶ
2803 4577 2890 4628 τὸν
2919 4575 3081 4628 Δαΰὶδ
3107 4575 3198 4628 τὸν
3245 4575 3463 4627 εἰπόντα
3484 4591 3496 4604 ·
3530 4576 3640 4628 Καὶ
3678 4575 3878 4629 πάντα
3917 4578 3983 4629 τὰ

2418 4666 2559 4733 ἕδος-(ι
2600 4667 2786 4721 αὑτοῦ
2829 4669 2899 4719 ἐν
2935 4668 3134 4720 πίστει
3158 4685 3171 4697 ·
3217 4669 3364 4736 πόσῳ
3403 4667 3600 4736 μᾶλλον
3645 4669 3678 4738 ἡ
3717 4668 3812 4721 τοῦ
3859 4668 3980 4721 Tia-3

2418 4757 2522 4825 πρὸ
2574 4756 2784 4809 αἰώνων
2820 4759 2884 4809 ὲκ
2919 4757 3129 4827 Πατρὸς
3167 4757 3415 4825 γέννησις
3457 4759 3513 4808 ὲν
3536 4758 3738 4814 πίστει,
3779 4760 3980 4811 καὶούκ

2410 4849 2466 4900 ὲν
2490 4845 2757 4913 ἀποδείξει
2781 4865 2795 4915 ;
2828 4849 2890 4900 El
2919 4847 2977 4913 ἐξ
3000 4850 3099 4901 οὐκ
3130 4848 3295 4902 ὄντων
3321 4850 3348 4900 ὁ
3377 4847 3508 4910 Θεὸς
3536 4849 3625 4902 τὸν
3643 4849 3774 4902 Υἰὸν
3806 4850 3981 4919 ἐποίη-

2420 5281 2627 5351 βλέψει.
2672 5279 2781 5333 Nec
2816 5279 2891 5332 ita
2927 5276 3098 5332 multo
3152 5288 3273 5346 post
3313 5292 3442 5331 mss.
3490 5277 3595 5333 duo
3625 5279 3870 5349 δηλονότι
3897 5279 3977 5333 καὶ

2454 5367 2573 5405 εννη
2583 5367 2684 5405 σει.
2988 5369 2990 5371 ’

2415 5353 2733 5492 γεῖἶῗῖῗᾶἶιί
2763 5418 2898 5472 ἀλλὰ
2926 5369 3102 5487 φύσει.
3134 5421 3248 5474 Vox
3275 5417 3410 5492 ἀλλά
3453 5418 3504 5470 ίη
3534 5422 3746 5492 ηοδιτῖε
3785 5428 3974 5492 ³⁸Ρε⁰¹¹¹

2418 5488 2553 5544 mss.
2588 5494 2772 5569 deest;
2805 5501 2861 5544 et
2897 5492 2967 5544 ita
2997 5504 3214 5569 quoque
3235 5489 3438 5569 saepius
3466 5503 3565 5542 vox
3598 5491 3691 5541 sed
3723 5489 3862 5569 apud
3885 5488 3977 5541 La—

2419 5563 2560 5614 tinos
2590 5559 2862 5628 eleganter
2902 5557 3191 5615 omittitur.
3229 5557 3288 5612 Si
3333 5567 3556 5624 natura,
3589 5574 3697 5611 non
3719 5561 3976 5628 dispensa-

2415 5632 2550 5683 tione
2576 5631 2830 5682 mediator
2853 5639 2925 5682 εει
2950 5629 3207 5683 Christus.

2487 5700 2562 5769 (8)
2590 5700 2806 5767 Antiqui
2830 5711 2950 5779 tres
2981 5699 3100 5779 libri
3126 5697 3525 5779 Qﬁpopcpﬁv.
3552 5696 3848 5779 Aliquanto
3868 5707 3978 5778 post

2417 5763 2551 5853 mss.
2573 5779 2683 5827 tres
2712 5763 2950 5825 τοιοῦτον
2975 5763 3104 5832 οἷος.
3129 5769 3230 5825 Alii
3253 5763 3501 5824 duo‘uis‘s.
3523 5776 3577 5823 cl.
3601 5763 3736 5824 editi
3753 5768 3978 5822 τοιοῦτον

2414 5857 2545 5894 οιον.
