4208 6488
209 453 324 507 693

1306 454 1680 514 ADVERSUS
1723 454 2092 511 EUNOMlL'Rl
2127 450 2254 506 LIB.
2300 449 2386 504 li".

3341 444 3445 499 604

211 584 301 634 σε,
333 568 424 620 καὶ
452 568 479 619 6
519 567 648 630 Υἱὸς
685 568 740 620 δὲ
777 567 836 632 ἐξ
879 569 977 622 οὑκ
1021 571 1187 622 ὅντων
1221 570 1288 623 τὰ
1333 572 1506 624 πάντα
1529 589 1540 600 ·
1587 570 1783 641 quae;
1811 579 1859 635 Α

1782 617 1783 638 η
1811 579 1859 635 Α
1888 569 2074 624 eadem
2101 565 2338 635 polentia
2374 571 2426 616 et
2453 559 2695 629 operatio
2721 568 2800 613 est
2829 574 3036 624 eorum,
3067 558 3155 626 qui
3186 571 3249 613 ex
3278 559 3444 613 nihilo

206 659 442 728 δύναμις
474 659 564 710 καὶ
597 659 842 730 ἐνέργεια
876 660 984 713 τῶν
1016 660 1075 723 ἐξ
1109 660 1208 712 οὐκ
1247 660 1412 712 ὄντων
1447 662 1474 712 ὃ
1507 661 1780 731 βούλονται

208 748 563 819 δημιουργεῖν
619 749 946 820 δυναμένων,
979 750 1209 820 οὐδαμοῦ
1244 752 1344 820 τῆς
1385 753 1644 822 διαφορᾶς
1673 752 1780 804 τῶν

209 840 726 910 δημιουργουμὲνων
758 843 1148 911 σκοπουμένης.
1213 842 1362 894 Ἐπεὶ
1400 843 1491 894 καὶ
1538 841 1637 911 τῆς
1665 842 1782 893 κτί-

211 945 353 990 σεως
385 931 440 981 έν
468 929 681 991 πολλοῖς
721 928 859 981 κατὰ
891 929 1058 981 πολλὰ
1093 929 1346 1000 διαφόρου
1388 929 1778 1000 τυγχανούσης,

208 1020 279 1070 οὐ
311 1019 622 1089 διάφοροιοὶ
666 1020 1005 1091 δημιουργοὶ,
1051 1020 1165 1072 ἀλλ’
1186 1018 1264 1083 εἷς
1287 1023 1315 1072 6
1338 1021 1482 1086 Υἱὸς,
1527 1021 1590 1073 δι’
1621 1014 1680 1073 οῦ
1714 1021 1783 1072 τὰ

210 1111 394 1164 πάντα
423 1111 657 1179 ἐγένετο.
695 1113 756 1163 Εἰ
777 1112 888 1164 τῶν
909 1112 965 1174 ἐξ
991 1114 1089 1166 οὐκ
1114 1113 1279 1165 ὄντων
1309 1113 1520 1184 πρῶτον
1548 1115 1620 1182 (9)
1645 1112 1780 1166 Θεοῦ

211 1203 426 1273 ποίημα
463 1207 490 1256 6
521 1204 770 1273 Χριστὸς,
820 1207 912 1257 καὶ
953 1205 1095 1258 οὓτω
1137 1206 1482 1270 πιστεύοντες
1509 1206 1655 1276 αὑτῷ
1686 1205 1780 1258 λα-

208 1294 496 1364 τρεύουσιν
555 1294 849 1364 Ἀρειανοί·
909 1293 1030 1346 Ἰὼϐ
1082 1296 1137 1348 δὲ
1177 1296 1389 1368 πρῶτον
1437 1297 1641 1366 ποίημα
1669 1296 1778 1364 (10)

210 1384 346 1436 Θεοῦ
380 1383 469 1435 τὸν
497 1383 736 1436 διάϐολον
768 1385 914 1453 λέγει
944 1385 1114 1438 εἰπών
1145 1403 1154 1411 ·
1192 1388 1370 1441 Τοῦτό
1391 1388 1520 1439 ἐστι
1549 1385 1782 1455 πρῶτον

210 1474 371 1542 ἀρχὴ
399 1474 748 1543 πλάσματος
780 1479 999 1544 Κυρίου
1023 1493 1035 1507 ⁸
1082 1476 1397 1531 λανθάνουσι
1434 1477 1511 1547 τῷ
1553 1476 1781 1546 διαϐόλῳ

210 1568 578 1638 λατρεύοντες,
611 1572 706 1624 καὶ
737 1573 856 1642 οὐχὶ
896 1572 972 1642 τῷ
1018 1574 1131 1642 Υἱῷ
1165 1574 1258 1626 τοῦ
1295 1574 1423 1626 Θεοῦ
1462 1575 1591 1644 (11).
1635 1576 1696 1627 Εἰ
1726 1575 1782 1628 δὲ

210 1659 308 1711 τοῦ
349 1659 476 1713 Υἱοῦ
512 1661 622 1731 (12)
657 1663 718 1716 τὸ
771 1665 981 1734 πρῶτον
1030 1667 1187 1717 αὑτὸν
1234 1666 1510 1737 εἰρηκέναι
1569 1668 1781 1738 ποίημα

211 1747 475 1814 λέξουσιν,
502 1751 682 1804 οὐκέτι
716 1753 922 1824 ποίημα
951 1755 1010 1806 τὸ
1047 1753 1269 1824 Πνεῦμα
1308 1756 1426 1807 κατ’
1461 1757 1656 1820 αὐτοὺς
1687 1757 1780 1810 τοῦ

211 1839 440 1910 Κυρίου,
473 1841 504 1911 ἢ
545 1843 638 1894 καὶ
676 1844 812 1912 μετὰ
835 1844 922 1896 τὸν
958 1845 1197 1898 διάϐολον
1229 1847 1514 1917 γενόμενον
1559 1849 1783 1919 εὑρεθή-

1882 658 2139 730 quidquid
2161 657 2343 710 volunt
2365 668 2551 707 creare
2568 661 2814 720 possunt,
2837 666 2955 703 cum
2982 665 3242 717 nusquam
3267 664 3445 704 rerum

1883 760 2190 805 creatarum
2228 745 2595 814 conspiciatur
2633 741 2955 798 differentia.
2991 741 3097 796 Etsi
3131 743 3274 794 enim
3301 757 3449 796 crea-

1883 854 2001 898 tura
2027 844 2078 896 in
2112 841 2290 895 multis
2322 837 2601 906 multiplici
2644 837 2851 889 ratione
2885 835 3092 888 diversa
3115 842 3216 895 est,
3238 847 3340 885 non
3362 841 3446 884 ta-

1883 949 2008 990 men
2030 933 2223 987 diversi
2261 941 2386 986 sunt
2417 930 2654 996 opiﬁces,
2675 927 2768 981 sed
2806 942 2942 980 unus
2978 925 3270 991 Filius.per
3286 938 3446 992 quem

1883 1027 2062 1081 omnia
2089 1026 2226 1079 facta
2250 1033 2395 1078 sunt.
2427 1020 2481 1074 Si
2513 1020 2562 1072 in
2588 1019 2652 1072 iis
2690 1033 2807 1087 quae
2836 1033 2902 1070 ex
2929 1016 3097 1068 nihilo
3130 1015 3270 1068 facta
3297 1023 3443 1076 sunt,

1883 1118 2056 1185 prima
2114 1115 2206 1169 Dei
2237 1114 2438 1168 iactura
2486 1111 2737 1166 Christus
2794 1117 2896 1168 est,
2945 1116 2998 1161 et
3039 1107 3118 1160 sic
3163 1106 3445 1159 credentes

1881 1208 2070 1262 Ariani
2091 1209 2259 1275 ipsum
2289 1203 2490 1266 colunt,
2512 1212 2566 1256 et
2588 1200 2688 1254 Job
2707 1199 2982 1253 diabolum
3003 1198 3230 1267 primam
3251 1196 3342 1249 Dei
3367 1196 3447 1248 fa-

1882 1311 2089 1352 cturam
2125 1297 2278 1359 dixit,
2300 1295 2389 1348 ubi
2416 1295 2486 1346 ait
2516 1312 2528 1346 :
2555 1292 2669 1345 Hoc
2685 1293 2912 1359 primum
2931 1299 3004 1342 est
3033 1289 3176 1356 origo
3211 1287 3447 1356 ﬁgmenti

1881 1388 2094 1443 Domini
2114 1389 2182 1452 δ’,
2216 1387 2516 1440 nescientes
2547 1384 2729 1438 colunt
2771 1382 3062 1445 diabolum,
3094 1394 3195 1432 non
3237 1379 3329 1432 Dei
3359 1378 3450 1432 Fi-

1881 1478 2031 1532 lium.
2054 1478 2110 1531 Si
2138 1492 2266 1530 vero
2290 1476 2482 1529 dicturi
2513 1484 2637 1528 sunt
2665 1489 2782 1527 eum
2803 1473 2869 1525 de
2897 1473 3066 1540 prima
3090 1467 3208 1522 Filii
3241 1468 3448 1521 factura

1881 1571 2118 1625 locutum
2155 1569 2339 1632 fuisse,
2365 1583 2469 1622 non
2516 1566 2742 1635 amplius
2773 1565 3066 1618 secundum
3105 1563 3246 1631 ipsos
3277 1560 3449 1629 Spiri-

1884 1673 1969 1718 tus
1987 1675 2068 1717 est
2089 1663 2297 1716 Domini
2335 1662 2564 1724 factura,
2599 1660 2793 1728 quippe
2823 1667 2942 1726 post
2967 1655 3235 1709 diabolum
3269 1653 3448 1706 factus

1882 1756 2201 1809 invenietur.
2239 1753 2296 1808 Si
2332 1753 2461 1806 ﬁdes
2504 1752 2556 1804 in
2589 1750 2779 1803 Filium
2812 1758 3015 1812 nostra,
3043 1761 3176 1812 opus
3212 1754 3296 1800 est
3353 1743 3446 1796 Dei

1884 1847 2024 1918 (Hoc
2061 1848 2218 1911 enim,
2248 1843 2441 1914 inquit,
2469 1860 2596 1911 opus
2620 1853 2692 1896 est
2732 1824 2855 1906 Dei,
2890 1851 2944 1894 ut
2971 1840 3195 1894 credatis
3235 1839 3292 1889 in
3328 1853 3448 1888 eum

214 1948 383 1987 σεται.
418 1935 479 1986 Ei
513 1936 544 2004 ἡ
573 1936 750 1998 πίστις
777 1936 932 2005 ἡμῶν
980 1939 1011 2007 ἡ
1049 1941 1127 2001 εἰς
1169 1939 1260 1990 τὸν
1289 1916 1414 1991 Υἱον
1464 1916 1637 2012 ἔργον-
1664 1916 1779 1992 ἐστὶ
1813 1916 1854 1970 Β

1813 1916 1854 1970 Β
1884 1916 2033 2009 quem
2076 1939 2164 1991 ille
2188 1939 2328 1990 misit
2357 1938 2449 2006 ⁸³),
2494 1937 2605 2004 ipse
2641 1934 2735 1987 Dei
2771 1949 2905 2001 onus
2954 1947 3072 1986 esse
3115 1945 3217 1983 non
3250 1937 3443 1997 potest.

210 2023 306 2075 τοῦ
332 2024 463 2079 Θεοῦ
505 2026 710 2094 (Τοῦτο
762 2027 889 2095 γὰρ,
945 2030 1132 2099 φησὶν,
1175 2031 1305 2084 ἐστὶ
1334 2030 1398 2083 τὸ
1449 2030 1625 2100 ἔργον
1664 2030 1773 2084 τοῦ

1881 2031 2013 2085 Nam
2039 2032 2166 2085 ﬁdes
2201 2031 2252 2084 in
2287 2031 2484 2098 ipsum,
2516 2036 2570 2081 et
2608 2022 2741 2094 ipse,
2780 2042 2884 2078 non
2916 2025 3080 2078 idem.

215 2115 383 2178 Θεοῦ,
411 2117 508 2170 ἵνα
539 2117 854 2184 πιστεύητε
888 2117 996 2188 (15)
1036 2122 1123 2186 εὶς
1183 2119 1254 2173 ὃν
1316 2120 1669 2175 ἀπέστειλεν
1730 2120 1997 2191 ἐκεῖνος),
2063 2120 2222 2184 αὐτὸς
2261 2119 2420 2190 ἔργον
2470 2116 2529 2170 οὐ
2567 2113 2787 2170 δύναται
2823 2111 2957 2166 εἶναι
2995 2112 3150 2165 Θεοῦ.
3198 2112 3273 2166 Οὐ
3315 2111 3445 2165 ταύ-

209 2209 303 2261 τὸν
327 2209 491 2278 γὰρὴ
525 2211 601 2270 εἰς
627 2209 786 2261 αὐτὸν
814 2210 995 2275 πίστις
1023 2214 1112 2265 καὶ
1139 2214 1318 2275 αὐτός.

212 2303 317 2365 Εἰς
355 2299 420 2351 τὸ
451 2299 583 2372 (14),
616 2302 829 2372 (Ὅταν
855 2301 920 2354 δὲ
958 2304 1229 2372 ὑποταγῇ
1275 2303 1433 2369 αὐτῷ
1457 2306 1529 2359 τὰ
1558 2304 1773 2369 πάντα,

392 2370 522 2421 τότε
553 2370 647 2422 καὶ
674 2371 853 2437 αὐτὸς
883 2375 914 2425 ό
941 2374 1066 2438 Υἱὸς
1091 2370 1550 2443 ὑποταγήσεται.
1577 2394 1596 2426 ι

283 2461 345 2512 Ei
391 2460 583 2524 θεῖιιῶς
615 2462 644 2513 6
685 2462 810 2525 Υἱὸς
847 2463 921 2531 τῷ
958 2466 1128 2534 Πλτρὶ
1173 2466 1549 2529 ὑποτάσσεται,
1592 2466 1647 2531 ἐξ
1681 2467 1778 2535 ἀρ-

212 2553 312 2622 χῆς
347 2552 412 2605 ἂν
437 2554 768 2607 ὑποτέτακτο
816 2555 949 2623 (15),
999 2556 1055 2620 ἐξ
1108 2553 1166 2609 οὗ
1201 2557 1295 2609 καὶ
1330 2558 1460 2620 Θεὸς
1482 2554 1568 2626 ἦν.
1630 2559 1692 2610 Ei
1722 2559 1778 2612 δὲ

212 2645 309 2712 οὐχ
360 2645 708 2708 ὑποτέτακτο,
767 2647 878 2699 ἀλλ’
935 2648 1157 2717 ὕστερον
1217 2650 1633 2720 ὑποταγήσεται,
1683 2653 1777 2704 ἁν-

213 2733 516 2804 θρωττίνως,
551 2735 623 2797 ὡς
655 2736 793 2805 ὑπὲρ
837 2736 1010 2805 ἡμῶν,
1040 2737 1133 2790 καὶ
1161 2737 1220 2789 οὐ
1252 2737 1446 2802 Θεῖκῶς
1483 2739 1622 2808 ὑπὲρ
1653 2741 1778 2792 ἐαυ-

213 2841 307 2876 του
319 2864 331 2876 .

212 2916 320 2980 Εἰς
351 2913 436 2980 τὸ,
471 2934 490 2966 ι
520 2916 622 2970 Διὰ
659 2918 831 2989 τοῦτο
878 2919 1196 2988 ἐχαρίσατο
1228 2922 1385 2987 αὐτῷ
1415 2926 1446 2976 ὀ
1477 2922 1619 2989 Θεὸς
1646 2921 1778 2978 ὅνο-

591 3004 674 3054 μα
704 2988 768 3041 τὸ
802 2991 951 3056 ὑπὲρ
986 2989 1106 3043 πᾶν
1131 2993 1334 3058 ὄνομα.
1370 3011 1387 3038 ι

285 3078 347 3130 Εἰ
375 3079 511 3147 μετὰ
544 3079 638 3149 τὴν
676 3079 1102 3149 ἐνανορώπησιν,
1155 3081 1243 3132 διὰ
1274 3081 1371 3150 τὴν
1398 3082 1664 3150 ὑπακοὴν,
1713 3085 1775 3136 τὸ

215 3168 354 3237 ὑπὲρ
389 3169 494 3219 πᾶν
541 3168 708 3235 ὄνομα
760 3168 837 3235 τῷ
872 3169 980 3236 (16)
1031 3169 1143 3240 Υἱῷ
1194 3169 1309 3240 Θεῷ
1359 3172 1470 3224 ὄντι
1507 3174 1535 3224 ὁ
1587 3175 1774 3246 Πατὴρ

217 3258 520 3328 ἐχαρίσατο,
584 3261 675 3309 καὶ
729 3261 874 3311 πᾶσα
921 3261 1138 3327 γλῶσσα
1178 3261 1616 3335 ἐξωμολογήσατο
1665 3268 1773 3339 (17)

216 3346 418 3416 Κύριον
438 3363 451 3375 ο
509 3347 612 3417 πρὸ
655 3348 751 3417 τῆς
783 3350 1244 3421 ὲνανθρωπήσεως
1290 3353 1411 3406 οὔτε
1443 3356 1502 3408 τὸ
1525 3357 1690 3428 ὄνομα
1717 3359 1776 3411 τὸ

216 3436 355 3504 ὑπὲρ
392 3437 497 3489 πᾶν
525 3436 695 3508 ὃνομα
731 3435 894 3510 εἶχεν,
930 3440 1051 3493 οῦτε
1099 3443 1247 3511 παρὰ
1277 3446 1489 3497 πάντων
1522 3445 1619 3517 τὴν
1648 3450 1776 3518 ὁμο-

1880 2301 1946 2355 In
1975 2299 2128 2364 illud,
2159 2317 2176 2349 ι
2200 2296 2329 2349 Cum
2359 2306 2529 2364 autem
2553 2294 2784 2364 subjecta
2813 2294 3002 2364 fuerint
3018 2293 3077 2364 (ei
3108 2292 3280 2344 omnia
3323 2302 3444 2346 tunc

2224 2376 2272 2418 et
2311 2368 2419 2434 ipse
2456 2363 2627 2417 Filius
2668 2363 3050 2432 subjicietur”.
3079 2381 3097 2412 ι

1949 2458 2004 2514 Si
2030 2457 2319 2512 secundum
2347 2457 2599 2508 deitatem
2628 2454 2798 2507 Filius
2833 2453 2978 2505 Patri
3005 2452 3306 2518 subjicitur,
3339 2455 3442 2506 ini-

1879 2555 1955 2606 tio
1978 2554 2161 2621 utique
2190 2547 2465 2615 subjectus
2488 2557 2652 2610 esset,
2689 2562 2756 2600 ex
2795 2561 2899 2613 quo
2928 2554 2984 2599 et
3021 2547 3159 2598 Deus
3187 2556 3322 2598 erat.
3342 2544 3436 2598 Sin

1878 2654 2058 2697 autem
2110 2657 2214 2695 non
2272 2638 2547 2708 subjectus
2587 2646 2727 2700 erat,
2773 2637 2864 2690 sed
2900 2636 3179 2704 subjicitur
3207 2646 3389 2704 postea
3423 2654 3437 2700 ;

1878 2736 2173 2790 secundum
2210 2731 2594 2784 humanitatem
2655 2740 2902 2796 tauquam
2958 2741 3055 2794 pro
3108 2729 3282 2793 nobis,
3334 2743 3440 2782 non

1876 2830 2165 2882 secundum
2194 2823 2445 2876 deitatem
2485 2836 2581 2887 pro
2609 2821 2900 2886 semetipso
2920 2817 3256 2885 subjiciatur.

1877 2919 2040 2992 289
2079 2917 2148 2971 In
2197 2915 2352 2979 illud,
2389 2932 2430 2992 t_
2467 2912 2748 2980 Pt‘Opterea
2807 2911 3027 2979 largitus
3071 2909 3255 2992 estnilli
3305 2909 3440 2963 (bus

2052 3005 2260 3049 nomen,
2293 2987 2430 3055 quod
2458 2994 2530 3036 est
2568 2999 2720 3048 super
2751 2997 2899 3033 omne
2929 2996 3113 3032 nomen
3143 2980 3206 3031 ⁸⁵.
3240 2997 3260 3030 ι

1948 3080 2002 3134 Si
2035 3089 2155 3146 post
2189 3075 2640 3136 incarnationem,
2669 3081 2884 3141 propter
2917 3071 3296 3133 obedientiam,
3335 3068 3438 3122 Pa-

1879 3183 1961 3227 ter
1990 3172 2148 3234 Filio,
2178 3170 2268 3238 qui
2329 3170 2465 3220 Deus
2498 3174 2635 3229 erat,
2685 3178 2878 3217 nomen
2929 3163 3121 3232 quovis
3163 3163 3266 3216 alio
3299 3179 3434 3231 pra:-

1876 3263 2104 3318 stantius
2138 3261 2397 3326 contulit,
2432 3258 2712 3325 omnisque
2752 3256 2926 3322 lingua
2962 3255 3201 3309 confessa
3231 3267 3311 3310 est
3341 3257 3443 3309 Do-

1876 3357 2119 3421 minum;
2171 3365 2294 3408 ante
2343 3353 2764 3407 incarnationem
2819 3365 2991 3417 neque
3044 3364 3238 3402 nomen
3295 3351 3439 3415 quod

1876 3463 2036 3516 super
2064 3462 2223 3502 omne
2252 3460 2440 3499 nomen
2471 3452 2553 3497 est
2570 3442 2636 3507 ⁸³,
2655 3442 2905 3505 habebat,
2928 3455 3099 3509 neque
3124 3455 3308 3494 omnes
3337 3441 3442 3493 Do-

215 3528 400 3597 λογίαν
427 3531 517 3583 τοῦ
553 3527 690 3586 εἶναι
722 3533 940 3604 Κύριος.
999 3534 1210 3598 Meiva
1237 3531 1328 3588 οῦν
1373 3537 1586 3604 ἐγένετο
1638 3540 1773 3608 μετὰ
1801 3562 1841 3618 C

1801 3562 1841 3618 ρ
1877 3541 2076 3592 mimnn
2107 3553 2227 3590 eum
2258 3551 2377 3589 esse
2421 3533 2838 3588 conlitebantur.
2879 3530 3044 3599 Major
3081 3530 3240 3599 igitur
3270 3529 3443 3583 factus

212 3620 310 3692 τὴν
364 3621 768 3692 ὲνανθρώπησιν
825 3625 919 3678 τοῦ
981 3626 1086 3696 πρὸ
1136 3627 1233 3696 τῆς
1293 3627 1771 3702 ἐνανθρωπήσεως,

212 3712 350 3774 ὅπερ
393 3711 607 3764 ἄτοπον.
637 3712 857 3767 Τοιοῦτο
903 3715 958 3767 δέ
1010 3718 1126 3768 ἔστι
1179 3718 1270 3770 καὶ
1315 3718 1412 3771 τό⁶
1455 3719 1653 3787 Ἐδόοη
1675 3739 1776 3790 μοι

213 3800 381 3856 πᾶσα
415 3801 665 3866 ἐξουσία
711 3804 780 3856 ἐν
811 3807 1086 3873 οὐρανοῖς
1133 3809 1230 3861 καὶ
1261 3809 1356 3862 ἐπὶ
1399 3809 1527 3880 γῆς.
1558 3813 1650 3875 Εἰς
1679 3815 1776 3882 τὴν

213 3893 618 3966 ὲνανθρὼπησιν
646 3891 758 3960 οὖν,
789 3898 883 3949 καὶ
916 3900 1014 3952 οὐκ
1067 3902 1147 3963 εἰς
1174 3901 1272 3973 τὴν
1317 3903 1545 3974 Θεότητα
1603 3905 1774 3959 ταῦτα

213 3987 352 4039 νοεῖν
388 3984 486 4040 δεῖ.

349 4077 452 4137 Εἰς
483 4075 566 4141 τὸ,
608 4095 626 4126 ι
654 4075 849 4144 Πατήρ
882 4094 999 4144 μου
1022 4079 1231 4145 μείζὶυν
1253 4099 1371 4146 μου
1407 4084 1595 4138 ἐστίν.
1625 4104 1642 4134 ›

281 4165 355 4218 Τὸ
385 4166 565 4236 μεῖζον
610 4167 640 4235 ἢ
673 4166 908 4236 μεγέθει,
937 4167 967 4236 ἢ
999 4168 1191 4238 χρόνῳ,
1235 4171 1266 4239 ἦ
1310 4171 1594 4240 ἀξιώματι,
1624 4175 1654 4242 ἢ
1686 4175 1776 4226 δυ-

211 4257 456 4327 νάμει,ἢ
503 4255 578 4319 ὡς
631 4257 800 4310 αἴτιον
857 4259 1035 4329 μεῖζον
1081 4259 1316 4327 λέγεται.
1367 4262 1524 4314 Ἀλλὰ
1561 4264 1776 4333 μεγέθει

215 4350 313 4419 μὲν
336 4350 363 4401 ὁ
402 4349 588 4420 Πατὴρ
612 4350 705 4403 τοῦ
740 4351 869 4404 Υἱοῦ
901 4353 999 4404 οὐκ
1023 4353 1086 4406 ἂν
1125 4355 1334 4426 λεχθείη
1371 4356 1599 4426 μείζων
1635 4358 1777 4411 ἀσώ-

215 4459 380 4511 ματος
414 4443 539 4512 γάρ.
581 4443 717 4494 Ἀλλ’
747 4443 866 4495 οὐδὲ
902 4446 1075 4514 χρόνῳ
1094 4463 1106 4474 ο
1139 4449 1166 4499 ὁ
1194 4448 1300 4517 γὰρ
1331 4449 1456 4512 Υἱὸς
1484 4450 1657 4503 αὐτῶν
1680 4451 1774 4521 δη-

216 4534 489 4603 μιουργός.
524 4531 659 4584 Ἀλλ’
684 4534 803 4585 οὐδὲ
834 4533 1102 4604 ἀξιώματι
1128 4555 1140 4565 ο
1172 4538 1229 4588 οὐ
1261 4539 1367 4608 γὰρ
1394 4542 1606 4608 ἐγένετο
1625 4541 1652 4593 ὃ
1679 4543 1777 4594 οὐκ

210 4621 278 4693 ἦν
309 4644 436 4678 ποτε
467 4627 599 4697 (18).
626 4625 759 4678 Οὔτε
803 4628 908 4696 μὴν
934 4627 1188 4698 δυνάμει·
1234 4632 1433 4683 Πάντα
1468 4634 1574 4701 γὰρ
1601 4634 1717 4686 ὅσα
1746 4635 1778 4685 ό

282 4739 324 4769 ⁸¹
360 4738 456 4793 Job
481 4737 676 4797 tun“.
774 4736 817 4766 ⁸³
844 4736 996 4790 Joan.
1037 4756 1109 4806 vr,
1147 4740 1236 4797 9.9.
1312 4741 1398 4795 ⁸³1
1434 4743 1556 4800 Cor.
1589 4761 1677 4802 xv.
1707 4744 1795 4800 28.

213 4810 254 4840 ⁸⁷
291 4807 443 4861 ιιοξιη.
472 4824 582 4871 XIV,
620 4808 708 4862 28.

1881 3641 1964 3682 est
1994 3640 2111 3697 post
2133 3628 2580 3691 incarnationem,
2611 3640 2768 3694 quam
2800 3633 2918 3676 erat
2952 3630 3077 3675 ante
3118 3620 3443 3674 incarnatio-

1875 3736 1993 3774 nem
2032 3739 2044 3773 :
2071 3718 2211 3786 quod
2241 3718 2529 3772 absurdum
2572 3725 2670 3769 est.
2703 3712 2833 3766 Tale
2862 3722 2944 3766 est
2971 3721 3024 3765 et
3053 3713 3175 3774 hoc,
3208 3710 3342 3763 Data
3367 3721 3442 3764 est

1873 3810 1999 3861 mihi
2027 3809 2191 3860 omnis
2225 3817 2448 3874 potestas
2478 3806 2530 3858 in
2570 3804 2708 3857 cmlis
2740 3811 2788 3856 et
2831 3803 2882 3854 in
2917 3813 3054 3854 terra
3084 3801 3149 3852 ⁸⁸.
3183 3802 3308 3854 Haec
3344 3801 3441 3870 igi-

1873 3910 1960 3954 tur
1995 3901 2059 3953 de
2091 3900 2443 3960 humanitate,
2478 3911 2583 3948 non
2637 3896 2702 3947 de
2755 3893 3035 3948 divinitate
3090 3900 3304 3961 oportet
3346 3892 3430 3946 itt-

1872 3992 2057 4061 lelligi.

2011 4082 2076 4134 In
2114 4080 2265 4145 illud,
2302 4097 2321 4131 ι
2363 4077 2523 4132 Pater
2558 4095 2700 4133 meus
2731 4078 2903 4147 major
2942 4094 3022 4131 me
3059 4087 3134 4132 est
3162 4078 3229 4132 ⁸⁷.
3277 4096 3295 4128 ι

1943 4173 2114 4243 Majus
2145 4183 2237 4226 aut
2280 4171 2680 4241 magnitudine,
2713 4178 2804 4221 aut
2838 4177 3096 4234 tempore,
3145 4177 3235 4218 aut
3269 4165 3443 4234 digni-

1874 4277 2113 4330 tale,aut
2139 4267 2398 4335 potentia,
2427 4273 2516 4315 aut
2547 4276 2796 4330 tanquam
2821 4275 3003 4324 causa,
3031 4259 3202 4327 majus
3222 4257 3439 4310 dicitur.

1873 4359 1940 4411 At
1972 4355 2336 4424 magnitudine
2367 4354 2578 4422 quidem
2616 4352 2775 4406 Pater
2813 4349 2951 4404 Filio
2992 4349 3165 4418 major
3198 4350 3302 4404 dici
3335 4365 3442 4404 non

1873 4446 2294 4517 potest;quippe
2322 4456 2407 4500 est
2431 4447 2796 4513 incorporeus.
2821 4443 2923 4498 Sed
2959 4459 3130 4497 neoue
3160 4453 3399 4510 tempore
3426 4458 3441 4507 ;

1874 4539 2137 4606 siquidem
2166 4537 2332 4591 Filius
2373 4538 2616 4591 conditor
2665 4547 2742 4589 est
2775 4546 3092 4602 temporum.
3129 4533 3312 4601 Neque
3357 4532 3442 4585 di-

1874 4633 2110 4700 gnitate;
2143 4646 2246 4684 non
2293 4631 2434 4685 enim
2470 4629 2646 4683 factus
2688 4635 2769 4679 est
2819 4628 2959 4694 quod
3016 4625 3302 4694 aliquando
3335 4638 3439 4677 non

1887 4744 1932 4774 ⁸⁸
1957 4743 2190 4813 Philipp.
2217 4759 2276 4808 ιι,
2307 4746 2357 4796 9.
2434 4742 2479 4771 ⁸³
2513 4740 2639 4794 ibid.
2682 4739 2770 4793 1|.
2847 4739 2893 4769 ⁸⁸
2926 4736 3111 4794 Matth.
3160 4738 3444 4802 xxvltt,18

281 4897 358 4965 (9)
388 4897 518 4966 Reg.
575 4899 764 4952 tertius
812 4897 870 4962 ἐξ
920 4896 1161 4966 ἀνάγκης
1194 4898 1286 4951 καὶ
1333 4897 1393 4949 οὐ
1422 4900 1538 4949 κατ’
1572 4899 1774 4952 οὐσίαν.
1810 4901 1855 4959 Ι)
1881 4900 1943 4958 εἰς

1810 4901 1855 4959 Ι)
1881 4900 1961 4960 εἰς
1998 4897 2079 4961 τό,
2119 4897 2171 4950 in
2203 4913 2274 4966 ea
2299 4913 2416 4962 qme
2451 4898 2770 4966 objiciuntur
2807 4900 2869 4951 de
2894 4895 3036 4949 Filio
3059 4937 3072 4961 ,
3101 4897 3205 4950 sive
3230 4911 3294 4949 ex
3330 4898 3440 4952 No-

213 4970 288 5025 lta
322 4967 372 5020 in
409 4968 547 5021 hunc
572 4967 744 5020 locum
782 4969 999 5034 scripsit
1027 4968 1384 5021 Contbelisius
1409 5006 1422 5020 .
1454 4967 1612 5035 Urget
1653 4988 1776 5032 pas-

212 5043 310 5093 sint
340 5035 600 5089 Maximus
627 5038 761 5090 hanc
787 5038 976 5090 Basilii
1019 5045 1080 5087 de
1111 5038 1407 5090 substantia
1436 5049 1481 5088 et
1513 5041 1775 5101 operatio-

218 5127 300 5173 ne,
331 5107 466 5176 quod
503 5111 806 5160 conveniant
831 5118 877 5160 et
909 5116 1262 5174 equuentur,
1287 5107 1689 5176 propositione»:
1727 5118 1774 5160 et

211 5188 535 5233 sententiam.

283 5246 394 5316 (10)
424 5245 564 5300 Editi
599 5245 812 5316 πρῶτον
851 5243 1060 5315 ποίημα
1092 5246 1343 5316 Χριστός.
1385 5245 1604 5316 Antiqui
1661 5255 1771 5302 tres

212 5317 332 5371 libri
364 5315 457 5377 ita,
483 5326 541 5368 ut
566 5315 850 5369 edidimus.

281 5385 394 5455 (ll)
419 5383 840 5452 Monerejuvat,
883 5386 1059 5442 Βυρωί
1094 5386 1146 5440 in
1182 5385 1323 5440 hunc
1372 5387 1547 5442 locum
1584 5396 1766 5440 notam

212 5457 424 5520 dignam
457 5469 574 5507 esse
608 5470 725 5518 quae
774 5455 1001 5522 legatur.

282 5524 392 5594 (12)
416 5525 562 5594 _Editi
590 5524 649 5576 Εἰ
676 5525 730 5576 δὲ
761 5527 887 5594 περὶ
920 5527 1012 5578 τοῦ
1038 5526 1187 5579 Υἱοῦ.
1220 5525 1370 5579 Colb.
1401 5527 1631 5578 secunda
1661 5542 1773 5576 tnu-

212 5611 279 5649 nu
302 5593 379 5667 (ΕΞ
408 5592 463 5644 δὲ
499 5595 572 5662 μὴ
605 5597 732 5664 περὶ
769 5592 894 5667 -τοῦγ
934 5596 1080 5655 Υἰοῦ,
1132 5599 1210 5649 vel
1269 5597 1352 5667 Ei_
1378 5596 1452 5664 μὴ
1489 5596 1634 5667 περί,
1665 5607 1769 5650 etc.

211 5665 312 5718 Alii
348 5672 575 5731 quatuor
609 5682 735 5718 mss.
768 5664 919 5726 Regii
949 5669 1075 5719 εἰδὲ
1105 5667 1196 5719 τοῦ
1229 5665 1377 5718 Υἰοῦ.

280 5735 389 5806 (15)
412 5731 541 5806 Reg.
571 5744 794 5799 quartus
824 5736 908 5788 ἵνα
942 5738 1284 5806 πιστεύσητε.

280 5801 559 5874 (1:1)Reg.
603 5807 799 5874 tertius
842 5816 896 5858 et
945 5805 1094 5860 Colb.
1150 5801 1228 5869 εἷς
1263 5807 1328 5857 τὰ
1380 5806 1773 5874 ἁντιλεγόμενα

213 5857 341 5944 περὶ
370 5857 458 5927 τοῦ
500 5870 628 5926 Υἱοῦ
659 5873 765 5929 τῶν
795 5878 847 5928 ἐν
878 5879 938 5948 τῇ
971 5879 1140 5948 Καινῇ
1175 5857 1263 5932 καὶ
1296 5877 1502 5948 [luisti
1529 5857 1769 5949 Δίαὸήκῃ

1881 4985 1967 5031 vo,
2005 4969 2108 5021 sive
2137 4983 2200 5020 ea:
2237 4963 2408 5020 Veteri
2439 4963 2783 5022 Testamenta.

1949 5038 2062 5107 (15)
2091 5037 2270 5090 Codex
2304 5038 2456 5092 Colb.
2484 5039 2816 5092 ὑπτέτακτο
2845 5075 2860 5092 .
2894 5074 2908 5088 .
2943 5077 2956 5089 .
2991 5077 3006 5090 .
3048 5033 3144 5103 οὐχ
3178 5035 3441 5090 ὑπετέτα-

1880 5125 1998 5171 κτο,
2031 5108 2198 5173 magis
2225 5121 2289 5160 ex
2323 5111 2602 5176 praeceptis
2628 5109 3123 5177 grannnaticorgnn.

1944 5178 2057 5250 (16)
2086 5177 2224 5234 Ε.άὶιί
2258 5174 2540 5250 ῦιτακοὴν,
2575 5174 2830 5250 τδδνομα
2862 5177 2920 5228 τὺ
2953 5176 3090 5244 ὑπὲρ
3137 5174 3244 5226 πᾶν
3273 5175 3440 5246 ὄνομα

1874 5247 1970 5318 τῷ.
2008 5249 2078 5300 At
2102 5249 2272 5302 nostri
2297 5247 2501 5315 septem
2529 5264 2655 5302 mss.
2688 5259 2744 5300 ut
2775 5247 2831 5318 in
2858 5256 3131 5318 contextu.

1943 5319 2052 5384 (17)
2089 5318 2220 5382 Reg.
2265 5314 2490 5386 quartus
2523 5318 2743 5384 γλῶσσα
2775 5315 3245 5386 ἐξομολογήσεται.
3287 5314 3439 5372 Haud

1869 5388 2028 5460 longe
2045 5387 2190 5460 idem
2213 5393 2394 5460 codex,
2413 5390 2468 5440 ἐν
2491 5387 2722 5460 οὐρανῷ.

1948 5454 2059 5526 (⁷18)
2090 5457 2206 5528 illa,
2240 5459 2301 5510 οὐ
2335 5459 2466 5528 γάρ,
2494 5454 2620 5521 etin,
2674 5454 2894 5523 intelligi
2933 5456 3009 5509 sic
3059 5469 3219 5523 posse
3260 5467 3390 5522 puto
3419 5475 3433 5512 :

1877 5527 2018 5580 Nihil
2051 5527 2099 5580 ei
2132 5529 2360 5582 accessit
2389 5527 2643 5594 temporis
2669 5541 2945 5593 processu,
2977 5528 3068 5579 sed
3109 5535 3272 5577 totam
3297 5528 3438 5581 divi-

1878 5613 1996 5650 nam
2023 5605 2266 5650 naturam
2297 5598 2365 5650 ab
2396 5598 2549 5650 initio
2578 5595 2805 5663 accepit.
2835 5626 2904 5636 —
2929 5595 3190 5647 Probatur
3225 5594 3438 5654 Patrem

1881 5681 1976 5720 nec
2022 5669 2418 5732 magnitudine.
2464 5681 2562 5719 nec
2607 5677 2844 5732 tempore
2874 5665 3129 5727 majorem
3159 5665 3296 5719 Filio
3332 5668 3436 5720 dici

1880 5750 2052 5804 posse,
2077 5737 2190 5788 ἀλλ’
2223 5737 2339 5789 οὐδὲ
2371 5736 2750 5808 ἀξιώματι-*οὑ
2794 5739 2900 5806 γὰρ
2947 5733 3160 5808 ἐγένετο
3191 5736 3218 5788 ὃ
3249 5737 3345 5788 οὐκ
3371 5732 3438 5808 ἦν

1881 5821 2029 5868 ποτε,
2063 5810 2149 5858 sed
2170 5824 2330 5874 neque
2362 5809 2515 5860 etiam
2541 5806 2833 5873 dignitate;
2865 5822 2966 5858 non
2995 5806 3132 5859 enim
3161 5808 3329 5874 factus
3363 5806 3436 5861 est

1878 5878 2013 5946 quod
2043 5877 2321 5946 aliquando
2355 5894 2452 5931 non
2492 5877 2618 5932 erat.
2654 5876 2956 5950 Legendqu
3001 5878 3207 5935 videtur
3233 5877 3292 5930 οὐ
3328 5877 3434 5947 γὰρ
