4208 6482
221 474 325 527 697

1320 457 1684 513 ADVERSUS
1725 453 2088 511 EUNOMiUM
2133 455 2258 508 [ιιι.
2304 453 2390 504 ιγ.

3344 447 3448 500 698

219 584 442 652 αγνοεῖ·
484 584 662 656 μεῖζον
709 583 826 634 κατ’
873 579 1066 643 αὐτοὺς
1118 579 1176 632 τὸ
1224 579 1375 645 ἅγιον
1430 573 1648 642 Πνεῦμα
1697 572 1789 626 τοῦ
1820 575 1863 632 Α

1820 575 1863 632 Α
1896 569 2061 622 Filius
2095 583 2220 622 vero
2261 572 2470 638 ignorat
2498 581 2512 627 ;
2547 564 2718 632 major
2750 571 2831 614 est
2859 559 3092 628 Spiritus
3123 569 3344 613 sanctus
3369 561 3453 612 Fi-

225 673 376 738 Υῐοῦ,
401 677 535 748 ὅπερ
562 674 679 729 οὐδὲ
709 675 820 725 ἴσον
855 666 990 724 εἶναι
1022 671 1261 724 θέλουσιν
1289 667 1422 739 (9.7).

222 854 330 919 Εἰς
363 854 428 908 τὸ
462 873 479 905 ι
509 850 718 918 Πάτερ,
750 849 802 901 εὶ
839 847 1116 929 δυνατόν,
1152 841 1488 913 παρελθέτω
1520 842 1585 897 τὸ
1611 842 1790 910 ,ττοτή⁴

796 936 933 987 ριον
956 934 1201 972 τουτου»

301 1016 362 1068 [Si
388 1011 598 1082 ἀληθῶς
629 1013 657 1064 6
691 1011 816 1075 Υἱὸς
846 1011 1016 1078 ἔλεγε,
1045 1007 1231 1074 Πάτερ
1265 1007 1398 1074 (28),
1426 1010 1476 1062 εὶ
1508 1006 1790 1071 δυνατὸν,

225 1102 564 1174 adpetii-3w
588 1103 654 1157 τὸ
697 1103 983 1172 ποτήριον
1029 1099 1225 1163 τοῦτο,
1268 1099 1327 1152 οὐ
1366 1100 1565 1154 δειλίαν
1599 1098 1791 1150 ἑαυτοῦ

225 1200 321 1252 καὶ
373 1195 653 1250 ἀσθένειαν
692 1195 981 1267 κατηγόρει
1029 1192 1203 1262 μόνον,
1251 1193 1386 1248 ἀλλὰ
1423 1191 1558 1246 εἷναί
1604 1209 1656 1243 τι
1701 1191 1794 1244 καὶ

226 1290 487 1345 ἀδύνατον
523 1290 599 1360 τῷ
642 1291 812 1361 ΙΙατρὶ
857 1284 1100 1355 ἐνόμιζεν
1141 1286 1270 1356 (29).
1308 1287 1381 1339 Τὸ
1425 1284 1552 1354 γὰρ,
1583 1286 1649 1336 Εἰ
1693 1283 1796 1336 δυ-

225 1381 431 1446 νατὸν,
471 1383 897 1454 ἀμφιϐάλλοντος
930 1373 1016 1448 ἦν,
1046 1378 1138 1432 καὶ
1168 1381 1229 1433 οὐ
1277 1375 1643 1447 πεπεισμένου
1682 1375 1794 1446 (50)

223 1472 484 1527 δύνασθαι
530 1476 620 1528 τὸν
649 1471 864 1540 Πατέρα
917 1469 1083 1524 σῶσαι
1131 1471 1311 1525 αὐτόν.
1363 1468 1484 1531 Πῶς
1529 1468 1584 1521 δὲ
1633 1472 1725 1523 καὶ
1766 1472 1797 1524 6

229 1569 442 1636 νεκροῖς
479 1566 536 1619 τὸ
584 1567 680 1632 ζῇν
723 1561 1079 1633 χαριζόμενος
1120 1564 1182 1616 οὐ
1215 1559 1392 1629 πολλῷ
1452 1560 1648 1630 μᾶλλον
1686 1565 1798 1625 τοῖς

226 1653 366 1718 ζῶσι
426 1657 488 1708 τὸ
551 1653 650 1724 ζῇν
717 1653 998 1722 φυλάττειν
1059 1653 1320 1722 ἡδύνατο;
1377 1652 1474 1704 Διὰ
1533 1654 1584 1705 τί
1635 1648 1727 1704 οὖν
1770 1651 1798 1702 6

226 1748 473 1819 Λάζαρον
503 1745 594 1798 καὶ
626 1745 847 1808 πολλοὺς
876 1746 1099 1815 νεκροὺς
1142 1743 1448 1813 ἀναστήσας
1494 1747 1590 1816 οὐχ
1624 1743 1798 1814 ἐαυτῷ

229 1840 460 1910 παρέχει
493 1837 600 1907 (51)
636 1838 695 1890 τὸ
731 1839 848 1908 ζῇν,
877 1836 1012 1889 ἀλλὰ
1047 1833 1194 1904 παρὰ
1231 1834 1322 1886 τοῦ
1355 1836 1563 1906 Πατρὸς
1590 1836 1704 1905 ᾔτει
1737 1835 1796 1886 τὸ

1893 657 1966 711 lio
1995 660 2287 711 secundum
2317 659 2480 729 ipsos,
2513 671 2669 726 quem
2701 671 2767 709 ue
2797 652 3054 722 requaleut
3093 651 3304 720 quidem
3338 667 3458 705 esse

1896 752 2102 805 volunt.

1893 841 1960 895 In
1984 840 2140 904 illud,
2175 857 2193 892 ι
2228 839 2407 906 Pater,
2430 843 2475 895 si
2498 837 2614 909 ﬁeri
2638 848 2821 906 potest,
2862 845 3098 892 transeat
3122 834 3263 888 calix
3289 839 3403 886 iste.
3434 851 3452 885 ι

1966 933 2022 988 Si
2080 946 2205 987 vere
2249 931 2419 986 Filius
2449 932 2705 986 dicebat:
2752 928 2953 994 Pater,
3003 931 3047 982 si
3107 927 3222 991 fieri
3258 935 3457 990 potest,

1894 1036 2124 1081 transeat
2161 1025 2303 1079 calin:
2339 1025 2435 1076 iste
2468 1026 2537 1086 ⁵⁸,
2577 1039 2682 1077 non
2720 1022 2892 1074 solum
2929 1038 3081 1075 suam
3114 1019 3286 1090 ipsius
3315 1019 3462 1070 timi-

1895 1118 2118 1172 ditatem
2181 1117 2713 1182 itnbecillitateuique
2777 1113 3182 1166 conﬁtebatur:
3264 1124 3457 1164 verum

1896 1211 2058 1264 etiam
2109 1209 2310 1278 aliquid
2365 1208 2528 1262 etiam
2567 1222 2708 1267 esse.
2737 1204 2878 1276 quod
2913 1218 2940 1255 a
2977 1202 3138 1255 Patre
3179 1203 3293 1255 ﬁeri
3350 1215 3458 1254 non

1898 1310 2101 1368 posset,
2133 1300 2499 1354 exisﬁmabat.
2534 1297 2666 1348 Nam
2703 1298 2851 1363 illud,
2883 1293 2942 1349 Si
2993 1293 3107 1360 ﬁeri
3135 1301 3318 1359 potest,
3362 1293 3461 1344 du-

1903 1393 2129 1446 bitantis
2164 1403 2300 1456 erat,
2333 1408 2395 1442 ao
2427 1392 2576 1458 ejus,
2614 1390 2701 1442 cui
2741 1402 3053 1456 p--rsuasmu
3088 1399 3191 1437 non
3241 1392 3362 1435 erat
3403 1397 3462 1434 se

1899 1497 1926 1534 a
1969 1479 2128 1533 Patre
2151 1482 2354 1533 servari
2389 1495 2567 1548 posse.
2596 1479 2874 1544 Quomodo
2909 1486 3089 1530 autem
3133 1473 3221 1542 qui
3246 1482 3294 1527 el
3321 1486 3465 1524 mor-

1901 1575 2006 1628 tuis
2055 1575 2217 1623 vitatn
2257 1571 2500 1639 largitur,
2561 1587 2662 1623 nou
2725 1570 2892 1622 multo
2945 1566 3117 1634 magis
3161 1563 3463 1616 viventibus

1899 1665 2058 1718 vitam
2100 1677 2320 1718 servare
2378 1664 2584 1731 possit?
2614 1660 2723 1716 Cur
2771 1661 2933 1728 igitur
2977 1661 3068 1729 qui
3113 1658 3377 1712 Lazarum
3409 1663 3464 1709 et

1901 1757 2096 1808 multos
2132 1765 2371 1808 mortuos
2397 1755 2699 1820 suscitavit,
2741 1768 2844 1806 non
2872 1752 2974 1807 sibi
3025 1754 3137 1822 ipse
3167 1751 3331 1802 vitam
3364 1749 3464 1801 im-

1902 1846 2084 1919 pertit,
2141 1847 2232 1899 sed
2265 1861 2290 1897 a
2327 1845 2482 1899 Patre
2529 1847 2693 1899 vitam
2742 1848 2976 1914 petebat,
3009 1859 3130 1899 eum
3167 1843 3361 1897 timens
3383 1839 3465 1893 di-

229 1931 349 2000 ζῇν,
400 1928 729 2001 φοϐούμενος
761 1926 926 1981 εξπὼν
947 1943 958 1955 '
998 1924 1208 1994 Πάτερ,
1248 1929 1299 1981 εὶ
1334 1927 1616 1986 δυνατὸν,
1652 1941 1799 1991 :mp-
1831 1921 1872 1974 Β

1831 1921 1872 1974 Β
1903 1935 2012 1988 sit:
2050 1933 2227 2002 Pater,
2278 1937 2324 1991 si
2353 1937 2470 2005 ﬁcri
2508 1947 2711 2007 potest,
2755 1946 2987 1996 transeat
3038 1937 3177 1991 calix
3216 1936 3350 1989 iste?
3404 1931 3461 1986 Si

225 2020 447 2075 ελθέτω
481 2023 544 2076 τὸ
584 2022 869 2088 ποτήριον
907 2017 1109 2083 fabro;
1142 2020 1248 2072 Καὶ
1305 2020 1352 2070 εὶ
1397 2019 1543 2070 ἄκων
1588 2015 1644 2067 δὲ
1690 2016 1802 2067 ἀπ-

229 2113 514 2183 έθνησκεν,
548 2114 734 2169 οὐκέτι
768 2110 1112 2175 ταπεινώσας
1142 2112 1350 2172 ἑαυτὸν,
1381 2108 1618 2178 ὑπήκοος
1641 2107 1799 2178 μέχρι

228 2207 456 2261 θανάτου
491 2209 704 2276 ἐγένετο
744 2204 818 2275 τῷ
854 2205 1045 2275 Πατρὶ,
1070 2203 1186 2254 οὐδὲ
1219 2201 1444 2253 δέδωκεν
1478 2200 1687 2263 ἑαυτὸν,
1727 2199 1801 2262 ὥς

227 2316 391 2370 φησιν
424 2303 452 2352 6
506 2296 849 2359 Ἀπόστολος·
901 2293 1008 2348 Τοῦ
1059 2292 1270 2356 δόντος
1315 2292 1531 2345 ἑαυτὸν
1576 2293 1800 2362 λύτρον·

226 2392 378 2461 ὑπὲρ
426 2390 543 2443 τῶν
579 2389 876 2459 ἁμαρτιῶν
908 2389 1103 2457 fuitin“
1138 2390 1185 2440 εἰ
1234 2388 1287 2440 δὲ
1330 2387 1490 2450 ἑκὼν,
1517 2387 1597 2452 τίς
1643 2386 1799 2457 χρεία

225 2483 343 2544 τοῦ,
389 2482 597 2550 Πάτερ,
642 2485 693 2534 εὶ
731 2481 1010 2548 δυνατὸν,
1045 2480 1378 2550 παρελθέτω
1423 2481 1485 2533 τὸ
1516 2479 1801 2546 ποτήριον

225 2575 437 2637 τοῦτο;
477 2576 598 2628 Ἐπὶ
629 2575 736 2626 τῶν
766 2572 857 2629 οὖν
891 2579 967 2641 εἰς
1015 2576 1174 2631 αὑτὸν
1217 2575 1548 2646 ἁμαρτάνειν
1581 2572 1799 2644 μελλόν-

225 2686 358 2727 των,
408 2667 496 2720 ἵνα
541 2667 614 2739 μὴ
659 2671 980 2740 ἁμάρτωσι,
1017 2670 1108 2723 καὶ
1148 2670 1246 2722 οὐκ
1300 2669 1382 2720 ἐπ’
1429 2664 1592 2719 αὑτοῦ
1647 2662 1802 2716 τοῦτο

226 2759 472 2812 ’δεκτέον⁸
522 2761 660 2832 ὑπὲρ
704 2755 778 2814 ὧν
841 2762 932 2814 καὶ
988 2760 1318 2831 σταυρωθεὶς
1368 2759 1552 2825 ἔλεγεο
1591 2755 1799 2822 Πάτερ,

227 2851 379 2918 ἄφες
416 2853 637 2916 αὐτοῖς,
676 2853 764 2905 ὅτι
796 2855 905 2906 οὐκ
937 2852 1044 2920 (52)
1078 2851 1274 2903 οἴδασι
1313 2851 1368 2902 τί
1401 2847 1696 2902 ποιοῦσιν,
1726 2848 1800 2900 Οὐ

226 2942 309 2994 δεῖ
335 2941 426 2995 οὖν
455 2944 522 2995 τὰ
557 2944 676 2996 κατ’
712 2944 1019 3014 οἰκονομίαν
1051 2943 1126 3005 ὡς
1173 2941 1360 3005 ἁπλῶς
1406 2941 1667 3012 εἰρημένα
1714 2942 1802 2992 ἐκ·

227 3031 504 3100 δέχεσθαι.

442 3123 545 3185 Εἰς
574 3121 657 3185 τὸ,
696 3140 712 3171 ι
743 3122 914 3189 Κάγὼ
947 3120 1019 3183 ζῶ
1049 3121 1144 3178 διὰ
1171 3121 1277 3176 τὸν
1302 3121 1548 3189 Πατέρα.
1575 3139 1594 3171 ι

301 3211 362 3263 El
383 3210 469 3264 διὰ
497 3213 586 3266 τὸν
619 3215 834 3286 Πατέρα
859 3217 886 3267 6
922 3215 1045 3278 Υἱὸς
1070 3214 1156 3286 ζῇ,
1183 3215 1248 3268 δι’
1282 3215 1485 3284 ἓτερον,
1513 3215 1606 3268 καὶ
1640 3214 1697 3266 οὐ
1735 3213 1799 3266 δι’

229 3306 420 3357 ἑαυτὸν
444 3307 528 3376 ζῇ.
576 3308 630 3359 '0
658 3309 711 3360 δὲ
740 3308 804 3360 δι’
834 3308 1018 3377 ἓτερον
1047 3307 1153 3371 ζῶν
1186 3307 1429 3374 αὐτοζωὴ
1469 3301 1605 3358 εἶναι
1627 3308 1686 3358 οὐ
1711 3307 1799 3358 δύ-

229 3413 407 3450 ναται.
433 3399 566 3484 esse
588 3400 694 3469 γὰρ
719 3402 746 3452 6
771 3402 910 3453 κατὰ
930 3402 1087 3472 χάριν
1110 3402 1259 3468 ἅγιος
1281 3399 1585 3465 αὐτοάγιος.
1621 3399 1804 3466 Ἑψεύ-

231 3506 364 3542 cato
384 3486 474 3543 οὖν
505 3493 532 3544 6
566 3492 691 3554 Υἱὸς
712 3491 877 3544 εἰπών
897 3510 910 3522 °
951 3493 1096 3561 Ἐγώ
1118 3495 1231 3561 εἰμι
1257 3494 1291 3559 ἡ
1324 3492 1431 3557 ζωή
1448 3509 1460 3521 ·
1498 3493 1590 3545 καὶ
1611 3492 1768 3544 πάλιν
1788 3507 1799 3518 ·

233 3581 397 3634 Οὕτω
426 3582 524 3635 καὶ
553 3586 584 3636 ό
619 3586 746 3649 Υἱὸς
784 3584 887 3647 οὓς
920 3588 1075 3638 θέλει
1101 3583 1377 3644 ζωοποιεῖ.
1409 3586 1502 3647 Εἰς
1531 3585 1628 3654 τὴν
1655 3587 1804 3636 ἐναν-

231 3672 512 3744 θρώπησιν
539 3671 652 3738 οὖν,
690 3677 781 3730 καὶ
821 3677 918 3728 οὐκ
949 3661 1151 3748 εἰς’τὴν
1180 3677 1403 3748 θεότητα
1435 3677 1494 3731 τὸ
1515 3679 1802 3748 εἰρημένον

232 3769 371 3818 νοεῖν
404 3767 502 3821 δεῖ.

226 3941 333 4006 Εις
362 3942 447 4004 τὸ,
494 3960 512 3993 ι
551 3945 701 3997 Οὐδὲ
741 3949 772 3999 ό
809 3947 935 4012 Υἱὸς
969 3947 1068 4014 ἀφ’
1096 3947 1310 4000 ἑαυτοῦ
1342 3966 1391 4000 τι
1432 3951 1586 4002 ποιεῖ
1612 3952 1743 4022 (55).
1776 3970 1793 4002 ι

303 4033 366 4084 El
396 4032 457 4084 τὸ
481 4033 820 4097 αὐτεξούσιον
845 4037 935 4090 τοῦ
965 4035 1280 4100 ὑπεξουσίου
1310 4036 1532 4106 βέλτιον,
1565 4043 1591 4092 6
1619 4041 1674 4092 δὲ
1705 4041 1798 4093 ἅν-

234 4121 450 4193 θρωπος
478 4124 840 4190 αὑτεξούσιος,
870 4130 897 4179 6
919 4129 973 4181 δὲ
1000 4129 1122 4192 Υἱὸς
1145 4129 1239 4182 τοῦ
1274 4129 1407 4182 Θεοῦ
1465 4131 1796 4195 ὑπεξούσιος,

231 4215 264 4268 6
289 4214 572 4287 ἄνθρωπος
597 4218 688 4270 τοῦ
715 4218 842 4270 Υἱοῦ
870 4219 1116 4288 βελτίων·
1150 4223 1283 4291 ὅπερ
1305 4223 1520 4275 ἄτοπον.
1563 4224 1668 4275 Καὶ
1702 4224 1748 4274 εἰ
1773 4224 1800 4274 6

235 4307 551 4374 ὕπεξούσιος
587 4310 642 4363 δὲ
688 4312 1060 4375 αὑτεξουσίους
1098 4318 1266 4365 ποιεῖν
1296 4315 1353 4365 οὑ
1383 4315 1598 4367 δύναται
1625 4315 1672 4383 (ὃ
1693 4315 1798 4386 γὰρ

236 4396 396 4458 αὐτὸς
428 4398 526 4450 οὐκ
557 4399 687 4467 ἔχει,
714 4399 890 4462 ἄλλοις
911 4403 974 4452 ἐκ
997 4403 1363 4471 προαιρέσεως
1395 4403 1589 4457 διδόναι
1617 4406 1676 4457 οὐ
1707 4407 1797 4459 δύ-

236 4488 432 4555 ναται),
459 4491 485 4542 ὁ
514 4491 720 4563 Σωτὴρ,
751 4492 1126 4557 αὐτεξουσίους
1156 4496 1386 4565 ποιήσας
1415 4498 1446 4565 ἡ
1458 4498 1582 4566 μᾶς,
1607 4498 1706 4551 οὐκ
1735 4500 1798 4552 iv

239 4580 551 4645 ὑπεξυύσιος
578 4586 660 4656 εῖη
690 4585 816 4641 τινί,

818 4856 920 4918 Εἰς
953 4855 1018 4908 τὸ
1037 4858 1202 4910 αὑτό.

310 4941 371 4993 Εἰ
399 4943 562 5013 μηδὲν
595 4946 621 4996 6
659 4943 846 5016 Σωτὴρ
878 4946 966 5014 ἀφ’
989 4948 1178 5002 ἑαυτοῦ
1210 4951 1377 5003 ποιεῖν
1412 4952 1654 5021 ἠδύνατο,
1684 4955 1795 5008 ἀλλ’

239 5031 618 5098 ἐπιτάσσοντος
661 5035 753 5090 τοῦ
787 5039 1019 5109 Πατρὸς,
1054 5042 1171 5094 οὐδὲ
1201 5043 1418 5111 ἀγαθὸς,
1451 5046 1567 5098 οὐδὲ
1597 5048 1764 5110 κακός
1786 5084 1801 5100 .

238 5120 463 5185 υύδενὸς
485 5125 591 5196 γὰρ
613 5126 720 5178 τῶν
741 5128 1044 5197 γενομένων
1068 5131 1253 5194 αἴτιος.
1280 5133 1386 5184 Καὶ
1420 5132 1534 5196 πῶς
1561 5134 1658 5186 οὐκ
1682 5135 1804 5187 ἄτο-

239 5228 341 5264 πον
362 5213 673 5284 ἀνθρώπους
699 5218 794 5288 μὲν
816 5220 907 5272 καὶ
931 5220 1144 5288 ἀγαθῶν
1167 5224 1256 5274 καὶ
1280 5225 1462 5277 κακῶν
1484 5220 1622 5278 εἷναι
1648 5243 1802 5296 ποιη-

310 5347 354 5378 "
374 5345 828 5426 Μειιιιλξινιιὸθτ
858 5424 865 5426 _
899 5354 1188 5426 "Philipp.
1218 5371 1274 5420 ιι,
1301 5358 1352 5411 8.
1428 5357 1659 5412 "Galat.
1695 5377 1730 5424 ι,
1768 5363 1819 5416 4.

240 5415 436 5472 ’Joan.
473 5434 525 5483 v,
550 5417 636 5473 Si.
715 5421 733 5451 ³
761 5423 890 5478 ibid.
922 5424 1006 5480 19.

444 5553 620 5632 (lotio!
636 5555 806 5632 “Colb.
836 5556 969 5614 εἶναι
1005 5562 1302 5632 βούλονται.

310 5599 421 5704 ζεεᾶ
448 5599 1361 5707 Elii?sigi'éiﬁéi'nﬁﬂ.’iiéést
1395 5651 1494 5689 vox
1523 5639 1601 5690 ὅτι
1644 5639 1695 5691 in
1729 5640 1794 5691 li-

239 5691 662 5779 bri;s_v'eteribus.
691 5691 842 5779 Haud
878 5703 1029 5772 longe
1067 5691 1189 5757 "ista.
1222 5709 1325 5760 duo
1357 5709 1671 5779 κατηγόρει.
1694 5711 1794 5764 Alii

240 5765 614 5846 quidam-mss.
640 5781 691 5846 et
712 5770 838 5846 editi
871 5765 1180 5846 xqjciiyopai',
1211 5788 1462 5831 accentus
1486 5765 1689 5832 varius.

313 5834 423 5904 (29)
458 5837 594 5892 Edi'ti
639 5840 870 5910 ἐνόμισε.
911 5834 1127 5900 Veieres
1171 5834 1400 5915 quatuor
1442 5849 1562 5905 libri
1613 5850 1795 5920 ἐνόμι-

250 5897 350 5971 ζτν.

1903 2026 2101 2081 iuvitus
2133 2029 2294 2082 etiam
2321 2031 2672 2094 moriebatur,
2705 2031 2933 2100 nonjam
2959 2039 3130 2102 semet
3149 2030 3461 2093 humilians,

1907 2120 2166 2174 obedicns
2194 2120 2368 2174 factus
2394 2131 2474 2174 est
2519 2122 2660 2175 Patri
2703 2136 2873 2190 usque
2901 2121 2966 2176 ad
3011 2131 3238 2174 mortem
3273 2121 3343 2182 ’⁸,
3367 2135 3461 2172 ne-

1901 2224 2003 2277 que
2037 2223 2094 2263 se
2126 2209 2236 2277 ipse
2271 2211 2509 2273 tradidit,
2545 2219 2600 2263 ut
2637 2212 2712 2266 ait
2743 2212 3066 2280 Apostolus:
3099 2210 3202 2276 Qui
3227 2228 3279 2264 se
3312 2212 3453 2264 dedit

1897 2302 2121 2368 pretium
2160 2299 2525 2368 redemptionis
2550 2319 2643 2366 pro
2669 2303 2896 2370 peccatis
2925 2303 3114 2357 nostris
3138 2303 3180 2334 ⁸⁷
3209 2321 3223 2356 :
3259 2302 3340 2355 sin
3371 2316 3463 2353 au-

1902 2405 2005 2447 tem
2043 2394 2244 2458 volens,
2286 2395 2410 2464 quid
2475 2411 2608 2464 opus
2655 2397 2828 2452 verbis
2875 2397 3018 2453 illis:
3057 2396 3240 2462 Pater,
3276 2395 3323 2449 si
3347 2394 3462 2463 ﬁeri

1901 2495 2091 2553 potest,
2130 2497 2358 2540 transeat
2399 2489 2541 2542 calix
2581 2491 2710 2542 iste?
2741 2490 2850 2544 lloe
2881 2491 3044 2559 igitur
3077 2490 3143 2543 de
3174 2490 3239 2543 iis
3269 2489 3358 2557 qui
3409 2488 3462 2540 in

1901 2573 2074 2642 ipsum
2106 2577 2648 2643 peccaturierant,ut
2681 2595 2746 2632 ne
2775 2588 3084 2646 pecearent,
3117 2595 3224 2632 non
3261 2579 3328 2632 de
3351 2579 3465 2646 ipso

1901 2664 2276 2734 accipiendum
2310 2676 2392 2721 est
2421 2683 2435 2720 :
2490 2684 2588 2738 pro
2615 2669 2809 2738 quibus
2855 2671 3019 2724 etiam
3050 2669 3344 2724 cruciﬁxus
3383 2669 3465 2719 tli—

1901 2757 2056 2810 cebat
2084 2773 2098 2811 :
2139 2758 2318 2823 Pater,
2351 2759 2552 2814 dimitte
2585 2762 2730 2828 ipsis,
2763 2763 2886 2831 quia
2915 2778 3014 2815 non
3041 2763 3209 2815 sciunt
3232 2762 3356 2829 quid
3380 2761 3466 2824 {o-

1901 2849 2043 2902 cinnt
2077 2851 2142 2906 9°.
2177 2850 2304 2915 Qua:
2337 2851 2498 2921 igitur
2536 2853 2676 2906 dicta
2709 2863 2830 2905 sunt
2861 2855 3153 2909 secundum
3185 2853 3465 2922 dispensa-

1905 2943 2124 3006 tionem,
2146 2957 2205 2995 ea
2237 2945 2390 3012 quasi
2421 2945 2741 3014 Sitltplicilt‘r
2760 2948 2901 2998 dicta
2921 2955 3124 3009 essent,
3151 2945 3465 3014 accipienda

1903 3049 2005 3089 nan
2030 3044 2176 3090 sunt.

2046 3127 2112 3182 In
2145 3127 2296 3192 illud,
2327 3147 2346 3181 t
2387 3127 2451 3182 Et
2490 3147 2582 3199 ego
2618 3131 2730 3185 rivo
2767 3140 2978 3200 propter
3008 3131 3220 3186 Patrem
3256 3133 3355 3187 ⁸⁵.»

1976 3219 2031 3274 Si
2056 3231 2272 3291 propter
2295 3222 2505 3275 Patrem
2529 3222 2693 3275 Filius
2720 3222 2871 3286 vivit,
2902 3233 3118 3293 propter
3137 3225 3323 3287 alium,
3362 3239 3465 3276 non

1906 3323 2120 3383 prepter
2143 3317 2374 3378 seipsum
2409 3315 2560 3368 vivit.
2601 3313 2706 3368 Sed
2744 3316 2834 3384 Qui
2875 3326 3090 3384 propter
3113 3317 3274 3370 alium
3311 3315 3463 3380 vivit,

1906 3406 2018 3474 ipse
2054 3421 2147 3474 per
2177 3421 2236 3458 se
2268 3408 2372 3458 vita
2403 3421 2523 3460 esse
2565 3421 2666 3459 non
2697 3417 2895 3475 potest.
2930 3407 3037 3461 Nec
3064 3411 3205 3461 enim
3249 3409 3336 3474 qui
3373 3423 3467 3475 per

1904 3495 2130 3561 gratiam
2180 3505 2402 3550 sanctus
2451 3506 2553 3563 est,
2592 3512 2684 3566 per
2728 3512 2786 3552 se
2819 3511 3042 3552 sanctus
3074 3507 3175 3552 est.
3215 3497 3468 3552 Mentitus

1905 3585 2066 3654 igitur
2101 3595 2181 3637 est
2228 3585 2396 3638 Filius
2434 3596 2566 3649 tum,
2615 3602 2736 3639 cum
2777 3588 2953 3639 dixit:
3004 3585 3114 3654 Ego
3151 3604 3264 3640 sum
3291 3591 3391 3639 vita
3423 3588 3462 3650 ';

1901 3687 1955 3730 et
1985 3693 2169 3730 rursus
2197 3695 2208 3729 :
2251 3675 2342 3730 Sic
2366 3688 2410 3730 et
2453 3675 2627 3734 Filius
2647 3696 2773 3748 quos
2805 3679 2908 3732 vult
2939 3680 3160 3747 viviﬁcat
3197 3680 3237 3733 '.
3266 3679 3341 3734 De
3369 3679 3465 3734 litt-

1904 3770 2161 3824 manitate
2207 3770 2390 3839 igitur,
2439 3785 2543 3824 non
2583 3773 2648 3826 de
2695 3773 2897 3826 deitate
2928 3773 3128 3827 dictum
3165 3772 3468 3844 intelligere

1901 3871 2132 3930 Oportet.

1972 3952 2036 4006 In
2071 3954 2220 4016 illud,
2246 3973 2264 4006 ι
2300 3953 2479 4024 Neque
2499 3953 2667 4009 Filius
2690 3973 2720 4009 a
2756 3973 2808 4009 se
2835 3955 2964 4025 facit
2999 3956 3280 4024 quidquam
3306 3956 3385 4010 ".i

1973 4046 2029 4098 Si
2061 4049 2202 4114 quod
2236 4057 2319 4101 est
2351 4049 2432 4101 sui
2483 4049 2717 4112 arbitrii,
2751 4048 2944 4102 melius
2993 4059 3077 4102 est
3115 4064 3272 4118 quam
3321 4050 3466 4118 quod

1902 4143 1984 4188 est
2038 4135 2136 4187 sub
2187 4136 2414 4188 arbitrio
2446 4136 2626 4189 alieno
2658 4153 2671 4189 :
2732 4137 2891 4190 homo
2918 4146 3094 4190 autem
3129 4137 3213 4191 sui
3250 4139 3464 4194 arbitrii

1901 4236 2004 4288 est,
2036 4223 2210 4277 Filius
2240 4239 2370 4278 vero
2417 4225 2507 4280 Dei
2538 4226 2638 4281 sub
2679 4227 2855 4280 alieno
2886 4227 3133 4291 arbitrio,
3165 4229 3354 4283 melior
3381 4238 3464 4284 est

1905 4317 2063 4370 homo
2089 4317 2251 4372 Filio:
2276 4320 2415 4387 quod
2446 4320 2740 4374 absurdum
2772 4329 2870 4374 est.
2903 4321 3143 4390 Insuper,
3170 4324 3211 4375 si
3232 4321 3275 4375 is
3296 4322 3455 4391 29],

1901 4410 1990 4478 qui
2026 4411 2126 4463 sub
2176 4411 2353 4465 alieno
2386 4412 2613 4467 arbitrio
2639 4421 2742 4474 est,
2786 4411 2997 4467 eﬂicere
3028 4428 3131 4466 non
3174 4423 3352 4481 potest
3407 4422 3464 4468 ut

1900 4502 1992 4554 alii
2030 4503 2135 4556 sint
2169 4504 2250 4557 sui
2280 4505 2490 4556 arbitrii
2519 4504 2665 4574 (nam
2691 4506 2834 4573 quod
2864 4506 2975 4573 ipse
3001 4521 3107 4558 non
3131 4508 3310 4568 habet,
3341 4507 3466 4561 aliis

1830 4603 1874 4660 ι)
1904 4604 2091 4659 suapte
2122 4593 2397 4646 voluntate
2427 4595 2677 4647 couierre
2711 4610 2815 4647 non
2850 4595 3070 4665 pmest),
3106 4595 3353 4650 Salvator
3373 4599 3461 4666 qui

1906 4685 2068 4738 ellieit
2091 4696 2147 4737 ut
2181 4703 2279 4741 nos
2318 4686 2472 4741 liberi
2500 4687 2712 4742 arbitrii
2749 4688 2941 4753 simus,
2974 4704 3313 4759 nequaquam
3344 4705 3467 4746 esse

1906 4785 2079 4841 potest
2107 4777 2204 4830 sub
2239 4777 2394 4833 ullius
2417 4778 2661 4836 arbitrio.

2557 4868 2624 4924 In
2659 4870 2815 4925 idem.

1979 4955 2033 5012 Si
2062 4959 2192 5013 nihil
2227 4959 2479 5015 Salvator
2508 4976 2536 5015 a
2567 4964 2744 5032 seipso
2762 4962 2940 5016 facere
2961 4970 3195 5033 poterat,
3230 4963 3326 5020 sed
3362 4963 3467 5017 im-

1907 5061 2127 5120 peraute
2159 5051 2337 5116 Patre,
2378 5068 2476 5107 nec
2516 5055 2688 5109 bonus
2715 5063 2819 5119 est,
2858 5069 2958 5108 nec
3006 5053 3198 5109 malus.
3257 5053 3472 5109 Nullius

1904 5157 2045 5195 enim
2076 5158 2259 5196 eorum
2295 5159 2413 5212 qure
2446 5144 2583 5199 facta
2615 5154 2760 5208 sunt,
2789 5160 2947 5199 causa
2977 5154 3080 5200 est.
3107 5144 3173 5199 Et
3200 5149 3468 5215 quomodo

1905 5233 2192 5288 absurdum
2236 5253 2339 5289 non
2383 5235 2570 5300 fuerit,
2609 5237 2857 5290 homines
2894 5238 3110 5305 quidem
3158 5247 3212 5292 et
3241 5242 3377 5293 bona
3413 5250 3468 5294 et

1899 5366 1942 5398 ’⁸
1980 5369 2106 5424 Luc.
2148 5387 2303 5436 xxnt,
2344 5372 2435 5427 ει.
2511 5375 2553 5405 ’³
2585 5373 2739 5427 Joan.
2768 5389 2840 5438 Vl,
2867 5373 2955 5428 58.
3035 5373 3050 5404 ¹
3085 5372 3239 5428 Joan.
3278 5374 3469 5438 xu,25—.-

1970 5577 2079 5645 (50)
2114 5579 2238 5642 Reg.
2265 5590 2485 5649 quartus
2506 5581 2597 5634 καὶ
2624 5581 2684 5632 οὐ
2711 5578 3149 5641 πεπιστευκότος.

1994 5650 2082 5710 51)
2110 5652 2324 5719 Antiqui
2359 5652 2464 5704 duo
2499 5653 2639 5714 libri,
2667 5650 2841 5719 ἐαυτῷ
2883 5652 3130 5719 παρεῖχε.

1995 5719 2083 5784 5'2)
2115 5722 2337 5776 (lodices
2362 5722 2624 5785 nonnulli,
2653 5722 2853 5783 αὐτοῖς,
2879 5722 2938 5772 οὺ
2975 5722 3100 5788 γάρ.

1973 5790 2092 5865 (7)51
2113 5791 2242 5865 Heg.
2285 5802 2526 5865 quartus,
2558 5793 2633 5865 ob
2663 5792 2880 5865 δύναται
2932 5791 3117 5865 tirio;
3162 5795 3333 5847 ποιεῖν
3376 5793 3452 5865 ἀφ

1902 5858 2094 5911 ἑαυτοῦ
2129 5858 2479 5918 οὐδένξὼιῖ).
2517 5861 2669 5914 οὐδὲν
2709 5865 2734 5915 ὁ
2773 5863 2896 5925 Υἱὸς
2926 5863 3014 5931 ἀφ’
3059 5865 3247 5919 ἑαυτοῦ
3274 5858 3430 5919 ποιεῖ.
