4208 6496
780 438 883 492 699

2112 442 2174 495 S.
2217 442 2459 498 BASlLll
2498 443 2712 499 MAGNI

3908 461 4011 514 700

778 545 916 600 mala
967 546 1139 600 libere
1172 544 1370 607 facere,
1409 544 1603 599 Filium
1635 560 1784 613 vero,
1818 549 1907 618 qui
1938 549 2079 604 Deus
2115 561 2221 618 est,
2255 556 2337 610 ni-
2369 561 2411 616 Α
2438 555 2536 618 τὰς
2575 556 2952 625 αὐτεξουσίως,
3006 557 3092 612 τὸν
3125 563 3180 615 δὲ
3216 565 3261 617 Υ

2438 555 2536 618 τὰς
2575 556 2952 625 αὐτεξουσίως,
3006 557 3092 612 τὸν
3125 563 3180 615 δὲ
3216 564 3361 628 Υἱὸν,
3398 562 3528 618 Θεὸν
3581 563 3735 628 ὄντα,
3786 572 4016 640 μηδενὸς

773 639 851 695 nil
882 638 1048 693 libere
1086 636 1300 689 facere?

1121 725 1186 780 In
1225 727 1379 792 illud,
1419 747 1438 779 ι
1475 725 1588 796 Ego
1610 745 1724 783 sum
1749 731 1864 785 vitis
1888 730 1929 784 ⁸.
1966 749 1983 781 ι

843 822 899 875 Si
938 819 1210 883 Salvator,
1246 820 1520 890 inquiunt,
1555 822 1682 876 vitis
1715 834 1819 888 est,
1865 839 1962 878 nos
1997 839 2123 877 vero
2150 828 2337 893 palmi-

775 924 874 980 tes,
905 911 1140 984 agricola
1161 923 1341 969 autem
1366 912 1593 974 Pater”;
1627 931 1810 970 rursus
1843 917 1886 969 si
1921 917 2168 982 palmites
2194 921 2336 986 ejus-

771 1006 891 1060 dem
913 1016 1120 1059 natura:
1145 1015 1291 1066 sunt,
1318 1003 1470 1069 cujus
1495 1004 1643 1068 vitis,
1680 1009 1803 1060 vitis
1838 1017 2018 1060 autem
2047 1024 2154 1062 non
2187 1012 2332 1077 ejus—

770 1107 890 1154 dem
921 1108 1128 1152 naturae
1150 1108 1256 1160 est,
1285 1095 1434 1160 cujus
1463 1098 1694 1164 agricola
1720 1116 1733 1158 :
1765 1099 1930 1154 Filius
1960 1102 2172 1169 quidem
2196 1106 2336 1168 ejus-

770 1191 889 1244 dem
923 1189 1140 1258 quidem
1181 1199 1261 1244 est
1297 1198 1522 1253 naturae,
1569 1192 1723 1257 cujus
1752 1207 1866 1253 nos,
1902 1209 2199 1262 sumusque
2236 1212 2334 1251 nos

772 1283 945 1350 ipsius
977 1298 1101 1350 pars
1129 1301 1141 1334 :
1177 1296 1278 1334 non
1310 1288 1488 1332 autem
1526 1279 1693 1336 Filius
1722 1283 1959 1349 ejusdem
1988 1294 2070 1338 est
2106 1299 2329 1351 naturae,

768 1374 922 1443 cujus
945 1374 1125 1434 Pater,
1150 1374 1241 1425 sed
1268 1371 1320 1424 in
1353 1372 1608 1426 omnibus
1632 1375 1857 1428 alienus.
1887 1374 2091 1439 Quibus
2111 1390 2335 1443 reSpun-

769 1468 1014 1520 debimus
1053 1475 1273 1519 vocatos
1301 1481 1396 1517 nos
1430 1479 1550 1519 esse
1585 1482 1689 1519 non
1724 1467 1938 1519 deitatis
1973 1465 2113 1519 illius
2136 1467 2330 1536 palmi-

767 1565 872 1618 tes,
917 1555 1008 1608 sed
1052 1556 1254 1619 carnis,
1296 1557 1591 1608 secundum
1643 1556 1981 1622 Apostolum,
2019 1557 2108 1624 qui
2146 1559 2326 1613 dixit:

771 1643 881 1698 Nos
912 1646 1047 1698 enim
1068 1662 1246 1697 sumus
1270 1661 1458 1712 corpus
1482 1646 1695 1709 Christi,
1716 1654 1763 1696 et
1794 1648 2020 1697 membra
2038 1663 2100 1699 ea:
2115 1659 2262 1715 parte
2280 1648 2328 1713 ⁶;

763 1748 818 1792 ει
846 1754 1059 1792 rursum
1098 1755 1112 1791 :
1168 1736 1399 1790 Nescitis
1444 1739 1583 1806 quod
1628 1753 1850 1801 corpora
1880 1747 2050 1791 vestra
2098 1742 2329 1794 membra

765 1831 969 1886 Christi
992 1842 1111 1884 sunt
1137 1831 1198 1884 "?
1228 1842 1281 1886 et
1317 1833 1442 1885 alibi
1472 1846 1486 1884 :
1513 1830 1696 1896 Qualis
1724 1842 1982 1895 terrenus,
2011 1832 2142 1886 tales
2169 1835 2326 1887 etiam

2439 645 2557 697 κατ’
2582 647 2827 714 ἐξουσίαν
2856 643 2991 700 εἶναι
3020 653 3278 721 ποιητήν;

2711 740 2812 803 Εἰς
2827 737 2914 804 τὸ,
2949 757 2967 789 ι
3007 737 3144 806 Ἐγώ
3166 744 3280 809 εἰμι
3309 747 3346 812 ἡ
3381 747 3663 816 ἄμπελος.
3700 764 3720 799 s

2506 826 2568 877 Ei
2627 828 2886 898 ἄμπελος,
2935 832 3093 900 φασὶν
3137 831 3274 902 (54),
3314 838 3342 888 ὁ
3387 841 3596 912 Σωτὴρ,
3645 841 3906 911 κλήματα
3955 847 4010 898 δὲ

2436 918 2614 1007 ἡμεῖς,
2648 924 2887 992 γεωργὸς
2917 925 2971 978 δὲ
3002 928 3028 978 ὁ
3057 927 3242 996 Πατήρ
3264 943 3277 955 ·
3313 926 3381 979 τὰ
3406 929 3460 981 δὲ
3489 933 3744 1004 κλήματα
3793 935 4006 1007 ὁμοφυῆ

2439 1006 2533 1074 μὲν
2563 1009 2626 1074 τῇ
2659 1007 2902 1082 ἀμπέλῳ,
2936 1017 2967 1084 ἡ
2996 1015 3051 1066 δὲ
3076 1015 3312 1085 ἄμπελος
3338 1016 3434 1085 οὐχ
3457 1021 3701 1093 ὁμοφυὴς
3729 1023 3810 1094 τῷ
3843 1006 4010 1092 γεωρέ

2435 1094 2547 1163 γῷ’
2585 1098 2824 1168 ὀμοφυὴς
2857 1103 2954 1169 μὲν
2985 1107 3112 1174 ἡμῖν
3148 1107 3175 1158 ὀ
3212 1106 3357 1168 Υἱὸς,
3393 1109 3484 1158 καὶ
3518 1111 3681 1179 μέρος
3707 1117 3873 1184 ἡμεῖς
3911 1115 4007 1166 αὐ-

2435 1187 2547 1248 τοῦ,
2595 1190 2692 1258 οὐχ
2747 1193 2988 1263 ὀμοφυὴς
3045 1199 3098 1250 δὲ
3148 1201 3175 1251 ὁ
3211 1199 3332 1261 Υἱὸς
3361 1198 3438 1268 τῷ
3467 1200 3661 1270 Πατρὶ,
3702 1207 3841 1259 ἀλλὰ
3867 1207 4005 1261 κατὰ

2434 1280 2607 1333 πάντα
2653 1283 2944 1354 ἀλλότριος.
2981 1288 3121 1356 Πρὸς
3149 1292 3241 1354 οὓς
3272 1293 3500 1364 ἐροῦμεν
3538 1293 3598 1345 οὐ
3624 1294 3719 1362 τῆς
3751 1298 4005 1372 θεότητος

2433 1374 2616 1438 αὑτοῦ,
2679 1376 2812 1429 ἀλλὰ
2865 1378 2962 1448 τῆς
3021 1383 3221 1451 σαρκὸς
3276 1387 3552 1457 εἰρηκέναι
3593 1388 3742 1458 ἡμᾶς
3793 1393 4004 1464 κλήμα-

2430 1484 2518 1530 τα,
2581 1468 2721 1520 κατὰ
2779 1468 2869 1522 τὸν
2941 1471 3256 1528 Ἀπόστολον
3322 1478 3412 1531 τὸν
3474 1479 3728 1533 εἰπόντα·
3804 1481 4000 1550 ἾΙμεῖς

2434 1559 2538 1629 γάρ
2591 1559 2776 1627 ἐσμεν
2810 1561 2919 1630 (35)
2953 1560 3123 1630 σῶμα
3152 1567 3431 1632 Χριστοῦ,
3470 1572 3566 1623 καὶ
3600 1570 3756 1640 μέλη
3794 1569 3865 1624 ἐκ
3897 1579 4000 1641 μὲ-

2422 1670 2569 1720 ρους
2589 1665 2602 1680 ·
2632 1652 2723 1703 καὶ
2754 1653 2942 1706 πάλιν·
2983 1655 3102 1707 Οὐκ
3133 1656 3350 1723 οἴδατε,
3368 1660 3454 1712 ὅτι
3481 1662 3551 1714 τὰ
3567 1664 3812 1733 σώματα
3838 1665 4003 1731 ὑμῶν

2422 1743 2577 1810 μέλη
2612 1745 2867 1809 Χριστοῦ
2896 1747 3060 1807 ἐστι;
3095 1749 3186 1800 καὶ
3214 1751 3272 1803 ὲν
3302 1752 3480 1816 ἄλλοις
3499 1769 3513 1784 ο
3543 1753 3677 1821 Οἶος
3706 1759 3740 1810 ὁ
3770 1757 4000 1826 χοῒκὸς,

2427 1832 2676 1885 τοιοῦτοι
2733 1836 2827 1890 καὶ
2861 1840 2914 1890 οἱ
2961 1844 3181 1907 χοϊκοιο
3234 1843 3333 1896 καὶ
3373 1839 3496 1909 οἶος
3545 1847 3578 1897 d
3623 1847 4001 1916 ἐπουράνιος,

763 1925 954 1979 terreni
987 1940 1005 1976 :
1061 1935 1108 1978 et
1154 1925 1326 1996 qualis
1357 1925 1600 1981 cwlestis.
1644 1926 1774 1977 tales
1809 1925 1968 1977 etiam
1998 1926 2224 1980 caelestes
2254 1926 2274 1956 ⁸
2308 1943 2322 1988 ;
2362 1926 2399 1977 Β
2428 1925 2677 1978 τοιοῦτοι
2721 1929 2817 1981 καὶ
2854 1933 2906 1982 οἱ
2929 1927 3262 1997 exarmatum

2428 1925 2677 1978 τοιοῦτοι
2721 1929 2817 1981 καὶ
2854 1933 2906 1982 οἱ
2929 1927 3299 1997 ἑποιφάνιοιο
3337 1935 3449 1998 καὶ,
3487 1933 3687 2000 Καθὼς
3713 1937 4004 2006 ὲςρορέσα-

763 2026 854 2072 et:
897 2017 1046 2071 Sicut
1073 2020 1394 2087 portavimus
1429 2017 1708 2086 imaginem
1735 2019 1946 2084 terreni,
1995 2030 2257 2086 portemus
2281 2029 2325 2069 ct

761 2111 1042 2181 imaginem
1098 2111 1313 2166 caelestis
1348 2111 1389 2164 '.
1442 2109 1500 2162 Si
1559 2109 1659 2163 viri
1711 2121 1873 2180 caput
1920 2119 2002 2165 est.
2047 2111 2325 2172 Christus,

760 2205 961 2259 Christi
999 2217 1179 2260 autem
1233 2211 1395 2272 caput
1434 2201 1577 2258 Deus
1627 2203 1696 2269 '°,
1724 2203 1886 2257 homo
1910 2217 2038 2257 vero
2069 2217 2172 2254 non
2199 2215 2326 2254 con-

762 2298 1137 2352 substantialis
1172 2296 1280 2349 Deo
1324 2294 1542 2349 Christo
1594 2296 1748 2363 (non
1801 2295 1943 2346 enim
1991 2292 2130 2345 Deus
2157 2294 2324 2359 est),

759 2390 1011 2443 Christus
1062 2403 1191 2442 vero
1236 2384 1708 2440 consubstantialis
1765 2384 1872 2438 Deo
1922 2385 2085 2451 (Deus
2115 2384 2281 2451 enim)
2309 2424 2323 2446 ,

761 2500 866 2539 non
906 2485 1070 2553 igitur
1096 2491 1153 2535 ut
1194 2482 1293 2534 viri
1345 2490 1507 2550 caput
1535 2490 1616 2533 est
1648 2478 1902 2532 Christus
1939 2493 1953 2541 ;
2005 2477 2083 2532 sic
2140 2478 2279 2532 Deus
2308 2520 2322 2541 ,

759 2575 989 2632 Christi.
1026 2575 1160 2630 Nam
1189 2582 1455 2629 creaturae
1489 2582 1679 2626 natura
1706 2580 1758 2626 et
1788 2571 2024 2625 creatrix
2068 2570 2242 2626 deitas
2273 2573 2325 2624 in

760 2687 926 2724 unum
957 2679 1011 2723 el
1039 2671 1178 2723 idem
1219 2684 1323 2722 non
1351 2665 1696 2720 conveniunt.
1722 2662 1958 2717 Proinde
1980 2662 2069 2717 ille
2102 2664 2324 2734 quidem

760 2771 819 2814 ut
851 2761 1030 2824 Pater,
1061 2769 1324 2828 raputest
1351 2757 1549 2810 Christi
1577 2773 1590 2818 ;
1631 2755 1716 2808 hic
1749 2768 1876 2807 vero
1904 2763 1961 2806 ut
1994 2752 2190 2815 factor,
2228 2770 2326 2808 no-

759 2860 951 2908 strum.
985 2850 1039 2903 Si
1073 2851 1321 2902 voluntas
1356 2847 1528 2899 Patris
1556 2856 1660 2907 est,
1692 2855 1748 2896 ut
1775 2860 1874 2897 nos
1907 2843 1957 2896 in
1989 2844 2103 2912 ejus
2131 2843 2323 2896 Filium

759 2941 1045 2996 credamus
1091 2937 1246 3008 (ch
1280 2946 1354 2990 est
1379 2938 1514 2989 enim
1541 2934 1778 2988 voluntas
1802 2932 1912 3001 ejus
1937 2934 2026 3001 qui
2053 2949 2134 2986 me
2159 2935 2321 2999 misit,

757 3043 815 3086 ut
857 3034 1023 3087 omnis
1040 3033 1127 3099 qui
1159 3031 1290 3083 videt
1321 3027 1544 3090 Filium,
1575 3037 1620 3080 et
1652 3028 1812 3080 credit
1837 3026 1889 3078 in
1918 3027 2108 3092 ipsum,
2139 3026 2323 3078 habent

759 3129 920 3180 vitam
967 3136 1218 3179 a'ternam
1251 3120 1340 3194 ¹¹),
1376 3136 1483 3175 non
1516 3132 1692 3174 tamen
1733 3129 1816 3174 est
1847 3134 1910 3173 ex
1933 3120 2205 3173 voluntate
2235 3118 2322 3172 Fi-

764 3218 870 3272 lius
897 3233 913 3269 :
945 3218 1143 3286 quippe
1175 3223 1360 3266 nostra
1392 3215 1442 3265 iu
1474 3213 1647 3281 ipsum
1680 3211 1812 3264 lides
1857 3220 1951 3264 aut
1994 3225 2115 3264 cum
2167 3209 2280 3279 ipso
2309 3250 2323 3274 ,

760 3319 853 3366 aut
892 3319 1017 3363 ante
1047 3307 1220 3376 ipsum
1257 3307 1549 3360 invenitur.

1111 3401 1177 3452 In
1213 3399 1366 3460 illud,
1403 3413 1420 3446 ι
1455 3395 1622 3449 Nemo
1657 3396 1819 3448 bonus
1847 3395 1910 3444 ¹².
1949 3411 1968 3444 ι

828 3493 885 3548 Si
920 3493 1170 3546 Salvator
1198 3491 1367 3542 bonus
1395 3501 1500 3539 non
1531 3493 1631 3548 est,
1663 3484 1970 3540 necessario
1995 3480 2165 3535 malus
2196 3491 2277 3535 est
2304 3500 2316 3535 :

758 3585 985 3655 simplex
1012 3597 1243 3649 namque
1272 3587 1373 3642 est,
1410 3593 1508 3632 nec
1556 3578 1846 3646 quidquam
1897 3590 2082 3629 eorum
2112 3589 2230 3642 quae
2265 3575 2318 3628 in

761 3677 939 3732 medio
975 3683 1121 3732 sunt,
1161 3672 1414 3725 admittit.
1466 3669 1530 3723 Et
1557 3669 1826 3738 quomodo
1859 3667 2151 3720 absurdum
2212 3681 2317 3719 non

761 3769 940 3830 fuerit,
977 3767 1241 3820 bonorum
1271 3763 1527 3816 factorem
1552 3761 1748 3813 malum
1771 3759 1931 3814 esse?
1962 3758 2117 3821 IIem,
2145 3758 2188 3812 si
2212 3757 2318 3811 vita

757 3862 955 3916 bonum
997 3865 1098 3921 est,
1130 3857 1292 3910 verba
1333 3869 1464 3909 vero
1500 3853 1621 3907 Filii
1665 3853 1771 3906 vita
1806 3860 1951 3915 sunt,
1996 3861 2054 3902 ut
2081 3850 2195 3919 ipse
2236 3849 2320 3902 (li-

759 3953 878 4005 xit:
919 3949 1088 4004 Verba
1123 3965 1238 4018 qua:
1279 3947 1483 4001 locutus
1519 3962 1634 3999 sum
1659 3945 1823 4006 vobis,
1859 3944 2082 4013 spiritus
2125 3951 2242 3994 sunt
2272 3949 2318 3992 et

757 4048 860 4096 vita
884 4045 926 4074 ¹³
949 4059 964 4108 ;
989 4042 1259 4111 quomodo
1285 4055 1407 4094 cum
1437 4054 1500 4091 ex
1540 4036 1814 4090 Pharisaao
1855 4035 2167 4098 audivisset,
2202 4031 2320 4085 Ma-

756 4137 916 4203 gister
961 4133 1090 4185 bone
1118 4172 1133 4195 ,
1186 4130 1479 4198 respondet
1515 4146 1529 4183 :
1565 4127 1760 4180 Nullus
1818 4127 1980 4178 bonus
2038 4126 2139 4178 nisi
2184 4139 2318 4175 unus

757 4225 936 4277 Deus?
963 4222 1078 4276 Non
1113 4222 1255 4276 enim
1290 4237 1410 4274 cum
1445 4222 1684 4274 audisset
1715 4219 1886 4273 solum
1933 4219 2131 4281 bonus,
2160 4217 2314 4280 dixit,

803 4431 824 4464 ⁸
856 4429 1011 4485 Joan.
1047 4446 1135 4493 xv,
1165 4430 1215 4483 l.
1253 4428 1273 4459 ⁵
1296 4427 1422 4481 ibid.
1451 4428 1500 4490 l,
1526 4426 1577 4479 5.

755 4519 833 4567 ιι,
862 4503 915 4558 '5.
995 4501 1035 4532 “
1066 4500 1220 4554 Joan.
1260 4513 1334 4562 vl,
1373 4497 1465 4550 40.

823 4617 934 4686 (δι)
985 4615 1124 4670 Editi
1172 4613 1356 4684 φησίν.
1405 4611 1475 4686 A_t
1520 4618 1818 4686 mss;tres
1867 4607 2052 4686 φασινἶ
2109 4606 2307 4686 Ibidem

756 4677 926 4742 iidem.
949 4697 1058 4740 tres
1088 4677 1489 4753 ιιιεέ.’γεωργδς
1515 4681 1570 4736 δὲ
1597 4683 1625 4734 ὁ
1646 4681 1861 4750 Πατήρ.
1885 4677 2090 4733 Vocula
2128 4677 2185 4729 δέ
2218 4677 2310 4731 ab-

754 4767 871 4811 erat
900 4773 931 4811 a
962 4757 1208 4826 vulgatis.

826 4827 938 4898 (55)
975 4823 1356 4898 lieﬁtquartns
1377 4825 1537 4896 ἡμεῖς
1560 4823 1622 4898 δέ
1644 4824 1829 4898 ισμεν.

826 4832 916 4898 (55
975 4832 1106 4895 Reg.
1133 4837 1356 4894 quartus
1377 4832 1537 4896 ἡμεῖς
1564 4832 1622 4875 δε
1644 4832 1829 4891 ισμεν.

826 4832 938 4972 (Mil
965 4896 1333 4972 ἴοι-Χριστῷ
1374 4898 1523 4972 deest
1560 4896 1611 4972 i_n
1648 4893 1914 4972 aliquibus
1937 4891 2234 4972 codicibus.

826 4963 938 5040 (57)
967 4968 1106 5023 Editi
1135 4963 1227 5021 καὶ
1260 4963 1527 5040 ὴίκτιστὴ
1572 4964 1781 5040 θεοτης.
1831 4964 2043 5040 Antiqui
2077 4963 2313 5040 quinque

752 5028 874 5095 iibri
912 5028 1058 5107 Regii
1092 5041 1186 5091 καὶ
1236 5028 1293 5108 ή’
1316 5028 1592 5099 ἄκτιστὸς,
1623 5028 1790 5088 deitas
1849 5028 2109 5108 incrjata.
2154 5028 2308 5108 Colb.

753 5115 846 5164 καὶ
872 5114 904 5182 ἡ
932 5102 1180 5182 κτιστικὴ
1211 5102 1427 5182 θ-ἐότης,
1458 5109 1627 5160 deitas
1671 5105 1915 5182 creatria.
1940 5103 2078 5182 _Reg.
2129 5102 2315 5182 tertius

753 5127 846 5164 και
872 5127 904 5182 η
932 5127 1145 5163 κτιστικ
1211 5127 1427 5178 υεοτης,
1458 5127 1627 5160 aeuus
1671 5127 1915 5158 creatrix.
1948 5127 2078 5172 ητις.
2129 5127 2310 5156 tertius

752 5184 846 5234 καὶ
875 5184 907 5251 ὴ
935 5178 1128 5251 κτιστὴ
1149 5127 1372 5250 ⁷ἐὶεότης,
1409 5192 1504 5251 pro
1542 5177 1810 5251 κτιστιξιή.
1842 5175 2039 5227 Ibidem
2084 5171 2208 5226 editi
2249 5170 2310 5222 οὐ

753 5244 1501 5324 συμϐάλλουσιν.,ΔιᾲιὶιεεῙ-οῦ
1533 5244 1932 5304 συμϐαίνουσιν.

822 5310 1236 5392 (58)111ιιι1,οὑκ
1269 5319 1681 5392 ὲκᾼβελήματος.
1720 5326 1848 5392 ειεη
1890 5315 1955 5367 ad
1979 5312 2196 5392 verbum
2233 5310 2313 5391 sic

750 5381 1090 5460 interpretari
1127 5391 1285 5443 licet:
1323 5387 1447 5460 Non
1479 5381 1560 5438 est
1586 5401 1648 5460 ea:
1675 5384 1942 5460 voluntate
1970 5381 2142 5460 Filius
2175 5396 2192 5433 :
2241 5382 2313 5460 si—

749 5452 955 5530 quidem
988 5463 1194 5513 credere
1225 5461 1280 5512 in
1317 5458 1515 5530 ipsum,
1563 5454 1635 5508 vel
1670 5470 1784 5506 cum
1816 5454 1950 5519 ipso,
1979 5452 2056 5506 uel
2078 5452 2314 5530 ante_ip-

753 5523 865 5584 sum
891 5531 1153 5584 invenitur
1179 5545 1195 5582 :
1222 5542 1340 5599 quae
1365 5529 1527 5599 verba
1565 5541 1723 5599 qua_m
1770 5533 1947 5599 aptam
1986 5523 2309 5599 sententiam

751 5601 962 5655 etin-ere
988 5603 1214 5670 possint,
1240 5591 1384 5652 alios
1409 5591 1637 5670 viderit._
1656 5595 1913 5670 Suspicor
1938 5605 2113 5670 tamen
2156 5591 2310 5670 intel-

751 5673 840 5740 ligi
868 5675 946 5726 sic
973 5662 1125 5738 posse
1155 5690 1168 5725 :
1206 5671 1521 5737 Quanquam
1557 5667 1804 5718 voluntas
1832 5664 2002 5717 l’atris
2039 5672 2142 5723 est,
2170 5671 2228 5739 ut
2259 5662 2308 5713 in

749 5731 945 5795 Filium
975 5731 1292 5795 'credamiis.
1336 5731 1439 5792 non
1487 5746 1661 5788 tamen
1716 5747 1996 5803 propterea
2044 5731 2308 5798 sequitur,

749 5810 942 5864 Filium
971 5827 1034 5865 es
1068 5811 1336 5865 voluntate
1365 5823 1504 5861 esse.
1537 5805 1667 5858 Nam
1701 5815 1921 5856 credere
1966 5817 2061 5855 nos
2095 5809 2309 5868 oportet

747 5881 804 5935 in
827 5879 1039 5945 Filium,
1073 5893 1128 5936 ut
1162 5881 1391 5948 primum
1426 5877 1480 5932 in
1512 5879 1650 5931 hunc
1695 5876 1950 5929 mundum
1993 5871 2175 5936 venit,
2203 5873 2308 5923 imo

1655 4425 1676 4456 °
1706 4423 1727 4476 Ι
1761 4423 1883 4478 Cor.
1911 4439 2008 4487 sn,
2036 4423 2126 4477 27.
2205 4425 2223 4454 ⁷
2255 4424 2273 4476 l
2311 4423 2433 4479 Cor.
2466 4441 2536 4486 γι,
2578 4425 2664 4480 15.
2739 4427 2760 4457 ⁸
2791 4425 2809 4479 l
2836 4427 2963 4482 Cor.
3015 4442 3082 4480 xv
3110 4464 3125 4490 ,
3172 4425 3262 4480 49.

1546 4496 1588 4526 ¹²
1635 4494 1798 4549 Marc.
1829 4509 1886 4558 ι,
1923 4494 2012 4547 l8.
2092 4495 2135 4525 "
2164 4492 2320 4548 Joan.
2348 4509 2421 4559 vr,
2451 4495 2540 4550 64.

2425 2036 2542 2086 μεν
2585 2019 2700 2087 τὴν
2724 2023 2928 2076 εἰκόνα
2967 2022 3070 2075 τοῦ
3107 2026 3339 2090 χοϊκοῦ,
3387 2026 3735 2097 φορέσωμεν
3766 2031 3865 2082 καὶ
3893 2029 4004 2095 τὴν

2429 2114 2632 2164 εἰκόνα
2669 2117 2774 2167 τοῦ
2811 2115 3186 2183 ἐπουρανίου.
3230 2117 3291 2169 El
3333 2120 3522 2193 ἀνδρὸς
3558 2119 3767 2189 κεφαλὴ
3818 2122 3848 2172 ὁ
3876 2123 4005 2190 Χριο

2431 2203 2572 2265 στος,
2616 2205 2848 2275 Χριστοῦ
2901 2206 2956 2258 δὲ
2995 2207 3202 2276 κεφαλὴ
3253 2210 3281 2260 ὁ
3327 2209 3479 2274 Θεὸς,
3510 2211 3792 2282 ἄνθρωπος
3832 2211 3891 2263 δὲ
3929 2212 4004 2282 τῷ

2429 2294 2546 2362 Θεῷ
2577 2296 2797 2366 Χριστῷ
2821 2296 2930 2367 (36)
2967 2297 3062 2366 οὐχ
3090 2297 3372 2366 ὁμοοὺσιος
3403 2302 3485 2370 (οὐ
3522 2301 3627 2371 γὰρ
3655 2299 3836 2368 Θεὸς),
3872 2302 4003 2372 Χριο

2429 2387 2550 2450 στὸς
2579 2387 2633 2440 δὲ
2657 2389 2773 2458 Θεῷ
2801 2391 3083 2459 ὁμοούσιος
3101 2390 3252 2453 (Θεὸς
3278 2393 3405 2463 γάρ)
3431 2410 3444 2426 ο
3474 2396 3572 2447 οὐκ
3588 2396 3695 2465 ἄρα
3717 2393 3792 2456 ὡς
3817 2395 4005 2463 ἀνδρὸς

2428 2478 2632 2550 κεφαλὴ
2661 2481 2911 2552 Χριστὸς,
2941 2481 3079 2533 οὕτω
3106 2481 3235 2544 Θεὸς
3263 2484 3517 2550 Χριστοῦ.
3555 2487 3618 2539 Ἦ
3647 2486 3754 2555 γὰρ
3776 2487 4004 2547 κτίσεως

2429 2572 2586 2640 φύσις
2618 2572 2712 2623 καὶ
2752 2573 2783 2641 ἡ
2815 2572 3061 2642 κτιστικὴ
3088 2571 3277 2644 θεότης
3315 2577 3427 2644 (57)
3469 2579 3546 2639 εἰς
3579 2578 3636 2628 ἒν
3677 2580 3771 2630 καὶ
3809 2577 4004 2630 ταὺτὲν

2427 2665 2485 2715 οὐ
2529 2662 2930 2734 συμϐαίνουσιν.
2979 2661 3184 2716 Οὐκοῦν
3227 2667 3254 2716 ὁ
3300 2666 3396 2734 μὲν
3430 2665 3505 2727 ὼς
3556 2668 3750 2736 Πατὴρ
3793 2668 4002 2736 κεφαλὴ

2426 2755 2682 2827 Χριστοῦ,
2723 2758 2752 2809 ὁ
2789 2756 2846 2810 δὲ
2873 2756 2948 2819 ὡς
2980 2755 3230 2825 ποιητὴς,
3266 2754 3441 2825 ἡμῶν.
3485 2757 3546 2808 Εἰ
3572 2758 3634 2809 τὸ
3663 2757 3879 2827 θέλημα
3911 2758 4002 2812 τοῦ

2428 2848 2635 2916 Πατρός
2675 2850 2786 2901 ἐστι
2829 2847 2890 2901 τὸ
2931 2855 3205 2901 πιστεύειν
3237 2848 3385 2917 ἡμᾶς
3434 2849 3514 2909 εις
3552 2846 3644 2899 τὸν
3679 2848 3812 2900 Υἱὸν
3843 2848 4003 2901 αὑτοῦ

2426 2938 2630 3004 (Τοῦτο
2657 2939 2763 3007 γάρ
2785 2942 2913 2993 ἐστι
2942 2941 3006 2994 τὸ
3031 2941 3254 3008 θέλημα
3279 2940 3385 2994 τοῦ
3416 2940 3767 3010 πέμψαντός
3778 2958 3878 3011 με,
3907 2943 4008 2997 ira

2425 3029 2541 3094 πᾶς
2572 3033 2603 3082 ό
2628 3030 2857 3098 θεωρῶν
2881 3033 2984 3084 τὸν
3022 3034 3178 3096 Flor,
3210 3033 3306 3087 καὶ
3338 3034 3640 3088 πιστεύων
3672 3036 3763 3101 εις
3795 3035 4002 3097 αὑτὸν,

2425 3120 2532 3187 ἔχῃ
2574 3118 2726 3186 ζωὴν
2766 3118 3045 3186 αἰώνιον),
3078 3121 3177 3173 οὐκ
3208 3124 3270 3173 ἐκ
3303 3123 3610 3192 Θελήματος
3646 3127 3672 3177 ὸ
3703 3125 3835 3188 Υἱός
3861 3125 4000 3193 (38)°

2428 3211 2547 3262 ἐπεὶ
2571 3209 2631 3262 τὸ
2660 3208 2931 3262 πιστεύειν
2959 3211 3108 3280 ἡμᾶς
3134 3213 3212 3273 εἰς
3236 3210 3395 3264 αὐτὸν
3425 3213 3456 3280 ἣ
3487 3213 3584 3264 σὺν
3620 3215 3789 3284 αὐτῷ,
3836 3217 3870 3284 ἢ
3900 3217 4004 3286 πρὸ

2355 3309 2398 3363 C
2430 3302 2613 3365 αὑτοῦ,
2648 3303 2704 3354 εὑ
2716 3303 2978 3373 ρίσκεται.

2776 3397 2878 3460 Εἰς
2917 3395 3004 3458 τὸ,
3045 3413 3064 3445 ι
3108 3395 3313 3462 Οὐδεὶς
3341 3397 3579 3464 ἁγαθός.
3625 3415 3644 3447 s

2500 3485 2560 3536 El
2625 3486 2698 3555 μὴ
2740 3486 2936 3553 ἀγαθὸς
2978 3489 3006 3538 ὁ
3035 3487 3240 3556 Σωτὴρ,
3289 3489 3498 3559 ἀνάγκῃ
3543 3489 3743 3551 κακός·
3802 3489 4006 3555 ἁπλοῦς

2426 3575 2557 3646 γὰρ,
2589 3578 2682 3630 καὶ
2717 3578 2816 3631 οὐκ
2845 3578 3190 3649 ἐνδεχόμενός
3217 3579 3328 3650 (39)
3363 3597 3413 3633 τι
3454 3582 3560 3633 τῶν
3593 3583 3651 3632 ἐν
3687 3580 3860 3652 μέσῳ.
3899 3582 4004 3637 Καὶ

2427 3666 2544 3729 πῶς
2574 3668 2673 3719 οὐκ
2712 3667 2908 3722 ἄτοπον
2939 3668 3028 3721 τὸν
3062 3668 3167 3722 τῶν
3202 3671 3421 3738 ἀγαθῶν
3455 3671 3684 3742 ποιητὴν
3726 3673 3897 3726 κακὸν
3930 3671 4004 3726 εἴ·

2426 3777 2510 3812 ναι
2537 3776 2550 3825 ;
2577 3759 2668 3813 xal.
2700 3761 2747 3812 εἰ
2764 3761 2796 3831 ή
2816 3759 2926 3832 ζωὴ
2959 3760 3179 3828 ἀγαθὸν,
3198 3763 3265 3814 τὰ
3291 3762 3348 3814 δὲ
3377 3763 3596 3832 ῥήματα
3611 3764 3706 3815 τοῦ
3739 3764 3873 3818 Υἱοῦ
3893 3764 4002 3837 ζωή

2421 3853 2568 3904 ἐστιν
2603 3851 2737 3925 (40),
2765 3852 2840 3915 ὡς
2870 3853 3030 3916 αὐτὸς
3059 3849 3179 3907 εἶπε
3197 3870 3212 3884 ⁸
3254 3856 3328 3908 Τὰ
3345 3853 3604 3923 ῥήματα,
3629 3854 3666 3907 ἆ
3686 3857 4004 3923 λελάληκα

2420 3945 2582 4012 ὑμῖν,
2614 3945 2848 4016 πνεῦμά
2894 3947 3025 4001 ἐστι
3086 3947 3183 4001 καὶ
3232 3946 3343 4014 ζωή
3383 3948 3546 4002 ἐστι·
3600 3948 3738 4014 πῶς,
3807 3952 4003 4019 Ἀταθὲ

2420 4035 2768 4103 διδάσκαλε,
2804 4039 3048 4102 ἀκούσας
3093 4038 3241 4110 παρὰ
3279 4038 3371 4092 τοῦ
3405 4040 3721 4110 Φαρισαεου,
3769 4041 3996 4104 Οὐδεὶς,

2421 4129 2603 4199 φησὶν,
2628 4131 2846 4198 ἀγαθὸς
2871 4133 2922 4183 ei
2941 4130 3027 4198 μὴ
3058 4125 3145 4196 εἷς
3176 4133 3210 4183 ὀ
3238 4133 3380 4196 Θεός
3407 4131 3552 4199 (4H;
3600 4131 3674 4183 Οὐ
3715 4131 3830 4199 γὰρ
3859 4131 3996 4197 ἀβα-

2419 4219 2522 4283 θὸς
2552 4218 2786 4281 ἀκούσας
2815 4220 2991 4288 μόνον,
3024 4215 3194 4281 εἶπεν,
3222 4219 3429 4283 Οὐδεὶς
3451 4217 3690 4286 ἀγαθὸς,
3727 4217 3886 4282 ἀλλὰ,
3915 4217 3996 4270 δι-

3395 4438 3524 4482 .mu.
3567 4424 3658 4478 48.
3741 4427 3786 4456 ¹⁰
3818 4425 3837 4479 l
3865 4425 3987 4481 Cor.

2344 4620 2705 4681 Danteqnam
2765 4613 2931 4667 etiam
2997 4619 3243 4681 naturam
3298 4611 3587 4666 humanam
3645 4624 3984 4679 assumeret,

2415 4697 2535 4734 cum
2567 4680 2892 4750 patriarchae
2935 4690 2989 4736 et
3029 4680 3194 4735 Judaei
3221 4682 3384 4750 prisci
3415 4684 3481 4737 ad
3518 4683 3751 4738 salutem
3797 4700 3984 4739 course-

2414 4755 2676 4818 quendam
2726 4753 2777 4807 in
2818 4751 3089 4806 Christum
3143 4761 3425 4807 venturum
3488 4755 3710 4808 credere
3765 4768 3984 4808 neces<e

2413 4822 2720 4875 habuerint.
2757 4821 2940 4891 Itaque
2968 4837 3090 4874 cum
3135 4819 3424 4875 debeamus
3451 4824 3762 4878 necessario
3791 4826 3981 4876 crede-

2413 4907 2471 4945 re
2505 4892 2557 4945 in
2584 4892 2775 4946 Filium
2811 4892 2954 4945 omni
2990 4899 3146 4946 :rtate
3175 4901 3230 4945 et
3254 4900 3530 4961 tempore;
3563 4893 3689 4947 hinc
3737 4891 3980 4951 efﬁcitur,

2412 4962 2608 5015 Filium
2636 4977 2756 5016 esse
2794 4973 3011 5024 natura,
3045 4976 3149 5014 non
3183 4959 3459 5015 voluntate
3482 5002 3497 5026 ,
3524 4975 3698 5030 neque
3728 4961 3974 5030 adoptio-

2412 5047 2502 5088 ne.
2620 5032 2675 5085 Si
2711 5034 2946 5086 voluntas
2972 5041 3048 5086 est
3082 5030 3280 5094 Patris,
3302 5040 3366 5083 ἰιι
3400 5048 3490 5084 nos
3534 5033 3585 5084 in
3632 5030 3746 5098 ejus
3780 5030 3830 5082 F
3834 5032 3977 5082 ilium

2411 5106 2754 5156 credamus...
2787 5119 2889 5155 non
2928 5113 3003 5155 est
3049 5116 3112 5154 ex
3168 5101 3429 5154 voluntate
3467 5099 3617 5161 Filii,
3655 5101 3846 5169 quippe
3890 5119 3977 5153 no-

2411 5183 2519 5224 stra
2552 5175 2604 5225 in
2636 5175 2804 5238 ipsum
2835 5173 2962 5240 fides
2994 5180 3082 5224 aut
3119 5186 3236 5222 eum
3266 5171 3378 5239 ipso
3408 5178 3500 5240 aut
3531 5182 3651 5224 ante
3678 5171 3854 5239 ipsum
3901 5171 3979 5240 in-

2411 5243 2635 5295 venitur.
2669 5239 2895 5295 Subtilis
2923 5243 3039 5295 haec
3065 5240 3403 5293 ratiocinatio
3445 5239 3751 5293 illusuratnr
3787 5254 3852 5294 ex
3879 5239 3976 5291 alia

2411 5313 2595 5378 simili,
2618 5328 2736 5380 qua:
2774 5316 3056 5381 reperitur,
3081 5326 3133 5378 p.
3167 5309 3303 5381 {887:
3335 5307 3389 5361 Si
3414 5309 3546 5374 ﬁdes
3568 5311 3622 5361 in
3652 5308 3856 5362 Filium
3886 5327 3975 5361 no-

2411 5392 2520 5435 stra
2552 5379 2679 5450 Opus
2721 5391 2796 5435 est
2833 5379 3000 5435 Dei...
3033 5383 3140 5450 ipse
3183 5379 3279 5431 Dei
3317 5395 3444 5444 Opus
3485 5395 3597 5450 esse
3639 5396 3745 5433 non
3792 5389 3974 5450 potest.

2413 5451 2551 5507 Nam
2579 5447 2708 5520 ﬁdes
2741 5453 2794 5504 in
2825 5455 2991 5519 ipsum
3016 5460 3063 5504 et
3093 5449 3199 5520 ipse
3229 5464 3327 5520 non
3355 5449 3513 5520 idem.
3529 5447 3739 5502 MARAN.
3758 5447 3976 5502 ——Vetc-

2412 5539 2496 5577 res
2533 5517 2735 5592 aliquot
2778 5517 2896 5575 libri
2926 5522 3025 5573 οὐκ
3045 5521 3107 5592 ἐξ
3129 5517 3428 5592 Θελήματος
3447 5519 3525 5572 δέ.

2481 5593 2589 5663 (39)
2622 5586 2763 5646 Editi
2796 5594 2892 5644 οὐκ
2926 5586 3293 5659 ἐκδεχόμενος.
3328 5589 3396 5641 Αι.
3419 5602 3552 5642 mss.
3582 5586 3834 5657 plerique
3864 5601 3974 5641 om-

2413 5662 2507 5717 nes
2538 5665 2636 5716 οὐκ
2671 5662 3034 5733 ἐνδεχόμενος.

2482 5734 2593 5804 (40)
2624 5734 2753 5803 Reg.
2787 5725 3400 5804 quartus,_pfjpa§a_to§
3424 5725 3666 5804 Χριστοῦ
3701 5728 3841 5800 ζωή.

2483 5794 2594 5873 (tt)
2623 5794 2840 5873 Aniiqui
2875 5805 2976 5856 duo
3006 5794 3148 5864 libri,
3182 5794 3260 5862 εἷς
3287 5798 3314 5849 ὁ
3337 5794 3487 5860 ego;
