4208 6482
215 442 317 496 τοι

1301 437 1662 491 ADVERSUS
1702 433 2061 488 EUNOMIUM
2107 431 2232 483 LIB.
2273 432 2360 483 IV'.

3334 432 3441 484 702

213 555 523 618 δάσκαλος
565 556 804 625 ἀγαθός.
847 556 936 616 Ὠς
986 553 1121 624 πρὸς
1174 557 1501 626 πειράζοντα
1549 548 1640 604 οὖν
1673 553 1779 604 ὰπ-
1815 559 1860 610 Λ

1815 559 1860 610 Α
1902 546 2096 601 Nullus
2139 549 2305 599 bonus
2329 562 2347 598 :
2381 547 2472 598 sed
2507 559 2790 614 postquam
2827 546 2989 615 292
3021 546 3290 608 audierat,
3326 563 3441 598 ma-

214 645 488 714 εκρίνατο,
513 645 586 709 ὥς
617 663 747 716 φησι
781 644 842 712 τῲ
872 644 1216 713 Εὐαγγὲλιον,
1261 646 1295 715 ἢ
1327 645 1400 707 ὼς
1425 643 1785 711 ἀγνοήσαντα,

211 737 297 788 ὅτι
319 735 450 802 Θεὸς
478 738 678 807 ἀγαθός
700 738 836 800 ἐστι,
871 737 965 789 καὶ
982 737 1078 806 οὐχ
1107 737 1291 799 ἁπλῶς
1315 735 1630 798 διδάσκαλος
1656 737 1790 803 ἀγα-

217 826 312 890 θός
343 827 476 900 (ιε).

500 921 604 982 Εἰς
637 918 721 981 τὸ,
761 937 778 969 ι
816 917 1025 988 Πάτερ,
1059 918 1326 982 δόξασόν
1349 935 1443 987 με.
1486 937 1504 970 ι

319 1014 379 1064 Εἰ
430 1009 748 1077 ὣξασθῆναι
797 1012 945 1083 παρά
999 1013 1090 1066 τοῦ
1135 1011 1343 1080 Πατρὸς
1374 1011 1536 1064 αἰτῶν
1579 1010 1605 1061 6
1641 1009 1786 1071 Υἱὸς,

219 1102 417 1163 Οεῖκῶς
457 1101 550 1153 καὶ
574 1103 672 1155 οὐκ
700 1103 1051 1174 ἀνθρωπίνως
1086 1103 1232 1172 ᾔτει·
1285 1105 1312 1156 ὃ
1343 1106 1440 1157 οὐκ
1474 1099 1618 1172 εἶχεν
1651 1103 1786 1172 ᾔτει.

216 1194 331 1246 Καὶ
366 1192 620 1261 ψεύδεται
666 1197 694 1248 6
730 1196 1111 1265 εὐαγγελιστὴς
1141 1197 1340 1249 εἰπών·
1393 1194 1789 1264 Ἐθεασάμεθα

214 1284 334 1350 τὴν
365 1285 552 1355 δόξην
575 1288 762 1342 αὐτοῦ
783 1306 796 1318 ο
842 1289 934 1341 καὶ
965 1289 994 1338 6
1034 1288 1346 1354 Ἀπὸστολος
1367 1308 1379 1320 ·
1417 1293 1535 1344 Οὐκ
1572 1288 1647 1343 ἂν
1683 1288 1790 1340 τὸν

215 1376 438 1441 Κύριον
476 1377 586 1445 τῆς
618 1379 800 1444 δόξης
824 1379 1240 1445 ἐσταύρωσαν·
1270 1384 1364 1434 καὶ
1395 1384 1422 1433 6
1449 1381 1640 1432 Δαϐἱδ·
1679 1378 1787 1433 Καὶ

214 1467 624 1522 εἰσελεύσεται
657 1468 999 1534 όβασιλεὺς
1025 1469 1132 1537 τῆς
1152 1471 1349 1539 δόξης.
1376 1472 1447 1524 Οὐ
1475 1472 1786 1542 προσθήκην

214 1554 310 1610 οὖν
339 1559 493 1631 δόξης
521 1562 683 1622 αἰτεῖ,
712 1559 846 1613 ἀλλά
882 1563 978 1633 τῆς
1012 1565 1317 1634 οἰκονομίας
1354 1565 1450 1631 τὴν
1487 1563 1787 1631 φανέρωσιν

216 1650 487 1716 γενέσθαι.

815 1747 916 1808 Εἰς
937 1746 1001 1797 τὸ
1028 1746 1193 1798 αὐτό.

289 1831 351 1882 Εἰ
385 1829 480 1900 τὴν
513 1831 666 1896 δόξαν
695 1834 760 1900 ἣν
785 1831 899 1901 εἶχε
928 1835 1032 1904 πρὸ
1061 1834 1154 1886 τοῦ
1188 1834 1276 1886 τὸν
1311 1834 1511 1904 κόσμον
1539 1835 1784 1903 γενέσθαι

1889 638 2046 708 girter
2086 641 2274 692 bonus.
2305 637 2599 704 Respondit
2641 641 2800 706 igitur
2834 640 2978 692 velut
3010 637 3076 690 ad
3126 646 3448 699 teutantem,

1892 739 1951 782 ttt
1980 730 2326 800 Evangelium
2348 729 2511 791 dicit;
2544 740 2635 781 aut
2658 732 2804 786 velut
2827 733 2892 785 ad
2922 726 3450 802 ignorantem,quod

1896 818 2032 874 Deus
2061 823 2233 875 bonus
2258 819 2346 884 sit,
2378 826 2432 871 et
2461 834 2564 872 non
2603 820 2917 887 simpliciter
2963 820 3222 890 magister
3252 819 3445 873 bonus.

2168 911 2235 964 In
2266 909 2422 972 illud,
2460 927 2478 959 ι
2528 908 2709 971 Pater,
2739 910 2973 980 glori/ica
3000 931 3077 967 me
3111 913 3184 962 ".
3227 929 3246 961 ι

1962 1000 2017 1055 Si
2049 1020 2169 1056 cum
2204 1001 2499 1073 gloriticari
2526 1016 2552 1053 a
2594 1001 2754 1054 Patre
2776 1002 2941 1054 Filius
2976 1006 3309 1070 postularet,
3359 1017 3446 1056 se-

1890 1095 2123 1146 cundum
2152 1095 2426 1159 deitatem,
2463 1106 2567 1145 non
2601 1093 2891 1144 secundum
2930 1092 3315 1149 humanitatem
3348 1108 3446 1162 po-

1890 1183 2165 1238 Stulahat:
2199 1185 2340 1250 quod
2396 1200 2496 1238 non
2554 1183 2801 1243 habebat,
2849 1182 3084 1249 petebat.
3123 1182 3185 1236 Et
3212 1199 3448 1255 evange-

1890 1272 2012 1324 lista
2047 1275 2326 1336 mentitur,
2371 1291 2490 1325 rum
2515 1275 2650 1327 dixit
2679 1292 2693 1328 :
2726 1271 2960 1326 Vidimus
2986 1272 3203 1342 gloriam
3230 1275 3342 1342 ejus
3366 1279 3443 1340 ¹⁵;

1891 1372 1942 1414 et
1975 1363 2264 1430 Apostolus
2297 1381 2310 1415 :
2362 1363 2485 1415 Non
2513 1368 2686 1432 utique
2740 1365 3022 1417 Dominum
3067 1365 3248 1433 gloria:
3274 1371 3443 1418 cruei-

1888 1454 2124 1523 ﬁxissent
2172 1455 2248 1519 ‘6;
2291 1465 2343 1507 et
2391 1454 2602 1507 David:
2655 1457 2720 1508 Et
2771 1457 3004 1511 introibit
3035 1472 3124 1508 rea:
3164 1457 3348 1525 gloria:
3385 1460 3446 1512 ".

1889 1542 2004 1598 Non
2044 1544 2204 1614 igitur
2236 1545 2601 1596 aeueSsionetn
2633 1546 2761 1613 petit
2786 1546 2988 1615 gloria),
3020 1546 3114 1600 sed
3139 1557 3193 1600 ut
3233 1548 3451 1616 dispen—

1890 1639 2112 1692 sationis
2142 1638 2230 1691 ﬁat
2264 1637 2649 1691 manifestatio.

2551 1727 2615 1781 In
2639 1730 2792 1782 idem.

1967 1817 2023 1872 Si
2063 1835 2220 1887 quam
2254 1824 2486 1878 habebat
2516 1822 2739 1892 gloriam
2778 1830 3062 1891 antequam
3093 1826 3326 1880 mundus
3357 1824 3449 1882 lie-

216 1922 435 1992 ἀληθῶς
486 1925 635 1995 παρά
688 1924 780 1977 τοῦ
840 1900 1051 1996 Πατρὸς
1095 1926 1233 1996 ᾔτει,
1293 1900 1576 1979 ἀποϐαλὼν
1623 1929 1786 1998 αὐτὴν
1818 1900 1862 1955 Β

1780 1947 1786 1972 ,
1818 1900 1862 1955 Β
1892 1920 1997 1974 ret,
2025 1925 2140 1964 eain
2172 1928 2297 1966 vere
2325 1930 2353 1966 a
2387 1915 2546 1968 Patre
2571 1915 2813 1984 petebat;
2844 1914 2986 1968 hanc
3009 1918 3262 1972 amissam
3292 1929 3442 1988 pete-

217 2017 358 2085 ᾔτει.
393 2018 467 2070 Οὐ
502 2018 609 2089 γὰρ
643 2017 708 2071 ἂν
735 2017 762 2069 ὃ
789 2013 898 2087 εἶχε
931 2017 1113 2071 λαϐεῖν
1146 2018 1416 2089 ἐπεζήτει.
1449 2019 1511 2071 Εἰ
1534 2018 1589 2070 δὲ
1611 2019 1784 2079 τοῦτο,

217 2110 282 2161 οὐ
313 2110 412 2182 τὴν
451 2110 605 2176 δόξαν
636 2111 998 2180 ἀποϐεϐλήκει
1030 2111 1207 2181 μόνον,
1245 2111 1378 2165 ἀλλὰ
1412 2112 1504 2164 καὶ
1545 2111 1640 2182 τὴν
1670 2111 1787 2164 Θεό-

217 2220 377 2273 τητα.
445 2202 768 2272 Ἀχώριστος
833 2203 940 2273 γὰρ
1001 2205 1032 2272 ἡ
1076 2202 1199 2266 δόξα
1240 2203 1337 2272 τῆς
1387 2202 1653 2271 θεότητος.
1686 2201 1791 2254 Ψι-

217 2294 312 2357 λδς
378 2290 467 2347 οὖν
520 2294 659 2346 κατά
717 2295 977 2346 Φωτεινὸν
1034 2294 1143 2360 (45)
1203 2289 1270 2362 ἦν
1318 2293 1594 2362 ἄνθρωπος
1659 2294 1782 2362 ἄρα.

217 2385 471 2437 Φαίνεται
524 2379 615 2436 οὖν
670 2384 740 2437 τὰ
796 2382 1016 2434 τοιαῦτα
1060 2382 1178 2434 κατ’
1212 2383 1517 2451 οἰκονομίαν
1562 2382 1659 2450 τῆς
1698 2384 1789 2433 ἁν-

222 2474 591 2546 Θρωπότητος,
659 2473 720 2524 οὐ
789 2473 909 2526 κατ’
976 2471 1205 2541 ἔλλειψιν
1262 2471 1357 2538 τῆς
1415 2470 1662 2542 Θεότητος
1715 2472 1789 2522 εὶ-

219 2563 429 2636 ,ρηκώφ

365 2658 466 2722 Εἰς
494 2657 578 2719 τὸ,
613 2675 632 2707 ι
675 2658 1046 2725 Πρωτότοκος
1082 2655 1283 2722 πάσης
1313 2655 1578 2719 κτίσεως.
1621 2672 1639 2706 ›

293 2749 355 2800 Εἰ
383 2748 487 2821 πρὸ
506 2749 604 2820 τῆς
629 2750 850 2809 κτίσεως
882 2749 908 2798 6
934 2748 1056 2808 Υἱὸς
1086 2748 1144 2796 οὐ
1177 2745 1418 2814 γέννημά
1449 2749 1612 2806 ἐστιν,
1657 2743 1789 2798 ἀλλὰ

219 2841 460 2910 κτίσμαο
499 2841 894 2911 πρωτόκτιστος
929 2836 993 2888 ἂν
1032 2835 1264 2902 ἐλέγετο,
1304 2835 1396 2885 καὶ
1424 2835 1483 2884 οὐ
1517 2833 1788 2902 πρωτότο-

221 2949 338 2994 κος.
387 2933 471 2993 Εἰ,
526 2929 711 2999 ἐπειδὴ
764 2928 1102 2998 πρωτότοκος
1152 2925 1251 2994 τῆς
1295 2925 1518 2988 κτίσεως
1557 2924 1787 2995 εἴρηται,

224 3020 624 3091 πρωτόκτιστός
665 3021 802 3080 ἐστι,
838 3017 930 3069 καὶ
965 3016 1304 3086 πρωτότοκος
1352 3013 1635 3084 εἰρημένος
1668 3012 1790 3064 ιτῶν

223 3112 455 3183 νεκρῶν,
505 3111 933 3182 προτελευτῆσας
971 3108 1035 3162 ἂν
1069 3109 1151 3178 εἵη
1190 3106 1296 3158 τῶν
1346 3105 1572 3176 νεκρῶν.
1625 3105 1686 3157 El
1735 3103 1791 3156 δὲ

222 3205 562 3278 πρωτότοκος
594 3203 802 3275 νεκρῶν
834 3203 944 3272 (44)
977 3201 1208 3272 εἴρηται,
1239 3198 1327 3252 διὰ
1364 3199 1425 3251 τὸ
1451 3198 1620 3261 αἴτιος
1651 3195 1787 3251 εἶναι

218 3300 322 3368 τῆς
369 3299 432 3350 ἐκ
463 3297 666 3366 νεκρῶν
714 3295 1060 3356 ἀναστάσεως
1085 3310 1097 3323 ·
1135 3291 1275 3345 οὕτω
1313 3294 1408 3345 καὶ
1452 3293 1788 3361 πρωτότοκος

219 3388 473 3451 κτίσεως,
511 3388 595 3440 διὰ
625 3389 683 3439 τὸ
708 3387 876 3448 αἴτιος
906 3382 1041 3436 εἶναι
1080 3385 1172 3438 τοῦ
1215 3383 1272 3447 ἐξ
1302 3385 1399 3436 οὐκ
1423 3383 1588 3436 ὄντων
1621 3385 1700 3446 εἰς
1731 3384 1790 3437 τὺ

219 3475 373 3532 εἶναι
417 3481 754 3548 παραγαγεῖν
792 3476 890 3546 τὴν
922 3475 1115 3527 κτίσιν.
1155 3475 1216 3526 El
1245 3474 1304 3525 τὸ
1343 3476 1678 3544 πρωτότοκος
1716 3476 1790 3526 εἰ-

224 3567 424 3639 ρῆσθαι
447 3567 544 3638 τῆς
566 3567 811 3628 κτίσεως,
838 3565 1050 3634 πρῶτον
1071 3563 1228 3616 αὐτὸν
1245 3562 1567 3633 γεγενῆσθαι
1587 3563 1792 3614 δείκνυ-

223 3677 310 3712 σιν
361 3662 389 3713 6
426 3659 742 3721 Ἀπόστολος
771 3655 942 3711 εἰπὼν
972 3696 986 3719 ,
1027 3655 1230 3709 Πάντα
1261 3655 1334 3707 δι’
1364 3655 1547 3712 αὑτοῦ
1574 3655 1668 3708 καὶ
1705 3657 1791 3720 εἰς

219 3750 408 3803 αὑτὸν
437 3751 723 3813 ἔκτισται,
750 3749 976 3819 ὤφειλεν
1003 3750 1196 3808 εἰπεῖν,
1232 3748 1340 3800 Καὶ
1375 3747 1532 3810 αὐτὸς
1557 3747 1790 3815 ἐγένετο

223 3840 332 3909 πρὸ
350 3841 581 3893 πάντων.
610 3839 789 3892 Εἰπὼν
814 3839 890 3902 δὲ,
916 3839 1021 3892 Καὶ
1041 3841 1220 3903 αὑτός
1238 3839 1368 3891 ἐστι
1396 3839 1508 3906 πρὸ
1529 3838 1786 3904 πάντων,

220 3928 388 3991 ἔδειξε
432 3928 523 3981 τὸν
565 3929 662 3997 μὲν
708 3929 794 3980 ἀεὶ
841 3929 988 3990 ὄντα,
1036 3929 1132 4000 τὴν
1170 3931 1226 3982 δὲ
1262 3930 1436 3982 κτίσιν
1472 3930 1784 4002 γενομένην.

220 4020 297 4073 Τὸ
321 4018 449 4090 γὰρ,
484 4021 671 4082 Ἔστι,
706 4018 803 4088 τῷ,
843 4020 937 4071 Ἐν
958 4019 1112 4088 ἀρχῇ
1139 4018 1217 4091 ἦν
1255 4025 1287 4074 ό
1315 4023 1525 4090 Λόγος,
1555 4023 1785 4092 συνᾴδει.

220 4112 287 4165 Εἰ
321 4111 680 4183 πρωτότοκος,
727 4112 907 4180 φασιν,
961 4112 990 4162 ὁ
1041 4110 1183 4174 Υἱὸς,
1232 4113 1412 4165 οὐκέτι
1464 4113 1787 4184 μονογενήςο

218 4203 337 4256 ἀλλ’
376 4203 579 4271 ὀφείλει
627 4204 718 4269 καὶ
760 4202 915 4265 ἄλλος
957 4197 1114 4264 εἶναι,
1161 4197 1220 4255 οὗ
1257 4203 1593 4271 πρωτότοκος
1637 4203 1790 4271 λέγη-

218 4311 310 4346 ται
346 4295 477 4362 (45).
529 4296 804 4363 Καίτοιγε,
832 4289 876 4346 ὦ
912 4295 1060 4362 σοφὲ,
1087 4294 1181 4346 καὶ
1208 4295 1272 4345 ὲκ
1296 4294 1507 4363 Μαρίας
1537 4294 1637 4363 τῆς
1659 4310 1790 4362 παρ-

220 4385 377 4438 Θένου
411 4387 568 4456 μόνος
596 4386 874 4457 γεννηθεὶς
895 4427 909 4451 ,
945 4386 1286 4458 πρωτότοκος
1337 4386 1504 4455 αὐτῆς
1552 4383 1784 4456 εἴρηται.

221 4481 378 4543 Ἕως
419 4474 490 4533 οὗ
541 4477 647 4549 γὰρ
688 4480 872 4542 ἔτεκε,
915 4480 1076 4548 φησι,
1124 4478 1227 4530 τὸν
1271 4477 1403 4529 υἱὸν
1457 4477 1646 4545 αὐτῆς
1679 4477 1784 4529 τὸν·

1894 2005 2003 2056 bat.
2030 2004 2213 2070 Neque
2253 2006 2396 2058 enim
2427 2009 2565 2075 quod
2598 2005 2848 2070 habebat,
2884 2007 2934 2059 id
2977 2007 3225 2077 accipere
3253 2020 3440 2078 postu-

1891 2091 2054 2146 labat.
2088 2093 2142 2146 Si
2175 2109 2302 2147 vero
2339 2109 2424 2147 res
2462 2095 2530 2148 ita
2563 2112 2619 2149 se
2648 2097 2826 2159 habet,
2870 2110 2975 2148 non
3003 2096 3228 2164 gloriam
3267 2101 3449 2154 amisit

1889 2183 2080 2248 solum,
2136 2185 2230 2239 sed
2260 2186 2515 2239 deitatem
2556 2188 2736 2240 etiam.
2784 2188 2918 2241 Nam
2955 2189 3122 2258 gloria
3171 2205 3199 2242 a
3245 2191 3449 2247 deitate

1888 2277 2127 2345 separari
2177 2293 2279 2332 non
2313 2289 2514 2348 potest.
2561 2277 2745 2332 Nudus
2775 2297 2901 2345 ergo
2926 2285 3224 2336 secundum
3260 2282 3449 2338 Photi-

1889 2383 2013 2422 num
2050 2369 2210 2424 ltomo
2236 2382 2373 2425 erat.
2410 2370 2644 2424 Proinde
2689 2385 2811 2427 eum
2851 2374 2973 2427 talia
3023 2374 3318 2430 secundum
3352 2377 3452 2430 ltu-

1889 2466 2164 2519 manitatis
2210 2466 2692 2532 dispensationem,
2749 2483 2853 2522 non
2897 2472 3195 2525 secnndum
3231 2471 3449 2528 deitatis

1889 2555 2154 2609 defectum
2197 2556 2397 2610 dixisse
2420 2567 2653 2610 constat.

1959 2643 2026 2697 In
2060 2646 2228 2711 illud,
2258 2663 2276 2696 ι
2325 2645 2712 2716 Primogenitus
2754 2649 2926 2701 omnis
2970 2661 3224 2704 creatura:
3257 2651 3320 2704 ¹⁸.
3353 2670 3372 2702 ι

1958 2736 2124 2790 Filius
2166 2737 2208 2791 si
2239 2745 2364 2790 ante
2393 2750 2690 2792 creaturam
2714 2741 2956 2808 genitura
2994 2757 3096 2794 non
3129 2753 3293 2808 esset,
3355 2744 3449 2798 sed

1889 2841 2130 2883 creatura
2160 2847 2173 2894 ;
2208 2832 2606 2900 primocreatus
2633 2834 2816 2900 utique
2856 2834 3157 2899 diceretur,
3202 2853 3306 2890 non
3337 2837 3449 2906 pri-

1890 2925 2210 2994 mogenitus.
2246 2926 2299 2978 Si
2331 2937 2612 2995 propterea
2638 2928 2777 2994 quod
2809 2929 3195 2996 primogenian
3225 2941 3446 2984 creatu-

1893 3029 1964 3067 rae
1992 3017 2164 3068 dictus
2202 3030 2306 3074 est.
2334 3016 2727 3082 primocrcatus
2761 3025 2864 3076 est,
2891 3016 3054 3067 etiam
3082 3031 3145 3069 eo
3168 3018 3308 3084 quod
3339 3020 3450 3087 pri-

1891 3106 2202 3174 mogenitus
2232 3113 2563 3158 mortuorum
2608 3105 2783 3158 dictus
2816 3115 2898 3157 est
2931 3106 2973 3136 ¹⁹
2997 3145 3013 3170 ,
3059 3107 3264 3175 primus
3289 3123 3354 3163 ex
3385 3110 3449 3165 iis

1893 3198 1979 3265 qui
2022 3197 2213 3249 mortui
2243 3206 2387 3260 sunt,
2426 3211 2667 3249 mortuus
2700 3196 2880 3249 luerit.
2914 3196 2970 3250 Si
3012 3213 3139 3252 vero
3173 3202 3446 3271 primogc-o

1895 3289 2037 3341 nitus
2081 3298 2409 3340 mortuorum
2456 3303 2518 3340 ex
2547 3302 2610 3340 eo
2647 3287 2823 3340 dictus
2863 3297 2964 3353 est,
2992 3291 3130 3356 quod
3174 3306 3336 3344 causa
3367 3301 3452 3345 est

1892 3377 2302 3433 resurrectionis
2324 3392 2354 3430 e
2391 3378 2613 3431 mortuis
2641 3393 2654 3429 :
2688 3378 2755 3429 ita
2787 3393 2838 3432 et
2871 3380 3259 3448 pritnogettittts
3287 3396 3449 3435 crea-

1893 3482 2044 3533 turae.
2071 3485 2134 3525 ex
2157 3485 2220 3524 eo
2244 3471 2383 3537 quod
2409 3484 2569 3522 causa
2592 3479 2672 3522 est
2689 3479 2741 3520 ιιι
2758 3483 3005 3523 creatura
3031 3488 3059 3524 e
3078 3471 3242 3526 nihilo
3265 3476 3328 3524 ad
3343 3491 3452 3526 esse

1891 3567 2143 3629 producta
2166 3563 2252 3615 sit.
2279 3561 2337 3613 Si
2367 3575 2485 3613 cum
2504 3561 2733 3626 primum
2761 3560 2956 3615 factum
2979 3577 3097 3616 esse
3125 3565 3250 3617 hittc
3269 3575 3453 3618 osten-

1891 3652 2051 3709 ditur.
2077 3653 2215 3718 quod
2247 3651 2641 3720 primogenitus
2663 3665 2923 3705 creaturae
2951 3654 3128 3706 dictus
3159 3665 3261 3719 est,
3299 3657 3453 3724 Apo-

1891 3743 2060 3796 stolus
2090 3744 2178 3811 qui
2208 3743 2338 3794 dixit
2364 3760 2376 3794 :
2414 3741 2604 3795 Omnia
2620 3759 2710 3810 per
2726 3745 2895 3810 ipsum
2925 3753 2971 3796 et
2996 3745 3049 3797 in
3080 3745 3246 3813 ipsum
3275 3758 3450 3800 creata

1889 3833 2087 3899 sunt”,
2120 3832 2302 3885 debuit
2327 3831 2509 3885 dicere
2538 3850 2552 3886 :
2577 3833 2642 3886 Et
2666 3832 2778 3901 ipse
2799 3833 2970 3902 facta:
2999 3845 3219 3891 astante
3241 3839 3447 3891 omnia.

1887 3925 1957 3978 At
1981 3940 2099 3978 cutn
2129 3924 2327 3976 dixerit
2363 3937 2376 3975 :
2406 3921 2474 3975 Et
2509 3924 2618 3992 ipse
2641 3934 2717 3978 est
2753 3937 2873 3978 ante
2919 3930 3094 3980 omnia
3131 3970 3145 3992 ,
3215 3930 3452 3984 ostendit

1888 4031 2008 4069 eum
2056 4014 2268 4080 quidem
2311 4025 2522 4070 semper
2573 4028 2716 4075 esse,
2757 4024 3064 4067 creaturam
3092 4031 3219 4069 vero
3251 4019 3449 4072 iactant

1889 4103 2073 4156 fuisse.
2136 4101 2263 4153 Nam
2330 4101 2498 4163 illud,
2545 4113 2641 4166 est,
2703 4119 2824 4156 cum
2882 4105 3001 4170 hor,
3083 4105 3148 4159 In
3195 4110 3449 4177 principio

1888 4206 1994 4248 erat
2034 4192 2251 4245 Verbum
2276 4191 2340 4253 “,
2371 4195 2657 4247 consentit.
2695 4194 2751 4247 Si
2787 4195 2976 4255 Filius.
3009 4198 3290 4264 inquiunt,
3325 4203 3439 4268 pri-

1893 4285 2196 4354 mogenitus
2226 4291 2329 4348 est,
2366 4298 2469 4336 non
2511 4283 2737 4353 amplius
2769 4297 2849 4339 est
2887 4288 3214 4356 unigenitus,
3257 4293 3349 4344 sed
3392 4301 3449 4346 et

1891 4377 2026 4431 alius
2059 4391 2176 4430 esse
2205 4376 2385 4438 debet,
2424 4376 2509 4429 cui
2541 4389 2884 4447 comparatus
2926 4381 3318 4450 primogenitus
3365 4385 3448 4439 di-

1890 4479 2060 4522 catur.
2093 4468 2273 4536 Atqui,
2306 4483 2339 4521 o
2369 4469 2602 4537 sapiens,
2629 4471 2788 4523 etiam
2817 4486 2880 4523 ex
2918 4471 3082 4523 Maria
3120 4474 3327 4538 virgine
3358 4490 3448 4529 so-

221 4569 614 4638 πρωτότοκον.
655 4569 814 4622 Ὥστε
853 4569 951 4621 οὐκ
995 4569 1206 4637 ἀνάγκη
1233 4567 1460 4635 ἀδελφοῦ
1492 4566 1601 4637 (46)
1631 4585 1777 4636 πρω-
1811 4550 1855 4604 Ῑ)

1811 4550 1855 4604 Ῑ)
1890 4563 1972 4615 lus
2001 4572 2175 4627 natus,
2207 4562 2598 4631 pritnogenitus
2622 4561 2739 4627 ejus
2765 4563 2942 4614 dictus
2969 4573 3068 4617 est.
3106 4564 3276 4618 Donec
3304 4567 3443 4620 enim

218 4662 437 4712 τότοκον
472 4658 740 4726 λέγεσθαι.
792 4659 1024 4730 Λεχθείη
1068 4659 1112 4711 δ’
1149 4660 1234 4722 ἂν,
1260 4659 1338 4711 ὃτι
1371 4659 1463 4711 καὶ
1486 4661 1514 4710 6
1543 4659 1646 4731 πρὸ
1674 4661 1784 4729 (47)

220 4755 401 4824 πάσης
448 4753 749 4821 γεννήσεως
798 4751 1140 4821 πρωτότοκος
1193 4749 1444 4818 ἐλέγετο·
1487 4749 1565 4802 ἔτι
1602 4750 1658 4802 δὲ
1692 4751 1782 4803 καὶ

292 4982 334 5053 ¹ξ
370 4980 521 5033 Joan.
551 4995 682 5053 xv_tt_,
714 4980 803 5053 5.__
845 4981 890 5053 ξ’
915 4978 1069 5053 Joan.
1092 4995 1140 5053 _t,
1177 4979 1262 5053 ιι.
1296 4980 1420 5053 “‘“l
1464 4980 1598 5053 Cor."
1625 4997 1687 5053 tt.
1722 4983 1774 5036 8.

216 5051 263 5081 ’θ
300 5052 504 5106 Coloss.
529 5067 568 5117 t,
602 5050 688 5106 16.
763 5050 804 5081 ’⁸
837 5049 986 5105 Joan.
1017 5049 1055 5114 ι’,
1087 5051 1132 5106 ι.
1211 5051 1254 5080 ’³
1295 5049 1482 5103 Matth.
1514 5065 1552 5114 ι,
1583 5051 1672 5102 '25.

286 5226 411 5300 (θλ
432 5227 565 5281 Editi
598 5230 691 5282 καὶ
717 5245 814 5300 ουχ
847 5229 1031 5292 ἀπλῶς
1068 5230 1238 5292 οὐδεὶς
1278 5228 1590 5291 διδάσκαλος
1641 5231 1778 5298 ἁγα-

215 5295 328 5361 θός.
370 5295 867 5365 Τιέρειυιιιίιιε,”δὶ
911 5315 1016 5352 non
1047 5311 1209 5363 recte,
1244 5308 1299 5351 at
1335 5300 1561 5352 ﬁdeliter
1596 5295 1774 5352 tanien

214 5369 602 5437 interpretatus
629 5376 730 5426 est.
760 5384 880 5421 cum
923 5369 994 5422 ita
1024 5370 1239 5437 scripsit
1270 5391 1281 5423 :
1327 5369 1391 5421 Et
1436 5385 1538 5421 non
1567 5369 1772 5436 simpli-

214 5440 346 5490 citer
377 5436 550 5488 nullus
581 5439 823 5504 magister
855 5440 1037 5490 bonus.
1079 5436 1146 5490 At
1190 5439 1356 5491 nostri
1402 5448 1603 5503 septeni
1641 5453 1768 5492 mss.

211 5508 307 5558 καὶ
334 5507 431 5576 οὐχ
465 5504 649 5568 ἁπλῶς
670 5505 982 5572 διδάσκαλος
1007 5508 1229 5575 ἀγαθός,
1273 5509 1383 5570 illo,
1417 5507 1610 5571 οὐδείς,
1637 5523 1773 5575 pra:-

215 5578 489 5647 termisso,
533 5587 696 5629 recte.
744 5576 853 5630 Hoc
886 5589 966 5630 est
1008 5597 1022 5632 :
1062 5579 1140 5632 Me
1178 5580 1392 5647 quidem
1437 5579 1572 5630 dicis
1601 5581 1768 5647 magi-

208 5654 382 5698 strum
413 5645 606 5697 bonum
633 5660 644 5694 :
675 5647 767 5698 sed
793 5647 890 5699 hoc
912 5648 1129 5712 dixisse,
1154 5645 1288 5701 satis
1313 5663 1416 5701 non
1440 5658 1539 5701 est.
1557 5645 1766 5701 Etenim

210 5730 321 5841 agn
347 5729 464 5767 sum
496 5715 665 5768 solum
693 5717 945 5784 magister
976 5720 1162 5781 bonus,
1191 5719 1282 5771 sed
1310 5733 1427 5771 sum
1449 5719 1610 5770 etiam
1634 5720 1768 5772 Deus

287 5799 404 5836 nus.

287 5854 399 5925 (45)
448 5853 522 5909 De
560 5853 786 5911 Photino
820 5856 1066 5912 hmretico
1105 5856 1200 5919 legi
1237 5867 1414 5926 potest
1455 5858 1766 5914 dissertatio

1855 4981 1895 5011 ’⁷
1924 4980 2063 5034 Psal.
2103 4994 2255 5043 xxttt,
2301 4979 2350 5032 7.

1885 4658 2180 4722 peperisset,
2247 4653 2439 4720 inquit,
2500 4653 2669 4717 ﬁlium
2722 4669 2870 4704 suum
2926 4656 3333 4724 primogenitum
3376 4659 3442 4711 “.

1887 4748 2063 4812 Quare
2097 4759 2199 4796 non
2233 4751 2316 4794 est
2345 4756 2563 4795 necesse
2597 4742 2780 4796 fratris
2829 4759 3076 4802 resoecm
3111 4749 3442 4818 primogeni-

2433 4980 2473 5010 ⁸⁸
2521 4979 2724 5035 Cotoss.
2777 4997 2815 5047 t,
2855 4982 2940 5036 lii.
3017 4983 3060 5014 ¹⁹
3094 4984 3256 5052 Apoc.
3307 4998 3348 5048 ι,
3388 4984 3440 5038 ε).

1878 5227 2117 5294 Dionysii
2148 5227 2370 5292 Petavii,
2410 5227 2562 5282 initio
2607 5226 2904 5281 Rationarii
2938 5237 3244 5294 temporum.

1947 5296 2058 5368 (44)
2093 5299 2220 5365 Reg.
2245 5298 2806 5368 ιενιίιιεηπρωτότοκος
2844 5301 2907 5351 ὲκ
2940 5298 3168 5368 νεκρῶν.
3198 5296 3303 5351 Alii
3335 5297 3440 5354 duo

1874 5367 2002 5439 mss.
2035 5367 2500 5439 noteto'toxoettbv
2524 5369 2751 5439 νεκρῶν.

1945 5438 2055 5506 (45)
2079 5424 2312 5506 'Codices
2341 5424 2580 5506 plerique
2603 5424 2792 5492 omnes
2820 5437 3056 5506 λέγεται.
3097 5437 3296 5493 Ibidem
3330 5434 3434 5488 ali-
3464 5424 3478 5454 '

1871 5500 2002 5576 quot
2033 5500 2157 5561 mss.
2191 5500 2235 5559 ὦ
2254 5500 2426 5575 σοφοί.

1943 5576 2052 5646 (46)
2080 5579 2267 5650 (ἐοιιειιΔ
2303 5572 2542 5650 Combel‘.
2598 5579 2698 5632 οὐκ
2726 5579 2969 5650 ἀνάγκης
3011 5577 3261 5646 ἀδελφοῦ.
3296 5572 3437 5650 γιξεβ.

1874 5643 2140 5718 secundus
2164 5647 2385 5718 ἀνάγκῃ
2427 5648 2691 5717 ἀδελφῶν.
2735 5643 2850 5702 Alii
2871 5643 2998 5703 tusis.
3040 5643 3250 5718 ἀνάγκῃ
3283 5643 3440 5699 ἀδελ-

1874 5715 1994 5787 φοῦ,
2027 5717 2297 5787 Ed‘iditnus
2322 5715 2503 5772 vecetn
2526 5715 2736 5787 ἀνάγκη
2772 5735 2890 5772 cum
2923 5738 2939 5771 ι
2971 5715 3294 5786 subsertpio.

1946 5738 1994 5768 υ.
2027 5738 2297 5770 nuitutnus
2323 5738 2503 5772 vocem
2526 5738 2698 5787 αναγκ
2772 5738 2890 5772 cum
2923 5738 2939 5771 t.
2971 5738 3294 5786 SllDSCl‘tplO.

1946 5786 2059 5859 (4A7)
2093 5785 2226 5859 Editi
2269 5788 2350 5838 ὅτι
2401 5790 2494 5842 καὶ
2536 5791 2661 5859 πρό.
2695 5738 2913 5845 veteres
2943 5792 3179 5859 quinque
3209 5789 3327 5844 libri
3354 5789 3441 5844 ὅτι

1870 5857 1963 5909 καὶ
1990 5857 2018 5908 ὀ
2042 5856 2166 5925 πρό,
2193 5868 2355 5914 recte.
