4208 6484
756 419 853 474 703

2090 412 2145 462 S.
2194 408 2428 463 BASlLIl
2471 407 2682 460 MACNI

3891 402 3990 454 704

750 540 860 581 tum
893 529 1094 580 vocari.
1133 524 1243 577 Dici
1281 525 1443 578 etiam
1473 524 1665 590 possit,
1701 525 1843 591 quod
1873 533 1926 575 et
1951 521 2070 590 quis
2099 525 2187 592 qui
2220 540 2308 594 ge-
2337 530 2381 584 Α
2408 523 2513 594 πρὸ

2412 523 2542 594 πρὸς
2560 525 2683 586 τοὺς
2711 521 2797 575 διὰ
2823 521 3090 582 υἱοθεσίας
3117 525 3205 577 τοῦ
3231 525 3387 594 ἁγίου
3419 521 3740 592 Πνεύματος
3767 527 3830 577 ἐκ
3855 521 3991 576 θεοῦ

745 618 1313 675 iterationemmultum
1342 618 1633 682 antecedit,
1662 616 2058 686 primogenitus
2098 618 2310 672 dicere-

745 721 832 765 tur
861 731 874 766 :
903 711 1028 777 quin
1066 719 1119 762 ct
1149 718 1392 778 respectu
1432 721 1618 762 eorum
1641 747 1656 772 ,
1693 709 1782 776 qui
1831 723 1926 777 per
1963 708 2308 775 adoptionem

745 803 978 872 Spiritus
1009 801 1184 855 sancti
1229 815 1293 854 ex
1337 799 1442 852 Deo
1475 800 1585 853 nati
1635 809 1802 862 sunt,
1860 811 1917 853 ut
1964 799 2160 856 Paulus
2189 803 2306 856 ait:

748 891 1002 955 Quoniam
1027 907 1152 958 quos
1179 889 1457 957 praescirit,
1502 905 1588 942 eos
1625 898 1672 943 et
1707 891 1985 957 prwﬁitivit
2016 893 2308 960 conformes

745 981 988 1050 imaginis
1025 979 1152 1032 Filii
1181 981 1283 1044 sui,
1320 993 1372 1033 ut
1405 981 1514 1048 ipse
1542 985 1611 1034 sit
1647 983 2021 1052 primogenitus
2057 986 2110 1038 in
2137 984 2310 1036 multis

747 1071 1001 1142 fratribus
1030 1071 1096 1124 ”.

897 1161 1147 1232 2931"
1185 1161 1340 1226 illud,
1379 1181 1396 1215 ι
1438 1163 1690 1216 Dominus
1719 1166 1910 1218 creavit
1935 1183 2014 1220 me
2054 1168 2100 1196 “

820 1247 875 1301 Si
909 1249 996 1316 qui
1042 1249 1092 1300 in
1138 1264 1299 1303 carne
1332 1259 1450 1311 est,
1495 1250 1659 1302 dicit:
1715 1248 1823 1320 Ego
1870 1270 1985 1304 sum
2028 1253 2106 1304 via
2135 1253 2214 1313 ’5;
2261 1259 2315 1304 ct

750 1341 888 1394 idem
923 1356 936 1392 :
971 1336 1139 1393 Nemo
1172 1341 1304 1394 venit
1354 1341 1421 1392 ad
1456 1337 1672 1393 Patrem
1711 1345 1813 1396 nisi
1845 1361 1935 1411 per
1965 1359 2044 1396 me
2076 1344 2159 1408 ";
2205 1345 2315 1412 ipse

749 1431 913 1484 etiam
941 1441 1022 1484 est
1047 1431 1136 1499 qui
1163 1433 1333 1486 dixit:
1363 1431 1616 1486 Dominus
1642 1436 1835 1487 crearit
1869 1451 1946 1487 me
1974 1434 2178 1486 initium
2211 1435 2316 1486 via-

750 1538 867 1574 rum
895 1538 1110 1574 suarum
1137 1523 1202 1575 ’⁷.
1229 1521 1368 1587 Quin
1398 1532 1450 1576 et
1479 1523 1544 1577 de
1573 1526 1822 1595 genitura
1851 1525 2045 1577 dicitur
2068 1533 2316 1579 creatura

750 1623 804 1667 et
838 1613 1064 1676 factura,
1084 1624 1136 1666 ut
1162 1614 1288 1666 illud
1314 1631 1324 1665 :
1348 1614 1528 1668 Creavi
1555 1618 1814 1671 hominem
1843 1632 1934 1683 per
1959 1615 2125 1669 Deum
2153 1617 2230 1682 ¹⁸;
2262 1627 2318 1673 et

751 1704 974 1757 iterum:
1010 1703 1154 1757 Fecit
1183 1705 1324 1772 ﬁlios
1353 1717 1398 1759 et
1426 1707 1566 1774 ﬁlias
1591 1709 1673 1772 ¹⁹ς
1709 1719 1761 1762 et
1800 1709 1996 1763 David:
2025 1709 2128 1762 Cor
2165 1729 2316 1765 mun-

750 1795 874 1845 dum
910 1810 1029 1847 creo
1064 1795 1115 1846 in
1157 1810 1254 1858 me,
1301 1793 1437 1848 Deus
1463 1797 1541 1860 ³ο,
1574 1812 1675 1849 non
1709 1806 1897 1864 petens
1933 1795 2073 1849 aliud
2096 1837 2112 1863 ,
2148 1799 2241 1853 sed
2265 1799 2318 1853 id

2410 618 2801 686 γεννωμένους,
2855 613 2929 676 ὡς
2976 618 3004 667 6
3050 616 3257 680 Παῦλος
3300 619 3412 689 (48)
3466 631 3664 687 φησιν·
3711 618 3842 670 ’Ότι
3888 618 3991 681 οὓς

2411 708 2696 776 προέγνω,
2727 709 2822 761 καὶ
2867 705 3160 773 προώρισε
3188 711 3580 779 συμμόρφους
3616 706 3730 774 τῆς
3759 711 3991 772 εἰκόνος

2412 799 2514 852 τοῦ
2553 799 2690 854 Υιοῦ
2735 797 2939 861 αὐτοῦ,
2969 801 3056 864 εἰς
3102 799 3164 852 τὸ
3204 793 3356 852 εἶναι
3394 801 3580 856 αὑτὸν
3613 801 3993 869 πρωτότοκον

2409 894 2480 945 ἐν
2506 893 2758 958 πολλοῖς
2785 889 3088 960 ἀδελφοῖς.

2720 1159 2821 1222 Εἰς
2855 1157 2940 1222 τὸ,
2978 1176 2994 1209 t
3034 1160 3246 1226 Κύριος
3270 1156 3470 1210 ἐκτισέ
3501 1174 3598 1226 με.
3639 1179 3659 1210 s

2495 1247 2556 1299 Εί
2603 1250 2631 1300 ὁ
2661 1249 2718 1299 ἐν
2763 1248 2924 1319 σαρκί
2959 1247 3341 1320 φησιν,·Ἐγώ
3377 1249 3492 1315 ειμι
3541 1248 3578 1315 ἠ
3626 1248 3806 1313 ὁδός·
3843 1252 3936 1304 καὶ
3965 1249 3992 1300 6

2417 1340 2607 1402 αὐτός·
2643 1338 2852 1406 Οὐδεὶς
2884 1341 3113 1410 ἔρχεται
3141 1342 3285 1406 πρὸς
3320 1340 3424 1393 τὸν
3456 1339 3686 1407 Πατέρα
3721 1343 3774 1392 ει
3802 1343 3888 1409 μὴ
3922 1343 3989 1394 δι’

2415 1432 2560 1500 ἐμοῦ
2583 1449 2596 1462 ’
2626 1432 2784 1495 αὐτὸς
2823 1436 2938 1486 ἐστι
2977 1433 3067 1486 καὶ
3097 1435 3124 1484 6
3169 1431 3368 1484 εἰπών·
3404 1432 3620 1498 Κύριος
3673 1431 3882 1485 ἐκτισέ
3919 1453 3992 1501 με

2416 1521 2612 1590 ἀρχὴν
2641 1522 2796 1576 ὁδῶν
2836 1524 3040 1579 αὐτοῦ.
3108 1523 3335 1591 Λέγεται
3379 1523 3435 1576 δὲ
3468 1522 3557 1575 καὶ
3583 1523 3675 1575 ἐπὶ
3721 1526 3994 1592 γεννήμα-

2415 1631 2505 1676 τος
2559 1615 2763 1684 κτίσμα
2808 1618 2899 1669 καί
2944 1615 3173 1684 ποίημα,
3207 1615 3280 1678 ὡς
3322 1614 3414 1680 τὸ,
3463 1613 3832 1682 Ἐκτισάμην
3881 1615 3990 1682 (49)

2418 1705 2730 1772 ἄνθρωπον
2763 1708 2856 1762 διὰ
2906 1707 3008 1760 τοῦ
3057 1706 3237 1759 Θεοῦο
3282 1709 3373 1760 καὶ
3414 1706 3608 1760 πάλινο
3671 1708 3992 1772 Ἐποίησεν

2419 1798 2586 1864 υἱοὺς
2626 1801 2722 1852 καὶ
2767 1798 3120 1868 θυγατέραςο
3161 1799 3253 1851 καὶ
3286 1802 3314 1851 ὁ
3339 1800 3532 1854 Δαϐίδο
3564 1797 3830 1866 Καρδίαν
3853 1802 3990 1850 καθ·

751 1885 1004 1940 videlicet
1032 1886 1173 1957 quod
1209 1897 1326 1941 erat
1361 1889 1633 1955 postulans
1667 1889 1937 1941 mundari.
1980 1887 2186 1945 Dicitur
2216 1907 2314 1945 au-
2351 1871 2391 1926 Β
2416 1891 2514 1960 apd

2416 1891 2568 1960 αρὰν
2599 1894 2812 1944 κτίσον
2857 1893 2925 1943 ἐν
2958 1891 3119 1960 ἐμοὶ,
3151 1893 3183 1944 ό
3227 1891 3387 1956 Θεὸς,
3437 1893 3536 1944 οὐκ
3583 1891 3750 1961 ἄλλην
3805 1891 3989 1951 alti-3v,

755 1986 858 2031 tem
891 1990 944 2032 et
974 1993 1110 2034 nova
1142 1990 1411 2036 creatura,
1451 1993 1553 2032 non
1594 1980 1733 2047 quod
1763 1979 1866 2032 alia
1894 1992 2143 2036 creatura
2174 1983 2314 2038 facta

753 2069 846 2131 sit,
878 2068 970 2123 sed
992 2070 1133 2138 quod
1167 2070 1216 2122 hi
1247 2069 1336 2137 qui
1375 2067 1768 2135 illuminantur,
1801 2072 1865 2125 ad
1896 2073 2115 2126 meliora
2151 2090 2314 2142 opera

756 2171 1147 2229 przeparcutur.
1203 2161 1260 2216 Si
1311 2160 1506 2214 Filium
1561 2160 1720 2216 Pater
1767 2164 1972 2217 creavit
2010 2165 2074 2217 ad
2120 2180 2312 2232 opera,

757 2267 863 2305 nou
919 2262 1133 2322 propter
1189 2254 1384 2322 ipsum,
1445 2255 1539 2308 sed
1593 2264 1810 2322 propter
1861 2269 2024 2322 opera
2081 2257 2306 2309 creavit.

755 2343 908 2408 Quod
943 2355 1121 2396 autem
1155 2353 1372 2412 propter
1403 2344 1569 2406 aliud,
1626 2359 1729 2398 non
1762 2355 1976 2412 propter
2008 2359 2066 2398 se
2114 2345 2191 2407 lit,
2227 2356 2316 2398 aut

754 2449 878 2503 pars
904 2445 987 2488 est
1011 2433 1150 2488 illius
1173 2434 1326 2504 cujus
1355 2451 1518 2490 causa
1551 2434 1749 2491 factum
1777 2447 1882 2500 est,
1903 2445 1991 2492 aut
2013 2452 2079 2492 eo
2117 2438 2314 2493 minus.

757 2525 877 2580 Erit
920 2525 1084 2597 igitur
1116 2526 1365 2584 Salvator
1405 2538 1500 2583 aut
1535 2546 1662 2599 pars
1691 2541 1977 2596 creatum,
2007 2542 2098 2586 aut
2143 2533 2319 2588 minor

757 2629 920 2687 quam
967 2631 1238 2675 creatura.
1285 2621 1461 2687 Quare
1501 2638 1724 2678 necesse
1756 2635 1839 2679 est
1879 2627 1944 2680 de
1985 2626 2319 2680 humanitate

756 2714 874 2781 ejus
902 2713 1222 2782 intelligere.
1263 2714 1437 2767 Possit
1467 2716 1631 2767 etiam
1662 2717 1782 2783 quis
1814 2717 2011 2779 dicere,
2066 2717 2316 2770 Salomo-

758 2818 878 2856 nem
909 2805 1022 2857 lucc
1050 2806 1114 2856 de
1148 2804 1232 2857 illa
1268 2805 1531 2872 sapientia
1568 2806 1791 2871 dixisse,
1829 2805 1980 2873 cuius
2011 2815 2063 2860 ct
2091 2809 2318 2876 Aposto-

757 2891 841 2947 lus
873 2892 1135 2958 meminit,
1167 2893 1258 2945 ubi
1293 2893 1426 2947 dixit
1453 2909 1466 2944 :
1500 2890 1641 2946 Nam
1671 2903 1950 2962 postquam
1979 2895 2033 2947 in
2061 2897 2317 2963 sapientia

757 2983 855 3037 Dei
888 3000 990 3037 non
1034 2984 1272 3054 cognovit
1311 2987 1534 3038 mundus
1576 3001 1668 3052 per
1708 2987 2017 3054 sapientiam
2054 2986 2217 3040 Deum
2245 2988 2313 3042 ³¹.

757 3071 1021 3128 Praeterea
1061 3089 1235 3142 neque
1260 3073 1520 3143 propheta
1545 3084 1627 3129 est
1652 3075 1743 3145 qui
1769 3075 1903 3129 dixit
1927 3115 1941 3141 ,
1973 3076 2066 3129 sed
2091 3076 2321 3131 Prover-

759 3167 966 3221 bisrum
1019 3167 1269 3237 scriptor.
1313 3165 1604 3221 Proverbia
1655 3181 1838 3222 autem
1886 3169 2146 3238 imagines
2195 3178 2319 3223 sunt

759 3258 1010 3322 aliorum,
1043 3273 1148 3312 non
1175 3273 1237 3311 ea
1267 3257 1382 3326 ipsa
1419 3271 1537 3328 quae
1579 3257 1850 3316 dicuntur.
1891 3259 1948 3315 Si
1975 3261 2115 3315 Deus
2150 3258 2321 3318 Filius

764 3360 882 3404 erat
909 3349 1000 3419 qui
1026 3349 1268 3405 dicebat:
1300 3348 1554 3406 Dominus
1587 3353 1777 3406 creavit
1803 3369 1902 3416 nte,
1934 3356 2114 3423 potius
2141 3356 2326 3424 utique

761 3441 1021 3503 dixisset,
1078 3441 1235 3495 Pater
1275 3443 1483 3497 creavit
1527 3457 1630 3498 me.
1660 3443 1932 3512 Nusquam
1969 3445 2113 3499 enim
2153 3446 2324 3513 ipsum

761 3530 1047 3584 Dominum
1075 3545 1229 3584 suum
1259 3534 1508 3598 vocabat,
1539 3534 1631 3588 sed
1662 3549 1876 3604 semper
1903 3533 2140 3588 Patrem.
2166 3536 2322 3589 Acci-

761 3622 1010 3690 piendum
1044 3621 1205 3689 igitur
1224 3631 1308 3675 est
1333 3621 1482 3686 illud,
1505 3624 1704 3693 genuit,
1734 3625 1798 3677 de
1835 3625 1944 3679 Deo
1974 3626 2111 3679 Filio
2143 3645 2154 3676 :
2195 3628 2323 3682 illud

762 3727 914 3776 vero,
962 3712 1184 3774 creavit,
1235 3712 1300 3765 de
1332 3727 1433 3778 eo,
1466 3713 1556 3782 qui
1602 3712 1829 3767 formam
1879 3717 2114 3784 suscepit
2156 3718 2320 3772 servi.

763 3804 1028 3858 Caeterum
1063 3804 1114 3857 iu
1152 3803 1236 3857 his
1280 3805 1532 3859 omnibus
1561 3820 1664 3859 non
1701 3807 1834 3862 duos
1863 3808 2125 3874 dicimus,
2158 3808 2322 3862 Deum

764 3905 1033 3960 seanum,
1068 3904 1121 3948 et
1161 3893 1432 3948 hominem
1466 3910 1706 3950 seorsum
1743 3898 1916 3968 (unus
1948 3899 2088 3953 enim
2131 3898 2320 3962 erat),

766 3987 860 4040 sed
914 3986 1236 4055 cogitatione
1287 3995 1532 4040 naturam
1577 3987 1837 4057 cujusque
1888 3989 2320 4044 consideramus.

767 4077 952 4145 Neque
985 4077 1128 4130 enim
1156 4077 1348 4132 Petrus
1381 4080 1513 4132 duos
1543 4078 1829 4145 intellexit,
1863 4081 1952 4134 ubi
1978 4081 2114 4135 dixit
2143 4098 2155 4134 :
2192 4081 2325 4135 Cum

765 4169 925 4238 igitur
953 4166 1190 4221 Christus
1224 4185 1409 4235 passus
1450 4169 1517 4222 sit
1547 4186 1640 4235 pro
1678 4171 1825 4224 nobis
1863 4188 2017 4225 carne
2045 4170 2110 4226 ³⁹.
2151 4172 2208 4226 Si
2242 4171 2328 4226 Fi-

769 4261 893 4323 lius.
922 4259 1194 4328 inquiunt,
1226 4260 1473 4328 genitura
1505 4270 1607 4327 est,
1644 4277 1748 4316 nou
1781 4263 1990 4317 factura
2013 4307 2028 4329 ,
2058 4268 2328 4333 quomodo

769 4352 898 4406 dicit
919 4352 1200 4422 Scriptura
1226 4369 1239 4404 :
1268 4350 1416 4404 Certo
1444 4353 1604 4421 igitur
1625 4354 1755 4406 sciat
1777 4362 1885 4406 tota
1913 4355 2101 4408 domus
2133 4355 2324 4421 Israel,

767 4446 905 4512 quod
929 4459 1044 4496 eum
1071 4452 1116 4496 et
1137 4441 1414 4496 Dominum
1439 4452 1487 4496 et
1521 4441 1783 4496 Christum
1807 4443 1926 4511 fecit
1950 4441 2088 4497 Deus
2119 4444 2202 4497 "7
2233 4443 2328 4499 Est

2417 1983 2550 2036 ἀλλὰ
2577 1985 2673 2053 τὴν
2707 1981 2868 2036 οὖσαν
2899 1981 3230 2051 καθαρθῆναι
3250 1981 3508 2053 δηλονότι.
3546 1984 3777 2054 Εἴρηται
3812 1983 3867 2035 δὲ
3904 1983 3992 2034 καὶ

2419 2075 2576 2141 καινὴ
2606 2073 2798 2134 κτίσις,
2831 2074 2926 2140 οὐχ
2950 2072 3024 2133 ὡς
3057 2069 3222 2140 ἄλλης
3252 2071 3480 2136 κτίσεως
3503 2072 3825 2140 γενομένης,
3859 2069 3992 2120 ἀλλὰ

2416 2162 2520 2213 τῶν
2576 2161 2952 2229 φωτιζομὲνων
2988 2161 3079 2212 ἐπὶ
3127 2159 3392 2229 βελτίοσιν
3423 2162 3601 2231 ἔργοις
3644 2174 3990 2209 κατασκευα-

2417 2252 2674 2321 ζομένων.
2706 2253 2765 2304 Εἰ
2819 2254 2894 2314 είς
2925 2252 3061 2322 ἔργα.
3086 2253 3177 2305 τὸν
3213 2253 3339 2305 Υίὸν
3365 2257 3392 2306 6
3435 2251 3620 2320 Πατὴρ
3656 2250 3900 2308 ἔκτισεν,
3933 2249 3991 2298 οὺ

2415 2343 2482 2395 δι’
2513 2343 2694 2405 αὑτὸν,
2723 2345 2856 2396 ἀλλὰ
2887 2345 2974 2396 διὰ
3007 2345 3074 2396 τὰ
3108 2345 3244 2416 ἔργα
3273 2347 3433 2399 αὑτὸν
3465 2346 3698 2395 ἔκτισεν.
3738 2341 3811 2392 Τὸ
3841 2341 3894 2392 δὲ
3927 2340 3990 2392 δι’

2417 2434 2602 2504 ἕτερον
2625 2436 2718 2487 καὶ
2746 2436 2805 2486 οὑ
2842 2436 2904 2487 δι’
2937 2435 3066 2488 αὐτὸ
3091 2437 3200 2506 (50)
3231 2438 3533 2506 γινόμενον,
3571 2433 3604 2503 ἦ
3643 2433 3810 2502 μέρος
3850 2433 3992 2484 ἐκείο

2419 2545 2506 2580 νου
2535 2528 2598 2579 δι’
2633 2527 2660 2578 ὃ
2693 2526 2924 2593 ἐγένετο,
2956 2528 2987 2598 ἢ
3021 2525 3180 2598 ἦττον
3209 2527 3386 2581 αὑτοῦ.
3425 2527 3616 2577 Ἔσται
3641 2521 3734 2577 οὖν
3763 2523 3796 2593 ἦ
3832 2524 3992 2595 μέρπ

2419 2620 2446 2670 6
2481 2619 2666 2690 Σωτὴρ
2695 2620 2793 2688 τῆς
2827 2618 3077 2681 κτίσεως,
3115 2619 3146 2688 ἢ
3178 2619 3352 2687 ἥττων
3376 2616 3473 2684 τῆς
3506 2615 3755 2676 κτίσεως.
3800 2614 3991 2678 Ἀνάγ-

2421 2728 2489 2780 κη
2525 2711 2636 2781 (51)
2665 2707 2757 2763 οὖν
2793 2712 2870 2771 εἰς
2903 2711 2998 2780 τὴν
3026 2708 3418 2778 ἀνθρωττοι-ητα
3445 2705 3610 2760 αὑτοῦ
3640 2708 3800 2758 νοεῖν.
3838 2705 3993 2756 Εἴποι

2419 2804 2461 2855 δ’
2489 2804 2553 2856 ἄν
2574 2822 2655 2866 τις
2687 2805 2779 2858 καὶ
2811 2807 2899 2857 τὸν
2931 2802 3245 2872 Σολομῶντα
3277 2802 3406 2870 περὶ
3427 2801 3526 2868 τῆς
3561 2799 3752 2867 σοφίας
3781 2798 3993 2866 ἐκείνης

2420 2895 2696 2964 εἰρηκέναι
2730 2895 2898 2949 ταῦτα
2940 2895 3073 2964 (52),
3125 2889 3190 2965 ἧς
3223 2893 3316 2944 καὶ
3355 2893 3383 2943 6
3424 2890 3743 2955 Ἀπόστολος
3788 2891 3994 2961 μέμνηο

2419 3001 2505 3037 ται
2532 2985 2736 3038 εἰπών’
2803 2986 3039 3052 Ἐπειδὴ
3090 2986 3198 3054 γὰρ
3235 2985 3304 3037 ἐν
3352 2981 3425 3051 τῇ
3464 2985 3650 3052 σοφίᾳ
3689 2983 3798 3036 τοῦ
3851 2981 3993 3034 Θεοῦ

2419 3075 2529 3126 οὐκ
2551 3073 2702 3141 ἔγνω
2727 3077 2758 3126 d
2782 3075 3009 3141 κόσμος
3034 3073 3128 3126 διὰ
3152 3072 3260 3140 τῆς
3291 3073 3510 3141 σοφίας
3533 3075 3638 3124 τὸν
3666 3072 3836 3124 Θεόν.
3876 3069 3994 3121 Ἀλ-

2421 3165 2526 3229 λως
2562 3183 2619 3219 τε
2656 3168 2749 3218 καὶ
2791 3166 2909 3218 οὐδὲ
2945 3167 3228 3236 προφήτης
3255 3167 3282 3216 6
3306 3164 3492 3227 εἰπὼν,
3529 3164 3661 3217 ἀλλὰ
3690 3165 3994 3234 Παροιμιαο

2427 3261 2575 3330 στής.
2602 3259 2665 3310 Αἱ
2697 3257 2752 3310 δὲ
2783 3257 3069 3328 παροιμίαι
3112 3256 3318 3319 εἰκόνες
3350 3256 3575 3327 ἐτέρων,
3614 3256 3714 3308 οὐκ
3759 3255 3896 3309 αὐτὰ
3929 3258 3996 3308 τὰ

2425 3352 2710 3422 λεγόμενα.
2740 3353 2801 3404 Εἰ
2825 3354 2852 3404 6
2876 3351 3005 3414 Θεὸς
3027 3350 3150 3413 Υἱὸς
3175 3345 3244 3420 ἦν
3275 3351 3302 3401 6
3329 3349 3522 3417 λέγων,
3551 3350 3765 3417 Κύριος
3795 3348 3994 3404 ἐκτισέ

2421 3461 2516 3512 με,
2550 3445 2745 3514 μᾶλλον
2775 3445 2841 3497 ἂν
2886 3439 3056 3508 εἶπεν,
3090 3443 3118 3494 6
3150 3444 3337 3512 Πατὴρ
3390 3442 3569 3494 ἔκτισε
3610 3459 3699 3512 με.
3744 3439 3993 3510 Οὑδαμοῦ

2427 3536 2531 3606 γὰρ
2562 3535 2721 3588 αὑτὸν
2747 3535 2948 3603 Κύριον
3007 3533 3232 3598 ἑαυτοῦ,
3279 3535 3364 3586 ἀεὶ
3417 3533 3471 3584 δὲ
3527 3533 3746 3603 Πατέρα
3795 3532 3993 3586 ἐκάλει.

2424 3627 2668 3696 Λητττὲον
2700 3621 2792 3677 οὖν
2816 3625 2875 3676 τὸ
2911 3626 3029 3693 μὲν,
3056 3624 3404 3691 ἐγέννησεν,
3438 3626 3527 3675 ἐπὶ
3557 3623 3648 3674 τοῦ
3675 3622 3813 3674 Θεοῦ
3849 3623 3995 3685 Υἱοῦ,

2423 3717 2484 3768 τὸ
2515 3717 2590 3778 δὲ,
2621 3717 2879 3775 ἔκτισεν,
2917 3717 3007 3765 ἐπὶ
3048 3713 3141 3765 τοῦ
3176 3713 3272 3783 τὴν
3310 3715 3522 3784 μορφὴν
3561 3713 3658 3764 τοῦ
3688 3713 3876 3766 δούλου
3908 3714 3997 3765 λα-

2426 3807 2628 3870 ϐόντος.
2649 3808 2733 3858 Ἐν
2765 3808 2895 3858 πᾶσι
2921 3807 2975 3860 δὲ
3000 3805 3206 3867 τούτοις
3231 3805 3291 3856 οὐ
3315 3803 3405 3855 δύο
3429 3803 3676 3873 λέγομεν,
3707 3803 3844 3856 Θεὸν
3873 3804 3995 3872 ἰδίᾳ,

2426 3899 2518 3950 καὶ
2551 3897 2832 3969 ἄνθρωπον
2865 3896 2970 3966 ἰδίᾳ
3003 3889 3102 3965 (εἷς
3133 3893 3241 3964 γὰρ
3273 3889 3384 3964 ἦν),
3417 3893 3550 3946 ἀλλὰ
3593 3894 3715 3946 κατ’
3759 3895 3998 3948 ἐπίνοιαν

2425 3990 2521 4060 τὴν
2567 3990 2794 4043 ἑκάστου
2845 3987 3004 4055 φύσιν
3040 3986 3398 4056 λογιζόμενοι.
3453 3985 3586 4038 Οὐδὲ
3636 3987 3748 4057 γὰρ
3797 3988 3996 4056 Πέτρος

2425 4082 2516 4135 δύο
2559 4083 2775 4152 ἐνόησεν
2803 4079 3006 4134 εἰπών’
3051 4074 3304 4148 Χριστοῦ
3347 4075 3459 4133 οὖν
3501 4081 3804 4145 παθόντος
3851 4080 3997 4148 ὑπὲρ

2427 4174 2594 4244 ἡμῶν
2617 4175 2815 4243 σαρκί.
2867 4174 2930 4226 Et
2977 4173 3242 4242 γέννημα,
3290 4170 3477 4239 φασιν,
3504 4170 3534 4222 6
3559 4170 3684 4234 Υἱός
3734 4173 3876 4235 ἐστι,
3910 4172 3998 4224 καὶ

2426 4268 2486 4319 οὺ
2519 4267 2749 4338 ποίημα,
2785 4265 2899 4329 πῶς
2922 4267 2954 4335 ὴ
2981 4265 3169 4336 Γραφὴ
3210 4264 3387 4332 λέγει·
3431 4262 3748 4331 Ἀσφαλῶς
3778 4261 3894 4318 οὖν
3912 4283 3995 4333 τι·

2428 4358 2704 4411 νωσκέτω
2736 4355 2852 4422 πᾶς
2891 4353 3051 4422 οἶκος
3083 4355 3319 4423 Ἰσραὴλ
3344 4395 3357 4416 ,
3386 4355 3475 4408 ὅτι
3520 4353 3617 4407 καί
3650 4357 3872 4423 Κύριον
3898 4358 3996 4408 ai:-

2427 4448 2534 4501 τὸν
2592 4448 2691 4501 καὶ
2729 4447 2987 4515 Χριστὸν
3035 4449 3068 4500 ό
3113 4446 3257 4510 Θεὸς
3299 4447 3588 4512 esscin“;
3643 4447 3864 4514 Ῥητέον
3907 4441 3994 4498 οὖν

768 4532 950 4601 itaque
975 4532 1137 4586 etiam
1181 4532 1268 4587 hic
1297 4532 1601 4598 dicendum,
1643 4534 1694 4587 id
1728 4534 1795 4587 de
1821 4547 1886 4586 eo
1932 4532 2020 4600 qui
2053 4548 2119 4587 cx
2159 4532 2323 4588 Maria
2356 4547 2399 4601 ι)
2428 4539 2514 4592 καὶ

2428 4537 2779 4593 καὶίένταῦθα
2801 4538 2928 4608 περὶ
2951 4537 3040 4591 τοῦ
3068 4539 3129 4590 ἐκ
3153 4537 3372 4607 Μαρίας
3403 4537 3463 4588 τὸ
3493 4536 3635 4589 κατὰ
3669 4535 3785 4606 (55)
3821 4539 3994 4607 σάρκα

768 4632 852 4677 est
887 4623 1179 4678 secundum
1213 4635 1429 4677 carnem
1463 4622 1662 4678 dictum
1709 4621 1912 4678 fuisse:
1946 4623 2088 4678 sicut
2128 4633 2184 4678 et
2227 4640 2324 4679 an-

838 4803 885 4835 ”
925 4802 1081 4858 Rom.
1108 4817 1222 4870 vm,
1242 4803 1331 4870 29.
1433 4805 1480 4836 ”
1504 4804 1662 4859 Prov.
1694 4821 1810 4862 vut.
1838 4806 1927 4859 2‘2.

2028 4807 2072 4836 ’⁸
2101 4801 2254 4859 Juno.
2305 4824 2410 4871 xlv.
2448 4810 2499 4864 6.

2429 4630 2708 4702 εἰρῆσθαι·
2742 4631 2816 4695 ὡς
2850 4630 2980 4700 γοῦν
3013 4631 3105 4683 καὶ
3138 4632 3165 4683 6
3197 4629 3426 4699 ἄγγελος
3455 4631 3483 4681 6
3513 4627 3994 4698 εὐαγγελιζόμενος

2605 4808 2650 4840 ’⁸
2691 4807 2826 4862 ibid.
2914 4807 2956 4838 ’τ
3000 4806 3158 4860 Prov.
3209 4820 3327 4871 vut,
3372 4803 3462 4859 22.
3537 4801 3584 4834 ’⁸
3626 4801 3762 4858 Gen.
3823 4817 3899 4870 tv,
3942 4805 3988 4857 l.

769 4873 814 4906 ”
851 4873 985 4929 Gen.
1033 4888 1083 4927 v.
1134 4866 1219 4928 L'
1263 4866 1308 4908 “
1342 4873 1485 4930 Psal.
1532 4891 1581 4932 ι.
1634 4876 1720 4930 η.
1797 4876 1838 4908 ³⁸
1879 4875 2049 4930 lCor.
2074 4894 2114 4943 ι,
2145 4877 2232 4930 il.
2309 4879 2354 4910 "
2392 4866 2513 4936 lPe

2441 4880 2589 4936 Petr.
2618 4895 2692 4943 tv,
2723 4879 2774 4936 l.
2816 4877 2861 4910 ⁸³
2899 4879 3020 4931 Act.
3050 4892 3110 4938 It,
3134 4875 3224 4930 36.

840 4965 950 5036 (48)
981 4963 1160 5036 Codex
1179 4965 1329 5022 Colb.
1355 4968 1429 5031 ὡς
1457 4971 1485 5021 6
1519 4969 1858 5030 Ἀπόστολος.

2429 4991 2546 5031 nes.
2592 4990 2698 5029 non
2756 4973 2856 5043 legi
2893 4972 2944 5025 id
2996 4970 3186 5043 Bthiis
3238 4966 3492 5043 ἐποίησεν
3526 4965 3675 5029 υἱοὺς
3704 4965 3991 5043 καὶβυγας

844 5034 952 5103 (49)
983 5035 1113 5118 Reg.
1133 5038 1322 5116 tertius
1351 5040 1688 5118 ἐκτησᾴμην,
1717 5043 1942 5118 possedi.
1970 5042 2072 5095 Sed
2092 5041 2330 5118 dubitari
2424 5047 2514 5118 τέρ

2424 5047 2619 5118 τέρας,
2639 5045 2762 5113 fecit
2809 5034 2952 5118 ﬁlios
2975 5041 3215 5118 etjilias,
3253 5034 3683 5118 δειμςέγέννησεν
3721 5035 3988 5118 21065151!

771 5121 878 5159 non
926 5117 1121 5170 p0test,
1157 5107 1286 5173 quin
1319 5122 1382 5160 ex
1433 5107 1830 5178 Bibliis‘inepte
1867 5113 1939 5165 ita
1982 5113 2327 5166 emendatum

769 5177 858 5238 sit,
903 5189 1023 5226 cum
1069 5189 1168 5226 vox
1198 5179 1400 5242 possedi
1456 5180 1522 5231 ad
1552 5180 1694 5233 hunc
1729 5177 1902 5234 locum
1934 5184 2327 5236 accommodari

774 5245 920 5319 nullo
952 5243 1106 5294 modo
1123 5245 1310 5319 possit.
1345 5247 1521 5319 Codex
1549 5246 1698 5301 Colb.
1727 5260 1781 5302 et
1812 5253 1899 5302 alii
1939 5263 2170 5319 quatuor
2195 5268 2326 5306 mss.

2427 5104 2750 5186 θυγατέρας,
2800 5104 2970 5182 genus;
3015 5104 3153 5180 ﬁlios
3210 5121 3256 5163 et
3310 5108 3468 5177 ﬁlias.
3525 5104 3667 5177 Lege
3719 5104 3990 5160 Praefatio.

2427 5201 2607 5324 uigil)
2661 5253 2839 5309 Codex
2879 5251 3050 5324 iColb.
3112 5250 3192 5324 oo_
3217 5248 3282 5302 δι’
3330 5244 3539 5324 ἑαυτό..
3574 5245 3706 5315 Reg.
3767 5254 3986 5324 quartus

773 5313 923 5394 Regii
971 5320 1025 5365 et
1069 5315 1193 5394 editi
1250 5314 1571 5394 ἑκτισᾲμην,
1630 5321 1832 5383 creavi;
1869 5332 1922 5372 et
1958 5313 2039 5394 ita
2091 5321 2190 5394 hic
2223 5321 2327 5392 legi
2422 5313 2512 5379 06‘

2422 5313 2827 5379 οὑ“δι“’ὲαυτοῦ.
2877 5323 3016 5376 Editi
3060 5330 3115 5374 et
3160 5319 3290 5385 Reg.
3342 5318 3610 5371 secundus
3651 5313 3708 5368 ut
3766 5315 3817 5369 in
3867 5328 3958 5366 σου

771 5392 1039 5458 oportere,
1077 5391 1245 5458 series
1291 5391 1550 5458 orationis
1575 5457 1580 5458 ί
1605 5403 1790 5457 aperte
1826 5393 2064 5444 ostendit
2103 5409 2116 5443 :
2151 5391 2322 5458 siqui-
2428 5407 2596 5452 textu.

771 5454 892 5506 dem
931 5453 1149 5529 verbum
1178 5453 1476 5527 ἐκτισάμην
1525 5457 1587 5511 ad
1618 5453 1804 5512 vocem
1848 5461 2174 5529 superiorem
2205 5453 2318 5512 κτί-

772 5536 885 5604 αμα
911 5520 1244 5606 referendum
1269 5520 1388 5606 esse
1419 5520 1571 5606 nemo
1587 5529 1879 5606 non_videt_.
1909 5520 2077 5606 Aliter
2105 5531 2319 5606 quidem
2421 5520 2514 5606 κηξ

775 5591 826 5645 id
879 5591 994 5665 aliis
1021 5595 1414 5665 exemplaribus
1442 5601 1672 5665 scriptus
1702 5600 1971 5652 invenitur
2020 5591 2317 5663 hic-locus,

2492 5467 2599 5536 (51)
2632 5465 2764 5535 Reg.
2795 5473 3021 5535 quartus
3063 5470 3118 5515 et
3147 5458 3299 5514 Coll).
3333 5457 3367 5527 ἢ
3395 5451 3558 5527 ἦττον
3582 5455 3769 5524 αὐτῆς.
3799 5452 3983 5516 Ἀνάγ-

2471 5589 2608 5680 χεῖ)
2637 5604 2882 5680 Antiqui.
2901 5604 3003 5657 duo
3032 5601 3156 5656 libri
3191 5595 3473 5669 ειρηκιναι
3495 5595 3687 5650 ταῦτα.
3724 5592 3838 5648 Vox
3864 5589 3982 5644 ταῦ-

865 5663 1040 5741 videre
1066 5667 1240 5746 e_st_iu_
1265 5664 1515 5736 Hexaplis
1589 5669 1678 5723 sed
1707 5670 1855 5746 in‘eo
1889 5670 2230 5746 consentiunt
2268 5671 2322 5746 hi
2426 5663 3061 5746 ei‘in'vulgatisdeerat.

772 5731 929 5809 libri,
961 5734 1107 5809 quod
1160 5735 1352 5790 habent
1393 5731 1578 5809 omnes
1633 5755 1739 5792 non
1772 5739 2090 5809 ἐκτισὰμην,
2131 5739 2320 5803 creati,

773 5803 867 5877 sed
913 5801 1247 5873 ἐκτησάμην,
1282 5809 1506 5872 possedi.
1536 5808 1834 5862 Notandum
1869 5801 2144 5877 praeterea,
2175 5809 2227 5862 in
2259 5801 2324 5863 eo

774 5867 892 5926 loco
953 5867 1042 5940 qui
1101 5867 1291 5929 statim
1339 5878 1606 5946 profertur
1651 5896 1682 5934 e
1735 5867 1920 5947 quiuio
1977 5867 2153 5951 capite
2204 5877 2310 5934 Ge.

2503 5747 2612 5817 (55)
2640 5737 2782 5817 ΕιῙίιί
2810 5743 3018 5817 Μαρίας
3044 5743 3132 5797 τὸν
3150 5756 3314 5795 κατα.
3335 5741 3405 5796 At
3420 5737 3590 5794 nostri
3607 5745 3812 5807 septem
3837 5745 3978 5788 mss.

2430 5813 2647 5881 Μαρίας
2675 5816 2736 5870 τὸ
2771 5813 2930 5869 κατά.
