4208 6476
237 461 341 514 709

1325 463 1686 522 ADVERSUS
1724 464 2089 521 EUNOMlUM
2131 466 2257 522 LIB.
2303 468 2364 522 ν.

3363 476 3464 527 710

233 574 312 643 τῇ
336 577 759 645 παλιγγενεσία
782 576 1117 641 καθήσεσθε
1143 578 1239 632 ἐπὶ
1273 577 1500 633 δώδεκα
1528 587 1796 650 θρόνους,
1829 588 1875 644 Α

1829 588 1875 644 Α
1902 582 2178 638 duodecim
2207 585 2374 648 sedes,
2390 583 2691 652 judicantes
2716 589 2986 642 duodecim
3017 588 3184 642 tribus
3206 583 3377 643 Israel
3395 591 3459 644 ⁸³.

233 668 544 735 κρίνοντες
581 672 686 734 τὰς
724 668 948 722 δώδεκα
995 671 1193 738 φυλὰς
1227 671 1331 724 τοῦ
1393 672 1648 738 Ἰσραήλ.
1703 675 1804 728 Δέ-

232 759 388 815 λυται
434 759 526 815 οὖν
579 763 760 822 αὐτοῖς
792 763 902 823 τοῖς
943 762 1261 832 ἐγγράφοις,
1297 761 1389 813 τοῦ
1423 761 1520 831 μὲν
1551 764 1802 835 Σωτῆρος

231 853 508 915 εἰπόντος·
554 853 660 904 Καὶ
707 851 836 903 τότε
873 851 1161 906 ἀποδώσω
1212 853 1444 915 ἑκάστῳ
1490 856 1637 907 κατὰ
1686 856 1801 924 τὴν

230 943 452 1011 πρᾶξιν
488 942 692 995 αὐτοῦ.
739 945 846 998 Καὶ
890 945 1141 1016 ἀλλαχοῦ·
1197 946 1695 1012 Ἐκπορεύσονται
1743 953 1798 1002 οἱ

229 1036 302 1086 τὰ
331 1032 520 1100 ἀγαθὰ
560 1033 921 1101 ποιήσαντες
950 1040 1035 1100 εἰς
1072 1035 1411 1089 ἀνάστασιν
1455 1034 1622 1102 ζωῆς,
1654 1040 1706 1089 οἱ
1729 1038 1797 1091 δὲ

229 1141 303 1175 τα
353 1123 552 1189 φαῦλα
595 1125 959 1195 πράξαντες,
1003 1129 1088 1190 εὶς
1141 1127 1479 1182 ἀνάστασιν
1520 1129 1791 1194 κρίσεως.

240 1215 300 1266 '0
331 1215 386 1266 δὲ
429 1216 776 1280 ’Λπόστολος-
807 1218 951 1280 Τοὺς
975 1216 1082 1284 γὰρ
1104 1218 1332 1285 πάντας
1357 1217 1514 1288 ἡμᾶς
1544 1235 1796 1288 φανερωο

224 1302 402 1372 θῆναι
445 1307 535 1360 δεῖ
569 1310 906 1376 ἔμπροσθεν
950 1307 1055 1360 τοῦ
1094 1310 1367 1379 βήματος
1395 1310 1500 1363 τοῦ
1537 1308 1792 1376 Χριστοῦ

224 1397 325 1449 ἵνα
359 1401 672 1466 κομίσηται
699 1397 954 1464 ἕκαστος
981 1400 1051 1453 τὰ
1077 1400 1173 1454 διὰ
1200 1402 1304 1454 τοῦ
1338 1400 1609 1470 σώματος
1644 1399 1793 1466 πρὸς

222 1487 260 1540 ἀ
290 1489 565 1557 ἔπραξεν,
601 1487 718 1541 εἴτε
761 1488 984 1558 ἀγαθὸν
1025 1494 1144 1546 εἴτε
1181 1495 1388 1546 κακόν.
1426 1493 1544 1544 Τῶν
1578 1489 1790 1561 λαμϐα-

221 1581 418 1632 νόντων
447 1579 554 1648 (159)
588 1575 678 1632 οὖν
711 1581 857 1632 ἐστιν
887 1581 1066 1647 ἀξίους
1094 1585 1318 1646 ἑαυτοὺς
1353 1584 1573 1653 ποιῆσαι
1596 1582 1696 1652 τῆς
1726 1581 1790 1632 ὲκ

1903 672 1980 726 Ex
2008 674 2138 743 ipsis
2167 691 2297 744 ergo
2337 675 2633 743 Scripturis
2677 678 2914 733 adhibita
2960 680 3156 736 solutio
3184 689 3306 745 est,
3339 695 3463 733 cum

1901 765 2150 821 Salvator
2174 769 2410 823 dixerit:
2446 766 2509 819 Et
2546 775 2670 819 tunc
2700 769 2911 821 reddam
2943 774 3221 844 unicuique
3268 787 3457 824 secun-

1897 859 2020 910 dum
2051 857 2189 926 facta
2231 858 2342 926 ejus
2365 858 2428 912 ⁸³.
2461 858 2528 912 Ει
2568 857 2694 912 alibi
2724 873 2738 911 :
2773 857 2931 912 Ibunt
2954 864 3040 928 qui
3081 863 3212 918 bona
3240 862 3458 933 fecerint

1896 951 1950 1003 in
1996 949 2423 1003 resurrectionem
2462 951 2612 1012 vitae;
2653 949 2744 1018 qui
2791 965 2906 1002 uero
2953 951 3094 1004 mala
3142 956 3358 1021 egerint.
3402 954 3458 1006 in

1895 1039 2323 1094 resurrectionem
2364 1042 2560 1109 judicii
2592 1041 2656 1095 “.
2687 1041 2981 1110 Apostolus
3019 1056 3147 1096 vero
3195 1062 3209 1097 :
3261 1044 3452 1100 Omnes

1893 1134 2028 1184 enim
2062 1146 2153 1183 nos
2183 1130 2512 1198 manifestari
2545 1139 2746 1201 oportet
2781 1146 2958 1183 coram
3009 1131 3261 1185 tribunali
3293 1131 3452 1189 Chri-

1889 1223 1976 1287 sti,
2025 1233 2077 1274 ut
2121 1229 2339 1287 reportet
2388 1223 2737 1291 unusquisque
2778 1238 2839 1275 ea
2881 1236 2999 1291 quia
3033 1221 3165 1288 ﬁunt
3203 1239 3295 1288 per
3336 1241 3455 1280 cor-

1889 1328 2000 1378 pus.
2026 1320 2180 1381 prout
2215 1311 2393 1381 gessit,
2423 1312 2526 1364 sive
2555 1313 2764 1378 bonum,
2806 1314 2910 1367 sive
2931 1311 3124 1366 malum
3156 1314 3222 1367 ⁸³.
3254 1315 3450 1370 Eorum

1890 1401 2053 1467 igitur
2106 1403 2196 1472 qui
2233 1412 2546 1470 reportant,
2585 1414 2700 1469 est,
2734 1407 2914 1460 facere
2943 1420 3002 1459 se
3035 1405 3256 1475 dignos,
3297 1407 3387 1476 qui
3419 1421 3450 1459 a

1888 1488 2095 1546 dextris
2122 1490 2205 1545 vel
2239 1491 2475 1544 sinistris
2502 1493 2708 1546 Domini
2742 1494 3004 1548 sedeant:
3041 1509 3145 1548 non
3173 1494 3323 1563 ejus,
3357 1496 3449 1566 qui

1889 1579 2016 1632 dare
2042 1589 2240 1648 potest,
2278 1580 2493 1634 etiamsi
2535 1579 2730 1647 injusta
2760 1583 2944 1650 petitio
2985 1583 3075 1638 sit.

218 1669 405 1732 δεξιῶν
444 1669 533 1719 καὶ
566 1669 857 1738 εὐωνύμων
896 1671 1158 1741 καΟέδρας
1199 1673 1288 1724 τοῦ
1321 1675 1548 1744 Κυρίου,
1579 1674 1640 1727 ού
1678 1671 1772 1724 τοῦ
1797 1668 2093 1724 δυναμένου
2135 1671 2354 1735 διδόναι,
2385 1671 2487 1725 κᾶν
2510 1671 2690 1733 ἄδικος
2721 1671 2832 1742 (70)
2868 1675 2900 1743 ἠ
2939 1670 3225 1748 αἴτησις

214 1763 317 1826 Εἰς
345 1758 430 1824 τὸ,
466 1779 485 1812 ι
527 1762 634 1842 TA‘lc.
663 1761 824 1842 981)?-
847 1761 1192 1842 rrapéﬁurmj
1229 1766 1496 1842 _Kupt'ov,'
1547 1766 1647 1820 καὶ
1697 1767 1787 1830 τίς
1817 1771 1860 1825 Β

1783 1785 1787 1797 ~
1817 1771 1860 1825 Β
1889 1759 1953 1813 In
2004 1762 2158 1830 illud,
2187 1783 2232 1842 Li
2280 1764 2412 1829 Quis
2456 1765 2597 1842 Deus
2643 1774 2834 1832 prwter
2873 1765 3192 1842 Dominum?
3231 1780 3282 1825 et
3327 1772 3445 1842 quis

536 1831 678 1896 Θεὸς
715 1831 881 1899 πλὴν
908 1833 1010 1884 τοῦ
1040 1833 1186 1885 Θεοῦ
1210 1832 1410 1900 ἠμώνς
1447 1855 1465 1886 ι

291 1923 407 1974 Ὅτι
440 1922 536 1992 μὲν
586 1923 645 1974 ού
691 1923 824 1994 πρὸς
879 1921 968 1975 τὸν
1018 1923 1132 1976 Γίὸν
1175 1924 1344 1977 ταῦτα
1390 1927 1482 1977 καὶ
1522 1926 1588 1980 τὰ
1626 1929 1784 1998 ὅμοια

215 2012 423 2076 τούτοις
453 2017 584 2083 (71),
617 2015 752 2068 ἀλλὰ
792 2015 925 2085 πρὸς
960 2016 1083 2079 τοὺς
1111 2016 1431 2085 λεγομένους
1468 2017 1638 2083 Θεοὺς,
1685 2023 1783 2074 οὐκ

213 2103 373 2166 ὄντας
400 2105 475 2168 δὲ,
505 2109 786 2178 εἰρήκασιν
820 2108 874 2157 αἱ
905 2106 1134 2176 Γραφαὶ,
1168 2109 1366 2171 ἱκανῶς
1388 2109 1777 2174 ἀποδέδεικται,

215 2196 308 2264 ἀφ’
335 2190 408 2250 ὧν
441 2201 534 2252 καὶ
569 2198 701 2251 Θεὸν
735 2198 827 2250 καὶ
857 2197 1056 2270 Κύριον
1091 2199 1350 2260 πολλάκις
1389 2201 1444 2250 ὲν
1479 2201 1544 2268 τῇ
1574 2199 1783 2271 Παλαιᾷ

211 2289 450 2361 suam
495 2291 588 2342 καὶ
627 2292 694 2358 τῇ
735 2290 904 2360 Καινῇ
944 2291 1034 2343 τὸν
1069 2290 1195 2341 Υἰὺν
1237 2289 1596 2359 ἀπεδείξαμεν
1633 2291 1782 2361 εἰρῆ-

214 2381 359 2438 σθαι.
404 2384 460 2434 ὐ
490 2381 650 2433 Δαὸὶδ
675 2381 730 2433 δὲ
756 2383 1081 2453 σαφέστερον
1111 2382 1241 2435 αὐτὸ
1275 2386 1434 2446 ποιεῖ,
1464 2383 1657 2451 λέγων’
1686 2383 1780 2450 Τίς

210 2471 411 2540 ὅμοιός
443 2486 579 2533 σοι;
624 2473 715 2524 καὶ
747 2474 1023 2542 ἐπήγαγεν
1043 2491 1056 2503 ο
1096 2475 1196 2526 Ἐν
1222 2473 1397 2540 θεοῖς,
1431 2475 1603 2542 Κύριε
1625 2491 1638 2504 °
1687 2473 1780 2527 καὶ

207 2563 237 2613 ὀ
262 2562 493 2631 Μωῦσῆς
512 2579 524 2590 ·
557 2564 768 2630 Κύριος
791 2566 976 2632 μόνος
1005 2561 1148 2632 ἦγεν
1168 2566 1406 2630 αὐτοὺς,
1439 2566 1532 2618 καὶ
1562 2567 1671 2619 οὐκ
1702 2561 1780 2633 ἦν

2173 1834 2314 1886 Deus
2344 1848 2532 1901 prwter
2555 1834 2721 1888 Deum
2749 1849 2982 1889 nostrum
3019 1837 3102 1890 “‘1
3145 1858 3164 1891 s

1956 1922 2108 1990 Quod
2153 1939 2256 1979 non
2302 1926 2367 1978 de
2408 1925 2542 1981 Filio
2586 1928 2701 1982 haec
2727 1937 2783 1982 et
2829 1927 2912 1982 bis
2965 1929 3159 1984 similia
3211 1933 3446 1988 dixerint

1885 2013 2182 2083 Scriptura:
2209 2054 2222 2078 ,
2257 2015 2349 2069 sed
2396 2015 2460 2069 de
2506 2017 2572 2070 iis
2604 2018 2693 2087 qui
2728 2008 2806 2073 dii
2847 2017 3115 2086 dicuntur,
3167 2035 3287 2074 cum
3335 2039 3442 2079 non

1883 2109 2010 2170 sint,
2044 2104 2252 2159 abunde
2286 2118 2352 2156 ex
2383 2105 2448 2158 iis
2477 2103 2607 2159 locis
2633 2108 3054 2162 demonstratum
3091 2117 3192 2171 est,
3231 2123 3297 2163 ex
3324 2114 3442 2180 qui-

1883 2199 1980 2251 bus
2008 2195 2201 2250 Filium
2237 2205 2290 2250 et
2319 2193 2489 2248 Deum
2519 2203 2570 2247 et
2604 2193 2884 2250 Dominum
2919 2210 3059 2264 saepe
3088 2197 3140 2251 in
3168 2198 3348 2254 Veteri
3378 2216 3442 2254 ac

1882 2287 2027 2343 Novo
2069 2288 2417 2343 Testamento
2467 2285 2667 2341 dictum
2710 2285 2875 2343 fuisse
2933 2287 3437 2347 demonstravimus.

1883 2379 2077 2433 Verum
2107 2380 2270 2435 David
2301 2381 2530 2449 idipsum
2562 2378 2760 2433 clarius
2781 2380 2926 2448 facit,
2956 2396 3079 2436 cum
3106 2381 3236 2436 dicit
3261 2399 3276 2436 :
3307 2381 3438 2447 Quit

1884 2471 2074 2524 similis
2125 2474 2218 2525 tibi
2276 2474 2363 2525 ii?
2391 2483 2447 2526 et
2485 2472 2769 2540 adiunxit:
2803 2473 2868 2529 In
2900 2477 3024 2540 diis,
3079 2475 3337 2541 Domine;
3385 2486 3439 2532 et

1880 2559 2124 2629 Moyses:
2155 2560 2410 2614 Dominus
2448 2562 2589 2616 solus
2627 2564 2773 2616 duxit
2795 2564 2950 2632 ipsos,
2979 2577 3148 2619 etnon
3176 2577 3287 2620 erat
3318 2572 3438 2621 cunt

205 2657 332 2723 μετ’
355 2653 552 2707 αὐτῶν
591 2654 732 2720 Θεὸς
757 2655 1071 2722 ἀλλότριος
1090 2671 1103 2683 ·
1136 2654 1371 2721 καίτοιγε
1401 2655 1492 2707 τοῦ
1530 2657 1777 2726 Σωτῆρος

1774 2674 1777 2684 ι
1877 2649 2002 2717 ipsis
2064 2649 2201 2704 Deus
2239 2650 2442 2705 alienus
2486 2651 2567 2718 ⁶⁸;
2612 2667 2914 2722 quanquam
2973 2664 3091 2709 erat
3133 2665 3254 2710 enm
3304 2658 3436 2726 ipsis

207 2745 358 2808 ὄντος
384 2746 498 2816 μετ’
528 2745 723 2808 αὐτῶν,
772 2744 846 2806 ὥς
876 2763 1038 2817 φησιν
1079 2748 1107 2798 ὀ
1155 2745 1498 2807 Ἀπὸστο).ος⁶
1532 2748 1776 2800 Ἔπινον

1771 2766 1776 2779 ι
1877 2742 2142 2809 Salvator,
2179 2752 2236 2798 ut
2262 2744 2335 2798 ait
2365 2744 2695 2813 Apostolus:
2733 2742 2985 2798 Bibebant
3015 2748 3151 2798 enim
3179 2748 3243 2799 de
3274 2749 3433 2815 spiri-

207 2838 318 2904 7'c‘tp
351 2839 416 2890 ἐκ
455 2836 857 2906 πνευματικῆς
889 2838 999 2907 (72)
1032 2838 1488 2904 ἀκολουθούσης
1520 2837 1768 2905 πέτρας·

1874 2837 2007 2889 tuali
2051 2853 2167 2906 quae
2196 2836 2316 2890 illos
2342 2834 2696 2891 comitabatur
2718 2847 2901 2906 petra;
2929 2847 3072 2904 petra
3111 2849 3284 2891 autem
3319 2838 3434 2892 erat

207 2927 247 2991 ἡ
286 2926 352 2976 δὲ
378 2927 559 2996 πέτρα
595 2925 673 2996 ἦν
708 2932 739 2980 ό
785 2931 1034 2995 Χριστός
1056 2945 1067 2957 ·
1101 2930 1129 2979 ὁ
1159 2929 1216 2980 δὲ
1271 2929 1567 2998 Ἰερεμίας⁶
1620 2929 1770 2994 Θεοὶ,

1769 2976 1770 2982 η
1874 2925 2112 2981 Christus
2152 2928 2228 2996 ";
2278 2927 2542 2984 Jeremias
2585 2930 2805 2984 itidem:
2855 2931 3094 2998 Dii,qui
3149 2933 3333 2986 caelum
3381 2937 3431 2984 ct

205 3016 265 3068 οῖ
293 3017 394 3068 τὸν
429 3019 685 3084 οὐρανὸν
723 3019 818 3071 καὶ
846 3020 956 3086 τὴν
1000 3018 1115 3088 γῆν
1157 3021 1266 3072 οὐκ
1310 3019 1628 3087 ἐποίησαν,
1661 3022 1771 3073 ἁπ-

1874 3028 2064 3071 terrant
2098 3037 2200 3073 non
2228 3021 2486 3090 fecerunt,
2526 3032 2736 3089 pereant
2763 3023 2827 3075 de
2864 3024 3042 3074 subter
3074 3021 3198 3074 caelo
3227 3021 3296 3076 "°.
3323 3020 3433 3077 Nec

205 3107 568 3161 ωλέσθωσαν
598 3110 872 3163 ὑποκάτω
894 3111 998 3165 τοῦ
1026 3111 1302 3179 οὐρανοῦ.
1327 3112 1458 3164 Οὐδὲ
1493 3114 1548 3164 ἐν
1571 3106 1776 3176 τούτοις
1802 3137 1843 3194 C

1767 3130 1843 3194 :C
1877 3109 2018 3163 enim
2056 3111 2198 3164 inter
2224 3113 2321 3165 hos
2352 3111 2518 3166 Filius
2563 3124 2647 3167 est
2680 3129 2694 3166 :
2742 3113 2854 3182 ipse
2891 3113 3150 3182 siquidem
3194 3114 3429 3168 omnium

204 3201 315 3271 γὰρ
341 3204 368 3253 ὁ
395 3202 549 3263 Υἱός·
598 3204 754 3266 αὐτὸς
791 3203 897 3274 γὰρ
945 3207 972 3256 ὁ
1015 3205 1340 3276 δημιουργὸς
1385 3204 1491 3257 τῶν
1534 3203 1769 3258 πάντων.

1880 3208 1963 3254 est
1996 3200 2261 3254 conditor.
2296 3203 2376 3256 Ad
2427 3203 2562 3257 idola
2595 3204 2755 3273 igitur
2802 3212 2963 3272 atque
2995 3207 3062 3256 ad
3097 3204 3329 3274 gerulum
3357 3207 3432 3257 si-

204 3294 351 3364 Πρὸς
374 3296 439 3348 τὰ
465 3296 653 3349 εἴδωλα
684 3292 773 3349 οὖν
801 3298 893 3349 καὶ
918 3297 983 3350 τὰ
1010 3297 1326 3366 σεϐάσματα
1352 3296 1458 3349 τῶν
1489 3296 1657 3350 ἐθνῶν
1682 3298 1772 3350 καὶ

1770 3335 1772 3345 .
1872 3289 2108 3346 mulacra
2149 3302 2396 3361 spectat,
2443 3306 2496 3347 et
2531 3296 2580 3349 id
2625 3295 2765 3364 quod
2811 3310 2934 3348 mox
2979 3296 3179 3350 dictum
3228 3305 3341 3362 est;
3377 3304 3432 3350 et

201 3386 264 3437 τὸ
299 3388 708 3456 προειρημένον,
760 3389 851 3439 καὶ
898 3387 985 3448 τὸ,
1033 3386 1179 3455 Ἐγὼ
1215 3386 1356 3450 Θεὸς
1398 3385 1644 3472 πρῶτος,
1675 3389 1770 3440 καὶ

1769 3427 1770 3434 η
1869 3381 2028 3436 illud:
2058 3387 2171 3452 Ego
2200 3383 2340 3438 Deus
2377 3385 2582 3452 primus
2602 3424 2618 3450 ,
2647 3394 2695 3438 et
2727 3401 2819 3454 ego
2848 3395 2961 3453 post
2993 3385 3100 3439 haec
3121 3425 3136 3450 ,
3166 3394 3216 3438 et
3242 3393 3431 3453 praeter

201 3477 318 3546 ἐγὼ
361 3478 507 3545 μετὰ
547 3479 750 3540 ταῦτα,
793 3477 889 3530 καὶ
924 3476 1090 3544 πλὴν
1111 3476 1256 3545 ἐμοῦ
1283 3479 1392 3530 οὐκ
1425 3477 1554 3529 ἐστι
1593 3479 1768 3543 Θεόςο

201 3569 298 3620 καὶ
325 3569 403 3630 τὸ,
433 3568 800 3636 Ἐμπροσθέν
819 3586 936 3636 μου
976 3568 1047 3621 οὐ
1085 3565 1329 3636 γέγονεν
1368 3565 1558 3629 ἄλλος
1607 3565 1769 3630 Θεὸς,

202 3659 302 3711 καὶ
335 3661 459 3727 μετ’
499 3658 603 3727 ἐμὲ
623 3661 730 3712 οὐκ
763 3659 964 3712 ἔσται·
1004 3659 1096 3710 καὶ
1118 3656 1197 3719 τὸ,
1237 3658 1471 3718 Ἀκουε,
1511 3655 1769 3722 Ἰσραὴλ,

201 3750 412 3816 Κύριος
431 3753 462 3803 ὁ
490 3750 629 3814 Θεός
656 3763 790 3812 σου,
817 3750 1029 3817 Κύριος
1060 3743 1147 3812 εἷς
1170 3748 1319 3799 ἐστι·
1355 3745 1447 3797 καὶ
1480 3745 1578 3796 ὅσα
1600 3745 1750 3798 τοιαῦ

199 3856 290 3903 τα,
327 3845 462 3892 νοεῖν
499 3843 579 3894 δεῖ
620 3841 680 3893 ού
721 3840 854 3909 πρὸς
879 3840 971 3892 τὸν
1006 3838 1151 3890 Υἱόν.

1867 3489 1947 3526 me
1977 3492 2077 3529 non
2105 3485 2181 3530 est
2205 3477 2340 3531 Deus
2367 3479 2446 3543 ⁷¹;
2482 3488 2536 3532 et
2567 3477 2690 3530 illud
2725 3493 2738 3529 :
2769 3477 2901 3528 Ante
2925 3492 3001 3529 me
3033 3493 3134 3529 non
3165 3475 3262 3543 fuit
3289 3478 3428 3530 alius

1872 3564 2028 3632 Deus,
2060 3576 2108 3619 et
2137 3578 2252 3635 post
2279 3587 2358 3622 me
2383 3587 2484 3623 non
2509 3572 2605 3623 erit
2642 3571 2719 3632 7‘;
2746 3579 2800 3622 et
2828 3567 2955 3621 illud
2985 3589 2996 3622 :
3034 3569 3192 3632 Audi,
3231 3565 3425 3635 Israel,

1874 3655 2128 3710 Dominus
2162 3657 2300 3711 Deus
2350 3671 2468 3713 tuus
2497 3705 2510 3728 ,
2557 3661 2814 3715 Dominus
2857 3673 2988 3713 unus
3037 3671 3149 3724 est;
3180 3671 3233 3714 et
3277 3676 3425 3730 quwa

1869 3762 2076 3818 cunque
2128 3748 2389 3818 ejusmodi
2420 3763 2583 3821 sunt,
2636 3769 2739 3807 non
2793 3752 2860 3806 de
2904 3752 3041 3808 Filio
3082 3753 3423 3824 intelligenda

1867 3850 2009 3895 sunt.

276 3958 318 3987 ⁶¹
358 3957 543 4012 Matth.
576 3975 701 4041 δικ,
741 3957 829 4012 28.
907 3958 952 3988 ⁸³
987 3955 1331 4041 diuiduntur,
1373 3954 1463 4008 97.
1529 3951 1586 4041 ,⁸⁸
1623 3952 1777 4041 δρέπει.
1810 3973 1859 4024 ν,
1901 3957 1934 4012 2

1747 3974 1777 4011 I.
1810 3973 1859 4024 ν,
1901 3957 1989 4016 29.
2035 3960 2110 4041 ,ξ’
2151 3963 2358 4041 ΙΙ-ρον.
2392 3981 2443 4030 v,
2473 3968 2576 4041 10.7
2629 3968 2674 4000 “
2705 3971 2846 4030 Psal.
2881 3991 3017 4041 ινιι,
3046 3978 3134 4034 32.
3210 3979 3253 4012 ⁸⁷
3277 3972 3409 4034 Psal.

200 4043 398 4090 Lxxxv,
433 4031 486 4083 8.
552 4029 594 4059 ⁸⁸
625 4029 777 4084 Deut.
812 4044 982 4090 um,
1017 4026 1101 4080 12.
1177 4025 1407 4078 “lCor.
1441 4043 1494 4089 χ,
1518 4025 1572 4077 ὁ.
1649 4025 1694 4058 ⁷⁸
1717 4028 1857 4082 Jeret

1442 4043 1494 4089 χ,
1518 4025 1572 4077 ὁ.
1649 4025 1694 4058 ⁷⁸
1717 4028 1916 4083 Jerent.
1943 4045 1997 4096 ι,
2030 4033 2113 4085 Η.
2190 4034 2232 4064 ⁷¹
2257 4037 2357 4088 lsa.
2387 4025 2529 4102 χιιι,
2557 4040 2610 4093 6.
2686 4043 2731 4072 ⁷³
2763 4025 3020 4113 Dentis-1:

273 4139 385 4221 (b9)
430 4139 593 4193 Velim
650 4141 798 4221 legas
844 4140 1020 4221 pacati
1062 4142 1112 4192 in
1168 4141 1308 4194 hunc
1355 4140 1532 4195 locant
1575 4150 1757 4193 notam
1860 4143 2056 4221 dictum
2076 4146 2238 4221 Litisse
2275 4147 2336 4200 ob
2367 4148 2623 4202 Iacobum
2653 4152 2998 4216 etlonnnem.

199 4212 454 4279 optimam
491 4222 650 4278 atque
687 4212 1050 4263 utilissimam.

274 4277 383 4347 (70)
421 4279 460 4331 E
525 4277 740 4348 regione
797 4282 985 4332 horum
1042 4279 1363 4338 verborum.
1404 4279 1505 4332 κᾶν
1549 4279 1757 4343 ἄδικος,

197 4361 455 4416 scriptum
486 4349 784 4401 inveninuts
806 4349 858 4400 in
894 4348 1022 4415 Heg.
1054 4351 1289 4402 secundo
1319 4350 1443 4401 illud
1467 4351 1758 4412 scholium,

197 4414 353 4473 τοῦτο
401 4414 551 4488 οἶμαι
591 4417 680 4471 διὰ
735 4414 992 4472 Ἰάκωϐον
1023 4419 1116 4470 καὶ
1158 4417 1430 4486 Ἰωάννην,
1482 4428 1605 4486 puto
1663 4419 1758 4470 .‘toc

218 4548 530 4565 Μ

2085 4215 2220 4290 Beg.
2246 4220 2698 4290 se_cundusdp.0ta
2723 4224 2944 4280 τούτων.

2268 4287 2487 4372 "lintde
2518 4283 2582 4342 δὲ’
2609 4294 2762 4347 ὲκ....
2799 4297 2832 4366 ή
2875 4298 3048 4372 πέτρα
3081 4293 3409 4370 δέ..Αηιὶαιιί

1861 4350 1966 4406 duo
1994 4350 2114 4408 libri
2151 4356 2224 4410 ita
2260 4367 2316 4412 ut
2343 4359 2628 4416 edidimus.

1694 4549 2950 4589 ..._____._____________

1133 4549 2459 4793 ΗἘΞΥΝΟΜΙΟΥ

1561 4877 1918 4964 ΛΟΓΟΣ
1954 4881 2021 4964 Ε

833 5058 1018 5112 ΠΕΡΙ
1058 5059 1200 5111 ΤΟΥ
1231 5061 1458 5116 ΑΓΙΟΥ
1486 5061 1929 5116 ΠΝΕῪΜΔΤΟΣ
1968 5064 2102 5137 (75),
2147 5071 2267 5124 ΟΤΙ
2299 5071 2400 5123 ΟΥ
2432 5071 2729 5129 ΚΤΙΣΜΔ.

686 5291 1154 5388 CONTRA
1223 5300 1898 5399 EUNOMIUM
1975 5315 2329 5410 LIBER
2405 5325 2936 5430 QUINTUS

775 5449 940 5521 296
991 5450 1092 5504 DE
1133 5449 1423 5510 SPIRITU
1469 5450 1790 5528 SANCTO,
1834 5464 2031 5532 QUOD
2070 5470 2232 5529 NON
2271 5474 2392 5532 SIT
2428 5477 2834 5536 CREATURA.

256 5624 378 5680 Ὀτι
423 5625 493 5681 τὰ
540 5629 692 5682 κοινὰ
725 5631 824 5701 τῆς
859 5637 1086 5698 κτίσεως
1128 5637 1461 5710 ἀκοινώνητα
1507 5641 1582 5711 τῷ
1617 5644 1756 5716 ἁγίῳ
1779 5653 1834 5712 D

1755 5653 1834 5712 ‘D
1939 5655 2087 5722 Quod
2111 5675 2227 5729 qua:
2254 5665 2557 5716 communia
2605 5672 2729 5718 sunt
2770 5665 3068 5732 creaturis,
3101 5667 3236 5723 nihil
3271 5683 3417 5724 com-

184 5715 479 5788 Πνεύματι,
518 5719 610 5772 καὶ
636 5721 705 5774 τὰ
732 5722 834 5775 ῐδια
863 5725 956 5777 τοῦ
979 5724 1294 5797 Πνεύματος
1326 5729 1660 5802 ἀκοινώνητα
1683 5715 1749 5806 τῇ

1859 5715 2019 5803 mune
2048 5715 2243 5804 ιιοίιεηι
2266 5715 2627 5807 ...r..’..*.;..‘
2643 5715 3418 5830 saginigiatazg(git.

254 5875 369 5949 (73)
409 5880 583 5938 Editlo
630 5877 798 5942 Paris.
841 5882 975 5942 Κατ’
1009 5885 1292 5961 Εὐνομίου,
1341 5891 1494 5962 λόγος
1534 5903 1574 5949 ε’
1622 5898 1748 5970 περὶ
1789 5885 1916 5952 coiit

1789 5885 1883 5952 τού
1911 5898 2066 5967 ἁγίου
2099 5899 2429 5974 Πνεύματος.
2465 5903 2619 5963 Liber
2662 5909 2874 5979 quintus
2897 5909 2960 5966 de
2983 5908 3186 5980 Spiritu
3211 5921 3415 5980 sancta,
