4208 6472
243 419 350 475 ’ῖιὸ

1359 427 1734 488 ADVERSL'S
1774 433 2137 494 EL'NOMIL'M
2176 438 2302 495 LIB.
2348 441 2410 496 V.

3383 460 3484 518 ἸΝ

238 538 456 610 ὀρέγειν
485 540 594 609 (87s)
637 543 696 593 οῦ
724 539 966 599 δύναται,
995 535 1062 611 ἧς
1095 542 1224 596 αὐτὸ
1273 543 1373 597 οὑκ
1400 545 1555 616 ἔτυχε
1584 551 1700 602 κατ’
1732 551 1818 603 οὐ·

1853 560 1900 614 Α
1929 568 2048 607 nem
2088 568 2446 629 assequatur;
2478 559 2712 630 Spiritus
2745 581 2895 632 vero,
2923 569 3067 638 quod
3096 574 3330 628 essentia
3360 591 3485 632 san-

243 629 366 682 σίαν
389 645 402 659 ο
438 629 497 683 τὸ
521 631 576 683 δὲ
609 629 831 699 Πνεῦμα
857 629 1167 704 ἐλευθερίαν
1189 633 1372 704 ὀρέγει
1408 634 1500 687 καὶ
1526 637 1814 690 υἱοθεσίαν·

240 721 304 773 τὸ
326 721 435 794 γὰρ
461 723 681 791 Πνεῦμα
703 721 892 792 κράζει
916 725 972 778 ὲν
998 730 1116 791 ταῖς
1141 726 1390 794 καρδίαις
1423 727 1579 796 ἡμῶν
1613 747 1625 760 ·
1658 727 1820 784 Ἀὸϐᾶ

243 817 277 866 ὁ
306 815 532 882 Πατήρ·
562 813 717 865 ὥστε
746 815 943 870 οὐκέτι
973 815 1032 871 εἴ
1063 817 1283 883 δοῦλος
1313 817 1450 888 (84),
1479 819 1638 872 ἀλλὰ
1667 821 1814 884 υἱός·

242 906 344 959 οὐκ
374 906 480 973 ἄρα
514 903 737 974 κτίσμα.
763 907 927 960 Οὐδὲν
962 906 1170 976 κτίσμα
1206 908 1466 978 μεθεκτόν
1498 909 1612 961 ἐστι
1642 913 1705 980 τῇ
1732 909 1818 962 λο-

243 998 372 1063 γικῇ
404 995 569 1064 ψυχῇ,
615 996 689 1060 ὡς
730 997 1086 1060 ἐνοικίζεσθαι
1116 997 1252 1068 αὐτῇ
1282 1000 1393 1070 (85)
1425 1000 1714 1064 οὑσιωδῶς.
1745 1002 1818 1054 Τὸ

241 1088 300 1138 δὲ
331 1086 550 1158 Πνεῦμα
574 1089 631 1142 τὸ
655 1090 806 1158 ἅγιον
835 1087 1156 1151 ἐνοικίζεται
1190 1092 1246 1142 ὲν
1267 1094 1401 1163 αὐτῇ
1437 1093 1579 1147 κατὰ
1609 1095 1700 1146 τὸν
1728 1093 1814 1146 λέ·

243 1195 440 1245 γοντα’
496 1180 654 1246 Ναός
706 1180 852 1234 Θεοῦ
907 1181 1113 1250 ἐσμεν,
1153 1182 1248 1234 καί
1313 1185 1377 1235 τὸ
1411 1187 1652 1256 Πνεῦμα
1710 1186 1817 1240 τοῦ

245 1271 393 1324 Θεοῦ
425 1274 574 1324 οἰκεῖ
607 1272 679 1324 ἐν
708 1270 869 1339 ἡμῖν.
917 1271 1031 1323 Οὐκ
1059 1271 1165 1340 ἄρα
1196 1272 1421 1343 κτίσμα.
1465 1275 1578 1327 Πᾶν
1604 1275 1818 1344 λογικὸν

243 1362 449 1432 κτίσμα
504 1362 702 1433 ἀρετῆς
752 1363 844 1414 καὶ
896 1362 1095 1427 κακίας
1140 1365 1254 1417 ἐστὶ
1303 1364 1568 1419 δεκτικόν.
1631 1368 1704 1420 Τὸ
1761 1367 1816 1420 δὲ

243 1455 466 1525 Πνεῦμα
519 1454 729 1518 οὐδενός
785 1456 899 1507 ἐστι
952 1456 1154 1510 τούτων
1211 1456 1475 1512 δεκτικόν.
1541 1459 1653 1510 Οὐκ
1709 1461 1816 1520 ἄρα

1927 654 2046 698 ctus
2075 659 2180 714 est,
2211 651 2647 710 sanctiﬁcatione
2679 671 2782 711 non
2813 669 2933 729 eget
2963 679 2977 715 :
3011 679 3115 717 non
3153 663 3312 734 igitur
3334 682 3487 722 crea-

1929 742 2046 788 tura
2077 747 2183 792 est.
2207 741 2397 799 Omnis
2421 754 2669 800 creatura
2689 747 2963 806 Creatoris
2985 768 3137 809 serva
3165 767 3268 823 est,
3298 773 3486 814 secun-

1925 827 2052 881 dum
2099 827 2420 901 Prophetam
2452 839 2545 908 qui
2584 841 2661 895 sic
2713 840 2878 896 Deum
2933 845 3256 916 alloquitur:
3296 850 3487 904 Omnia

1925 922 2157 976 seruiunt
2191 926 2285 978 tibi
2309 929 2355 961 "
2387 947 2400 985 :
2432 931 2576 1001 quod
2604 943 2782 988 autem
2813 950 3024 991 servum
3059 949 3162 1005 est,
3190 940 3240 995 id
3271 943 3487 998 liberta-

1921 1017 2024 1063 tem
2066 1020 2120 1064 et
2161 1015 2506 1085 adoptionem
2553 1040 2715 1094 quam
2772 1026 3060 1094 ipsummet
3101 1032 3332 1086 essentia
3377 1050 3483 1090 non

1918 1101 2139 1170 habuit,
2190 1107 2349 1164 alteri
2403 1127 2660 1180 priestare
2717 1133 2822 1174 non
2869 1130 3073 1188 potest;
3132 1130 3188 1178 at
3251 1124 3486 1196 Spiritus

1915 1193 2220 1251 libertatem
2271 1199 2506 1269 impertit
2549 1218 2602 1260 et
2628 1210 2999 1279 adolutionem:
3033 1212 3228 1268 clamat
3258 1193 3486 1286 namque

1918 1283 1968 1338 in
2005 1288 2205 1342 nostris
2245 1290 2500 1346 cordibus
2550 1293 2819 1364 Spiritus:
2856 1301 3027 1367 Abba,
3079 1301 3278 1371 Pater;
3325 1283 3486 1376 quare

1907 1376 2026 1443 jam
2060 1395 2160 1432 non
2193 1396 2246 1432 es
2277 1397 2480 1450 ser-rus,
2509 1389 2598 1438 sed
2626 1387 2768 1455 ﬁlius
2794 1393 2876 1460 ";
2917 1409 3021 1449 non
3054 1404 3137 1450 est
3174 1411 3303 1466 ergo
3331 1413 3481 1452 crea-

1917 1475 2058 1522 tura.
2081 1468 2234 1523 Nulla
2263 1482 2511 1528 creatura
2537 1475 2606 1528 ita
2636 1484 3100 1542 communicabilis
3130 1497 3212 1542 est
3238 1487 3482 1543 rationali

244 1546 448 1616 κτίσμα
515 1545 575 1598 τὸ
636 1546 876 1616 Πνεῦμα.
923 1549 1031 1602 Καὶ
1073 1550 1174 1602 ὅσα
1227 1548 1353 1617 μίαν
1414 1548 1524 1621 (86)
1587 1550 1680 1602 καὶ
1715 1550 1813 1621 τὴν

1912 1558 2132 1625 animae,
2165 1571 2220 1615 ut
2267 1562 2319 1616 in
2361 1563 2477 1633 ipsa
2524 1569 2886 1624 essentialiter
2923 1575 3228 1634 inhabitet:
3261 1590 3484 1634 sanctus

243 1638 413 1707 αὐτὴν
462 1637 741 1709 ἐνέργειαν
795 1639 1032 1694 δείκνυσι
1075 1642 1174 1711 τῆς
1212 1640 1373 1708 ἁγίας
1406 1643 1497 1696 καὶ
1542 1643 1812 1715 μακαρίας

1911 1662 2036 1703 vero
2065 1650 2301 1721 Spiritus
2345 1656 2397 1710 iII
2441 1672 2503 1711 ea
2555 1659 2848 1730 inhabitat,
2894 1669 3189 1722 secundum
3234 1687 3354 1726 eum
3389 1677 3478 1740 qui

244 1725 490 1823 Τριὰδος.
535 1816 554 1823 Δ
1907 1738 2040 1792 dicit
2073 1760 2087 1795 :
2125 1742 2391 1810 Templum
2430 1750 2525 1804 Dei
2554 1767 2734 1805 sumus
2755 1794 2769 1819 ,
2815 1725 2861 1808 et
2893 1753 3120 1823 Spiritus
3154 1725 3255 1813 Dei
3287 1725 3482 1816 habitat

244 1817 298 1867 in
337 1817 483 1870 nobis
510 1816 596 1871 7‘:
633 1833 735 1872 non
769 1829 1002 1891 estergo
1025 1830 1295 1876 creatura.
1324 1819 1504 1878 Virtus
1565 1839 1626 1880 ac
1683 1826 1872 1882 vitium
1917 1829 1970 1884 in
2010 1847 2223 1889 omnem
2266 1851 2568 1898 creaturam
2618 1816 2941 1902 rationalem
2981 1859 3204 1919 possunt
3234 1851 3428 1908 cadere
3462 1873 3477 1909 :

245 1906 375 1960 nihil
413 1919 591 1963 autem
621 1910 810 1964 horum
843 1923 1023 1980 potest
1061 1914 1113 1968 in
1157 1912 1414 1981 Spiritum
1485 1918 1680 1973 cadere
1711 1940 1726 1974 :
1761 1936 1865 1974 non
1906 1933 1990 1977 est
2031 1939 2162 1994 ergo
2208 1929 2444 1998 Spiritus
2477 1948 2748 1993 creatura.
2777 1939 2845 1994 Et
2869 1906 3204 2012 quzecunque
3243 1958 3402 1998 unam
3429 1955 3485 2000 et

246 2005 494 2062 eamdem
523 2022 649 2062 esse
668 2010 1032 2076 operationem
1063 2019 1264 2065 sanctae
1294 2023 1356 2063 ac
1387 2009 1558 2066 beatae
1607 2011 1886 2072 Trinitatis
1919 2023 2229 2090 ostendunt,
2265 2027 2402 2081 idem
2435 2031 2686 2098 probant.

585 2103 712 2155 Ὀτι
739 2104 1100 2174 δημιουργὸν
1119 2105 1186 2157 τὸ
1205 2105 1468 2174 Πνεῦμα.

317 2196 380 2246 Ol
411 2194 650 2258 οὐρανοὶ
680 2193 1020 2262 διηγοῦνται
1050 2197 1238 2259 δόξαν
1265 2197 1434 2259 Θεοῦ,
1480 2197 1732 2267 ποίησιν
1749 2199 1818 2252 δὲ

242 2276 458 2346 χειρῶν
507 2278 691 2331 αὐτοῦ
743 2279 1098 2347 ἀναγγέλλει
1145 2283 1210 2334 τὸ
1245 2283 1580 2354 στερέωμαο
1630 2290 1724 2342 καὶ
1761 2290 1818 2342 ὲν

241 2371 412 2440 ἑτέρῳ
430 2369 560 2425 ’Καὶ
583 2371 725 2438 ἔργα
751 2368 867 2422 τῶν
905 2370 1115 2439 χειρῶν
1152 2375 1264 2428 σού
1289 2379 1448 2430 εἰσιν
1477 2383 1529 2433 οὶ
1553 2381 1814 2448 οὐρανοί.

241 2462 352 2513 Καὶ
400 2463 541 2525 τίνες
570 2463 635 2516 ἂν
667 2457 776 2515 εἷεν
805 2463 938 2516 Θεοῦ
974 2466 1266 2535 ἀσωμάτου
1303 2470 1582 2540 ἀσώματοι
1617 2474 1815 2542 χεῖρες,

239 2554 297 2604 al
327 2552 386 2605 τὸ
416 2555 699 2626 στερέωμα
737 2554 830 2607 καὶ
867 2557 993 2620 τοὺς
1027 2559 1288 2630 οὐρανοὺς
1319 2561 1814 2633 δημιουργήσασαι,

240 2645 406 2708 αὐτὸς
435 2648 463 2699 ὁ
489 2648 776 2719 Προφήτης
818 2648 1109 2718 ἑρμηνεύει
1146 2651 1337 2718 λέγων’
1384 2650 1468 2714 Τῷ
1498 2652 1657 2720 λόγῳ
1706 2657 1819 2706 Κυ-

233 2739 372 2804 ρίου
402 2742 455 2793 οί
489 2741 730 2808 οὐρανοὶ
770 2741 1240 2809 ἐστερεώθησαν,
1274 2743 1371 2796 καί
1402 2741 1481 2808 τῷ
1524 2746 1817 2815 Πνεύματι

240 2829 348 2881 τοῦ
364 2832 654 2900 στόματος
683 2834 867 2886 αὑτοῦ
887 2833 1053 2886 πᾶσα
1076 2836 1113 2900 ἡ
1140 2833 1390 2902 δύναμις
1410 2834 1626 2891 αὐτῶν.
1678 2838 1816 2890 Ἀλλ’

241 2921 428 2991 ὥσπερ
467 2925 526 2975 οὐ
577 2925 904 2994 προφορικδς
944 2925 1098 2993 λόγος
1136 2927 1192 2978 ὲν
1237 2927 1314 2996 τῷ
1343 2927 1481 2998 Θεῷ,
1516 2929 1652 2981 ἀλλὰ
1709 2930 1815 2994 ζῶν

240 3012 338 3063 καὶ
371 3013 711 3084 ὑφεστηκὼς,
748 3017 838 3068 καὶ
870 3015 978 3068 τῶν
1005 3017 1138 3070 ὅλων
1170 3017 1493 3089 δραστήριος
1513 3035 1525 3050 ’
1558 3019 1728 3082 οὕτως
1759 3022 1816 3072 ὲν

239 3104 319 3175 τῷ
347 3103 465 3175 Θεῷ
487 3107 545 3158 οὐ
573 3106 793 3178 πνεῦμα
817 3109 1184 3180 διαχεόμενον,
1219 3110 1278 3163 οὐ
1308 3110 1656 3182 διαλυόμενος
1683 3111 1811 3182 ἀὴρ,

240 3197 376 3250 ἀλλὰ
407 3198 634 3269 δύναμις
671 3201 987 3272 ἁγιαστικὴ,
1025 3201 1282 3266 ὲνούσιος,
1322 3202 1681 3274 ὲνύπαρκτος,
1729 3205 1813 3255 ὲν-

239 3289 556 3354 υπόστατος.
593 3296 659 3344 Al
693 3292 884 3358 χεῖρές
917 3309 1032 3345 σου
1067 3296 1363 3360 ἐποίησαν
1379 3313 1476 3364 με,
1507 3297 1602 3350 καὶ
1629 3297 1811 3350 ἐπλα-

239 3381 362 3434 σὰν
395 3397 467 3449 με
499 3381 628 3449 (87).
665 3383 773 3435 Καὶ
818 3384 933 3436 τόδε
974 3385 1034 3436 τὸ
1063 3386 1223 3454 ῥητὸν
1251 3386 1349 3454 τὴν
1384 3387 1550 3458 αὐτὴν
1587 3387 1703 3457 ἔχει
1735 3387 1812 3457 τῷ

2328 2120 2480 2186 Quod
2509 2122 2737 2194 Spiritus
2768 2138 2971 2182 creator
2996 2138 3071 2183 est

1990 2205 2119 2262 Caeli
2152 2223 2400 2266 enarrant
2442 2215 2663 2283 gloriam
2708 2218 2820 2284 Dei,
2844 2229 2892 2274 et
2928 2236 3052 2288 opus
3083 2237 3330 2277 manuum
3367 2222 3485 2292 ejus

1919 2301 2200 2354 annuntiat
2229 2302 2615 2370 ﬁrmamentum
2641 2308 2719 2372 ";
2751 2319 2803 2363 et
2833 2309 2884 2363 in
2918 2311 3024 2366 alio
3051 2330 3065 2367 :
3102 2311 3167 2366 Et
3195 2327 3351 2382 opera
3378 2329 3483 2367 ma-

1919 2406 2079 2444 nuum
2109 2403 2319 2447 tuarum
2353 2407 2473 2449 sunt
2509 2398 2625 2451 creli
2657 2398 2725 2454 ⁸⁸.
2772 2398 2836 2453 Et
2873 2417 2992 2470 qua:
3020 2404 3126 2458 sint
3166 2402 3257 2458 Dei
3305 2405 3482 2457 incor-

1922 2483 2066 2548 porei
2095 2484 2427 2551 iucorporcte
2448 2504 2656 2554 manus,
2683 2507 2802 2560 qua:
2822 2491 3215 2547 ﬁrmamentum
3242 2505 3296 2550 et
3315 2495 3481 2550 crelos

1920 2571 2188 2637 crearint,
2224 2570 2492 2640 Propheta
2545 2578 2656 2646 ipse
2690 2580 3077 2649 interpretatur
3125 2599 3246 2635 cum
3299 2585 3477 2639 dicit:

1928 2653 2092 2710 Verbo
2120 2656 2328 2712 Domini
2353 2661 2466 2714 caeli
2494 2662 2696 2730 ﬁrmati
2716 2675 2836 2718 sunt
2857 2707 2872 2733 ,
2909 2679 2956 2721 et
2994 2666 3198 2736 Spiritu
3227 2671 3332 2725 oris
3368 2671 3482 2738 eius

1921 2748 2092 2802 omnis
2131 2749 2296 2804 virtus
2341 2769 2516 2806 eorum
2544 2755 2611 2808 ⁸¹.
2659 2757 2729 2811 At
2761 2759 3213 2827 quemadmodum
3266 2778 3370 2818 non
3397 2771 3483 2817 est

1918 2842 2140 2895 verbum
2165 2844 2495 2913 prolatitium
2518 2850 2570 2900 in
2595 2848 2724 2911 Deo,
2749 2853 2842 2904 sed
2867 2852 3050 2907 vivens
3071 2863 3124 2907 et
3153 2854 3479 2920 subsistens,

1915 2939 1967 2985 ct
1987 2933 2127 3000 quod
2171 2938 2424 2989 universa
2459 2935 2585 2990 fecit
2612 2957 2625 2992 :
2657 2939 2736 2994 sic
2771 2942 2823 2994 in
2858 2944 2962 2996 Deo
2991 2959 3097 2996 non
3139 2955 3222 2998 est
3255 2945 3481 3014 spiritus

1915 3024 2004 3091 qui
2037 3024 2384 3091 diﬂ'umlatur,
2419 3043 2522 3080 non
2553 3043 2648 3082 aer
2673 3031 2762 3098 qui
2793 3032 3154 3087 dissolvatur:
3185 3036 3278 3089 sed
3308 3037 3479 3092 virtus

1915 3117 2261 3170 sanctiﬁcans
2287 3157 2302 3181 ,
2332 3118 2384 3171 in
2417 3135 2474 3172 se
2504 3122 2874 3178 substantialis
2894 3163 2909 3188 ,
2935 3125 2986 3180 in
3017 3141 3074 3181 se
3097 3128 3389 3195 exsistens,
3425 3130 3477 3183 in

1914 3222 1973 3262 se
1994 3208 2314 3263 subsistens.
2357 3209 2549 3267 Manus
2589 3225 2694 3269 tute
2723 3216 2953 3284 fecerunt
2984 3235 3096 3286 me,
3123 3232 3168 3274 et
3195 3220 3481 3291 plasmare-

1916 3313 2034 3353 ruut
2067 3318 2147 3356 me
2177 3302 2244 3356 ⁸².
2292 3301 2359 3358 Et
2398 3306 2497 3360 hoc
2544 3308 2744 3361 dictum
2780 3309 3187 3381 intelligentiam
3234 3317 3476 3369 eamdem

1915 3393 2112 3460 habet,
2165 3411 2324 3464 quam
2385 3399 2714 3466 prmcetlens.
2771 3397 3000 3467 Spiritus
3055 3403 3192 3455 enim
3237 3405 3476 3471 divinus,

241 3473 605 3544 προρρηθέντι
651 3474 905 3529 διάνοιαν,
956 3477 1196 3545 Πνεῦμα
1229 3480 1337 3546 γὰρ
1365 3479 1544 3542 θεῖον,
1587 3480 1751 3549 φησιν
1782 3483 1811 3532 ὀ

1838 3458 1878 3513 C
1913 3458 2217 3553 inquit-Job
2238 3530 2252 3551 ,
2279 3458 2533 3559 qui-feeit
2565 3506 2643 3544 me
2675 3491 2743 3545 ⁸³.
2779 3458 2955 3563 Ᾰιιιιιθ
2999 3509 3215 3548 manum
3247 3458 3473 3553 alterutri

254 3565 395 3630 Ἰὼϐ,
441 3565 506 3618 τὸ
549 3566 816 3634 ποιῆσαν
831 3585 927 3636 με.
959 3569 1065 3621 Καὶ
1088 3569 1186 3638 τὴν
1209 3569 1372 3640 ἄλλην
1399 3573 1554 3640 χεῖρα
1588 3570 1814 3641 σαφηνί-

241 3657 350 3720 Cum
381 3657 626 3729 Σολομὼν
675 3675 841 3728 φησι⁹
880 3659 985 3712 Θεὲ
1027 3661 1294 3727 πατέρων
1342 3661 1439 3712 καὶ
1491 3659 1666 3727 Κύριε
1710 3659 1815 3714 τοῦ

239 3750 452 3814 ἐλέους
479 3767 613 3813 σου,
641 3754 672 3805 ὀ
693 3751 953 3818 ποιήσας
981 3751 1050 3804 τὰ
1067 3751 1261 3804 πάντα
1284 3752 1353 3805 ἐν
1371 3752 1530 3819 λόγῳ
1554 3767 1690 3815 σου,
1716 3753 1816 3805 καὶ

241 3836 316 3906 τῇ
342 3842 525 3907 σοφίᾳ
557 3859 671 3894 σου
711 3840 1170 3907 κατασκευάσας
1195 3842 1299 3896 τὸν
1319 3843 1648 3911 ἄνθρωπον.
1680 3845 1814 3915 Χρι-

244 3931 366 3994 στὸς
395 3931 451 3984 δὲ
473 3931 605 3984 Θεοῦ
626 3932 872 4004 δύναμις,
904 3935 996 3987 καὶ
1022 3933 1155 3986 Θεοῦ
1187 3935 1366 4002 σοφία,
1396 3935 1516 4005 ἥτις
1549 3936 1666 3988 ἐστὶ
1694 3937 1814 4007 χεὶρ

238 4025 600 4096 δημιουργικὴ
653 4026 792 4079 κατὰ
844 4029 936 4080 τὸν
983 4030 1082 4098 τῆς
1117 4029 1471 4098 τροπολογίας
1513 4030 1689 4098 λόγον.
1738 4031 1811 4083 Οὐ

247 4117 352 4187 μὴν
382 4116 516 4169 ἀλλά
547 4117 635 4170 καὶ
666 4117 978 4186 Πνεῦματος
1002 4120 1234 4190 ἐργασίᾳ
1265 4121 1362 4190 τὴν
1386 4121 1515 4187 ὅλην
1547 4120 1703 4188 ἡμῶν
1722 4121 1814 4172 ἁν-

243 4208 394 4261 έοετο
439 4209 618 4278 φύσιν,
671 4209 761 4262 καὶ
789 4210 1216 4263 ἀνακαινωτικὸν
1259 4211 1388 4264 αὐτὸ
1431 4213 1528 4281 τῆς
1557 4211 1814 4282 δημιουρ-

241 4299 365 4366 γίας
403 4303 481 4362 εἰς
521 4300 823 4371 ἀφθαρσίαν
851 4302 1058 4370 φησὶνὸ
1087 4302 1241 4369 λόγος
1264 4319 1276 4332 ·
1329 4301 1701 4367 ἈντανελεῙς
1749 4302 1814 4355 τὸ

241 4391 475 4458 πνεῦμα
506 4392 720 4458 αὐτῶν,
748 4393 843 4446 καί
870 4393 1246 4460 ἐκλείψουσι,
1291 4395 1387 4447 καὶ
1408 4396 1495 4457 είς
1523 4392 1628 4445 τὸν
1664 4393 1815 4462 χοῦν

241 4484 438 4540 αὐτῶν
467 4486 965 4556 ἐπιστρέψωσιν·
1000 4488 1430 4554 ἐξαποστελεῖς
1462 4487 1529 4541 τὸ
1571 4487 1814 4556 Πνεῦμὰ

240 4595 378 4642 σου,
408 4579 504 4631 καὶ
536 4579 979 4644 κτισθήσονται,
1008 4582 1105 4635 καὶ
1134 4581 1496 4647 ἀνακαινιεῐς
1535 4581 1599 4634 τὸ
1629 4581 1814 4648 πρόσ-

241 4686 403 4723 ωπον
435 4668 544 4738 τῆς
573 4668 701 4739 γῆς.
741 4673 815 4724 Οὐ
849 4672 1018 4742 δήπου
1059 4673 1114 4724 δὲ
1142 4673 1302 4737 αὐτὸς
1327 4673 1516 4726 ἑαυτὸν
1545 4674 1654 4739 (88)
1685 4673 1814 4725 ἀπο-

1910 3592 2184 3646 exponens
2237 3579 2489 3633 Salomon
2537 3581 2652 3635 ait:
2711 3581 2848 3636 Dens
2888 3595 3095 3653 patrum
3159 3598 3206 3642 et
3254 3588 3479 3644 Domine

1913 3668 2285 3721 misericordia:
2319 3681 2423 3723 tua:
2444 3709 2459 3734 ,
2499 3672 2588 3741 qui
2612 3672 2779 3738 fecisti
2821 3675 2996 3728 omnia
3018 3676 3072 3731 in
3097 3679 3243 3733 verba
3268 3690 3358 3734 tuo
3379 3722 3396 3744 ,
3428 3694 3476 3736 et

1915 3759 2175 3826 sapientia
2206 3771 2295 3812 tua
2339 3765 2680 3817 construxisti
2709 3765 2968 3819 hominem
3007 3766 3073 3822 ⁸⁸.
3105 3769 3348 3826 Christus
3379 3788 3478 3826 su-

1916 3860 2022 3905 tem
2063 3862 2145 3906 est
2171 3853 2261 3907 Dei
2288 3858 2525 3922 potentia
2559 3866 2610 3910 et
2631 3856 2720 3910 Dei
2754 3858 3016 3926 sapientia
3040 3859 3108 3924 ⁸⁸,
3137 3876 3255 3930 qua:
3281 3878 3478 3918 secun-

1911 3943 2038 3998 dum
2073 3945 2386 4014 tropologize
2426 3945 2688 4000 rationem
2723 3961 2913 4003 manus
2951 3953 3185 4004 creatrix
3218 3963 3321 4006 est.
3359 3951 3475 4007 lam

1911 4049 2039 4088 vero
2081 4044 2246 4088 totam
2297 4045 2536 4088 nostram
2597 4046 2846 4092 naturam
2899 4041 3196 4108 Operationi
3244 4039 3478 4111 Spiritus

1913 4126 2122 4191 tribuit,
2158 4127 2441 4195 ipsumque
2477 4127 2755 4197 Scriptura
2788 4132 2919 4185 dicit
2949 4143 3319 4187 renovatnrem
3361 4136 3477 4203 opi-

1916 4216 2022 4269 iicii
2055 4229 2172 4269 esse
2204 4216 2268 4269 ad
2318 4217 2778 4285 incorruptionem
2807 4239 2820 4275 :
2866 4221 3085 4291 Auferes
3114 4224 3350 4292 spiritum
3396 4243 3480 4279 eo-

1912 4320 2025 4357 rum
2048 4343 2063 4368 ,
2093 4314 2140 4358 et
2169 4305 2443 4373 deﬁcient,
2473 4317 2519 4361 et
2561 4308 2614 4360 in
2641 4309 2902 4376 pulverem
2943 4328 3094 4365 suum
3124 4326 3475 4382 revertentur;

1914 4398 2113 4450 emittes
2164 4395 2413 4464 Spiritum
2449 4409 2627 4465 tuum,
2667 4409 2713 4452 et
2757 4402 3090 4466 creabantur,
3125 4414 3171 4458 et
3209 4409 3474 4462 renovabis

1914 4488 2102 4556 faciem
2133 4499 2285 4543 terra:
2311 4489 2378 4543 ⁸⁸.
2417 4487 2527 4543 Nec
2549 4490 2691 4543 enim
2718 4491 2945 4558 ipsemet
2992 4494 3226 4564 seipsum
3256 4499 3420 4552 mittit
3459 4521 3469 4554 :

1913 4579 2004 4632 sed
2031 4581 2338 4634 missionem
2367 4591 2526 4635 vocat
2564 4582 2948 4638 demissionem
2983 4587 3049 4640 ad
3094 4603 3249 4655 opus,
3289 4605 3394 4646 non
3443 4607 3475 4647 e

1914 4670 2028 4725 loco
2070 4673 2134 4726 ad
2165 4673 2337 4726 locmn
2373 4674 2679 4731 transitum.
2705 4674 2962 4740 Quoniam
3004 4678 3230 4747 Spiritus
3260 4680 3473 4736 Domini

313 4832 355 4862 ⁷⁸
388 4831 525 4884 Psal.
558 4847 744 4886 cum.
780 4832 869 4885 91.
921 4832 1155 4884 "Galat.
1189 4833 1410 4892 Iv,6,7.
1450 4833 1496 4864 ⁷⁸
1529 4832 1542 4884 Ι
1578 4832 1702 4885 Cor.
1735 4847 1816 4889 III.
1853 4827 2039 4899 16._"
2077 4825 2217 4879 Psal-
2250 4841 2405 4899 X"_||‘|.
2431 4827 2572 4899 ‘25”
2594 4829 2733 4882 PSHI-
2759 4830 2938 4892 0|.96-
2975 4831 3016 4861 ⁸¹
3047 4831 3186 4884 Psal-
3220 4848 3392 4899 XXXII.
3418 4835 3469 4890 6.

240 4901 284 4932 ⁸⁸
319 4900 418 4954 Job
458 4919 520 4965 κ,
551 4903 604 4956 8.
681 4903 724 4934 ⁸³
753 4902 854 4956 Job
884 4918 1079 4965 xxxiii,
1127 4903 1178 4955 4.
1257 4903 1304 4934 ⁸⁸
1345 4904 1474 4970 Sap.
1529 4918 1618 4965 ιιι,
1650 4906 1704 4966 1,
1753 4903 1807 4954 2.

309 5033 419 5106 (85)
460 5035 595 5089 Editi
620 5035 788 5105 ἑτέρῳ
815 5035 1089 5106 παρέχειν.
1117 5037 1187 5088 At
1221 5047 1390 5092 llOSlt‘l
1421 5046 1626 5106 septem
1661 5050 1790 5091 mss.

238 5103 471 5157 ὀρέγειν.

275 5121 594 5243 ρῗέῗῗίῖιίίιί
628 5174 767 5228 ὥστε
793 5176 889 5227 οὐκ
923 5175 1036 5228 ἔστι
1076 5176 1279 5240 δοῦλος.
1332 5176 1509 5231 Codex
1552 5175 1704 5230 Colb.
1749 5184 1802 5228 et

239 5241 379 5296 alter
435 5241 630 5311 Regius
688 5255 746 5298 ut
793 5247 843 5299 in
898 5257 1184 5312 contextu;
1220 5263 1320 5301 uec
1357 5248 1514 5301 aliter
1553 5247 1605 5300 in
1646 5261 1803 5300 sacro

241 5323 387 5368 textu
415 5313 626 5372 letzitur.

314 5382 426 5454 (85)
469 5380 687 5454 Veteres
725 5385 941 5451 quidam
989 5383 1109 5439 libri
1150 5395 1204 5439 et
1246 5386 1376 5440 editi
1437 5384 1798 5448 ἐνοικίζεσθαι

237 5452 521 5528 αὑτόζᾼῑίί
552 5452 720 5528 αῦτῷ.
753 5454 883 5528 Beg.
937 5467 1160 5522 quartus
1219 5457 1377 5526 αὐτῇ.
1433 5458 1558 5510 Sive
1606 5457 1800 5528 legerit

238 5525 359 5592 quis
383 5522 533 5594 αὐτο,
571 5522 684 5578 sive
712 5523 873 5594 αὐτῇ,
905 5536 1251 5594 peccaturum
1279 5522 1384 5579 nou
1416 5536 1564 5594 puto.

311 5594 421 5661 (86)
461 5593 652 5647 Totum
689 5593 838 5657 illud,
866 5593 963 5646 καί
994 5593 1293 5664 ὄσαμίαν,
1320 5593 1451 5656 ειοξ,
1483 5596 1550 5649 ad
1585 5594 1795 5648 titulum

239 5678 430 5731 usque.
457 5663 754 5717 addidimus
776 5680 838 5717 ex
870 5667 1069 5718 nostris
1095 5663 1298 5733 septem
1323 5666 1618 5721 codicibus.
1646 5666 1796 5730 Quod

239 5736 283 5788 si
318 5733 548 5800 cuipiam
597 5748 803 5787 merum
858 5735 1121 5803 glossema
1152 5753 1272 5790 esse
1317 5738 1592 5797 videatur,
1637 5750 1799 5788 omne

241 5804 292 5857 ἱιΙ
326 5819 354 5855 e
384 5814 632 5856 contextu
667 5820 823 5860 manu
856 5821 950 5860 sua
975 5806 1152 5861 delere
1207 5815 1260 5862 et
1292 5808 1343 5862 in
1375 5822 1525 5862 oram
1552 5805 1671 5860 libri
1705 5820 1798 5859 cx-

240 5886 452 5941 portare
491 5873 704 5943 pulerit.

1883 4895 1976 4950 ⁸⁵1
2043 4899 2166 4952 Cor.
2222 4912 2258 4956 ι,
2307 4897 2397 4950 24.
2472 4897 2520 4929 ⁸⁸
2546 4899 2689 4953 Psal.
2743 4915 2835 4954 CIII
2915 4902 3004 4956 29.

1977 5034 2091 5112 (8:7)
2131 5033 2270 5112 Editi
2304 5045 2358 5088 et
2390 5035 2665 5112 duqﬁegii
2691 5038 2755 5090 Αἰ
2785 5037 2965 5107 χεῖρές
2994 5053 3086 5089 σου
3113 5036 3353 5093 ἔπλασαν
3381 5057 3471 5112 με,

1833 5087 1877 5140 D
1907 5087 2293 5174 καῗίὲέτοίησάν
2326 5087 2664 5175 μεῇιὲιιὶἶῖέ
2692 5087 3356 5168 pias-mammia;
3374 5087 3472 5170 Si

1902 5177 2134 5245 fecerunt
2162 5190 2270 5238 me;
2299 5189 2352 5228 et
2373 5179 2444 5229 ita
2467 5176 2660 5245 legitur
2685 5177 2824 5245 apud
2844 5175 2945 5229 Job
2966 5177 3287 5234 x.8.Codex
3315 5181 3468 5237 Colb.

1899 5254 1953 5320 et
1971 5246 2066 5320 alii
2090 5256 2207 5320 tres
2247 5245 2396 5320 Regii
2452 5248 2517 5298 Al
2566 5246 2745 5320 χεῖρές
2780 5263 2872 5299 σου
2907 5246 3167 5317 ἐποίησάν
3223 5267 3322 5320 με,
3376 5252 3472 5305 καὶ

1897 5315 2144 5389 ἔπλασαν
2172 5333 2258 5385 με,
2282 5315 2469 5389 Manus
2491 5328 2606 5389 tute
2623 5316 2854 5383 fecerunt
2885 5333 2990 5389 me.
3019 5315 3065 5371 et
3085 5315 3470 5389 plasmaverunt

1897 5403 1977 5439 me
2008 5403 2026 5439 :
2058 5388 2148 5454 qui
2189 5388 2475 5439 verborum
2511 5387 2647 5440 ordo
2674 5398 2924 5441 servatur
2954 5386 3008 5440 in
3045 5386 3251 5456 pSalmo
3271 5407 3465 5457 cum,

1899 5471 1950 5509 v.
1993 5457 2078 5509 75.

1971 5526 2081 5595 (88)
2119 5526 2257 5579 Editi
2287 5525 2418 5579 αὐτὸ
2441 5525 2618 5580 ἑαυτό.
2645 5528 2712 5581 At
2732 5527 2897 5581 nostri
2917 5539 3118 5596 septem
3147 5546 3276 5583 mss.
3303 5531 3468 5596 αὐτὸς

1900 5596 2089 5671 tanta)
2121 5611 2136 5671 ς
2172 5597 2259 5671 ub_i
2292 5596 2654 5671 stibatrtlienda
2697 5609 2777 5671 est
2809 5608 2899 5650 aut
2921 5614 3036 5671 vox
3069 5601 3332 5671 Χριστός,
3377 5613 3469 5656 aut

1899 5666 2184 5737 νιιχΑΘεός.
2222 5666 2399 5737 ῼοάυχ
2432 5666 2583 5720 Colb.
2621 5668 2805 5721 habuit
2843 5668 3058 5734 quidem
3088 5666 3259 5737 prima
3303 5688 3463 5725 manu

1899 5735 2062 5798 αὐτὸς
2088 5734 2296 5808 ἑαυτῶν
2328 5753 2338 5762 ·
2371 5739 2464 5808 sed
2491 5739 2709 5808 antiqua
2740 5755 2898 5792 manu
2947 5734 3264 5796 emendatus
3305 5743 3468 5798 habet

1901 5822 2040 5860 nunc
2081 5805 2238 5870 αὐτὸς
2266 5807 2474 5860 ἑαυτόν.
