4208 6482
764 421 826 478 ἸΙ
837 424 869 474 5

2095 419 2152 470 S.
2189 416 2430 469 BASILH
2469 416 2685 469 MAG'NI

3893 414 3985 469 793

753 533 967 599 replevit
1000 529 1169 579 orbem
1194 538 1474 584 terrarum,
1511 525 1678 576 ethoc
1700 524 1836 591 quod
1865 526 2090 577 continet
2113 527 2319 585 omnia,
2351 533 2391 586 Α

2429 526 2631 576 στέλλει
2658 543 2669 553 ⁸
2704 524 3000 591 ἀποστολὴν
3025 524 3079 574 δὲ
3106 525 3259 577 καλεῖ
3284 525 3378 595 τὴν
3407 522 3535 593 πρὸς
3559 522 3618 573 τὸ
3648 523 3812 590 ἔργον
3833 530 3983 583 αὑτοῦ

753 619 1021 673 scientiam
1068 615 1215 664 habet
1258 615 1394 665 vocis
1436 612 1501 665 ⁸⁷.
1552 610 1617 663 Et
1663 611 1882 678 angelus
1925 614 1990 666 ad
2043 613 2308 666 Mariam:

752 708 979 777 Spiritus
1051 701 1264 757 Domini
1335 704 1661 766 superreniet
1740 703 1793 754 in
1847 712 1933 768 te,
2001 710 2313 774 quapropter

745 810 794 852 at
848 797 950 847 hoc
1006 792 1145 859 quod
1197 803 1470 856 nascetur,
1530 807 1595 845 ea;
1654 789 1855 856 Spiritu
1905 793 2071 864 298
2133 800 2311 846 sancto

748 896 824 940 est
872 884 940 935 ⁸⁸.
989 882 1143 949 Quod
1216 895 1280 935 ex
1338 879 1519 951 aliquo
1569 892 1691 946 est,
1752 881 1801 936 id
1860 883 1927 938 ab
1981 901 2044 940 eo
2098 892 2182 937 est
2229 882 2311 937 vel

750 992 846 1047 per
891 975 1178 1031 creationis
1211 972 1452 1039 modum,
1496 981 1554 1026 ut
1608 970 1735 1026 illud
1765 990 1779 1025 :
1813 970 1959 1029 Unus
1990 975 2126 1028 Deus
2157 971 2314 1028 Pater

748 1082 814 1124 es
835 1082 936 1135 quo
972 1064 1148 1117 omnia
1179 1061 1256 1129 ⁸⁹;
1288 1073 1381 1117 aut
1418 1076 1513 1131 per
1552 1062 1767 1116 modum
1810 1064 2189 1134 generationis,
2225 1079 2314 1119 se-

742 1158 982 1223 scundum
1016 1155 1143 1210 illud
1178 1168 1193 1208 :
1228 1154 1339 1226 Ego
1367 1170 1431 1208 ea:
1466 1150 1627 1206 Patre
1670 1156 1810 1210 exivi
1832 1158 1911 1223 ";
1948 1166 2001 1211 et
2036 1155 2201 1209 illud:
2234 1156 2317 1210 Ex

748 1262 895 1304 utero
920 1258 1039 1301 ante
1065 1247 1340 1316 luciferum
1380 1245 1537 1313 genui
1569 1251 1620 1297 te
1636 1245 1720 1312 ⁹¹;
1760 1262 1862 1301 non
1917 1246 2056 1316 quod
2101 1254 2314 1300 uterum

750 1342 890 1396 Deus
910 1339 1124 1401 habeat,
1152 1337 1242 1392 sed
1270 1337 1412 1404 quod
1441 1336 1655 1405 genuini
1690 1348 1743 1392 et
1768 1353 1871 1392 non
1906 1336 2051 1389 nothi
2079 1336 2219 1391 fetus
2250 1352 2315 1393 ex

750 1443 904 1487 utero
934 1439 1212 1499 parentum
1245 1427 1492 1498 generari
1534 1429 1761 1491 soleant,
1805 1438 2089 1496 propterea
2122 1428 2318 1483 habere

749 1538 809 1578 se
838 1522 888 1575 iu
920 1520 1470 1591 generandomterum
1497 1518 1628 1573 dixit
1659 1519 1822 1579 Deus,
1854 1518 1919 1571 ad
1945 1517 2315 1574 confusionem

750 1612 1056 1683 impiorum,
1085 1618 1141 1663 ut
1181 1610 1258 1663 vel
1289 1624 1383 1662 sua
1442 1610 1675 1679 ipsorum
1720 1617 1916 1661 natura
1954 1609 2317 1675 considerata,

751 1707 958 1759 discant
1002 1702 1195 1756 Filium
1242 1699 1477 1754 fructum
1505 1715 1625 1754 esse
1677 1698 1853 1754 Patris
1898 1702 2209 1770 genuinum,
2238 1711 2320 1756 ut-

751 1805 873 1863 pote
889 1811 952 1849 ex
974 1793 1089 1861 ejus
1112 1802 1267 1847 utero
1291 1800 1675 1863 emergentem.
1693 1791 1841 1857 Quod
1865 1792 2045 1863 itaque
2060 1808 2121 1847 ex
2142 1794 2319 1862 aliquo

751 1860 858 1948 est,
894 1884 944 1938 id
973 1860 1067 1937 aut
1113 1899 1208 1952 per
1231 1860 1520 1938 creatiouis
1570 1883 1811 1949 modum,
1848 1860 2071 1956 aut-per
2100 1860 2315 1938 modum
2353 1860 2391 1913 Β

748 1973 1136 2045 generationis,
1181 1985 1273 2028 aut
1317 1982 1505 2044 sponte
1535 1983 1741 2028 natura:
1789 1991 1854 2029 ex
1886 1977 2002 2045 ipso
2040 1986 2143 2041 est,
2173 1976 2318 2029 velut

749 2063 992 2130 operatio
1035 2074 1220 2119 nostra
1259 2079 1322 2117 es
1376 2063 1551 2126 nobis,
1584 2073 1677 2118 aut
1724 2064 1868 2119 velut
1910 2066 2161 2131 splendor
2188 2064 2319 2119 solis

749 2169 815 2214 ex
846 2156 979 2225 ipso.
1011 2156 1196 2225 Itaque
1245 2156 1287 2207 si
1336 2157 1831 2223 supermundanum
1873 2156 2077 2211 Christi
2124 2172 2320 2226 corpus

750 2265 817 2304 ex
864 2251 1066 2319 Spiritu
1111 2258 1295 2305 sancto
1329 2259 1430 2312 est,
1472 2266 1580 2305 non
1623 2260 1804 2302 tamen
1856 2250 2100 2319 genitura
2154 2251 2320 2318 ipsius

748 2353 869 2392 esse
898 2346 1071 2407 potest
1089 2354 1103 2403 ;
1121 2338 1549 2406 quandoquidem
1570 2336 1723 2402 Quod
1755 2348 1936 2391 natum
1956 2350 2027 2392 est
2050 2356 2113 2392 ea:
2140 2356 2315 2406 carne,

750 2444 873 2486 caro
893 2439 965 2483 est
991 2446 1008 2484 :
1040 2438 1085 2483 et
1123 2430 1258 2500 quod
1279 2441 1456 2481 natum
1474 2440 1548 2484 est
1574 2448 1638 2484 ex
1654 2432 1862 2498 spiritu,
1903 2431 2123 2499 spiritus
2154 2444 2227 2486 est
2249 2433 2316 2486 ⁶².

752 2520 935 2594 Neque
967 2538 1153 2578 rursus
1180 2536 1243 2575 ex
1270 2522 1388 2592 ipso
1412 2523 1555 2578 velut
1598 2524 1844 2593 operatio
1880 2525 2070 2595 ipsius,
2109 2527 2234 2595 quia
2266 2526 2317 2579 in

751 2614 981 2683 simplici
1036 2626 1089 2670 et
1136 2615 1448 2684 incorporea
1480 2624 1669 2668 natura
1704 2616 1947 2670 eamdem
2004 2618 2320 2673 substantia:

751 2707 1011 2760 rationem
1046 2710 1290 2775 operatio
1333 2709 1577 2774 suscipit.
1626 2708 1969 2772 Relinquitur
2002 2725 2132 2778 ergo
2168 2720 2225 2764 ut
2251 2728 2317 2764 ex

751 2798 867 2866 ipso
895 2796 963 2851 sit
1007 2806 1275 2867 tanquam,
1308 2797 1424 2865 ejus
1456 2808 1723 2851 creatura.
1775 2796 1973 2851 Verum
2024 2807 2077 2851 et
2106 2798 2192 2852 ille
2226 2799 2315 2853 Dei

750 2890 948 2959 digitus
1003 2891 1093 2957 qui
1148 2891 1419 2962 pulverem
1462 2890 1515 2944 in
1571 2888 1805 2961 Egypto
1853 2893 2231 2945 transmutavit
2267 2893 2315 2945 in

752 2982 1029 3049 animalia,
1047 2985 1276 3054 primum
1295 2982 1606 3038 animalium
1631 2994 1806 3037 ortum
1825 2984 2119 3039 ostendens
2141 2984 2209 3049 “,
2226 2984 2318 3038 Pa-

752 3071 986 3128 racletus
1014 3082 1154 3139 erat,
1182 3072 1413 3142 Spiritus
1435 3074 1524 3127 ille
1556 3075 1819 3128 veritatis.
1850 3073 1983 3128 Nam
2014 3091 2133 3129 cum
2156 3092 2319 3131 evan-

750 3163 949 3232 gelista:
981 3173 1089 3217 tres
1124 3177 1344 3217 narrent
1388 3164 1668 3217 Dominum
1700 3166 1766 3217 ad
1813 3165 2029 3222 Iudaeos
2066 3169 2265 3223 dixisse
2303 3186 2315 3222 :

752 3253 813 3315 Si
832 3263 1002 3308 autem
1021 3271 1112 3324 ego
1146 3254 1199 3306 in
1229 3255 1428 3321 Spiritu
1463 3255 1555 3307 Dei
1584 3256 1737 3323 ejicio
1763 3258 2225 3329 dtcmonia,igitur
2250 3264 2316 3313 ad

751 3360 837 3399 vos
879 3346 1105 3412 pervenit
1156 3362 1365 3415 regnum
1399 3345 1489 3399 Dei
1507 3346 1553 3377 ”
1578 3363 1593 3411 ;
1618 3361 1740 3400 eum
1766 3346 1938 3402 Lucas
1967 3352 2042 3402 ait
2073 3352 2271 3406 dixisse
2301 3368 2315 3404 :

751 3438 814 3493 Si
844 3449 1016 3491 autem
1038 3455 1129 3508 ego
1153 3439 1208 3492 in
1223 3440 1383 3508 digito
1416 3439 1509 3493 Dei
1532 3442 1684 3509 ejicio
1712 3442 1997 3505 daemonia,
2021 3444 2181 3512 igitur
2208 3462 2319 3512 per-

750 3530 886 3583 venit
910 3530 978 3582 ad
1011 3547 1096 3582 eos
1122 3546 1337 3599 regnum
1365 3531 1695 3585 calorum”.
1728 3532 1959 3588 Proinde
1988 3550 2104 3602 qua:
2152 3536 2315 3590 etiam

750 3637 847 3693 per
890 3621 1105 3692 Moysen
1142 3621 1338 3677 fiebant
1361 3624 1412 3677 in
1454 3623 1686 3694 Egypto
1718 3626 1892 3696 signa,
1924 3643 2042 3695 qua:
2071 3628 2318 3683 videlicet

752 3712 917 3782 digito
947 3710 1037 3765 Dei
1088 3712 1405 3777 edebantur,
1428 3724 1482 3767 et
1513 3716 1823 3768 admiranda
1876 3715 1966 3770 Dei
2016 3717 2165 3785 signa
2195 3733 2314 3771 cum

755 3805 958 3872 Spiritu
984 3803 1415 3873 perliciebantur.
1462 3804 1628 3861 Porro
1663 3807 1751 3860 Dei
1781 3807 1978 3877 digitus
2011 3808 2062 3861 in
2106 3809 2171 3862 iis
2200 3826 2317 3876 quae

752 3911 782 3947 ι
817 3895 995 3968 Moyse
1024 3907 1079 3951 et
1103 3897 1325 3952 Domino
1360 3898 1498 3954 facta
1534 3910 1655 3953 sunt
1683 3900 1865 3967 signis,
1885 3901 2061 3955 dictus
2081 3911 2163 3954 est
2198 3901 2315 3970 δρία

752 3988 889 4042 ritus
929 4005 942 4042 :
976 4006 1080 4043 non
1135 3993 1278 4059 quod
1320 3993 1389 4047 sit
1420 3994 1612 4062 exigua
1648 3994 1891 4064 quaedam
1939 3997 2173 4063 potentia
2212 4012 2315 4050 una

750 4094 873 4133 cum
906 4080 1011 4133 Deo
1041 4082 1327 4144 exsistens,
1358 4086 1809 4149 quemadmodum
1845 4086 1895 4137 in
1924 4100 2151 4153 corpore
2180 4088 2316 4157 digi-

752 4180 862 4235 tus,
892 4171 985 4225 sed
1012 4172 1152 4241 quod
1179 4187 1243 4225 ex
1279 4172 1342 4224 iis
1368 4172 1509 4227 illius
1544 4174 1698 4227 donis
1728 4188 1847 4241 qua:
1873 4190 1968 4241 per
2001 4177 2317 4232 divisionem

754 4260 909 4326 ﬁunt,
942 4276 1103 4315 unum
1160 4260 1375 4329 aliquod
1414 4272 1496 4316 est
1540 4262 1818 4332 signorum
1864 4278 1928 4316 ac
1976 4267 2317 4321 sanationum

753 4354 974 4415 donum,
999 4364 1279 4423 propterea
1314 4372 1477 4409 unum
1512 4354 1746 4425 aliquod,
1770 4370 1875 4409 non
1914 4358 2167 4410 universa
2194 4359 2317 4427 Spi-

753 4447 892 4499 ritus
932 4446 1097 4510 dona,
1132 4449 1357 4518 digitum
1412 4458 1592 4503 vocat.
1644 4447 1785 4501 Nam
1834 4450 1954 4502 huic
1995 4449 2201 4517 quidem
2228 4467 2319 4516 per

2420 612 2844 679 συγκατὰὀασιν,
2872 612 2930 663 οὺ
2966 612 3062 681 τὴν
3092 614 3155 662 ὲκ
3177 612 3341 664 τόπου
3375 616 3452 676 είς
3478 613 3639 664 τόπον
3671 617 3983 680 μετάδασιν.

2419 704 2539 755 Ὅτι
2569 704 2807 772 Πνεῦμα
2836 703 3055 770 Kvpt'ov
3094 702 3447 768 πεπλήρωκε
3469 704 3582 772 τὴν
3606 706 3984 773 Οὶκουμένην,

2413 795 2509 846 καὶ
2542 796 2605 847 τὸ
2629 797 2893 864 συνέχον
2915 793 2983 847 τὰ
3009 792 3203 846 πάντα
3230 793 3455 861 γνῶσιν
3484 799 3607 865 ἔχει
3632 794 3842 866 φωής
3859 797 3983 863 (89).

2416 886 2524 939 Καὶ
2552 888 2580 938 6
2602 889 2830 955 ἄγγελος
2852 889 2916 956 τῇ
2937 886 3124 957 Μαρίᾳ
3138 901 3153 914 ·
3182 885 3418 953 Πνεῦμα
3442 891 3661 954 Κυρίου
3677 888 3987 942 ἐπελεύσε-

2412 995 2504 1031 ται
2520 977 2612 1029 ἐπὶ
2628 979 2816 1033 σέ’διύ
2829 977 2997 1031 καὶτὸ
3010 977 3378 1046 γεννώμενον
3387 980 3452 1031 ἐκ
3464 981 3812 1049 Πνεύματος
3823 982 3947 1051 ἁγία
3957 999 3985 1031 υ

2414 1068 2563 1121 ἐστι’.
2595 1068 2664 1119 Τὸ
2697 1068 2758 1119 ἔκ
2790 1066 2985 1135 τινοςῆ
3016 1067 3416 1138 δημιουργικῶς
3442 1070 3585 1120 ἐστιν
3618 1070 3679 1135 ἐξ
3701 1072 3893 1135 αὑτοῦ,
3918 1070 3986 1133 ὡς

2418 1158 2496 1221 τὸ,
2546 1153 2649 1222 Εἷς
2686 1158 2830 1222 Θεὸς
2865 1160 2896 1209 ὁ
2928 1155 3128 1222 Πατὴρ
3160 1156 3228 1217 ἐξ
3260 1153 3332 1211 οὗ
3364 1161 3435 1211 τὰ
3462 1156 3692 1209 πάντα·
3728 1159 3759 1227 ἢ
3797 1178 3983 1229 γεννη-

2416 1245 2602 1307 τικῶς,
2632 1246 2771 1297 κατὰ
2800 1246 2879 1306 τὸ,
2915 1243 3051 1312 Ἐγὼ
3090 1245 3157 1296 ἐκ
3181 1245 3287 1298 τοῦ
3314 1246 3539 1317 Πατρός
3567 1244 3838 1312 ἐξῆλθον
3856 1264 3869 1276 ο
3901 1251 3985 1300 καὶ

2416 1336 2493 1397 τὸ,
2540 1336 2633 1388 Ἐκ
2663 1338 2917 1405 γαστρὸς
2938 1334 3049 1403 πρὸ
3089 1335 3393 1404 ἑωσφόρου
3427 1338 3727 1408 ἐγέννησά
3754 1353 3851 1390 σε.
3882 1340 3984 1408 Οὐχ

2418 1430 2499 1482 ὅτι
2527 1430 2767 1498 γαστέρα
2786 1430 2894 1499 ἔχει
2924 1430 2951 1480 6
2975 1429 3126 1491 Θεὸς,
3149 1429 3262 1481 ἀλλ’
3294 1433 3413 1483 ἐπεὶ
3434 1432 3501 1485 τά
3536 1432 3645 1502 (90)
3669 1432 3874 1500 γνήσια
3900 1434 3985 1482 καὶ

2418 1520 2477 1572 οὐ
2514 1518 2640 1570 νόθα
2683 1524 2995 1589 γεννήματα
3022 1520 3084 1570 ὲκ
3110 1521 3344 1590 γαστρὸς
3366 1522 3472 1574 τῶν
3504 1522 3710 1575 τοκέων
3744 1520 3987 1589 πεφύκα-

2421 1625 2503 1659 σιν
2538 1608 2956 1675 ἀπογεννᾶσθαι,
2984 1608 3222 1679 γαστέρα
3255 1609 3397 1679 ἔχειν
3447 1613 3637 1663 ἑαυτὸν
3666 1620 3723 1664 εν
3754 1612 3834 1680 τῷ
3871 1628 3985 1676 γεν-

2420 1702 2515 1770 νᾷν
2546 1700 2829 1771 ὠνόμασεν
2868 1703 2895 1752 ὁ
2933 1700 3093 1763 Θεὸς,
3133 1700 3267 1771 πρὸς
3310 1703 3572 1774 ἐντροπὴν
3602 1704 3712 1755 τῶν
3756 1702 3983 1765 ἀσεὸὦν,

2420 1793 2527 1855 ἵνα,
2556 1792 2658 1846 κᾶν
2688 1795 2786 1864 τὴν
2836 1793 3040 1846 ἑαυτῶν
3086 1797 3516 1865 κατανοήσαντες
3546 1795 3729 1860 φύσιν,
3781 1794 3984 1865 μάθωσι

2419 1887 2640 1955 γνήσιον
2679 1886 2818 1939 εἶναι
2857 1884 3066 1955 καρπὸν
3111 1884 3204 1938 τοῦ
3242 1886 3450 1954 [ἰατρὸς
3486 1885 3576 1935 τὸν
3611 1885 3761 1950 Υἱὸν,
3805 1888 3985 1953 ὥσπερ

2420 1980 2482 2033 ὲκ
2516 1980 2616 2049 τῆς
2646 1980 2849 2032 ἐκείνου
2876 1976 3212 2047 τυγχάνοντα
3234 1978 3486 2047 γαστρός.
3522 1976 3593 2027 Τὸ
3625 1977 3688 2029 ἐκ
3720 1996 3868 2039 τινος
3895 1977 3986 2029 τοὶ-

2421 2090 2534 2132 νυν,
2587 2071 2618 2140 ἢ
2681 2070 3106 2140 δημιουργικῶς,
3152 2071 3184 2141 ἢ
3234 2067 3594 2137 γεννητικῶς,
3653 2069 3686 2138 ἦ
3745 2067 3986 2137 φυσικῶς

2420 2166 2566 2217 ἐστιν
2608 2162 2666 2227 ἐξ
2702 2161 2887 2225 αὑτοῦ,
2944 2163 3019 2225 ὼς
3061 2166 3092 2233 ἡ
3139 2162 3383 2231 ἐνέργεια
3425 2159 3578 2230 ἡμῶν
3628 2159 3687 2222 ἐξ
3733 2161 3916 2229 ἡμῶν,
3955 2156 3985 2228 ἠ

2419 2256 2494 2319 ὡς
2519 2255 2578 2308 τὸ
2623 2254 2959 2324 ἀπαύγασμα
2999 2254 3091 2307 τοῦ
3130 2253 3279 2320 ἡλίου
3316 2251 3375 2315 ἐξ
3402 2252 3587 2304 αὐτοῦ.
3621 2252 3683 2302 Εἰ
3719 2250 3902 2301 τοίνυν
3936 2250 3987 2300 τὸ

2423 2347 2785 2418 ὑπερκόσμιον
2812 2347 2922 2417 (91)
2953 2347 3110 2416 σῶμα
3132 2346 3367 2415 Χριστοῦ
3402 2348 3464 2398 ὲκ
3487 2343 3807 2415 Πνεῦματός
3848 2344 3988 2395 ἐστιν

2421 2441 2597 2507 ἁγίου,
2624 2438 2682 2491 οὺ
2706 2438 2928 2491 δυνατὸν
2948 2439 3003 2491 δὲ
3021 2437 3264 2506 γέννημα
3289 2437 3449 2491 αὑτοῦ
3484 2438 3774 2509 ὑπάρχειν,
3810 2437 3892 2488 ὅτι
3923 2435 3988 2488 T6

2422 2530 2854 2601 γεγεννημένον
2885 2531 2952 2582 ἐκ
2991 2528 3097 2595 τῆς
3130 2528 3355 2596 σαρκὸς
3387 2528 3541 2595 σάρξ
3580 2530 3737 2580 ἐστι·
3787 2527 3886 2579 καὶ
3926 2526 3986 2578 τὸ

2422 2620 2854 2692 γεγεννημένον
2900 2622 2969 2674 ἐκ
3012 2620 3117 2673 τοῦ
3151 2622 3487 2687 πνεύματος
3528 2619 3768 2685 πνεῦμά
3800 2619 3983 2671 ἐστιν.

2422 2716 2543 2768 Οὐδ’
2580 2711 2645 2769 αὖ
2681 2715 2838 2769 πάλιν
2880 2713 2938 2778 ἐξ
2986 2712 3149 2765 αὑτοῦ
3181 2712 3254 2772 ὡς
3285 2710 3531 2781 ἐνέργεια
3572 2708 3761 2774 αὑτοῦ,
3791 2710 3875 2760 ὅτι
3901 2711 3989 2760 ἐπὶ

2420 2806 2597 2875 ἁπλῆς
2638 2808 2729 2858 καὶ
2780 2805 3071 2876 ἀσωμάτου
3126 2804 3338 2874 φύσεως
3396 2802 3484 2855 τὸν
3532 2801 3695 2855 αὐτὸν
3751 2800 3856 2869 τῆς
3906 2802 3989 2852 οῦ-

2422 2896 2540 2958 σίας
2574 2896 2684 2965 (92)
2710 2897 2864 2964 λόγον
2904 2898 3208 2966 ἐπιδέχεται
3238 2898 3269 2967 ή
3306 2896 3574 2967 ἐνέργεια.
3610 2894 3986 2948 ’Υπολεῖπεται

2419 2988 2525 3059 ἄρα
2565 2988 2623 3051 ἐξ
2668 2989 2831 3041 αὑτοῦ
2865 2984 3003 3041 εἶναι
3044 2988 3119 3051 ὡς
3166 2990 3369 3058 κτίσμα
3420 2988 3602 3042 αὑτοῦ.
3645 2989 3807 3040 Ἀλλά
3847 2990 3987 3040 καὶὸ

2420 3080 2677 3145 δάκτυλος
2724 3082 2818 3134 τοῦ
2861 3080 2996 3133 Θεοῦ
3039 3082 3067 3132 6
3128 3081 3445 3149 μεταϐαλὼν
3489 3084 3545 3133 ὲν
3593 3080 3857 3147 Αίγύπτῳ
3902 3080 3987 3132 τὸν

2421 3173 2546 3244 χοῦν
2594 3175 2673 3238 είς
2708 3172 2855 3237 ζῶα,
2907 3174 3005 3244 τὴν
3056 3172 3293 3244 ἀρχῆθεν
3340 3172 3447 3224 τῶν
3500 3171 3653 3236 ζώων
3706 3172 3987 3238 ἀναδείξας

2421 3268 2654 3335 γένεσιν,
2690 3269 2717 3319 ὁ
2746 3266 3103 3337 Παράκλητος
3140 3261 3229 3334 ἦν,
3256 3266 3316 3317 τὸ
3336 3262 3559 3335 Πνεῦμα
3582 3264 3680 3335 τῆς
3709 3266 3985 3338 ἀληθείας.

2421 3359 2539 3411 Τῶν
2570 3359 2679 3429 γὰρ
2720 3358 2883 3428 τριῶν
2915 3355 3314 3423 εὑαηελιστῶν
3341 3358 3627 3427 φησάντων
3670 3359 3809 3429 πρὸς
3858 3360 3988 3411 Ἰουο

2419 3452 2597 3512 δαίους
2625 3449 2901 3519 εἰρηκέναι
2930 3448 3017 3501 τὸν
3051 3448 3253 3519 Κύριον
3278 3465 3291 3477 ·
3356 3453 3426 3502 Ei
3458 3450 3525 3502 δὲ
3559 3450 3673 3519 ἐγὼ
3701 3452 3769 3503 ἐν
3806 3451 3985 3502 Πνεύ-

2413 3559 2553 3610 ματι
2588 3539 2734 3594 Θεοῦ
2774 3539 3044 3593 ἐκϐάλλω
3096 3542 3168 3594 τὰ
3218 3542 3511 3606 δαιμόνια,
3562 3544 3673 3611 ἄρα
3724 3544 3991 3608 ἔφθασεν

2417 3634 2507 3701 ἐφ’
2535 3618 2688 3701 ὑμᾶς·
2729 3633 3075 3698 ήβασιλεία
3122 3634 3226 3687 τοῦ
3279 3635 3424 3688 Θεοῦ
3452 3653 3465 3666 ·
3506 3636 3533 3686 6
3572 3635 3779 3694 Λουκᾶς
3830 3649 3987 3700 φησιν

2418 3725 2693 3795 εἰρηκέναι
2727 3724 2888 3777 αὐτόν
2914 3742 2929 3757 σ
2961 3726 3025 3777 El
3062 3725 3129 3778 δὲ
3151 3726 3264 3794 ἐγὼ
3292 3728 3360 3778 ἐν
3392 3725 3667 3785 δακτύλῳ
3703 3721 3854 3775 Θεοῦ
3896 3725 3988 3775 ἐκ-

2419 3818 2616 3871 ϐάλλω
2640 3818 2710 3871 τὰ
2738 3817 3029 3887 δαιμόνια,
3064 3818 3177 3882 ἄρα
3220 3818 3483 3884 ἔφθασεν
3527 3815 3617 3883 ἐφ’
3640 3813 3794 3883 ὑμᾶς
3818 3817 3854 3881 ἡ
3878 3815 3987 3877 βα·

2418 3912 2615 3965 σιλεία
2656 3908 2775 3962 τῶν
2814 3909 3102 3978 οὐρανῶν.
3137 3907 3340 3960 Οὐκοῦν
3367 3907 3460 3957 καὶ
3488 3906 3554 3957 τὰ
3584 3905 3670 3956 διὰ
3710 3894 3985 3965 Μωῦσὲως

2418 4003 2682 4072 γενόμενα
2729 4003 2785 4053 ὲν
2832 4002 3089 4069 Αἰγύπτῳ
3138 4001 3359 4070 σημεῖα,
3392 3997 3533 4067 ἅπερ
3560 3996 3807 4065 δακτύλῳ
3854 3994 3985 4046 Θεοῦ

2420 4093 2636 4162 ἐγένετο
2660 4091 2791 4161 (9'5),
2821 4091 2913 4143 καὶ
2938 4088 3005 4142 τά
3044 4087 3324 4160 παράδοξα
3359 4085 3451 4138 τοῦ
3482 4084 3619 4137 Θεοῦ
3652 4088 3854 4154 σημεῖα
3883 4087 3991 4136 ἐτε-

2420 4185 2788 4253 λεσιουργεῖτο
2828 4181 2924 4233 σὺν
2964 4180 3039 4249 τῷ
3081 4179 3379 4249 Πνεύματι.
3417 4176 3687 4237 Δάκτυλος
3736 4175 3794 4227 δὲ
3854 4174 3985 4227 Θεοῦ

2421 4274 2477 4325 ὲν
2506 4273 2712 4333 τούτοις
2734 4274 2844 4333 τοῖς
2861 4270 2964 4323 ὑπὸ
2985 4270 3263 4331 Μωῦσὲως
3292 4271 3386 4321 καὶ
3415 4270 3525 4329 τοῖς
3549 4265 3643 4319 τοῦ
3662 4264 3865 4337 Κυρίου
3895 4282 3986 4334 ση-

2424 4362 2596 4431 μείοις
2646 4362 2861 4432 εἴρηται
2894 4362 2952 4412 τὸ
3000 4359 3243 4428 Πνεῦμα,
3290 4359 3386 4426 οὑχ
3420 4359 3499 4409 ὅτι
3548 4358 3721 4426 μικρὰ
3762 4355 3847 4418 τίς
3875 4360 3985 4407 ἐστι

2419 4453 2496 4522 τῷ
2546 4453 2665 4521 Θεῷ
2709 4453 2944 4505 συνοῦσα.
2990 4451 3254 4519 δύναμις,
3309 4449 3556 4517 καθάπερ
3624 4447 3839 4517 σώματι
3898 4445 3988 4497 δάε

750 4535 1013 4604 Spiritum
1063 4542 1221 4593 datur
1264 4558 1433 4594 sermo
1476 4542 1749 4608 sapientia:
1788 4558 1806 4594 :
1846 4541 1942 4594 alii
1985 4557 2105 4593 vero
2150 4558 2318 4595 sermo
2353 4542 2391 4595 υ

2424 4543 2633 4605 κτυλος,
2680 4542 2792 4595 ἀλλ’
2830 4542 3014 4610 ἐπειδὴ
3058 4542 3116 4594 ἒν
3155 4558 3205 4594 τι
3248 4539 3355 4591 τῶν
3403 4538 3545 4591 κατὰ
3587 4538 3849 4607 διαίρεσιν
3894 4554 3986 4605 χα-

748 4630 999 4693 uientiw,
1021 4633 1303 4687 secundum
1328 4632 1563 4685 eumdem
1582 4630 1832 4699 Spiritum
1870 4646 1889 4683 :
1923 4630 2018 4683 alii
2039 4648 2153 4684 vero
2177 4633 2315 4683 dona

828 4810 871 4839 κ’
912 4806 1039 4875 Sap.
1087 4826 1126 4871 l,
1165 4805 1219 4858 7.
1327 4808 1373 4838 ⁸⁸
1426 4807 1556 4867 [.uc.
1586 4823 1622 4870 t,
1680 4809 1782 4875 55;
1828 4809 2012 4868 Matth.
2055 4829 2092 4875 t,
2121 4812 2211 4867 21.

2324 4812 2411 4863 ⁸⁸1
2447 4812 2568 4869 Cor.
2603 4826 2716 4871 vm.
2747 4812 2797 4864 6.

2427 4630 2706 4700 ρισμάτων
2748 4628 2911 4682 αὑτοῦ
2952 4632 3067 4682 ἐστι
3108 4628 3167 4681 τὸ
3200 4627 3443 4697 χάρισμα
3482 4626 3589 4677 τῶν
3626 4628 3866 4696 σημείων
3896 4631 3983 4679 καὶ

2895 4811 2940 4847 ’θ
2970 4809 3125 4864 .loan.
3158 4826 3267 4872 xw,
3301 4808 3393 4863 ΞΒ.
3504 4810 3547 4841 ⁹¹
3578 4808 3722 4863 Psal.
3780 4825 3891 4875 cu,
3927 4809 3981 4863 3.

747 4881 791 4913 "
819 4879 1067 4941 .Ioan.tu,
1091 4880 1141 4933 6.
1218 4878 1263 4911 ’³
1290 4878 1456 4933 Exod.
1480 4895 1592 4942 vut,
1634 4879 1721 4932 l7.
1799 4882 1843 4912 ”
1867 4884 2053 4936 Matth.
2083 4900 2183 4947 xu,
2216 4882 2306 4937 28.
2381 4884 2425 4913 "
2453 4883 2581 4938 Luc.
2612 4898 2688 4942 ιι,
2721 4882 2811 4935 20.

820 5040 932 5113 (89)
974 5040 1112 5113 Editi
1148 5038 1354 5113 φωνῆς.
1399 5040 1612 5113 Καὶ-τὸ
1657 5040 1915 5113 τωεῦμα.
1945 5042 2173 5099 Codices
2214 5044 2320 5099 duo

746 5110 1440 5183 Βεζιίίίφωνῇςᾷηνεῦμα.
1476 5111 1575 5183 Alii
1603 5110 1839 5183 quatuor
1866 5112 2048 5166 itidem
2080 5114 2233 5183 Regii
2265 5123 2321 5168 et

746 5185 900 5241 Coll).
925 5180 1130 5250 φωνῆς.
1152 5180 1312 5254 _K_a.l.6
1338 5180 1565 5249 ἄγγελος
1591 5185 1655 5252 τῇ
1680 5182 1901 5254 Μαρία·
1935 5180 2176 5254 Πνεῦμα,
2202 5200 2320 5251 quae

748 5255 911 5308 verba
948 5254 1022 5325 ita
1059 5251 1527 5325 divideudastmt.
1587 5264 1641 5305 ut
1674 5251 2319 5325 haec._ﬂvex3pa'l{upiou

748 5336 878 5385 etc..
937 5320 1247 5381 reierantur
1301 5322 1364 5373 ad
1412 5320 1610 5375 Lucam
1658 5339 1698 5386 ι,
1757 5321 1860 5386 35;
1908 5320 2000 5375 illa
2048 5320 2321 5386 vero,'At6

748 5394 862 5459 καί,
886 5403 1016 5452 etc.,
1049 5391 1357 5444 tribuantur
1405 5390 1656 5445 Matthteo
1696 5409 1734 5458 ι,
1780 5390 1869 5445 20.
1926 5392 2322 5459 Trapezuntius

749 5465 933 5526 vertit,
963 5460 1296 5533 Quapropter
1340 5472 1389 5533 et
1431 5464 1571 5533 quod
1601 5465 1654 5515 in
1688 5481 1749 5533 ea
1790 5471 1970 5533 natum
2009 5475 2105 5528 est,
2141 5466 2316 5533 inepte

749 5547 909 5588 utens
957 5532 1256 5599 praterito,
1303 5530 1391 5584 ubi
1441 5532 1542 5585 sibi
1592 5532 1847 5586 utendum
1902 5531 2075 5585 fuerat
2114 5530 2311 5599 futuro,

748 5610 1063 5674 quapmpter
1088 5610 1134 5655 et
1157 5601 1301 5674 quod
1348 5612 1605 5674 nascetur.
1629 5602 1703 5674 AEt
1726 5609 1880 5674 certe
1900 5602 1970 5674 ita
1996 5606 2311 5674 vertendum

748 5670 889 5734 esse,
922 5670 1168 5735 cognosci
1200 5680 1397 5737 potest,
1430 5673 1509 5725 vel
1539 5676 1603 5726 de
1626 5672 1767 5727 Luca
1804 5689 1841 5730 ι.
1868 5671 1957 5731 55.
1994 5673 2085 5725 ubi
2119 5673 2197 5726 sic
2240 5674 2315 5726 le-

750 5746 894 5811 gitur
928 5757 940 5792 :
981 5738 1204 5811 l_deoque
1224 5752 1269 5791 et
1299 5744 1436 5808 quod
1466 5752 1711 5795 nascetur
1735 5753 1799 5801 ea:
1832 5751 1878 5793 te
1915 5750 2192 5806 sanctum,
2226 5761 2310 5794 vo-

750 5808 953 5870 cabitur
975 5809 1022 5863 Γ
1027 5810 1146 5864 ilius
1177 5808 1289 5865 Dei.
1320 5811 1496 5867 Possis
1516 5822 1692 5868 tamen
1722 5813 1947 5869 fortasse
1971 5828 2154 5869 vocem
2187 5830 2307 5882 γεν-

2418 5042 2657 5113 νὼμενον
2686 5040 2838 5094 aliter
2866 5039 3194 5113 exprimere,
3228 5052 3323 5113 nec
3365 5044 3543 5113 tamen
3575 5051 3607 5089 a
3643 5050 3803 5113 sensu
3833 5038 3980 5113 Scri-

2420 5107 2592 5181 plura:
2619 5113 2872 5165 aberrare
2892 5151 2907 5173 ,
2938 5107 2983 5163 si
3011 5109 3257 5162 videlicet
3285 5108 3355 5159 ita
3389 5107 3765 5181 interpreteris
3799 5126 3811 5159 :
3842 5107 3983 5171 Qua-

2419 5175 2631 5251 propter
2650 5194 2694 5235 et
2722 5182 2816 5234 ltoc
2847 5180 2983 5249 quod
3027 5187 3326 5247 conceptum
3352 5188 3426 5230 est
3468 5192 3532 5230 ea:
3564 5175 3770 5244 Spiritu
3803 5191 3980 5229 sancto

2419 5267 2512 5305 εει.

2492 5321 2605 5390 (90)
2641 5320 2782 5375 eam
2811 5318 2924 5372 ἀλλ’
2956 5319 3038 5371 ὅτι
3087 5315 3173 5371 τά.
3212 5314 3358 5370 Libri
3389 5316 3596 5385 antiqui
3638 5330 3829 5373 omnes
3871 5316 3982 5369 ἀλλ’

2420 5393 2540 5446 ἐπεὶ
2571 5392 2659 5445 τά.

2486 5462 2595 5529 (9l)
2647 5459 3087 5527 'Trtepxdcrptor,
3114 5455 3333 5529 verbum
3362 5469 3393 5509 e
3416 5455 3582 5510 verbo
3599 5456 3977 5523 supermunda-

2411 5525 2554 5585 num.
2580 5525 2872 5597 'Ittterpt'es.
2904 5525 3326 5597 supernaturale.

2478 5601 2589 5671 (92)
2614 5595 2950 5671 Αιιιῖρυίθιιυ
2970 5596 3084 5649 libri
3106 5605 3159 5647 et
3183 5597 3310 5671 editi
3344 5595 3446 5671 τῆς
3462 5595 3676 5671 οὐσίας..
3708 5595 3806 5647 Alii
3827 5595 3976 5671 quin-

2408 5663 2513 5738 que
2540 5663 2667 5724 mss.
2700 5663 2772 5739 τῇ
2792 5669 2970 5737 οὐσίᾳ,
3033 5666 3267 5733 Operatio
3294 5669 3527 5719 eamdem
3574 5667 3830 5729 rationein
3888 5663 3974 5718 ha-

2410 5744 2489 5795 bet
2518 5756 2673 5809 quam
2705 5740 3017 5793 substantia.

2477 5806 2587 5877 (9V5)
2618 5811 2724 5883 [leg
2779 5820 2999 5880 quartus
3031 5807 3165 5861 Θεοῦ
3196 5806 3417 5874 ἐγίνετο.
