4208 6474
222 445 322 499 717

1332 442 1698 498 ADVERSUS
1740 443 2098 499 EUNOMIUM
2135 446 2265 505 LIB.
2306 445 2370 500 Υ.

3361 447 3464 499 718

222 566 486 634 ἰαμάτων,
523 563 584 614 τὸ
623 562 681 614 ἓν
725 579 797 625 τι,
836 564 926 616 καὶ
953 563 1072 631 οὐχὶ
1103 561 1169 613 τὰ
1211 562 1306 614 ὅλα
1349 562 1662 630 rapidum:
1691 561 1782 613 τοῦ

1888 564 2240 628 sanationum,
2269 565 2322 614 in
2345 562 2521 615 eodem
2572 559 2773 627 Spiritu
2805 560 2940 614 :alii
2983 578 3096 615 vero
3151 565 3462 630 prophetia:

219 656 554 725 Πνεύματος,
587 655 845 707 δάκτυλον
872 655 1022 705 καλεῖ
1042 653 1172 722 (94).
1195 646 1266 721 ᾯ
1295 653 1540 720 μὲνγὰρ
1569 653 1664 705 διὰ
1681 652 1787 705 τοῦ

218 749 563 814 Π-νεύματος
590 745 813 799 δίδοται
834 749 1012 812 λόγος
1047 745 1286 811 σοφίας,
1316 743 1484 808 ἄλλῳ
1513 741 1580 795 δὲ
1610 745 1789 812 λόγος

218 838 513 905 γνώσεως,
568 838 717 890 κατὰ
749 838 812 890 τὸ
849 836 994 889 αὐτὸ
1026 835 1285 904 Πνεῦμα,
1323 834 1493 897 ἄλλῳ
1533 836 1601 887 δὲ
1635 836 1791 903 χαρί-

219 946 417 997 σματα
445 927 720 996 ἰαμάτων,
736 929 806 980 ἐν
815 925 893 990 τῷ
907 926 1065 990 αὐτῷ
1078 928 1376 994 Πνεύματι
1395 924 1526 994 (95).
1545 924 1712 990 ἄλλῳ
1723 923 1791 976 δὲ

219 1022 569 1089 προφητεία,
597 1020 761 1084 ἄλλῳ
796 1017 863 1069 δὲ
901 1016 1195 1084 διάκρισις
1219 1015 1592 1083 πνευμάτων,
1626 1015 1791 1080 ἄλλῳ

219 1113 290 1165 δὲ
300 1114 442 1182 γένη
463 1109 945 1182 γλωσσῶν,ἄλλιε)
958 1108 1024 1161 δὲ
1036 1110 1316 1178 ἑρμηνεία
1329 1106 1644 1177 γλωσσῶν.
1658 1106 1791 1159 Ταῦ-

218 1220 293 1258 τα
325 1204 392 1257 δὲ
424 1203 616 1256 πάντα
655 1200 884 1269 ἐνεργεῖ
906 1199 972 1252 τό
1002 1199 1080 1252 ἐν’
1102 1201 1198 1252 καὶ
1233 1199 1297 1251 τό
1330 1198 1473 1252 αὺτό
1515 1197 1752 1264 Πνεῦμα
1771 1237 1784 1259 ,

217 1295 487 1364 διαιροῦν
511 1294 630 1360 ἰδίᾳ
652 1293 887 1355 ἑκάστῳ
909 1291 1104 1357 καθὼς
1145 1291 1456 1355 βούλεται.
1491 1287 1649 1339 Εἴποι
1676 1286 1785 1354 (96)

217 1407 305 1450 τις
338 1388 422 1450 ἂν,
448 1388 527 1438 ὅτι
560 1384 731 1438 ταῦτα
765 1385 941 1438 πάντα
957 1384 1165 1437 κα“ιὸσα
1186 1382 1320 1437 ἄλλα
1342 1378 1659 1450 χαρίσματα
1684 1381 1788 1430 εἰσι

217 1479 315 1532 τοῦ
346 1478 676 1548 Πνεῦματος,
717 1477 904 1548 ὥσπερ
935 1495 985 1530 τι
1019 1477 1177 1544 σῶμα
1220 1472 1383 1526 αὐτοῦ
1412 1472 1689 1540 τυγχάνει,
1731 1471 1790 1522 τὸ

217 1571 278 1623 δὲ
302 1568 418 1622 καθ’
441 1568 496 1620 ἓν
531 1569 635 1621 τῶν
661 1570 1011 1641 χαρισμάτων
1041 1566 1322 1627 δάκτυλος.
1376 1565 1486 1618 Καὶ
1532 1563 1690 1617 τοῦτο
1735 1563 1789 1616 δὲ

217 1660 280 1711 τὸ
331 1661 596 1730 χρήσιμον
631 1661 726 1728 τῆς
767 1659 962 1722 λέξεως
1021 1658 1095 1727 μὴ
1144 1655 1388 1728 παρίδοις
1422 1655 1550 1722 (97).
1593 1655 1792 1707 Πάντα

217 1752 348 1823 γὰρ,
368 1756 564 1824 φήσας,
597 1753 778 1806 ταῦτα
805 1749 1030 1818 ἐνεργεῖ
1052 1749 1119 1802 τὸ
1153 1749 1394 1818 Πνεῦμα
1424 1747 1617 1812 καθὼς
1641 1749 1790 1812 βού-

215 1850 386 1900 λεται
407 1864 419 1875 ·
466 1848 558 1899 καὶ
589 1845 716 1916 περὶ
747 1842 838 1894 τοῦ
866 1841 1000 1895 Θεοῦ
1038 1844 1065 1895 ὁ
1094 1841 1254 1905 αὐτὸς
1284 1842 1417 1911 ἔφη’
1449 1840 1556 1894 Καὶ
1579 1838 1790 1907 διαιρέ-

1892 653 1986 705 alii
2024 669 2139 706 vero
2164 653 2411 706 discretio
2437 653 2717 718 spirituum
2740 668 2757 706 :
2781 652 2872 705 alii
2894 667 3009 705 vero
3034 669 3222 721 genera
3258 654 3465 722 lingua-

1892 761 2029 810 rum,
2069 745 2163 797 alii
2194 761 2309 798 vero
2360 747 2725 812 interpretatio
2762 744 3083 814 linguarum.
3125 743 3252 797 Hrcc
3291 757 3463 798 autent

1894 834 2070 888 omnia
2109 835 2254 904 efﬁcit
2280 849 2414 886 unus
2448 833 2536 886 ille
2570 844 2616 886 et
2648 835 2785 886 idem
2817 832 3318 901 Spiritus,-diuidens
3353 837 3464 902 pri-

1897 927 2050 977 vatim
2084 925 2362 993 unicuique
2385 925 2540 977 sicuti
2559 924 2744 978 vult".
2765 924 2940 978 Possit
2969 924 3090 992 quis
3119 924 3297 979 dicere
3318 929 3462 992 quod

1896 1016 2071 1070 omnia
2110 1016 2242 1081 ha’c,
2274 1027 2325 1070 et
2354 1032 2686 1087 quaecunque
2724 1016 2825 1069 alia
2857 1017 2996 1072 dona
3054 1016 3285 1086 Spiritus
3317 1027 3461 1077 sunt.

1893 1109 2058 1163 veluti
2087 1124 2286 1178 corpus
2324 1110 2592 1178 quoddam
2614 1110 2734 1179 ejus
2763 1109 3083 1175 habeantur,
3122 1109 3460 1176 unumquod-

1888 1215 1992 1270 que
2021 1216 2148 1254 vero
2174 1202 2372 1256 donum
2405 1203 2622 1272 digitus.
2662 1203 2926 1256 Caeterum
2961 1211 3013 1255 et
3046 1203 3184 1255 hanc
3211 1201 3462 1255 dictionis

1891 1294 2175 1348 utilitatem
2207 1311 2274 1348 ne
2303 1296 2561 1365 negligas.
2593 1294 2724 1349 Cum
2767 1296 2913 1348 enim
2953 1295 3183 1348 dixisset
3221 1308 3236 1347 :
3273 1293 3461 1348 Omnia

1893 1389 2001 1442 lucc
2024 1389 2185 1457 efﬁcit
2212 1389 2437 1455 Spiritus
2465 1389 2616 1442 sicuti
2650 1388 2790 1453 vult;
2822 1388 2984 1441 etiam
3019 1387 3082 1441 de
3112 1387 3216 1440 Deo
3241 1387 3463 1454 ipsemet

1892 1482 2025 1534 dixit
2051 1500 2064 1535 :
2091 1482 2155 1534 Et
2172 1482 2451 1536 divisiones
2493 1482 2850 1549 operationum
2869 1480 3033 1548 299
3047 1489 3189 1541 sunt,
3214 1481 3303 1532 sed
3328 1479 3463 1531 idem

1892 1571 2308 1640 Deus,e{/iciens
2342 1573 2514 1625 omnia
2562 1573 2616 1624 in
2668 1574 2903 1625 omnibus
2922 1572 2987 1621 "’.
3031 1571 3180 1636 Quod
3214 1571 3257 1625 si
3283 1571 3463 1624 omnia

1891 1658 2053 1713 eﬂicit
2089 1660 2230 1713 Deus
2259 1661 2398 1713 sicut
2428 1660 2562 1724 vult,
2583 1661 2696 1713 inec
2727 1671 2904 1713 autem
2929 1659 3108 1711 omnia
3139 1657 3300 1711 etlicit
3323 1673 3464 1711 unus

1892 1749 1981 1804 ille
2026 1760 2079 1805 et
2127 1751 2264 1804 idem
2320 1751 2579 1821 Spiritus,
2611 1752 2856 1806 dividens
2902 1752 3148 1819 privatim
3175 1751 3464 1820 unicuique

1890 1842 2047 1897 sicuti
2083 1843 2229 1908 vult;
2279 1844 2547 1912 quomodo
2606 1844 2890 1899 diversitas
2939 1843 3253 1896 substantia:
3277 1842 3462 1903 fuerit.

214 1951 348 2002 σεις
373 1934 784 2004 ἐνεργημάτων
807 1932 984 1995 εἰσὶν,
1014 1936 1045 1986 ό
1078 1933 1145 1984 δὲ
1163 1933 1343 1996 αὐτὸς
1371 1930 1533 1996 Θεὸς,
1571 1934 1601 1982 ό
1631 1931 1787 1995 ἐνερ-

1892 1934 1981 1987 ubi
2014 1936 2345 2004 operationis
2379 1937 2723 2006 cognoscitur
2747 1936 2999 1988 identitas
3027 1936 3050 1988 ἲ
3079 1936 3287 1989 Etenim
3323 1936 3365 1988 si
3391 1935 3465 1987 di.

216 2023 338 2098 γῶν
365 2026 437 2079 τὰ
466 2025 660 2077 πάντα
705 2023 813 2094 (98)
855 2024 924 2076 ἐν
961 2023 1132 2077 πᾶσι.
1170 2025 1231 2075 Εἰ
1272 2024 1327 2075 δὲ
1359 2023 1536 2076 πάντα
1580 2024 1787 2091 ἐνεργεῖ

1886 2037 2059 2080 versa:
2093 2035 2277 2080 essent
2323 2027 2656 2092 substantiae,
2686 2026 2929 2080 diversas
2958 2037 3231 2094 oporteret
3262 2042 3381 2080 esse
3410 2038 3463 2079 et

213 2118 347 2180 Θεὸς
385 2116 564 2179 καθὼς
597 2115 868 2185 βούλεται,
904 2118 1080 2170 πάντα
1113 2119 1168 2170 δὲ
1194 2116 1368 2170 ταῦτα
1404 2118 1616 2187 ἐνεργεῖ
1647 2114 1706 2166 τὸ
1730 2114 1786 2166 ἓν

1883 2113 2244 2185 operationes,
2277 2120 2568 2172 secundum
2606 2117 2982 2185 impiissimum
3015 2117 3358 2172 Eunomium.
3391 2122 3460 2172 At

211 2209 401 2264 καὶτὸ
445 2209 576 2261 αὐτὸ
604 2208 849 2280 Πνεῦμα,
900 2210 1143 2281 διαιροῦν
1199 2210 1303 2281 ἰδίᾳ
1348 2209 1563 2277 ἑκάστῳ
1601 2205 1786 2268 καθὼς

1882 2223 2002 2259 cum
2027 2209 2271 2262 eamdem
2305 2209 2679 2262 auctoritatem
2706 2208 2938 2275 Spiritus
2957 2217 3117 2276 atque
3141 2218 3460 2276 potestatem

213 2297 480 2369 βούλεται,
518 2299 633 2362 πῶς
669 2301 925 2370 ἑτερότης
953 2301 1163 2363 οὐσίας,
1192 2301 1249 2352 ὲν
1351 2297 1612 2366 ταυτότης
1636 2297 1784 2364 ὲνερ-

1881 2297 2129 2350 Salvator
2161 2307 2467 2363 testaretur,
2495 2298 2912 2366 dixit:Spiritus
2947 2299 3031 2350 ubi
3063 2299 3168 2351 vult
3199 2299 3360 2367 spirat
3392 2299 3460 2351 ⁸⁸.

209 2393 365 2461 γιίας
393 2394 748 2465 γνωρίζεται;
779 2395 1255 2466 Παρηλλαγμένων
1284 2392 1392 2463 γὰρ
1448 2391 1554 2443 τῶν
1627 2391 1845 2457 οὐσιῶν,
1889 2394 2348 2467 παρηλλαγμένας
2393 2390 2530 2448 εἶναι
2571 2394 2676 2446 ἔδει
2731 2397 2824 2448 καὶ
2852 2393 2951 2457 τὰς
3004 2393 3112 2463 (99)
3148 2397 3463 2466 ἐνεργείας,

209 2487 355 2543 κατὰ
400 2489 490 2543 τὸν
549 2489 909 2543 ἀσεϐέστατον
951 2490 1231 2559 Εὐνόμιον.
1271 2487 1381 2557 Τὴν
1406 2487 1462 2539 δὲ
1489 2485 1660 2558 αὐτὴν
1722 2488 2008 2544 αὐθεντίαν
2065 2494 2156 2545 καὶ
2203 2490 2450 2556 ἐξουσίαν
2502 2489 2793 2560 μαρτυρῶν
2841 2488 2918 2558 τῷ
2969 2487 3243 2558 Πνεῦμα-ει
3277 2491 3306 2542 ό
3350 2489 3462 2541 Σω-

206 2581 316 2650 τήρ
349 2582 444 2651 (l),
484 2581 553 2636 Τὸ
577 2582 836 2650 Πνεῦμα,
857 2581 979 2651 ἔφη,
1011 2577 1080 2635 οὗ
1105 2580 1261 2633 θέλει
1286 2579 1440 2632 πνεῖ.

547 2674 683 2741 Περὶ
706 2673 974 2742 ἀφέσεως
1000 2672 1446 2741 ἁμαρτημάτων.

284 2762 442 2814 Ἴδιον
477 2761 609 2813 Θεοῦ
639 2763 1164 2833 ἀφιέναιὰμαρτίας,
1194 2761 1358 2816 αὐτοῦ
1396 2761 1554 2814 τοῦτο
1604 2761 1788 2830 λέγον-

206 2868 321 2914 τος’
353 2850 491 2920 Ἐγώ
519 2855 632 2921 ειμι
656 2857 686 2907 ὀ
724 2854 1056 2922 ἐξαλείρων
1079 2856 1183 2921 τὰς
1198 2856 1486 2924 ἀμαρτάς
1499 2871 1614 2908 σου
1635 2870 1646 2881 ·
1671 2856 1783 2916 καὶ,

222 2943 359 2996 Ἐὰν
408 2939 560 2997 ὦσιν
593 2949 650 2999 αἱ
693 2948 964 3016 ἁμαρτίαι
1016 2945 1181 3015 ὑμῶν
1208 2948 1288 3012 ὼς
1328 2945 1661 3014 φοινικοῦν,
1706 2945 1786 3008 ὡς

210 3036 386 3105 χιόνα
425 3037 728 3090 λευκανώο
769 3039 875 3091 ἐὰν
924 3039 990 3090 δὲ
1029 3034 1179 3090 ὦσιν
1218 3039 1299 3103 ὡς
1354 3038 1658 3099 κόκκινον,
1705 3037 1783 3102 ὡς

208 3127 374 3195 ἔριον
387 3128 675 3181 λευκανῶ.
707 3130 922 3199 Ἐπειδὴ
940 3130 995 3181 δὲ
1012 3129 1143 3192 Θεὸς
1160 3129 1293 3181 Θεοῦ
1321 3131 1451 3191 παῖς
1468 3129 1543 3196 (‘2)
1573 3127 1782 3198 Ἰησοῦς

208 3218 435 3286 ἀφίησιν
466 3219 736 3288 ἁμαρτίας
759 3218 836 3288 τῷ
868 3217 1241 3289 παραλυτικῷ,
1282 3219 1455 3286 λέγων
1477 3236 1489 3248 ·
1532 3218 1783 3280 Τέκνον,

210 3307 511 3375 ἀφέωνταί
533 3323 646 3362 σου
673 3313 731 3360 αὶ
758 3309 1050 3377 ἁμαρτίαι,
1083 3310 1166 3378 ἐφ’
1191 3302 1235 3376 ᾧ
1261 3309 1335 3378 (3)
1366 3308 1666 3379 δυσφημεῖν
1681 3310 1788 3360 ἐνοο

213 3401 402 3472 μίςετο
426 3401 575 3472 παρὰ
596 3406 707 3466 τοῖς
734 3403 806 3475 μὴ
830 3405 1023 3459 εἰδόσιν
1041 3405 1202 3458 αὐτὸν
1221 3406 1352 3458 Θεὸν
1389 3405 1681 3465 Ἰουδαίοις,
1707 3404 1787 3456 λέ-

209 3507 399 3560 γουσιν
413 3493 513 3557 ὅτι,
542 3491 1196 3565 Οὗτοςβλασφημεῖμγ
1215 3496 1428 3558 οὐδενός
1445 3498 1588 3547 ἐστιν
1610 3495 1786 3565 ἀμαρ-

206 3581 332 3642 τίας
353 3581 568 3648 ἀφιέναι
590 3585 730 3655 εἰμὴ
760 3586 919 3654 μόνου
938 3585 1092 3639 Θεοῦ.
1118 3587 1176 3637 '0
1193 3585 1247 3637 δὲ
1278 3585 1502 3651 Κύριος,
1528 3585 1786 3653 ἐμφυσῶν

207 3676 322 3735 τοῖς
353 3674 528 3741 ἁγίοις
551 3677 888 3740 ἀποστόλοις,
918 3676 1039 3746 ἔφη·
1073 3675 1292 3730 Λάϐετε
1323 3676 1561 3743 Πνεῦμα
1593 3675 1784 3745 ἅγιον·

208 3766 290 3820 ἇν
305 3783 480 3817 τινων
500 3766 688 3835 ἀφῆτε
707 3770 811 3834 τὰς
826 3769 1132 3837 ἁμαρτίας,
1154 3766 1446 3837 ἀφέωνται
1471 3765 1672 3830 αὐτοῖς
1685 3769 1781 3836 (5).

210 3860 278 3913 Εἰ
314 3857 489 3911 τοίνυν
532 3861 742 3925 οὐδενός
789 3863 935 3915 ἐστιν
986 3862 1201 3932 ἀφιέναι
1247 3855 1542 3930 ἁμαρτίας,
1591 3855 1781 3930 ὥσπερ

207 3949 311 4002 οὐκ
339 3949 505 4012 ἐστιν,
532 3951 580 4000 εί
610 3952 684 4022 μὴ
715 3952 877 4022 μόνου
900 3951 1033 4004 Θεοῦ
1057 3952 1153 4021 (6),
1186 3951 1377 4020 ἀφίησι
1399 3944 1532 4000 δὲτὸ
1562 3946 1785 4018 Πνεῦμα

282 4086 329 4116 ’⁸
354 4082 371 4134 1
396 4086 519 4137 Cor.
553 4100 647 4148 xu,
677 4085 829 4138 8-H.
927 4085 969 4117 "
1001 4084 1130 4140 ibid.
1165 4083 1220 4137 6.
1296 4084 1341 4114 ’⁸
1372 4083 1528 4140 Joan.
1567 4099 1649 4148 tu,
1680 4083 1735 4137 8.

203 4157 263 4213 7.
338 4153 530 4209 "Joan.
557 4170 648 4217 xx,
685 4154 770 4215 9.2.
807 4154 894 4208 23.

283 4289 396 4356 (94)
439 4289 598 4353 Editi,
627 4289 739 4341 ἀλλ’
775 4288 959 4361 ἐπειδὴ
1008 4289 1068 4340 ’ἐν
1101 4306 1152 4340 τι
1197 4288 1304 4341 τῶν
1344 4289 1486 4342 κατὰ
1523 4289 1784 4361 διαίρεσιν

208 4360 587 4434 χαρισμάτων,
627 4360 866 4434 σημείων
897 4361 987 4411 καὶ
1036 4361 1278 4434 ἰαμάτων
1309 4361 1367 4434 τὸ
1386 4362 1450 4434 λὲν
1479 4360 1531 4411 τί
1555 4359 1667 4434 ἐστι
1693 4359 1787 4412 καὶ

205 4429 269 4486 τὸ
292 4429 409 4500 ίτῷν
448 4430 795 4500 ἰαμάτωνηὸ
818 4431 874 4500 ἓν
901 4447 972 4490 τι,
1003 4432 1095 4481 καὶ
1121 4431 1239 4498 οὐχ).
1265 4431 1332 4482 τὰ
1356 4432 1451 4484 ὅλα
1476 4431 1787 4500 χαρίσματα

1815 4081 1858 4112 ⁸⁸
1887 4077 1988 4134 lsa.
2032 4094 2196 4144 XLIII,
2229 4078 2318 4136 25.

2263 2673 2336 2726 De
2387 2673 2686 2725 remissione
2732 2681 3060 2738 peccatorum

1955 2765 2240 2835 Proprium
2278 2767 2364 2820 Dei
2397 2774 2479 2818 est
2512 2773 2729 2832 peccata
2768 2764 3042 2816 remittere
3081 2763 3318 2829 :quippe
3359 2762 3460 2815 hoc

1883 2857 1996 2925 ipse
2027 2857 2159 2910 dicit
2188 2874 2199 2908 :
2231 2855 2340 2924 Ego
2383 2871 2494 2907 sum
2526 2857 2614 2924 qui
2645 2854 2788 2906 deleo
2827 2863 3034 2919 peccata
3063 2853 3242 2918 tua”;
3274 2861 3327 2904 et
3354 2869 3367 2904 :
3400 2851 3460 2906 Si

1883 2949 2076 3019 fuerint
2107 2959 2318 3017 peccata
2357 2960 2523 3001 vestra
2553 2948 2702 3017 quasi
2733 2947 3076 3014 pltazniceum,
3116 2948 3246 2999 sicut
3291 2947 3456 2998 nivem

1887 3042 2168 3106 dealbabo;
2210 3050 2258 3094 et
2299 3041 2341 3094 si
2369 3039 2562 3106 fuerint
2586 3050 2639 3092 ut
2679 3040 3110 3102 coccinum,sicut
3128 3038 3303 3091 lanam
3321 3038 3460 3091 deal-

1888 3129 2018 3181 babo
2042 3129 2083 3185 ¹.
2113 3127 2376 3182 Caeterum
2423 3143 2544 3181 cum
2585 3129 2720 3179 Deus
2749 3126 2838 3180 Dei
2880 3144 3014 3195 puer
3049 3126 3206 3181 Jcsus
3239 3130 3456 3198 paraly-

1888 3220 1993 3272 tico
2016 3229 2233 3288 peccata
2287 3219 2547 3281 remittat,
2569 3219 2750 3272 dicens
2791 3237 2804 3271 :
2835 3217 2966 3283 Fili,
2999 3221 3338 3272 remittuntur
3369 3233 3458 3274 tua

1884 3321 2094 3378 peccata
2114 3313 2134 3341 ²
2164 3328 2178 3376 ;
2206 3310 2257 3362 in
2287 3323 2393 3377 quo
2421 3324 2447 3360 a
2478 3307 2675 3363 Judaeis
2697 3311 2786 3379 qui
2814 3309 2976 3364 Deum
3006 3325 3126 3366 esse
3161 3314 3454 3374 nescirent.

1884 3402 2258 3469 blasphemare
2282 3401 2571 3468 putabatur
2594 3401 2893 3456 dicentibus
2928 3417 2943 3454 :
2978 3401 3079 3455 llic
3103 3402 3456 3471 blasphematl;

1883 3493 2082 3546 nullius
2119 3501 2202 3545 est
2241 3492 2516 3545 remittere
2547 3502 2786 3561 peccata,
2807 3494 2908 3546 nisi
2943 3495 3033 3548 Dei
3061 3495 3228 3548 solius
3248 3494 3288 3546 ³.
3317 3495 3454 3561 Quin

1887 3597 1942 3640 et
1972 3585 2225 3638 Dominus
2257 3583 2394 3638 ﬂans
2423 3585 2473 3637 in
2509 3595 2724 3639 sanctos
2757 3587 3048 3656 apostolos,
3076 3587 3215 3641 dixit
3255 3605 3268 3641 :
3307 3589 3458 3641 Acci-

1885 3678 1988 3746 pite
2027 3676 2281 3745 Spiritum
2333 3686 2612 3730 sanctum:
2655 3694 3081 3748 quoruntcunque
3150 3681 3457 3733 remiseritis

1883 3779 2116 3838 peccata,
2156 3769 2228 3821 eis
2273 3770 2610 3821 remittuntur
2635 3768 2676 3821 ⁸.
2707 3769 2887 3838 Itaque
2922 3773 2965 3823 si
3014 3769 3211 3824 nullius
3250 3783 3330 3824 est
3371 3786 3457 3824 re-

1887 3855 2097 3908 mittere
2131 3864 2375 3921 peccata,
2415 3856 2561 3908 sicut
2597 3871 2725 3911 sane
2757 3858 2953 3912 nullius
2985 3870 3090 3924 est,
3123 3860 3223 3913 nisi
3254 3861 3341 3914 Dei
3369 3876 3457 3913 so-

1885 3945 2010 4008 lius,
2038 3944 2266 3998 remittit
2300 3954 2479 4000 autem
2514 3946 2749 4016 Spiritus
2780 3959 2996 4006 sanctus
3032 3968 3128 4021 per
3150 3953 3449 4021 apostolos;

2400 4080 2415 4110 ¹
2448 4080 2550 4136 lsa.
2581 4098 2619 4147 ι,
2654 4082 2736 4137 l8.
2824 4087 2842 4116 ³
2869 4085 3033 4140 Marc.
3065 4104 3122 4154 ιι,
3151 4087 3202 4145 5.
3276 4088 3296 4119 ⁸
3320 4090 3450 4145 ibid.

1893 4286 2130 4357 quodin,
2165 4285 2313 4338 nullo
2350 4291 2515 4342 veteri
2550 4289 2684 4343 libro
2713 4291 3030 4355 reperiatur.

2114 4356 2246 4433 ileg.
2281 4369 2505 4424 quartus
2537 4360 2608 4431 μὴ
2644 4363 2889 4433 παρίδῃς.

1965 4427 2085 4496 (98)
2115 4426 2337 4480 Codices
2369 4444 2471 4480 non
2504 4426 2658 4496 pauci
2700 4426 2766 4484 τὰ
2795 4426 2992 4484 nidum.
3035 4429 3453 4486 Desiderabatur

202 4501 304 4555 τοῦ
337 4495 648 4567 Πνεῦματος
676 4499 933 4550 δάκτυλον
960 4500 1116 4552 καλεί
1153 4515 1165 4528 °
1186 4495 1321 4565 'ilum
1346 4495 1507 4553 verba
1542 4495 1596 4551 ut
1629 4495 1786 4552 intel-

1893 4495 2155 4570 articulus
2282 4495 2531 4570 vulgatis.
2562 4501 2850 4570 Aliquanto
2895 4511 3016 4568 post
3055 4501 3183 4555 editi
3217 4503 3331 4565 πῶς
3360 4504 3454 4556 καὶ

208 4572 473 4639 ligantur.
517 4570 892 4639 emendatione
919 4571 1104 4639 (aliqua
1132 4570 1381 4623 videntur
1414 4572 1673 4638 indigere.
1720 4570 1788 4622 ll—

203 4637 324 4700 Iud,
359 4640 417 4691 τὸ
444 4639 500 4690 ἓν
531 4637 582 4689 τί
611 4638 726 4688 ἐστι
759 4639 848 4691 καὶ
883 4638 942 4691 τὸ
969 4639 1074 4691 τῶν
1115 4639 1376 4708 ἰαμάτων,
1403 4642 1453 4692 iu
1488 4637 1663 4708 Regiis
1702 4656 1788 4694 se-

207 4710 390 4764 cundo
421 4720 473 4762 et
515 4711 671 4761 tertio
716 4710 1088 4763 desiderantur
1131 4726 1143 4760 :
1186 4711 1276 4762 sed
1323 4716 1390 4764 de
1423 4721 1616 4763 caetero
1645 4726 1764 4763 cum

206 4779 442 4841 vulgatis
491 4779 853 4833 consentiunt.
903 4781 1003 4833 Alii
1048 4791 1280 4848 quatuor
1329 4795 1458 4834 mss.
1517 4781 1664 4847 ιιι-εει
1717 4789 1769 4832 et

205 4849 359 4919 Coll».
390 4858 448 4900 ut
479 4851 530 4902 in
568 4859 822 4903 contextu
845 4889 859 4911 ,
893 4853 992 4904 nisi
1029 4851 1170 4918 quod
1198 4865 1355 4904 voces
1390 4851 1497 4904 τῶν
1528 4849 1767 4919 σημείων

207 4922 262 4972 in
299 4917 430 4985 Reg.
455 4921 626 4985 primo
653 4933 754 4973 non
782 4917 1056 4989 leguntur.
1074 4921 1200 4985 Quae
1230 4932 1405 4974 autem
1430 4917 1618 4974 borum
1656 4936 1770 4973 ver-

203 4991 400 5059 borum
428 4992 698 5059 sententia
728 4990 818 5051 sit,
869 4991 1023 5044 docet
1074 4991 1306 5055 scriptor
1365 4993 1497 5059 ipse,
1539 5005 1659 5042 cum
1691 4992 1769 5044 ait

200 5058 390 5114 omnia
423 5055 655 5128 Spiritus
687 5061 821 5111 dona
865 5061 1025 5113 simu!
1060 5072 1266 5125 smupta
1300 5055 1396 5126 pro
1424 5073 1651 5128 corpore
1676 5061 1768 5113 ba-

204 5130 322 5184 beri
354 5144 367 5179 :
407 5127 591 5198 eadem
627 5145 753 5184 vero
783 5131 919 5183 dona
949 5130 1255 5198 singulatim
1280 5141 1490 5197 sumpta
1525 5127 1655 5183 loco
1690 5131 1768 5182 di-

204 5201 302 5265 giti
341 5195 609 5254 esse.Vu|t
634 5198 794 5266 igitur
824 5195 1303 5268 auctor,'quisquis
1320 5195 1420 5264 est,
1458 5216 1563 5254 non
1589 5203 1766 5253 omnia

206 5271 442 5337 Spiritus
472 5269 608 5321 dona
633 5269 892 5339 collective
924 5282 1130 5339 sumpta
1159 5269 1383 5339 digitum
1417 5271 1617 5333 vocari,
1645 5286 1765 5322 cum

205 5350 337 5393 tunc
363 5354 559 5408 corpus
589 5337 844 5406 appellari
899 5337 1075 5406 potius
1105 5337 1332 5392 debeant
1371 5355 1384 5390 :
1443 5342 1534 5394 sed
1578 5341 1765 5393 eadem

203 5411 422 5477 prOprie
443 5409 666 5478 digitum
692 5408 956 5463 nominari
989 5423 1123 5475 tum,
1156 5423 1279 5462 cum
1321 5410 1613 5477 separatim
1639 5425 1767 5462 con-

201 5480 534 5533 sicterantur.

276 5547 386 5619 (95)
424 5548 577 5619 ilegii
605 5557 827 5618 quartus
856 5558 910 5602 et
947 5550 1167 5617 quintus
1209 5549 1454 5617 ἰαμάτων
1500 5551 1556 5601 ὲν
1581 5546 1659 5618 τῷ
1690 5550 1769 5603 ἑνὶ

200 5617 579 5687 τωεύματι,’ίη
611 5617 712 5672 uno
741 5621 960 5687 spiritu;
991 5631 1044 5672 et
1075 5623 1146 5671 ita
1192 5635 1404 5687 quoque
1453 5621 1504 5673 iu
1545 5617 1765 5686 Vulgata

204 5690 421 5755 legitur.
475 5691 576 5741 Alii
617 5701 723 5743 tres
756 5705 882 5743 mss.
919 5701 973 5742 et
1017 5691 1144 5744 editi
1191 5692 1248 5742 ὲν
1293 5690 1371 5760 τῷ
1416 5690 1563 5759 αὐτῴ
1604 5690 1766 5742 πνεύ-

203 5776 357 5829 ματι,
396 5761 449 5811 in
497 5761 673 5829 eodem
706 5762 915 5828 spiritu.
953 5760 1155 5814 Ibidem
1192 5761 1437 5814 Voculam
1477 5761 1533 5812 δέ
1564 5762 1643 5815 bis
1682 5767 1769 5814 ad~

200 5828 435 5882 didimus
462 5845 528 5882 ex
570 5828 720 5882 libris
751 5831 1007 5897 antiquis.

273 5899 385 5960 (96)
409 5899 504 5955 llic
523 5900 759 5955 voculam
783 5899 849 5952 δέ
876 5913 992 5970 post
1021 5902 1238 5958 verbum
1265 5899 1422 5954 Εἴποι
1451 5900 1763 5966 delevimus,

1895 4566 2169 4640 ἑτερότης.
2193 4566 2512 4640 Conjunctio
2542 4571 2641 4622 καί
2669 4566 2831 4625 ’ἀρεει
2871 4566 2920 4624 in
2941 4572 3005 4624 iis
3042 4586 3177 4640 quos
3222 4572 3453 4627 vidimus

1897 4638 2198 4702 codicibus;
2230 4638 2297 4690 ob
2330 4638 2487 4704 idque
2517 4655 2634 4692 eam
2660 4643 3040 4706 expunximus.

1969 4707 2058 4777 99)
2099 4708 2229 4761 Cod.
2262 4708 2409 4760 Colb.
2441 4705 2523 4759 δεῖ
2550 4712 2643 4762 καὶ
2683 4705 2798 4775 τάς.
2835 4713 2935 4765 Alii
2967 4725 3093 4764 mss.
3117 4720 3172 4762 et
3217 4712 3448 4767 ει1.ἐδει.

1973 4777 2024 4858 1)
2050 4777 2513 4896 Εόίιίῐμαρτυρῶν
2543 4781 2588 4832 ὁ.
2620 4781 2685 4834 At
2715 4793 2944 4850 quatuor
2968 4795 3096 4833 mss.
3128 4779 3278 4850 Regii
3308 4801 3450 4854 μαρ-

1973 4865 2054 4896 ιων
2084 4865 2161 4896 τω
2245 4862 2472 4896 νευιιατι
2517 4851 2562 4896 ὁ.
2614 4851 2760 4896 Hand
2822 4854 2974 4896 lnnoe
3027 4867 3157 4896 mss-
3210 4857 3446 4896 nnnnnlli

1874 4851 2054 4918 τυρῶν
2084 4851 2161 4915 τῷ
2195 4851 2472 4915 Πνεῦματι
2517 4851 2562 4902 ὁ.
2613 4851 2761 4906 Haud
2821 4854 2974 4919 longe
3027 4867 3157 4905 mss.
3209 4851 3448 4908 nonnulli

1873 4918 2008 4971 ὅπου
2057 4915 2550 4996 θέλειηιὶενε-ιηὶιυτ
2592 4923 2643 4974 in
2702 4921 2833 4996 Reg.
2889 4923 3142 4996 secu_ndo_
3181 4925 3448 4978 scholium

1870 5003 2032 5065 unum
2079 5003 2110 5040 e
2143 4990 2357 5065 regione
2404 4990 2593 5065 borum
2638 4994 2965 5065 verborum,_
3004 4990 3284 5065 Πνεῦμα,
3319 4995 3447 5065 ἔφη,

1869 5057 2013 5130 quod
2041 5071 2144 5109 non
2170 5057 2691 5130 pigebitjscribere.
2745 5060 2865 5114 llaec
2898 5061 3062 5130 igitur
3105 5057 3448 5119 librarius'e'o

1871 5129 1921 5180 in
1963 5125 2098 5202 libro
2129 5137 2281 5202 notat
2314 5146 2326 5180 :
2365 5129 2541 5202 Ioﬁro
2571 5133 2598 5182 ὁ
2627 5125 3007 5202 Χρυσόστομος
3037 5133 3172 5202 περι
3191 5132 3285 5185 τοῦ
3330 5135 3449 5188 ἀνέ-

1872 5150 1921 5180 ιιι
1963 5150 2098 5180 ιιυ1·υ
2131 5150 2281 5180 nutat
2314 5150 2326 5180 :
2381 5150 2541 5182 ιουτο
2571 5150 2598 5182 ο
2627 5150 2904 5201 Λρυσοστο
2951 5150 3007 5194 ος
3037 5150 3165 5202 περι
3191 5150 3285 5185 του
3330 5150 3449 5188 ανε-

1872 5213 1972 5266 μου
2009 5196 2198 5273 εἴρηκε
2263 5198 2517 5273 λεχθέντα
2561 5202 2696 5273 (lege
2722 5150 2982 5272 λεχθένςε
3024 5203 3106 5273 Ait
3139 5201 3450 5273 Clirysosto-

1867 5280 1987 5341 ntus
2010 5269 2105 5321 hoc
2127 5271 2506 5341 dictumfuiue
2535 5271 2616 5341 de_
2635 5269 2830 5325 vetito":
2870 5287 3031 5341 qitam
3071 5269 3444 5341 Cltrysostomi

1867 5338 2302 5404 explanationem
2332 5340 2556 5409 inveniri
2588 5337 2744 5395 Joau.
2773 5357 2856 5408 ιιι,
2886 5337 3293 5409 serm.26,]am
3315 5343 3444 5398 olim

1872 5411 2075 5461 monuit
2108 5408 2478 5463 Combeilsins.

1942 5477 2018 5552 (ξ)
2046 5478 2224 5552 deex
2257 5479 2407 5552 Colb.
2457 5479 2675 5552 Ἐπειδὴ
2706 5482 2761 5535 δὲ
2782 5485 2809 5535 ό
2838 5482 2973 5534 Θεοῦ
3005 5484 3152 5544 παῖς.

1943 5543 2018 5617 (5)
2062 5547 2286 5633 Veteres
2307 5549 2528 5633 Taliquot
2558 5543 2681 5606 libri
2723 5570 2844 5608 cum
2884 5553 3045 5607 editis
3079 5543 3164 5622 ἐφ’
3192 5543 3292 5605 ὧν.
3337 5554 3443 5606 Alii

1875 5627 1984 5671 tres
2013 5635 2141 5672 mss.
2185 5619 2269 5687 ἐφ’
2300 5619 2365 5684 ᾧ.

1941 5687 2018 5762 (ᾗ)
2059 5683 2294 5762 ςοόὶοεε
2317 5683 2422 5744 duo
2446 5683 2601 5762 οὗτος
2638 5691 2930 5762 δυσφημετ.

1941 5758 2018 5829 (5)
2058 5758 2190 5827 Reg.
2223 5768 2452 5826 quartus
2479 5761 2726 5829 ἀφίενται
2754 5758 2955 5825 αὐτοῖς.

1916 5831 2035 5951 6(3).J
2235 5831 2394 5901 μόνον
2426 5831 2582 5885 Θεοῦ.
2614 5832 2793 5888 Codex
2824 5834 2977 5891 Colb.
3003 5845 3057 5889 et
3086 5832 3218 5904 Reg.
3249 5837 3443 5891 tertius

1875 5915 2035 5972 μονον
2070 5915 2221 5953 σεου.
