4208 6474
240 453 339 506 721

1355 457 1723 513 ADVERSUS
1761 454 2132 513 EUNOMIL'M
2173 457 2299 511 LIB.
2341 455 2406 513 ν.

3371 450 3474 502 722

239 585 317 638 μα
347 567 479 634 (il),
511 569 764 640 αὖοεντίᾳ
797 570 1009 639 φύσεως
1040 571 1314 642 χρώμενον
1337 591 1350 606 ·
1383 574 1500 637 πῶς
1549 575 1802 646 ἑτερότης
1831 596 1871 648 Α

1831 596 1871 648 Α
1906 590 2206 641 sermones,
2247 575 2418 643 inquit
2465 572 2751 632 Salomon,
2785 586 2812 623 a
2856 571 2962 624 Deo
2999 568 3125 623 dicti
3174 568 3384 632 sunt“;
3424 580 3471 624 et

235 658 422 720 οὐσίας
448 661 504 711 ὲν
529 662 592 728 τῇ
613 661 822 730 Τριάόι,
842 658 948 735 ὲν
974 666 1236 734 ταυτότης
1258 666 1536 736 ἐνεργείας
1554 670 1799 738 εὑρίσκε-

234 764 360 812 ται;
393 750 452 800 Οἱ
474 751 592 818 ἐμοὶ
627 750 793 818 λόγοι,
829 753 1076 822 Σολομὼν
1105 772 1290 826 φησιν,
1326 759 1430 812 ὑπὸ
1455 760 1588 813 Θεοῦ
1613 762 1796 832 εἴρην-

234 853 363 890 ται’
420 838 513 891 καὶ
541 841 568 891 ὀ
599 840 828 904 Παῦλος,
883 843 985 895 ὑπό
1022 845 1290 915 Χριστοῦ’
1337 849 1498 920 Ἐπεὶ
1544 850 1799 920 δοκιμὴν

237 930 368 998 γὰρ,
401 931 523 1000 ἔφη,
553 930 768 999 ζητεῖτε
791 933 893 986 τοῦ
918 934 988 986 ἐν
1002 936 1129 1004 ἐμοὶ
1156 918 1493 1008 λαλοῦντος
1521 918 1795 1011 Χριστοῦ.

237 1022 402 1074 Οὐδὲν
439 1023 494 1075 δὲ
518 1019 676 1096 ἧττον
722 1025 813 1076 καὶ
840 1024 902 1077 τὸ
933 1026 1154 1098 Πνεῦμα
1193 1031 1250 1082 ὲν
1284 1032 1599 1096 ἀποστόλοις
1627 1034 1796 1088 λαλεῖ.

250 1114 543 1168 Ἐλιὶλουν
587 1117 730 1183 γὰρ,
775 1119 956 1187 φησιν,
1013 1123 1067 1173 οἱ
1119 1123 1444 1177 ἀπόστολοι
1493 1126 1686 1192 καθὼς
1733 1128 1798 1181 τὸ

237 1207 480 1275 Πνεῦμα
525 1207 723 1261 ἐδίδου
752 1210 1227 1282 ἀποφθέγγεσθαι
1259 1216 1481 1281 αὐτοῖς.
1524 1218 1652 1278 Καὶ,
1679 1221 1799 1273 Οὐκ

235 1300 380 1352 ἐστὲ
415 1300 575 1368 ὑμεῖς
617 1303 669 1354 ol
714 1304 1080 1370 λαλοῦντες,
1125 1308 1152 1359 ὀ
1200 1307 1388 1378 Σωτὴρ
1439 1308 1540 1378 ἔφη
1599 1311 1798 1375 αὐτοῖς,

236 1392 399 1445 ἀλλὰ
427 1390 494 1444 τὸ
525 1391 763 1460 Πνεῦμα
801 1393 906 1446 τοῦ
958 1395 1206 1464 Πατρὸς,
1242 1398 1346 1450 τοῦ
1374 1399 1442 1450 ἐν
1471 1399 1592 1465 τοῖς
1625 1402 1800 1467 οὐρα-

234 1481 386 1546 νοῖς,
417 1481 480 1533 τὸ
513 1483 745 1535 λαλοῦν
785 1485 854 1536 ἐν
904 1485 1063 1551 ὑμῖν.
1096 1485 1260 1538 Λαλεῖ
1288 1487 1344 1538 δὲ
1376 1487 1469 1539 καὶ
1501 1489 1557 1539 ὲν
1589 1491 1798 1560 προφή-

234 1590 358 1635 ταις
380 1573 440 1625 τὸ
473 1573 715 1644 Πνεῦμα.
744 1578 837 1640 Τίς
866 1576 974 1645 γὰρ
1003 1575 1143 1642 δῴη,
1176 1577 1415 1647 Μωῦσῆς
1449 1579 1573 1648 ἔφη,
1608 1579 1801 1633 πάντα

235 1664 346 1718 τ-κν
375 1665 526 1717 λαὸν
543 1667 754 1720 τοῦτον
769 1669 1195 1735 προφητεύειν;
1216 1671 1398 1722 Ὅταν
1413 1671 1492 1735 δῷ
1514 1673 1722 1741 Κύριος
1736 1673 1798 1726 τὸ

237 1753 483 1821 Πνεῦμα
509 1758 694 1811 αὐτοῦ
728 1760 818 1811 ἐπ’
842 1760 1048 1816 αὐτόν.
1093 1761 1202 1812 Kal.
1234 1762 1262 1813 6
1291 1761 1411 1824 νέος
1443 1762 1497 1814 δὲ
1530 1763 1629 1831 τῆς
1657 1765 1798 1828 Νέας

236 1845 513 1917 Διαοήκης
545 1851 825 1920 προφήτης
860 1851 1096 1917 Ἀγαὸος
1123 1853 1395 1922 ἀνέκραγε
1423 1853 1595 1923 λέγων
1615 1874 1626 1885 ·
1661 1856 1801 1911 Τάδε

1902 668 2122 730 Paulus,
2153 683 2182 720 a
2221 666 2436 720 Christo
2477 683 2488 718 :
2531 663 2994 730 Quandoquidem,
3042 661 3249 728 inquit,
3281 662 3478 725 experi-

1903 769 2131 812 mentum
2164 758 2399 826 quwritis
2428 757 2478 810 in
2505 773 2584 808 me
2617 754 2874 826 loquentis
2904 753 3176 806 Christi".
3213 754 3349 807 Nihil
3380 770 3476 808 au-

1903 861 2007 903 tem
2044 850 2219 902 minus
2255 848 2487 917 Spiritus
2527 848 2688 900 etiam
2725 847 2776 899 iu
2811 843 3060 914 apostolis
3092 845 3349 914 loquitur.
3375 844 3477 898 Lo—

1905 944 2198 1009 quebantur
2227 942 2384 1003 enim,
2420 939 2613 1006 inquit,
2654 937 2875 1005 apostoli
2908 946 3060 1005 prout
3104 934 3330 1003 Spiritus
3356 954 3476 990 san-

1900 1047 2015 1088 ctus
2041 1034 2196 1086 dabat
2228 1032 2398 1101 eloqui
2423 1031 2525 1083 illis
2557 1030 2618 1082 “.
2652 1029 2733 1092 Et,
2763 1027 2882 1081 Non
2917 1029 3036 1081 estis
3074 1043 3158 1082 vos
3189 1029 3277 1097 qui
3303 1028 3474 1098 loqui-

1902 1127 2050 1189 mini,
2073 1124 2322 1179 Salvator
2367 1121 2495 1191 ipsis
2526 1122 2677 1185 disit,
2707 1119 2797 1173 sed
2841 1118 3069 1183 Spiritus
3100 1119 3395 1190 Patris,qui
3416 1121 3472 1174 in

1902 1217 2040 1270 caelis
2062 1225 2161 1278 est,
2192 1214 2425 1282 loquitur
2458 1214 2510 1266 in
2540 1213 2752 1266 vobis".
2783 1208 2899 1264 Jam
2924 1225 3052 1264 vero
3081 1219 3134 1262 et
3170 1212 3220 1264 in
3247 1215 3475 1280 praplie-

1905 1310 1970 1363 tis
1998 1309 2230 1376 loquitur
2260 1306 2513 1374 Spiritus.
2544 1303 2672 1368 Quis
2695 1305 2831 1357 enim
2849 1301 3012 1368 dabit,
3038 1302 3212 1370 inquit
3241 1303 3472 1374 Moyses.

1901 1411 1956 1452 ut
1984 1399 2152 1452 omnis
2175 1399 2259 1451 hic
2291 1397 2510 1464 populus
2536 1397 2848 1448 vaticinatur
2871 1395 2896 1448 Ρ
2920 1393 3047 1447 Tum
3079 1411 3193 1447 cum
3222 1393 3472 1448 Dominus

1901 1490 2100 1542 dederit
2130 1489 2384 1557 Spiritum
2407 1504 2556 1540 suum
2583 1503 2739 1554 super
2768 1487 2938 1553 ipsum
2971 1487 3034 1542 ¹⁶.
3066 1488 3168 1541 Sed
3203 1496 3258 1540 et.
3304 1502 3472 1541 novus

1901 1582 2028 1635 Novi
2086 1581 2413 1634 Testamenti
2471 1584 2731 1649 prOpheta
2767 1582 2983 1650 Agabus
3033 1580 3356 1633 exclamavit
3387 1581 3473 1632 di-

1899 1689 2026 1727 cens
2061 1687 2076 1724 :
2109 1671 2237 1725 Harc
2285 1673 2408 1725 dicit
2441 1669 2670 1740 Spiritus
2695 1681 2904 1725 sanctus
2930 1673 2970 1702 ¹⁹
3007 1687 3022 1735 ;
3054 1673 3105 1722 id
3133 1673 3273 1737 quod
3310 1669 3472 1726 Vete-

1901 1767 1973 1820 ris
2011 1764 2338 1819 Testamenti
2386 1766 2660 1834 propheta:
2708 1764 2950 1818 solebant
3013 1765 3245 1819 clamare
3288 1783 3302 1820 :
3343 1764 3473 1819 Ila'c

1899 1861 2023 1910 dicit
2065 1857 2318 1910 Dominus
2358 1855 2516 1909 Deus.
2552 1855 2615 1908 Et
2652 1871 2713 1909 ea
2749 1872 2867 1926 quae
2897 1847 3128 1909 a'Patre
3155 1865 3207 1908 et
3256 1855 3392 1910 Filio
3419 1865 3474 1910 et

235 1934 399 2004 λέγει
424 1937 487 1990 τὸ
515 1939 756 2007 Πνεῦμα
784 1940 850 1993 τὸ
901 1941 1070 2011 ἅγιον
1105 1960 1117 1972 ·
1169 1944 1304 2015 ὅπερ
1339 1947 1581 2016 συνήθως
1624 1949 1670 2000 οἱ
1707 1949 1806 2018 τῆς
1841 1964 1880 2017 Β

1804 1969 1806 1975 ν
1841 1964 1880 2017 Β
1911 1949 2111 2017 Spiritu
2147 1957 2337 2002 sancto
2368 1949 2507 2001 dicta
2550 1955 2673 2001 sunt
2705 1947 3031 2000 contrahcns
3065 1945 3466 2006 Paulus,disit:

236 2027 480 2091 Παλαιᾶς
505 2029 782 2100 Διαθήκης
816 2031 984 2086 ἐϐόων
1008 2036 1304 2105 προφῆται,
1353 2036 1496 2090 Τάδε
1517 2038 1676 2107 λέγει
1700 2040 1812 2092 Κύ-

236 2137 370 2187 ριος
399 2122 432 2174 ό
464 2120 626 2186 Θεός.
681 2123 788 2174 Καὶ
837 2122 1011 2178 ταῦτα
1045 2127 1277 2179 συνελὼν
1309 2129 1337 2179 ὀ
1363 2127 1572 2192 Παῦλος
1623 2130 1693 2182 τὰ
1748 2133 1810 2182 ἐκ

238 2210 453 2281 Πατρὸς
485 2212 579 2266 καὶ
605 2212 733 2266 Υἱοῦ
765 2215 858 2266 καὶ
887 2216 1039 2284 ἁγίου
1069 2217 1382 2287 Πνεύματος
1411 2219 1520 2286 (19.)
1556 2220 1806 2290 ρηθέντα,

237 2303 583 2376 Νήσῳ-ἐφη,
617 2307 824 2375 Γραφὴ
859 2309 1278 2375 θεόπνευστος.
1339 2312 1399 2362 Et
1445 2311 1500 2363 δὲ
1554 2311 1702 2362 λαλεῖ
1753 2312 1808 2362 ὲν

238 2371 558 2457 ἁωπόλοις
607 2399 699 2450 καὶ
745 2400 801 2450 ὲν
834 2401 1138 2469 προφήταις
1171 2401 1232 2451 τὸ
1270 2401 1514 2471 Πνεῦμα,
1554 2405 1702 2455 πᾶσα
1751 2401 1807 2454 δὲ

1910 2041 2092 2096 Omnis
2115 2042 2386 2108 Scriptura
2413 2041 2665 2094 divinitus
2707 2041 2960 2108 inspirata
3001 2041 3067 2094 ”.
3098 2039 3246 2106 Quod
3276 2041 3318 2094 si
3352 2039 3472 2110 Spi-

1909 2131 2041 2186 ritus
2092 2131 2143 2183 in
2197 2131 2453 2196 apostolis
2488 2140 2540 2184 et
2575 2131 2854 2200 pr0phetis
2899 2129 3150 2200 loquitur,
3187 2134 3470 2200 omnisque

1908 2221 2183 2289 Scriptura
2242 2221 2498 2273 divinitus
2550 2220 2808 2287 inspirata
2858 2230 2961 2281 est,
3017 2221 3176 2274 dicite
3235 2221 3410 2291 impiis
3453 2239 3468 2276 :

1906 2312 2180 2375 Quomodo
2212 2310 2442 2378 Spiritus
2470 2319 2689 2363 sanctus
2725 2310 2861 2363 Deus
2909 2327 3013 2364 non
3040 2321 3141 2376 est,
3174 2329 3296 2366 cum
3335 2313 3474 2368 illius

1906 2404 2170 2470 scriptura
2196 2403 2455 2456 divinitus
2490 2403 2750 2472 inspirata
2779 2401 2889 2457 sit?

241 2489 430 2562 Γραφὴ
464 2491 832 2557 Θεόπνευστος,
883 2493 1072 2546 εἴπατε
1118 2498 1230 2558 τοῖς
1259 2495 1544 2550 ἀσεϐοῦσι·
1575 2498 1698 2561 Πῶς
1731 2498 1790 2550 οὐ
1830 2499 1962 2562 Θεὸς
1996 2499 2057 2552 τὸ
2093 2499 2319 2568 Πνεῦμα
2351 2499 2408 2550 τὸ
2437 2497 2587 2567 ἆγιον
2609 2499 2998 2569 τυγχάνει,τῆς
3014 2497 3202 2551 τούτου
3232 2514 3469 2569 συγγρα-

240 2583 348 2649 φῆς
381 2579 734 2635 Οεοπνεύστου
759 2582 954 2651 οῦτηςς

245 2672 371 2723 Ὀτι
395 2673 530 2751 obes
560 2675 818 2751 ἐξαισία
847 2676 1352 2751 οὔτεᾼχρησιαρδιά
1382 2680 1600 2748 γίνεται
1625 2700 1808 2751 κεχω-

274 2744 568 2808 ρισμένως
589 2744 815 2810 Πατρὸς
839 2747 934 2798 καί
959 2746 1088 2798 Ποῦ
1105 2744 1200 2800 καὶ
1226 2744 1397 2816 ἁγίου
1412 2744 1770 2821 Πνεύματος.

327 2837 549 2898 Ἡσαΐας
578 2838 605 2890 6
647 2839 948 2909 προφήτης,
991 2837 1172 2894 Εἶδον
1206 2844 1365 2913 (12⁸),
1415 2845 1539 2916 ἔφη,
1594 2845 1817 2916 Κύριον

244 2927 484 2984 Σαϐαὼθ
517 2927 853 2998 καθήμενον
879 2931 977 2984 ἐπὶ
999 2936 1213 3001 θρόνου
1243 2937 1488 3004 ὑψηλοῦ
1515 2939 1612 2991 καὶ
1637 2940 1816 3007 ἐπηρ-

241 3019 454 3089 μένου,
500 3023 596 3075 καὶ
638 3026 925 3092 σεραφείμ
955 3026 1342 3093 εἰστήκεισαν
1374 3031 1576 3093 κύκλῳ
1606 3031 1814 3096 αὐτοῦ,

243 3111 313 3176 ἐξ
347 3113 632 3183 πτέρυγες
659 3115 736 3179 τῷ
758 3117 870 3169 ἐνί.
891 3118 998 3169 Καὶ
1028 3117 1142 3186 μετ’
1173 3118 1327 3184 ὀλίγα
1358 3118 1488 3188 φησί
1513 3136 1525 3149 ·
1553 3120 1661 3172 Καὶ
1686 3116 1815 3172 εἷπε

245 3207 461 3271 Κύριος
491 3206 638 3272 πρὸς
670 3204 744 3273 μέ
771 3223 784 3236 ο
818 3209 1078 3274 Πορεύου
1109 3209 1205 3261 καὶ
1230 3210 1401 3262 εἷπον
1421 3208 1499 3274 τῷ
1524 3209 1647 3275 λαῷ
1677 3213 1810 3264 τού·
1838 3248 1879 3302 C

244 3315 325 3362 τῳ
344 3313 358 3326 ·
404 3294 569 3362 Ἀκοῇ
597 3297 905 3361 ἀκούσετε,
937 3299 1034 3353 καὶ
1060 3302 1130 3354 οὺ
1154 3299 1239 3369 μὴ
1271 3301 1515 3370 συνῆτε,
1550 3303 1644 3355 καὶ
1668 3303 1812 3367 ,ϐλέο

247 3404 462 3452 ποντες
480 3388 765 3456 βλέψετε,
796 3391 893 3444 καὶ
920 3394 991 3446 οὐ
1016 3394 1100 3462 μὴ
1136 3393 1316 3462 ἴδητε.
1357 3397 1685 3466 Ἐπαχύνθη
1710 3398 1812 3467 γὰρ

248 3478 287 3541 ἠ
316 3474 525 3543 καρδία
558 3476 662 3531 τοῦ
687 3479 837 3533 λαοῦ
872 3483 1106 3547 τούτου,
1139 3486 1230 3537 καὶ
1252 3485 1320 3537 τὰ
1351 3485 1497 3556 ἑξῆς.
1525 3487 1685 3539 Ὅσον
1716 3489 1812 3558 μὲν

245 3564 338 3619 οὖν
374 3567 490 3618 κατ’
537 3568 704 3640 αὐτὴν
752 3571 851 3642 τὴν
897 3571 1043 3626 Θέσιν
1087 3575 1179 3626 xui.
1212 3573 1309 3645 τὴν
1353 3576 1669 3629 ἀκολουθίαν
1720 3577 1812 3630 τοῦ

250 3660 583 3728 προφητικοῦ
614 3663 955 3734 γράμματος,
997 3667 1024 3718 6
1055 3667 1146 3719 ἐπὶ
1181 3667 1393 3720 πάντων
1424 3669 1540 3720 ἐστὶ
1575 3669 1760 3740 Πατὴρ
1787 3673 1814 3723 6

247 3750 432 3818 ὀφθεὶς
459 3755 550 3804 καὶ
575 3755 1016 3827 χρησμοδοτήσας
1041 3757 1118 3826 τῷ
1144 3761 1391 3831 προφήτῃ
1411 3777 1424 3789 ·
1457 3762 1484 3812 6
1515 3760 1694 3830 μέντοι
1716 3762 1814 3830 τῆς

251 3843 474 3913 βροντῆς
506 3845 638 3908 υἱὸς,
671 3847 882 3913 ἐξαίσια
915 3848 1303 3921 φθεγξάμενος,
1341 3853 1432 3904 καὶ
1468 3852 1562 3922 τῆς
1591 3852 1814 3922 βροντῆς

249 3935 484 4005 εἰρηκὼς
528 3937 892 4011 φοϐερώτερα,
948 3936 1007 3995 οῦ
1055 3943 1182 3996 ἴδιον
1224 3944 1343 4013 ουχὶ
1398 3943 1477 4006 τὸ,
1532 3945 1650 3996 Οὐκ
1712 3941 1810 4014 ἦν,

250 4025 384 4077 ἀλλὰ
419 4027 495 4088 τὸ,
529 4023 645 4080 Ἦν
677 4031 708 4080 ό
754 4031 962 4097 Λόγος,
1006 4032 1132 4084 Υἰόν
1179 4033 1282 4102 ἔφη
1322 4034 1411 4086 τὸν
1454 4033 1682 4101 ὀφθέντα
1723 4035 1814 4086 καὶ

251 4119 761 4188 χρησμοδοτήσαντα
786 4121 862 4192 τῷ
897 4127 1166 4196 προψήτῃ.
1201 4127 1360 4192 Λέγει
1397 4126 1503 4198 γὰρ
1524 4126 1581 4179 ἐν
1602 4126 1678 4196 τῷ
1705 4127 1814 4197 ἰδίῳ

253 4211 675 4281 συγγράμματι·
724 4217 826 4268 Διά
875 4217 1050 4270 τοῦτο
1089 4220 1199 4270 οὐκ
1249 4219 1547 4284 ἠδύναντο
1582 4224 1633 4273 οἱ
1671 4221 1816 4274 Ἰου-

249 4302 401 4356 δαῖοι
455 4307 757 4360 πιστεύειν
808 4311 894 4376 είς
946 4312 1049 4364 τὸν
1114 4309 1378 4379 Ἰησοῦν,
1439 4311 1588 4365 διότι
1648 4309 1816 4366 εἶπεν

264 4392 500 4461 Ἡσαΐας
559 4400 689 4467 περὶ
747 4400 980 4455 αὐτῶν⁹
1048 4405 1452 4473 Τετύφλωνται
1515 4403 1711 4457 αὐτῶν
1763 4408 1815 4457 ol

253 4485 564 4554 ὀφθαλμοὶ,
596 4489 691 4541 καὶ
725 4491 1064 4558 πεπὼρωται
1110 4491 1307 4546 αὐτῶν
1337 4493 1445 4562 (15)
1497 4497 1534 4563 ή
1584 4494 1811 4562 καρδία,

1923 2681 2076 2747 Quod
2121 2696 2280 2749 neque
2327 2679 2455 2731 risio
2498 2695 2663 2749 neque
2711 2679 2981 2749 oraculum
3008 2679 3070 2746 fit
3110 2681 3392 2744 separatim
3437 2699 3470 2735 a

2221 2749 2378 2800 Patre
2403 2758 2449 2800 et
2484 2747 2622 2798 Filio
2655 2759 2700 2800 et
2741 2747 2942 2814 Spiritu
2977 2759 3177 2802 sancto.

1982 2839 2150 2893 Isaias
2183 2839 2466 2908 propheta,
2508 2836 2643 2903 Vidi,
2682 2838 2892 2906 inquit,
2925 2836 3204 2890 Dominum
3237 2838 3469 2894 Sabaoth

1912 2932 2168 2985 sedentem
2209 2946 2365 2997 super
2395 2931 2638 2981 thronum
2687 2928 2946 2982 excelsum
2989 2942 3034 2982 et
3081 2933 3372 2993 eleuatum,
3425 2945 3473 2987 et

1913 3023 2168 3090 seraphiut
2197 3023 2403 3074 stabant
2451 3022 2504 3073 in
2534 3024 2757 3074 circuitu
2799 3024 2910 3089 ejus
2951 3039 2969 3075 :
3001 3039 3092 3075 sea:
3128 3023 3227 3076 ala:
3267 3027 3355 3077 uni
3401 3027 3471 3080 ".

1915 3114 1978 3167 Et
2000 3125 2117 3184 post
2149 3129 2313 3182 pauca
2338 3113 2411 3166 ait
2446 3130 2459 3166 :
2507 3113 2574 3164 Iit
2609 3113 2744 3164 dixit
2779 3113 3027 3166 Dominus
3055 3115 3123 3166 ad
3153 3131 3231 3167 me
3256 3131 3275 3168 :
3329 3115 3471 3169 Vade

1914 3217 1962 3259 et
1989 3208 2071 3259 dic
2099 3205 2288 3275 populo
2313 3205 2432 3256 huic
2464 3221 2480 3257 :
2519 3204 2746 3257 Auiibus
2777 3206 3000 3258 audietis
3021 3245 3034 3266 .
3068 3219 3113 3258 et
3143 3224 3242 3259 non
3274 3209 3470 3260 intelli-

1912 3297 2059 3364 getis,
2086 3307 2132 3348 et
2158 3297 2382 3347 videntes
2412 3295 2664 3361 videbitis,
2689 3305 2738 3347 et
2779 3312 2879 3348 non
2912 3298 3162 3350 videbitis.
3201 3297 3474 3352 lncrassa-

1914 3401 2018 3440 tum
2053 3398 2124 3440 est
2159 3387 2313 3456 301
2351 3387 2486 3440 enim
2525 3405 2614 3440 cor
2652 3389 2828 3456 populi
2863 3389 3018 3459 hujus
3047 3391 3091 3420 "
3115 3431 3129 3454 ,
3157 3404 3263 3446 etc.
3322 3392 3470 3457 Quod

1916 3481 2128 3550 quidem
2176 3485 2240 3533 ad
2275 3481 2444 3549 ipsum
2496 3489 2804 3534 contextum
2847 3488 3074 3545 attinet,
3105 3493 3155 3536 et
3183 3485 3248 3536 ad
3277 3486 3470 3538 seriem

1915 3573 2235 3642 prophetica:
2281 3572 2596 3637 scripturae;
2634 3572 2722 3637 qui
2758 3581 2836 3624 est
2864 3589 3023 3639 super
3063 3575 3242 3625 omnia
3265 3616 3278 3636 ,
3314 3572 3474 3627 Pater

1916 3677 2019 3728 est,
2049 3666 2138 3733 qui
2167 3666 2309 3717 visus
2337 3673 2436 3726 est,
2466 3663 2847 3730 oraculmnque
2874 3665 3018 3717 dedit
3043 3667 3348 3734 prophetat;
3374 3668 3468 3720 sed

1918 3756 2140 3810 touitrui
2175 3756 2314 3810 lilius
2346 3757 2391 3786 ”
2421 3754 2678 3822 stupenda
2726 3753 2936 3807 locutus
2981 3766 3096 3818 est,
3127 3771 3190 3810 ac
3237 3756 3473 3810 touitruo

1917 3851 2238 3904 terribiliora
2270 3851 2422 3911 dixit,
2456 3849 2608 3918 cujus
2641 3848 2852 3917 propria
2883 3864 2986 3902 non
3025 3858 3109 3902 est
3153 3850 3320 3903 dictio
3359 3851 3470 3914 illa,

1919 3943 2038 3996 Non
2089 3952 2199 3994 erat
2227 3957 2244 3993 :
2275 3943 2366 3994 sed
2399 3943 2530 4004 hanc,
2575 3939 2703 3994 Erat
2759 3939 3081 4005 Verbum“;
3111 3941 3244 3994 dixit
3278 3940 3470 3995 Filium

1914 4054 2034 4091 enin
2064 4052 2182 4090 esse
2219 4035 2309 4104 qui
2341 4035 2485 4088 visus
2514 4044 2613 4096 est,
2645 4043 2699 4087 et
2731 4035 2819 4102 qui
2860 4035 3137 4087 oraculum
3173 4035 3316 4087 dedit
3350 4051 3474 4101 pro-

1915 4133 2108 4198 phetm.
2141 4128 2276 4182 Dicit
2305 4128 2447 4180 enim
2496 4128 2546 4178 in
2579 4141 2674 4178 suo
2711 4126 2845 4177 libro
2875 4141 2887 4176 :
2932 4122 3209 4191 Pmpterea
3241 4141 3342 4176 non
3388 4143 3475 4189 po-

1918 4234 2084 4277 terunt
2117 4223 2323 4275 credere
2348 4223 2400 4272 in
2424 4219 2604 4272 Jesum
2639 4217 2848 4280 Juda'i,
2886 4217 3010 4285 quia
3043 4216 3176 4268 dixit
3209 4215 3379 4269 Isaias
3410 4218 3476 4271 de

1917 4321 2040 4385 ipsis
2065 4335 2082 4370 :
2114 4315 2377 4370 Exeo-cati
2422 4324 2540 4365 sunt
2571 4311 2706 4363 oculi
2742 4326 2950 4372 eorum,
2988 4319 3032 4362 et
3066 4309 3368 4362 induratum
3399 4317 3476 4362 est

1916 4429 2005 4463 cor
2036 4426 2214 4463 eorum
2247 4417 2301 4460 ut
2329 4423 2388 4457 ne
2416 4406 2620 4457 videant
2657 4403 2820 4455 oculis
2845 4442 2860 4464 ,
2893 4414 2937 4455 et
2968 4403 3258 4469 intelligant
3297 4402 3471 4463 corde,

1917 4513 1964 4555 et
1995 4512 2380 4560 convertantur,
2405 4508 2448 4550 et
2483 4513 2657 4549 sanam
2684 4513 2790 4548 eos.
2820 4494 2947 4548 Ila'c
2972 4497 3104 4546 dixit
3141 4494 3332 4553 Isaias.
3357 4511 3474 4546 cum

253 4577 410 4644 ὅπως
433 4578 518 4648 μὴ
554 4579 721 4634 ιδωσι
770 4583 893 4649 τοῖς
934 4585 1280 4653 ὀφθαλμοῖς,
1323 4589 1418 4639 καὶ
1461 4587 1692 4641 συνῶσι
1742 4586 1815 4655 τῇ
1849 4604 1888 4657 D

1809 4587 1815 4629 ἶ
1849 4604 1888 4657 D
1921 4595 2045 4647 vidit
2076 4593 2297 4662 gloriam
2330 4591 2438 4657 ejus
2485 4590 2550 4640 ’⁸.
2584 4587 2780 4642 l’aulus
2813 4604 2938 4640 veru
2975 4590 3145 4640 visum
3191 4597 3242 4640 et
3284 4589 3471 4639 Vatici-

254 4671 482 4738 καρδίᾳ,
531 4671 627 4724 καὶ
677 4673 1099 4744 ἑπιστρέψωσι,
1150 4679 1246 4730 καὶ
1289 4678 1537 4746 ιάσωμαι
1577 4680 1817 4745 αὐτούς.

263 4766 448 4818 Ταῦτα
479 4763 645 4820 εἶπεν
669 4768 924 4836 Ἡσαΐας,
940 4770 1034 4823 ὅτε
1062 4766 1180 4822 εἶδε
1198 4771 1308 4838 τὴν
1332 4771 1518 4833 δόξαν
1542 4773 1744 4825 αὐτοῦ.
1763 4773 1820 4825 '0

255 4855 311 4908 δὲ
346 4858 554 4922 Παῦλος
596 4859 686 4912 τοῦ
738 4860 1053 4932 Πνεῦματος
1087 4863 1401 4932 ἀπεφήνατο
1433 4863 1527 4934 τὴν
1555 4864 1819 4919 ὀπτασίαν

255 4943 391 5001 εἶναι
441 4953 532 5002 καὶ
575 4954 672 5023 τὴν
705 4956 1072 5024 χρησμῳδίαν,
1105 4954 1273 5022 λέγων
1300 4974 1314 4988 ο
1347 4957 1553 5022 Καλῶς
1588 4957 1702 5026 ἔφη
1758 4958 1822 5010 τὸ

255 5041 494 5112 Πνεῦμα
518 5043 582 5096 τὸ
608 5046 778 5116 ἅγιον
807 5047 906 5100 διὰ
937 5049 1043 5102 τοῦ
1068 5047 1374 5116 προφήτου
1409 5052 1642 5104 Ἡσαΐου
1673 5053 1822 5118 πρὸς

255 5133 395 5200 τοὺς
417 5134 673 5203 πατέρας
698 5139 862 5209 ὑμῶν
893 5142 1026 5212 (14)·
1075 5139 1239 5210 Ἀκοῇ
1273 5143 1583 5209 ἀκούσετε,
1611 5145 1709 5197 καὶ
1749 5146 1820 5198 οὐ

334 5251 376 5281 ⁸⁸
410 5249 562 5319 Prov.
587 5263 736 5311 uxr,
777 5252 824 5306 1.
905 5255 947 5286 ’⁵
977 5253 1014 5307 ll
1045 5256 1166 5310 Cor.
1198 5272 1312 5314 xm,
1345 5251 1396 5304 5.
1478 5258 1520 5287 "
1558 5261 1673 5308 Act.
1700 5273 1757 5319 ll,
1793 5257 1846 5308 4.

257 5321 301 5393 ’ἒ
335 5321 372 5372 ΙΙ
398 5318 534 5372 Tim.
564 5335 640 5379 Ill,
685 5319 785 5393 Hi.”
827 5325 902 5393 γυ
933 5324 1036 5382 lsa.
1072 5342 1146 5393 vt,
1174 5329 1195 5381 i
1225 5367 1240 5392 ,
1266 5326 1320 5379 2.
1400 5327 1446 5357 ²¹
1486 5328 1616 5381 ibid-
1651 5326 1702 5380 9-

253 5392 301 5422 “
336 5393 456 5442 Act.
495 5405 688 5452 xxvut,
718 5391 905 5455 25,26.

323 5502 434 5569 (ll)
478 5503 613 5578 Ἐξᾱὶιί
661 5505 723 5578 [Si
767 5505 823 5557 δὲ
865 5504 1145 5572 ἐκλέγεται
1193 5509 1354 5560 αὐτὸν
1381 5507 1583 5578 Κύριος
1622 5513 1649 5561 6
1682 5509 1812 5570 Θεὸς

1802 5329 1848 5357 ⁸³
1889 5325 2054 5380 Marc.
2099 5342 2194 5389 ιιι,
2229 5328 2313 5379 17.

1921 4686 2065 4736 nium
2112 4683 2236 4734 illud
2267 4679 2500 4748 Spiritus
2539 4695 2660 4732 esse
2689 4679 3017 4740 declaravit,
3046 4680 3226 4730 dicens
3261 4694 3274 4729 :
3323 4675 3476 4730 Recte

1918 4777 2048 4828 dixit
2076 4773 2300 4839 Spiritus
2326 4782 2537 4824 sanctus
2576 4789 2666 4839 per
2695 4772 2994 4838 prophetam
3041 4769 3232 4820 Isaiam
3270 4774 3338 4822 ad
3377 4788 3474 4837 pa-

1916 4879 2018 4920 tres
2043 4876 2232 4918 restros
2259 4877 2275 4914 :
2302 4863 2530 4917 Auribus
2565 4864 2784 4915 audietis
2807 4902 2820 4918 .
2852 4873 2897 4913 et
2931 4878 3030 4912 non
3063 4863 3394 4930 intelligetis,
3426 4872 3476 4915 et

1916 4958 2142 5011 videntes
2181 4957 2451 5020 videbitis,
2502 4967 2548 5008 et
2599 4972 2699 5007 non
2747 4954 3100 5021 perspicietis;
3129 4956 3472 5007 incrassatum

1916 5062 1988 5104 est
2014 5051 2148 5103 enim
2185 5067 2274 5102 cor
2293 5049 2473 5118 populi
2499 5047 2733 5115 hujus".
2761 5045 3025 5112 Propheta
3053 5046 3257 5098 inducit
3281 5045 3473 5108 Patris,

1919 5145 1972 5196 in
2008 5159 2163 5212 quem
2191 5139 2359 5195 Judaei
2392 5141 2716 5198 credebant,
2758 5152 3080 5206 personam;
3109 5137 3432 5207 evangelista
3454 5199 3471 5224 ν

1932 5258 1972 5286 ¹⁷
2000 5257 2183 5309 Matth.
2213 5271 2266 5318 χ,
2297 5253 2386 5307 20.
2465 5253 2506 5282 ⁸⁸
2535 5251 2688 5304 Num.
2725 5266 2802 5312 ιι,
2841 5251 2930 5303 99.
3009 5251 3050 5281 ¹⁹
3085 5250 3202 5304 Act.
3239 5266 3352 5308 nt.
3386 5251 3470 5304 ll.

2408 5325 2453 5355 ’δ
2488 5321 2642 5375 Juan.
2679 5339 2716 5384 ι,
2750 5324 2798 5376 1.
2877 5323 2923 5352 ’⁸
2953 5321 3108 5384 Joan,
3151 5338 3248 5386 xu,
3279 5320 3467 5376 39-“.

1984 5509 2120 5577 (12‘)
2155 5508 2290 5562 Edili
2326 5508 2448 5561 ἴδον,
2473 5509 2538 5558 At
2567 5500 2884 5577 mss.ei69v.
2917 5504 3032 5577 Mox
3080 5504 3206 5571 Reg.
3246 5513 3472 5574 quartus

251 5572 1172 5650 ἰῶν-πατέρωνξίν-προεχειρίσατο,
1194 5579 1284 5630 τὸν
1305 5572 1730 5650 αὺτόν’ἀφορίζει
1751 5580 1810 5632 τὸ
1907 5572 2000 5649 τῷ
2023 5572 2119 5642 ἑνὶ,
2154 5580 2244 5632 καὶ
2271 5578 2328 5641 ἓξ
2357 5577 2625 5650 πτέρυγες
2655 5576 2732 5645 τῷ
2766 5575 2864 5639 ἐνὶ,
2903 5574 3010 5650 καί,
3047 5585 3149 5650 ειςἶ

255 5642 495 5712 Πνεῦμα.
525 5642 590 5693 At
615 5644 764 5712 Regii
788 5642 1030 5711 'qnatu'or
1063 5665 1188 5700 mss.
1215 5659 1272 5699 ut
1309 5651 1359 5701 iu
1392 5642 1684 5708 cuntéxiu',
1717 5666 1810 5702 es—

255 5713 751 5792 Cei‘itulqtlotlltegz
773 5719 994 5792 quintus
1023 5717 1174 5792 habet
1205 5719 1390 5792 τοῦτον
1414 5719 1459 5792 δῖ
1494 5720 1758 5790 ἀφορίζει.

326 5783 971 5860 {_|2)_Antiquiduolibri
1010 5790 1103 5840 καὶ
1137 5789 1290 5858 ἁγίου
1326 5783 1656 5860 Πνεύματός.
1696 5792 1801 5847 Vox

255 5853 411 5922 ἁγίου
443 5855 494 5908 iu
517 5853 673 5909 editis
701 5856 1050 5914 desideratur.

1905 5720 1972 5774 bu

1978 5651 2089 5715 (13)
2122 5652 2228 5704 Vox
2253 5644 2661 5702 abrénr'addtta
2690 5644 2770 5700 est
2801 5661 2863 5698 ex
2901 5646 3067 5698 ttihus
3099 5644 3249 5700 libris
3273 5647 3462 5698 veteri~

1974 5737 2083 5872 δι)
2118 5791 2248 5844 Eunt
2305 5789 2544 5858 πατέρας
2605 5786 2782 5857 ἡμῶν.
2813 5786 2878 5839 At
2931 5801 3057 5840 mss.
3099 5802 3192 5840 sex
3225 5783 3470 5855 πατέρας

1901 5861 1929 5912 ὑ
1937 5862 2070 5928 μῶν.
