4208 6482
758 436 864 492 79.5

2097 446 2152 500 Ξ.
2198 444 2439 503 BASILII
2480 448 2689 502 MAGNI

3892 457 3987 510 τξι

759 552 920 615 Filii;
991 551 1222 614 Paulus,
1275 550 1528 619 Spiritus,
1593 553 1742 607 illum
1802 554 1974 622 ipsum
2036 560 2124 625 qui
2175 560 2396 624 visusA

2353 571 2396 624 Α
2421 563 2506 629 μὴ
2552 562 2797 627 συνῆτε,
2851 561 2947 613 καί
2988 560 3324 625 βλέποντες
3350 563 3633 632 βλέψετε,
3671 568 3768 618 καὶ
3804 570 3874 620 οὺ
3906 570 3987 637 μὴ

766 643 961 705 fuerat,
994 660 1152 695 unum
1187 643 1473 696 Dominum
1505 644 1735 699 SabaOIh
1762 649 2120 702 communiter
2148 653 2317 704 nomi-

765 743 976 788 nantes.
1011 734 1328 788 Sermonem
1358 752 1516 805 quem
1542 738 1606 792 de
1633 739 1906 806 hypostasi
1937 740 2315 806 Instituerunt,

759 827 1076 890 distiuxere,
1114 826 1426 884 indistincta
1471 838 1723 883 manente
1755 831 1804 882 in
1850 830 1930 884 eis
1960 831 2025 883 de
2070 847 2176 885 uno
2214 832 2320 886 Deo

755 920 1043 971 Sententia.

2429 651 2621 716 ἴδητε·
2652 652 2955 719 ἐπαχύνθη
2986 654 3092 721 γὰρ
3121 655 3158 720 ἡ
3193 653 3401 720 καρδία
3434 655 3537 707 τοῦ
3559 657 3715 710 λαοῦ
3753 661 3984 714 τούτου.

2437 744 2498 798 '0
2544 745 2826 813 προφήτης
2871 744 2979 813 (15)
3033 745 3124 797 τοῦ
3177 747 3386 818 Πατρὸς
3429 750 3725 819 εἰσηγεῖται
3782 753 3986 821 προσω-

2428 852 2527 888 πον
2561 835 2652 887 τοῦ
2699 835 2845 906 παρά
2903 837 3172 900 Ἰουδαίοις
3217 842 3671 909 πεπιστευμένουο
3735 846 3765 896 6
3823 846 3986 910 εὐαγ-

2425 925 2674 996 γελιστὴς
2713 925 2805 977 τοῦ
2846 927 3007 978 Υἱοῡ·
3051 929 3078 978 6
3110 927 3317 991 Παῦλος
3360 929 3452 982 τοῦ
3498 931 3848 1001 Πνεῦματος·
3897 936 3985 985 Eu

753 1013 956 1080 Κύριον
1007 1011 1230 1064 Σαϐαὼθ
1285 1012 1373 1064 τὸν
1417 1012 1647 1080 ὀφθέντα
1717 1014 1910 1076 κοινῶς
1975 1017 2349 1085 ὀνομάζοντες.
2403 1020 2660 1090 Διῄρηται
2708 1019 2814 1089 (16)
2847 1020 3025 1083 αὐτοῖς
3059 1023 3086 1073 6
3123 1023 3250 1091 περὶ
3287 1023 3388 1091 τῆς
3424 1024 3775 1089 ὑποστάσεως
3812 1028 3982 1095 λόγος,

758 1105 1063 1175 ἀδιαιρέτου
1097 1105 1345 1173 μένοντος
1373 1109 1428 1158 ἐν
1456 1107 1635 1168 αὐτοῖς
1666 1107 1758 1158 τοῦ
1795 1109 1922 1178 περὶ
1961 1111 2074 1172 ἐνὸς
2109 1110 2242 1161 Θεοῦ
2283 1114 2640 1180 φρονήματος.

758 1200 909 1264 Quod
930 1199 1224 1254 Creatorem
1253 1199 1564 1264 participant
1593 1214 1708 1261 qua?
1741 1209 1858 1249 sunt
1888 1204 1954 1251 ad
1994 1202 2272 1269 imaginem
2297 1218 2314 1254 :

1140 1270 1234 1320 lioc
1261 1278 1431 1318 autem
1460 1269 1516 1334 ﬁt
1548 1283 1638 1334 per
1664 1269 1936 1334 Spiritum.

829 1362 979 1427 Quod
1006 1363 1048 1414 sl
1082 1361 1195 1414 haec
1238 1360 1630 1424 intelligerent,
1673 1374 1736 1412 ac
1765 1371 1908 1414 recte
1944 1363 2316 1429 perciperent,

755 1454 848 1520 qui
899 1463 1084 1506 contra
1137 1453 1451 1519 semetipsos
1498 1453 1636 1506 male
1679 1453 1947 1519 sapientes
2003 1464 2159 1518 sunt,
2211 1469 2316 1508 non

759 1547 943 1611 utique
989 1544 1250 1611 Spiritum
1300 1559 1327 1595 a
1364 1544 1558 1596 deitate
1603 1544 1942 1609 alienarent,
2003 1561 2067 1599 ne
2115 1561 2173 1599 se
2217 1547 2314 1614 ipsi

763 1645 1074 1688 rcsecarent
1108 1649 1135 1685 a
1174 1635 1387 1696 deitate,
1419 1649 1569 1698 neve,
1603 1647 1850 1704 separato
1885 1654 1914 1688 a
1947 1638 2054 1690 Deo
2093 1639 2313 1700 mutulo,

2425 1203 2542 1255 ’Ότι
2565 1202 2796 1274 μετέχει
2824 1202 2925 1274 τοῦ
2945 1206 3302 1274 Δημιουργοῦ
3321 1207 3389 1259 τὰ
3407 1210 3532 1259 κατ’
3549 1209 3756 1262 εἰκόνα
3777 1228 3791 1240 ο
3815 1212 3984 1265 τοῦτο

2588 1221 2796 1324 tangat
2824 1221 2927 1282 eoo
2945 1221 3302 1274 αημιουργου
3321 1221 3389 1259 τα
3407 1221 3532 1259 κατ
3549 1221 3756 1262 εἰχον-α
3777 1228 3791 1240 ο
3815 1233 3818 1240 λ

2588 1273 2654 1324 δὲ
2731 1273 2788 1324 ιὰ
2826 1289 2931 1325 του
2974 1277 3315 1343 Πνεύματος
3347 1276 3457 1346 (17)
3480 1280 3818 1346 γινόμενον.

2493 1364 2553 1416 Εἰ
2581 1364 2637 1416 δὲ
2667 1364 2838 1415 ταῦτα
2867 1364 3111 1417 συνίεσαν
3160 1367 3251 1418 καὶ
3283 1367 3456 1430 καλῶς
3486 1369 3761 1438 ὑπήκουον
3790 1374 3839 1422 οἱ
3866 1374 3982 1425 καθ’

2428 1453 2629 1505 ἑαυτῶν
2699 1453 2881 1516 κακῶς
2943 1452 3302 1524 σοφιζόμενοι,
3362 1457 3460 1509 οὐκ
3507 1456 3573 1510 ἂν
3636 1458 3698 1509 τὸ
3763 1461 3983 1528 Πνεῦμα

2424 1542 2670 1613 θεότητος
2698 1543 3028 1612 ἡλλοτρίουν,
3079 1544 3162 1595 ἵνα
3207 1545 3281 1614 μὴ
3333 1544 3584 1615 Θεότητος
3619 1547 3852 1610 ἑαυτοὺς
3879 1549 3981 1616 (18)

2422 1635 2755 1698 ἀποκόψωσι,
2797 1635 2890 1686 καὶ
2933 1634 3133 1703 κόσμον
3164 1635 3296 1688 Θεοῦ
3337 1636 3687 1706 διαστήσωσι.
3729 1639 3826 1691 καὶ
3859 1639 3983 1691 Θεὸν

759 1726 927 1778 Deum
977 1739 1005 1776 a
1057 1723 1268 1792 propria
1325 1732 1567 1775 creatura
1621 1724 1957 1780 dirimerent.
2009 1724 2136 1791 Quae
2172 1729 2313 1779 enim
2348 1766 2388 1819 Β

2348 1766 2388 1819 Β
2422 1725 2520 1795 τῆς
2557 1726 2688 1789 ἰδίας
2720 1727 2945 1789 κτίσεως
2967 1727 3357 1796 ἀποστήσωσιν.
3391 1729 3582 1782 "Aelia
3608 1731 3709 1799 μὲν
3736 1732 3848 1798 (19)
3881 1734 3980 1803 γάρ

760 1817 898 1870 facta
943 1826 1123 1870 essent
1156 1832 1183 1869 a
1210 1815 1339 1877 Deo,
1371 1829 1593 1882 quaque
1629 1825 1802 1869 tamen
1831 1818 2122 1872 secundum
2164 1829 2314 1871 natu-

760 1922 875 1960 ram
915 1918 1153 1961 creatam
1187 1907 1459 1960 Creatoris
1513 1907 1678 1974 gloria
1739 1909 2176 1971 destituerentur,
2240 1925 2302 1963 ea

761 1999 945 2052 omnia
985 2000 1088 2054 nisi
1137 2000 1388 2052 deitatem
1441 1998 1840 2064 participarent,
1892 1999 2064 2052 forent
2101 2001 2312 2058 misera,

763 2091 862 2143 llic.
897 2101 1075 2145 autem
1122 2092 1185 2144 de
1221 2091 1326 2144 Deo
1354 2105 1535 2143 sermo
1564 2090 1815 2158 indignus
1844 2101 1956 2154 est,
1995 2093 2038 2144 si
2072 2092 2318 2146 videlicet

761 2184 977 2236 dicatur
1009 2190 1313 2234 creaturam
1361 2181 1552 2234 nudam
1586 2189 1636 2234 et
1675 2186 1822 2248 quasi
1856 2181 1937 2234 sui
1976 2197 2196 2236 vacuam
2229 2185 2321 2237 de-

761 2275 992 2342 spicere.
1045 2278 1233 2325 Verum
1266 2287 1364 2326 nec
1395 2284 1638 2324 creatura
1669 2273 1745 2325 sic
1783 2272 1980 2325 misera
2005 2313 2018 2335 ,
2049 2288 2147 2326 nec
2181 2273 2319 2327 Deus

764 2367 842 2419 sic
885 2365 1166 2420 imbecillis
1219 2379 1332 2432 cst,
1377 2376 1432 2420 ut
1463 2376 1701 2419 sanctam
1743 2365 2209 2432 participationem
2265 2368 2317 2420 in

762 2468 1041 2513 creaturas
1093 2474 1194 2511 non
1261 2460 1610 2513 transmittat.
1661 2458 1844 2524 Itaque
1885 2458 2064 2510 statim
2113 2459 2176 2510 ad
2237 2460 2315 2511 sui

767 2551 1050 2618 imaginem
1088 2552 1256 2603 voluit
1291 2552 1559 2603 hominem
1614 2549 1809 2602 facere.
1847 2549 2094 2602 Profecto
2143 2560 2316 2602 autem

766 2643 942 2711 imago
971 2659 1088 2711 qua:
1117 2642 1360 2708 chicitur,
1402 2643 1522 2695 dum
1566 2642 1634 2696 ab
1661 2641 1952 2710 exemplari
1982 2639 2319 2702 transfertur,

764 2735 1173 2789 similitudinem
1198 2735 1249 2787 in
1277 2734 1498 2786 materia
1525 2733 1740 2803 accipit,
1768 2747 1829 2787 ac
1850 2731 2183 2785 characteris
2207 2729 2323 2796 ejus

762 2825 988 2879 efﬁcitur
1035 2827 1300 2895 particeps
1328 2865 1344 2890 ,
1393 2827 1479 2879 ubi
1526 2841 1619 2894 per
1663 2825 1888 2880 artificis
1945 2824 2323 2893 cogitationem

765 2931 1086 2982 manumque
1139 2917 1395 2984 impressa
1438 2918 1616 2968 fuerit.
1662 2915 1753 2969 Sic
1799 2918 1990 2985 pictor,
2043 2916 2121 2969 sic
2173 2915 2319 2968 scul-

765 3013 888 3074 litor
920 3024 933 3060 :
965 3007 1041 3060 sic
1075 3009 1161 3074 qui
1194 3023 1411 3061 auream
1467 3018 1557 3061 aut
1609 3025 1802 3062 aeream
1857 3017 2084 3062 statuam
2114 3007 2278 3061 efficit
2300 3047 2315 3070 ,

2421 1815 2596 1868 πάντα
2640 1815 2706 1867 τὰ
2741 1815 3080 1885 πεποιημένα
3129 1816 3262 1886 πρὸς
3309 1817 3400 1869 τοῦ
3430 1818 3585 1881 Θεοῦ,
3627 1820 3854 1889 καὶτῆς
3892 1823 3978 1874 τοῦ

2417 1906 2750 1978 Δημιουργοῦ
2796 1907 2949 1977 δόξης
2994 1907 3390 1977 ἀπολειπόμενα
3426 1911 3566 1963 κατὰ
3608 1913 3706 1984 τὴν
3759 1916 3979 1983 κτιστὴν

2418 1997 2596 2065 φύσιν,
2629 1999 2675 2049 εἰ
2721 1997 2794 2067 μὴ
2841 1997 3052 2066 μετέχει
3083 1995 3352 2064 θεότητος.
3393 1998 3630 2063 Ἀνάξιος
3674 2001 3731 2053 δὲ
3765 2003 3796 2053 6
3833 2001 3982 2067 λόγος

2418 2089 2542 2159 περὶ
2571 2088 2724 2152 Θεοῦ,
2756 2088 2815 2140 τὸ
2844 2089 3051 2158 γυμνὴν
3083 2088 3191 2155 (20)
3222 2089 3314 2140 ml.
3341 2087 3525 2158 ὥσπερ
3555 2089 3760 2161 ἔρημον
3794 2092 3982 2146 ἑαυτοῦ

2419 2181 2679 2250 περιορᾷν
2726 2180 2823 2249 τὴν
2874 2179 3067 2233 κτίσιν.
3134 2178 3272 2231 Ἀλλ’
3324 2178 3444 2231 οὔτε
3503 2183 3534 2249 ἠ
3588 2184 3764 2246 κτίσις
3815 2183 3984 2245 οὕτως

2417 2273 2594 2335 ἀθλία,
2635 2271 2773 2326 οὔτε·
2807 2271 2936 2334 Θεὸς
2973 2272 3142 2334 οὕτως
3183 2271 3459 2334 ἀδύνατος,
3514 2271 3650 2324 ὥστε
3687 2277 3790 2346 τὴν
3829 2277 3983 2342 ἁγίαν

2421 2365 2703 2434 μετάδοσιν
2759 2362 2833 2433 μὴ
2881 2363 3206 2432 διαπέμπειν
3249 2365 3340 2417 ἐπὶ
3385 2363 3453 2415 τὰ
3497 2366 3799 2434 ποιήματα.
3853 2369 3981 2420 Κατ’

2421 2459 2600 2511 εἰκόνα
2634 2458 2763 2526 γοῦν
2789 2457 2981 2510 ἑαυτοῦ
3012 2459 3170 2522 εὐθὺς
3199 2460 3420 2528 ποιῆσαι
3452 2459 3542 2511 τὸν
3572 2459 3863 2530 ἄνθρωπον
3900 2462 3986 2529 ,3:-

2419 2548 2694 2618 ϐούληται.
2743 2548 2964 2610 Πάντως
2990 2547 3044 2599 δὲ
3077 2551 3108 2617 ἡ
3139 2549 3249 2616 (21)
3277 2549 3437 2601 εἰκὼν
3476 2553 3509 2619 ὴ
3552 2549 3986 2619 δημιουργουμέ-

2421 2650 2505 2700 νη,
2557 2635 2962 2704 μεταφερομένη
2998 2637 3102 2688 ἀπὸ
3136 2637 3225 2689 τοῦ
3255 2637 3629 2708 πρωτοτύπου,
3665 2639 3766 2708 τὴν
3796 2640 3986 2708 ὁμοίω-

2425 2737 2506 2772 σιν
2538 2725 2614 2784 εἰς
2645 2724 2739 2793 τὴν
2775 2727 2900 2795 ὓλην
2932 2728 3141 2798 εἴληφε,
3172 2730 3266 2781 καὶ
3297 2730 3594 2800 μετέσχηκε
3625 2731 3737 2800 (22)
3770 2731 3866 2783 τοῦ
3899 2749 3984 2799 χα-

2425 2812 2691 2883 ρακτῆρος
2734 2814 2822 2865 διὰ
2863 2816 2954 2883 τῆς
2987 2817 3077 2866 τοῦ
3113 2820 3351 2886 τεχνίτου
3383 2821 3621 2883 διανοίας
3668 2823 3764 2874 καὶ
3811 2823 3984 2891 χειρὸς

2423 2905 2885 2974 ὲναπομαχθέντος
2912 2905 3040 2973 (⁸23).
3085 2906 3267 2970 Οῦτως
3309 2912 3337 2960 6
3389 2910 3698 2980 ζωγράφος,
3748 2915 3922 2976 οὕτως
3961 2916 3986 2964 ὁ

2423 2998 2758 3066 λιθογλύφος,
2793 2998 2963 3062 οὕτως
2991 3001 3018 3052 6
3047 3000 3135 3051 τὸν
3160 3000 3386 3068 χρύσεον
3413 3004 3504 3054 καὶ
3529 3003 3619 3055 τὸν
3642 3005 3872 3073 χάλκεον
3897 3008 3984 3058 ἀν-

764 3107 980 3166 acrepta
1028 3100 1272 3163 materia,
1308 3101 1523 3169 respicit
1551 3100 1616 3153 ad
1642 3100 1950 3170 exemplar,
1987 3101 2213 3153 assumit
2242 3100 2316 3154 rei
2349 3099 2389 3156 C
2423 3115 2426 3136 ¹

2349 3099 2389 3156 C
2423 3091 2641 3162 δριάντα
2685 3092 3048 3162 δημιουργῶν,
3097 3091 3286 3146 ἔλαϐεν
3332 3093 3482 3164 ὕλην,
3535 3095 3753 3148 ἀπεῖδεν
3800 3099 3883 3160 εἰς
3931 3099 3984 3150 τὸ

763 3203 921 3255 quam
971 3188 1274 3256 speculatus
1321 3200 1402 3242 est
1449 3190 1692 3258 ﬁguram,
1748 3191 1882 3242 hanc
1932 3190 1982 3241 in
2039 3191 2317 3242 materiam

764 3281 1041 3347 imprimit.
1077 3280 1224 3345 Quod
1256 3282 1298 3335 si
1348 3282 1593 3334 homines
1627 3297 1728 3334 non
1773 3289 1996 3348 possunt
2027 3279 2090 3331 ad
2131 3281 2321 3333 simili-

765 3373 1004 3425 tudinem
1038 3372 1328 3425 informare
1355 3374 1631 3434 materias,
1657 3372 1756 3424 nisi
1786 3386 1971 3424 earum
2004 3371 2174 3423 ideam
2201 3387 2324 3438 par-

765 3464 1024 3532 tit-ipent;
1058 3464 1324 3529 quomodo
1360 3466 1421 3514 ﬂii
1457 3464 1859 3515 similitudim-m
1897 3463 1984 3513 Dci
2020 3464 2322 3515 ascenderit

762 3567 1044 3618 creatura,
1092 3557 1190 3608 nisi
1241 3557 1569 3608 characteris
1615 3556 1777 3609 divini
1842 3555 2006 3623 302
2053 3555 2323 3622 particeps

764 3650 952 3703 eiii-cla
1007 3649 1116 3702 sit?
1162 3648 1380 3701 Divinus
1436 3657 1612 3701 autem
1662 3647 1943 3700 character
1996 3663 2096 3698 non
2150 3645 2322 3713 qualis

765 3743 1034 3794 humanus
1063 3750 1179 3805 est,
1215 3742 1305 3794 sed
1347 3741 1568 3805 ViVl'llS,
1609 3749 1662 3795 et
1697 3755 1819 3793 vcre
1854 3739 2117 3791 exsisteus
2148 3738 2321 3807 imago

767 3829 1015 3897 imaginis
1059 3831 1297 3883 effectrix
1323 3871 1338 3894 ,
1388 3834 1538 3898 cujus
1573 3833 1696 3883 dum
1729 3831 2016 3898 participes
2070 3828 2200 3881 fiunt
2233 3842 2319 3880 res

768 3928 994 3981 cunctae,
1032 3917 1123 3971 Dei
1159 3923 1557 3974 constituuntur
1586 3923 1863 3988 imagines.
1899 3922 2074 3990 Imago
2105 3920 2316 3989 quidem

765 4012 856 4065 Dei
884 4022 965 4065 est
990 4011 1258 4076 Christus,
1301 4012 1402 4076 Qui
1441 4023 1511 4062 est
1536 4050 1550 4072 ,
1583 4013 1772 4078 inquit,
1810 4014 1976 4082 imago
2014 4013 2112 4067 Dei
2147 4013 2320 4066 invisi-

764 4106 884 4157 bilis
911 4105 990 4169 ";
1040 4105 1216 4170 imago
1247 4119 1374 4157 vero
1423 4101 1575 4165 Filii,
1634 4101 1897 4171 Spiritus;
1938 4115 1992 4156 et
2037 4107 2126 4174 qui
2165 4107 2321 4174 hujus

763 4195 900 4247 fiunt
947 4196 1272 4264 participes,
1304 4195 1393 4248 filii
1433 4196 1736 4248 conformes
1767 4193 2092 4257 eﬂiciuntur,
2133 4211 2321 4248 secun-

763 4287 885 4338 dmn
921 4287 970 4338 id
1002 4287 1142 4354 quod
1176 4289 1431 4355 scriptum
1457 4299 1576 4342 est:
1610 4288 1776 4352 Quos,
1807 4288 1998 4350 inquit,
2027 4288 2319 4354 privs-civit,

762 4389 807 4427 et
840 4379 1230 4444 pra'destinavit
1279 4379 1568 4447 conformes
1607 4381 1724 4446 ﬁeri
1763 4381 2006 4448 imaginis
2053 4376 2183 4430 Filii
2214 4380 2319 4440 sui,

762 4480 817 4520 at
844 4468 912 4520 sit
937 4469 1043 4536 ipse
1074 4471 1447 4537 primogenita:
1477 4472 1530 4523 in
1553 4472 1732 4523 multis
1758 4471 2008 4537 fratribus
2045 4470 2110 4526 ³⁸.

832 4563 874 4593 ’τ
908 4563 1112 4617 Coloss.
1144 4579 1182 4625 ι,
1220 4563 1302 4617 15.
1379 4566 1423 4596 ’³
1462 4566 1613 4620 Rom.
1639 4581 1756 4627 νηί,
1789 4563 1877 4617 29.

761 4727 792 4779 ὁ
833 4655 945 4726 (15)
986 4655 1192 4726 Vulgati
1219 4657 1336 4709 libri
1373 4660 1660 4728 προφήτης
1691 4654 1804 4711 οὖν.
1845 4657 1956 4711 Vox
1995 4652 2085 4707 οὖν
2116 4658 2167 4710 in
2196 4674 2324 4711 mss.

797 4739 934 4779 eest.

797 4739 934 4780 ομει.

834 4798 944 4865 (16)
978 4797 1114 4850 Editi
1168 4797 1434 4870 Διῄρηται
1467 4797 1592 4866 γάρ.
1623 4797 1777 4864 Illud,
1821 4797 1948 4868 γάρ,
1983 4799 2036 4852 in
2065 4811 2192 4850 mss.
2223 4813 2326 4848 non

764 4868 994 4933 legitur;
1025 4883 1198 4934 eoque
1225 4868 1540 4921 delet/imus.

835 4938 946 5014 (17)
969 4939 1145 5014 (Zoilex
1164 4954 1312 5014 unus
1332 4948 1384 4990 et
1409 4939 1532 5014 editi
1561 4938 1681 4988 Ὀτι
1715 4938 2044 5014 μετέχει-τοῦ
2071 4942 2331 5014 Δημιουρ-

761 5007 859 5073 γοῦ
893 5007 960 5057 τὰ
994 5007 1111 5059 κατ’
1132 5008 1313 5060 εἰκόνα
1336 5008 1613 5077 γινόμενα,
1655 5007 1811 5058 τοῦτο
1841 5010 1897 5060 δὲ
1935 5010 2022 5062 διὰ
2048 5007 2140 5060 τοῦ
2164 5007 2330 5058 Ilvati-

766 5093 954 5146 ματος.
988 5077 1090 5146 Alii
1117 5089 1348 5141 quatuor
1374 5094 1501 5130 mss.
1528 5080 1676 5131 ὅτι...
1718 5078 1899 5130 εἰκόνα
1918 5095 1930 5107 ⁸
1963 5079 2120 5132 τοῦτο
2161 5078 2216 5129 δὲ
2241 5077 2328 5129 διὰ

761 5146 855 5198 τοῦ
912 5145 1226 5214 Πνεύμάτος
1256 5147 1531 5215 γινόμενα,
1563 5152 1638 5200 sic
1671 5155 1726 5198 nt
1776 5147 1924 5207 illud.
1955 5149 2108 5201 τοῦτο
2136 5149 2212 5208 δέ,
2238 5150 2330 5197 atl-

763 5218 1072 5270 verhialiter
1099 5229 1372 5282 sumptum
1416 5232 1534 5269 esse
1580 5219 1841 5278 videatur,
1874 5220 2029 5270 simul
2082 5235 2175 5285 per
2205 5217 2324 5282 Spi-

764 5288 919 5337 ritum
946 5289 1108 5355 {acta.
1139 5287 1244 5340 Alii
1273 5287 1379 5339 duo
1410 5301 1538 5340 mss.
1575 5290 1646 5340 uti
1686 5289 1738 5339 in
1781 5299 2034 5341 contextu
2073 5289 2174 5356 legi
2234 5303 2328 5357 p0-

765 5365 884 5409 test.

835 5425 942 5493 (18)
971 5426 1110 5479 Editi
1143 5435 1196 5478 et
1223 5426 1428 5493 aliquot
1462 5442 1590 5479 mss.
1627 5425 1843 5487 αὐτούς.
1877 5426 2052 5480 Codex
2087 5427 2240 5480 Colb.
2277 5437 2330 5480 et

765 5493 852 5546 alii
889 5500 993 5548 duo
1022 5497 1167 5564 Ilegii
1195 5496 1442 5558 ἑαυτούς.
1477 5495 1673 5551 Ibidem
1704 5498 1832 5551 editi
1862 5496 2234 5550 ἀποκόπτωσι.
2263 5501 2331 5550 At

764 5580 894 5615 mss.
920 5565 1254 5634 ἀποκόψωσι.

834 5633 1115 5707 (19)-Ει1111
1138 5635 1329 5689 Ἀθλια
1385 5637 1516 5707 γάρ*
1573 5636 1722 5707 Libri
1749 5644 1972 5707 veteres
2009 5637 2203 5690 Ἀθλια
2232 5637 2328 5706 μὲν

765 5703 1124 5791 γάρζιὺίἀειη
1152 5709 1282 5761 editi
1313 5708 1406 5761 καὶ
1436 5703 1529 5758 τοῦ
1563 5706 1691 5774 δημ.
1721 5706 1943 5760 Codices
1976 5717 2084 5760 tres
2110 5709 2202 5760 καὶ
2230 5703 2328 5776 τῆς

765 5789 858 5826 του
886 5789 948 5844 οη
958 5791 1015 5842 μ.

838 5845 948 5912 (ΞΟ)
977 5844 1154 5899 Codex
1213 5863 1349 5903 unus
1385 5857 1438 5902 et
1472 5847 1600 5902 editi
1633 5848 1756 5906 περὶ
1791 5846 1924 5899 Θεοῦ
1967 5847 2058 5901 τοῦ
2096 5849 2323 5908 γυμνήν.

2421 3181 2791 3251 πρωτότυπον,
2827 3182 3050 3236 ἀνέλαϐε
3086 3181 3176 3234 τοῦ
3208 3182 3615 3256 τεθεωρημένου
3636 3186 3747 3252 ((24)
3777 3190 3870 3241 τὸν
3901 3189 3985 3240 τύ-

2420 3290 2539 3335 πον,
2573 3276 3080 3345 ὲναπεσφραγίσατο
3119 3274 3304 3328 τοῦτον
3336 3280 3400 3345 τῇ
3428 3277 3546 3349 ὕλῃ.
3573 3281 3636 3331 Εἰ
3691 3280 3748 3332 δὲ
3781 3281 3985 3350 ἀνθρώ-

2420 3380 2542 3425 ποις
2581 3363 2676 3432 οὑχ
2727 3360 2835 3416 οἷόν
2873 3382 2932 3416 τε
2981 3366 3116 3434 πρὸς
3161 3368 3417 3435 ὁμοίωσιν
3472 3370 3858 3438 ὲκτυπωθῆναι
3891 3368 3985 3434 τὰς

2422 3456 2569 3518 ὔλας,
2600 3457 2646 3506 εἰ
2681 3457 2751 3526 μὴ
2778 3457 2876 3527 τῆς
2921 3458 3060 3521 ἰδέας
3098 3459 3274 3510 αὐτῶν
3305 3459 3691 3528 μεταλάϐοιενο
3722 3462 3841 3525 πῶς
3875 3465 3986 3533 Θεῴ

2423 3548 2554 3615 πρὸς
2578 3549 2830 3616 ὁμοίωσιν
2864 3550 3094 3618 ἀναϐαίη
3115 3549 3227 3617 (‘25)
3255 3549 3314 3600 τὸ
3345 3551 3569 3619 κτίσμα,
3607 3551 3679 3622 μὴ
3718 3555 3984 3624 μεταλαμ-

2422 3639 2577 3691 ϐάνον
2609 3639 2748 3692 θείου
2780 3643 3157 3714 χαρακτῆροςς
3189 3643 3339 3704 Θεῖος
3363 3641 3418 3693 δὲ
3449 3645 3732 3716 χαρακτὴρ
3765 3649 3862 3718 οὐχ
3883 3643 3984 3708 οἷος

2420 3733 2448 3783 6
2486 3730 2839 3800 ἀνθρώπινος,
2877 3735 3009 3789 ἀλλά
3039 3735 3145 3800 ζῶν
3167 3753 3180 3764 ’
3224 3736 3317 3789 καὶ
3344 3734 3510 3796 ὅντως
3544 3734 3617 3786 ὢν
3653 3737 3817 3789 εἰκὼν
3851 3741 3984 3791 εἰκο-

2421 3825 2649 3889 νοποιὸς,
2681 3821 2745 3897 ἧς
2778 3828 2949 3882 πάντα
2976 3830 3081 3899 (26)
3112 3829 3179 3882 τὰ
3227 3827 3561 3900 μετασχόντα
3614 3818 3823 3892 εἰκόνες
3863 3832 3987 3883 καθ-

2423 3919 2664 3973 ίστανται
2711 3919 2863 3974 Θεοῦ.
2894 3922 3066 3975 Εἰκὼν
3108 3924 3204 3993 μὲν
3236 3921 3370 3975 Θεοῦ
3414 3923 3666 3992 Χριστὸς,
3701 3923 3810 3986 "Ur;
3837 3924 3980 3987 ἐστι,

2421 4013 2601 4083 φησὶν,
2628 4014 2801 4065 εἰκὼν
2825 4015 2928 4067 τοῦ
2959 4016 3102 4068 Θεοῦ
3127 4017 3230 4070 τοῦ
3259 4016 3513 4083 ἀοράτου
3533 4032 3546 4045 ·
3593 4015 3758 4067 εἰκὼν
3781 4015 3838 4067 δὲ
3863 4015 3981 4067 Tia]

2421 4106 2480 4156 τὸ
2511 4105 2750 4174 Πνεῦμα,
2777 4108 2870 4159 καὶ
2898 4109 2943 4159 οἰ
2973 4106 3159 4160 τούτου
3188 4108 3693 4177 μεταλαμϐάνοντες
3725 4109 3829 4160 υἱοὶ
3855 4109 3984 4175 σύμο

2425 4213 2640 4264 μορφοι,
2659 4197 2796 4248 κατά
2824 4199 2883 4250 τὸ
2903 4201 3304 4271 γεγραμμένον,
3341 4203 3420 4251 ὃτι
3441 4201 3556 4266 Οὓς
3580 4202 3853 4269 προέγνω
3879 4203 3982 4267 ('27)

2422 4287 2516 4339 καί
2551 4288 2837 4355 προώρισε
2865 4295 3272 4357 συμμόρφους,
3305 4292 3455 4360 φησὶ,
3485 4293 3594 4358 τῆς
3625 4295 3860 4357 εἰκόνος
3889 4293 3984 4345 τοῦ

2432 4378 2564 4431 Υἱοῦ
2593 4380 2800 4440 αὐτοῦ,
2840 4382 2925 4444 εἰς
2969 4381 3032 4434 τὸ
3078 4382 3228 4436 εἶναι
3273 4385 3457 4436 αὐτὸν
3498 4386 3876 4451 πρωτότοκον
3924 4384 3984 4434 ὲν

2354 4452 2397 4506 D
2425 4471 2677 4537 πολλοῖς
2707 4469 3001 4540 ἀδελφοῖς.

2436 4657 2536 4710 Alii
2561 4657 2798 4724 quinque
2836 4671 2968 4708 mss.
3004 4673 3131 4725 περι
3165 4655 3318 4718 Θεοῦ,
3351 4655 3432 4717 τό,
3461 4659 3695 4726 γυμνήν.
3740 4654 3848 4726 Hoc.
3880 4654 3982 4720 ipso

2433 4729 2484 4778 iu
2512 4728 2626 4780 loco
2660 4727 2788 4780 editi
2823 4723 3143 4794 καὶῶσπερ.
3185 4726 3357 4780 nostri
3389 4723 3592 4796 septeni
3633 4723 3763 4777 iuss.
3804 4723 3982 4794 ὥσπερ

2431 4797 2540 4849 καί.

2501 4867 2613 4934 (at)
2653 4865 2781 4930 Reg.
2816 4865 3006 4916 tertius
3045 4863 3266 4917 Πάντων
3297 4864 3351 4916 δὲ
3380 4868 3436 4934 ἡ.

2502 4937 2615 5008 (22)
2670 4934 2814 5001 Regii
2873 4936 3143 5008 secundus
3197 4945 3250 4988 et
3311 4933 3496 5008 tertius
3532 4933 3664 5004 ὕλην
3709 4937 3981 5008 εἰληφέναι

2434 5007 2737 5076 μετέσχηκε
2766 5014 2780 5031 ⁶
2831 5017 2991 5076 quam
3043 5005 3740 5076 scripturamclaranresse
3778 5005 3981 5074 ei‘per-

2432 5071 2670 5144 spicuam
2703 5071 3058 5128 Combelisius
3086 5073 3334 5129 aﬂirtuat.
3370 5074 3544 5126 Codex
3578 5074 3730 5132 Colb.
3758 5091 3813 5132 et
3858 5071 3980 5143 Reg.

2432 5148 2653 5211 quintus
2697 5158 2817 5197 cum
2880 5144 3040 5195 editis
3071 5155 3127 5195 ut
3185 5146 3234 5196 in
3268 5153 3543 5199 contextu.
3598 5145 3800 5202 Ibidem
3860 5164 3980 5200 mss.

2432 5216 2666 5268 nonnulli
2707 5213 3048 5283 χαρακτῆρος
3087 5215 3316 5268 ἐκείνου.

2501 5287 2613 5354 (25)
2648 5285 3008 5357 Antiquiqu
3049 5284 3166 5337 libri
3204 5295 3256 5338 et
3305 5283 3430 5337 editi
3482 5285 3664 5356 χειρὸς
3714 5286 3983 5357 ὲναπόμα-

2430 5372 2574 5425 γμα·
2609 5354 3046 5425 (ιυοάίνίιὶοευιη
3066 5369 3203 5425 esse
3244 5354 3636 5425 et_mendosnin
3664 5358 3798 5410 satis
3826 5354 3980 5425 pa'tvt.

2430 5422 2636 5480 C'odex'
2668 5423 2822 5478 Colb.
2871 5434 2926 5476 et
2989 5423 3091 5476 alii.
3124 5427 3228 5478 duo
3289 5422 3437 5493 Regii
3491 5422 3982 5499 ἐναπομαχθέντος,

2431 5506 2596 5550 recte.

2502 5565 2611 5634 (‘24)
2645 5564 2772 5632 Reg.
2808 5572 3026 5631 quartus
3054 5563 3146 5616 τοῦ
3170 5563 3707 5633 προτεθεωρημένου.

2501 5635 2614 5698 (‘25)
2641 5637 2788 5707 _Ij.‘diti
2817 5634 3020 5707 ἀναβῇ.
3056 5637 3278 5707 A_t_mss.
3315 5645 3421 5686 tres
3451 5634 3707 5707 ἀναϐαίη.

2501 5709 2610 5773 (ili)
2641 5704 2778 5758 Editi
2878 5699 3508 5776 navemANostriseptem
3541 5699 3792 5776 ιιιεείῆς.

2501 5777 2609 5845 (27)
2639 5776 2767 5844 Reg.
2802 5773 2988 5829 tertius
3023 5773 3128 5838 Οὓς
3162 5774 3494 5844 προέννωκε.
