4208 6478
785 400 883 453 7‘27

2108 411 2164 465 S.
2207 411 2448 466 BASlLll
2486 414 2697 469 MAGNI

3898 424 4002 480 728

778 513 896 573 Dei,
930 525 1088 578 atque
1135 525 1230 578 per
1272 511 1539 565 lavacrum
1599 518 2016 582 regenerationis
2053 534 2116 574 ac
2162 521 2332 574 sancti
2361 527 2440 582 Λε

2361 527 2408 582 Α
2436 521 2819 595 υἱοθετούμεθα
2839 525 2957 596 Θεῷ
2980 526 3110 596 (32}.
3135 528 3309 602 Καινὴ
3331 531 3491 586 πάλιν
3517 531 3693 598 κτίσις
3720 538 4002 610 μεταλαμ-

777 598 1006 666 Spiritus
1036 599 1428 653 itmovationem
1455 600 1566 655 Deo
1595 603 1932 673 adoptamur.
1964 603 2111 660 Nova
2144 607 2340 661 iterum

777 689 837 745 lit
865 702 1112 746 creatura
1160 702 1292 757 tmn,
1331 708 1451 746 cum
1502 691 1734 762 Spiritus
1782 695 2012 751 etlicitur
2056 699 2339 769 particeps,

775 796 881 848 quo
930 783 1135 850 privata
1184 783 1604 839 inveteraverat.
1665 785 1843 856 Imago
1892 786 1985 845 Dei
2032 805 2213 845 rursus
2259 803 2344 847 est

777 873 957 938 homo,
976 874 1065 943 qui
1098 890 1126 927 a
1161 875 1253 930 Dei
1290 877 1642 933 similitudine
1672 879 1966 942 exciderat.
1998 894 2155 949 atque
2178 894 2341 950 peco-

774 964 923 1018 ribus
967 965 1338 1035 insipientibus
1364 979 1705 1037 comparatus
1733 966 1908 1026 fuerat
1935 1014 1951 1038 ,
1981 989 2043 1026 ac
2062 973 2140 1026 eis
2169 972 2343 1030 factus

775 1057 1069 1110 consimilis
1097 1058 1161 1111 “.
1197 1057 1327 1112 Erat
1355 1061 1523 1114 brutis
1547 1059 1872 1118 animalibus
1902 1065 2091 1118 similis
2122 1062 2344 1121 eﬁectus

777 1150 1069 1202 secundum
1106 1163 1356 1205 mortem.
1387 1150 1531 1204 Sicut
1559 1152 1726 1217 enim,
1759 1155 1949 1224 inquit,
1982 1171 2118 1208 mors
2141 1155 2297 1224 hujus
2326 1199 2342 1224 ,

774 1237 848 1290 ita
880 1255 1017 1293 mors
1057 1239 1203 1294 illius
1240 1243 1307 1294 ³⁷.
1345 1241 1451 1294 Sed
1492 1258 1629 1294 nunc
1653 1282 1668 1306 ,
1711 1244 1914 1315 inquit,
1957 1250 2043 1312 qui
2076 1249 2343 1303 suscitari!

776 1328 1045 1384 Christum
1076 1349 1102 1384 e
1134 1334 1374 1396 mortuis,
1408 1333 1686 1400 vici/icabit
1717 1339 1870 1391 etiam
1904 1339 2146 1393 mortalia
2181 1351 2345 1395 uestra

775 1436 1002 1486 corpora
1054 1432 1268 1492 propter
1321 1425 1488 1492 ipsum
1543 1423 1795 1494 Spiritum
1858 1427 2234 1483 inhabitantem
2291 1433 2344 1486 in

774 1514 919 1565 vobis
950 1513 1014 1565 ⁸⁸.

779 1601 932 1669 Quod
964 1603 1196 1675 Spiritus
1228 1615 1424 1682 natura
1446 1607 1626 1682 dirigo
1650 1620 1744 1669 est,
1778 1609 2195 1680 quandoquidem
2232 1612 2346 1682 ipsa

1295 1679 1500 1744 perﬁcit
1530 1678 1626 1731 Dei
1652 1695 1828 1745 opera.

850 1764 952 1830 Qui
978 1775 1280 1818 creaturam
1311 1779 1574 1833 renovat,
1614 1768 1702 1834 qui
1737 1770 2136 1838 corruptionem
2178 1771 2228 1825 in
2264 1771 2344 1825 in-

2441 613 2674 668 6άνουσα
2709 619 2802 672 τοῦ
2842 619 3174 690 Πνεῦματος,
3219 618 3390 696 οὗπερ
3433 627 3777 699 ἑστερημένη
3827 647 4002 686 πεπα-

2438 703 2651 758 λαίωτο.
2683 706 2858 763 Είκὼν
2900 709 3060 764 πάλιν
3087 708 3221 763 Θεοῦ
3253 712 3282 764 ὁ
3323 712 3602 785 ἄνθρωπος
3632 716 3882 772 ἐκπεσὼν
3908 723 4005 792 τῆς

2437 795 2751 866 ὁμοιότητος
2772 801 2869 871 τῆς
2895 799 3064 866 θείας,
3104 801 3198 856 καὶ
3239 809 3726 880 παρασυμσληθεὶς
3753 811 4004 881 κτήνεσιν

2440 889 2702 959 ἀνοήτοις,
2734 893 2829 946 καὶ
2869 893 3154 964 δμοιωθεὶς
3178 895 3380 958 αὐτοῖς,
3417 899 3702 968 ὀμοιωθεὶς
3734 907 3850 968 τοῖς
3884 904 4003 957 ἀλό-

2439 998 2556 1050 γοις
2588 981 2728 1036 κατὰ
2757 985 2846 1039 τὸν
2885 985 3128 1040 θάνατον.
3188 989 3281 1056 Ὠς
3320 991 3353 1042 ὁ
3393 987 3645 1058 θάνατος
3691 997 3826 1068 γὰρ,
3855 998 4003 1068 φησὶ,

2441 1073 2673 1136 τούτου,
2727 1075 2994 1142 οὔτως-,ό
3043 1075 3298 1144 θάνατος
3340 1080 3572 1136 τούτου.
3634 1083 3813 1140 Ἀλλὰ
3875 1088 4005 1151 νῦν,

2441 1164 2624 1232 φησὶν,
2655 1166 2688 1216 ὀ
2727 1166 2957 1235 ἐγείρας
2981 1169 3237 1235 Χριστόν
3267 1172 3334 1224 ἐκ
3377 1171 3623 1241 νεκρῶν,
3658 1173 4004 1245 ζωοποιήσει

2442 1254 2539 1308 καί
2569 1255 2640 1309 τὰ
2670 1259 2854 1328 θνητὰ
2886 1260 3049 1329 ὑμῶν
3091 1257 3332 1329 σώματα
3368 1264 3466 1320 διὰ
3490 1264 3600 1320 τοῦ
3625 1267 4006 1340 ἐνοικοῦντες

2441 1345 2624 1400 αὐτοῦ
2653 1350 2994 1418 Πνεύματος
3027 1351 3096 1404 ἐν
3127 1352 3288 1419 ὑμῖν.

2445 1613 2573 1664 Ὀτι
2604 1611 2733 1663 θεία
2781 1614 2966 1681 φύσις
3001 1615 3067 1692 τὸ
3106 1614 3367 1695 gregna,
3407 1620 3830 1695 relemovp'pic
3857 1617 4006 1677 οὖσα

2955 1685 3072 1736 τῶν
3102 1685 3247 1739 Θεοῦ
3279 1687 3484 1756 ἔργων.

2513 1772 2585 1825 Τὸ
2607 1771 2669 1842 δὴ
2715 1772 2811 1844 τὴν
2842 1775 3014 1828 κτίσιν
3046 1776 3389 1840 άνακαινοῦν,
3425 1779 3518 1832 καὶ
3552 1782 3652 1854 τὴν
3703 1785 3914 1858 φθορὰν
3937 1787 4008 1849 είς

779 1856 1282 1923 corruptibilitatem
1344 1869 1688 1923 transmutat,
1745 1860 1835 1928 qui
1895 1875 1990 1914 nos
2043 1872 2340 1917 creaturam
2374 1873 2414 1927 Β

2374 1873 2414 1927 Β
2443 1865 2745 1938 ἀφθαρσίαν
2777 1867 3123 1935 μεταϐάλλον,
3157 1868 3219 1922 τὸ
3248 1870 3437 1942 καινὴν
3460 1875 3608 1944 ἡμᾶς
3637 1856 3826 1931 κτίσιν
3849 1880 4010 1949 άπερ-

781 1967 970 2004 novam
1006 1950 1168 2003 elIicit
1211 1953 1263 2004 in
1296 1967 1464 2006 aevum
1514 1961 1950 2020 permanentem,
1992 1968 2113 2007 cum
2151 1957 2270 2023 quis
2313 1971 2342 2008 a

780 2051 1024 2096 creatore
1082 2043 1192 2098 Deo
1253 2054 1309 2098 et
1355 2041 1489 2095 Filio
1546 2044 1860 2110 separabit?
1921 2045 2198 2111 Quomodo
2252 2049 2343 2116 qui

780 2144 932 2188 extra
982 2134 1236 2190 deitatem
1282 2146 1386 2198 est,
1418 2135 1633 2188 deitatis
1677 2147 1980 2190 creaturam
2030 2151 2343 2208 recuperat,

783 2240 974 2279 noram
1020 2242 1136 2280 eam
1193 2235 1354 2292 atque
1403 2227 1861 2296 incorruptibilem
1906 2231 2176 2284 elﬁciens?
2231 2232 2346 2300 Quo

783 2315 888 2367 alio
919 2316 1189 2383 indigebat
1222 2315 1359 2369 Deus
1385 2354 1398 2378 ,
1447 2327 1502 2369 nt
1547 2331 1698 2368 suam
1730 2333 1846 2384 qua:
1871 2319 2164 2375 deﬂuxerat
2194 2339 2348 2378 recu~

784 2417 996 2472 peraret
1042 2410 1387 2460 creaturam?
1442 2409 1668 2463 Silentia
1729 2412 1970 2467 tradatur
2016 2428 2195 2470 sermo
2247 2417 2347 2470 im-

785 2497 923 2564 pius,
960 2498 1053 2567 qui
1102 2499 1455 2553 inveteratam
1505 2502 1718 2570 quidem
1759 2514 1812 2558 et
1848 2517 2156 2574 corruptam
2188 2525 2345 2564 crea-

790 2597 965 2642 turam
994 2606 1129 2658 opus
1162 2592 1254 2644 Dei
1286 2607 1404 2646 esse
1452 2592 1678 2646 allirmat
1706 2612 1720 2647 :
1753 2611 1870 2649 eam
1920 2613 2047 2652 vero
2090 2617 2206 2668 qua:
2242 2618 2344 2656 non

784 2679 1012 2746 amplius
1045 2680 1398 2746 inveteratur,
1424 2698 1594 2751 neque
1627 2689 2014 2756 corrumpitur,
2049 2708 2075 2744 a
2102 2704 2346 2748 creatura

785 2769 1027 2823 innovari
1056 2775 1351 2826 contendit.
1400 2774 1475 2828 Ne
1523 2775 1853 2844 glorilicetnr
1897 2792 2142 2835 creatura
2184 2800 2343 2851 supra

787 2861 973 2914 Deum.
1017 2863 1200 2932 Blajori
1223 2876 1403 2919 autem
1441 2866 1606 2935 gloria
1647 2868 1874 2923 allicitur
1900 2887 2059 2939 quam
2094 2873 2264 2938 Deus,
2299 2876 2344 2929 si

785 2967 847 3003 ea
881 2968 997 3021 qua:
1033 2964 1201 3007 morte
1225 2971 1288 3009 ac
1316 2958 1662 3026 corruptione
1695 2960 1947 3014 dissoluta
1989 2972 2112 3016 sunt
2143 2977 2198 3017 et
2229 2981 2347 3034 quae

787 3042 927 3095 Dens
956 3061 1050 3111 per
1083 3047 1274 3100 Filium
1311 3047 1508 3114 eirecit,
1548 3053 1869 3106 immortalia
1915 3064 2076 3124 atque
2108 3057 2347 3111 incorru-

787 3135 991 3203 ptibilia
1023 3152 1118 3204 per
1153 3149 1454 3192 creaturam
1488 3145 1733 3196 evadant.
1768 3145 1871 3198 Sed
1909 3145 2137 3214 Spiritus
2168 3153 2344 3205 omnia

788 3241 907 3290 quia
938 3241 967 3280 a
998 3227 1104 3281 Deo
1136 3244 1231 3297 per
1259 3228 1451 3284 Filium
1500 3231 1636 3286 facta
1666 3245 1810 3299 sunt,
1839 3239 2069 3305 perficit,
2108 3241 2248 3296 sicut
2294 3244 2346 3297 in
2375 3216 2420 3278 Ο

789 3336 925 3374 nova
950 3332 1222 3385 creatura,
1247 3322 1312 3376 de
1337 3340 1438 3389 qua
1465 3325 1696 3380 dicitur:
1721 3326 1895 3398 Siqua
1921 3331 1973 3383 in
1996 3332 2198 3387 Christo
2222 3351 2350 3389 nova

788 3425 1033 3466 creatura
1051 3414 1131 3467 ”:
1163 3416 1234 3467 ita
1267 3427 1318 3469 et
1345 3417 1396 3468 in
1431 3419 1622 3482 veteri,
1654 3435 1770 3485 qua:
1796 3423 1861 3472 al)
1886 3422 2036 3474 initio
2059 3435 2193 3477 erat.
2218 3425 2347 3477 Pro-

790 3518 971 3571 pterea
997 3506 1195 3573 inquit:
1242 3506 1403 3560 Verbo
1431 3510 1638 3562 Domini
1660 3513 1771 3563 caeli
1792 3512 1988 3577 ﬁrmati
2006 3525 2147 3579 sunt,
2167 3524 2214 3567 et
2237 3516 2350 3580 Spi-

789 3597 892 3647 ritu
924 3599 1027 3647 oris
1064 3598 1176 3665 ejus
1207 3599 1373 3650 omnis
1405 3600 1568 3652 virtus
1591 3617 1768 3653 eorum
1799 3602 1863 3654 ⁸ο.
1893 3603 2086 3658 Vivens
2106 3617 2186 3659 est
2216 3605 2350 3660 Ver-

790 3687 936 3751 bum,
959 3687 1006 3739 in
1027 3703 1130 3755 quo
1151 3688 1270 3741 facti
1289 3698 1411 3743 sunt
1427 3690 1568 3743 coeli.
1594 3689 1690 3744 llic
1712 3695 1920 3759 ipseest
1939 3693 2075 3748 Dens
2095 3695 2345 3764 Verbum,

790 3783 854 3833 de
878 3795 981 3846 quo
1002 3779 1235 3835 Joannes
1261 3781 1449 3835 clamat
1477 3801 1489 3835 :
1515 3782 1706 3836 Omnia
1728 3802 1817 3851 per
1839 3787 2006 3852 ipsum
2031 3789 2172 3854 facta
2202 3800 2344 3854 sunt,

793 3881 842 3925 et
873 3875 983 3926 sine
1017 3875 1125 3939 ipso
1157 3874 1352 3942 factum
1394 3876 1619 3930 estnihil
1650 3876 1715 3930 δι.
1748 3875 1841 3930 Vis
1883 3879 2186 3934 viviiicandi
2217 3883 2348 3936 vivi-

795 3967 1040 4020 licautem
1071 3967 1328 4034 Spiritum
1363 3971 1528 4021 vitam
1571 3985 1688 4024 esse
1715 3975 1968 4035 ostendit,
2016 3983 2172 4043 prout
2209 3977 2348 4030 scri-

791 4068 937 4124 ptum
968 4068 1048 4109 est
1084 4079 1095 4111 :
1124 4057 1241 4111 Vita
1279 4069 1359 4113 est
1389 4061 1642 4127 Spiritus,
1668 4065 1754 4130 qui
1778 4073 2070 4132 potestates
2105 4067 2348 4122 cmlestes

791 4147 1022 4210 perlicit,
1051 4149 1135 4200 hic
1159 4150 1289 4216 ipse.
1323 4151 1552 4218 quicum
1575 4151 1732 4205 Patre
1761 4165 1814 4207 et
1837 4154 1973 4208 Filio
1998 4156 2347 4225 gloriﬁcatur,

787 4235 971 4307 Neque
986 4241 1125 4292 enim
1146 4242 1430 4294 verborum
1455 4243 1753 4305 prolatione
1777 4256 1926 4298 creat
1957 4249 2115 4309 Deus,
2136 4251 2349 4305 etiamsi

788 4344 855 4382 ex
890 4346 1038 4385 more
1098 4333 1332 4386 humano
1369 4333 1456 4386 Dei
1513 4334 1724 4402 eloquia
1782 4336 2032 4389 dicantur
2077 4341 2346 4407 prolatitia

787 4424 990 4488 verba;
1046 4440 1219 4494 neque
1260 4425 1392 4478 aerii
1447 4425 1669 4491 spiritus
1724 4427 2032 4494 profusione
2087 4442 2348 4485 ornantur

2444 1958 2737 2028 γαζόμενον
2773 1957 3128 2029 διαμένουσαν
3157 1962 3237 2024 εἰς
3263 1961 3455 2027 αἰῶνα,
3485 1966 3569 2028 τίς
3597 1969 3899 2040 ἀποστήσει
3921 1969 4007 2022 τοῦ

2443 2047 2770 2120 δημιουργοῦ
2819 2050 2952 2103 Θεοῦ
2995 2051 3088 2103 καὶ
3134 2052 3292 2114 Υίοῦ;
3338 2054 3461 2119 Πῶς
3508 2059 3570 2111 τὸ
3613 2060 3715 2130 τῆς
3761 2061 4009 2131 θεότητος

2445 2144 2595 2205 ἐκτὸς
2620 2141 2721 2214 τὴν
2755 2145 2852 2214 τῆς
2885 2144 3134 2216 θεότητος
3165 2147 3340 2201 κτίσιν
3368 2149 3636 2216 ἀνασώζει
3673 2155 3788 2223 (53)
3824 2154 4011 2225 καινὴν

2446 2236 2538 2290 καὶ
2569 2235 2840 2304 ἄφθαρτον
2889 2239 3359 2309 ἀπεργαζόμενονς
3391 2242 3550 2308 Τίνος
3587 2247 3617 2298 ό
3657 2245 3794 2309 Θεὸς
3830 2245 4012 2317 ἑτέρου

2445 2331 2752 2402 προσεδεῖτο
2799 2332 2933 2404 πρὸς
2969 2334 3030 2388 τὸ
3065 2336 3164 2406 τὴν
3216 2335 3408 2389 ἑαυτοῦ
3449 2339 3624 2392 κτίσιν
3663 2338 4014 2409 διαρρυεῖταν

2445 2424 2797 2478 ἐπαναλαϐεῖν
2827 2426 2938 2495 (54)
2961 2443 2974 2490 ;
2998 2425 3297 2479 Σιωπάσθω
3313 2427 3468 2497 λόγος
3483 2432 3512 2482 ὁ
3531 2429 3801 2500 δυσσεϐὴς
3835 2430 3969 2501 (35),
3989 2435 4014 2485 ὁ

2443 2516 2541 2586 τὴν
2572 2515 2670 2585 μὲν
2698 2515 3091 2569 παλαιωθεῖσαν
3119 2518 3212 2571 καὶ¹
3251 2517 3636 2592 διαφθαρεῖσαν
3657 2521 3842 2577 κτίσιν
3861 2524 4013 2594 ἔργον

2445 2604 2580 2660 εἶναι
2608 2608 2830 2676 φάσκων
2850 2608 3005 2672 Θεοῦ,
3023 2609 3119 2679 τὴν
3137 2608 3192 2660 δὲ
3219 2612 3416 2682 μηκέτι
3444 2611 3857 2684 παλαιουμένην
3886 2616 4013 2686 μηδὲ

2446 2699 2802 2771 φθειρομένην
2843 2701 2906 2770 τῇ
2951 2698 3038 2752 διὰ
3078 2700 3372 2770 κτίσματος
3409 2701 3776 2757 ἀνακαινώσει
3822 2705 4011 2768 διδούς.

2445 2792 2533 2861 Μὴ
2563 2792 2866 2857 δοξαζέσθω
2903 2793 3077 2857 κτίσις
3107 2792 3243 2865 ὑπὲρ
3278 2792 3428 2846 Θεόν.
3468 2795 3760 2861 Δοξάζεται
3790 2796 3849 2848 δὲ
3884 2797 4015 2865 ὑπὲρ

2444 2883 2594 2946 Θεὸν,
2633 2885 2791 2956 εἴπερ
2843 2887 3084 2940 ἀθάνατα
3135 2886 3222 2940 διὰ
3273 2887 3568 2958 κτίσματος
3615 2889 3710 2941 καὶ
3763 2889 4015 2959 ἄφθαρτα

2445 2976 2904 3039 κατασκευάζεται
2925 2977 2990 3029 τὰ
3011 2976 3222 3049 θανάτῳ
3244 2979 3336 3032 καὶ
3359 2979 3531 3051 φθορᾷ
3551 2980 3802 3041 λυθέντα,
3833 2981 3936 3034 ﬁxe
3944 2999 3972 3051 ρ
3990 2981 4016 3029 6

2446 3067 2575 3130 Θεὸς
2619 3068 2911 3139 εἰργάσατο
2952 3068 3038 3121 διὰ
3085 3069 3236 3125 Υίοῦ.
3282 3072 3442 3124 Ἀλλά
3483 3071 3708 3140 Πνεῦμα
3743 3071 3808 3123 τὺ
3841 3072 4015 3124 θεῖκὸν

2451 3162 2661 3215 πάντων
2697 3160 2781 3214 ἀεὶ
2810 3161 3181 3230 τελεσιουργὸν
3221 3163 3330 3216 τῶν
3376 3165 3439 3214 ἐκ
3479 3162 3613 3213 Θεοῦ
3658 3161 3726 3214 δι’
3753 3161 3886 3214 Υἱοῦ
3926 3179 4012 3230 γε-

2450 3254 2707 3322 νομένων,
2743 3253 2931 3323 ὢσπερ
2971 3251 3086 3305 ἐστὶ
3117 3253 3217 3322 τῆς
3245 3253 3437 3321 καινῆς
3483 3251 3737 3316 κτίσεως,
3786 3255 3918 3325 περὶ
3953 3249 4013 3324 ἧς

2449 3343 2690 3410 λέγεται·
2726 3344 2796 3397 El
2822 3362 2912 3410 τις
2939 3345 3006 3397 ἐν
3037 3344 3266 3412 Χριστῷ
3291 3343 3468 3411 καινὴ
3496 3346 3721 3411 κτίσις·
3751 3346 3897 3399 οὕτω
3929 3346 4012 3399 καὶ

2449 3436 2539 3488 ἐπὶ
2562 3436 2660 3505 τῆς
2688 3437 2855 3490 πάλαι
2899 3439 2995 3506 τῆς
3025 3440 3145 3490 κατ’
3177 3437 3369 3508 ἀρχάς.
3418 3437 3515 3491 Διὰ
3538 3438 3694 3492 τοῦτό
3728 3456 3865 3507 φησι
3885 3456 3900 3470 ο
3938 3436 4012 3500 Τῷ

2445 3526 2602 3595 λόγῳ
2643 3525 2865 3596 Κυρίου
2909 3531 2962 3580 oi
3000 3527 3242 3596 οὐρανοὶ
3282 3527 3752 3596 ἐστερεώθησαν,
3789 3528 3889 3580 καὶ
3941 3525 4013 3590 τῷ

2448 3621 2740 3688 Πνεύματι
2760 3619 2864 3673 τοῦ
2886 3621 3179 3690 στόματος
3201 3622 3386 3676 αὐτοῦ
3404 3619 3570 3675 πᾶσα
3589 3622 3623 3687 ἠ
3648 3620 3905 3688 δύναμις
3918 3621 4012 3673 αὑ-

2447 3710 2583 3764 τῶν.
2610 3713 2724 3765 Ζῶν
2752 3715 2780 3766 ὁ
2813 3715 3004 3781 Λόγος,
3031 3716 3087 3767 έν
3114 3708 3158 3782 ᾧ
3183 3715 3466 3783 γεγόνασιν
3499 3717 3546 3766 οἱ
3575 3712 3822 3782 οὐρανοί.
3853 3707 4012 3777 Οὗτος

2448 3803 2607 3866 αὐτὸς
2635 3806 2662 3857 ὁ
2689 3805 2818 3868 Θεὸς
2846 3806 3016 3874 Λόγος
3037 3847 3051 3868 ,
3104 3808 3232 3877 περὶ
3277 3799 3337 3858 οὗ
3381 3807 3408 3857 ὁ
3450 3805 3701 3876 Ἰωάννης
3735 3805 3849 3876 (56)
3885 3808 4006 3876 βοᾷ’

2445 3891 2649 3946 Πάντα
2694 3895 2768 3946 δι’
2797 3896 2982 3948 αὑτοῦ
3022 3897 3287 3965 ἐγένετο,
3323 3893 3420 3947 καί
3463 3895 3640 3962 χωρὶς
3673 3897 3866 3948 αὐτοῦ
3898 3895 4010 3964 ἐτέ-

2445 4001 2579 4036 νετο
2623 3983 2764 4036 οὐδὲ
2791 3985 2879 4038 ἓν.
2907 3987 3059 4055 Ζωὴν
3085 3986 3144 4038 τὺ
3177 3985 3397 4053 Πνεῦμα
3427 3985 3662 4038 δείκνυσι
3698 3986 3758 4039 τὸ
3789 3987 4009 4050 Cmam:-

2447 4073 2558 4138 οῦν,
2596 4073 2734 4127 κατὰ
2778 4075 2838 4127 τὸ
2882 4075 3304 4145 γεγραμμένον·
3362 4076 3481 4144 Ζωὴ
3545 4076 3605 4128 τὸ
3663 4077 3899 4148 Πνεῦμα
3958 4077 4010 4130 τό

2445 4164 2552 4216 τῶν
2590 4163 2850 4235 οὐρανίων
2893 4163 3172 4232 δυνάμεων
3220 4163 3650 4216 ἀποτελεστικὸν.
3685 4164 3863 4216 Τοῦτο
3894 4164 4012 4218 αὐτὸ

2453 4255 2592 4326 μετὰ
2620 4256 2834 4326 Πατρὸς
2866 4257 2959 4308 καὶ
2994 4254 3122 4308 Υίοῦ
3164 4255 3534 4326 δοξαζόμενον.
3565 4254 3704 4307 Οὔτε
3747 4255 3859 4326 γάρ
3893 4273 4012 4327 προ·

2447 4348 2586 4416 φορᾷ
2611 4346 2928 4418 δημιουργεῖ
2953 4349 3209 4419 ῥημάτων
3234 4347 3363 4410 Θεὸς
3388 4345 3519 4415 (57),
3545 4347 3646 4399 κᾶν
3675 4347 4010 4417 ἀνθρωπικώ-

2445 4436 2619 4504 τέρως
2672 4439 3000 4507 ὀνομάζηται
3043 4439 3196 4506 λόγια
3235 4437 3368 4489 Θεοῦ
3417 4437 3726 4508 προφορικά
3766 4441 4005 4506 ῥήματα·

786 4515 930 4567 caeli.
965 4515 1196 4585 Spiritus
1217 4519 1358 4571 enim
1384 4519 1582 4570 viventi
1611 4519 1785 4572 Verbo
1805 4521 1867 4572 ad
1897 4524 2183 4576 creandum
2218 4539 2346 4576 con-
2376 4549 2420 4602 υ
2447 4546 2448 4560 ι

2376 4549 2420 4602 D
2447 4521 2567 4574 οῦτε
2593 4524 2894 4593 πνεύματος
2921 4526 3102 4594 ἀερίου
3132 4525 3390 4595 προχύσει
3425 4525 3755 4595 κοσμοῦνται
3781 4529 3830 4578 οἱ
3861 4528 4009 4597 οὖρα-

780 4608 998 4673 junctns
1051 4619 1151 4669 est,
1187 4610 1303 4662 viva
1358 4614 1616 4677 potentia,
1651 4621 1705 4666 et
1747 4614 1926 4668 divina
1957 4623 2171 4675 natura,
2227 4628 2346 4682 qua:

788 4697 1071 4753 inell’abilis
1113 4717 1176 4753 ex
1209 4703 1458 4757 ineffabili
1489 4720 1585 4757 ore
1634 4704 1865 4768 effulsit,
1906 4707 2064 4760 modo
2091 4705 2344 4760 ineﬂ'abili

786 4798 946 4858 atque
978 4791 1331 4848 insulilatione
1365 4797 1430 4848 ad
1468 4797 1738 4851 hominem
1785 4799 1983 4851 emissa
2005 4840 2018 4860 ,
2053 4807 2109 4850 et
2141 4811 2341 4850 secun-

855 4945 899 4975 ³⁸
934 4944 1071 4998 Psal.
1102 4962 1283 5010 XLVIII,
1314 4948 1396 5002 15.

785 5030 822 5074 t.
885 5015 936 5072 3.

995 5125 1132 5204 Editi
1168 5129 1551 5204 u‘iooetotiuaOa
1582 5132 1794 5204 Κυρίῳ.
1826 5133 1895 5187 At
1922 5146 2052 5186 mss.
2085 5145 2190 5184 non
2216 5145 2346 5199 pau-

782 5194 828 5245 ci
863 5194 1253 5270 υἱοθετουμεθα
1273 5200 1412 5270 Θεῷ.

855 5263 965 5337 (55)
995 5263 1172 5337 deex
1211 5263 1376 5325 Colbf
1395 5286 1490 5337 pro
1517 5272 1782 5334 ἀνασώζει
1808 5272 1965 5325 habet
1986 5269 2345 5332 ἁνακαινίζει.

786 5333 988 5421 Ibidem
1017 5333 1463 5421 Reg-secundus
1490 5333 1933 5421 ἀπεργαζόμενον
1964 5340 2052 5393 διά
2096 5339 2349 5421 θεότητος

786 5403 864 5463 εἷς
897 5403 1066 5458 αἰῶνα
1101 5403 1399 5478 μένουσαν,
1432 5403 1798 5465 ιιιαιιειὶιέηίίὶι
1819 5428 1982 5465 αὐιιηι
2032 5427 2124 5477 per
2155 5403 2351 5463 divini-

786 5483 961 5524 tatem.

859 5543 975 5618 156)
1005 5545 1140 5618 Editi
1192 5550 1501 5602 ἀναλαϐεῖν.
1549 5553 1619 5606 At
1676 5567 1807 5606 mss.
1862 5549 2104 5618 plerique
2159 5563 2350 5603 omnes

787 5613 1166 5671 ἐπαναλαϐεῖν.

863 5683 1250 5758 (55)Αιιυτὶιιιι’
1273 5691 1508 5756 scriptor
1546 5692 1907 5745 Eunomianos
1939 5705 1953 5743 :
2004 5690 2091 5758 qui
2131 5688 2346 5756 quidem

795 5751 1101 5809 fatebantur
1133 5751 1412 5812 creaturas
1446 5761 1597 5814 initio
1650 5762 1816 5812 fuisse
1848 5751 2112 5821 condit-as,
2144 5751 2234 5808 sed
2269 5777 2348 5810 stt:

798 5830 997 5878 tamen.
1034 5840 1089 5880 ut
1135 5840 1521 5884 renovarentur
1578 5848 1669 5890 per
1723 5843 2045 5893 creaturam,
2104 5830 2349 5882 videlicet

1474 4950 1516 4980 ³⁷
1535 4950 1708 5004 Eccle.
1744 4967 1800 5006 ut
1827 4991 1840 5014 ,
1878 4951 1962 5006 i9.
2039 4951 2083 4983 ³⁸
2120 4951 2275 5006 Rom.
2311 4967 2437 5018 vttt,
2470 4941 2554 5004 li.

2452 4613 2549 4666 νοί.
2593 4613 2817 4685 Πνεῦμα
2849 4613 2957 4686 γὰρ
2992 4614 3069 4684 τῷ
3096 4613 3255 4680 ζῶντι
3286 4615 3441 4685 Λόγῳ
3480 4615 3912 4685 συντεταγμένον
3940 4617 4009 4676 εἰς

2450 4703 2510 4756 τὸ
2536 4703 2899 4776 δημιουργεῖν,
2931 4703 3080 4768 ζῶσα
3113 4705 3374 4775 δύναμις,
3407 4706 3499 4758 καὶ
3540 4704 3657 4757 θεία
3687 4705 3884 4773 φύσιςν
3921 4706 4006 4775 ἆῤ·

2451 4799 2612 4866 ρητος
2637 4796 2696 4862 ἐξ
2726 4797 2961 4868 ἀρρήτου
2989 4797 3250 4868 στόματος
3291 4799 3564 4867 πεφηκυῖα
3591 4796 3724 4866 (58),
3765 4798 4006 4867 appeto;

2643 4952 2688 4983 ”
2719 4951 2737 5005 Ι
2766 4952 2872 5006 Cor
2922 4966 2971 5014 v,
3005 4951 3090 5006 i7.
3181 4952 3227 4983 ⁸ο
3259 4951 3401 5009 Psal.
3439 4966 3611 5015 χχιιι,
3647 4950 3702 5005 6.
3789 4951 3835 4982 ⁸⁸
3862 4948 4002 5006 Joan.

2444 5148 2535 5199 per
2561 5132 2848 5200 Spiritum,
2875 5132 2964 5202 qui
2995 5141 3050 5186 et
3081 5131 3216 5200 ipse,
3254 5148 3320 5187 ex
3341 5148 3525 5188 eorum
3544 5134 3839 5199 sententia,
3865 5149 4002 5189 crea-

2447 5213 2894 5354 fuiggrépdiecs
2923 5271 3161 5326 nonnulli
3188 5273 3217 5324 ὁ
3253 5273 3526 5344 Ἰωάννης.
3572 5271 3767 5327 Deerat
3808 5273 3999 5326 articu-

2447 5345 2530 5397 lus
2563 5345 2612 5393 in
2638 5344 2883 5412 vulgatis.
3963 5410 3972 5419 .

2518 5414 2629 5484 (57)
2655 5413 2791 5467 Editi
2822 5415 2849 5465 ὁ
2881 5411 3031 5474 Θεός.
3059 5411 3504 5468 Abestarticulns
3533 5429 3561 5465 a
3625 5413 3782 5467 libris
3820 5421 4002 5467 veterio

2449 5484 2629 5618 ὺυῗέὸ)
2655 5552 2814 5618 Regii
2857 5551 3254 5622 quinqueimss.
3297 5555 3590 5622 πεφηνυῖα.
3652 5552 3792 5606 Editi
3841 5569 3998 5618 πεφυο

2447 5627 2593 5676 κυῖα.
2623 5623 2806 5676 Lectio
2833 5632 3060 5688 utraque
3103 5621 3375 5676 invenitur
3412 5621 3462 5676 in
3521 5623 3837 5676 Colbertiuo
3878 5623 3995 5676 :.iila

2446 5695 2657 5761 quidem
2720 5709 2876 5743 manu
2923 5692 3118 5754 prima,
3162 5691 3277 5746 haec
3333 5710 3458 5744 vero
3514 5693 3772 5745 semuncia.
3816 5694 3996 5748 Ibidem

2448 5765 2576 5819 editi
2613 5762 2866 5832 ἄρῤητος.
2902 5761 3052 5832 Regii
3079 5764 3184 5816 duo
3220 5777 3342 5818 cum
3361 5763 3511 5819 Coll).
3547 5764 3828 5834 άρῤητως.
