  <div class='ocr_page' id='page_1' title='image "/cluster/home/n/w/nwhite01/storage/ocr_20150623/29/uva.x004321530/784.png"; bbox 0 0 4208 6478; ppageno 0'>
   <div class='ocr_carea' id='block_1_1' title="bbox 217 462 325 517">
    <p class='ocr_par' dir='ltr' id='par_1_1' title="bbox 217 462 325 517">
     <span class='ocr_line' id='line_1_1' title="bbox 217 462 325 517; baseline 0.046 -5"><span class='ocrx_word' id='word_1_1' title='bbox 217 462 325 517; x_wconf 79' lang='lat'><strong>7‘29</strong></span> 
     </span>
    </p>
   </div>
   <div class='ocr_carea' id='block_1_2' title="bbox 1311 444 2363 504">
    <p class='ocr_par' dir='ltr' id='par_1_2' title="bbox 1311 444 2363 504">
     <span class='ocr_line' id='line_1_2' title="bbox 1311 444 2363 504; baseline -0.001 -1"><span class='ocrx_word' id='word_1_2' title='bbox 1311 449 1678 504; x_wconf 72' lang='lat' dir='ltr'><strong>ADVERSUS</strong></span> <span class='ocrx_word' id='word_1_3' title='bbox 1718 444 2082 500; x_wconf 67' lang='lat' dir='ltr'><strong>EUNOMIUM</strong></span> <span class='ocrx_word' id='word_1_4' title='bbox 2123 447 2250 500; x_wconf 70' lang='grc' dir='ltr'><strong>ΗΒ.</strong></span> <span class='ocrx_word' id='word_1_5' title='bbox 2301 449 2363 502; x_wconf 72' lang='grc' dir='ltr'>γ.</span> 
     </span>
    </p>
   </div>
   <div class='ocr_carea' id='block_1_3' title="bbox 3349 445 3453 496">
    <p class='ocr_par' dir='ltr' id='par_1_3' title="bbox 3349 445 3453 496">
     <span class='ocr_line' id='line_1_3' title="bbox 3349 445 3453 496; baseline 0.019 -2"><span class='ocrx_word' id='word_1_6' title='bbox 3349 445 3453 496; x_wconf 76' lang='grc' dir='ltr'>’ῖῦθ</span> 
     </span>
    </p>
   </div>
   <div class='ocr_carea' id='block_1_4' title="bbox 217 555 1879 636">
    <p class='ocr_par' dir='ltr' id='par_1_4' title="bbox 217 561 1869 636">
     <span class='ocr_line' id='line_1_4' title="bbox 217 561 1869 636; baseline -0.003 -14"><span class='ocrx_word' id='word_1_7' title='bbox 217 570 317 622; x_wconf 69' lang='grc' dir='ltr'><strong>καὶ</strong></span> <span class='ocrx_word' id='word_1_8' title='bbox 345 583 484 620; x_wconf 87' lang='grc' dir='ltr'>κατα</span> <span class='ocrx_word' id='word_1_9' title='bbox 510 565 605 636; x_wconf 82' lang='grc' dir='ltr'>τὴν</span> <span class='ocrx_word' id='word_1_10' title='bbox 639 565 945 636; x_wconf 76' lang='grc' dir='ltr'><strong>ἐμφύσησιν</strong></span> <span class='ocrx_word' id='word_1_11' title='bbox 973 563 1052 626; x_wconf 71' lang='grc' dir='ltr'>εἰς</span> <span class='ocrx_word' id='word_1_12' title='bbox 1084 563 1173 617; x_wconf 84' lang='grc' dir='ltr'><strong>τὸν</strong></span> <span class='ocrx_word' id='word_1_13' title='bbox 1212 562 1493 630; x_wconf 77' lang='grc' dir='ltr'>ἄνθρωπον</span> <span class='ocrx_word' id='word_1_14' title='bbox 1528 561 1796 614; x_wconf 84' lang='grc' dir='ltr'>ἀπεσταλ-</span> <span class='ocrx_word' id='word_1_15' title='bbox 1827 564 1869 617; x_wconf 78' lang='grc' dir='ltr'>Α</span> 
     </span>
    </p>
   </div>
   <div class='ocr_carea' id='block_1_5' title="bbox 1795 555 3457 636">
    <p class='ocr_par' dir='ltr' id='par_1_5' title="bbox 1827 555 3457 625">
     <span class='ocr_line' id='line_1_5' title="bbox 1827 555 3457 625; baseline -0.003 -14"><span class='ocrx_word' id='word_1_16' title='bbox 1827 564 1869 617; x_wconf 78' lang='grc' dir='ltr'>Α</span> <span class='ocrx_word' id='word_1_17' title='bbox 1898 561 2020 612; x_wconf 89' lang='lat' dir='ltr'><strong>dum</strong></span> <span class='ocrx_word' id='word_1_18' title='bbox 2054 563 2279 615; x_wconf 80' lang='lat' dir='ltr'><strong>formam</strong></span> <span class='ocrx_word' id='word_1_19' title='bbox 2323 578 2350 612; x_wconf 92' lang='lat' dir='ltr'><strong>a</strong></span> <span class='ocrx_word' id='word_1_20' title='bbox 2392 555 2622 613; x_wconf 86' lang='lat' dir='ltr'><strong>Domino</strong></span> <span class='ocrx_word' id='word_1_21' title='bbox 2651 555 3004 625; x_wconf 87' lang='lat' dir='ltr'><strong>corporaliter</strong></span> <span class='ocrx_word' id='word_1_22' title='bbox 3036 555 3310 618; x_wconf 91' lang='lat' dir='ltr'><strong>traditam,</strong></span> <span class='ocrx_word' id='word_1_23' title='bbox 3337 572 3457 608; x_wconf 90' lang='lat' dir='ltr'><strong>rur-</strong></span> 
     </span>
    </p>
   </div>
   <div class='ocr_carea' id='block_1_6' title="bbox 223 653 1792 729">
    <p class='ocr_par' dir='ltr' id='par_1_6' title="bbox 223 653 1792 729">
     <span class='ocr_line' id='line_1_6' title="bbox 223 653 1792 729; baseline -0.003 -18"><span class='ocrx_word' id='word_1_24' title='bbox 223 659 381 729; x_wconf 79' lang='grc' dir='ltr'>μένη,</span> <span class='ocrx_word' id='word_1_25' title='bbox 427 659 521 712; x_wconf 68' lang='grc' dir='ltr'><strong>καὶ</strong></span> <span class='ocrx_word' id='word_1_26' title='bbox 553 660 693 713; x_wconf 73' lang='grc' dir='ltr'>κατὰ</span> <span class='ocrx_word' id='word_1_27' title='bbox 735 659 825 710; x_wconf 81' lang='grc' dir='ltr'>τὸν</span> <span class='ocrx_word' id='word_1_28' title='bbox 857 657 1178 726; x_wconf 79' lang='grc' dir='ltr'>σωματικῶς</span> <span class='ocrx_word' id='word_1_29' title='bbox 1213 655 1316 707; x_wconf 76' lang='grc' dir='ltr'><strong>ὑπὸ</strong></span> <span class='ocrx_word' id='word_1_30' title='bbox 1345 653 1436 705; x_wconf 84' lang='grc' dir='ltr'><strong>τοῦ</strong></span> <span class='ocrx_word' id='word_1_31' title='bbox 1468 655 1668 724; x_wconf 78' lang='grc' dir='ltr'>Κυρίου</span> <span class='ocrx_word' id='word_1_32' title='bbox 1714 655 1792 707; x_wconf 86' lang='grc' dir='ltr'>δι-</span> 
     </span>
    </p>
   </div>
   <div class='ocr_carea' id='block_1_7' title="bbox 218 744 1791 819">
    <p class='ocr_par' dir='ltr' id='par_1_7' title="bbox 218 744 1791 819">
     <span class='ocr_line' id='line_1_7' title="bbox 218 744 1791 819; baseline -0.003 -17"><span class='ocrx_word' id='word_1_33' title='bbox 218 751 480 819; x_wconf 80' lang='grc' dir='ltr'>δαχθέντα</span> <span class='ocrx_word' id='word_1_34' title='bbox 505 754 670 804; x_wconf 80' lang='grc' dir='ltr'>τύπον</span> <span class='ocrx_word' id='word_1_35' title='bbox 704 749 837 818; x_wconf 85' lang='lat'><strong>(&#39;59),</strong></span> <span class='ocrx_word' id='word_1_36' title='bbox 862 744 1016 813; x_wconf 78' lang='grc' dir='ltr'>αὖθις</span> <span class='ocrx_word' id='word_1_37' title='bbox 1043 750 1132 802; x_wconf 80' lang='grc' dir='ltr'><strong>ὑπ’</strong></span> <span class='ocrx_word' id='word_1_38' title='bbox 1158 745 1320 800; x_wconf 83' lang='grc' dir='ltr'>αὑτοῦ</span> <span class='ocrx_word' id='word_1_39' title='bbox 1350 746 1413 797; x_wconf 78' lang='grc' dir='ltr'>δι’</span> <span class='ocrx_word' id='word_1_40' title='bbox 1436 747 1791 818; x_wconf 77' lang='grc' dir='ltr'>ἐμφυσήσεως</span> 
     </span>
    </p>
   </div>
   <div class='ocr_carea' id='block_1_8' title="bbox 220 837 1792 912">
    <p class='ocr_par' dir='ltr' id='par_1_8' title="bbox 220 837 1792 912">
     <span class='ocr_line' id='line_1_8' title="bbox 220 837 1792 912; baseline -0.003 -18"><span class='ocrx_word' id='word_1_41' title='bbox 220 843 703 912; x_wconf 75' lang='grc' dir='ltr'>ἁποκαθισταμένη</span> <span class='ocrx_word' id='word_1_42' title='bbox 725 858 738 869; x_wconf 87' lang='grc'><strong>·</strong></span> <span class='ocrx_word' id='word_1_43' title='bbox 774 843 1083 912; x_wconf 79' lang='grc' dir='ltr'><strong>συντρέχειν</strong></span> <span class='ocrx_word' id='word_1_44' title='bbox 1116 839 1224 907; x_wconf 78' lang='grc' dir='ltr'>γὰρ</span> <span class='ocrx_word' id='word_1_45' title='bbox 1267 837 1346 889; x_wconf 81' lang='grc' dir='ltr'><strong>δεῖ</strong></span> <span class='ocrx_word' id='word_1_46' title='bbox 1387 840 1448 906; x_wconf 82' lang='grc' dir='ltr'>τῇ</span> <span class='ocrx_word' id='word_1_47' title='bbox 1474 838 1590 890; x_wconf 75' lang='grc' dir='ltr'>κατ’</span> <span class='ocrx_word' id='word_1_48' title='bbox 1619 839 1792 908; x_wconf 79' lang='grc' dir='ltr'>ἀρχὴν</span> 
     </span>
    </p>
   </div>
   <div class='ocr_carea' id='block_1_9' title="bbox 221 928 1792 1004">
    <p class='ocr_par' dir='ltr' id='par_1_9' title="bbox 221 928 1792 1004">
     <span class='ocr_line' id='line_1_9' title="bbox 221 928 1792 1004; baseline -0.005 -16"><span class='ocrx_word' id='word_1_49' title='bbox 221 937 496 1004; x_wconf 73' lang='grc' dir='ltr'><strong>καινότητι</strong></span> <span class='ocrx_word' id='word_1_50' title='bbox 529 933 637 1002; x_wconf 65' lang='grc'><strong>(40)</strong></span> <span class='ocrx_word' id='word_1_51' title='bbox 671 933 769 1002; x_wconf 79' lang='grc' dir='ltr'>τὴν</span> <span class='ocrx_word' id='word_1_52' title='bbox 805 932 899 985; x_wconf 85' lang='grc' dir='ltr'><strong>νῦν</strong></span> <span class='ocrx_word' id='word_1_53' title='bbox 929 931 1289 986; x_wconf 79' lang='grc' dir='ltr'>ἀνακαίνωσιν</span> <span class='ocrx_word' id='word_1_54' title='bbox 1328 929 1420 980; x_wconf 69' lang='grc' dir='ltr'><strong>καὶ</strong></span> <span class='ocrx_word' id='word_1_55' title='bbox 1445 928 1541 998; x_wconf 78' lang='grc' dir='ltr'><strong>τὴν</strong></span> <span class='ocrx_word' id='word_1_56' title='bbox 1578 931 1792 999; x_wconf 80' lang='grc' dir='ltr'>συνδρο-</span> 
     </span>
    </p>
   </div>
   <div class='ocr_carea' id='block_1_10' title="bbox 225 1019 1794 1098">
    <p class='ocr_par' dir='ltr' id='par_1_10' title="bbox 225 1019 1794 1098">
     <span class='ocr_line' id='line_1_10' title="bbox 225 1019 1794 1098; baseline -0.006 -17"><span class='ocrx_word' id='word_1_57' title='bbox 225 1031 352 1098; x_wconf 79' lang='grc' dir='ltr'>μήν.</span> <span class='ocrx_word' id='word_1_58' title='bbox 400 1024 762 1090; x_wconf 80' lang='grc' dir='ltr'>Ἐξετύπωσεν</span> <span class='ocrx_word' id='word_1_59' title='bbox 815 1022 906 1078; x_wconf 70' lang='grc' dir='ltr'><strong>οὖν</strong></span> <span class='ocrx_word' id='word_1_60' title='bbox 946 1023 1263 1093; x_wconf 68' lang='grc' dir='ltr'>ἐμφυσήσας</span> <span class='ocrx_word' id='word_1_61' title='bbox 1291 1060 1304 1080; x_wconf 90' lang='grc'><strong>,</strong></span> <span class='ocrx_word' id='word_1_62' title='bbox 1358 1020 1454 1088; x_wconf 76' lang='grc' dir='ltr'>οὐχ</span> <span class='ocrx_word' id='word_1_63' title='bbox 1506 1019 1688 1088; x_wconf 82' lang='grc' dir='ltr'>’ἑτερος</span> <span class='ocrx_word' id='word_1_64' title='bbox 1720 1020 1794 1071; x_wconf 78' lang='grc' dir='ltr'><strong>ὢν</strong></span> 
     </span>
    </p>
   </div>
   <div class='ocr_carea' id='block_1_11' title="bbox 223 1104 1793 1188">
    <p class='ocr_par' dir='ltr' id='par_1_11' title="bbox 223 1104 1793 1188">
     <span class='ocr_line' id='line_1_11' title="bbox 223 1104 1793 1188; baseline -0.006 -17"><span class='ocrx_word' id='word_1_65' title='bbox 223 1119 375 1188; x_wconf 81' lang='grc' dir='ltr'><strong>παρᾶ</strong></span> <span class='ocrx_word' id='word_1_66' title='bbox 403 1117 491 1170; x_wconf 74' lang='grc' dir='ltr'><strong>τὸν</strong></span> <span class='ocrx_word' id='word_1_67' title='bbox 519 1113 577 1180; x_wconf 80' lang='grc' dir='ltr'><strong>ἐξ</strong></span> <span class='ocrx_word' id='word_1_68' title='bbox 603 1117 776 1186; x_wconf 77' lang='grc' dir='ltr'>ἀρχῆς</span> <span class='ocrx_word' id='word_1_69' title='bbox 815 1117 1224 1185; x_wconf 79' lang='grc' dir='ltr'>ἐμφυσὴσαντα,</span> <span class='ocrx_word' id='word_1_70' title='bbox 1260 1112 1371 1164; x_wconf 81' lang='grc' dir='ltr'><strong>ἀλλ’</strong></span> <span class='ocrx_word' id='word_1_71' title='bbox 1401 1109 1582 1170; x_wconf 74' lang='grc' dir='ltr'>αὐτὸς,</span> <span class='ocrx_word' id='word_1_72' title='bbox 1633 1108 1700 1160; x_wconf 75' lang='grc' dir='ltr'>δι’</span> <span class='ocrx_word' id='word_1_73' title='bbox 1734 1104 1793 1162; x_wconf 80' lang='grc' dir='ltr'><strong>οῦ</strong></span> 
     </span>
    </p>
   </div>
   <div class='ocr_carea' id='block_1_12' title="bbox 221 1200 1792 1276">
    <p class='ocr_par' dir='ltr' id='par_1_12' title="bbox 221 1200 1792 1276">
     <span class='ocr_line' id='line_1_12' title="bbox 221 1200 1792 1276; baseline -0.006 -15"><span class='ocrx_word' id='word_1_74' title='bbox 221 1211 354 1270; x_wconf 78' lang='grc' dir='ltr'>Θεὸς</span> <span class='ocrx_word' id='word_1_75' title='bbox 386 1207 582 1260; x_wconf 76' lang='grc' dir='ltr'>δέδωκε</span> <span class='ocrx_word' id='word_1_76' title='bbox 627 1209 726 1276; x_wconf 82' lang='grc' dir='ltr'>τὴν</span> <span class='ocrx_word' id='word_1_77' title='bbox 757 1207 1082 1276; x_wconf 45' lang='grc' dir='ltr'>ἐμφύσησιν,</span> <span class='ocrx_word' id='word_1_78' title='bbox 1124 1205 1242 1257; x_wconf 89' lang='grc' dir='ltr'>τότε</span> <span class='ocrx_word' id='word_1_79' title='bbox 1290 1204 1386 1272; x_wconf 81' lang='grc' dir='ltr'><strong>μὲν</strong></span> <span class='ocrx_word' id='word_1_80' title='bbox 1417 1201 1552 1270; x_wconf 70' lang='grc' dir='ltr'>μετὰ</span> <span class='ocrx_word' id='word_1_81' title='bbox 1596 1200 1792 1269; x_wconf 75' lang='grc' dir='ltr'>ψυχῆς,</span> 
     </span>
    </p>
   </div>
   <div class='ocr_carea' id='block_1_13' title="bbox 221 1291 1794 1368">
    <p class='ocr_par' dir='ltr' id='par_1_13' title="bbox 221 1291 1794 1368">
     <span class='ocr_line' id='line_1_13' title="bbox 221 1291 1794 1368; baseline -0.006 -15"><span class='ocrx_word' id='word_1_82' title='bbox 221 1300 319 1353; x_wconf 85' lang='grc' dir='ltr'><strong>νῦν</strong></span> <span class='ocrx_word' id='word_1_83' title='bbox 351 1299 406 1353; x_wconf 82' lang='grc' dir='ltr'>δὲ</span> <span class='ocrx_word' id='word_1_84' title='bbox 450 1303 528 1363; x_wconf 79' lang='grc' dir='ltr'><strong>είς</strong></span> <span class='ocrx_word' id='word_1_85' title='bbox 558 1300 751 1368; x_wconf 71' lang='grc' dir='ltr'>ψυχήν.</span> <span class='ocrx_word' id='word_1_86' title='bbox 790 1298 944 1349; x_wconf 76' lang='grc' dir='ltr'>Οὒτω</span> <span class='ocrx_word' id='word_1_87' title='bbox 971 1296 1288 1368; x_wconf 80' lang='grc' dir='ltr'><strong>δημιουργεῖ</strong></span> <span class='ocrx_word' id='word_1_88' title='bbox 1313 1294 1463 1355; x_wconf 78' lang='grc' dir='ltr'>θεὸς,</span> <span class='ocrx_word' id='word_1_89' title='bbox 1492 1293 1551 1344; x_wconf 84' lang='grc' dir='ltr'><strong>ού</strong></span> <span class='ocrx_word' id='word_1_90' title='bbox 1599 1291 1794 1362; x_wconf 80' lang='grc' dir='ltr'>χειρῶν</span> 
     </span>
    </p>
   </div>
   <div class='ocr_carea' id='block_1_14' title="bbox 222 1383 1793 1464">
    <p class='ocr_par' dir='ltr' id='par_1_14' title="bbox 222 1383 1793 1464">
     <span class='ocr_line' id='line_1_14' title="bbox 222 1383 1793 1464; baseline -0.006 -20"><span class='ocrx_word' id='word_1_91' title='bbox 222 1393 434 1464; x_wconf 79' lang='grc' dir='ltr'>κινήσει</span> <span class='ocrx_word' id='word_1_92' title='bbox 490 1388 833 1460; x_wconf 76' lang='grc' dir='ltr'>σωματικῶν,</span> <span class='ocrx_word' id='word_1_93' title='bbox 895 1386 1007 1440; x_wconf 82' lang='grc' dir='ltr'><strong>ἀλλ’</strong></span> <span class='ocrx_word' id='word_1_94' title='bbox 1054 1389 1298 1460; x_wconf 71' lang='grc' dir='ltr'>ἐνεργείᾳ</span> <span class='ocrx_word' id='word_1_95' title='bbox 1361 1383 1559 1448; x_wconf 78' lang='grc' dir='ltr'>ζῶντος</span> <span class='ocrx_word' id='word_1_96' title='bbox 1602 1384 1793 1451; x_wconf 79' lang='grc' dir='ltr'>Λόγου,</span> 
     </span>
    </p>
   </div>
   <div class='ocr_carea' id='block_1_15' title="bbox 223 1478 1794 1554">
    <p class='ocr_par' dir='ltr' id='par_1_15' title="bbox 223 1478 1794 1554">
     <span class='ocr_line' id='line_1_15' title="bbox 223 1478 1794 1554; baseline -0.005 -16"><span class='ocrx_word' id='word_1_97' title='bbox 223 1488 320 1540; x_wconf 64' lang='grc' dir='ltr'><strong>καὶ</strong></span> <span class='ocrx_word' id='word_1_98' title='bbox 349 1486 660 1554; x_wconf 86' lang='grc' dir='ltr'>Πνεύματος</span> <span class='ocrx_word' id='word_1_99' title='bbox 695 1481 971 1552; x_wconf 76' lang='grc' dir='ltr'>μεταδόσει</span> <span class='ocrx_word' id='word_1_100' title='bbox 1017 1479 1300 1546; x_wconf 79' lang='grc' dir='ltr'>ζωοποιοῦ.</span> <span class='ocrx_word' id='word_1_101' title='bbox 1338 1479 1400 1530; x_wconf 87' lang='grc' dir='ltr'><strong>Εἰ</strong></span> <span class='ocrx_word' id='word_1_102' title='bbox 1434 1478 1497 1548; x_wconf 83' lang='grc' dir='ltr'><strong>δὴ</strong></span> <span class='ocrx_word' id='word_1_103' title='bbox 1543 1479 1637 1532; x_wconf 55' lang='grc' dir='ltr'><strong>καὶ⁵</strong></span> <span class='ocrx_word' id='word_1_104' title='bbox 1675 1479 1794 1531; x_wconf 81' lang='grc' dir='ltr'>κατ’</span> 
     </span>
    </p>
   </div>
   <div class='ocr_carea' id='block_1_16' title="bbox 225 1572 1798 1650">
    <p class='ocr_par' dir='ltr' id='par_1_16' title="bbox 225 1572 1798 1650">
     <span class='ocr_line' id='line_1_16' title="bbox 225 1572 1798 1650; baseline -0.004 -22"><span class='ocrx_word' id='word_1_105' title='bbox 225 1579 398 1650; x_wconf 73' lang='grc' dir='ltr'>ἀρχὴν</span> <span class='ocrx_word' id='word_1_106' title='bbox 431 1581 489 1629; x_wconf 83' lang='grc' dir='ltr'><strong>ἐν</strong></span> <span class='ocrx_word' id='word_1_107' title='bbox 516 1573 789 1643; x_wconf 86' lang='grc' dir='ltr'>Πνεύματι</span> <span class='ocrx_word' id='word_1_108' title='bbox 819 1575 884 1628; x_wconf 77' lang='grc' dir='ltr'>τὰ</span> <span class='ocrx_word' id='word_1_109' title='bbox 911 1575 1084 1628; x_wconf 80' lang='grc' dir='ltr'>πάντα</span> <span class='ocrx_word' id='word_1_110' title='bbox 1115 1573 1424 1649; x_wconf 66' lang='grc' dir='ltr'>πεποίηυςαι,</span> <span class='ocrx_word' id='word_1_111' title='bbox 1452 1572 1545 1623; x_wconf 68' lang='grc' dir='ltr'><strong>καὶ</strong></span> <span class='ocrx_word' id='word_1_112' title='bbox 1574 1574 1798 1625; x_wconf 75' lang='grc' dir='ltr'>ἀνακαι-</span> 
     </span>
    </p>
   </div>
   <div class='ocr_carea' id='block_1_17' title="bbox 223 1661 1799 1738">
    <p class='ocr_par' dir='ltr' id='par_1_17' title="bbox 223 1661 1799 1738">
     <span class='ocr_line' id='line_1_17' title="bbox 223 1661 1799 1738; baseline -0.004 -18"><span class='ocrx_word' id='word_1_113' title='bbox 223 1661 408 1722; x_wconf 85' lang='grc' dir='ltr'>νοῦταί</span> <span class='ocrx_word' id='word_1_114' title='bbox 443 1666 603 1719; x_wconf 72' lang='grc' dir='ltr'>πάλιν</span> <span class='ocrx_word' id='word_1_115' title='bbox 651 1669 705 1719; x_wconf 86' lang='grc' dir='ltr'><strong>ἐν</strong></span> <span class='ocrx_word' id='word_1_116' title='bbox 738 1667 1010 1738; x_wconf 86' lang='grc' dir='ltr'>Πνεύματι</span> <span class='ocrx_word' id='word_1_117' title='bbox 1037 1683 1048 1695; x_wconf 86' lang='grc'><strong>·</strong></span> <span class='ocrx_word' id='word_1_118' title='bbox 1091 1667 1183 1737; x_wconf 78' lang='grc' dir='ltr'><strong>μία</strong></span> <span class='ocrx_word' id='word_1_119' title='bbox 1232 1664 1324 1717; x_wconf 74' lang='grc' dir='ltr'><strong>καὶ</strong></span> <span class='ocrx_word' id='word_1_120' title='bbox 1355 1664 1387 1732; x_wconf 82' lang='grc' dir='ltr'>ἡ</span> <span class='ocrx_word' id='word_1_121' title='bbox 1416 1662 1550 1734; x_wconf 74' lang='grc' dir='ltr'>αὑτὴ</span> <span class='ocrx_word' id='word_1_122' title='bbox 1590 1679 1799 1732; x_wconf 84' lang='grc' dir='ltr'>προφα-</span> 
     </span>
    </p>
   </div>
   <div class='ocr_carea' id='block_1_18' title="bbox 226 1755 1793 1831">
    <p class='ocr_par' dir='ltr' id='par_1_18' title="bbox 226 1755 1793 1831">
     <span class='ocr_line' id='line_1_18' title="bbox 226 1755 1793 1831; baseline -0.001 -21"><span class='ocrx_word' id='word_1_123' title='bbox 226 1761 331 1824; x_wconf 83' lang='grc' dir='ltr'><strong>νῶς</strong></span> <span class='ocrx_word' id='word_1_124' title='bbox 374 1760 620 1831; x_wconf 82' lang='grc' dir='ltr'>ἐνέργεια</span> <span class='ocrx_word' id='word_1_125' title='bbox 653 1760 786 1812; x_wconf 89' lang='grc' dir='ltr'>Θεοῦ</span> <span class='ocrx_word' id='word_1_126' title='bbox 833 1760 898 1810; x_wconf 85' lang='grc' dir='ltr'>δι’</span> <span class='ocrx_word' id='word_1_127' title='bbox 931 1758 1059 1812; x_wconf 82' lang='grc' dir='ltr'>Υἱοῦ</span> <span class='ocrx_word' id='word_1_128' title='bbox 1108 1763 1163 1812; x_wconf 90' lang='grc' dir='ltr'><strong>ἐν</strong></span> <span class='ocrx_word' id='word_1_129' title='bbox 1193 1755 1466 1826; x_wconf 81' lang='grc' dir='ltr'>Πνεῦματι</span> <span class='ocrx_word' id='word_1_130' title='bbox 1508 1757 1754 1823; x_wconf 80' lang='grc' dir='ltr'>φαίνεται</span> <span class='ocrx_word' id='word_1_131' title='bbox 1779 1771 1793 1784; x_wconf 84' lang='lat'><strong><em>°</em></strong></span> 
     </span>
    </p>
   </div>
   <div class='ocr_carea' id='block_1_19' title="bbox 225 1846 1796 1921">
    <p class='ocr_par' dir='ltr' id='par_1_19' title="bbox 225 1846 1796 1921">
     <span class='ocr_line' id='line_1_19' title="bbox 225 1846 1796 1921; baseline -0.005 -17"><span class='ocrx_word' id='word_1_132' title='bbox 225 1851 320 1904; x_wconf 70' lang='grc' dir='ltr'><strong>καὶ</strong></span> <span class='ocrx_word' id='word_1_133' title='bbox 373 1849 650 1921; x_wconf 80' lang='grc' dir='ltr'>χωρισμὸν</span> <span class='ocrx_word' id='word_1_134' title='bbox 683 1853 714 1920; x_wconf 85' lang='grc' dir='ltr'>ὴ</span> <span class='ocrx_word' id='word_1_135' title='bbox 742 1849 910 1918; x_wconf 84' lang='grc' dir='ltr'>Τριὰς</span> <span class='ocrx_word' id='word_1_136' title='bbox 967 1849 1026 1900; x_wconf 80' lang='grc' dir='ltr'><strong>οῦ</strong></span> <span class='ocrx_word' id='word_1_137' title='bbox 1078 1849 1449 1919; x_wconf 82' lang='grc' dir='ltr'>προσδέχεται,</span> <span class='ocrx_word' id='word_1_138' title='bbox 1483 1847 1616 1900; x_wconf 76' lang='grc' dir='ltr'><strong>ἀλλὰ</strong></span> <span class='ocrx_word' id='word_1_139' title='bbox 1657 1846 1796 1900; x_wconf 80' lang='grc' dir='ltr'>κατὰ</span> 
     </span>
    </p>
   </div>
   <div class='ocr_carea' id='block_1_20' title="bbox 221 1937 1801 2012">
    <p class='ocr_par' dir='ltr' id='par_1_20' title="bbox 221 1937 1801 2012">
     <span class='ocr_line' id='line_1_20' title="bbox 221 1937 1801 2012; baseline -0.001 -19"><span class='ocrx_word' id='word_1_140' title='bbox 221 1940 319 2012; x_wconf 82' lang='grc' dir='ltr'>τὴν</span> <span class='ocrx_word' id='word_1_141' title='bbox 351 1941 522 2010; x_wconf 86' lang='grc' dir='ltr'>ἀληθῆ</span> <span class='ocrx_word' id='word_1_142' title='bbox 549 1940 640 1992; x_wconf 88' lang='grc' dir='ltr'><strong>τοῦ</strong></span> <span class='ocrx_word' id='word_1_143' title='bbox 671 1940 882 1993; x_wconf 78' lang='grc' dir='ltr'>Παύλου</span> <span class='ocrx_word' id='word_1_144' title='bbox 922 1938 1283 1991; x_wconf 78' lang='grc' dir='ltr'>διδασκαλίαν.</span> <span class='ocrx_word' id='word_1_145' title='bbox 1336 1937 1660 2004; x_wconf 78' lang='grc' dir='ltr'><strong>Διαιρέσεις</strong></span> <span class='ocrx_word' id='word_1_146' title='bbox 1699 1957 1801 2008; x_wconf 84' lang='grc' dir='ltr'><strong>χα-</strong></span> 
     </span>
    </p>
   </div>
   <div class='ocr_carea' id='block_1_21' title="bbox 217 2028 1801 2101">
    <p class='ocr_par' dir='ltr' id='par_1_21' title="bbox 217 2028 1801 2101">
     <span class='ocr_line' id='line_1_21' title="bbox 217 2028 1801 2101; baseline -0.001 -17"><span class='ocrx_word' id='word_1_147' title='bbox 217 2030 529 2101; x_wconf 83' lang='grc' dir='ltr'>ρισμάτων</span> <span class='ocrx_word' id='word_1_148' title='bbox 547 2033 685 2097; x_wconf 76' lang='grc' dir='ltr'>εἰσὶ,</span> <span class='ocrx_word' id='word_1_149' title='bbox 724 2033 790 2084; x_wconf 86' lang='grc' dir='ltr'>τὸ</span> <span class='ocrx_word' id='word_1_150' title='bbox 813 2030 880 2083; x_wconf 86' lang='grc' dir='ltr'>δὲ</span> <span class='ocrx_word' id='word_1_151' title='bbox 903 2030 1046 2083; x_wconf 78' lang='grc' dir='ltr'>αὐτὸ</span> <span class='ocrx_word' id='word_1_152' title='bbox 1079 2029 1335 2096; x_wconf 78' lang='grc' dir='ltr'>Πνεῦμα·</span> <span class='ocrx_word' id='word_1_153' title='bbox 1367 2030 1461 2081; x_wconf 80' lang='grc' dir='ltr'><strong>καὶ</strong></span> <span class='ocrx_word' id='word_1_154' title='bbox 1485 2028 1801 2096; x_wconf 75' lang='grc' dir='ltr'><strong>διαιρέσεις</strong></span> 
     </span>
    </p>
   </div>
   <div class='ocr_carea' id='block_1_22' title="bbox 225 2117 1774 2186">
    <p class='ocr_par' dir='ltr' id='par_1_22' title="bbox 225 2117 1774 2186">
     <span class='ocr_line' id='line_1_22' title="bbox 225 2117 1774 2186; baseline -0.003 -9"><span class='ocrx_word' id='word_1_155' title='bbox 225 2122 544 2177; x_wconf 82' lang='grc' dir='ltr'><strong>διακονιῶν</strong></span> <span class='ocrx_word' id='word_1_156' title='bbox 580 2125 718 2183; x_wconf 85' lang='grc' dir='ltr'>εἱσι,</span> <span class='ocrx_word' id='word_1_157' title='bbox 760 2121 856 2174; x_wconf 74' lang='grc' dir='ltr'>καὶ</span> <span class='ocrx_word' id='word_1_158' title='bbox 900 2123 932 2172; x_wconf 84' lang='grc' dir='ltr'><em>ὁ</em></span> <span class='ocrx_word' id='word_1_159' title='bbox 961 2119 1142 2185; x_wconf 76' lang='grc' dir='ltr'>αὐτὸς</span> <span class='ocrx_word' id='word_1_160' title='bbox 1171 2121 1385 2186; x_wconf 83' lang='grc' dir='ltr'>Κύριος</span> <span class='ocrx_word' id='word_1_161' title='bbox 1407 2134 1421 2148; x_wconf 76' lang='grc' dir='ltr'><strong><em>ο</em></strong></span> <span class='ocrx_word' id='word_1_162' title='bbox 1469 2118 1563 2170; x_wconf 76' lang='grc' dir='ltr'><strong>καὶ</strong></span> <span class='ocrx_word' id='word_1_163' title='bbox 1589 2117 1774 2186; x_wconf 86' lang='grc' dir='ltr'>διαιρέ</span> 
     </span>
    </p>
   </div>
   <div class='ocr_carea' id='block_1_23' title="bbox 224 2211 1803 2284">
    <p class='ocr_par' dir='ltr' id='par_1_23' title="bbox 224 2211 1803 2284">
     <span class='ocr_line' id='line_1_23' title="bbox 224 2211 1803 2284; baseline -0.003 -16"><span class='ocrx_word' id='word_1_164' title='bbox 224 2233 357 2281; x_wconf 86' lang='grc' dir='ltr'>σεις</span> <span class='ocrx_word' id='word_1_165' title='bbox 380 2215 793 2284; x_wconf 67' lang='grc' dir='ltr'>ἐνεργιῃιάτων</span> <span class='ocrx_word' id='word_1_166' title='bbox 818 2213 994 2277; x_wconf 70' lang='grc' dir='ltr'>εἰσιν,</span> <span class='ocrx_word' id='word_1_167' title='bbox 1023 2217 1054 2267; x_wconf 83' lang='grc' dir='ltr'><strong>ό</strong></span> <span class='ocrx_word' id='word_1_168' title='bbox 1082 2213 1149 2266; x_wconf 83' lang='grc' dir='ltr'>δὲ</span> <span class='ocrx_word' id='word_1_169' title='bbox 1175 2213 1355 2278; x_wconf 80' lang='grc' dir='ltr'>αὐτὸς</span> <span class='ocrx_word' id='word_1_170' title='bbox 1386 2211 1550 2277; x_wconf 84' lang='grc' dir='ltr'><strong>Θεὸς,</strong></span> <span class='ocrx_word' id='word_1_171' title='bbox 1589 2215 1621 2265; x_wconf 86' lang='grc' dir='ltr'><em>ὀ</em></span> <span class='ocrx_word' id='word_1_172' title='bbox 1643 2213 1803 2280; x_wconf 64' lang='grc' dir='ltr'>ἐνερς</span> 
     </span>
    </p>
   </div>
   <div class='ocr_carea' id='block_1_24' title="bbox 229 2303 1805 2378">
    <p class='ocr_par' dir='ltr' id='par_1_24' title="bbox 229 2303 1805 2378">
     <span class='ocr_line' id='line_1_24' title="bbox 229 2303 1805 2378; baseline -0.003 -16"><span class='ocrx_word' id='word_1_173' title='bbox 229 2307 346 2378; x_wconf 71' lang='grc' dir='ltr'>γῶν</span> <span class='ocrx_word' id='word_1_174' title='bbox 368 2308 440 2361; x_wconf 81' lang='grc' dir='ltr'>τὰ</span> <span class='ocrx_word' id='word_1_175' title='bbox 465 2306 658 2361; x_wconf 80' lang='grc' dir='ltr'>πάντα</span> <span class='ocrx_word' id='word_1_176' title='bbox 695 2307 765 2359; x_wconf 79' lang='grc' dir='ltr'>ἐν</span> <span class='ocrx_word' id='word_1_177' title='bbox 792 2304 961 2359; x_wconf 80' lang='grc' dir='ltr'>πᾶσι.</span> <span class='ocrx_word' id='word_1_178' title='bbox 1012 2305 1120 2358; x_wconf 80' lang='grc' dir='ltr'><strong>Καὶ</strong></span> <span class='ocrx_word' id='word_1_179' title='bbox 1175 2305 1348 2358; x_wconf 83' lang='grc' dir='ltr'>πάντα</span> <span class='ocrx_word' id='word_1_180' title='bbox 1399 2303 1695 2370; x_wconf 76' lang='grc' dir='ltr'><strong>καταλέξας</strong></span> <span class='ocrx_word' id='word_1_181' title='bbox 1736 2303 1805 2357; x_wconf 75' lang='grc' dir='ltr'>τὰ</span> 
     </span>
    </p>
   </div>
   <div class='ocr_carea' id='block_1_25' title="bbox 225 2395 1809 2468">
    <p class='ocr_par' dir='ltr' id='par_1_25' title="bbox 225 2395 1809 2468">
     <span class='ocr_line' id='line_1_25' title="bbox 225 2395 1809 2468; baseline -0.002 -16"><span class='ocrx_word' id='word_1_182' title='bbox 225 2400 345 2453; x_wconf 87' lang='grc' dir='ltr'>θεῖα</span> <span class='ocrx_word' id='word_1_183' title='bbox 375 2399 744 2468; x_wconf 81' lang='grc' dir='ltr'>ἐνεργήματα,</span> <span class='ocrx_word' id='word_1_184' title='bbox 799 2395 1001 2450; x_wconf 82' lang='grc' dir='ltr'>Πάντα</span> <span class='ocrx_word' id='word_1_185' title='bbox 1032 2395 1100 2448; x_wconf 90' lang='grc' dir='ltr'>δὲ</span> <span class='ocrx_word' id='word_1_186' title='bbox 1146 2396 1353 2458; x_wconf 84' lang='grc' dir='ltr'>ταῦτα,</span> <span class='ocrx_word' id='word_1_187' title='bbox 1395 2397 1547 2466; x_wconf 77' lang='grc' dir='ltr'>φησὶ,</span> <span class='ocrx_word' id='word_1_188' title='bbox 1581 2396 1809 2468; x_wconf 77' lang='grc' dir='ltr'><strong>ἐνεργεῖ</strong></span> 
     </span>
    </p>
   </div>
   <div class='ocr_carea' id='block_1_26' title="bbox 226 2487 1804 2556">
    <p class='ocr_par' dir='ltr' id='par_1_26' title="bbox 226 2487 1804 2556">
     <span class='ocr_line' id='line_1_26' title="bbox 226 2487 1804 2556; baseline -0.003 -12"><span class='ocrx_word' id='word_1_189' title='bbox 226 2491 293 2544; x_wconf 82' lang='grc' dir='ltr'>τὸ</span> <span class='ocrx_word' id='word_1_190' title='bbox 320 2491 389 2545; x_wconf 78' lang='grc' dir='ltr'>ἐν</span> <span class='ocrx_word' id='word_1_191' title='bbox 415 2491 510 2544; x_wconf 81' lang='grc' dir='ltr'><strong>καὶ</strong></span> <span class='ocrx_word' id='word_1_192' title='bbox 544 2491 610 2542; x_wconf 87' lang='grc' dir='ltr'>τὸ</span> <span class='ocrx_word' id='word_1_193' title='bbox 638 2489 783 2542; x_wconf 83' lang='grc' dir='ltr'>αὐτὸ</span> <span class='ocrx_word' id='word_1_194' title='bbox 809 2488 1050 2556; x_wconf 81' lang='grc' dir='ltr'>Πνεῦμα</span> <span class='ocrx_word' id='word_1_195' title='bbox 1070 2527 1085 2553; x_wconf 91' lang='grc'><strong>,</strong></span> <span class='ocrx_word' id='word_1_196' title='bbox 1118 2487 1390 2556; x_wconf 82' lang='grc' dir='ltr'><strong>διαιροῦν</strong></span> <span class='ocrx_word' id='word_1_197' title='bbox 1427 2489 1544 2556; x_wconf 70' lang='grc' dir='ltr'>ἰδίᾳ</span> <span class='ocrx_word' id='word_1_198' title='bbox 1571 2488 1804 2555; x_wconf 77' lang='grc' dir='ltr'>ἑκάστῳ</span> 
     </span>
    </p>
   </div>
   <div class='ocr_carea' id='block_1_27' title="bbox 227 2583 754 2649">
    <p class='ocr_par' dir='ltr' id='par_1_27' title="bbox 227 2583 754 2649">
     <span class='ocr_line' id='line_1_27' title="bbox 227 2583 754 2649; baseline -0.004 -13"><span class='ocrx_word' id='word_1_199' title='bbox 227 2583 420 2649; x_wconf 82' lang='grc' dir='ltr'>καθὼς</span> <span class='ocrx_word' id='word_1_200' title='bbox 445 2583 754 2648; x_wconf 75' lang='grc' dir='ltr'>βούλεται.</span> 
     </span>
    </p>
   </div>
   <div class='ocr_carea' id='block_1_28' title="bbox 228 2672 1804 2745">
    <p class='ocr_par' dir='ltr' id='par_1_28' title="bbox 228 2672 1804 2745">
     <span class='ocr_line' id='line_1_28' title="bbox 228 2672 1804 2745; baseline -0.003 -17"><span class='ocrx_word' id='word_1_201' title='bbox 228 2675 348 2731; x_wconf 84' lang='grc' dir='ltr'><strong>Ὀτι</strong></span> <span class='ocrx_word' id='word_1_202' title='bbox 386 2674 904 2745; x_wconf 78' lang='grc' dir='ltr'>συνδοξαζόμενον</span> <span class='ocrx_word' id='word_1_203' title='bbox 945 2675 1064 2741; x_wconf 86' lang='grc' dir='ltr'><strong>Θεῷ</strong></span> <span class='ocrx_word' id='word_1_204' title='bbox 1107 2673 1173 2728; x_wconf 85' lang='grc' dir='ltr'>τὸ</span> <span class='ocrx_word' id='word_1_205' title='bbox 1221 2673 1461 2742; x_wconf 85' lang='grc' dir='ltr'>Πνεῦμα</span> <span class='ocrx_word' id='word_1_206' title='bbox 1503 2672 1804 2725; x_wconf 81' lang='grc' dir='ltr'>δείκνυται</span> 
     </span>
    </p>
   </div>
   <div class='ocr_carea' id='block_1_29' title="bbox 380 2746 1644 2816">
    <p class='ocr_par' dir='ltr' id='par_1_29' title="bbox 380 2746 1644 2816">
     <span class='ocr_line' id='line_1_29' title="bbox 380 2746 1644 2816; baseline -0.005 -15"><span class='ocrx_word' id='word_1_207' title='bbox 380 2748 464 2816; x_wconf 81' lang='grc' dir='ltr'>μὴ</span> <span class='ocrx_word' id='word_1_208' title='bbox 494 2747 565 2801; x_wconf 76' lang='grc' dir='ltr'>ὃν</span> <span class='ocrx_word' id='word_1_209' title='bbox 591 2749 834 2815; x_wconf 75' lang='grc' dir='ltr'>ποίημα,</span> <span class='ocrx_word' id='word_1_210' title='bbox 870 2748 1030 2801; x_wconf 76' lang='grc' dir='ltr'><strong>ἀλλὰ</strong></span> <span class='ocrx_word' id='word_1_211' title='bbox 1059 2746 1166 2813; x_wconf 77' lang='grc' dir='ltr'>τῆς</span> <span class='ocrx_word' id='word_1_212' title='bbox 1197 2746 1358 2810; x_wconf 85' lang='grc' dir='ltr'>θείας</span> <span class='ocrx_word' id='word_1_213' title='bbox 1388 2746 1644 2813; x_wconf 67' lang='grc' dir='ltr'>φύσεως.</span> 
     </span>
    </p>
   </div>
   <div class='ocr_carea' id='block_1_30' title="bbox 298 2834 1804 2910">
    <p class='ocr_par' dir='ltr' id='par_1_30' title="bbox 298 2834 1804 2910">
     <span class='ocr_line' id='line_1_30' title="bbox 298 2834 1804 2910; baseline -0.004 -18"><span class='ocrx_word' id='word_1_214' title='bbox 298 2839 372 2892; x_wconf 78' lang='grc' dir='ltr'>Οῦ</span> <span class='ocrx_word' id='word_1_215' title='bbox 399 2839 462 2910; x_wconf 86' lang='grc' dir='ltr'>δὴ</span> <span class='ocrx_word' id='word_1_216' title='bbox 503 2837 610 2892; x_wconf 82' lang='grc' dir='ltr'>τῶν</span> <span class='ocrx_word' id='word_1_217' title='bbox 639 2839 774 2890; x_wconf 84' lang='grc' dir='ltr'>Θεοῦ</span> <span class='ocrx_word' id='word_1_218' title='bbox 807 2839 1300 2909; x_wconf 83' lang='grc' dir='ltr'>δημιουργημάτων</span> <span class='ocrx_word' id='word_1_219' title='bbox 1344 2835 1640 2902; x_wconf 76' lang='grc' dir='ltr'>ἐξουσιάζει</span> <span class='ocrx_word' id='word_1_220' title='bbox 1687 2834 1804 2887; x_wconf 84' lang='grc' dir='ltr'>κτί-</span> 
     </span>
    </p>
   </div>
   <div class='ocr_carea' id='block_1_31' title="bbox 230 2927 1802 3003">
    <p class='ocr_par' dir='ltr' id='par_1_31' title="bbox 230 2927 1802 3003">
     <span class='ocr_line' id='line_1_31' title="bbox 230 2927 1802 3003; baseline -0.001 -23"><span class='ocrx_word' id='word_1_221' title='bbox 230 2946 336 2995; x_wconf 82' lang='grc' dir='ltr'>σις,</span> <span class='ocrx_word' id='word_1_222' title='bbox 365 2931 484 2984; x_wconf 85' lang='grc' dir='ltr'><strong>ούδέ</strong></span> <span class='ocrx_word' id='word_1_223' title='bbox 516 2933 643 3003; x_wconf 70' lang='grc' dir='ltr'>περὶ</span> <span class='ocrx_word' id='word_1_224' title='bbox 687 2931 861 2985; x_wconf 90' lang='grc' dir='ltr'>ταῦτα</span> <span class='ocrx_word' id='word_1_225' title='bbox 895 2935 1136 3000; x_wconf 80' lang='grc' dir='ltr'>ἐνεργεῖ,</span> <span class='ocrx_word' id='word_1_226' title='bbox 1170 2930 1281 2982; x_wconf 80' lang='grc' dir='ltr'><strong>ἀλλ’</strong></span> <span class='ocrx_word' id='word_1_227' title='bbox 1307 2930 1468 3000; x_wconf 79' lang='grc' dir='ltr'>ἑτέρα</span> <span class='ocrx_word' id='word_1_228' title='bbox 1514 2927 1608 2980; x_wconf 85' lang='grc' dir='ltr'><strong>τοῦ</strong></span> <span class='ocrx_word' id='word_1_229' title='bbox 1642 2927 1802 2999; x_wconf 86' lang='grc' dir='ltr'>δημι-</span> 
     </span>
    </p>
   </div>
   <div class='ocr_carea' id='block_1_32' title="bbox 226 3020 1800 3094">
    <p class='ocr_par' dir='ltr' id='par_1_32' title="bbox 226 3020 1800 3094">
     <span class='ocr_line' id='line_1_32' title="bbox 226 3020 1800 3094; baseline 0 -22"><span class='ocrx_word' id='word_1_230' title='bbox 226 3021 447 3092; x_wconf 88' lang='grc' dir='ltr'>ουργοῦ,</span> <span class='ocrx_word' id='word_1_231' title='bbox 491 3025 584 3075; x_wconf 78' lang='grc' dir='ltr'>καὶ</span> <span class='ocrx_word' id='word_1_232' title='bbox 629 3023 790 3092; x_wconf 82' lang='grc' dir='ltr'>ἐτὲρα</span> <span class='ocrx_word' id='word_1_233' title='bbox 840 3022 946 3074; x_wconf 84' lang='grc' dir='ltr'><strong>τῶν</strong></span> <span class='ocrx_word' id='word_1_234' title='bbox 989 3022 1484 3094; x_wconf 77' lang='grc' dir='ltr'>δημιουργημάτων</span> <span class='ocrx_word' id='word_1_235' title='bbox 1523 3020 1800 3092; x_wconf 81' lang='grc' dir='ltr'>ήπρᾶξις.</span> 
     </span>
    </p>
   </div>
   <div class='ocr_carea' id='block_1_33' title="bbox 231 3110 1802 3181">
    <p class='ocr_par' dir='ltr' id='par_1_33' title="bbox 231 3110 1802 3181">
     <span class='ocr_line' id='line_1_33' title="bbox 231 3110 1802 3181; baseline -0.001 -17"><span class='ocrx_word' id='word_1_236' title='bbox 231 3111 497 3180; x_wconf 74' lang='grc' dir='ltr'>Ἄγγελοι</span> <span class='ocrx_word' id='word_1_237' title='bbox 531 3112 813 3181; x_wconf 82' lang='grc' dir='ltr'>θεωροῦσι</span> <span class='ocrx_word' id='word_1_238' title='bbox 857 3111 921 3164; x_wconf 86' lang='grc' dir='ltr'>τὸ</span> <span class='ocrx_word' id='word_1_239' title='bbox 951 3113 1272 3180; x_wconf 76' lang='grc' dir='ltr'>πρόσωπον</span> <span class='ocrx_word' id='word_1_240' title='bbox 1298 3110 1401 3165; x_wconf 88' lang='grc' dir='ltr'><strong>τοῦ</strong></span> <span class='ocrx_word' id='word_1_241' title='bbox 1431 3110 1660 3177; x_wconf 82' lang='grc' dir='ltr'>Πατρός</span> <span class='ocrx_word' id='word_1_242' title='bbox 1699 3110 1802 3164; x_wconf 84' lang='grc' dir='ltr'><strong>τοῦ</strong></span> 
     </span>
    </p>
   </div>
   <div class='ocr_carea' id='block_1_34' title="bbox 225 3202 1801 3276">
    <p class='ocr_par' dir='ltr' id='par_1_34' title="bbox 225 3202 1801 3276">
     <span class='ocr_line' id='line_1_34' title="bbox 225 3202 1801 3276; baseline -0.001 -21"><span class='ocrx_word' id='word_1_243' title='bbox 225 3203 298 3255; x_wconf 86' lang='grc' dir='ltr'>ἐν</span> <span class='ocrx_word' id='word_1_244' title='bbox 326 3203 602 3272; x_wconf 83' lang='grc' dir='ltr'>οὐρανοῖς</span> <span class='ocrx_word' id='word_1_245' title='bbox 653 3205 794 3258; x_wconf 83' lang='grc' dir='ltr'>καθά</span> <span class='ocrx_word' id='word_1_246' title='bbox 822 3222 983 3276; x_wconf 77' lang='grc' dir='ltr'>φησιν</span> <span class='ocrx_word' id='word_1_247' title='bbox 1017 3209 1044 3258; x_wconf 89' lang='grc' dir='ltr'><strong>ό</strong></span> <span class='ocrx_word' id='word_1_248' title='bbox 1071 3207 1280 3276; x_wconf 71' lang='grc' dir='ltr'>Σωτὴρ,</span> <span class='ocrx_word' id='word_1_249' title='bbox 1311 3205 1404 3259; x_wconf 71' lang='grc' dir='ltr'>καὶ</span> <span class='ocrx_word' id='word_1_250' title='bbox 1429 3203 1586 3257; x_wconf 88' lang='grc' dir='ltr'>τοῦτο</span> <span class='ocrx_word' id='word_1_251' title='bbox 1625 3202 1801 3256; x_wconf 84' lang='grc' dir='ltr'>αὐτῶν</span> 
     </span>
    </p>
   </div>
   <div class='ocr_carea' id='block_1_35' title="bbox 229 3292 1798 3368">
    <p class='ocr_par' dir='ltr' id='par_1_35' title="bbox 229 3292 1798 3368">
     <span class='ocr_line' id='line_1_35' title="bbox 229 3292 1798 3368; baseline -0.001 -22"><span class='ocrx_word' id='word_1_252' title='bbox 229 3295 263 3364; x_wconf 79' lang='grc' dir='ltr'><strong>ἡ</strong></span> <span class='ocrx_word' id='word_1_253' title='bbox 302 3296 509 3366; x_wconf 83' lang='grc' dir='ltr'>μεγάλη</span> <span class='ocrx_word' id='word_1_254' title='bbox 547 3296 672 3362; x_wconf 88' lang='grc' dir='ltr'>δόξα</span> <span class='ocrx_word' id='word_1_255' title='bbox 701 3298 794 3350; x_wconf 77' lang='grc' dir='ltr'>καὶ</span> <span class='ocrx_word' id='word_1_256' title='bbox 823 3298 1178 3368; x_wconf 85' lang='grc' dir='ltr'>μακαριότης.</span> <span class='ocrx_word' id='word_1_257' title='bbox 1214 3299 1390 3367; x_wconf 84' lang='grc' dir='ltr'>Ἔργα</span> <span class='ocrx_word' id='word_1_258' title='bbox 1421 3296 1475 3348; x_wconf 85' lang='grc' dir='ltr'><strong>δέ</strong></span> <span class='ocrx_word' id='word_1_259' title='bbox 1509 3298 1613 3347; x_wconf 76' lang='grc' dir='ltr'>εἰσι</span> <span class='ocrx_word' id='word_1_260' title='bbox 1642 3292 1798 3357; x_wconf 88' lang='grc' dir='ltr'>Θεοῦ,</span> 
     </span>
    </p>
   </div>
   <div class='ocr_carea' id='block_1_36' title="bbox 230 3385 1804 3456">
    <p class='ocr_par' dir='ltr' id='par_1_36' title="bbox 230 3385 1804 3456">
     <span class='ocr_line' id='line_1_36' title="bbox 230 3385 1804 3456; baseline 0.001 -19"><span class='ocrx_word' id='word_1_261' title='bbox 230 3385 374 3438; x_wconf 72' lang='grc' dir='ltr'>κατὰ</span> <span class='ocrx_word' id='word_1_262' title='bbox 414 3387 512 3438; x_wconf 80' lang='grc' dir='ltr'>τό’</span> <span class='ocrx_word' id='word_1_263' title='bbox 561 3389 613 3439; x_wconf 88' lang='grc'><strong>’0</strong></span> <span class='ocrx_word' id='word_1_264' title='bbox 645 3387 829 3440; x_wconf 77' lang='grc' dir='ltr'>ποιῶν</span> <span class='ocrx_word' id='word_1_265' title='bbox 873 3389 1010 3453; x_wconf 83' lang='grc' dir='ltr'>τοὺς</span> <span class='ocrx_word' id='word_1_266' title='bbox 1056 3389 1349 3456; x_wconf 72' lang='grc' dir='ltr'>ἀγγέλους</span> <span class='ocrx_word' id='word_1_267' title='bbox 1395 3386 1578 3440; x_wconf 85' lang='grc' dir='ltr'>αὑτοῦ</span> <span class='ocrx_word' id='word_1_268' title='bbox 1627 3385 1804 3438; x_wconf 79' lang='grc' dir='ltr'>πνεύ-</span> 
     </span>
    </p>
   </div>
   <div class='ocr_carea' id='block_1_37' title="bbox 223 3476 1803 3548">
    <p class='ocr_par' dir='ltr' id='par_1_37' title="bbox 223 3476 1803 3548">
     <span class='ocr_line' id='line_1_37' title="bbox 223 3476 1803 3548; baseline -0.003 -18"><span class='ocrx_word' id='word_1_269' title='bbox 223 3493 406 3546; x_wconf 80' lang='grc' dir='ltr'>ματα,</span> <span class='ocrx_word' id='word_1_270' title='bbox 441 3479 537 3531; x_wconf 73' lang='grc' dir='ltr'>καὶ</span> <span class='ocrx_word' id='word_1_271' title='bbox 574 3479 714 3544; x_wconf 84' lang='grc' dir='ltr'>τοὺς</span> <span class='ocrx_word' id='word_1_272' title='bbox 743 3479 1124 3548; x_wconf 72' lang='grc' dir='ltr'>λειτουργοὺς</span> <span class='ocrx_word' id='word_1_273' title='bbox 1146 3478 1331 3532; x_wconf 84' lang='grc' dir='ltr'>αὑτοῦ</span> <span class='ocrx_word' id='word_1_274' title='bbox 1371 3477 1557 3544; x_wconf 82' lang='grc' dir='ltr'>πυρός</span> <span class='ocrx_word' id='word_1_275' title='bbox 1586 3476 1803 3544; x_wconf 67' lang='grc' dir='ltr'>φλόγα.</span> 
     </span>
    </p>
   </div>
   <div class='ocr_carea' id='block_1_38' title="bbox 229 3566 1806 3647">
    <p class='ocr_par' dir='ltr' id='par_1_38' title="bbox 229 3566 1806 3647">
     <span class='ocr_line' id='line_1_38' title="bbox 229 3566 1806 3647; baseline -0.002 -26"><span class='ocrx_word' id='word_1_276' title='bbox 229 3569 364 3632; x_wconf 84' lang='grc' dir='ltr'>Θεὸς</span> <span class='ocrx_word' id='word_1_277' title='bbox 405 3570 598 3632; x_wconf 82' lang='grc' dir='ltr'>αύτοὺς</span> <span class='ocrx_word' id='word_1_278' title='bbox 629 3571 760 3647; x_wconf 67' lang='grc' dir='ltr'>(ιιι),</span> <span class='ocrx_word' id='word_1_279' title='bbox 795 3572 853 3623; x_wconf 79' lang='grc' dir='ltr'><strong>οὐ</strong></span> <span class='ocrx_word' id='word_1_280' title='bbox 883 3571 948 3622; x_wconf 86' lang='grc' dir='ltr'>δι’</span> <span class='ocrx_word' id='word_1_281' title='bbox 975 3570 1152 3622; x_wconf 78' lang='grc' dir='ltr'>αὐτῶν</span> <span class='ocrx_word' id='word_1_282' title='bbox 1195 3568 1482 3640; x_wconf 77' lang='grc' dir='ltr'>ἐργάζεται</span> <span class='ocrx_word' id='word_1_283' title='bbox 1503 3585 1515 3598; x_wconf 79' lang='grc'><em>’</em></span> <span class='ocrx_word' id='word_1_284' title='bbox 1550 3566 1683 3620; x_wconf 83' lang='grc' dir='ltr'>ἀλλὰ</span> <span class='ocrx_word' id='word_1_285' title='bbox 1713 3569 1806 3619; x_wconf 72' lang='grc' dir='ltr'>καὶ</span> 
     </span>
    </p>
   </div>
   <div class='ocr_carea' id='block_1_39' title="bbox 228 3660 1804 3733">
    <p class='ocr_par' dir='ltr' id='par_1_39' title="bbox 228 3660 1804 3733">
     <span class='ocr_line' id='line_1_39' title="bbox 228 3660 1804 3733; baseline -0.001 -20"><span class='ocrx_word' id='word_1_286' title='bbox 228 3662 426 3725; x_wconf 75' lang='grc' dir='ltr'>αὐτοὺς</span> <span class='ocrx_word' id='word_1_287' title='bbox 459 3662 692 3730; x_wconf 79' lang='grc' dir='ltr'>ἁγιάζει,</span> <span class='ocrx_word' id='word_1_288' title='bbox 726 3663 818 3716; x_wconf 72' lang='grc' dir='ltr'><strong>καὶ</strong></span> <span class='ocrx_word' id='word_1_289' title='bbox 866 3663 923 3714; x_wconf 86' lang='grc' dir='ltr'><strong>ἐν</strong></span> <span class='ocrx_word' id='word_1_290' title='bbox 948 3663 1129 3724; x_wconf 77' lang='grc' dir='ltr'>αὐτοῖς</span> <span class='ocrx_word' id='word_1_291' title='bbox 1169 3663 1398 3733; x_wconf 83' lang='grc' dir='ltr'>ἐνεργεῖ,</span> <span class='ocrx_word' id='word_1_292' title='bbox 1451 3660 1702 3731; x_wconf 85' lang='grc' dir='ltr'>καθάπερ</span> <span class='ocrx_word' id='word_1_293' title='bbox 1747 3661 1804 3712; x_wconf 92' lang='grc' dir='ltr'><strong>ἐν</strong></span> 
     </span>
    </p>
   </div>
   <div class='ocr_carea' id='block_1_40' title="bbox 230 3753 1803 3828">
    <p class='ocr_par' dir='ltr' id='par_1_40' title="bbox 230 3753 1803 3828">
     <span class='ocr_line' id='line_1_40' title="bbox 230 3753 1803 3828; baseline -0.001 -20"><span class='ocrx_word' id='word_1_294' title='bbox 230 3756 405 3823; x_wconf 73' lang='grc' dir='ltr'>ἁγίοις</span> <span class='ocrx_word' id='word_1_295' title='bbox 439 3755 764 3828; x_wconf 79' lang='grc' dir='ltr'>ἀνθρώποις,</span> <span class='ocrx_word' id='word_1_296' title='bbox 791 3756 838 3808; x_wconf 80' lang='grc' dir='ltr'>οἳ</span> <span class='ocrx_word' id='word_1_297' title='bbox 874 3756 967 3807; x_wconf 63' lang='grc' dir='ltr'><strong>καὶ⁴</strong></span> <span class='ocrx_word' id='word_1_298' title='bbox 996 3755 1385 3822; x_wconf 80' lang='grc' dir='ltr'>ἀναγγέλλουσι</span> <span class='ocrx_word' id='word_1_299' title='bbox 1418 3753 1486 3807; x_wconf 75' lang='grc' dir='ltr'>τὰ</span> <span class='ocrx_word' id='word_1_300' title='bbox 1517 3753 1652 3806; x_wconf 85' lang='grc' dir='ltr'>Θεοῦ</span> <span class='ocrx_word' id='word_1_301' title='bbox 1694 3753 1803 3823; x_wconf 71' lang='grc'><strong>(42)</strong></span> 
     </span>
    </p>
   </div>
   <div class='ocr_carea' id='block_1_41' title="bbox 229 3843 1804 3916">
    <p class='ocr_par' dir='ltr' id='par_1_41' title="bbox 229 3843 1804 3916">
     <span class='ocr_line' id='line_1_41' title="bbox 229 3843 1804 3916; baseline -0.001 -18"><span class='ocrx_word' id='word_1_302' title='bbox 229 3845 478 3915; x_wconf 82' lang='grc' dir='ltr'>καθάπερ</span> <span class='ocrx_word' id='word_1_303' title='bbox 506 3845 802 3916; x_wconf 81' lang='grc' dir='ltr'>ἄνθρωποι.</span> <span class='ocrx_word' id='word_1_304' title='bbox 838 3845 1034 3914; x_wconf 83' lang='grc' dir='ltr'>Διόπερ</span> <span class='ocrx_word' id='word_1_305' title='bbox 1063 3845 1182 3896; x_wconf 76' lang='grc' dir='ltr'>οὐδὲ</span> <span class='ocrx_word' id='word_1_306' title='bbox 1219 3844 1608 3914; x_wconf 78' lang='grc' dir='ltr'>συνδοξάζομεν</span> <span class='ocrx_word' id='word_1_307' title='bbox 1639 3843 1804 3912; x_wconf 78' lang='grc' dir='ltr'>ἀγγέ-</span> 
     </span>
    </p>
   </div>
   <div class='ocr_carea' id='block_1_42' title="bbox 228 3935 1801 4009">
    <p class='ocr_par' dir='ltr' id='par_1_42' title="bbox 228 3935 1801 4009">
     <span class='ocr_line' id='line_1_42' title="bbox 228 3935 1801 4009; baseline -0.001 -20"><span class='ocrx_word' id='word_1_308' title='bbox 228 3937 353 4000; x_wconf 79' lang='grc' dir='ltr'>λους</span> <span class='ocrx_word' id='word_1_309' title='bbox 391 3937 508 4008; x_wconf 87' lang='grc' dir='ltr'><strong>Θεῷ</strong></span> <span class='ocrx_word' id='word_1_310' title='bbox 533 3981 547 4003; x_wconf 94' lang='grc'><strong>,</strong></span> <span class='ocrx_word' id='word_1_311' title='bbox 583 3939 834 4008; x_wconf 83' lang='grc' dir='ltr'>καθάπερ</span> <span class='ocrx_word' id='word_1_312' title='bbox 863 3937 983 3990; x_wconf 76' lang='grc' dir='ltr'>οὐδὲ</span> <span class='ocrx_word' id='word_1_313' title='bbox 1024 3935 1360 4009; x_wconf 79' lang='grc' dir='ltr'><strong>ἀνθρώπους.</strong></span> <span class='ocrx_word' id='word_1_314' title='bbox 1413 3938 1486 3990; x_wconf 82' lang='grc' dir='ltr'><strong>Οὐ</strong></span> <span class='ocrx_word' id='word_1_315' title='bbox 1535 3935 1641 4008; x_wconf 85' lang='grc' dir='ltr'>γὰρ</span> <span class='ocrx_word' id='word_1_316' title='bbox 1691 3936 1801 4006; x_wconf 76' lang='grc'><strong>(45)</strong></span> 
     </span>
    </p>
   </div>
   <div class='ocr_carea' id='block_1_43' title="bbox 227 4028 1800 4101">
    <p class='ocr_par' dir='ltr' id='par_1_43' title="bbox 227 4028 1800 4101">
     <span class='ocr_line' id='line_1_43' title="bbox 227 4028 1800 4101; baseline -0.001 -19"><span class='ocrx_word' id='word_1_317' title='bbox 227 4028 334 4082; x_wconf 79' lang='grc' dir='ltr'>ι’δια</span> <span class='ocrx_word' id='word_1_318' title='bbox 363 4029 540 4082; x_wconf 85' lang='grc' dir='ltr'>αύτῶν</span> <span class='ocrx_word' id='word_1_319' title='bbox 571 4031 640 4084; x_wconf 70' lang='grc' dir='ltr'>τὰ</span> <span class='ocrx_word' id='word_1_320' title='bbox 676 4030 740 4082; x_wconf 82' lang='grc' dir='ltr'>δι’</span> <span class='ocrx_word' id='word_1_321' title='bbox 777 4032 953 4084; x_wconf 77' lang='grc' dir='ltr'>αὐτῶν</span> <span class='ocrx_word' id='word_1_322' title='bbox 1000 4031 1410 4101; x_wconf 74' lang='grc' dir='ltr'>εὐεργετήματα</span> <span class='ocrx_word' id='word_1_323' title='bbox 1455 4028 1800 4100; x_wconf 76' lang='grc' dir='ltr'>λογιζόμεθα,</span> 
     </span>
    </p>
   </div>
   <div class='ocr_carea' id='block_1_44' title="bbox 227 4119 1802 4191">
    <p class='ocr_par' dir='ltr' id='par_1_44' title="bbox 227 4119 1802 4191">
     <span class='ocr_line' id='line_1_44' title="bbox 227 4119 1802 4191; baseline -0.001 -19"><span class='ocrx_word' id='word_1_324' title='bbox 227 4119 362 4173; x_wconf 76' lang='grc' dir='ltr'><strong>ἀλλὰ</strong></span> <span class='ocrx_word' id='word_1_325' title='bbox 389 4119 524 4172; x_wconf 85' lang='grc' dir='ltr'>Θεοῦ</span> <span class='ocrx_word' id='word_1_326' title='bbox 550 4121 641 4172; x_wconf 89' lang='grc' dir='ltr'><strong>τοῦ</strong></span> <span class='ocrx_word' id='word_1_327' title='bbox 673 4124 729 4174; x_wconf 92' lang='grc' dir='ltr'><strong>ἐν</strong></span> <span class='ocrx_word' id='word_1_328' title='bbox 767 4123 945 4184; x_wconf 80' lang='grc' dir='ltr'>αὐτοῖς</span> <span class='ocrx_word' id='word_1_329' title='bbox 985 4120 1346 4191; x_wconf 84' lang='grc' dir='ltr'>ἐνεργοῦντος.</span> <span class='ocrx_word' id='word_1_330' title='bbox 1397 4120 1469 4172; x_wconf 85' lang='grc' dir='ltr'>Τὸ</span> <span class='ocrx_word' id='word_1_331' title='bbox 1499 4120 1554 4172; x_wconf 88' lang='grc' dir='ltr'><strong>δέ</strong></span> <span class='ocrx_word' id='word_1_332' title='bbox 1583 4119 1802 4188; x_wconf 89' lang='grc' dir='ltr'>Πνεῦμα</span> 
     </span>
    </p>
   </div>
   <div class='ocr_carea' id='block_1_45' title="bbox 227 4209 1801 4282">
    <p class='ocr_par' dir='ltr' id='par_1_45' title="bbox 227 4209 1801 4282">
     <span class='ocr_line' id='line_1_45' title="bbox 227 4209 1801 4282; baseline 0 -19"><span class='ocrx_word' id='word_1_333' title='bbox 227 4211 368 4281; x_wconf 76' lang='grc' dir='ltr'>μετὰ</span> <span class='ocrx_word' id='word_1_334' title='bbox 396 4211 530 4264; x_wconf 83' lang='grc' dir='ltr'>Θεοῦ</span> <span class='ocrx_word' id='word_1_335' title='bbox 563 4213 656 4264; x_wconf 77' lang='grc' dir='ltr'>καὶ</span> <span class='ocrx_word' id='word_1_336' title='bbox 697 4213 826 4264; x_wconf 74' lang='grc' dir='ltr'>Υῖοῦ</span> <span class='ocrx_word' id='word_1_337' title='bbox 857 4214 968 4281; x_wconf 73' lang='lat' dir='ltr'><strong>(Mi</strong></span> <span class='ocrx_word' id='word_1_338' title='bbox 1012 4211 1312 4279; x_wconf 77' lang='grc' dir='ltr'>δοξάζεται,</span> <span class='ocrx_word' id='word_1_339' title='bbox 1343 4212 1435 4265; x_wconf 59' lang='lat' dir='ltr'><strong>an</strong></span> <span class='ocrx_word' id='word_1_340' title='bbox 1469 4213 1534 4282; x_wconf 80' lang='grc' dir='ltr'>δὴ</span> <span class='ocrx_word' id='word_1_341' title='bbox 1580 4213 1672 4264; x_wconf 73' lang='grc' dir='ltr'><strong>καὶ</strong></span> <span class='ocrx_word' id='word_1_342' title='bbox 1702 4209 1801 4278; x_wconf 81' lang='grc' dir='ltr'>τῆς</span> 
     </span>
    </p>
   </div>
   <div class='ocr_carea' id='block_1_46' title="bbox 229 4303 1802 4374">
    <p class='ocr_par' dir='ltr' id='par_1_46' title="bbox 229 4303 1802 4374">
     <span class='ocr_line' id='line_1_46' title="bbox 229 4303 1802 4374; baseline -0.001 -18"><span class='ocrx_word' id='word_1_343' title='bbox 229 4303 415 4372; x_wconf 78' lang='grc' dir='ltr'>θεῖκῆς</span> <span class='ocrx_word' id='word_1_344' title='bbox 459 4304 736 4373; x_wconf 84' lang='grc' dir='ltr'>ἐνεργείας</span> <span class='ocrx_word' id='word_1_345' title='bbox 789 4303 855 4356; x_wconf 78' lang='grc' dir='ltr'>δι’</span> <span class='ocrx_word' id='word_1_346' title='bbox 896 4305 1058 4357; x_wconf 81' lang='grc' dir='ltr'>αὑτοῦ</span> <span class='ocrx_word' id='word_1_347' title='bbox 1106 4305 1503 4374; x_wconf 80' lang='grc' dir='ltr'>πληρουμένης.</span> <span class='ocrx_word' id='word_1_348' title='bbox 1546 4304 1605 4355; x_wconf 83' lang='grc' dir='ltr'><em>Ἡ</em></span> <span class='ocrx_word' id='word_1_349' title='bbox 1631 4303 1802 4370; x_wconf 78' lang='grc' dir='ltr'>χάρις</span> 
     </span>
    </p>
   </div>
   <div class='ocr_carea' id='block_1_47' title="bbox 225 4391 1800 4466">
    <p class='ocr_par' dir='ltr' id='par_1_47' title="bbox 225 4391 1800 4466">
     <span class='ocr_line' id='line_1_47' title="bbox 225 4391 1800 4466; baseline -0.002 -20"><span class='ocrx_word' id='word_1_350' title='bbox 225 4394 333 4466; x_wconf 70' lang='grc' dir='ltr'>γὰρ</span> <span class='ocrx_word' id='word_1_351' title='bbox 358 4395 462 4447; x_wconf 88' lang='grc' dir='ltr'><strong>τοῦ</strong></span> <span class='ocrx_word' id='word_1_352' title='bbox 487 4396 705 4462; x_wconf 86' lang='grc' dir='ltr'><strong>Κυρίου</strong></span> <span class='ocrx_word' id='word_1_353' title='bbox 730 4393 896 4464; x_wconf 73' lang='grc' dir='ltr'>ἡμῶν</span> <span class='ocrx_word' id='word_1_354' title='bbox 923 4394 1126 4462; x_wconf 83' lang='grc' dir='ltr'>Ἰησοῦ</span> <span class='ocrx_word' id='word_1_355' title='bbox 1169 4395 1441 4460; x_wconf 79' lang='grc' dir='ltr'>Χριστοῦ,</span> <span class='ocrx_word' id='word_1_356' title='bbox 1490 4392 1622 4462; x_wconf 74' lang='grc' dir='ltr'>φησὶ</span> <span class='ocrx_word' id='word_1_357' title='bbox 1652 4391 1800 4443; x_wconf 84' lang='grc' dir='ltr'>Παῦ-</span> 
     </span>
    </p>
   </div>
   <div class='ocr_carea' id='block_1_48' title="bbox 227 4483 1800 4555">
    <p class='ocr_par' dir='ltr' id='par_1_48' title="bbox 227 4483 1800 4555">
     <span class='ocr_line' id='line_1_48' title="bbox 227 4483 1800 4555; baseline 0.001 -19"><span class='ocrx_word' id='word_1_358' title='bbox 227 4485 336 4548; x_wconf 73' lang='grc' dir='ltr'>λος,</span> <span class='ocrx_word' id='word_1_359' title='bbox 369 4485 466 4536; x_wconf 81' lang='grc' dir='ltr'><strong>καὶ</strong></span> <span class='ocrx_word' id='word_1_360' title='bbox 501 4488 538 4553; x_wconf 77' lang='grc' dir='ltr'><em>ὴ</em></span> <span class='ocrx_word' id='word_1_361' title='bbox 577 4485 773 4555; x_wconf 71' lang='grc' dir='ltr'>ἀγάπη</span> <span class='ocrx_word' id='word_1_362' title='bbox 814 4486 918 4540; x_wconf 83' lang='grc' dir='ltr'><strong>τοῦ</strong></span> <span class='ocrx_word' id='word_1_363' title='bbox 949 4485 1116 4549; x_wconf 87' lang='grc' dir='ltr'>Θεοῦ,</span> <span class='ocrx_word' id='word_1_364' title='bbox 1159 4485 1254 4538; x_wconf 76' lang='grc' dir='ltr'><strong>καὶ</strong></span> <span class='ocrx_word' id='word_1_365' title='bbox 1306 4486 1340 4552; x_wconf 74' lang='grc' dir='ltr'>ἡ</span> <span class='ocrx_word' id='word_1_366' title='bbox 1381 4485 1658 4537; x_wconf 80' lang='grc' dir='ltr'>κοινωνία</span> <span class='ocrx_word' id='word_1_367' title='bbox 1695 4483 1800 4538; x_wconf 89' lang='grc' dir='ltr'><strong>τοῦ</strong></span> 
     </span>
    </p>
   </div>
   <div class='ocr_carea' id='block_1_49' title="bbox 1893 647 3457 722">
    <p class='ocr_par' dir='ltr' id='par_1_49' title="bbox 1893 647 3457 722">
     <span class='ocr_line' id='line_1_49' title="bbox 1893 647 3457 722; baseline -0.003 -16"><span class='ocrx_word' id='word_1_368' title='bbox 1893 668 1984 706; x_wconf 81' lang='lat' dir='ltr'><strong>Sus</strong></span> <span class='ocrx_word' id='word_1_369' title='bbox 2005 654 2072 706; x_wconf 83' lang='lat' dir='ltr'><strong>ab</strong></span> <span class='ocrx_word' id='word_1_370' title='bbox 2091 670 2155 706; x_wconf 85' lang='lat' dir='ltr'><strong>eo</strong></span> <span class='ocrx_word' id='word_1_371' title='bbox 2183 671 2277 722; x_wconf 84' lang='lat' dir='ltr'><strong>per</strong></span> <span class='ocrx_word' id='word_1_372' title='bbox 2299 652 2710 706; x_wconf 78' lang='lat' dir='ltr'><strong>insnlllationem</strong></span> <span class='ocrx_word' id='word_1_373' title='bbox 2751 650 2995 702; x_wconf 85' lang='lat' dir='ltr'><strong>restituta</strong></span> <span class='ocrx_word' id='word_1_374' title='bbox 3020 651 3084 703; x_wconf 66' lang='grc' dir='ltr'><strong>δ’.</strong></span> <span class='ocrx_word' id='word_1_375' title='bbox 3116 647 3457 703; x_wconf 84' lang='lat' dir='ltr'><strong>Concurrere</strong></span> 
     </span>
    </p>
   </div>
   <div class='ocr_carea' id='block_1_50' title="bbox 1892 739 3451 812">
    <p class='ocr_par' dir='ltr' id='par_1_50' title="bbox 1892 739 3451 812">
     <span class='ocr_line' id='line_1_50' title="bbox 1892 739 3451 812; baseline -0.001 -17"><span class='ocrx_word' id='word_1_376' title='bbox 1892 744 2035 795; x_wconf 86' lang='lat' dir='ltr'><strong>enim</strong></span> <span class='ocrx_word' id='word_1_377' title='bbox 2072 753 2284 810; x_wconf 77' lang='lat' dir='ltr'><strong>Oportet</strong></span> <span class='ocrx_word' id='word_1_378' title='bbox 2311 759 2410 794; x_wconf 84' lang='lat' dir='ltr'><strong>una</strong></span> <span class='ocrx_word' id='word_1_379' title='bbox 2438 759 2556 798; x_wconf 92' lang='lat' dir='ltr'><strong>cum</strong></span> <span class='ocrx_word' id='word_1_380' title='bbox 2603 741 2830 812; x_wconf 73' lang='lat' dir='ltr'><strong>pristina</strong></span> <span class='ocrx_word' id='word_1_381' title='bbox 2860 739 3096 795; x_wconf 88' lang='lat' dir='ltr'><strong>novitate</strong></span> <span class='ocrx_word' id='word_1_382' title='bbox 3133 750 3451 810; x_wconf 74' lang='lat' dir='ltr'><strong>przesentetu</strong></span> 
     </span>
    </p>
   </div>
   <div class='ocr_carea' id='block_1_51' title="bbox 1892 835 3457 907">
    <p class='ocr_par' dir='ltr' id='par_1_51' title="bbox 1892 835 3457 907">
     <span class='ocr_line' id='line_1_51' title="bbox 1892 835 3457 907; baseline 0.001 -18"><span class='ocrx_word' id='word_1_383' title='bbox 1892 835 2054 906; x_wconf 71' lang='grc'><strong>304</strong></span> <span class='ocrx_word' id='word_1_384' title='bbox 2089 837 2486 890; x_wconf 86' lang='lat' dir='ltr'><strong>innovationem</strong></span> <span class='ocrx_word' id='word_1_385' title='bbox 2539 850 2699 907; x_wconf 87' lang='lat' dir='ltr'><strong>atque</strong></span> <span class='ocrx_word' id='word_1_386' title='bbox 2741 851 3082 889; x_wconf 86' lang='lat' dir='ltr'><strong>concursum.</strong></span> <span class='ocrx_word' id='word_1_387' title='bbox 3143 837 3457 891; x_wconf 76' lang='lat' dir='ltr'><strong>lniormavit</strong></span> 
     </span>
    </p>
   </div>
   <div class='ocr_carea' id='block_1_52' title="bbox 1894 927 3454 999">
    <p class='ocr_par' dir='ltr' id='par_1_52' title="bbox 1894 927 3454 999">
     <span class='ocr_line' id='line_1_52' title="bbox 1894 927 3454 999; baseline -0.001 -16"><span class='ocrx_word' id='word_1_388' title='bbox 1894 930 2056 998; x_wconf 77' lang='lat' dir='ltr'><strong>igitur</strong></span> <span class='ocrx_word' id='word_1_389' title='bbox 2086 939 2363 996; x_wconf 85' lang='lat' dir='ltr'><strong>postquam</strong></span> <span class='ocrx_word' id='word_1_390' title='bbox 2399 927 2681 994; x_wconf 70' lang='lat' dir='ltr'><strong>suillusset,</strong></span> <span class='ocrx_word' id='word_1_391' title='bbox 2717 945 2839 984; x_wconf 89' lang='lat' dir='ltr'><strong>cum</strong></span> <span class='ocrx_word' id='word_1_392' title='bbox 2874 945 2977 982; x_wconf 89' lang='lat' dir='ltr'><strong>non</strong></span> <span class='ocrx_word' id='word_1_393' title='bbox 3021 929 3163 981; x_wconf 86' lang='lat' dir='ltr'><strong>aliud</strong></span> <span class='ocrx_word' id='word_1_394' title='bbox 3195 930 3265 982; x_wconf 91' lang='lat' dir='ltr'><strong>sit</strong></span> <span class='ocrx_word' id='word_1_395' title='bbox 3290 941 3454 999; x_wconf 83' lang='lat' dir='ltr'><strong>atque</strong></span> 
     </span>
    </p>
   </div>
   <div class='ocr_carea' id='block_1_53' title="bbox 1895 1024 3454 1094">
    <p class='ocr_par' dir='ltr' id='par_1_53' title="bbox 1895 1024 3454 1094">
     <span class='ocr_line' id='line_1_53' title="bbox 1895 1024 3454 1094; baseline 0 -17"><span class='ocrx_word' id='word_1_396' title='bbox 1895 1024 1962 1086; x_wconf 85' lang='lat' dir='ltr'><strong>is,</strong></span> <span class='ocrx_word' id='word_1_397' title='bbox 1997 1026 2086 1094; x_wconf 86' lang='lat' dir='ltr'><strong>qui</strong></span> <span class='ocrx_word' id='word_1_398' title='bbox 2132 1040 2159 1076; x_wconf 86' lang='lat' dir='ltr'><strong>a</strong></span> <span class='ocrx_word' id='word_1_399' title='bbox 2197 1025 2460 1091; x_wconf 87' lang='lat' dir='ltr'><strong>principio</strong></span> <span class='ocrx_word' id='word_1_400' title='bbox 2495 1024 2809 1090; x_wconf 74' lang='lat' dir='ltr'><strong>insnmavit,</strong></span> <span class='ocrx_word' id='word_1_401' title='bbox 2839 1027 2932 1080; x_wconf 90' lang='lat' dir='ltr'><strong>sed</strong></span> <span class='ocrx_word' id='word_1_402' title='bbox 2984 1025 3117 1093; x_wconf 90' lang='lat' dir='ltr'><strong>ipse,</strong></span> <span class='ocrx_word' id='word_1_403' title='bbox 3156 1039 3250 1092; x_wconf 90' lang='lat' dir='ltr'><strong>per</strong></span> <span class='ocrx_word' id='word_1_404' title='bbox 3295 1039 3454 1092; x_wconf 79' lang='lat' dir='ltr'><strong>quem</strong></span> 
     </span>
    </p>
   </div>
   <div class='ocr_carea' id='block_1_54' title="bbox 1894 1115 3455 1185">
    <p class='ocr_par' dir='ltr' id='par_1_54' title="bbox 1894 1115 3455 1185">
     <span class='ocr_line' id='line_1_54' title="bbox 1894 1115 3455 1185; baseline 0 -16"><span class='ocrx_word' id='word_1_405' title='bbox 1894 1117 2036 1171; x_wconf 83' lang='lat' dir='ltr'><strong>Deus</strong></span> <span class='ocrx_word' id='word_1_406' title='bbox 2057 1116 2200 1170; x_wconf 88' lang='lat' dir='ltr'><strong>dedit</strong></span> <span class='ocrx_word' id='word_1_407' title='bbox 2231 1115 2670 1178; x_wconf 83' lang='lat' dir='ltr'><strong>insuﬂlationem,</strong></span> <span class='ocrx_word' id='word_1_408' title='bbox 2706 1127 2827 1170; x_wconf 92' lang='lat' dir='ltr'><strong>tunc</strong></span> <span class='ocrx_word' id='word_1_409' title='bbox 2853 1121 3066 1185; x_wconf 80' lang='lat' dir='ltr'>quidem</span> <span class='ocrx_word' id='word_1_410' title='bbox 3102 1132 3223 1171; x_wconf 91' lang='lat' dir='ltr'><strong>cum</strong></span> <span class='ocrx_word' id='word_1_411' title='bbox 3256 1116 3455 1177; x_wconf 89' lang='lat' dir='ltr'><strong>anima,</strong></span> 
     </span>
    </p>
   </div>
   <div class='ocr_carea' id='block_1_55' title="bbox 1897 1209 3454 1274">
    <p class='ocr_par' dir='ltr' id='par_1_55' title="bbox 1897 1209 3454 1274">
     <span class='ocr_line' id='line_1_55' title="bbox 1897 1209 3454 1274; baseline -0.002 -13"><span class='ocrx_word' id='word_1_412' title='bbox 1897 1225 2039 1264; x_wconf 91' lang='lat' dir='ltr'><strong>nunc</strong></span> <span class='ocrx_word' id='word_1_413' title='bbox 2065 1227 2193 1265; x_wconf 85' lang='lat' dir='ltr'><strong>vero</strong></span> <span class='ocrx_word' id='word_1_414' title='bbox 2223 1211 2289 1263; x_wconf 89' lang='lat' dir='ltr'><strong>ad</strong></span> <span class='ocrx_word' id='word_1_415' title='bbox 2323 1211 2579 1265; x_wconf 87' lang='lat' dir='ltr'><strong>animam.</strong></span> <span class='ocrx_word' id='word_1_416' title='bbox 2599 1209 2686 1262; x_wconf 86' lang='lat' dir='ltr'><strong>Sic</strong></span> <span class='ocrx_word' id='word_1_417' title='bbox 2709 1218 2857 1261; x_wconf 84' lang='lat' dir='ltr'><strong>crcat</strong></span> <span class='ocrx_word' id='word_1_418' title='bbox 2877 1209 3040 1274; x_wconf 55' lang='lat' dir='ltr'><strong>Deus,</strong></span> <span class='ocrx_word' id='word_1_419' title='bbox 3072 1227 3175 1265; x_wconf 94' lang='lat' dir='ltr'><strong>non</strong></span> <span class='ocrx_word' id='word_1_420' title='bbox 3201 1224 3454 1262; x_wconf 89' lang='lat' dir='ltr'><strong>manuum</strong></span> 
     </span>
    </p>
   </div>
   <div class='ocr_carea' id='block_1_56' title="bbox 1898 1298 3456 1367">
    <p class='ocr_par' dir='ltr' id='par_1_56' title="bbox 1898 1298 3456 1367">
     <span class='ocr_line' id='line_1_56' title="bbox 1898 1298 3456 1367; baseline 0.001 -17"><span class='ocrx_word' id='word_1_421' title='bbox 1898 1301 2254 1367; x_wconf 82' lang='lat' dir='ltr'><strong>corporalium</strong></span> <span class='ocrx_word' id='word_1_422' title='bbox 2307 1311 2476 1359; x_wconf 86' lang='lat' dir='ltr'><strong>motu,</strong></span> <span class='ocrx_word' id='word_1_423' title='bbox 2533 1299 2624 1352; x_wconf 88' lang='lat' dir='ltr'><strong>sed</strong></span> <span class='ocrx_word' id='word_1_424' title='bbox 2659 1299 2762 1349; x_wconf 80' lang='lat' dir='ltr'><strong>vivi</strong></span> <span class='ocrx_word' id='word_1_425' title='bbox 2807 1298 2962 1352; x_wconf 82' lang='lat' dir='ltr'><strong>Verbi</strong></span> <span class='ocrx_word' id='word_1_426' title='bbox 3011 1303 3342 1366; x_wconf 72' lang='lat' dir='ltr'><strong>Operatione,</strong></span> <span class='ocrx_word' id='word_1_427' title='bbox 3392 1312 3456 1352; x_wconf 82' lang='lat' dir='ltr'><strong>ac</strong></span> 
     </span>
    </p>
   </div>
   <div class='ocr_carea' id='block_1_57' title="bbox 1898 1389 3459 1459">
    <p class='ocr_par' dir='ltr' id='par_1_57' title="bbox 1898 1389 3459 1459">
     <span class='ocr_line' id='line_1_57' title="bbox 1898 1389 3459 1459; baseline 0.004 -17"><span class='ocrx_word' id='word_1_428' title='bbox 1898 1389 2092 1444; x_wconf 76' lang='lat' dir='ltr'><strong>vivifici</strong></span> <span class='ocrx_word' id='word_1_429' title='bbox 2125 1392 2356 1458; x_wconf 80' lang='lat' dir='ltr'><strong>Spiritus</strong></span> <span class='ocrx_word' id='word_1_430' title='bbox 2391 1392 2898 1444; x_wconf 89' lang='lat' dir='ltr'><strong>communicatione.</strong></span> <span class='ocrx_word' id='word_1_431' title='bbox 2929 1392 3112 1459; x_wconf 77' lang='lat' dir='ltr'><strong>Itaque</strong></span> <span class='ocrx_word' id='word_1_432' title='bbox 3136 1394 3178 1444; x_wconf 92' lang='lat' dir='ltr'><strong>si</strong></span> <span class='ocrx_word' id='word_1_433' title='bbox 3201 1395 3360 1448; x_wconf 89' lang='lat' dir='ltr'><strong>etiam</strong></span> <span class='ocrx_word' id='word_1_434' title='bbox 3388 1394 3459 1448; x_wconf 88' lang='lat' dir='ltr'><strong>ab</strong></span> 
     </span>
    </p>
   </div>
   <div class='ocr_carea' id='block_1_58' title="bbox 1901 1481 3460 1552">
    <p class='ocr_par' dir='ltr' id='par_1_58' title="bbox 1901 1481 3460 1552">
     <span class='ocr_line' id='line_1_58' title="bbox 1901 1481 3460 1552; baseline 0.004 -19"><span class='ocrx_word' id='word_1_435' title='bbox 1901 1481 2052 1535; x_wconf 92' lang='lat' dir='ltr'><strong>initio</strong></span> <span class='ocrx_word' id='word_1_436' title='bbox 2080 1483 2131 1535; x_wconf 93' lang='lat' dir='ltr'><strong>in</strong></span> <span class='ocrx_word' id='word_1_437' title='bbox 2169 1483 2371 1552; x_wconf 86' lang='lat' dir='ltr'><strong>Spiritu</strong></span> <span class='ocrx_word' id='word_1_438' title='bbox 2409 1484 2547 1537; x_wconf 84' lang='lat' dir='ltr'><strong>iacta</strong></span> <span class='ocrx_word' id='word_1_439' title='bbox 2574 1494 2700 1538; x_wconf 87' lang='lat' dir='ltr'><strong>sunt</strong></span> <span class='ocrx_word' id='word_1_440' title='bbox 2737 1486 2941 1551; x_wconf 90' lang='lat' dir='ltr'><strong>omnia,</strong></span> <span class='ocrx_word' id='word_1_441' title='bbox 2990 1495 3043 1538; x_wconf 89' lang='lat' dir='ltr'><strong>et</strong></span> <span class='ocrx_word' id='word_1_442' title='bbox 3083 1500 3267 1539; x_wconf 86' lang='lat' dir='ltr'><strong>rursus</strong></span> <span class='ocrx_word' id='word_1_443' title='bbox 3303 1501 3460 1540; x_wconf 89' lang='lat' dir='ltr'><strong>reno-</strong></span> 
     </span>
    </p>
   </div>
   <div class='ocr_carea' id='block_1_59' title="bbox 1900 1575 3457 1648">
    <p class='ocr_par' dir='ltr' id='par_1_59' title="bbox 1900 1575 3457 1648">
     <span class='ocr_line' id='line_1_59' title="bbox 1900 1575 3457 1648; baseline 0.003 -22"><span class='ocrx_word' id='word_1_444' title='bbox 1900 1587 2091 1628; x_wconf 81' lang='lat' dir='ltr'><strong>vantur</strong></span> <span class='ocrx_word' id='word_1_445' title='bbox 2117 1577 2169 1628; x_wconf 93' lang='lat' dir='ltr'><strong>in</strong></span> <span class='ocrx_word' id='word_1_446' title='bbox 2191 1575 2390 1644; x_wconf 88' lang='lat' dir='ltr'><strong>Spiritu</strong></span> <span class='ocrx_word' id='word_1_447' title='bbox 2428 1597 2440 1632; x_wconf 90' lang='lat'><strong>:</strong></span> <span class='ocrx_word' id='word_1_448' title='bbox 2476 1594 2578 1630; x_wconf 89' lang='lat' dir='ltr'><strong>una</strong></span> <span class='ocrx_word' id='word_1_449' title='bbox 2607 1589 2660 1631; x_wconf 89' lang='lat' dir='ltr'><strong>et</strong></span> <span class='ocrx_word' id='word_1_450' title='bbox 2688 1579 2873 1634; x_wconf 89' lang='lat' dir='ltr'><strong>eadem</strong></span> <span class='ocrx_word' id='word_1_451' title='bbox 2899 1580 3054 1648; x_wconf 82' lang='lat' dir='ltr'><strong>plane</strong></span> <span class='ocrx_word' id='word_1_452' title='bbox 3083 1579 3326 1647; x_wconf 78' lang='lat' dir='ltr'><strong>operatio</strong></span> <span class='ocrx_word' id='word_1_453' title='bbox 3363 1579 3457 1632; x_wconf 88' lang='lat' dir='ltr'><strong>Dei</strong></span> 
     </span>
    </p>
   </div>
   <div class='ocr_carea' id='block_1_60' title="bbox 1899 1664 3460 1736">
    <p class='ocr_par' dir='ltr' id='par_1_60' title="bbox 1899 1664 3460 1736">
     <span class='ocr_line' id='line_1_60' title="bbox 1899 1664 3460 1736; baseline -0.001 -19"><span class='ocrx_word' id='word_1_454' title='bbox 1899 1679 1994 1732; x_wconf 87' lang='lat' dir='ltr'><strong>per</strong></span> <span class='ocrx_word' id='word_1_455' title='bbox 2016 1664 2206 1717; x_wconf 80' lang='lat' dir='ltr'><strong>Filium</strong></span> <span class='ocrx_word' id='word_1_456' title='bbox 2247 1668 2297 1718; x_wconf 92' lang='lat' dir='ltr'><strong>in</strong></span> <span class='ocrx_word' id='word_1_457' title='bbox 2325 1668 2524 1736; x_wconf 88' lang='lat' dir='ltr'><strong>Spiritu</strong></span> <span class='ocrx_word' id='word_1_458' title='bbox 2550 1679 2771 1736; x_wconf 72' lang='lat' dir='ltr'><strong>apparet</strong></span> <span class='ocrx_word' id='word_1_459' title='bbox 2796 1686 2809 1733; x_wconf 92' lang='lat'><strong>;</strong></span> <span class='ocrx_word' id='word_1_460' title='bbox 2853 1683 2949 1723; x_wconf 89' lang='lat' dir='ltr'><strong>nec</strong></span> <span class='ocrx_word' id='word_1_461' title='bbox 2977 1669 3216 1721; x_wconf 87' lang='lat' dir='ltr'><strong>Trinitas</strong></span> <span class='ocrx_word' id='word_1_462' title='bbox 3238 1682 3460 1735; x_wconf 76' lang='lat' dir='ltr'><strong>separa—</strong></span> 
     </span>
    </p>
   </div>
   <div class='ocr_carea' id='block_1_61' title="bbox 1900 1756 3469 1826">
    <p class='ocr_par' dir='ltr' id='par_1_61' title="bbox 1900 1756 3469 1826">
     <span class='ocr_line' id='line_1_61' title="bbox 1900 1756 3469 1826; baseline 0.003 -18"><span class='ocrx_word' id='word_1_463' title='bbox 1900 1756 2096 1810; x_wconf 91' lang='lat' dir='ltr'><strong>tionem</strong></span> <span class='ocrx_word' id='word_1_464' title='bbox 2133 1757 2378 1826; x_wconf 84' lang='lat' dir='ltr'><strong>suscipit,</strong></span> <span class='ocrx_word' id='word_1_465' title='bbox 2413 1761 2504 1812; x_wconf 87' lang='lat' dir='ltr'><strong>sed</strong></span> <span class='ocrx_word' id='word_1_466' title='bbox 2534 1758 2826 1814; x_wconf 87' lang='lat' dir='ltr'><strong>secundum</strong></span> <span class='ocrx_word' id='word_1_467' title='bbox 2867 1776 3046 1814; x_wconf 76' lang='lat' dir='ltr'><strong>verum</strong></span> <span class='ocrx_word' id='word_1_468' title='bbox 3093 1758 3238 1813; x_wconf 81' lang='lat' dir='ltr'><strong>Pauli</strong></span> <span class='ocrx_word' id='word_1_469' title='bbox 3273 1759 3469 1812; x_wconf 65' lang='lat' dir='ltr'><strong>docti-ia</strong></span> 
     </span>
    </p>
   </div>
   <div class='ocr_carea' id='block_1_62' title="bbox 1903 1846 3463 1919">
    <p class='ocr_par' dir='ltr' id='par_1_62' title="bbox 1903 1846 3463 1919">
     <span class='ocr_line' id='line_1_62' title="bbox 1903 1846 3463 1919; baseline 0.001 -20"><span class='ocrx_word' id='word_1_470' title='bbox 1903 1862 2046 1912; x_wconf 90' lang='lat' dir='ltr'><strong>nam,</strong></span> <span class='ocrx_word' id='word_1_471' title='bbox 2093 1846 2384 1903; x_wconf 78' lang='lat' dir='ltr'><strong>Dirisiones</strong></span> <span class='ocrx_word' id='word_1_472' title='bbox 2433 1849 2687 1903; x_wconf 81' lang='lat' dir='ltr'><strong>donorum</strong></span> <span class='ocrx_word' id='word_1_473' title='bbox 2734 1862 2884 1916; x_wconf 82' lang='lat' dir='ltr'><strong>sunt,</strong></span> <span class='ocrx_word' id='word_1_474' title='bbox 2919 1855 3050 1905; x_wconf 81' lang='lat' dir='ltr'><strong>idem</strong></span> <span class='ocrx_word' id='word_1_475' title='bbox 3078 1863 3248 1904; x_wconf 86' lang='lat' dir='ltr'><strong>autent</strong></span> <span class='ocrx_word' id='word_1_476' title='bbox 3287 1850 3463 1919; x_wconf 85' lang='lat' dir='ltr'><strong>Spiri-</strong></span> 
     </span>
    </p>
   </div>
   <div class='ocr_carea' id='block_1_63' title="bbox 1901 1941 3468 2006">
    <p class='ocr_par' dir='ltr' id='par_1_63' title="bbox 1901 1941 3468 2006">
     <span class='ocr_line' id='line_1_63' title="bbox 1901 1941 3468 2006; baseline 0.003 -15"><span class='ocrx_word' id='word_1_477' title='bbox 1901 1949 2025 2003; x_wconf 88' lang='lat' dir='ltr'><strong>tus;</strong></span> <span class='ocrx_word' id='word_1_478' title='bbox 2076 1949 2122 1992; x_wconf 86' lang='lat' dir='ltr'><strong>et</strong></span> <span class='ocrx_word' id='word_1_479' title='bbox 2169 1941 2449 1994; x_wconf 80' lang='lat' dir='ltr'><strong>divisiones</strong></span> <span class='ocrx_word' id='word_1_480' title='bbox 2479 1943 2892 1994; x_wconf 73' lang='lat' dir='ltr'><strong>ministeriorum</strong></span> <span class='ocrx_word' id='word_1_481' title='bbox 2915 1955 3055 2006; x_wconf 88' lang='lat' dir='ltr'><strong>sunt,</strong></span> <span class='ocrx_word' id='word_1_482' title='bbox 3087 1952 3135 1995; x_wconf 84' lang='lat' dir='ltr'><strong>et</strong></span> <span class='ocrx_word' id='word_1_483' title='bbox 3171 1942 3306 1995; x_wconf 85' lang='lat' dir='ltr'><strong>idem</strong></span> <span class='ocrx_word' id='word_1_484' title='bbox 3357 1943 3468 1996; x_wconf 88' lang='lat' dir='ltr'><strong>Do-</strong></span> 
     </span>
    </p>
   </div>
   <div class='ocr_carea' id='block_1_64' title="bbox 1905 2032 3466 2102">
    <p class='ocr_par' dir='ltr' id='par_1_64' title="bbox 1905 2032 3466 2102">
     <span class='ocr_line' id='line_1_64' title="bbox 1905 2032 3466 2102; baseline 0.005 -19"><span class='ocrx_word' id='word_1_485' title='bbox 1905 2032 2106 2096; x_wconf 87' lang='lat' dir='ltr'><strong>minus;</strong></span> <span class='ocrx_word' id='word_1_486' title='bbox 2143 2039 2192 2085; x_wconf 78' lang='lat' dir='ltr'><strong>et</strong></span> <span class='ocrx_word' id='word_1_487' title='bbox 2241 2034 2520 2087; x_wconf 73' lang='lat' dir='ltr'><strong>divisiones</strong></span> <span class='ocrx_word' id='word_1_488' title='bbox 2571 2036 2930 2101; x_wconf 58' lang='lat' dir='ltr'><strong>alterationum</strong></span> <span class='ocrx_word' id='word_1_489' title='bbox 2983 2047 3126 2102; x_wconf 84' lang='lat' dir='ltr'><strong>sunt,</strong></span> <span class='ocrx_word' id='word_1_490' title='bbox 3177 2038 3312 2090; x_wconf 86' lang='lat' dir='ltr'><strong>idem</strong></span> <span class='ocrx_word' id='word_1_491' title='bbox 3345 2053 3466 2091; x_wconf 70' lang='lat' dir='ltr'><strong>vero</strong></span> 
     </span>
    </p>
   </div>
   <div class='ocr_carea' id='block_1_65' title="bbox 1904 2125 3462 2198">
    <p class='ocr_par' dir='ltr' id='par_1_65' title="bbox 1904 2125 3462 2198">
     <span class='ocr_line' id='line_1_65' title="bbox 1904 2125 3462 2198; baseline 0.003 -20"><span class='ocrx_word' id='word_1_492' title='bbox 1904 2125 2063 2187; x_wconf 81' lang='lat' dir='ltr'><strong>Deus,</strong></span> <span class='ocrx_word' id='word_1_493' title='bbox 2088 2127 2175 2194; x_wconf 86' lang='lat' dir='ltr'><strong>qui</strong></span> <span class='ocrx_word' id='word_1_494' title='bbox 2206 2137 2454 2194; x_wconf 82' lang='lat' dir='ltr'><strong>operatur</strong></span> <span class='ocrx_word' id='word_1_495' title='bbox 2481 2126 2657 2180; x_wconf 90' lang='lat' dir='ltr'><strong>omnia</strong></span> <span class='ocrx_word' id='word_1_496' title='bbox 2676 2128 2728 2179; x_wconf 89' lang='lat' dir='ltr'><strong>in</strong></span> <span class='ocrx_word' id='word_1_497' title='bbox 2757 2127 2994 2179; x_wconf 86' lang='lat' dir='ltr'><strong>omnibus</strong></span> <span class='ocrx_word' id='word_1_498' title='bbox 3027 2129 3089 2182; x_wconf 73' lang='lat'><strong>&quot;.</strong></span> <span class='ocrx_word' id='word_1_499' title='bbox 3115 2132 3290 2198; x_wconf 81' lang='lat' dir='ltr'><strong>Atque</strong></span> <span class='ocrx_word' id='word_1_500' title='bbox 3314 2142 3462 2198; x_wconf 87' lang='lat' dir='ltr'><strong>post-</strong></span> 
     </span>
    </p>
   </div>
   <div class='ocr_carea' id='block_1_66' title="bbox 1902 2220 3465 2290">
    <p class='ocr_par' dir='ltr' id='par_1_66' title="bbox 1902 2220 3465 2290">
     <span class='ocr_line' id='line_1_66' title="bbox 1902 2220 3465 2290; baseline 0.002 -18"><span class='ocrx_word' id='word_1_501' title='bbox 1902 2232 2129 2286; x_wconf 87' lang='lat' dir='ltr'><strong>eaquam</strong></span> <span class='ocrx_word' id='word_1_502' title='bbox 2157 2232 2341 2272; x_wconf 89' lang='lat' dir='ltr'><strong>omnes</strong></span> <span class='ocrx_word' id='word_1_503' title='bbox 2360 2220 2566 2273; x_wconf 81' lang='lat' dir='ltr'><strong>divinas</strong></span> <span class='ocrx_word' id='word_1_504' title='bbox 2581 2221 2921 2290; x_wconf 85' lang='lat' dir='ltr'><strong>operationes</strong></span> <span class='ocrx_word' id='word_1_505' title='bbox 2946 2225 3245 2277; x_wconf 87' lang='lat' dir='ltr'><strong>recensuit:</strong></span> <span class='ocrx_word' id='word_1_506' title='bbox 3270 2223 3465 2276; x_wconf 82' lang='lat' dir='ltr'><strong>Omnia</strong></span> 
     </span>
    </p>
   </div>
   <div class='ocr_carea' id='block_1_67' title="bbox 1904 2310 3462 2385">
    <p class='ocr_par' dir='ltr' id='par_1_67' title="bbox 1904 2310 3462 2385">
     <span class='ocr_line' id='line_1_67' title="bbox 1904 2310 3462 2385; baseline 0.004 -22"><span class='ocrx_word' id='word_1_507' title='bbox 1904 2321 2076 2363; x_wconf 90' lang='lat' dir='ltr'><strong>autem</strong></span> <span class='ocrx_word' id='word_1_508' title='bbox 2107 2310 2238 2374; x_wconf 65' lang='lat' dir='ltr'><strong>hinc,</strong></span> <span class='ocrx_word' id='word_1_509' title='bbox 2270 2311 2462 2378; x_wconf 88' lang='lat' dir='ltr'><strong>inquit,</strong></span> <span class='ocrx_word' id='word_1_510' title='bbox 2505 2325 2752 2376; x_wconf 84' lang='lat' dir='ltr'><strong>operatur</strong></span> <span class='ocrx_word' id='word_1_511' title='bbox 2775 2331 2908 2366; x_wconf 87' lang='lat' dir='ltr'><strong>unus</strong></span> <span class='ocrx_word' id='word_1_512' title='bbox 2933 2325 2979 2366; x_wconf 85' lang='lat' dir='ltr'><strong>et</strong></span> <span class='ocrx_word' id='word_1_513' title='bbox 3038 2315 3174 2367; x_wconf 83' lang='lat' dir='ltr'><strong>idem</strong></span> <span class='ocrx_word' id='word_1_514' title='bbox 3207 2315 3462 2385; x_wconf 84' lang='lat' dir='ltr'><strong>Spiritus,</strong></span> 
     </span>
    </p>
   </div>
   <div class='ocr_carea' id='block_1_68' title="bbox 1903 2401 3143 2474">
    <p class='ocr_par' dir='ltr' id='par_1_68' title="bbox 1903 2401 3143 2474">
     <span class='ocr_line' id='line_1_68' title="bbox 1903 2401 3143 2474; baseline 0.006 -20"><span class='ocrx_word' id='word_1_515' title='bbox 1903 2401 2138 2456; x_wconf 78' lang='lat' dir='ltr'><strong>dividens</strong></span> <span class='ocrx_word' id='word_1_516' title='bbox 2161 2401 2406 2470; x_wconf 83' lang='lat' dir='ltr'><strong>privatim</strong></span> <span class='ocrx_word' id='word_1_517' title='bbox 2442 2403 2720 2474; x_wconf 84' lang='lat' dir='ltr'><strong>unicuique</strong></span> <span class='ocrx_word' id='word_1_518' title='bbox 2761 2407 2917 2458; x_wconf 78' lang='lat' dir='ltr'><strong>sicuti</strong></span> <span class='ocrx_word' id='word_1_519' title='bbox 2953 2413 3053 2460; x_wconf 70' lang='lat' dir='ltr'><strong>ruit</strong></span> <span class='ocrx_word' id='word_1_520' title='bbox 3079 2407 3143 2462; x_wconf 75' lang='lat'><strong>“.</strong></span> 
     </span>
    </p>
   </div>
   <div class='ocr_carea' id='block_1_69' title="bbox 1910 2661 3468 2732">
    <p class='ocr_par' dir='ltr' id='par_1_69' title="bbox 1910 2661 3468 2732">
     <span class='ocr_line' id='line_1_69' title="bbox 1910 2661 3468 2732; baseline 0.009 -20"><span class='ocrx_word' id='word_1_521' title='bbox 1910 2661 2060 2726; x_wconf 83' lang='lat' dir='ltr'><strong>Quod</strong></span> <span class='ocrx_word' id='word_1_522' title='bbox 2089 2661 2340 2728; x_wconf 76' lang='lat' dir='ltr'><strong>Spiritus,</strong></span> <span class='ocrx_word' id='word_1_523' title='bbox 2359 2681 2473 2715; x_wconf 84' lang='lat' dir='ltr'><strong>cum</strong></span> <span class='ocrx_word' id='word_1_524' title='bbox 2498 2665 3048 2732; x_wconf 83' lang='lat' dir='ltr'><strong>conglori/ireturcnm</strong></span> <span class='ocrx_word' id='word_1_525' title='bbox 3078 2669 3204 2731; x_wconf 77' lang='lat' dir='ltr'><strong>Deo,</strong></span> <span class='ocrx_word' id='word_1_526' title='bbox 3226 2674 3468 2725; x_wconf 80' lang='lat' dir='ltr'><strong>ostenda-</strong></span> 
     </span>
    </p>
   </div>
   <div class='ocr_carea' id='block_1_70' title="bbox 2064 2737 3292 2799">
    <p class='ocr_par' dir='ltr' id='par_1_70' title="bbox 2064 2737 3292 2799">
     <span class='ocr_line' id='line_1_70' title="bbox 2064 2737 3292 2799; baseline 0.011 -17"><span class='ocrx_word' id='word_1_527' title='bbox 2064 2743 2151 2784; x_wconf 87' lang='lat' dir='ltr'><strong>tur</strong></span> <span class='ocrx_word' id='word_1_528' title='bbox 2173 2749 2274 2785; x_wconf 90' lang='lat' dir='ltr'><strong>non</strong></span> <span class='ocrx_word' id='word_1_529' title='bbox 2305 2750 2414 2787; x_wconf 85' lang='lat' dir='ltr'><strong>esse</strong></span> <span class='ocrx_word' id='word_1_530' title='bbox 2437 2745 2698 2799; x_wconf 86' lang='lat' dir='ltr'><strong>creatura,</strong></span> <span class='ocrx_word' id='word_1_531' title='bbox 2731 2737 2819 2790; x_wconf 81' lang='lat' dir='ltr'><strong>sed</strong></span> <span class='ocrx_word' id='word_1_532' title='bbox 2851 2739 3041 2791; x_wconf 74' lang='lat' dir='ltr'><strong>divinir</strong></span> <span class='ocrx_word' id='word_1_533' title='bbox 3066 2752 3292 2796; x_wconf 66' lang='lat' dir='ltr'><strong>natura.</strong></span> 
     </span>
    </p>
   </div>
   <div class='ocr_carea' id='block_1_71' title="bbox 1977 2823 3466 2896">
    <p class='ocr_par' dir='ltr' id='par_1_71' title="bbox 1977 2823 3466 2896">
     <span class='ocr_line' id='line_1_71' title="bbox 1977 2823 3466 2896; baseline 0.009 -18"><span class='ocrx_word' id='word_1_534' title='bbox 1977 2823 2092 2880; x_wconf 82' lang='lat' dir='ltr'><strong>Non</strong></span> <span class='ocrx_word' id='word_1_535' title='bbox 2135 2826 2319 2896; x_wconf 86' lang='lat' dir='ltr'><strong>utique</strong></span> <span class='ocrx_word' id='word_1_536' title='bbox 2359 2835 2681 2895; x_wconf 78' lang='lat' dir='ltr'><strong>pmestatem</strong></span> <span class='ocrx_word' id='word_1_537' title='bbox 2731 2829 2890 2884; x_wconf 74' lang='lat' dir='ltr'><strong>liabet</strong></span> <span class='ocrx_word' id='word_1_538' title='bbox 2949 2831 3000 2884; x_wconf 92' lang='lat' dir='ltr'><strong>in</strong></span> <span class='ocrx_word' id='word_1_539' title='bbox 3055 2831 3142 2886; x_wconf 90' lang='lat' dir='ltr'><strong>Dei</strong></span> <span class='ocrx_word' id='word_1_540' title='bbox 3184 2844 3466 2891; x_wconf 85' lang='lat' dir='ltr'><strong>creaturas</strong></span> 
     </span>
    </p>
   </div>
   <div class='ocr_carea' id='block_1_72' title="bbox 1905 2920 3468 2990">
    <p class='ocr_par' dir='ltr' id='par_1_72' title="bbox 1905 2920 3468 2990">
     <span class='ocr_line' id='line_1_72' title="bbox 1905 2920 3468 2990; baseline 0.005 -15"><span class='ocrx_word' id='word_1_541' title='bbox 1905 2932 2176 2984; x_wconf 84' lang='lat' dir='ltr'><strong>creatura,</strong></span> <span class='ocrx_word' id='word_1_542' title='bbox 2219 2935 2391 2989; x_wconf 86' lang='lat' dir='ltr'><strong>neque</strong></span> <span class='ocrx_word' id='word_1_543' title='bbox 2439 2920 2586 2975; x_wconf 88' lang='lat' dir='ltr'><strong>circa</strong></span> <span class='ocrx_word' id='word_1_544' title='bbox 2639 2937 2729 2976; x_wconf 87' lang='lat' dir='ltr'><strong>cas</strong></span> <span class='ocrx_word' id='word_1_545' title='bbox 2767 2935 3064 2990; x_wconf 77' lang='lat' dir='ltr'><strong>oneratur:</strong></span> <span class='ocrx_word' id='word_1_546' title='bbox 3117 2927 3209 2982; x_wconf 88' lang='lat' dir='ltr'><strong>sed</strong></span> <span class='ocrx_word' id='word_1_547' title='bbox 3247 2928 3349 2980; x_wconf 85' lang='lat' dir='ltr'><strong>alia</strong></span> <span class='ocrx_word' id='word_1_548' title='bbox 3386 2941 3468 2983; x_wconf 86' lang='lat' dir='ltr'><strong>est</strong></span> 
     </span>
    </p>
   </div>
   <div class='ocr_carea' id='block_1_73' title="bbox 1905 3011 3467 3081">
    <p class='ocr_par' dir='ltr' id='par_1_73' title="bbox 1905 3011 3467 3081">
     <span class='ocr_line' id='line_1_73' title="bbox 1905 3011 3467 3081; baseline 0.002 -15"><span class='ocrx_word' id='word_1_549' title='bbox 1905 3012 2195 3076; x_wconf 84' lang='lat' dir='ltr'><strong>Creatoris,</strong></span> <span class='ocrx_word' id='word_1_550' title='bbox 2228 3011 2329 3064; x_wconf 88' lang='lat' dir='ltr'><strong>alia</strong></span> <span class='ocrx_word' id='word_1_551' title='bbox 2362 3020 2727 3065; x_wconf 87' lang='lat' dir='ltr'><strong>creaturarum</strong></span> <span class='ocrx_word' id='word_1_552' title='bbox 2757 3014 2915 3065; x_wconf 88' lang='lat' dir='ltr'><strong>actio.</strong></span> <span class='ocrx_word' id='word_1_553' title='bbox 2949 3014 3130 3081; x_wconf 66' lang='grc' dir='ltr'>Ληρείί</span> <span class='ocrx_word' id='word_1_554' title='bbox 3154 3017 3321 3069; x_wconf 86' lang='lat' dir='ltr'><strong>vident</strong></span> <span class='ocrx_word' id='word_1_555' title='bbox 3355 3015 3467 3069; x_wconf 81' lang='lat' dir='ltr'><strong>Pa-</strong></span> 
     </span>
    </p>
   </div>
   <div class='ocr_carea' id='block_1_74' title="bbox 1907 3104 3468 3174">
    <p class='ocr_par' dir='ltr' id='par_1_74' title="bbox 1907 3104 3468 3174">
     <span class='ocr_line' id='line_1_74' title="bbox 1907 3104 3468 3174; baseline 0.004 -17"><span class='ocrx_word' id='word_1_556' title='bbox 1907 3106 1998 3157; x_wconf 76' lang='lat' dir='ltr'><strong>tris</strong></span> <span class='ocrx_word' id='word_1_557' title='bbox 2036 3108 2122 3174; x_wconf 89' lang='lat' dir='ltr'><strong>qui</strong></span> <span class='ocrx_word' id='word_1_558' title='bbox 2154 3106 2206 3156; x_wconf 92' lang='lat' dir='ltr'><strong>in</strong></span> <span class='ocrx_word' id='word_1_559' title='bbox 2242 3105 2379 3158; x_wconf 78' lang='lat' dir='ltr'><strong>caelis</strong></span> <span class='ocrx_word' id='word_1_560' title='bbox 2419 3113 2494 3156; x_wconf 80' lang='lat' dir='ltr'><strong>est</strong></span> <span class='ocrx_word' id='word_1_561' title='bbox 2545 3104 2732 3171; x_wconf 83' lang='lat' dir='ltr'><strong>faciem</strong></span> <span class='ocrx_word' id='word_1_562' title='bbox 2760 3105 2825 3169; x_wconf 77' lang='grc'><strong>⁸⁸,</strong></span> <span class='ocrx_word' id='word_1_563' title='bbox 2896 3109 3345 3173; x_wconf 82' lang='lat' dir='ltr'><strong>quemadmodum</strong></span> <span class='ocrx_word' id='word_1_564' title='bbox 3392 3113 3468 3164; x_wconf 88' lang='lat' dir='ltr'><strong>ait</strong></span> 
     </span>
    </p>
   </div>
   <div class='ocr_carea' id='block_1_75' title="bbox 1908 3196 3467 3266">
    <p class='ocr_par' dir='ltr' id='par_1_75' title="bbox 1908 3196 3467 3266">
     <span class='ocr_line' id='line_1_75' title="bbox 1908 3196 3467 3266; baseline 0.003 -14"><span class='ocrx_word' id='word_1_565' title='bbox 1908 3197 2175 3264; x_wconf 85' lang='lat' dir='ltr'><strong>Salvator,</strong></span> <span class='ocrx_word' id='word_1_566' title='bbox 2201 3207 2253 3251; x_wconf 86' lang='lat' dir='ltr'><strong>et</strong></span> <span class='ocrx_word' id='word_1_567' title='bbox 2277 3198 2388 3250; x_wconf 62' lang='lat' dir='ltr'><strong>lucc</strong></span> <span class='ocrx_word' id='word_1_568' title='bbox 2422 3196 2654 3266; x_wconf 89' lang='lat' dir='ltr'><strong>ipsorum</strong></span> <span class='ocrx_word' id='word_1_569' title='bbox 2686 3214 2873 3264; x_wconf 77' lang='lat' dir='ltr'><strong>magna</strong></span> <span class='ocrx_word' id='word_1_570' title='bbox 2906 3198 3070 3265; x_wconf 74' lang='lat' dir='ltr'><strong>gloria</strong></span> <span class='ocrx_word' id='word_1_571' title='bbox 3103 3215 3165 3253; x_wconf 92' lang='lat' dir='ltr'><strong>ac</strong></span> <span class='ocrx_word' id='word_1_572' title='bbox 3193 3203 3467 3256; x_wconf 84' lang='lat' dir='ltr'><strong>beatitudo</strong></span> 
     </span>
    </p>
   </div>
   <div class='ocr_carea' id='block_1_76' title="bbox 1907 3288 3466 3361">
    <p class='ocr_par' dir='ltr' id='par_1_76' title="bbox 1907 3288 3466 3361">
     <span class='ocr_line' id='line_1_76' title="bbox 1907 3288 3466 3361; baseline 0.001 -16"><span class='ocrx_word' id='word_1_573' title='bbox 1907 3300 2010 3345; x_wconf 90' lang='lat' dir='ltr'><strong>est.</strong></span> <span class='ocrx_word' id='word_1_574' title='bbox 2044 3288 2179 3342; x_wconf 91' lang='lat' dir='ltr'><strong>Sunt</strong></span> <span class='ocrx_word' id='word_1_575' title='bbox 2205 3299 2384 3343; x_wconf 89' lang='lat' dir='ltr'><strong>autem</strong></span> <span class='ocrx_word' id='word_1_576' title='bbox 2421 3289 2510 3341; x_wconf 81' lang='lat' dir='ltr'><strong>liei</strong></span> <span class='ocrx_word' id='word_1_577' title='bbox 2547 3304 2709 3356; x_wconf 83' lang='lat' dir='ltr'><strong>Opera</strong></span> <span class='ocrx_word' id='word_1_578' title='bbox 2735 3329 2748 3348; x_wconf 86' lang='lat'><strong>.</strong></span> <span class='ocrx_word' id='word_1_579' title='bbox 2775 3289 2926 3358; x_wconf 83' lang='lat' dir='ltr'><strong>juxta</strong></span> <span class='ocrx_word' id='word_1_580' title='bbox 2977 3290 3143 3344; x_wconf 90' lang='lat' dir='ltr'><strong>illud:</strong></span> <span class='ocrx_word' id='word_1_581' title='bbox 3187 3293 3290 3355; x_wconf 75' lang='lat' dir='ltr'><strong>Qui</strong></span> <span class='ocrx_word' id='word_1_582' title='bbox 3337 3293 3466 3361; x_wconf 81' lang='lat' dir='ltr'><strong>facit</strong></span> 
     </span>
    </p>
   </div>
   <div class='ocr_carea' id='block_1_77' title="bbox 1907 3381 3468 3452">
    <p class='ocr_par' dir='ltr' id='par_1_77' title="bbox 1907 3381 3468 3452">
     <span class='ocr_line' id='line_1_77' title="bbox 1907 3381 3468 3452; baseline 0.002 -17"><span class='ocrx_word' id='word_1_583' title='bbox 1907 3381 2118 3450; x_wconf 80' lang='lat' dir='ltr'><strong>angelos</strong></span> <span class='ocrx_word' id='word_1_584' title='bbox 2152 3397 2274 3434; x_wconf 87' lang='lat' dir='ltr'><strong>suos</strong></span> <span class='ocrx_word' id='word_1_585' title='bbox 2323 3381 2577 3448; x_wconf 83' lang='lat' dir='ltr'><strong>spiritus,</strong></span> <span class='ocrx_word' id='word_1_586' title='bbox 2620 3390 2665 3433; x_wconf 84' lang='lat' dir='ltr'><strong>et</strong></span> <span class='ocrx_word' id='word_1_587' title='bbox 2714 3381 2976 3433; x_wconf 85' lang='lat' dir='ltr'><strong>ministros</strong></span> <span class='ocrx_word' id='word_1_588' title='bbox 3026 3399 3147 3435; x_wconf 87' lang='lat' dir='ltr'><strong>suos</strong></span> <span class='ocrx_word' id='word_1_589' title='bbox 3198 3385 3468 3452; x_wconf 71' lang='lat' dir='ltr'><strong>ﬂammam</strong></span> 
     </span>
    </p>
   </div>
   <div class='ocr_carea' id='block_1_78' title="bbox 1905 3473 3466 3545">
    <p class='ocr_par' dir='ltr' id='par_1_78' title="bbox 1905 3473 3466 3545">
     <span class='ocr_line' id='line_1_78' title="bbox 1905 3473 3466 3545; baseline 0.004 -19"><span class='ocrx_word' id='word_1_590' title='bbox 1905 3476 2039 3544; x_wconf 81' lang='lat' dir='ltr'><strong>ignis</strong></span> <span class='ocrx_word' id='word_1_591' title='bbox 2062 3473 2127 3526; x_wconf 76' lang='lat'><strong>“.</strong></span> <span class='ocrx_word' id='word_1_592' title='bbox 2168 3474 2310 3528; x_wconf 86' lang='lat' dir='ltr'><strong>Deus</strong></span> <span class='ocrx_word' id='word_1_593' title='bbox 2340 3475 2483 3541; x_wconf 80' lang='lat' dir='ltr'><strong>ipsos</strong></span> <span class='ocrx_word' id='word_1_594' title='bbox 2516 3474 2718 3536; x_wconf 89' lang='lat' dir='ltr'><strong>condit,</strong></span> <span class='ocrx_word' id='word_1_595' title='bbox 2747 3490 2851 3526; x_wconf 89' lang='lat' dir='ltr'><strong>non</strong></span> <span class='ocrx_word' id='word_1_596' title='bbox 2887 3490 2980 3542; x_wconf 87' lang='lat' dir='ltr'><strong>per</strong></span> <span class='ocrx_word' id='word_1_597' title='bbox 3009 3475 3152 3543; x_wconf 89' lang='lat' dir='ltr'><strong>ipsos</strong></span> <span class='ocrx_word' id='word_1_598' title='bbox 3179 3488 3466 3545; x_wconf 84' lang='lat' dir='ltr'><strong>cperatur:</strong></span> 
     </span>
    </p>
   </div>
   <div class='ocr_carea' id='block_1_79' title="bbox 1906 3564 3470 3637">
    <p class='ocr_par' dir='ltr' id='par_1_79' title="bbox 1906 3564 3470 3637">
     <span class='ocr_line' id='line_1_79' title="bbox 1906 3564 3470 3637; baseline 0 -17"><span class='ocrx_word' id='word_1_599' title='bbox 1906 3567 2034 3637; x_wconf 92' lang='lat' dir='ltr'><strong>quin</strong></span> <span class='ocrx_word' id='word_1_600' title='bbox 2077 3574 2132 3620; x_wconf 88' lang='lat' dir='ltr'><strong>et</strong></span> <span class='ocrx_word' id='word_1_601' title='bbox 2163 3581 2257 3621; x_wconf 88' lang='lat' dir='ltr'><strong>eos</strong></span> <span class='ocrx_word' id='word_1_602' title='bbox 2291 3564 2615 3626; x_wconf 74' lang='lat' dir='ltr'><strong>sanctificat.</strong></span> <span class='ocrx_word' id='word_1_603' title='bbox 2649 3575 2702 3617; x_wconf 87' lang='lat' dir='ltr'><strong>et</strong></span> <span class='ocrx_word' id='word_1_604' title='bbox 2740 3565 2790 3616; x_wconf 92' lang='lat' dir='ltr'><strong>in</strong></span> <span class='ocrx_word' id='word_1_605' title='bbox 2838 3565 2965 3632; x_wconf 86' lang='lat' dir='ltr'><strong>ipsis</strong></span> <span class='ocrx_word' id='word_1_606' title='bbox 3006 3575 3258 3634; x_wconf 88' lang='lat' dir='ltr'><strong>operatur</strong></span> <span class='ocrx_word' id='word_1_607' title='bbox 3283 3606 3297 3630; x_wconf 93' lang='lat'><strong>,</strong></span> <span class='ocrx_word' id='word_1_608' title='bbox 3331 3568 3470 3620; x_wconf 89' lang='lat' dir='ltr'><strong>sicut</strong></span> 
     </span>
    </p>
   </div>
   <div class='ocr_carea' id='block_1_80' title="bbox 1906 3657 3466 3725">
    <p class='ocr_par' dir='ltr' id='par_1_80' title="bbox 1906 3657 3466 3725">
     <span class='ocr_line' id='line_1_80' title="bbox 1906 3657 3466 3725; baseline -0.001 -13"><span class='ocrx_word' id='word_1_609' title='bbox 1906 3658 1958 3712; x_wconf 92' lang='lat' dir='ltr'><strong>in</strong></span> <span class='ocrx_word' id='word_1_610' title='bbox 1993 3658 2194 3712; x_wconf 87' lang='lat' dir='ltr'><strong>sanctis</strong></span> <span class='ocrx_word' id='word_1_611' title='bbox 2236 3657 2564 3712; x_wconf 87' lang='lat' dir='ltr'><strong>hominibus.</strong></span> <span class='ocrx_word' id='word_1_612' title='bbox 2592 3657 2670 3710; x_wconf 88' lang='lat' dir='ltr'><strong>Illi</strong></span> <span class='ocrx_word' id='word_1_613' title='bbox 2701 3672 2910 3725; x_wconf 87' lang='lat' dir='ltr'><strong>quoque</strong></span> <span class='ocrx_word' id='word_1_614' title='bbox 2943 3673 3061 3725; x_wconf 64' lang='lat' dir='ltr'><strong>quin</strong></span> <span class='ocrx_word' id='word_1_615' title='bbox 3093 3657 3186 3711; x_wconf 87' lang='lat' dir='ltr'><strong>Dei</strong></span> <span class='ocrx_word' id='word_1_616' title='bbox 3214 3670 3339 3711; x_wconf 92' lang='lat' dir='ltr'><strong>sunt</strong></span> <span class='ocrx_word' id='word_1_617' title='bbox 3369 3676 3466 3712; x_wconf 83' lang='lat' dir='ltr'><strong>an-</strong></span> 
     </span>
    </p>
   </div>
   <div class='ocr_carea' id='block_1_81' title="bbox 1907 3750 3465 3819">
    <p class='ocr_par' dir='ltr' id='par_1_81' title="bbox 1907 3750 3465 3819">
     <span class='ocr_line' id='line_1_81' title="bbox 1907 3750 3465 3819; baseline 0.001 -15"><span class='ocrx_word' id='word_1_618' title='bbox 1907 3752 2153 3805; x_wconf 88' lang='lat' dir='ltr'><strong>nuntiant</strong></span> <span class='ocrx_word' id='word_1_619' title='bbox 2198 3751 2645 3819; x_wconf 87' lang='lat' dir='ltr'><strong>quemadmodum</strong></span> <span class='ocrx_word' id='word_1_620' title='bbox 2693 3750 2954 3804; x_wconf 87' lang='lat' dir='ltr'><strong>homines.</strong></span> <span class='ocrx_word' id='word_1_621' title='bbox 2988 3751 3326 3819; x_wconf 81' lang='lat' dir='ltr'><strong>Quapmpler</strong></span> <span class='ocrx_word' id='word_1_622' title='bbox 3368 3768 3465 3806; x_wconf 56' lang='lat' dir='ltr'><strong>ne-</strong></span> 
     </span>
    </p>
   </div>
   <div class='ocr_carea' id='block_1_82' title="bbox 1905 3843 3466 3915">
    <p class='ocr_par' dir='ltr' id='par_1_82' title="bbox 1905 3843 3466 3915">
     <span class='ocr_line' id='line_1_82' title="bbox 1905 3843 3466 3915; baseline 0.003 -18"><span class='ocrx_word' id='word_1_623' title='bbox 1905 3859 2008 3913; x_wconf 87' lang='lat' dir='ltr'><strong>que</strong></span> <span class='ocrx_word' id='word_1_624' title='bbox 2035 3845 2252 3915; x_wconf 77' lang='lat' dir='ltr'><strong>angelos</strong></span> <span class='ocrx_word' id='word_1_625' title='bbox 2284 3861 2386 3898; x_wconf 93' lang='lat' dir='ltr'><strong>una</strong></span> <span class='ocrx_word' id='word_1_626' title='bbox 2412 3859 2530 3897; x_wconf 90' lang='lat' dir='ltr'><strong>cum</strong></span> <span class='ocrx_word' id='word_1_627' title='bbox 2557 3843 2664 3897; x_wconf 81' lang='lat' dir='ltr'><strong>Deo</strong></span> <span class='ocrx_word' id='word_1_628' title='bbox 2693 3845 3074 3909; x_wconf 68' lang='lat' dir='ltr'><strong>glorificamus,</strong></span> <span class='ocrx_word' id='word_1_629' title='bbox 3117 3847 3255 3899; x_wconf 87' lang='lat' dir='ltr'><strong>sicut</strong></span> <span class='ocrx_word' id='word_1_630' title='bbox 3289 3861 3466 3915; x_wconf 83' lang='lat' dir='ltr'><strong>neque</strong></span> 
     </span>
    </p>
   </div>
   <div class='ocr_carea' id='block_1_83' title="bbox 1905 3936 3464 4006">
    <p class='ocr_par' dir='ltr' id='par_1_83' title="bbox 1905 3936 3464 4006">
     <span class='ocr_line' id='line_1_83' title="bbox 1905 3936 3464 4006; baseline 0 -13"><span class='ocrx_word' id='word_1_631' title='bbox 1905 3938 2168 3993; x_wconf 77' lang='lat' dir='ltr'><strong>homines.</strong></span> <span class='ocrx_word' id='word_1_632' title='bbox 2202 3936 2314 3990; x_wconf 85' lang='lat' dir='ltr'><strong>Non</strong></span> <span class='ocrx_word' id='word_1_633' title='bbox 2355 3936 2497 3988; x_wconf 86' lang='lat' dir='ltr'><strong>enim</strong></span> <span class='ocrx_word' id='word_1_634' title='bbox 2529 3936 2743 4005; x_wconf 89' lang='lat' dir='ltr'><strong>pr0pria</strong></span> <span class='ocrx_word' id='word_1_635' title='bbox 2775 3937 3009 4005; x_wconf 89' lang='lat' dir='ltr'><strong>ipsorum</strong></span> <span class='ocrx_word' id='word_1_636' title='bbox 3060 3949 3374 4006; x_wconf 83' lang='lat' dir='ltr'><strong>reputamus</strong></span> <span class='ocrx_word' id='word_1_637' title='bbox 3401 3954 3464 3993; x_wconf 86' lang='lat' dir='ltr'><strong>ea</strong></span> 
     </span>
    </p>
   </div>
   <div class='ocr_carea' id='block_1_84' title="bbox 1901 4028 3468 4102">
    <p class='ocr_par' dir='ltr' id='par_1_84' title="bbox 1901 4028 3468 4102">
     <span class='ocr_line' id='line_1_84' title="bbox 1901 4028 3468 4102; baseline 0.001 -17"><span class='ocrx_word' id='word_1_638' title='bbox 1901 4047 2021 4102; x_wconf 65' lang='lat' dir='ltr'><strong>qua?</strong></span> <span class='ocrx_word' id='word_1_639' title='bbox 2047 4032 2114 4084; x_wconf 89' lang='lat' dir='ltr'><strong>ab</strong></span> <span class='ocrx_word' id='word_1_640' title='bbox 2165 4029 2296 4098; x_wconf 80' lang='lat' dir='ltr'><strong>ipsis</strong></span> <span class='ocrx_word' id='word_1_641' title='bbox 2351 4028 2704 4083; x_wconf 78' lang='lat' dir='ltr'><strong>conferuntur</strong></span> <span class='ocrx_word' id='word_1_642' title='bbox 2737 4028 3021 4090; x_wconf 83' lang='lat' dir='ltr'><strong>beneﬁcia,</strong></span> <span class='ocrx_word' id='word_1_643' title='bbox 3059 4031 3149 4084; x_wconf 80' lang='lat' dir='ltr'><strong>sed</strong></span> <span class='ocrx_word' id='word_1_644' title='bbox 3190 4033 3468 4096; x_wconf 85' lang='lat' dir='ltr'><strong>operantis</strong></span> 
     </span>
    </p>
   </div>
   <div class='ocr_carea' id='block_1_85' title="bbox 1905 4119 3469 4191">
    <p class='ocr_par' dir='ltr' id='par_1_85' title="bbox 1905 4119 3469 4191">
     <span class='ocr_line' id='line_1_85' title="bbox 1905 4119 3469 4191; baseline 0 -16"><span class='ocrx_word' id='word_1_645' title='bbox 1905 4126 1955 4175; x_wconf 90' lang='lat' dir='ltr'><strong>in</strong></span> <span class='ocrx_word' id='word_1_646' title='bbox 1991 4123 2120 4191; x_wconf 88' lang='lat' dir='ltr'><strong>ipsis</strong></span> <span class='ocrx_word' id='word_1_647' title='bbox 2149 4122 2266 4174; x_wconf 89' lang='lat' dir='ltr'><strong>Dei.</strong></span> <span class='ocrx_word' id='word_1_648' title='bbox 2321 4119 2559 4188; x_wconf 88' lang='lat' dir='ltr'><strong>Spiritus</strong></span> <span class='ocrx_word' id='word_1_649' title='bbox 2588 4134 2717 4172; x_wconf 86' lang='lat' dir='ltr'><strong>vero</strong></span> <span class='ocrx_word' id='word_1_650' title='bbox 2749 4134 2868 4173; x_wconf 91' lang='lat' dir='ltr'><strong>cum</strong></span> <span class='ocrx_word' id='word_1_651' title='bbox 2903 4120 3012 4174; x_wconf 84' lang='lat' dir='ltr'><strong>Deo</strong></span> <span class='ocrx_word' id='word_1_652' title='bbox 3041 4131 3091 4174; x_wconf 92' lang='lat' dir='ltr'><strong>et</strong></span> <span class='ocrx_word' id='word_1_653' title='bbox 3128 4119 3261 4174; x_wconf 88' lang='lat' dir='ltr'><strong>Filio</strong></span> <span class='ocrx_word' id='word_1_654' title='bbox 3302 4120 3469 4175; x_wconf 77' lang='lat' dir='ltr'><strong>allici-</strong></span> 
     </span>
    </p>
   </div>
   <div class='ocr_carea' id='block_1_86' title="bbox 1907 4209 3464 4282">
    <p class='ocr_par' dir='ltr' id='par_1_86' title="bbox 1907 4209 3464 4282">
     <span class='ocr_line' id='line_1_86' title="bbox 1907 4209 3464 4282; baseline 0 -17"><span class='ocrx_word' id='word_1_655' title='bbox 1907 4224 1992 4267; x_wconf 92' lang='lat' dir='ltr'><strong>tur</strong></span> <span class='ocrx_word' id='word_1_656' title='bbox 2014 4212 2207 4282; x_wconf 77' lang='lat' dir='ltr'><strong>gloria,</strong></span> <span class='ocrx_word' id='word_1_657' title='bbox 2239 4212 2434 4279; x_wconf 91' lang='lat' dir='ltr'><strong>quippe</strong></span> <span class='ocrx_word' id='word_1_658' title='bbox 2458 4209 2581 4278; x_wconf 87' lang='lat' dir='ltr'><strong>quia</strong></span> <span class='ocrx_word' id='word_1_659' title='bbox 2611 4219 2666 4263; x_wconf 91' lang='lat' dir='ltr'><strong>et</strong></span> <span class='ocrx_word' id='word_1_660' title='bbox 2699 4210 2877 4263; x_wconf 87' lang='lat' dir='ltr'><strong>divina</strong></span> <span class='ocrx_word' id='word_1_661' title='bbox 2905 4213 3146 4278; x_wconf 86' lang='lat' dir='ltr'><strong>operatio</strong></span> <span class='ocrx_word' id='word_1_662' title='bbox 3167 4227 3263 4280; x_wconf 87' lang='lat' dir='ltr'><strong>per</strong></span> <span class='ocrx_word' id='word_1_663' title='bbox 3286 4213 3464 4280; x_wconf 89' lang='lat' dir='ltr'><strong>ipsum</strong></span> 
     </span>
    </p>
   </div>
   <div class='ocr_carea' id='block_1_87' title="bbox 1904 4302 3468 4374">
    <p class='ocr_par' dir='ltr' id='par_1_87' title="bbox 1904 4302 3468 4374">
     <span class='ocr_line' id='line_1_87' title="bbox 1904 4302 3468 4374; baseline -0.002 -13"><span class='ocrx_word' id='word_1_664' title='bbox 1904 4307 2222 4374; x_wconf 89' lang='lat' dir='ltr'><strong>completur.</strong></span> <span class='ocrx_word' id='word_1_665' title='bbox 2269 4302 2455 4357; x_wconf 80' lang='lat' dir='ltr'><strong>Gratia</strong></span> <span class='ocrx_word' id='word_1_666' title='bbox 2506 4304 2647 4358; x_wconf 89' lang='lat' dir='ltr'><strong>enim</strong></span> <span class='ocrx_word' id='word_1_667' title='bbox 2687 4303 2892 4357; x_wconf 85' lang='lat' dir='ltr'><strong>Domini</strong></span> <span class='ocrx_word' id='word_1_668' title='bbox 2947 4307 3111 4358; x_wconf 78' lang='lat' dir='ltr'><strong>nostri</strong></span> <span class='ocrx_word' id='word_1_669' title='bbox 3146 4305 3273 4358; x_wconf 80' lang='lat' dir='ltr'><strong>Iesu</strong></span> <span class='ocrx_word' id='word_1_670' title='bbox 3307 4305 3468 4358; x_wconf 81' lang='lat' dir='ltr'><strong>Chri-</strong></span> 
     </span>
    </p>
   </div>
   <div class='ocr_carea' id='block_1_88' title="bbox 1901 4391 3464 4465">
    <p class='ocr_par' dir='ltr' id='par_1_88' title="bbox 1901 4391 3464 4465">
     <span class='ocr_line' id='line_1_88' title="bbox 1901 4391 3464 4465; baseline -0.003 -15"><span class='ocrx_word' id='word_1_671' title='bbox 1901 4397 1990 4459; x_wconf 87' lang='lat' dir='ltr'><strong>sti,</strong></span> <span class='ocrx_word' id='word_1_672' title='bbox 2034 4396 2204 4465; x_wconf 91' lang='lat' dir='ltr'><strong>inquit</strong></span> <span class='ocrx_word' id='word_1_673' title='bbox 2229 4393 2425 4448; x_wconf 82' lang='lat' dir='ltr'><strong>Paulus</strong></span> <span class='ocrx_word' id='word_1_674' title='bbox 2455 4391 2524 4459; x_wconf 74' lang='grc'><strong>⁸⁷,</strong></span> <span class='ocrx_word' id='word_1_675' title='bbox 2562 4408 2606 4446; x_wconf 84' lang='lat' dir='ltr'><strong>et</strong></span> <span class='ocrx_word' id='word_1_676' title='bbox 2643 4395 2876 4447; x_wconf 82' lang='lat' dir='ltr'><strong>charitas</strong></span> <span class='ocrx_word' id='word_1_677' title='bbox 2925 4393 3045 4457; x_wconf 84' lang='lat' dir='ltr'><strong>Dei,</strong></span> <span class='ocrx_word' id='word_1_678' title='bbox 3079 4403 3127 4446; x_wconf 85' lang='lat' dir='ltr'><strong>et</strong></span> <span class='ocrx_word' id='word_1_679' title='bbox 3173 4395 3464 4446; x_wconf 58' lang='lat' dir='ltr'><strong>communi-</strong></span> 
     </span>
    </p>
   </div>
   <div class='ocr_carea' id='block_1_89' title="bbox 1901 4484 3465 4552">
    <p class='ocr_par' dir='ltr' id='par_1_89' title="bbox 1901 4484 3465 4552">
     <span class='ocr_line' id='line_1_89' title="bbox 1901 4484 3465 4552; baseline -0.003 -10"><span class='ocrx_word' id='word_1_680' title='bbox 1901 4490 2040 4542; x_wconf 76' lang='lat' dir='ltr'><strong>ratio</strong></span> <span class='ocrx_word' id='word_1_681' title='bbox 2070 4488 2236 4542; x_wconf 85' lang='lat' dir='ltr'><strong>sancti</strong></span> <span class='ocrx_word' id='word_1_682' title='bbox 2270 4485 2499 4552; x_wconf 83' lang='lat' dir='ltr'><strong>Spiritus</strong></span> <span class='ocrx_word' id='word_1_683' title='bbox 2531 4501 2647 4538; x_wconf 88' lang='lat' dir='ltr'><strong>cum</strong></span> <span class='ocrx_word' id='word_1_684' title='bbox 2689 4485 2928 4536; x_wconf 86' lang='lat' dir='ltr'><strong>omnibus</strong></span> <span class='ocrx_word' id='word_1_685' title='bbox 2965 4484 3124 4537; x_wconf 72' lang='lat' dir='ltr'><strong>vobis.</strong></span> <span class='ocrx_word' id='word_1_686' title='bbox 3166 4485 3342 4552; x_wconf 82' lang='lat' dir='ltr'><strong>Atque</strong></span> <span class='ocrx_word' id='word_1_687' title='bbox 3373 4500 3465 4538; x_wconf 84' lang='lat' dir='ltr'><strong>sa-</strong></span> 
     </span>
    </p>
   </div>
   <div class='ocr_carea' id='block_1_90' title="bbox 225 4573 1887 4650">
    <p class='ocr_par' dir='ltr' id='par_1_90' title="bbox 225 4573 1877 4650">
     <span class='ocr_line' id='line_1_90' title="bbox 225 4573 1877 4650; baseline 0.002 -25"><span class='ocrx_word' id='word_1_688' title='bbox 225 4573 397 4643; x_wconf 74' lang='lat' dir='ltr'><strong>drlov</strong></span> <span class='ocrx_word' id='word_1_689' title='bbox 417 4577 753 4643; x_wconf 80' lang='grc' dir='ltr'>Πνεῦματος</span> <span class='ocrx_word' id='word_1_690' title='bbox 771 4576 920 4644; x_wconf 80' lang='grc' dir='ltr'>μετὰ</span> <span class='ocrx_word' id='word_1_691' title='bbox 941 4576 1180 4629; x_wconf 82' lang='grc' dir='ltr'>πάντων</span> <span class='ocrx_word' id='word_1_692' title='bbox 1201 4575 1382 4646; x_wconf 81' lang='grc' dir='ltr'>ὑμῶν.</span> <span class='ocrx_word' id='word_1_693' title='bbox 1410 4575 1519 4628; x_wconf 73' lang='grc' dir='ltr'>Καὶ</span> <span class='ocrx_word' id='word_1_694' title='bbox 1545 4576 1603 4628; x_wconf 85' lang='grc' dir='ltr'><strong>τὸ</strong></span> <span class='ocrx_word' id='word_1_695' title='bbox 1631 4576 1800 4644; x_wconf 77' lang='grc' dir='ltr'>κεφά-</span> <span class='ocrx_word' id='word_1_696' title='bbox 1834 4597 1877 4650; x_wconf 80' lang='grc' dir='ltr'><strong>ι)</strong></span> 
     </span>
    </p>
   </div>
   <div class='ocr_carea' id='block_1_91' title="bbox 1801 4573 3463 4650">
    <p class='ocr_par' dir='ltr' id='par_1_91' title="bbox 1834 4573 3463 4650">
     <span class='ocr_line' id='line_1_91' title="bbox 1834 4573 3463 4650; baseline -0.004 -18"><span class='ocrx_word' id='word_1_697' title='bbox 1834 4597 1877 4650; x_wconf 84' lang='grc' dir='ltr'><strong>ι)</strong></span> <span class='ocrx_word' id='word_1_698' title='bbox 1908 4580 2032 4632; x_wconf 92' lang='lat' dir='ltr'><strong>lutis</strong></span> <span class='ocrx_word' id='word_1_699' title='bbox 2058 4591 2256 4632; x_wconf 69' lang='lat' dir='ltr'><strong>nostrm</strong></span> <span class='ocrx_word' id='word_1_700' title='bbox 2285 4585 2464 4644; x_wconf 86' lang='lat' dir='ltr'><strong>caput,</strong></span> <span class='ocrx_word' id='word_1_701' title='bbox 2503 4575 2844 4644; x_wconf 81' lang='lat' dir='ltr'><strong>perfectaque</strong></span> <span class='ocrx_word' id='word_1_702' title='bbox 2878 4575 2942 4626; x_wconf 89' lang='lat' dir='ltr'><strong>de</strong></span> <span class='ocrx_word' id='word_1_703' title='bbox 2969 4573 3171 4628; x_wconf 89' lang='lat' dir='ltr'><strong>deitate</strong></span> <span class='ocrx_word' id='word_1_704' title='bbox 3199 4576 3414 4629; x_wconf 84' lang='lat' dir='ltr'><strong>traditio</strong></span> <span class='ocrx_word' id='word_1_705' title='bbox 3448 4615 3463 4639; x_wconf 92' lang='lat'><strong>,</strong></span> 
     </span>
    </p>
   </div>
   <div class='ocr_carea' id='block_1_92' title="bbox 225 4665 1803 4739">
    <p class='ocr_par' dir='ltr' id='par_1_92' title="bbox 225 4665 1803 4739">
     <span class='ocr_line' id='line_1_92' title="bbox 225 4665 1803 4739; baseline -0.001 -21"><span class='ocrx_word' id='word_1_706' title='bbox 225 4665 373 4720; x_wconf 88' lang='grc' dir='ltr'>λαιον</span> <span class='ocrx_word' id='word_1_707' title='bbox 400 4667 497 4736; x_wconf 85' lang='grc' dir='ltr'><strong>τῆς</strong></span> <span class='ocrx_word' id='word_1_708' title='bbox 532 4669 799 4739; x_wconf 77' lang='grc' dir='ltr'>σωτηρίας</span> <span class='ocrx_word' id='word_1_709' title='bbox 825 4669 1000 4738; x_wconf 81' lang='grc' dir='ltr'>ἡμῶν,</span> <span class='ocrx_word' id='word_1_710' title='bbox 1053 4670 1144 4721; x_wconf 77' lang='grc' dir='ltr'><strong>καὶ</strong></span> <span class='ocrx_word' id='word_1_711' title='bbox 1172 4670 1204 4738; x_wconf 78' lang='grc' dir='ltr'>ἡ</span> <span class='ocrx_word' id='word_1_712' title='bbox 1235 4668 1412 4720; x_wconf 81' lang='grc' dir='ltr'>τελεία</span> <span class='ocrx_word' id='word_1_713' title='bbox 1443 4667 1568 4738; x_wconf 85' lang='grc' dir='ltr'>περί</span> <span class='ocrx_word' id='word_1_714' title='bbox 1613 4667 1803 4737; x_wconf 84' lang='grc' dir='ltr'>θεότη-</span> 
     </span>
    </p>
   </div>
   <div class='ocr_carea' id='block_1_93' title="bbox 225 4760 1802 4832">
    <p class='ocr_par' dir='ltr' id='par_1_93' title="bbox 225 4760 1802 4832">
     <span class='ocr_line' id='line_1_93' title="bbox 225 4760 1802 4832; baseline -0.002 -19"><span class='ocrx_word' id='word_1_715' title='bbox 225 4777 314 4823; x_wconf 85' lang='grc' dir='ltr'><strong>τος</strong></span> <span class='ocrx_word' id='word_1_716' title='bbox 354 4761 665 4831; x_wconf 70' lang='grc' dir='ltr'>παράδοσις,</span> <span class='ocrx_word' id='word_1_717' title='bbox 703 4765 780 4823; x_wconf 88' lang='grc' dir='ltr'>εἰς</span> <span class='ocrx_word' id='word_1_718' title='bbox 807 4762 894 4814; x_wconf 80' lang='grc' dir='ltr'><strong>τὸν</strong></span> <span class='ocrx_word' id='word_1_719' title='bbox 927 4763 1032 4815; x_wconf 77' lang='grc' dir='ltr'>τῶν</span> <span class='ocrx_word' id='word_1_720' title='bbox 1067 4762 1478 4832; x_wconf 79' lang='grc' dir='ltr'>βαπτιζομένων</span> <span class='ocrx_word' id='word_1_721' title='bbox 1505 4760 1802 4828; x_wconf 83' lang='grc' dir='ltr'>ἁγιασμὸν,</span> 
     </span>
    </p>
   </div>
   <div class='ocr_carea' id='block_1_94' title="bbox 223 4851 1802 4923">
    <p class='ocr_par' dir='ltr' id='par_1_94' title="bbox 223 4851 1802 4923">
     <span class='ocr_line' id='line_1_94' title="bbox 223 4851 1802 4923; baseline -0.003 -18"><span class='ocrx_word' id='word_1_722' title='bbox 223 4852 286 4905; x_wconf 80' lang='grc' dir='ltr'><strong>τὸ</strong></span> <span class='ocrx_word' id='word_1_723' title='bbox 323 4851 599 4921; x_wconf 74' lang='grc' dir='ltr'>βαπτίζειν</span> <span class='ocrx_word' id='word_1_724' title='bbox 630 4856 709 4914; x_wconf 75' lang='grc' dir='ltr'>εἰς</span> <span class='ocrx_word' id='word_1_725' title='bbox 755 4853 815 4904; x_wconf 78' lang='grc' dir='ltr'>τὸ</span> <span class='ocrx_word' id='word_1_726' title='bbox 851 4853 1018 4922; x_wconf 75' lang='grc' dir='ltr'>ὄνομα</span> <span class='ocrx_word' id='word_1_727' title='bbox 1049 4854 1139 4906; x_wconf 89' lang='grc' dir='ltr'><strong>τοῦ</strong></span> <span class='ocrx_word' id='word_1_728' title='bbox 1171 4855 1381 4923; x_wconf 70' lang='grc' dir='ltr'>Πατρός</span> <span class='ocrx_word' id='word_1_729' title='bbox 1411 4853 1504 4905; x_wconf 74' lang='grc' dir='ltr'><strong>καὶ</strong></span> <span class='ocrx_word' id='word_1_730' title='bbox 1538 4851 1631 4903; x_wconf 86' lang='grc' dir='ltr'><strong>τοῦ</strong></span> <span class='ocrx_word' id='word_1_731' title='bbox 1672 4852 1802 4902; x_wconf 80' lang='grc' dir='ltr'>Υίοῡ</span> 
     </span>
    </p>
   </div>
   <div class='ocr_carea' id='block_1_95' title="bbox 225 4943 1800 5014">
    <p class='ocr_par' dir='ltr' id='par_1_95' title="bbox 225 4943 1800 5014">
     <span class='ocr_line' id='line_1_95' title="bbox 225 4943 1800 5014; baseline 0 -18"><span class='ocrx_word' id='word_1_732' title='bbox 225 4944 320 4996; x_wconf 79' lang='grc' dir='ltr'><strong>καὶ</strong></span> <span class='ocrx_word' id='word_1_733' title='bbox 352 4944 444 4997; x_wconf 88' lang='grc' dir='ltr'><strong>τοῦ</strong></span> <span class='ocrx_word' id='word_1_734' title='bbox 473 4944 628 5011; x_wconf 83' lang='grc' dir='ltr'>ἁγίου</span> <span class='ocrx_word' id='word_1_735' title='bbox 659 4944 990 5014; x_wconf 88' lang='grc' dir='ltr'>Πνεύματος.</span> <span class='ocrx_word' id='word_1_736' title='bbox 1025 4946 1097 4998; x_wconf 87' lang='grc' dir='ltr'>Τὸ</span> <span class='ocrx_word' id='word_1_737' title='bbox 1123 4946 1179 4999; x_wconf 78' lang='grc' dir='ltr'>δὲ</span> <span class='ocrx_word' id='word_1_738' title='bbox 1207 4948 1298 4998; x_wconf 75' lang='grc' dir='ltr'>ἐπὶ</span> <span class='ocrx_word' id='word_1_739' title='bbox 1334 4945 1440 4998; x_wconf 85' lang='grc' dir='ltr'>τῶν</span> <span class='ocrx_word' id='word_1_740' title='bbox 1477 4945 1658 4998; x_wconf 79' lang='grc' dir='ltr'>αὐτῶν</span> <span class='ocrx_word' id='word_1_741' title='bbox 1689 4943 1800 4997; x_wconf 87' lang='grc' dir='ltr'>θεῖ-</span> 
     </span>
    </p>
   </div>
   <div class='ocr_carea' id='block_1_96' title="bbox 297 5115 790 5182">
    <p class='ocr_par' dir='ltr' id='par_1_96' title="bbox 297 5115 790 5182">
     <span class='ocr_line' id='line_1_96' title="bbox 297 5115 790 5182; baseline 0.004 -13"><span class='ocrx_word' id='word_1_742' title='bbox 297 5117 342 5147; x_wconf 83' lang='grc'><strong>⁸¹</strong></span> <span class='ocrx_word' id='word_1_743' title='bbox 369 5117 523 5170; x_wconf 83' lang='lat' dir='ltr'><strong>Joan.</strong></span> <span class='ocrx_word' id='word_1_744' title='bbox 583 5134 672 5182; x_wconf 79' lang='lat' dir='ltr'><strong>xx,</strong></span> <span class='ocrx_word' id='word_1_745' title='bbox 702 5115 790 5172; x_wconf 69' lang='grc'><strong>22.</strong></span> 
     </span>
    </p>
   </div>
   <div class='ocr_carea' id='block_1_97' title="bbox 227 5189 465 5254">
    <p class='ocr_par' dir='ltr' id='par_1_97' title="bbox 227 5189 465 5254">
     <span class='ocr_line' id='line_1_97' title="bbox 227 5189 465 5254; baseline -0.004 -13"><span class='ocrx_word' id='word_1_746' title='bbox 227 5203 346 5254; x_wconf 78' lang='lat' dir='ltr'><strong>xnt,</strong></span> <span class='ocrx_word' id='word_1_747' title='bbox 381 5189 465 5241; x_wconf 78' lang='grc'><strong>15.</strong></span> 
     </span>
    </p>
   </div>
   <div class='ocr_carea' id='block_1_98' title="bbox 891 5116 1434 5182">
    <p class='ocr_par' dir='ltr' id='par_1_98' title="bbox 891 5116 1434 5182">
     <span class='ocr_line' id='line_1_98' title="bbox 891 5116 1434 5182; baseline 0.004 -13"><span class='ocrx_word' id='word_1_748' title='bbox 891 5116 936 5146; x_wconf 71' lang='grc'><strong>⁸³</strong></span> <span class='ocrx_word' id='word_1_749' title='bbox 965 5117 1126 5171; x_wconf 82' lang='lat' dir='ltr'><strong>lCor.</strong></span> <span class='ocrx_word' id='word_1_750' title='bbox 1178 5134 1272 5182; x_wconf 82' lang='lat' dir='ltr'><strong>xu,</strong></span> <span class='ocrx_word' id='word_1_751' title='bbox 1318 5118 1434 5171; x_wconf 68' lang='grc'>4-6.</span> 
     </span>
    </p>
   </div>
   <div class='ocr_carea' id='block_1_99' title="bbox 301 5392 1790 5470">
    <p class='ocr_par' dir='ltr' id='par_1_99' title="bbox 301 5392 1790 5470">
     <span class='ocr_line' id='line_1_99' title="bbox 301 5392 1790 5470; baseline -0.003 -21"><span class='ocrx_word' id='word_1_752' title='bbox 301 5397 406 5470; x_wconf 76' lang='grc'><strong>(39)</strong></span> <span class='ocrx_word' id='word_1_753' title='bbox 438 5397 727 5470; x_wconf 66' lang='lat' dir='ltr'><strong>Regiitres</strong></span> <span class='ocrx_word' id='word_1_754' title='bbox 750 5411 882 5470; x_wconf 82' lang='lat' dir='ltr'><strong>ms_s._</strong></span> <span class='ocrx_word' id='word_1_755' title='bbox 903 5405 954 5448; x_wconf 89' lang='lat' dir='ltr'><strong>et</strong></span> <span class='ocrx_word' id='word_1_756' title='bbox 984 5395 1108 5470; x_wconf 79' lang='lat' dir='ltr'><strong>editi</strong></span> <span class='ocrx_word' id='word_1_757' title='bbox 1140 5394 1452 5470; x_wconf 78' lang='grc' dir='ltr'>διδαχθέντα</span> <span class='ocrx_word' id='word_1_758' title='bbox 1474 5392 1662 5470; x_wconf 71' lang='grc' dir='ltr'>τύπον.</span> <span class='ocrx_word' id='word_1_759' title='bbox 1691 5393 1790 5444; x_wconf 90' lang='lat' dir='ltr'><strong>Alii</strong></span> 
     </span>
    </p>
   </div>
   <div class='ocr_carea' id='block_1_100' title="bbox 227 5464 1789 5536">
    <p class='ocr_par' dir='ltr' id='par_1_100' title="bbox 227 5464 1789 5536">
     <span class='ocr_line' id='line_1_100' title="bbox 227 5464 1789 5536; baseline -0.004 -14"><span class='ocrx_word' id='word_1_760' title='bbox 227 5464 331 5522; x_wconf 79' lang='lat' dir='ltr'><strong>duo</strong></span> <span class='ocrx_word' id='word_1_761' title='bbox 362 5464 480 5523; x_wconf 83' lang='lat' dir='ltr'><strong>cum</strong></span> <span class='ocrx_word' id='word_1_762' title='bbox 515 5469 668 5524; x_wconf 70' lang='lat' dir='ltr'><strong>Coll).</strong></span> <span class='ocrx_word' id='word_1_763' title='bbox 710 5466 986 5536; x_wconf 73' lang='grc' dir='ltr'>δειχθέντα</span> <span class='ocrx_word' id='word_1_764' title='bbox 1013 5465 1203 5531; x_wconf 79' lang='grc' dir='ltr'>τύπον,</span> <span class='ocrx_word' id='word_1_765' title='bbox 1234 5466 1514 5517; x_wconf 82' lang='lat' dir='ltr'><strong>secundum</strong></span> <span class='ocrx_word' id='word_1_766' title='bbox 1565 5464 1789 5532; x_wconf 75' lang='lat' dir='ltr'><strong>fortnam</strong></span> 
     </span>
    </p>
   </div>
   <div class='ocr_carea' id='block_1_101' title="bbox 226 5540 701 5592">
    <p class='ocr_par' dir='ltr' id='par_1_101' title="bbox 226 5540 701 5592">
     <span class='ocr_line' id='line_1_101' title="bbox 226 5540 701 5592; baseline -0.006 0"><span class='ocrx_word' id='word_1_767' title='bbox 226 5556 258 5592; x_wconf 90' lang='lat' dir='ltr'><strong>a</strong></span> <span class='ocrx_word' id='word_1_768' title='bbox 287 5540 390 5592; x_wconf 88' lang='lat' dir='ltr'><strong>Deo</strong></span> <span class='ocrx_word' id='word_1_769' title='bbox 424 5551 677 5592; x_wconf 70' lang='lat' dir='ltr'><strong>ostensam</strong></span> <span class='ocrx_word' id='word_1_770' title='bbox 690 5579 701 5590; x_wconf 92' lang='lat'><strong>.</strong></span> 
     </span>
    </p>
   </div>
   <div class='ocr_carea' id='block_1_102' title="bbox 297 5603 1791 5678">
    <p class='ocr_par' dir='ltr' id='par_1_102' title="bbox 297 5603 1791 5678">
     <span class='ocr_line' id='line_1_102' title="bbox 297 5603 1791 5678; baseline -0.001 -18"><span class='ocrx_word' id='word_1_771' title='bbox 297 5610 406 5678; x_wconf 71' lang='lat' dir='ltr'><strong>(Ml)</strong></span> <span class='ocrx_word' id='word_1_772' title='bbox 456 5609 584 5677; x_wconf 69' lang='lat' dir='ltr'><strong>lteg.</strong></span> <span class='ocrx_word' id='word_1_773' title='bbox 622 5608 884 5661; x_wconf 82' lang='lat' dir='ltr'><strong>secundus</strong></span> <span class='ocrx_word' id='word_1_774' title='bbox 924 5609 987 5677; x_wconf 75' lang='grc' dir='ltr'>τῇ</span> <span class='ocrx_word' id='word_1_775' title='bbox 1018 5604 1294 5678; x_wconf 71' lang='grc' dir='ltr'>καταρχὰς</span> <span class='ocrx_word' id='word_1_776' title='bbox 1325 5604 1620 5675; x_wconf 76' lang='grc' dir='ltr'>καινότητι.</span> <span class='ocrx_word' id='word_1_777' title='bbox 1681 5603 1791 5658; x_wconf 79' lang='lat' dir='ltr'><strong>Nec</strong></span> 
     </span>
    </p>
   </div>
   <div class='ocr_carea' id='block_1_103' title="bbox 228 5677 1501 5745">
    <p class='ocr_par' dir='ltr' id='par_1_103' title="bbox 228 5677 1501 5745">
     <span class='ocr_line' id='line_1_103' title="bbox 228 5677 1501 5745; baseline -0.002 -15"><span class='ocrx_word' id='word_1_778' title='bbox 228 5677 492 5731; x_wconf 20' lang='lat' dir='ltr'><strong>ita’inultu</strong></span> <span class='ocrx_word' id='word_1_779' title='bbox 526 5689 641 5745; x_wconf 83' lang='lat' dir='ltr'><strong>post</strong></span> <span class='ocrx_word' id='word_1_780' title='bbox 671 5680 805 5732; x_wconf 86' lang='lat' dir='ltr'><strong>idem</strong></span> <span class='ocrx_word' id='word_1_781' title='bbox 839 5679 1002 5730; x_wconf 69' lang='lat' dir='ltr'><strong>codex</strong></span> <span class='ocrx_word' id='word_1_782' title='bbox 1031 5677 1161 5738; x_wconf 76' lang='grc' dir='ltr'>Θεὸς</span> <span class='ocrx_word' id='word_1_783' title='bbox 1192 5677 1358 5727; x_wconf 75' lang='grc' dir='ltr'>ἔδωκε</span> <span class='ocrx_word' id='word_1_784' title='bbox 1381 5678 1501 5745; x_wconf 78' lang='grc' dir='ltr'>τήν.</span> 
     </span>
    </p>
   </div>
   <div class='ocr_carea' id='block_1_104' title="bbox 299 5744 1782 5819">
    <p class='ocr_par' dir='ltr' id='par_1_104' title="bbox 299 5744 1782 5819">
     <span class='ocr_line' id='line_1_104' title="bbox 299 5744 1782 5819; baseline -0.003 -19"><span class='ocrx_word' id='word_1_785' title='bbox 299 5747 407 5819; x_wconf 79' lang='grc' dir='ltr'><strong>(Η)</strong></span> <span class='ocrx_word' id='word_1_786' title='bbox 449 5744 584 5802; x_wconf 78' lang='lat' dir='ltr'><strong>Edtti</strong></span> <span class='ocrx_word' id='word_1_787' title='bbox 614 5749 819 5818; x_wconf 72' lang='grc' dir='ltr'>φλόγαο</span> <span class='ocrx_word' id='word_1_788' title='bbox 854 5747 986 5800; x_wconf 67' lang='grc' dir='ltr'><strong>ἀλλὰ</strong></span> <span class='ocrx_word' id='word_1_789' title='bbox 1019 5749 1111 5800; x_wconf 71' lang='grc' dir='ltr'><strong>καὶ</strong></span> <span class='ocrx_word' id='word_1_790' title='bbox 1136 5746 1349 5808; x_wconf 82' lang='grc' dir='ltr'>αύτούς,</span> <span class='ocrx_word' id='word_1_791' title='bbox 1385 5744 1488 5799; x_wconf 88' lang='lat' dir='ltr'><strong>etc.</strong></span> <span class='ocrx_word' id='word_1_792' title='bbox 1534 5746 1604 5798; x_wconf 82' lang='lat' dir='ltr'><strong>At</strong></span> <span class='ocrx_word' id='word_1_793' title='bbox 1631 5744 1782 5798; x_wconf 76' lang='lat' dir='ltr'><strong>Coll).</strong></span> 
     </span>
    </p>
   </div>
   <div class='ocr_carea' id='block_1_105' title="bbox 225 5819 1784 5890">
    <p class='ocr_par' dir='ltr' id='par_1_105' title="bbox 225 5819 1784 5890">
     <span class='ocr_line' id='line_1_105' title="bbox 225 5819 1784 5890; baseline -0.001 -20"><span class='ocrx_word' id='word_1_794' title='bbox 225 5828 277 5871; x_wconf 79' lang='lat' dir='ltr'><strong>et</strong></span> <span class='ocrx_word' id='word_1_795' title='bbox 318 5819 466 5890; x_wconf 72' lang='lat' dir='ltr'><strong>Regii</strong></span> <span class='ocrx_word' id='word_1_796' title='bbox 536 5829 646 5875; x_wconf 87' lang='lat' dir='ltr'><strong>tres</strong></span> <span class='ocrx_word' id='word_1_797' title='bbox 703 5832 759 5874; x_wconf 88' lang='lat' dir='ltr'><strong>ut</strong></span> <span class='ocrx_word' id='word_1_798' title='bbox 825 5819 877 5873; x_wconf 95' lang='lat' dir='ltr'><strong>in</strong></span> <span class='ocrx_word' id='word_1_799' title='bbox 937 5828 1209 5882; x_wconf 81' lang='lat' dir='ltr'><strong>contextu,</strong></span> <span class='ocrx_word' id='word_1_800' title='bbox 1267 5819 1471 5886; x_wconf 77' lang='lat' dir='ltr'><strong>integre</strong></span> <span class='ocrx_word' id='word_1_801' title='bbox 1503 5828 1555 5870; x_wconf 87' lang='lat' dir='ltr'><strong>et</strong></span> <span class='ocrx_word' id='word_1_802' title='bbox 1603 5831 1784 5871; x_wconf 90' lang='lat' dir='ltr'><strong>cmen-</strong></span> 
     </span>
    </p>
   </div>
   <div class='ocr_carea' id='block_1_106' title="bbox 224 5891 362 5943">
    <p class='ocr_par' dir='ltr' id='par_1_106' title="bbox 224 5891 362 5943">
     <span class='ocr_line' id='line_1_106' title="bbox 224 5891 362 5943; baseline -0.007 0"><span class='ocrx_word' id='word_1_803' title='bbox 224 5891 362 5943; x_wconf 67' lang='lat' dir='ltr'><strong>date.</strong></span> 
     </span>
    </p>
   </div>
   <div class='ocr_carea' id='block_1_107' title="bbox 1529 5117 1862 5174">
    <p class='ocr_par' dir='ltr' id='par_1_107' title="bbox 1529 5117 1862 5174">
     <span class='ocr_line' id='line_1_107' title="bbox 1529 5117 1862 5174; baseline 0.006 -2"><span class='ocrx_word' id='word_1_804' title='bbox 1529 5118 1572 5148; x_wconf 72' lang='lat'><strong>“</strong></span> <span class='ocrx_word' id='word_1_805' title='bbox 1614 5117 1740 5173; x_wconf 82' lang='lat' dir='ltr'><strong>ibid.</strong></span> <span class='ocrx_word' id='word_1_806' title='bbox 1779 5119 1862 5174; x_wconf 83' lang='lat' dir='ltr'><strong>ll.</strong></span> 
     </span>
    </p>
   </div>
   <div class='ocr_carea' id='block_1_108' title="bbox 1904 4665 3466 4737">
    <p class='ocr_par' dir='ltr' id='par_1_108' title="bbox 1904 4665 3466 4737">
     <span class='ocr_line' id='line_1_108' title="bbox 1904 4665 3466 4737; baseline -0.003 -13"><span class='ocrx_word' id='word_1_807' title='bbox 1904 4671 1967 4724; x_wconf 88' lang='lat' dir='ltr'><strong>ad</strong></span> <span class='ocrx_word' id='word_1_808' title='bbox 1997 4685 2182 4724; x_wconf 92' lang='lat' dir='ltr'><strong>eorum</strong></span> <span class='ocrx_word' id='word_1_809' title='bbox 2206 4667 2296 4737; x_wconf 90' lang='lat' dir='ltr'><strong>qui</strong></span> <span class='ocrx_word' id='word_1_810' title='bbox 2330 4667 2669 4736; x_wconf 83' lang='lat' dir='ltr'><strong>baptizantur</strong></span> <span class='ocrx_word' id='word_1_811' title='bbox 2695 4665 3202 4729; x_wconf 75' lang='lat' dir='ltr'><strong>sanctificationem,</strong></span> <span class='ocrx_word' id='word_1_812' title='bbox 3233 4676 3334 4731; x_wconf 88' lang='lat' dir='ltr'><strong>est,</strong></span> <span class='ocrx_word' id='word_1_813' title='bbox 3370 4667 3466 4720; x_wconf 71' lang='lat' dir='ltr'><strong>ba-</strong></span> 
     </span>
    </p>
   </div>
   <div class='ocr_carea' id='block_1_109' title="bbox 1900 4756 3465 4826">
    <p class='ocr_par' dir='ltr' id='par_1_109' title="bbox 1900 4756 3465 4826">
     <span class='ocr_line' id='line_1_109' title="bbox 1900 4756 3465 4826; baseline -0.001 -12"><span class='ocrx_word' id='word_1_814' title='bbox 1900 4763 2106 4826; x_wconf 82' lang='lat' dir='ltr'><strong>ptizare</strong></span> <span class='ocrx_word' id='word_1_815' title='bbox 2137 4762 2188 4814; x_wconf 92' lang='lat' dir='ltr'><strong>in</strong></span> <span class='ocrx_word' id='word_1_816' title='bbox 2243 4774 2434 4812; x_wconf 89' lang='lat' dir='ltr'><strong>nomen</strong></span> <span class='ocrx_word' id='word_1_817' title='bbox 2467 4758 2639 4811; x_wconf 86' lang='lat' dir='ltr'><strong>Patris</strong></span> <span class='ocrx_word' id='word_1_818' title='bbox 2670 4765 2723 4810; x_wconf 82' lang='lat' dir='ltr'><strong>et</strong></span> <span class='ocrx_word' id='word_1_819' title='bbox 2768 4757 2891 4810; x_wconf 83' lang='lat' dir='ltr'><strong>Filii</strong></span> <span class='ocrx_word' id='word_1_820' title='bbox 2926 4769 2980 4810; x_wconf 85' lang='lat' dir='ltr'><strong>et</strong></span> <span class='ocrx_word' id='word_1_821' title='bbox 3010 4756 3243 4823; x_wconf 87' lang='lat' dir='ltr'><strong>Spiritus</strong></span> <span class='ocrx_word' id='word_1_822' title='bbox 3270 4758 3465 4813; x_wconf 86' lang='lat' dir='ltr'><strong>sancti.</strong></span> 
     </span>
    </p>
   </div>
   <div class='ocr_carea' id='block_1_110' title="bbox 1899 4849 3468 4918">
    <p class='ocr_par' dir='ltr' id='par_1_110' title="bbox 1899 4849 3468 4918">
     <span class='ocr_line' id='line_1_110' title="bbox 1899 4849 3468 4918; baseline -0.001 -15"><span class='ocrx_word' id='word_1_823' title='bbox 1899 4853 2049 4918; x_wconf 81' lang='lat' dir='ltr'><strong>Quod</strong></span> <span class='ocrx_word' id='word_1_824' title='bbox 2076 4866 2202 4904; x_wconf 89' lang='lat' dir='ltr'><strong>vero</strong></span> <span class='ocrx_word' id='word_1_825' title='bbox 2234 4850 2283 4903; x_wconf 88' lang='lat' dir='ltr'><strong>in</strong></span> <span class='ocrx_word' id='word_1_826' title='bbox 2316 4849 2501 4903; x_wconf 90' lang='lat' dir='ltr'><strong>iisdem</strong></span> <span class='ocrx_word' id='word_1_827' title='bbox 2535 4849 2730 4902; x_wconf 84' lang='lat' dir='ltr'><strong>divinis</strong></span> <span class='ocrx_word' id='word_1_828' title='bbox 2774 4849 3027 4918; x_wconf 88' lang='lat' dir='ltr'><strong>operibus</strong></span> <span class='ocrx_word' id='word_1_829' title='bbox 3062 4849 3300 4902; x_wconf 85' lang='lat' dir='ltr'><strong>Trinitas</strong></span> <span class='ocrx_word' id='word_1_830' title='bbox 3339 4865 3468 4903; x_wconf 85' lang='lat' dir='ltr'><strong>san-</strong></span> 
     </span>
    </p>
   </div>
   <div class='ocr_carea' id='block_1_111' title="bbox 1897 4939 3466 5012">
    <p class='ocr_par' dir='ltr' id='par_1_111' title="bbox 1897 4939 3466 5012">
     <span class='ocr_line' id='line_1_111' title="bbox 1897 4939 3466 5012; baseline 0 -15"><span class='ocrx_word' id='word_1_831' title='bbox 1897 4951 1983 4997; x_wconf 89' lang='lat' dir='ltr'><strong>cta</strong></span> <span class='ocrx_word' id='word_1_832' title='bbox 2017 4941 2370 5012; x_wconf 72' lang='lat' dir='ltr'><strong>glorificatur,</strong></span> <span class='ocrx_word' id='word_1_833' title='bbox 2423 4939 2641 4994; x_wconf 85' lang='lat' dir='ltr'><strong>deitatis</strong></span> <span class='ocrx_word' id='word_1_834' title='bbox 2677 4940 2834 4994; x_wconf 91' lang='lat' dir='ltr'><strong>unius</strong></span> <span class='ocrx_word' id='word_1_835' title='bbox 2891 4940 3263 4994; x_wconf 87' lang='lat' dir='ltr'><strong>testimonium</strong></span> <span class='ocrx_word' id='word_1_836' title='bbox 3324 4951 3408 4995; x_wconf 85' lang='lat' dir='ltr'><strong>est</strong></span> <span class='ocrx_word' id='word_1_837' title='bbox 3449 4958 3466 4998; x_wconf 90' lang='lat'><strong>:</strong></span> 
     </span>
    </p>
   </div>
   <div class='ocr_carea' id='block_1_112' title="bbox 1962 5116 3458 5183">
    <p class='ocr_par' dir='ltr' id='par_1_112' title="bbox 1962 5116 3458 5183">
     <span class='ocr_line' id='line_1_112' title="bbox 1962 5116 3458 5183; baseline 0.005 -13"><span class='ocrx_word' id='word_1_838' title='bbox 1962 5118 2005 5148; x_wconf 72' lang='grc'>⁸³</span> <span class='ocrx_word' id='word_1_839' title='bbox 2031 5116 2219 5172; x_wconf 77' lang='lat' dir='ltr'><strong>Matth.</strong></span> <span class='ocrx_word' id='word_1_840' title='bbox 2264 5133 2414 5180; x_wconf 80' lang='lat' dir='ltr'><strong>xvtti,</strong></span> <span class='ocrx_word' id='word_1_841' title='bbox 2453 5119 2536 5172; x_wconf 78' lang='grc'><strong>10.</strong></span> <span class='ocrx_word' id='word_1_842' title='bbox 2643 5119 2687 5148; x_wconf 71' lang='grc'>⁸⁸</span> <span class='ocrx_word' id='word_1_843' title='bbox 2717 5118 2855 5173; x_wconf 83' lang='lat' dir='ltr'><strong>Psal.</strong></span> <span class='ocrx_word' id='word_1_844' title='bbox 2892 5135 3008 5183; x_wconf 87' lang='lat' dir='ltr'><strong>cut,</strong></span> <span class='ocrx_word' id='word_1_845' title='bbox 3058 5119 3112 5174; x_wconf 70' lang='grc'>4.</span> <span class='ocrx_word' id='word_1_846' title='bbox 3191 5123 3234 5152; x_wconf 75' lang='grc'><strong>⁸⁷</strong></span> <span class='ocrx_word' id='word_1_847' title='bbox 3262 5119 3305 5174; x_wconf 86' lang='lat' dir='ltr'><strong>II</strong></span> <span class='ocrx_word' id='word_1_848' title='bbox 3333 5122 3458 5178; x_wconf 91' lang='lat' dir='ltr'><strong>Cor.</strong></span> 
     </span>
    </p>
   </div>
   <div class='ocr_carea' id='block_1_113' title="bbox 1973 5389 3282 5459">
    <p class='ocr_par' dir='ltr' id='par_1_113' title="bbox 1973 5389 3282 5459">
     <span class='ocr_line' id='line_1_113' title="bbox 1973 5389 3282 5459; baseline 0.008 -17"><span class='ocrx_word' id='word_1_849' title='bbox 1973 5389 2082 5459; x_wconf 67' lang='grc' dir='ltr'><strong>(Η)</strong></span> <span class='ocrx_word' id='word_1_850' title='bbox 2103 5390 2238 5443; x_wconf 82' lang='lat' dir='ltr'><strong>Editi</strong></span> <span class='ocrx_word' id='word_1_851' title='bbox 2264 5391 2328 5443; x_wconf 75' lang='grc' dir='ltr'>τὰ</span> <span class='ocrx_word' id='word_1_852' title='bbox 2357 5391 2447 5443; x_wconf 85' lang='grc' dir='ltr'><strong>τοῦ</strong></span> <span class='ocrx_word' id='word_1_853' title='bbox 2471 5391 2625 5444; x_wconf 76' lang='grc' dir='ltr'>Θεοῦ.</span> <span class='ocrx_word' id='word_1_854' title='bbox 2653 5392 2877 5448; x_wconf 82' lang='lat' dir='ltr'><strong>Codices</strong></span> <span class='ocrx_word' id='word_1_855' title='bbox 2913 5409 3003 5448; x_wconf 77' lang='lat' dir='ltr'><strong>sex</strong></span> <span class='ocrx_word' id='word_1_856' title='bbox 3036 5395 3105 5448; x_wconf 82' lang='grc' dir='ltr'>τὰ</span> <span class='ocrx_word' id='word_1_857' title='bbox 3127 5395 3282 5453; x_wconf 86' lang='grc' dir='ltr'>Θεοῦ.</span> 
     </span>
    </p>
   </div>
   <div class='ocr_carea' id='block_1_114' title="bbox 1962 5461 3462 5538">
    <p class='ocr_par' dir='ltr' id='par_1_114' title="bbox 1962 5461 3462 5538">
     <span class='ocr_line' id='line_1_114' title="bbox 1962 5461 3462 5538; baseline 0.005 -25"><span class='ocrx_word' id='word_1_858' title='bbox 1962 5461 2252 5538; x_wconf 65' lang='lat' dir='ltr'><strong>(45)_Editi</strong></span> <span class='ocrx_word' id='word_1_859' title='bbox 2308 5462 2648 5532; x_wconf 79' lang='grc' dir='ltr'>ἀνθρώπους.</span> <span class='ocrx_word' id='word_1_860' title='bbox 2683 5465 2880 5538; x_wconf 75' lang='grc' dir='ltr'>Διόπερ</span> <span class='ocrx_word' id='word_1_861' title='bbox 2913 5467 2972 5517; x_wconf 83' lang='grc' dir='ltr'><strong>ού</strong></span> <span class='ocrx_word' id='word_1_862' title='bbox 3001 5467 3127 5538; x_wconf 82' lang='grc' dir='ltr'>γάρ.</span> <span class='ocrx_word' id='word_1_863' title='bbox 3165 5468 3316 5532; x_wconf 87' lang='lat' dir='ltr'><strong>Illud,</strong></span> <span class='ocrx_word' id='word_1_864' title='bbox 3353 5466 3462 5522; x_wconf 78' lang='grc' dir='ltr'>διό-</span> 
     </span>
    </p>
   </div>
   <div class='ocr_carea' id='block_1_115' title="bbox 1891 5533 3456 5604">
    <p class='ocr_par' dir='ltr' id='par_1_115' title="bbox 1891 5533 3456 5604">
     <span class='ocr_line' id='line_1_115' title="bbox 1891 5533 3456 5604; baseline 0.007 -22"><span class='ocrx_word' id='word_1_865' title='bbox 1891 5548 2016 5601; x_wconf 85' lang='grc' dir='ltr'>περ,</span> <span class='ocrx_word' id='word_1_866' title='bbox 2047 5533 2385 5604; x_wconf 19' lang='grc' dir='ltr'>ΑόεΙρνίιιιιιε,</span> <span class='ocrx_word' id='word_1_867' title='bbox 2432 5544 2667 5587; x_wconf 80' lang='lat' dir='ltr'><strong>veterum</strong></span> <span class='ocrx_word' id='word_1_868' title='bbox 2727 5533 2968 5604; x_wconf 75' lang='lat' dir='ltr'><strong>Quinque</strong></span> <span class='ocrx_word' id='word_1_869' title='bbox 3003 5533 3261 5592; x_wconf 75' lang='lat' dir='ltr'><strong>librorum</strong></span> <span class='ocrx_word' id='word_1_870' title='bbox 3297 5540 3456 5594; x_wconf 83' lang='lat' dir='ltr'><strong>iidem</strong></span> 
     </span>
    </p>
   </div>
   <div class='ocr_carea' id='block_1_116' title="bbox 1889 5600 3462 5678">
    <p class='ocr_par' dir='ltr' id='par_1_116' title="bbox 1889 5600 3462 5678">
     <span class='ocr_line' id='line_1_116' title="bbox 1889 5600 3462 5678; baseline 0.008 -24"><span class='ocrx_word' id='word_1_871' title='bbox 1889 5600 2078 5654; x_wconf 69' lang='lat' dir='ltr'><strong>seuuti.</strong></span> <span class='ocrx_word' id='word_1_872' title='bbox 2131 5600 2350 5678; x_wconf 77' lang='lat' dir='ltr'><strong>Contra,</strong></span> <span class='ocrx_word' id='word_1_873' title='bbox 2405 5618 2588 5678; x_wconf 74' lang='lat' dir='ltr'><strong>vocem</strong></span> <span class='ocrx_word' id='word_1_874' title='bbox 2646 5600 3057 5678; x_wconf 76' lang='grc' dir='ltr'>εὐεργετῆματα</span> <span class='ocrx_word' id='word_1_875' title='bbox 3105 5624 3170 5662; x_wconf 80' lang='lat' dir='ltr'><strong>ex</strong></span> <span class='ocrx_word' id='word_1_876' title='bbox 3227 5620 3462 5678; x_wconf 75' lang='lat' dir='ltr'><strong>qualuu‘:</strong></span> 
     </span>
    </p>
   </div>
   <div class='ocr_carea' id='block_1_117' title="bbox 1887 5671 2695 5742">
    <p class='ocr_par' dir='ltr' id='par_1_117' title="bbox 1887 5671 2695 5742">
     <span class='ocr_line' id='line_1_117' title="bbox 1887 5671 2695 5742; baseline 0.002 -18"><span class='ocrx_word' id='word_1_877' title='bbox 1887 5687 2019 5725; x_wconf 87' lang='lat' dir='ltr'><strong>mss.</strong></span> <span class='ocrx_word' id='word_1_878' title='bbox 2050 5687 2154 5742; x_wconf 68' lang='lat' dir='ltr'><strong>non</strong></span> <span class='ocrx_word' id='word_1_879' title='bbox 2191 5671 2346 5742; x_wconf 81' lang='lat' dir='ltr'><strong>longe</strong></span> <span class='ocrx_word' id='word_1_880' title='bbox 2374 5675 2695 5726; x_wconf 79' lang='lat' dir='ltr'><strong>addidimus.</strong></span> 
     </span>
    </p>
   </div>
   <div class='ocr_carea' id='block_1_118' title="bbox 1957 5741 3461 5864">
    <p class='ocr_par' dir='ltr' id='par_1_118' title="bbox 1957 5741 3461 5864">
     <span class='ocr_line' id='line_1_118' title="bbox 1957 5741 3461 5864; baseline 0.009 -72"><span class='ocrx_word' id='word_1_881' title='bbox 1957 5741 2270 5864; x_wconf 45' lang='lat' dir='ltr'><strong>tt‘i)bg;;c‘l)ex</strong></span> <span class='ocrx_word' id='word_1_882' title='bbox 2291 5741 2460 5798; x_wconf 24' lang='lat' dir='ltr'><strong>’Colb.</strong></span> <span class='ocrx_word' id='word_1_883' title='bbox 2491 5745 2625 5814; x_wconf 74' lang='grc' dir='ltr'>μετὰ</span> <span class='ocrx_word' id='word_1_884' title='bbox 2653 5745 2864 5818; x_wconf 70' lang='grc' dir='ltr'>Πατρδς</span> <span class='ocrx_word' id='word_1_885' title='bbox 2889 5750 2980 5801; x_wconf 81' lang='grc' dir='ltr'><strong>καὶ</strong></span> <span class='ocrx_word' id='word_1_886' title='bbox 3007 5748 3159 5818; x_wconf 81' lang='grc' dir='ltr'>Υίοῦ,</span> <span class='ocrx_word' id='word_1_887' title='bbox 3192 5765 3308 5804; x_wconf 82' lang='lat' dir='ltr'><strong>cum</strong></span> <span class='ocrx_word' id='word_1_888' title='bbox 3345 5745 3461 5807; x_wconf 79' lang='grc' dir='ltr'><strong>Ρα-</strong></span> 
     </span>
    </p>
   </div>
   <div class='ocr_carea' id='block_1_119' title="bbox 1885 5820 2230 5867">
    <p class='ocr_par' dir='ltr' id='par_1_119' title="bbox 1885 5820 2230 5867">
     <span class='ocr_line' id='line_1_119' title="bbox 1885 5820 2230 5867; baseline -0.003 -3"><span class='ocrx_word' id='word_1_889' title='bbox 1885 5820 1964 5865; x_wconf 84' lang='lat' dir='ltr'><strong>tre</strong></span> <span class='ocrx_word' id='word_1_890' title='bbox 1986 5823 2031 5867; x_wconf 84' lang='lat' dir='ltr'><strong>et</strong></span> <span class='ocrx_word' id='word_1_891' title='bbox 2068 5820 2230 5864; x_wconf 72' lang='lat' dir='ltr'><strong>r&#39;tlio.</strong></span> 
     </span>
    </p>
   </div>
  </div>
