4208 6476
242 441 347 496 73-,
1334 424 1709 481 Αθιέιιευε
1746 421 2113 501 ευΝοιιιωι
2156 420 2281 475 ua.
2330 420 2393 471 ν.
3384 419 3487 475 738

242 550 421 622 μένων
449 544 737 613 ἀπέκοψεν.
768 542 1052 610 Ἐκπομπῇ
1083 537 1189 607 γὰρ
1210 540 1301 589 καὶ
1328 537 1606 607 μεταδόσει
1652 536 1821 588 Πνεύ-
1851 546 1894 598 Α

1851 533 2193 602 Αείριιιὶοιιο
2233 532 2470 601 Spiritus
2531 528 2681 583 nunt.
2732 528 3079 599 Nequaquam
3134 532 3184 583 in
3245 541 3488 601 tempore

244 619 411 711 ματος
440 638 509 691 τὰ
532 637 791 706 γινόμενα
812 632 1041 703 γίνεται.
1065 632 1181 683 Ούκ
1210 633 1269 684 ὲν
1303 631 1479 701 χρόνῳ
1515 631 1727 700 πρόεισι
1756 630 1816 681 τὸ

1921 624 2162 695 procedit
2190 623 2333 692 quod
2368 637 2433 676 ex
2465 620 2573 675 Deo
2604 619 2871 689 procedit,
2902 620 3111 674 etiamsi
3150 621 3203 675 in
3239 632 3480 693 tempore

239 732 430 803 προϊὸν
463 731 528 783 ὲκ
558 726 713 792 Θεοῦ,
748 725 849 779 κᾶν
879 727 935 776 ὲν
952 723 1127 794 χρόνῳ
1160 722 1259 785 τὰς
1285 723 1533 792 ποιήσεις
1561 720 1811 789 ἀποδιδῷ.

1922 728 2202 773 creaturas
2248 717 2530 785 producat.
2593 715 2688 769 Est
2742 715 2977 769 Verbum
3034 730 3263 784 semper,
3325 728 3486 773 antea

245 824 430 875 Ἔστιν
472 822 501 872 ὁ
547 818 716 885 Λόγος
766 818 870 879 ἀεὶ,
926 814 1021 865 καὶ
1069 814 1198 882 πρὶν
1245 811 1663 866 ὑποδείκνυσθαι
1712 811 1817 863 ὑπὸ

1917 812 2079 865 etiam
2128 824 2288 877 quam
2330 823 2359 859 a
2413 806 2561 861 Mose
2607 806 3009 869 ostenderetur,
3041 808 3195 876 quasi
3248 809 3486 863 humano

241 912 486 975 Μωσέως
520 910 701 975 αὑτὸν,
726 908 914 978 ὥσπερ
940 906 1267 978 λαλούμενον
1288 907 1645 977 ἀνθρωπίνως
1680 905 1814 975 (72),

242 1008 323 1070 εἰς
356 1006 415 1058 τὸ
463 1004 561 1075 τὴν
586 1002 654 1055 δι’
682 1001 846 1054 αὐτοῦ
872 1000 1167 1071 γινομένην
1208 1000 1387 1053 κτίσιν
1416 998 1817 1069 ὲρμηνευθῆναι

242 1093 383 1145 κατὰ
403 1090 571 1143 τύπον
603 1087 962 1159 ἀνθρώπινον.
993 1090 1178 1141 Ἔστιν
1207 1089 1293 1141 ἀεὶ
1326 1089 1387 1141 τὸ
1423 1087 1647 1158 Πνεῦμα
1680 1089 1812 1158 (75),

242 1186 335 1238 καὶ
361 1184 487 1255 πρὶν
532 1179 923 1252 ὲμφυσώμενον
954 1182 1083 1235 αὐτὸ
1118 1182 1209 1233 καὶ
1235 1181 1649 1250 μεταδιδόμενον
1682 1182 1815 1233 ὐπο-

241 1276 427 1347 γράψῃ
486 1273 689 1343 Mani;
769 1274 919 1343 τόπῳ
1007 1273 1303 1344 σωματικῷ
1375 1274 1472 1345 τὴν
1529 1274 1597 1326 δι’
1651 1273 1814 1325 αὑτοῦ

241 1366 566 1437 ζωοποίησιν
599 1368 951 1439 ὑπογράφων.

245 1482 392 1543 "Ott,
420 1482 471 1533 εί
501 1481 587 1551 μὴ
627 1482 691 1534 τὸ
730 1481 971 1549 Πνεῦμα
1013 1482 1079 1534 ἐκ
1117 1481 1265 1535 Θεοῦ
1313 1481 1475 1551 λέγοι
1516 1500 1623 1547 τις,
1675 1482 1816 1536 οὐδὲ

860 1552 965 1604 τὸν
990 1555 1199 1621 Λόγον.

311 1641 362 1695 1.
410 1642 569 1695 Ἀλλὰ
607 1644 674 1695 τὰ
709 1644 807 1713 μὲν
840 1644 1170 1712 οίκειότητος
1217 1644 1317 1711 τῆς
1352 1644 1487 1713 πρὸς
1514 1644 1645 1695 Θεὸν
1676 1642 1814 1712 σύμο

241 1731 524 1799 ϐολα,,κα“ι
554 1734 846 1803 συναφείας
882 1737 980 1804 τῆς
1024 1734 1208 1801 Θεῖκῆς
1234 1735 1625 1805 ἑρμηνεύματα
1653 1751 1812 1805 περι-

1920 918 2068 958 more
2102 902 2344 970 loquens,
2383 909 2442 952 ut
2485 898 2630 953 facta
2677 914 2771 967 per
2814 899 2986 969 ipsum
3014 908 3262 954 creatura
3293 914 3488 955 secun-

1918 996 2040 1049 dum
2080 995 2369 1048 humanam
2398 993 2628 1046 fortnam
2664 990 3043 1059 explicaretur.
3077 990 3315 1061 Spiritus
3344 1006 3485 1047 sein-

1920 1103 2016 1156 per
2048 1096 2150 1150 est,
2184 1096 2309 1140 ante
2338 1085 2500 1141 etiam
2524 1099 2682 1154 quam
2719 1082 2989 1138 sumntum
3015 1098 3137 1138 eum
3172 1093 3227 1139 et
3248 1099 3483 1140 commu-

1918 1182 2154 1234 nicatum
2223 1180 2553 1233 describeret
2603 1176 2781 1233 Moses
2840 1177 3107 1247 corporali
3154 1178 3346 1247 figura,
3390 1195 3489 1252 per

1919 1274 2091 1342 ipsum
2129 1272 2547 1326 vivificationem
2578 1285 2699 1326 esse
2731 1271 3043 1327 describens
3061 1271 3129 1327 “.

1920 1468 2075 1531 Quod
2104 1469 2147 1521 si
2179 1470 2294 1536 quis
2322 1468 2579 1537 Spiritum
2609 1468 2808 1591 εαξάυεο
2830 1487 2930 1522 ιιοη
2958 1470 3121 1534 ὀίεαι,
3159 1487 3221 1525 ne
3258 1468 3483 1526 Verbum

2583 1557 2668 1591 aui
2711 1557 2812 1591 em.

2583 1557 2812 1608 quidem.

1988 1630 2039 1683 l.
2080 1628 2239 1699 Atqui
2284 1645 2404 1700 quae
2443 1631 2660 1699 quidem
2720 1641 2849 1686 sunt
2898 1631 3314 1687 necessitudinis
3359 1648 3483 1687 cum

1919 1719 2026 1773 Deo
2052 1720 2228 1790 signa,
2255 1731 2310 1775 et
2338 1736 2458 1790 qua:
2491 1730 2617 1775 sunt
2663 1722 2860 1775 divinae
2900 1720 3293 1790 coniunctionis
3326 1722 3487 1777 inter-

239 1826 461 1889 κόπτεις
500 1826 634 1896 (74),
666 1827 757 1879 τὸν
784 1827 977 1893 Λόγον,
1003 1826 1062 1877 τὸ
1092 1826 1315 1896 Πνεῦμα
1340 1843 1353 1855 ο
1391 1825 1458 1879 τὰ
1481 1827 1536 1879 δὲ
1563 1828 1661 1896 τῆς
1685 1827 1817 1891 ἔξω·
1848 1891 1881 1896 λ

1916 1824 2273 1881 pretamenta,
2306 1814 2466 1867 Verbi
2505 1814 2713 1868 scilicet
2752 1829 2815 1869 ac
2862 1813 3095 1885 Spiritus
3122 1814 3361 1879 nomina,
3398 1831 3482 1870 re-

238 1917 329 1969 θεν
380 1918 473 1970 καὶ
518 1917 617 1986 τῆς
661 1916 956 1986 διεστώσης
1007 1917 1221 1986 φύσεως
1274 1918 1586 1988 δηλωτικὰ,
1640 1920 1812 1974 ταῦτα
1846 1891 1889 1945 Β

1846 1891 1889 1945 Β
1918 1916 2105 1968 secas;
2152 1920 2215 1958 ea
2263 1920 2390 1960 vero
2433 1906 2547 1959 sola
2603 1921 2722 1975 quae
2770 1915 3050 1960 externam
3097 1906 3477 1976 diversamque

242 2008 379 2078 μόνα
416 2008 721 2079 προσίεσαι,
765 2009 947 2078 χειρὸς
992 2008 1273 2079 ἐνέργειαν
1330 2011 1424 2062 καὶ
1470 2011 1686 2081 ποίησιν
1720 2011 1811 2081 ἕρ-

240 2117 373 2168 γων.
422 2102 482 2153 Εἰ
525 2101 630 2171 γὰρ
671 2100 730 2152 τὸ
766 2100 990 2171 Πνεῦμα
1028 2102 1100 2172 μὴ
1149 2101 1411 2175 πιστεύῃς
1450 2104 1513 2155 ὲκ
1545 2103 1813 2173 στόματος

238 2190 373 2242 Θεοῦ
404 2188 845 2260 προεληλυθέναι,
865 2190 974 2241 οὐδ’
991 2190 1055 2243 ἂν
1072 2192 1164 2243 τὸν
1189 2193 1359 2259 Λόγον
1384 2194 1660 2254 πιστεύοις
1677 2193 1809 2263 (75).

250 2277 401 2329 Ἐπεὶ
428 2278 521 2330 καὶ
545 2278 572 2329 ὁ
598 2277 786 2340 Δαὸὶδ,
824 2279 993 2347 Λόγον
1044 2280 1137 2331 καὶ
1178 2280 1401 2350 Πνεῦμα
1439 2282 1798 2344 συνδοξαζων,

236 2367 316 2437 τῷ
331 2368 487 2439 Λόγῳ
516 2371 721 2441 Κυρίου
744 2372 870 2432 τοῦς
892 2371 1154 2440 οὐρανοὺς
1181 2373 1399 2441 εἴρηκεν
1427 2374 1544 2423 ἐστε
1554 2373 1807 2442 ρεῶσθαι,

236 2461 332 2513 καὶ
380 2460 459 2531 τῷ
504 2463 781 2533 Πνεύματι
815 2462 907 2516 τοῦ
956 2464 1220 2533 στόματος
1266 2465 1429 2518 αὑτοῦ
1480 2468 1659 2519 πᾶσαν
1713 2468 1810 2539 τὴν

236 2551 467 2622 δύναμιν
517 2553 715 2607 αὐτῶν.
768 2555 877 2607 Καὶ
923 2557 950 2605 ό
1004 2555 1227 2621 Μωσῆς,
1280 2558 1308 2608 ὁ
1354 2558 1513 2627 Λόγῳ
1556 2558 1813 2629 γινόμενα

236 2645 305 2697 τὰ
339 2644 475 2715 ἔργα
507 2649 881 2719 παραστήσας,
940 2650 1033 2700 καὶ
1085 2649 1363 2718 Πνεύματι
1408 2649 1813 2723 ζωοποιούμενα

241 2736 480 2803 δέξειχεν
519 2738 576 2787 ὲν
615 2739 680 2807 τῇ
715 2736 811 2790 τοῦ
848 2737 969 2790 κατ’
999 2739 1181 2791 εἰκόνα
1233 2741 1451 2810 ποιήσει
1501 2740 1807 2813 ἀνθρώπου.

239 2824 366 2886 Πῶς
408 2823 475 2877 ἂν
519 2820 611 2878 οὖν
652 2827 937 2897 χωρίζοιτο
968 2830 1037 2882 τὰ
1077 2827 1379 2899 ἀχώριστα,
1433 2832 1605 2900 Λόγος
1652 2835 1810 2899 Θεοῦ,

237 2916 332 2967 καὶ
364 2914 588 2987 Πνεῦμα
642 2918 706 2971 ὲκ
754 2920 889 2973 Θεοῦ
943 2920 1010 2973 δι’
1037 2922 1163 2973 Υἰοῦ
1194 2921 1349 2992 (76);
1393 2924 1457 2977 EE
1490 2924 1545 2975 δὲ
1589 2926 1813 2996 Πνεῦμα

236 3007 543 3061 ἀπιστεῖται
588 3010 735 3080 (77),
792 3012 887 3063 καὶ
924 3014 1091 3079 Λόγος
1146 3016 1579 3067 συναπιστεῖται.
1614 3017 1811 3070 Ἀκουε

233 3097 331 3151 τοῦ
386 3098 597 3151 Παύλου
632 3102 730 3169 τὴν
785 3092 1064 3171 μόρφωσιν
1104 3104 1260 3179 ημῶν
1290 3103 1389 3173 τὴν
1423 3105 1565 3157 κατὰ
1589 3106 1721 3160 Θεὸν
1756 3111 1813 3162 ὲν

236 3188 513 3257 Πνεύματι
566 3190 834 3243 τελεῖσθαι
890 3193 1134 3261 λέγοντος
1161 3213 1174 3225 ο
1216 3195 1406 3262 Ἡμεῖς
1439 3197 1507 3249 δὲ
1551 3198 1807 3267 πάντες,
1837 3230 1879 3286 C

235 3278 779 3347 ἀνακεκαλυμμένῳ
793 3282 1088 3349 προσώπῳ
1098 3283 1210 3352 τὴν
1222 3284 1411 3350 δόξαν
1433 3290 1653 3355 Κυρίου
1674 3306 1809 3343 κατ-

235 3366 653 3437 οπτριζόμενοι,
698 3371 813 3440 τὴν
834 3373 1028 3443 αὐτὴν
1048 3378 1252 3429 εἰκόνα
1282 3380 1810 3447 μεταμορφούμεθα

234 3456 351 3511 ἀπὸ
380 3457 564 3528 δόξης
595 3464 683 3527 είς
707 3463 917 3528 δόξαν,
938 3464 1202 3533 καθάπερ
1231 3468 1347 3519 ἀπὸ
1374 3471 1594 3535 Κυρίου
1621 3472 1810 3524 Πνεύ-

230 3567 435 3619 ματος.
482 3554 582 3607 Διὰ
630 3555 723 3608 τοῦ
776 3557 948 3625 Λόγου
975 3558 1081 3627 ἄρα
1122 3559 1211 3611 καὶ
1255 3560 1411 3629 ἐντῷ
1442 3562 1718 3633 Πνεύματι
1750 3566 1809 3617 τὸ

236 3644 355 3695 κατ’
382 3645 565 3701 εἰκόνα
592 3648 819 3717 ποίημα.
871 3649 1029 3701 Ἀλλὰ
1074 3654 1217 3702 ποιεῖ
1264 3650 1327 3703 τὸ
1386 3653 1629 3724 Πνεῦμα,
1680 3659 1806 3727 φῂς,

233 3733 365 3797 Θεὸς
400 3734 531 3806 (78),
559 3738 651 3790 καὶ
679 3740 820 3790 ποιεῖ
844 3739 909 3792 δι’
943 3740 1072 3793 Υἰοῦ
1095 3758 1106 3770 ·
1140 3741 1233 3794 καὶ
1258 3743 1335 3806 τὸ,
1368 3743 1569 3798 Πάντα
1600 3747 1672 3799 δι’
1700 3752 1806 3801 (ιι)-

234 3824 339 3878 τοῦ
374 3824 645 3897 ἐγένετο,
691 3830 1211 3902 συμπεριειληφέναι
1270 3850 1353 3885 σοι
1402 3836 1549 3888 δοκεῖ
1598 3840 1690 3889 καὶ
1747 3840 1807 3890 τὸ

235 3915 477 3989 Πνεῦμα.
512 3918 721 3972 Οὐκοῦν
755 3937 834 3972 σοι
862 3920 989 3982 δυὰς
1025 3923 1055 3991 ἡ
1084 3922 1250 3991 me;
1286 3924 1697 3991 ἀποδέδεικταις
1742 3927 1804 3980 Εἰ

233 4008 343 4079 γὰρ
379 4008 518 4080 μετὰ
539 4009 757 4062 πάντων
782 4011 842 4061 τὸ
873 4011 1117 4081 Πνεῦμα,
1148 4012 1262 4075 πῶς
1300 4016 1437 4083 μετὰ
1474 4019 1684 4089 Πατρὸς
1714 4020 1806 4071 καὶ

234 4099 399 4164 Tim");
435 4101 495 4152 Εί
520 4100 579 4154 δὲ
615 4102 675 4153 ού
719 4100 855 4170 μετὰ
878 4103 1088 4172 Πατρὸς
1139 4104 1230 4155 καὶ
1269 4105 1399 4157 Υίοῦ
1439 4108 1499 4159 τὸ
1549 4110 1802 4180 Πνεῦμα,

235 4190 353 4253 πῶς
379 4190 547 4263 Τριάς
582 4194 616 4261 ἡ
654 4191 823 4271 Τριάς
853 4192 998 4265 (79);
1032 4194 1139 4247 Καὶ
1170 4195 1288 4258 πῶς
1316 4198 1408 4249 ἐπὶ
1436 4197 1533 4267 τῆς
1576 4200 1805 4271 Τριὰδος

232 4281 295 4335 τὸ
323 4282 603 4353 βάπτισμα
626 4282 719 4336 τοῦ
739 4262 962 4355 Ικόσμου
1001 4288 1200 4349 παντὸς
1243 4262 1593 4356 ἁγιαστικόνς
1625 4262 1803 4347 ”Αλλα

236 4376 328 4427 καὶ
367 4375 442 4445 τῷ
467 4374 619 4429 ῦδατι
652 4377 1101 4447 συναριθμεῖσθαι
1134 4380 1264 4431 αὐτὸ
1299 4382 1423 4451 φῂς,
1462 4382 1535 4445 ὼς
1559 4387 1657 4453 τῆς
1690 4388 1805 4438 κτί-

237 4481 373 4528 σεως
415 4466 506 4530 ὃν,
543 4465 730 4537 ὥσπερ
764 4468 858 4519 καὶ
890 4467 951 4518 τὸ
991 4465 1133 4537 ὕδωρ
1176 4468 1318 4519 ἐστί·
1360 4469 1538 4537 λέγειν
1572 4472 1681 4543 γὰρ
1712 4474 1804 4526 τὸν

1914 2004 2163 2048 naturam
2226 1996 2555 2064 signilicant,
2609 1997 2875 2063 admittis,
2927 2007 3053 2068 puta
3112 1998 3483 2068 operationem

1915 2100 2128 2150 manus,
2157 2100 2226 2139 ac
2255 2101 2479 2153 operum
2539 2089 2889 2144 creationem.
2940 2087 3072 2141 Nam
3115 2090 3159 2143 si
3218 2087 3480 2158 Spiritum

1915 2190 2018 2228 non
2060 2178 2237 2231 credis
2281 2193 2347 2231 ex
2396 2179 2485 2231 Dei
2517 2195 2611 2233 ore
2655 2182 3005 2249 processisse,
3035 2196 3209 2252 neque
3246 2180 3479 2237 Verbum

1914 2268 2121 2321 credes.
2149 2270 2355 2323 Etenim
2386 2281 2437 2323 et
2468 2269 2632 2325 David
2671 2270 2902 2324 Verbum
2942 2283 2997 2325 et
3029 2271 3292 2339 Spiritum
3324 2274 3483 2329 simul

1914 2358 2152 2414 alliciens
2183 2361 2373 2430 gloria,
2411 2360 2548 2414 dixit
2576 2361 2742 2417 cinlos
2768 2360 2943 2416 Verbo
2980 2362 3193 2418 Domini
3236 2365 3482 2419 ﬁrmatos

1913 2467 2058 2518 esse,
2092 2470 2156 2507 ac
2175 2453 2380 2523 Spiritu
2406 2454 2519 2509 oris
2549 2453 2666 2523 ejus
2691 2470 2905 2511 omnem
2931 2471 3119 2511 eorum
3133 2457 3395 2513 virtutem
3412 2458 3481 2514 ⁸⁸.

1916 2548 1981 2601 Et
2004 2549 2198 2610 Moses,
2235 2564 2358 2604 cum
2386 2563 2550 2618 Opera
2583 2547 2757 2605 Verbo
2787 2548 2931 2604 facta
2966 2548 3134 2606 fuisse
3160 2550 3483 2616 declaravit,

1914 2656 1979 2695 ea
2012 2641 2213 2711 Spiritu
2251 2656 2464 2711 quoque
2505 2641 2769 2696 vivillcari
2818 2643 3087 2707 ostendit,
3143 2644 3195 2697 in
3248 2645 3481 2699 hominis

1912 2734 2207 2789 secundum
2252 2734 2541 2801 imaginem
2586 2734 2945 2789 creatione“.
2982 2735 3265 2801 Quomodo
3320 2736 3483 2806 igitur

1914 2826 2155 2895 separari
2196 2829 2405 2894 possint
2460 2843 2580 2897 qua:
2636 2838 2763 2884 sunt
2806 2830 3204 2900 inseparabilia,
3243 2830 3480 2884 Verbum

1914 2919 2121 2972 scilicet
2154 2917 2273 2983 Dei,
2307 2929 2359 2973 et
2402 2918 2641 2988 Spiritus
2693 2935 2757 2975 ex
2802 2923 2907 2975 Deo
2941 2936 3034 2989 per
3074 2919 3299 2974 Filium?
3330 2919 3482 2986 Quod

1912 3010 1957 3063 si
1984 3025 2090 3064 non
2126 3012 2304 3066 credis
2333 3012 2383 3065 in
2414 3010 2699 3081 Spiritum,
2737 3029 2910 3082 neque
2951 3015 3001 3065 in
3051 3012 3242 3066 Filium
3277 3011 3479 3066 credis.

1912 3102 2050 3155 Audi
2082 3102 2304 3155 Paulum
2335 3103 2423 3171 qui
2460 3116 2702 3156 nostram
2728 3102 3108 3157 formationem
3142 3118 3259 3172 qua:
3289 3118 3482 3157 secun-

1914 3192 2039 3246 dum
2070 3190 2237 3245 Deum
2277 3204 2360 3248 est
2394 3194 2445 3246 in
2476 3192 2676 3261 Spiritu
2709 3192 2890 3261 perlici
2921 3192 3015 3245 ait.
3047 3189 3157 3245 Nos
3178 3203 3351 3244 autem
3374 3208 3482 3246 om-

1914 3298 2000 3336 nes
2041 3293 2230 3337 retecta
2268 3284 2403 3353 [acie
2442 3285 2659 3352 gloriam
2699 3282 2907 3336 Domini
2958 3285 3013 3337 in
3051 3283 3257 3352 speculo
3298 3300 3483 3352 repra-

1912 3386 2194 3441 sentaules,
2230 3378 2298 3428 ad
2345 3380 2576 3429 eamdem
2631 3377 2907 3445 imaginem
2956 3376 3399 3445 transformamur
3446 3393 3480 3429 α

1910 3469 2079 3538 gloria
2107 3471 2161 3521 in
2195 3468 2413 3537 gloriam
2445 3485 2461 3521 :
2494 3468 2658 3539 308
2701 3481 2947 3535 tanquam
3000 3486 3033 3521 α
3087 3467 3303 3522 Domini
3350 3468 3479 3534 Spi-

1914 3562 2092 3615 ritu".
2129 3559 2232 3613 Per
2264 3560 2496 3614 Verbum
2527 3576 2655 3629 ergo
2687 3570 2740 3613 et
2773 3563 2823 3613 in
2859 3561 3062 3629 Spiritu
3106 3571 3353 3613 creatura
3388 3574 3477 3614 se-

1911 3656 2141 3707 cundum
2201 3654 2485 3723 imaginem
2536 3663 2640 3708 est.
2678 3656 2751 3707 At
2790 3654 2938 3717 facit,
2988 3656 3184 3724 inquis,
3216 3653 3478 3721 Spiritum

1913 3746 2073 3811 Deus,
2109 3744 2314 3799 etfacit
2346 3760 2439 3813 per
2468 3744 2661 3799 Filium
2688 3764 2701 3798 :
2728 3755 2784 3799 et
2809 3745 2961 3811 illud,
2984 3747 3173 3799 Omnia
3194 3763 3285 3814 per
3310 3747 3479 3815 ipsum

1910 3840 2053 3905 facta
2088 3848 2207 3892 sunt
2226 3838 2295 3900 ⁸⁸,
2330 3837 2593 3904 Spiritum
2624 3851 2843 3907 quoque
2872 3840 2964 3893 tibi
2992 3840 3206 3894 videtur
3241 3840 3478 3911 comple-

1907 3932 2001 3985 cti.
2033 3931 2270 3983 Trinitas
2312 3930 2474 4000 igitur
2504 3929 2731 3985 dunlitas
2760 3930 2850 3985 tibi
2891 3933 3148 4002 apparet?
3187 3932 3394 3988 Etenim
3428 3935 3475 3989 si

1909 4023 2141 4091 Spiritus
2176 4038 2277 4075 una
2304 4038 2423 4075 cum
2450 4025 2698 4079 omnibus
2730 4034 2834 4088 est,
2862 4024 3133 4095 quomodo
3167 4024 3474 4078 fueritcum

1907 4113 2066 4169 Patre
2093 4124 2147 4169 et
2176 4114 2348 4170 Filio?
2384 4116 2439 4169 Si
2470 4131 2600 4171 vero
2641 4132 2745 4171 non
2777 4126 2859 4172 est
2888 4132 3008 4171 cum
3040 4117 3199 4171 Patre
3229 4125 3282 4172 et
3312 4116 3472 4185 Filio,

1906 4207 2176 4275 quomodo
2218 4204 2454 4260 Trinitas
2482 4216 2565 4260 est
2589 4204 2865 4261 Trinitas?
2893 4207 3042 4269 Item,
3074 4207 3341 4274 quomodo
3378 4205 3477 4262 ba-

1907 4299 2153 4365 ptismus,
2193 4297 2284 4364 qui
2347 4297 2658 4351 universum
2704 4297 2890 4351 orbem
2936 4296 3259 4362 sanctiﬁcat,
3295 4308 3380 4353 est
3416 4299 3474 4353 in

1907 4388 2320 4443 Trinitate?Sed
2348 4400 2538 4444 etcum
2570 4406 2706 4460 aqua
2733 4392 3001 4445 numerari
3030 4406 3149 4445 eum
3173 4379 3329 4459 dicis,
3360 4400 3477 4447 tan-

1906 4496 2065 4549 quam
2115 4479 2207 4550 qui
2266 4492 2516 4536 creatura
2549 4483 2639 4550 sit,
2667 4483 3116 4552 quemadmodum
3144 4484 3304 4537 etiam
3332 4499 3474 4555 aqua

236 4557 455 4627 Κύριον.
504 4557 643 4611 Ἐὰν
679 4556 763 4625 μή
806 4577 895 4625 τις
939 4558 1320 4627 ἁνατεννηθῇ
1349 4561 1417 4625 ἐξ
1446 4562 1664 4630 ὕδατος
1704 4567 1799 4619 καὶ
1837 4585 1879 4639 ι)

1837 4585 1879 4639 ι)
1909 4582 2009 4624 est.
2042 4570 2267 4627 Constat
2293 4574 2436 4627 enim
2494 4572 2776 4628 Dominum
2812 4575 2994 4628 dicere
3024 4589 3037 4627 :
3072 4572 3193 4628 Nisi
3229 4576 3343 4646 quis
3388 4594 3473 4630 re-

235 4652 595 4718 Πιοςύιιατος.
623 4651 732 4704 Καὶ
756 4652 912 4705 τοῦτο
947 4652 1024 4706 ἔτι
1054 4653 1247 4723 μικρόν
1270 4652 1399 4725 (80).
1429 4656 1499 4710 Σὺ
1528 4657 1695 4710 δὲκαὶ
1725 4658 1801 4727 τῷ

308 4786 355 4819 ⁸⁸
382 4789 516 4844 Gen.
554 4807 614 4855 ιι,
637 4791 701 4847 7.,
765 4792 811 4823 "
834 4793 977 4849 Psal.
1015 4809 1187 4858 xxx",
1219 4794 1272 4849 6.
1334 4796 1397 4827 »³⁸
1420 4796 1551 4851 Gen.
1579 4812 1617 4859 t,
1645 4797 1735 4852 27.
1812 4800 1857 4832 ⁸⁷
1880 4801 1921 4857 ll
1942 4800 1970 4855 ί

641 4791 701 4847 7.
765 4792 811 4823 ⁸⁸
834 4793 977 4849 Psal.
1015 4809 1187 4858 xxx",
1219 4794 1272 4849 6.
1334 4796 1397 4827 »³⁸
1420 4796 1551 4851 Gen.
1579 4812 1617 4859 t,
1645 4797 1735 4852 27.
1812 4800 1857 4832 ⁸⁷
1880 4801 1921 4857 ll
1942 4800 2070 4855 Cor.
2098 4816 2180 4865 ιιι,
2216 4798 2303 4856 18.

308 4926 422 4995 (72)
471 4929 695 4997 Ὥσπερ
736 4928 1115 4998 λαλούμενον
1163 4930 1565 4997 ἀνθρωπίνως.
1620 4928 1799 4997 Verte,

233 4998 382 5066 quasi
411 4998 637 5049 humano
670 5014 809 5051 more
835 4998 1253 5063 pronuntiatum.

306 5067 414 5141 (75)
453 5068 559 5130 Illa,
596 5068 805 5141 "anm
828 5068 913 5120 ἀεὶ
950 5070 1010 5121 τὸ
1039 5066 1281 5141 Πνεῦμα,
1314 5078 1369 5122 ει
1403 5068 1605 5138 reliqua
1639 5072 1703 5126 ad
1734 5072 1800 5126 li—

238 5139 405 5192 tulnm
432 5154 624 5205 usque,
660 5138 764 5191 non
795 5138 1043 5203 leguntur
1076 5138 1129 5191 in
1169 5138 1295 5205 lieg.
1334 5141 1515 5193 tertio.

308 5207 417 5279 (74)
459 5208 597 5262 Edili
632 5209 1057 5279 Repudium...
1082 5208 1382 5277 προσίεται.
1424 5210 1493 5263 At
1526 5224 1657 5265 mss.
1696 5228 1797 5266 non

234 5278 384 5349 pauci
402 5348 405 5349 ν
422 5279 810 5349 περικόπτεις..
823 5316 857 5329 ..
899 5278 1202 5348 προσίεσαι.

306 5348 417 5417 (75)
458 5347 598 5403 Editi
644 5348 799 5417 λόγον
859 5347 1189 5410 πιστεύσεις.
1240 5348 1456 5417 Antiqui
1512 5348 1616 5405 duo
1678 5352 1799 5408 libri

232 5416 526 5481 πιστεύοις.

304 5488 424 5613 (Ἶϐὲ
460 5489 599 5541 Editi
634 5498 688 5543 et
720 5489 887 5541 nostri
929 5499 1133 5557 septem
1182 5503 1310 5541 mss.
1340 5489 1435 5541 καὶ
1476 5489 1700 5560 Πνεῦμα
1735 5492 1798 5546 ὲκ

306 5558 368 5612 οῦ
430 5560 463 5611 t‘
489 5558 638 5613 Υίοῦ.
660 5558 721 5611 Et
748 5557 979 5613 Spiritus
1002 5576 1065 5612 ea:
1091 5558 1196 5609 Dea
1222 5575 1311 5613 ver
1341 5559 1539 5610 Filium
1565 5576 1583 5613 :
1605 5562 1797 5613 auibus

231 5557 368 5612 Θεοῦ
394 5557 463 5613 δι’
489 5558 638 5621 Υίοῦ,
660 5558 721 5611 Et
748 5557 979 5626 Spiritus
1002 5576 1065 5612 ea:
1091 5558 1196 5609 Dea
1222 5575 1311 5621 per
1341 5559 1539 5610 Filium
1565 5576 1583 5613 :
1605 5557 1797 5627 quibus

234 5630 417 5684 verbis
464 5631 738 5698 processio
779 5632 1013 5695 Spiritus
1062 5628 1232 5683 sancti
1281 5645 1344 5683 ex
1390 5628 1524 5681 Filio
1558 5628 1702 5684 clare
1744 5642 1797 5686 et

232 5710 413 5764 aperte
440 5696 763 5754 declaratur.
815 5699 1052 5754 Diximus
1088 5699 1360 5763 aliquanto
1390 5712 1535 5762 ante,
1571 5700 1639 5769 ibi
1676 5704 1796 5769 qui-

234 5770 352 5819 dem
394 5784 489 5821 sex
533 5770 744 5823 codices
791 5769 869 5821 sic
914 5772 1131 5831 habere,
1162 5769 1238 5821 ὅτι
1268 5770 1329 5821 ού
1358 5768 1445 5820 διὰ
1475 5769 1534 5820 τὸ
1562 5766 1706 5823 εἶναι
1730 5774 1793 5824 ὲκ

1907 4676 2182 4733 generatus
2214 4666 2371 4735 fuerit
2412 4682 2475 4719 ea:
2504 4682 2640 4734 aqua
2670 4674 2718 4717 et
2736 4664 2939 4735 Spiritu
2958 4668 3025 4722 ”.
3064 4668 3127 4722 Et
3156 4670 3256 4723 ltoc
3295 4670 3471 4728 adhuc

2406 4798 2451 4831 ⁸⁸
2475 4798 2631 4855 Joan.
2666 4816 2706 4869 ι,
2734 4801 2787 4856 5.
2862 4803 2908 4833 ⁸⁸
2932 4801 3085 4859 Joan.
3116 4820 3197 4871 ιιι,
3231 4806 3283 4859 5.

1909 4934 2299 5016 pressis-libris
2337 4943 2393 4988 et
2425 4935 2477 5016 i_n
2514 4939 3123 5016 tletustis‘sirnoAcodice
3159 4939 3469 5016 Colbegtiuo

1908 5004 2153 5082 inveniri,
2190 5004 2289 5057 hoc
2322 5008 2500 5082 modo,
2528 5009 2609 5063 ὅτι
2636 5010 2696 5061 οὐ
2733 5010 2840 5082 διὰ-
2869 5010 2929 5064 τὸ
2961 5011 3035 5082 μὴ
3071 5007 3207 5082 sitiat
3245 5013 3310 5065 ὲκ
3331 5010 3467 5067 Θεοῦ

1904 5075 1970 5128 δι’
2001 5072 2161 5146 fini},
2192 5090 2291 5146 non
2318 5078 2454 5141 quod
2482 5095 2584 5131 non
2623 5084 2691 5133 sit
2716 5096 2781 5132 ea:
2812 5080 2915 5133 Deo
2944 5072 3037 5146 per
3065 5078 3287 5135 Filium.

1976 5144 2087 5219 (7])
2124 5144 2262 5219 Editi
2298 5146 2521 5217 Πνεῦμα
2554 5150 2881 5213 ἀπιστεῖται,
2915 5144 3078 5205 ἄκουε
3108 5167 3121 5180 ·
3150 5154 3292 5219 quod
3340 5169 3461 5208 cum

1909 5214 2158 5339 mutilam:
2189 5217 2259 5270 sit
2286 5230 2353 5270 ex
2380 5214 2612 5286 quatuor
2639 5221 2918 5275 codicibus
2951 5214 3257 5276 restitutum
3291 5233 3374 5277 est
3406 5235 3463 5279 et

1909 5298 2058 5338 emen
2099 5300 2126 5337 a
2156 5301 2265 5337 um.

1906 5298 2265 5338 emendatum.

1977 5354 2088 5433 (78)
2120 5355 2465 5436 Αιιιριιιιίβιος
2485 5357 2609 5436 libri
2636 5359 2697 5413 τὸ
2716 5359 2961 5431 Πνεῦμα,
2984 5362 3110 5436 φῂς,
3130 5362 3281 5425 Θεός.
3304 5359 3460 5431 111ιιι1,

1908 5424 2032 5492 φῂς,
2070 5426 2121 5475 ιιι
2152 5425 2382 5493 vulgatis
2410 5428 2766 5485 desideratur.

1947 5494 2085 5576 ,(79)
2121 5496 2265 5576 εάιιι,
2285 5494 2400 5576 ποῦς
2429 5499 2809 5576 ’μεταΠατρὸς
2840 5502 2935 5576 καὶ
2972 5500 3114 5576 Υίομῦέ
3132 5501 3191 5555 τὸ
3216 5502 3462 5576 Πνεῦμα,

1894 5565 2011 5643 πῶς
2044 5565 2207 5634 Τριὰς
2244 5566 2276 5636 ὴ
2311 5565 2498 5643 Τριᾴς.
2536 5565 2730 5643 conci
2758 5574 2909 5643 οοιι).
2945 5583 2998 5628 ει
3031 5573 3117 5625 alii
3155 5582 3263 5643 tres
3308 5565 3463 5643 Regii

1893 5645 1952 5755 icit:
1992 5636 2049 5756 ir;
2081 5636 2365 5694 contextu.
2393 5638 2547 5695 Haud
2580 5642 2739 5711 longe
2769 5642 2903 5712 Reg.
2927 5651 3152 5711 quartus
3176 5636 3462 5716 βάπτισμα

1986 5722 2017 5756 κ
2055 5722 2211 5756 σιλου.

1986 5722 2211 5775 κοσμου.

1963 5776 2071 5844 (80)
2108 5776 2250 5855 Editi
2294 5778 2449 5833 τοῦτό
2491 5780 2605 5835 ἔστι
2637 5785 2851 5855 μικρόν.
2886 5783 2956 5839 At
2988 5799 3121 5841 mss.
3152 5801 3263 5855 ,εει
3309 5786 3466 5841 τοῦτο

230 5835 367 5915 Θεοῦ
393 5838 459 5889 δι’
491 5838 643 5915 Υίοῦ,
670 5855 769 5891 non
802 5842 937 5915 quod
963 5842 1029 5892 sit
1073 5854 1136 5915 es:
1171 5837 1277 5915 Deo
1305 5854 1394 5904 per
1429 5836 1629 5915 Filium
1658 5844 1790 5915 :sed
1890 5869 1892 5890 ε

559 5838 643 5915 οῦ,
670 5855 769 5891 non
802 5842 937 5915 quod
963 5842 1029 5892 sit
1073 5854 1136 5915 es:
1171 5837 1277 5915 Dea
1305 5854 1394 5904 per
1429 5836 1629 5915 Filium
1658 5844 1790 5915 :sed
1890 5835 1979 5896 ἔτι
2007 5835 2218 5915 μικρόν.

232 5909 428 5965 ibidem
460 5910 769 5965 monuimus
822 5911 953 5962 duas
988 5910 1277 5978 particulas
1310 5918 1565 5979 negantes
1599 5912 1652 5965 in
1691 5913 1793 5967 im-

509 6000 775 6062 PsTnOL.
810 6003 927 6060 (in.
970 6001 1202 6062 XXIX.

3112 6019 3186 6074 23
