4208 6486
743 404 848 457 ’159

2052 397 2107 452 S.
2152 397 2390 452 BASILII
2434 397 2645 453 MAGNI

3877 396 3979 451 740

751 524 998 586 urguent
1031 524 1130 569 est.
1164 512 1243 566 Tu
1286 527 1438 575 vero.
1469 527 1531 566 ex
1576 526 1642 564 co
1679 512 1819 580 quod
1842 510 2077 568 Joannes
2120 516 2261 568 dicat
2289 534 2301 567 :
2337 525 2377 577 Α
2410 539 2413 547 ι

2337 525 2377 577 Α
2410 517 2652 586 περὶτῆς
2679 516 2899 585 γεέννης
2921 516 2979 568 τὸ
2999 515 3219 585 Πνεῦμα
3245 515 3305 566 τὸ
3333 514 3473 567 Οεῖον
3492 513 3978 581 συγκατατάττεις,

755 609 872 678 Ipse
897 625 979 661 vos
1012 608 1291 674 baptizabit
1323 609 1374 658 in
1405 605 1606 674 Spiritu
1648 614 1826 658 sancto
1861 615 1906 657 ει
1955 606 2071 674 igne
2092 605 2159 670 ⁸ο,
2190 606 2309 674 Spi-

754 709 911 761 ritum
937 706 1173 760 divinum
1207 705 1366 758 etiam
1398 718 1503 756 una
1543 718 1662 756 cum
1703 703 1822 770 igne
1853 704 2114 770 gehennm
2147 705 2310 758 collo-

750 813 863 853 cas.
892 797 1016 850 llazc
1043 810 1200 865 quem
1229 794 1522 862 impietatis
1557 793 1770 847 modum
1800 808 1906 847 non
1956 805 2232 862 superant,
2265 796 2308 848 si

750 892 871 944 ideo
899 904 1052 958 aqua:
1069 888 1380 957 dignitatem
1408 886 1630 954 Spiritui
1659 896 1844 940 sancto
1867 888 2142 950 attribuis,
2167 887 2310 955 quod

749 981 986 1048 Spiritus
1026 980 1210 1049 illapsu
1257 994 1398 1048 aqua
1450 977 1856 1033 sanctiﬁcatur?
1904 979 2308 1046 Atlaaquandum

748 1073 890 1127 enim
923 1071 1122 1126 duxisti
1159 1070 1303 1140 quod
1332 1053 1818 1134 sanctilicaturfei,
1846 1070 1936 1138 qui
1978 1069 2306 1135 sanctiﬁcat,

749 1163 1102 1232 etnndemque
1132 1178 1236 1217 una
1269 1178 1387 1216 cum
1415 1162 1522 1216 Deo
1551 1160 1691 1216 Filio
1724 1161 1776 1215 in
1807 1163 1994 1215 eadem
2037 1161 2311 1229 operatio-

750 1270 818 1307 ne
849 1269 911 1307 ac
943 1253 1112 1324 gloria
1143 1265 1484 1312 numeratum
1533 1267 1639 1306 non
1673 1249 1955 1314 formidas,
1997 1256 2086 1320 qui
2117 1267 2310 1321 opera-

749 1347 949 1398 tionem
979 1358 1137 1396 unam
1171 1356 1233 1396 ac
1277 1341 1501 1411 gloriam
1542 1340 1796 1410 privatim
1848 1340 2089 1394 disseces
2125 1340 2308 1410 :quod

747 1446 926 1490 autem
979 1435 1144 1489 utitur
1195 1449 1330 1502 aqua
1372 1435 1437 1488 ad
1491 1446 1779 1500 corporum
1847 1431 2305 1501 purificationem,

745 1539 1028 1599 propterea
1054 1525 1312 1595 Spiritum
1360 1523 1562 1594 putasti
1597 1524 1782 1577 eodem
1820 1524 2031 1578 honore
2061 1523 2305 1593 dignum,

747 1636 854 1689 quo
891 1634 1106 1689 aquam.
1139 1618 1204 1671 Et
1252 1615 1572 1671 medicinam
1605 1615 1844 1683 quidem,
1894 1617 2107 1668 tametsi
2140 1625 2308 1670 mate-

747 1712 846 1766 riis
873 1711 1058 1774 utitur,
1094 1724 1199 1763 non
1235 1708 1371 1762 dicis
1417 1707 1659 1760 materiis
1688 1706 1950 1776 dignitate
1985 1721 2187 1774 parem,
2214 1707 2307 1760 sed

747 1802 1097 1857 materiarum
1129 1801 1399 1855 dominam
1437 1817 1452 1853 :
1486 1800 1723 1854 divinum
1748 1814 1877 1852 vero
1905 1798 2187 1865 Spiritum,
2218 1800 2304 1866 qui

747 1910 884 1962 aqua
914 1893 979 1948 ad
1013 1893 1220 1961 peccati
1244 1891 1429 1946 sordes
1451 1891 1827 1961 expurgandas
1854 1891 2042 1954 utitur,
2068 1893 2133 1942 ad
2160 1905 2310 1958 aqua:

747 1986 980 2040 dedecus
1009 1995 1170 2053 atque
1196 1983 1550 2037 humilitatem
1580 1982 1770 2050 dejicis
1804 1999 1818 2033 :
1847 1996 2019 2050 aquas,
2063 1982 2304 2048 inquam,

747 2091 866 2147 qua:
901 2077 1080 2146 impiis
1137 2075 1301 2130 etiam
1355 2075 1421 2128 ad
1469 2088 1806 2128 communem
1851 2088 2004 2125 usum
2056 2085 2310 2124 concessa

745 2178 830 2224 est
858 2187 873 2223 :
903 2183 1076 2237 aquai,
1104 2181 1210 2237 qua
1238 2167 1417 2223 omnia
1441 2179 1723 2235 corporum
1757 2163 2158 2232 inquinamenta
2190 2163 2311 2216 abs~

744 2268 1047 2326 terguntur.
1090 2259 1242 2324 Quod
1271 2259 1316 2314 si
1385 2257 1524 2326 ignis
1551 2256 1714 2310 etiam
1757 2253 2110 2308 considerasti
2147 2261 2306 2306 natu-

746 2366 886 2417 ram,
923 2350 1266 2420 qualemnam
1307 2364 1418 2404 rem
1461 2363 1625 2404 ausus
1662 2362 1719 2403 es
1749 2348 2052 2418 excogitare
2075 2347 2098 2398 ?
2125 2346 2308 2399 Demi-

745 2456 838 2495 ror
866 2441 1224 2507 dementiam,
1253 2441 1297 2495 si
1321 2456 1447 2495 vere
1473 2440 1646 2509 ignem
1681 2453 1784 2492 non
1811 2437 2127 2492 extimuisti.
2154 2436 2310 2490 Chri-

747 2543 869 2585 stus
891 2533 945 2584 in
979 2532 1182 2599 Spiritu
1205 2532 1443 2599 baptizat
1474 2530 1902 2583 sanctiﬁcatione
1925 2530 2114 2597 dignos
2138 2545 2153 2580 :
2175 2528 2310 2580 indi-

747 2637 882 2694 gnos
926 2637 1055 2678 vero
1093 2623 1145 2676 in
1186 2622 1363 2691 ignem
1405 2622 1594 2685 mittit;
1645 2620 1846 2674 alienos
1889 2636 1919 2673 a
1971 2621 2134 2684 bono,
2171 2618 2310 2672 malo

746 2715 985 2770 tradens.
1037 2714 1326 2784 Propterea
1372 2715 1533 2783 igitur
1564 2713 1816 2768 videntur
1849 2713 1942 2766 tibi
1999 2713 2196 2766 bonum
2252 2721 2308 2766 et

745 2808 944 2863 malum
988 2807 1130 2862 inter
1161 2822 1220 2862 se
1250 2821 1369 2861 esse
1398 2805 1596 2868 aliiuia,
1632 2805 1896 2874 simulque
1925 2813 2104 2858 creata
2130 2813 2184 2858 et
2218 2819 2308 2858 so-

745 2900 854 2952 cia.
893 2897 958 2952 Et
979 2912 1284 2965 quanquam
1315 2911 1412 2950 nos
1433 2898 1646 2949 easdem
1673 2895 1846 2950 Patris
1879 2905 1933 2950 et
1962 2895 2084 2950 Filii
2113 2906 2167 2950 et
2191 2896 2308 2966 Spi-

743 2993 884 3048 ritus
924 2991 1098 3046 sancti
1141 2988 1485 3060 operationes
1532 2999 2043 3052 commonstramus,
2092 2998 2148 3041 tu
2201 3003 2306 3042 non

742 3085 898 3139 vides
928 3083 1395 3154 coniunctionem;
1429 3096 1527 3136 nec
1551 3097 1672 3135 cum
1709 3080 2034 3148 praedicatur
2062 3093 2306 3132 seorsum

2410 608 2496 659 διὰ
2528 607 2588 658 τὸ
2619 608 2797 674 λέγειν
2844 608 2933 659 τὸν
2971 607 3224 676 Ἰωάννην
3246 624 3257 635 ·
3279 607 3470 671 Αὐτὸς
3498 605 3654 674 ὑμᾶς
3690 607 3980 669 ,ϐαπτίσει

2408 701 2476 751 ἐν
2500 701 2789 768 Πνεύματι
2818 700 2963 769 ἁγίῳ
2991 699 3087 752 καὶ
3119 698 3262 765 πυρί
3291 697 3427 766 (81).
3459 697 3645 750 Ταῦτα
3670 699 3830 751 ποίαν
3853 698 3978 749 ἀσε-

2410 789 2559 853 ϐείας
2581 790 2882 860 ὑπερϐολὴν
2914 790 3221 852 κατέλιπεν,
3248 791 3295 841 εί
3327 790 3425 859 τὴν
3455 788 3642 851 ῦὸατος
3678 789 3790 858 (82)
3827 789 3977 852 ἀξίαν

2408 882 2485 952 τῷ
2523 882 2798 952 Πνεῦματι
2823 881 2898 951 τῷ
2920 881 3058 951 ἁγίῳ
3084 880 3426 952 περιάπτεις,
3451 879 3635 948 ἐπειδὴ
3664 880 3806 931 Πνεῦ
3816 897 3976 949 ματος

2411 974 2687 1042 κατεᾳόδῳ
2713 974 2772 1025 τὸ
2807 972 2948 1044 ὕδωρ
2969 971 3291 1040 ἀγιάζεταις
3329 972 3552 1035 Ἰσαζειν
3581 971 3690 1041 γὰρ
3727 989 3811 1023 σοι
3839 972 3976 1037 ἐὼξε

2410 1066 2486 1136 τῷ
2516 1066 2790 1133 ἀγιάζοντι
2819 1068 2878 1119 τὸ
2911 1066 3268 1136 ἁγιαζόμενον
3300 1065 3432 1134 (85),
3463 1065 3556 1117 καὶ
3583 1063 3703 1134 Θεῷ
3743 1064 3845 1133 μὲν
3871 1065 3977 1132 Υίῷ

2412 1158 2908 1229 συναριθμούμενον
2937 1161 3017 1222 είς
3043 1159 3140 1230 τὴν
3174 1159 3342 1229 αὐτὴν
3374 1157 3654 1228 ἐνέργειαν
3695 1158 3794 1209 καὶ
3826 1157 3974 1222 δόξαν

2408 1251 2468 1302 οὐ
2509 1252 2768 1320 φρίττεις,
2813 1252 2920 1322 ἰδία
2943 1252 3042 1322 τὴν
3075 1251 3202 1322 μίαν
3233 1251 3509 1323 ἐνέργειαν
3536 1250 3628 1302 καὶ
3663 1248 3825 1312 δόξαν
3852 1251 3975 1301 ἀνα-

2411 1343 2625 1396 κόπτων
2652 1343 2790 1414 (84)’
2836 1346 2917 1397 ὃτι
2952 1345 3008 1396 δέ
3041 1344 3192 1397 ῦδατι
3235 1345 3429 1414 χρῆται
3463 1342 3599 1413 πρὸς
3625 1343 3717 1395 τὸν
3743 1342 3855 1394 τῶν
3882 1358 3976 1393 σω-

2413 1436 2596 1506 μάτων
2630 1437 2929 1507 καθαρμὸν,
2955 1437 3044 1490 διά
3071 1437 3226 1490 τοῦτο
3251 1438 3348 1506 τῆς
3371 1435 3465 1488 τοῦ
3489 1436 3677 1496 ῦδατος
3711 1435 3979 1503 ἰσοτιμίας

2410 1525 2556 1588 ἄξιον
2583 1525 2811 1592 ἐλογίσω
2840 1525 2949 1595 (85)
2977 1526 3036 1578 τὸ
3062 1526 3304 1593 Πνεῦμα.
3338 1525 3446 1577 Καὶ
3461 1526 3558 1594 τὴν
3583 1528 3681 1594 μὲν
3708 1525 3975 1592 ἰατρικὴν,

2411 1615 2563 1678 ὕλαις
2594 1615 2903 1686 χρωμένην,
2930 1617 3027 1668 οὐκ
3058 1616 3256 1681 ἰσάξιον
3288 1619 3407 1678 ταῖς
3435 1617 3584 1678 ῦλαις
3614 1616 3820 1683 λέγεις,
3851 1615 3979 1667 ἀλλὰ

2410 1708 2761 1780 κυριευτικὴν
2810 1706 2919 1759 τῶν
2951 1708 3119 1760 ὑλῶνο
3171 1709 3230 1760 τὸ
3263 1708 3318 1760 δὲ
3348 1708 3488 1760 Θεῖον
3531 1707 3790 1776 Πνεῦμα,
3838 1707 3978 1777 χρὼο

2416 1821 2572 1873 μενον
2602 1801 2753 1855 ὕδατι
2784 1801 2920 1871 πρὸς
2952 1799 3047 1870 τὴν
3073 1801 3177 1852 τῶν
3203 1801 3479 1870 ἁμαρτίας
3520 1799 3708 1870 sane»;
3770 1799 3975 1850 ἁποκὰρ

2412 1895 2624 1966 Θαρσιν,
2665 1895 2745 1956 είς
2779 1892 2878 1962 τὴν
2909 1891 3002 1944 τοῦ
3051 1891 3239 1955 ὓδατος
3265 1892 3478 1957 ἀδοξίαν
3503 1891 3598 1943 καὶ
3619 1891 3980 1960 ταπεινότητα

2411 1986 2855 2056 καταϐέϐληκαςο
2893 1982 3102 2045 ὓδατος,
3137 1983 3165 2034 ὂ
3209 1985 3342 2054 πρὸς
3393 1983 3577 2054 κοινὴν
3608 1983 3808 2053 χρῆσιν
3845 1983 3982 2033 ἀνεῖ-

2411 2095 2498 2130 ται
2555 2078 2649 2130 καὶ
2681 2076 2987 2130 δυσσεὸὦψ
3043 2076 3254 2138 ὓδατος,
3305 2071 3348 2144 ᾧ
3395 2077 3662 2147 μολυσμοὶ
3714 2076 3981 2144 σωμάτων

2412 2169 2611 2232 πάντες
2643 2167 3128 2239 ἀποκαθαίρονται.
3186 2166 3307 2218 Ἐἀν
3343 2167 3398 2218 δὲ
3430 2169 3524 2220 καὶ
3566 2168 3627 2220 τὸ
3667 2167 3764 2219 τοῦ
3815 2169 3982 2238 πυρὸς

2410 2260 2741 2330 ἐνθυμηθῇς,
2764 2256 2872 2314 οἷον
2903 2262 3151 2330 ἐννοῆσαι
3175 2259 3514 2328 τετόλμηκας
3536 2277 3549 2324 ;
3583 2260 3866 2330 Θαυμάξω
3887 2263 3982 2328 τὴν

2410 2352 2698 2414 ἀπόνοιαν,
2741 2352 2788 2402 εἰ
2837 2353 2911 2423 μὴ
2951 2351 3194 2412 δέδοικας
3229 2347 3337 2420 (86)
3383 2350 3548 2411 δντως
3595 2350 3656 2401 τὸ
3690 2351 3825 2420 πῦρ.
3883 2349 3983 2402 Βα-

2410 2443 2588 2506 πτίζει
2611 2443 2842 2514 Χριστὸς
2871 2444 2929 2495 ὲν
2972 2441 3249 2512 Πνεῦματι
3284 2441 3411 2501 τοὺς
3445 2438 3628 2504 ἀξίους
3661 2441 3939 2509 ἀγιασμοῦ
3964 2456 3978 2470 ·

2408 2539 2533 2600 τοὺς
2561 2537 2617 2589 δὲ
2643 2535 2893 2599 ἀναξίους
2922 2536 3013 2588 ἐπὶ
3037 2535 3098 2587 τὸ
3127 2533 3236 2604 πῦρ
3263 2530 3644 2601 παραπέμπει,
3668 2531 3798 2592 τοὺς
3834 2531 3982 2582 ἀλλο-

2409 2628 2590 2694 τρίους
2626 2626 2718 2678 τοῦ
2761 2624 2966 2692 ἀγαθοῦ
3011 2624 3088 2694 τῷ
3122 2621 3278 2692 κακῷ
3312 2619 3656 2691 παραδιδούς.
3694 2620 3794 2671 Διὰ
3832 2621 3982 2673 τοῦτό

2414 2735 2493 2770 σοι
2513 2718 2618 2786 ἄρα
2642 2717 2701 2768 τὸ
2718 2717 2920 2783 ἀγαθὸν
2949 2717 3045 2769 καὶ
3063 2718 3124 2768 τὸ
3151 2715 3319 2769 κακὸν
3341 2713 3543 2782 ἀδελφά
3563 2713 3659 2765 καὶ
3684 2713 3984 2782 ὀμόκτιστα

2413 2811 2503 2864 καὶ
2529 2807 2758 2862 κοινωνά
2785 2807 2895 2876 (87)
2929 2808 3492 2877 φαίνεται.Καὶήμῶν
3527 2809 3625 2877 μὲν
3645 2805 3984 2858 ἐπιδεικνύν-

2409 2921 2515 2956 των
2543 2900 2822 2972 ἐνεργείας
2850 2899 2949 2960 τὰς
2986 2897 3153 2960 αὑτὰς
3183 2899 3297 2950 Πατ
3309 2899 3398 2967 ρὸς
3424 2901 3515 2950 καὶ
3545 2898 3673 2950 Υίοῦ
3708 2901 3804 2950 καὶ
3833 2899 3982 2965 ἀγίου

2411 2995 2744 3065 Πνεύματος,
2777 2992 2872 3062 οὐχ
2901 2991 3031 3061 ὁρᾷς
3057 2991 3155 3061 τὴν
3186 2990 3397 3052 ἕνωσιν,
3423 2990 3530 3041 οὐδ’
3561 2991 3649 3041 ὅτε
3675 2992 3985 3059 καταμόνας

2412 3090 2468 3140 ἐν
2518 3087 2652 3139 Θεοῦ
2706 3085 2829 3156 δόξῃ
2863 3084 2922 3138 τὸ
2955 3082 3177 3153 Πνεῦμα
3209 3081 3570 3152 κηρύσσεται,
3630 3080 3834 3142 συνίεις
3891 3081 3985 3150 τὴν

746 3176 983 3245 Spiritus
1014 3178 1066 3230 in
1096 3173 1191 3230 Dei
1226 3173 1418 3244 gloria,
1451 3173 1503 3226 iu
1535 3186 1598 3226 eo
1622 3171 1858 3225 divinam
1890 3169 2116 3240 gloriam
2146 3167 2309 3222 intel-
2335 3187 2378 3244 ε

2335 3187 2378 3244 c
2413 3177 2596 3248 Θεῖκὴν
2631 3175 2786 3242 δόξαν
2826 3179 2912 3230 ἐπ’
2942 3176 3109 3230 αὑτοῦ
3130 3216 3145 3242 ,
3190 3174 3455 3243 λεγόντων
3482 3173 3592 3226 τῶν
3627 3172 3946 3226 ἀποστόλων
3969 3213 3983 3234 ,

746 3269 901 3337 ligis;
936 3268 1132 3336 quippe
1174 3266 1398 3336 apostoli
1441 3265 1624 3319 dicunt
1644 3263 1686 3293 ⁶¹
1720 3281 1734 3317 :
1768 3261 1898 3317 Haec
1929 3263 2054 3316 dicit
2083 3259 2312 3330 Spiritus

749 3365 997 3416 sanctus;
1040 3353 1487 3421 quemadmodum
1536 3353 1750 3408 aiebant
1807 3351 2115 3423 prophetae,
2180 3349 2310 3405 Ilwc

2413 3265 2556 3321 Τάδε
2578 3265 2835 3334 deret-vro
2868 3266 3108 3335 Πνεῦμα
3149 3265 3214 3318 τὸ
3249 3265 3454 3333 ἅγιον,
3483 3263 3559 3325 ὼς
3591 3265 3641 3315 oi
3667 3264 3982 3333 προφῆται,

2414 3361 2457 3410 Τ
2453 3355 2558 3410 cide
2581 3356 2740 3425 λέγει
2763 3357 2992 3422 Κύριος.
3017 3356 3126 3408 Καὶ
3142 3355 3346 3424 Κυρίου
3372 3355 3566 3421 πεῖραν
3593 3351 3866 3418 λεγόντων
3889 3353 3984 3421 τὴν

749 3449 876 3500 dicit
900 3444 1180 3499 Dominus.
1215 3441 1356 3507 Quin
1403 3451 1457 3496 et
1493 3443 1700 3496 Domini
1742 3443 2092 3497 tentationem
2126 3441 2312 3496 dicunt
2406 3470 2411 3484 ‹

2406 3448 2501 3503 τοῦ
2524 3447 2662 3500 Πνεύ
2673 3463 2837 3517 ματος
2869 3453 3082 3518 πεῖραν,
3107 3449 3195 3500 ὅτε
3225 3444 3358 3516 φησὶ
3381 3443 3517 3514 πρὸς
3537 3444 3663 3504 τοὺς
3689 3444 3982 3512 πειράσαν-

750 3540 989 3609 Spiritus
1013 3537 1394 3600 tentationem,
1431 3534 1523 3588 ubi
1548 3534 1796 3588 videlicet
1815 3536 1878 3587 ad
1905 3544 2174 3589 tentantes
2201 3533 2306 3588 Pe-
2403 3560 2412 3574 ι

2403 3540 2545 3602 ταςό
2569 3538 2798 3609 Πέτροςο
2836 3539 2896 3590 Τί
2928 3539 3013 3592 ὅτι
3041 3534 3440 3607 συνεφωνήθη
3473 3535 3600 3604 ὑμῖν
3631 3536 3892 3606 πειρᾶσαι
3914 3536 3973 3588 τὸ

749 3645 866 3687 trus
897 3634 972 3685 ait
1003 3649 1018 3686 :
1047 3631 1154 3684 Cur
1188 3628 1424 3684 convenit
1456 3627 1593 3679 inter
1623 3641 1711 3678 vos
1760 3635 1812 3676 ut
1851 3629 2116 3679 tentaretis
2141 3623 2311 3695 Spiri-
2407 3634 2411 3685 ζ

2407 3630 2630 3701 Πνεῦμα
2646 3628 2885 3700 Κυρίους
2923 3631 3014 3682 καὶ
3039 3631 3173 3700 πρὸς
3194 3630 3320 3692 τοὺς
3347 3627 3544 3690 αὐτούς
3564 3642 3577 3656 ·
3594 3629 3720 3680 Οὐκ
3746 3628 3983 3696 ἐψεύσω

751 3735 861 3778 tum
885 3722 1186 3788 Domini“;
1222 3732 1277 3776 et
1303 3722 1371 3776 ad
1405 3720 1620 3776 eosdem
1657 3734 1672 3772 :
1705 3714 1830 3770 Non
1853 3733 1905 3771 ea
1936 3718 2179 3770 mentitus
2211 3719 2305 3769 Ιιο-
2406 3749 2413 3778 ι

1433 3720 1620 3774 osdem
1657 3734 1672 3772 :
1705 3714 1830 3770 Non
1853 3733 1905 3771 es
1936 3718 2179 3770 mentitus
2211 3719 2305 3769 Ito-
2406 3723 2755 3794 ἀνθρώποις,
2778 3721 2939 3776 ἀλλὰ
2959 3720 3095 3786 Θεῷ,

750 3817 997 3880 minibus,
1031 3815 1117 3868 sed
1147 3813 1334 3867 Deo“.

826 3907 882 3958 2.
926 3906 1073 3970 Quod
1117 3907 1164 3959 si
1214 3905 1441 3974 apostoli
1495 3903 1785 3957 dicunt“:
1830 3901 2007 3956 Visum
2041 3911 2211 3956 autem
2239 3909 2315 3955 est
2479 3910 2488 3960 ε

2479 3907 2534 3960 2.
2577 3907 2702 3961 Ἐἀν
2728 3907 2783 3960 δὲ
2813 3908 2862 3959 οἱ
2895 3906 3181 3959 ἀπόστολοι
3208 3904 3438 3972 λέγωσιν
3460 3921 3474 3935 ·
3524 3903 3741 3966 Ἔδοξε
3775 3903 3844 3956 δὲ
3879 3903 3981 3974 (88)

761 4000 984 4068 Spiritui
1020 4008 1213 4051 sancto
1243 4006 1290 4051 et
1348 3997 1514 4062 nobis,
1550 4009 1655 4049 non
1697 4005 2075 4062 componentes
2112 3995 2318 4064 seipsos
2413 4016 2423 4050 ι

2413 3997 2490 4062 τῷ
2527 3998 2671 4067 ἁγίῳ
2698 3997 2994 4065 Πνεύματι
3021 3995 3118 4048 καὶ
3145 3993 3310 4064 ἡμῖν,
3344 3994 3403 4046 οὐ
3439 3994 3834 4056 συντάσσοντες
3865 3995 3984 4046 ἐαυ-

753 4109 875 4145 cum
905 4099 1168 4160 potestate
1204 4089 1464 4159 Spiritus,
1501 4087 1598 4142 sed
1650 4085 2019 4153 subjicientes,
2055 4097 2314 4154 tanquam
2412 4109 2415 4121 ι

2412 4090 2536 4151 τοὺς
2564 4091 2628 4159 τῇ
2657 4087 2750 4140 τοῦ
2785 4087 3097 4157 Πνεῦματος
3134 4086 3373 4156 ἐξουσίᾳ,
3420 4083 3536 4138 ἀλλ’
3563 4086 3979 4146 ὑποτάσσοντες,

753 4184 821 4236 ab
847 4183 958 4250 ipso
987 4195 1112 4236 tunc
1138 4181 1336 4245 edocti,
1364 4189 1418 4233 et
1446 4177 1599 4248 quasi
1626 4192 1786 4232 unam
1812 4176 2170 4247 cognitionem
2195 4189 2316 4229 seno
2414 4207 2415 4216 η

2414 4178 2487 4238 ὡς
2519 4178 2610 4228 ὑπ’
2643 4177 2803 4230 αὑτοῦ
2830 4177 3063 4248 χορηγοῦ
3073 4194 3222 4246 μενοι
3253 4176 3362 4246 (89)
3397 4177 3539 4242 τότε,
3574 4177 3832 4230 καθάπεο
3861 4178 3982 4247 μίαν

826 4383 873 4416 ⁸⁸
907 4382 1092 4437 Matth.
1115 4399 1212 4444 ιιι,
1243 4382 1328 4435 ll.
1414 4380 1459 4412 “
1491 4380 1611 4434 Act.
1651 4393 1761 4442 ut,
1794 4377 1878 4430 11.

1959 4377 2004 4409 ⁸³
2029 4377 2148 4433 Act.
2180 4393 2231 4442 ν,
2258 4376 2309 4432 9.
2385 4377 2429 4408 ⁶³
2458 4375 2586 4432 ibid.
2617 4376 2674 4431 4.
2751 4376 2795 4406 ⁸⁸
2819 4377 2940 4431 Act.
2968 4390 3056 4441 xv,
3077 4375 3171 4431 28:

823 4536 932 4603 (3i)
963 4536 1112 4600 Illud,
1146 4536 1314 4598 Αὐτὸς
1347 4536 1489 4606 ὑμᾶς
1523 4533 1766 4606 βαπτίσει
1794 4535 1852 4587 ἐν
1878 4535 2155 4604 Πνεύματι
2178 4533 2317 4602 ἁγίῳ
2348 4537 2391 4591 D
2421 4533 2485 4606 ibi

2348 4537 2391 4591 D
2421 4533 2618 4606 ibidem
2667 4547 2798 4606 mss.
2826 4531 3094 4606 nonnulli
3133 4533 3549 4606 καταφαίνεται
3583 4533 3828 4606 Subinde
3863 4536 3981 4588 etlili

751 4610 846 4662 καί
879 4607 1031 4676 πυρί,
1056 4609 1279 4676 quidem
1318 4605 1472 4660 hodie
1506 4621 1609 4676 non
1642 4605 1833 4676 legitur
1862 4606 2000 4676 apud
2028 4605 2311 4676 Joannem,

749 4680 844 4731 sed
885 4673 1022 4744 apud
1050 4675 1354 4730 Mattltwum
1388 4692 1470 4738 ιιι,
1495 4675 1582 4739 Η,
1613 4684 1667 4726 et
1696 4674 1835 4740 apud
1860 4674 2058 4728 Lucam
2091 4691 2173 4738 ιιι,
2212 4673 2310 4744 l‘i:

755 4741 972 4800 dubiuin
1009 4755 1184 4800 tamen
1220 4761 1321 4797 non
1357 4757 1439 4798 cst
1469 4745 1595 4814 quin
1629 4743 1840 4814 oliurin
1886 4745 2154 4812 aliquibus
2205 4741 2314 4795 sal-

758 4829 861 4870 tent
900 4832 1028 4870 mss.
1079 4818 1269 4870 lectum
1319 4813 1552 4869 fuerit’et
1586 4814 1725 4882 apud
1761 4813 2016 4867 Joannem
2052 4831 2089 4874 ι,
2129 4815 2220 4879 27,
2259 4821 2314 4864 ιιι

756 4903 819 4940 ex
857 4886 1002 4940 Novo
1041 4887 1382 4939 Testamento
1411 4883 1704 4940 Oxonieusi
1741 4886 1969 4951 perspici
2007 4893 2202 4949 potest.

828 4954 1197 5027 (8‘2)7Veteres
1242 4956 1449 5027 aliquot
1469 4954 1589 5027 libri
1622 4954 1829 5027 etneiliti
1872 4955 1968 5023 τὴν
1999 4953 2059 5016 ἐξ
2101 4952 2310 5027 ὓδατος,

755 5021 861 5080 Alii
886 5021 1101 5094 quidam
1136 5039 1265 5094 mss.
1297 5027 1394 5094 τὴν
1429 5025 1639 5087 ὓδατος.
1679 5021 1871 5077 Statim
1904 5021 2034 5077 mss.
2076 5022 2313 5077 nonnulli

757 5093 1073 5165 simpliciter
1103 5093 1408 5165 πνεύματος
1434 5095 1622 5165 ἐφόδῳ.

830 5147 938 5234 (85)
969 5147 1144 5234 Codex
1171 5147 1320 5220 Coib.
1369 5147 1508 5228 ἔδοξε
1540 5147 1603 5234 τό
1633 5159 1855 5234 ἁγιάζον
1879 5164 1971 5216 καὶ
1999 5165 2058 5218 τὸ
2097 5162 2315 5234 ἀγιαζό-

763 5233 942 5305 μενον.
978 5233 1177 5305 Ibidem
1213 5234 1339 5288 editi
1375 5233 1617 5305 xatﬁetp
1657 5233 1887 5305 μένῃγζαὶ
1915 5233 2151 5305 )‘iEpLEt
2209 5233 2316 5286 Deo

760 5300 821 5358 uc
848 5303 1008 5357 Filio.
1043 5304 1184 5358 Libri
1226 5305 1428 5372 antiqui
1453 5303 1568 5372 Θεῴ
1591 5300 1702 5372 ’μὲν
1743 5300 1869 5372 Υίῴ,
1900 5300 2014 5357 Βεό
2043 5303 2205 5355 Filio.

832 5376 943 5444 (84)
982 5372 1133 5444 Regii
1171 5375 1280 5444 duo
1319 5371 1440 5428 libri
1487 5371 1641 5440 δόξαν
1682 5371 2005 5428 διακόπτων.
2044 5373 2156 5428 Hoc
2203 5375 2316 5440 ipso

761 5459 813 5498 tn
844 5442 960 5516 loco
983 5442 1137 5516 μου).
1179 5442 1332 5497 ῦδασι
1361 5446 1575 5516 χρῆται.

833 5514 945 5582 (85)
978 5513 1116 5568 Editi
1152 5523 1205 5565 et
1258 5511 1671 5568 ttlss."nottnulli
1719 5511 1884 5575 ἀξίως
1929 5514 2177 5582 ὲλογίσω.
2211 5513 2314 5567 Alii

759 5584 865 5640 duo
894 5599 1019 5636 mss.
1061 5583 1209 5650 Regii
1237 5583 1402 5648 ἀξιον,
1433 5593 1597 5642 recte.

832 5652 942 5733 (86)
963 5652 1097 5707 Editi
1135 5655 1182 5705 εἰ
1213 5653 1285 5733 μὴ
1312 5655 1561 5733 όέδοικεν.
1585 5653 1735 5709 Colb.
1763 5653 1809 5703 εί
1837 5654 1928 5705 καὶ
1958 5653 2031 5724 μὴ
2060 5653 2315 5706 δέδοικεν.

757 5724 860 5777 Alii
901 5737 1015 5794 tres
1039 5739 1163 5777 tnss.
1198 5726 1245 5776 εί
1283 5725 1356 5794 μὴ
1393 5724 1651 5787 δέδοικας.

829 5794 939 5864 (87)
979 5792 1195 5850 Veteres
1237 5792 1436 5862 aliquot
1484 5797 1606 5851 libri
1651 5793 1949 5864 ὀμόκτιστα
1998 5795 2089 5848 καὶ
2139 5794 2310 5848 κοινά.

2421 4603 2546 4656 Υίοῦ
2580 4605 2670 4655 καὶ
2700 4604 3033 4673 Πνεύματος.
3072 4604 3139 4656 At
3168 4620 3296 4656 tnss.
3333 4606 3426 4656 καὶ
3457 4604 3612 4672 ἁγίου
3649 4603 3982 4674 Πνεῦματος.

2488 4673 2599 4740 (88)
2640 4675 2742 4727 Pro
2776 4674 2830 4725 δέ
2870 4675 2920 4725 in
2949 4674 3150 4739 aliquot
3183 4689 3312 4726 mss.
3350 4675 3542 4741 legitur
3571 4675 3701 4741 γάρ.

2489 4745 2600 4813 (89)
2641 4744 2817 4797 Monet
2862 4744 2943 4794 vir
2976 4743 3321 4813 doctissimus
3364 4741 3610 4813 Ducmus.
3638 4744 3741 4810 legi
3781 4745 3832 4796 in
3879 4747 3984 4798 edi-

2419 4810 2560 4868 tione
2586 4813 2745 4867 Basil.
2780 4810 3186 4883 χωρηγούμενοι
3215 4812 3401 4883 {quod
3434 4828 3554 4865 cum
3586 4813 3840 4866 vitiosum
3871 4831 3986 4868 esse

2416 4887 2642 4943 videret.
2673 4882 2958 4937 emendare
2984 4883 3183 4944 voluit;
3212 4882 3393 4950 aitque
3420 4898 3485 4935 ex
3513 4883 3679 4935 veteri
3715 4899 3815 4937 suo
3851 4885 3986 4936 libro

2419 4954 2761 5007 scribendum
2799 4952 3313 5024 χειραγωγούμενοι.
3352 4951 3458 5004 Sed
3507 4969 3627 5024 cum
3653 4967 3768 5024 (νοις
3792 4971 3984 5024 χειρα-

2416 5024 2751 5093 γωγούμενοι
2788 5021 2898 5076 non
2927 5021 3222 5090 reperiatur
3251 5036 3423 5089 neque
3454 5025 3505 5093 In
3545 5021 3695 5075 libris
3723 5021 3852 5076 olim
3882 5021 3986 5075 im-

2420 5091 2639 5160 pressis,
2693 5108 2864 5162 neque
2915 5093 2967 5162 in
3017 5093 3216 5162 nostris
3264 5106 3418 5158 mss.,
3469 5091 3577 5144 imo
3620 5107 3794 5162 neque
3833 5096 3882 5145 in
3924 5107 3986 5144 eo

2419 5165 2536 5232 ipso
2567 5178 2726 5231 quem
2764 5161 2990 5216 contulit
3031 5161 3167 5216 libro
3210 5161 3396 5230 Regio,
3429 5175 3548 5232 eam
3599 5161 3747 5232 rejici
3797 5164 3986 5214 merito

2420 5229 2748 5301 posseiputo.
2770 5232 2920 5285 Satis
2945 5232 3119 5284 fuerat
3140 5233 3257 5287 viro
3280 5229 3667 5301 eruditissimo.
3691 5229 3983 5285 litterulain

2423 5299 2584 5355 uuam
2605 5299 2611 5300 7
2633 5311 2861 5364 mutare,
2897 5302 2998 5354 hoc
3025 5313 3131 5364 est,
3163 5317 3258 5371 pro
3287 5299 3693 5371 χωρηγούμενοι
3748 5304 3987 5356 scribere

2419 5371 2809 5444 χορηγούμενοι
2835 5389 2850 5424 :
2876 5386 2980 5440 qua
3009 5373 3200 5444 exigua
3230 5371 3807 5444 faciliquegmulatione
3840 5374 3985 5444 ulcus

2422 5440 2592 5496 totum
2627 5440 2984 5510 persanasset.
3028 5440 3114 5493 Ita
3154 5441 3298 5495 enim
3336 5450 3547 5510 veteres
3581 5441 3820 5509 quinque
3866 5441 3983 5492 libri

2420 5513 2575 5581 plane
2608 5509 2825 5575 habent,
2856 5511 3269 5581 χορηγούμενα,
3303 5509 3365 5561 ab
3399 5511 3737 5581 ipso_edocti,
3759 5510 3980 5581 eruditi,

2418 5577 2569 5649 quasi
2598 5582 2660 5632 ab
2707 5583 2816 5649 ipso
2856 5577 3459 5649 sumptus'accipientes.
3502 5577 3651 5649 Regii
3687 5580 3899 5648 primus
3931 5591 3982 5632 et

2421 5648 2604 5704 Sextus
2637 5648 2854 5719 perinde
2899 5662 2956 5703 ut
2983 5653 3147 5704 editio
3176 5648 3337 5703 Basil.
3371 5648 3786 5719 χωρηγούμενοι
3804 5666 3820 5680 ο
3842 5649 3980 5718 quod

2420 5737 2632 5782 Omnes,
2660 5723 2868 5790 Opinor,
2908 5723 3087 5774 vident
3121 5723 3306 5774 vitium
3333 5735 3454 5772 esse
3493 5721 3860 5786 librariorum,
3891 5719 3982 5790 qui

2424 5793 2636 5848 incaute
2663 5793 3131 5862 imprudenterque
3165 5811 3210 5844 ω
3242 5806 3337 5862 pro
3369 5807 3396 5843 ο
3428 5791 3792 5859 scripserunt.
