4208 6482
226 460 322 510 "31

1313 446 1687 498 AUVEKSUS
1726 445 2093 498 EIJNUMIUM
2137 444 2262 494 Llll.
2307 443 2370 493 ν.

3361 451 3389 498 ’ῖ
3400 452 3468 501 Η.

222 571 426 639 γνῶσιν
459 570 552 622 καὶ
595 568 852 639 φρόνησιν
893 561 1159 628 λεγόντων
1215 560 1422 611 ἑαυτῶν
1465 579 1523 613 τε
1569 559 1665 612 καὶ
1704 575 1796 609 του

1905 561 2232 628 tentiamque
2259 566 2312 609 et
2336 570 2496 608 unam
2519 565 2840 624 potestatein
2863 560 3028 631 309
3048 562 3291 616 dicentes
3317 578 3470 617 suam

226 661 564 732 Πνεῦμα-τος,
611 659 702 711 καὶ
738 656 865 725 μίαν
892 653 1159 717 ἐξουσίαν,
1198 651 1261 702 σὺ
1289 651 1367 710 εἰς
1394 651 1506 720 (90)
1531 651 1708 704 κτίσιν
1736 649 1798 700 τὸ

231 755 454 826 Πνεῦμα
487 753 746 816 κατάγειν
777 749 955 820 βιάζῃ·
975 749 1162 814 ὥσπερ
1201 746 1249 796 εί
1282 745 1375 795 καὶ
1395 745 1473 815 τῷ
1496 748 1684 798 Μωσεί
1708 745 1799 797 τὸν

225 845 360 899 Θεδν
397 844 598 907 ἰσάζειν
640 840 895 908 ἔφασκες,
927 839 1162 900 ἁκούων,
1198 836 1280 888 ὅτι
1326 837 1721 890 Ἐπίστευσεν
1765 839 1800 890 ὀ

224 939 376 1003 λαὸς
402 937 479 1000 τῷ
516 933 728 1000 Κυρίῳ,
765 932 862 985 καὶ
897 927 1100 986 Μωσεῐ
1121 928 1200 994 τῷ
1231 927 1544 994 θεράποντι
1588 930 1796 983 αὐτοῦ.

241 1030 402 1084 Ἀλλὰ
426 1027 557 1098 δήλη
582 1030 614 1096 ἡ
647 1026 874 1097 διαφορὰ
907 1022 1016 1090 (91)
1045 1021 1311 1074 Δεσπότου
1340 1020 1433 1072 καὶ
1460 1019 1675 1072 δούλου·
1707 1022 1801 1090 ἧν-

227 1140 336 1191 περ
370 1119 462 1171 καὶ
487 1117 697 1180 δεικνὺς
725 1120 753 1169 ὁ
781 1117 1004 1185 γράφων
1034 1112 1218 1183 εἴρηκε
1250 1127 1262 1141 ⁸
1305 1109 1512 1162 Μωσεῖ
1532 1108 1610 1174 τῷ
1634 1110 1800 1178 θερά-

227 1226 401 1263 ποντι
439 1211 644 1266 αὑτοῦ.
684 1208 814 1267 Θεὸς
863 1205 962 1274 μὲν
993 1203 1100 1277 γὰρ
1135 1206 1210 1267 ὡς
1249 1201 1527 1271 Δεσπότης
1579 1201 1674 1252 καὶ
1724 1202 1798 1264 ὼς

227 1305 552 1363 ἀποστείλας
599 1299 801 1352 Μωσέα
847 1295 1194 1350 πιστεύεταιο
1241 1293 1447 1362 Μωσῆς
1479 1293 1556 1356 δὲ,
1600 1292 1675 1355 ὡς
1709 1293 1798 1345 οε-

231 1396 418 1467 ράπων
458 1391 798 1453 ἀποσταλείς.
842 1390 995 1443 Οῦτω
1034 1388 1096 1461 δὴ
1131 1390 1222 1442 καὶ
1262 1386 1339 1458 τῷ
1393 1385 1666 1455 Πνεῦματι
1704 1386 1800 1454 μὲν

227 1489 374 1554 ἔδοξε
413 1484 746 1547 δεσποτικῶς
774 1483 842 1536 τὰ
885 1485 950 1552 τῇ
993 1482 1287 1553 Ἐκκλησία
1318 1480 1536 1533 δοθέντα
1574 1480 1798 1549 νόμιμα,

227 1585 340 1643 τοῖς
359 1581 412 1632 δὲ
429 1576 742 1637 ἀποστόλοις
773 1573 1115 1640 ὑπηρετικῶς
1148 1573 1216 1623 τὰ
1254 1572 1319 1622 δι’
1346 1569 1526 1624 αὐτῶν
1554 1570 1800 1639 ἐκφωνη-

227 1673 389 1726 οέντα
454 1670 865 1738 προστάγματα.
926 1664 1063 1715 ’Λλϊ
1113 1666 1174 1715 οὐ
1223 1664 1284 1715 τὸ
1325 1662 1548 1732 Πνεῦμα
1593 1661 1797 1714 δοῦλον.

239 1767 295 1815 '0
324 1764 431 1833 γὰρ
459 1764 688 1830 Κύριος,
726 1759 877 1828 φησὶ,
902 1757 964 1810 τὸ
1000 1756 1241 1825 Π-νεῦμά
1265 1757 1393 1809 ἐστι
1421 1773 1434 1784 ·
1485 1752 1582 1806 καὶ
1627 1750 1696 1808 οὗ
1733 1752 1799 1805 τὸ

228 1856 469 1924 Πνεῦμα
496 1855 734 1922 Κυρίου,
762 1851 1089 1918 ἐλευθερία.
1118 1851 1227 1901 Καὶ
1243 1849 1662 1915 δουλαηίωγεῖται
1700 1846 1798 1916 μὲν

226 1947 561 2016 ἐπιτάγμασι
596 1947 708 2006 τοῖς
731 1941 823 1994 τοῦ
864 1944 1178 2011 Πνεύματος
1212 1942 1239 1991 ὁ
1286 1942 1500 2013 Ἰσραὴλ
1528 1943 1623 1994 σὺν
1650 1941 1796 2011 φόϐῳ

1902 1933 2187 2001 praeceptis
2244 1931 2476 2002 Spiritus
2527 1941 2746 1995 ducitur
2788 1960 2802 1995 :

225 2041 676 2110 νουθετούμενος,
719 2035 1039 2087 υίοθετεῖται
1087 2033 1143 2086 δὲ
1184 2035 1527 2103 Χριστιανῶν
1570 2034 1799 2105 Ἐκκλη-

229 2132 321 2185 σία
359 2130 424 2182 δι’
463 2129 681 2196 ἀγάπης
725 2125 1078 2196 ἁγιαζομένη.
1135 2123 1224 2175 Διό
1266 2141 1428 2194 φησιν
1478 2127 1505 2178 ὁ
1549 2124 1792 2188 Παῦλος

229 2226 312 2277 Οὐ
365 2223 472 2293 γὰρ
507 2220 749 2275 ἐλάϐετε
783 2218 1016 2286 πνεῦμα
1045 2215 1324 2281 δουλείας
1361 2215 1548 2269 πάλιν
1574 2220 1660 2282 εὶς
1693 2219 1799 2285 φό-

223 2321 350 2381 ἵον,
408 2317 544 2370 ἀλλ’
587 2314 826 2366 ἐλάϐετε
853 2313 1086 2380 πνεῦμα
1127 2311 1452 2375 υἱοθεσίας,
1485 2310 1554 2363 ἐν
1583 2303 1631 2375 ᾦ
1658 2310 1798 2378 κρά-

223 2412 416 2478 ζομεν,
458 2403 630 2460 Ἀϐϐᾶ
659 2407 690 2456 ό
719 2403 936 2470 Πατήρ.
974 2405 1047 2455 υῦ
1080 2402 1143 2473 δὴ
1194 2404 1222 2455 6
1250 2403 1307 2454 τὺ
1337 2402 1521 2455 δοῦλον
1560 2403 1798 2474 εἰληφὼς

222 2501 338 2562 υἱὸς
361 2502 425 2551 ἐκ
440 2497 623 2549 δούλου
654 2494 998 2556 καθίσταται,
1020 2494 1138 2546 οὐδὲ
1155 2492 1244 2545 διὰ
1269 2494 1364 2565 τὴν
1385 2495 1570 2547 δούλου
1609 2513 1796 2565 μετου-

224 2595 344 2645 σίαν
378 2590 596 2660 Πατέρα
636 2589 724 2642 τὸν
764 2588 896 2639 Θεὸν
939 2586 1372 2658 παρρησιάζεται
1404 2587 1514 2658 (92)
1541 2602 1554 2616 ⁸
1587 2589 1706 2641 οὐδὲ
1738 2590 1796 2641 τὸ

221 2685 407 2738 δοῦλον
434 2683 501 2737 τὰ
531 2683 623 2736 τοῦ
650 2681 785 2734 Θεοῦ
834 2682 1006 2735 πάντα
1050 2682 1284 2750 ἐνεργεῖ,
1310 2680 1491 2742 καθὼς
1526 2679 1791 2749 βούλεται.

221 2778 344 2832 Οὐδ’
370 2777 433 2832 ἂν
466 2777 562 2851 τὴν
605 2776 698 2829 τοῦ
741 2776 879 2829 Πνεύ
890 2792 1055 2846 ματος
1090 2773 1199 2844 (95)
1235 2773 1558 2846 παρουσίαν,
1609 2771 1794 2826 δούλου

220 2869 319 2924 καὶ
368 2870 662 2940 κτίσματος
690 2869 858 2930 ὄντος,
892 2868 984 2920 ἐπὶ
1021 2867 1195 2919 πάντα
1243 2867 1454 2934 διήκειν
1500 2864 1735 2936 ἔφασκεν
1767 2867 1796 2918 6

222 2961 486 3031 ὕμνῳδὸς,
521 2963 809 3029 πρόσωπον
852 2959 983 3010 αὐτὸ
1020 2958 1115 3009 καὶ
1143 2959 1302 3026 χεῖρα
1334 2956 1468 3008 Θεοῦ
1521 2975 1791 3028 προσαγοο

224 3051 398 3123 ρεύων
424 3053 517 3105 καὶ
537 3052 710 3119 λέγων
731 3068 745 3081 ο
781 3049 905 3102 Ποῦ
932 3050 1198 3116 πορευθῶ
1233 3048 1352 3103 ἀπὸ
1387 3049 1493 3104 τοῦ
1534 3052 1794 3116 πνεύμα-

221 3145 326 3211 τός
353 3159 488 3208 σου,
516 3144 611 3196 καὶ
648 3142 766 3197 ἀπὸ
794 3141 899 3195 τοῦ
929 3141 1254 3208 προσώπου
1289 3155 1406 3196 σου
1441 3143 1558 3197 ποῦ
1589 3145 1793 3213 satira);

1900 657 1954 700 et
1975 646 2231 716 Spiritus,
2263 657 2320 701 tu
2351 648 2419 699 ad
2443 659 2749 704 creaturam
2770 648 3030 719 Spiritum
3067 654 3349 711 demittere
3373 672 3470 711 co-

1904 737 2050 790 naris
2084 750 2100 791 ξ
2132 737 2584 809 quemadmodum
2621 739 2668 794 si
2708 739 2876 811 Moysi
2902 758 3115 813 quoque
3165 748 3334 803 Deum
3375 765 3473 802 ex-

1901 829 2102 896 mqnari
2127 831 2385 896 aﬁirmes,
2415 832 2540 885 dum
2565 835 2719 888 audis
2745 851 2758 888 :
2784 832 3017 888 Credidit
3041 841 3260 905 populus
3296 841 3473 895 Domi-

1904 939 1993 981 no,
2016 931 2062 973 et
2093 920 2226 973 Mosi
2251 939 2392 977 servo
2411 926 2523 993 ejus
2547 923 2612 976 ⁸³.
2633 928 2695 981 Et
2722 938 2902 982 tamen
2927 928 3210 984 Dominum
3248 933 3388 989 inter
3420 946 3476 989 et

1900 1029 2115 1069 servum
2141 1016 2421 1070 manifesta
2453 1028 2536 1073 est
2563 1017 3071 1090 dim-rentiazquam
3100 1039 3224 1078 cum
3243 1030 3475 1096 scriptor

1900 1109 2060 1161 etiam
2081 1111 2408 1174 ostenderet,
2429 1112 2555 1167 dixit
2583 1129 2595 1166 :
2620 1112 2671 1165 .‘ll
2680 1117 2755 1166 osi
2769 1134 2911 1172 servo
2927 1117 3064 1188 ejus.
3080 1117 3212 1172 Nam
3233 1120 3342 1175 Deo
3366 1124 3474 1176 sit:-

1901 1202 1978 1254 uti
2020 1203 2270 1268 Domino,
2307 1212 2361 1256 et
2396 1204 2534 1259 sicut
2560 1207 2745 1261 Mosen
2783 1212 3014 1266 mittenti
3072 1212 3423 1269 crediderunt
3455 1234 3470 1268 :

1903 1291 2031 1347 Mosi
2071 1310 2200 1349 vero
2231 1295 2386 1349 sicuti
2420 1311 2580 1354 servo
2615 1301 2800 1355 misso.
2840 1301 2928 1356 Sic
2958 1305 3203 1373 profecto
3238 1306 3466 1377 Spiritui

1902 1385 2116 1452 quidem
2141 1397 2399 1458 tanquam
2428 1389 2653 1448 Domino
2679 1393 3002 1462 placuerunt
3031 1413 3108 1452 ea:
3137 1414 3260 1468 qua:
3291 1399 3474 1456 Eccle-

1902 1476 1996 1528 siae
2035 1478 2170 1532 data:
2209 1491 2332 1534 sunt
2372 1480 2516 1549 leges
2557 1501 2569 1536 :
2609 1485 2866 1552 apostolis
2897 1500 3025 1539 vero
3069 1499 3321 1558 tanquam
3361 1493 3469 1545 mi-

1903 1567 2109 1633 nistris,
2133 1586 2194 1624 ea
2221 1588 2340 1641 qua:
2361 1573 2679 1642 evulgarunt
2707 1586 2997 1647 praecepta.
3029 1578 3261 1647 Spiritus
3285 1596 3466 1640 autem

1901 1671 2090 1712 servus
2126 1676 2229 1713 non
2257 1675 2359 1717 est.
2389 1665 2644 1718 Dominus
2669 1668 2829 1735 enim,
2868 1671 3061 1740 inquit,
3093 1669 3323 1742 Spiritus
3345 1691 3423 1734 et:
3447 1697 3468 1734 :

1900 1759 1948 1800 et
1984 1749 2071 1800 ubi
2116 1748 2340 1818 Spiritus
2379 1754 2625 1823 Domini,
2673 1757 2743 1810 ibi
2785 1759 2998 1816 libertas
3027 1763 3093 1822 “.
3146 1765 3214 1819 Et
3268 1765 3463 1832 Israel,

1903 1849 2084 1908 utpote
2113 1856 2234 1895 cum
2269 1843 2552 1902 formidine
2585 1849 2886 1915 institutus,
2927 1865 2987 1908 ut
3025 1871 3217 1911 servus
3248 1859 3466 1928 quidem

2855 1943 3285 2005 Christianorum
3341 1967 3471 2007 vero

1902 2021 2142 2078 Ecclesia
2192 2039 2290 2093 per
2345 2027 2670 2086 cliaritatem
2741 2034 3102 2103 sanctiﬁcata,
3160 2040 3467 2112 adoptatur.

1899 2111 2186 2181 Propterea
2221 2117 2352 2172 dicit
2392 2118 2628 2177 Paulus:
2684 2122 2808 2178 Non
2841 2127 2979 2179 enim
3012 2133 3282 2200 accepistis
3314 2136 3470 2199 spiri-

1899 2216 2006 2259 tum
2034 2207 2222 2259 iterum
2262 2211 2526 2265 seruitutis
2554 2213 2622 2265 ad
2654 2215 2913 2280 timorem,
2941 2221 3030 2272 sed
3062 2223 3334 2288 accepistis
3361 2227 3471 2294 spi-

1898 2301 2062 2351 ritum
2103 2300 2397 2368 adoptionis
2449 2304 2507 2358 in
2543 2321 2646 2376 quo
2680 2306 2991 2367 clamamus.
3022 2313 3168 2367 Abba
3209 2313 3372 2370 Pater
3397 2319 3464 2372 ⁸⁷.

1897 2387 2011 2443 Non
2079 2390 2266 2458 utique
2328 2392 2374 2446 is
2424 2397 2514 2462 qui
2583 2399 2727 2453 servi
2785 2401 3152 2460 conditionem
3218 2411 3466 2479 accepit,

1897 2479 2042 2534 ﬁlius
2088 2496 2119 2535 e
2175 2495 2334 2538 servo
2387 2488 2736 2545 constituitur
2778 2512 2792 2548 :
2840 2511 3015 2564 neque
3063 2509 3285 2566 propter
3323 2501 3465 2553 servi

1897 2572 2365 2640 participationem
2410 2575 2578 2631 Deum
2632 2581 2852 2637 audebit
2898 2585 3114 2641 Patrem
3158 2590 3464 2658 appellare;

1897 2677 2073 2732 neque
2101 2678 2292 2720 servus
2316 2678 2572 2737 operatur
2601 2687 2940 2747 quacunque
2982 2677 3077 2735 Dei
3122 2693 3276 2746 sunt,
3307 2684 3466 2741 sicuti

1896 2753 2025 2811 vult.
2079 2755 2262 2828 Neque
2321 2760 2559 2831 Spiritus
2615 2769 3001 2839 praesentiam,
3060 2775 3106 2827 si
3167 2789 3470 2833 servusact

1897 2856 2144 2903 creatura
2198 2864 2383 2920 esset,
2433 2858 2614 2913 omnia
2648 2863 2945 2929 pervadere
2987 2867 3211 2923 dixisset
3243 2873 3471 2942 hymno.

1897 2954 2014 2994 rum
2059 2953 2268 3008 cantor,
2300 2947 2387 3014 qui
2427 2965 2552 3004 eum
2594 2951 2789 3006 faciem
2825 2965 2880 3008 et
2907 2973 3122 3013 manum
3152 2961 3244 3015 Dei
3289 2975 3465 3027 vocat,

1896 3045 1961 3085 ac
2012 3032 2144 3088 dicit
2184 3053 2197 3088 :
2235 3037 2350 3102 Quo
2395 3039 2476 3094 ibo
2528 3058 2560 3095 a
2602 3044 2792 3113 spiritu
2842 3051 2971 3112 ωδ,
3021 3061 3069 3104 et
3112 3068 3216 3120 qua
3263 3071 3294 3106 a
3334 3055 3470 3122 (acie

1896 3131 1985 3177 tua
2033 3122 2276 3196 fugiam!
2310 3126 2371 3183 Si
2415 3137 2693 3192 ascendere
2722 3139 2776 3191 in
2809 3139 3024 3207 caelum,
3072 3151 3130 3196 tu
3163 3145 3272 3198 illic
3304 3161 3398 3210 es;
3423 3149 3470 3199 si

234 3235 371 3289 Ἐὰν
401 3236 595 3290 ἀναϐῶ
619 3238 706 3302 είς
728 3234 834 3287 τὸν
865 3235 1144 3302 οὐρανὸν,
1181 3236 1262 3286 σὺ
1289 3235 1418 3288 ἐκεῖ
1431 3232 1516 3288 εἷ·
1547 3236 1655 3288 ἐὰν
1687 3253 1793 3289 κα-

1899 3218 2211 3276 descendero
2265 3225 2320 3278 in
2375 3227 2659 3296 infernum,
2710 3235 2858 3289 ades.
2913 3233 2972 3289 Si
3017 3253 3284 3305 sumpsero
3340 3257 3469 3307 pen-

218 3329 376 3383 ταϐῶ
428 3332 514 3394 εἰς
558 3329 664 3381 τὸν
700 3326 886 3393 ᾅδην,
937 3326 1125 3393 πάρει.
1163 3327 1305 3379 Ἐὰν
1353 3327 1631 3383 ἀναλάϐω
1687 3328 1796 3399 (94)

216 3423 327 3487 τὰς
353 3417 646 3487 πτέρυγάς
672 3435 791 3485 μου
813 3417 939 3468 κατ’
962 3416 1194 3484 ὄρθρον,
1229 3418 1324 3471 καὶ
1352 3421 1796 3488 κατασκηνώσω

217 3508 306 3572 εἰς
335 3506 407 3559 τὰ
431 3505 662 3574 ἔσχατα
685 3503 794 3573 τῆς
818 3502 1134 3572 θαλάσσης
1160 3524 1173 3535 δ
1207 3506 1302 3559 καὶ
1324 3506 1434 3575 γὰρ
1458 3507 1637 3577 ἑκεῖὴ
1669 3511 1798 3578 χείρ

217 3615 335 3652 σου
387 3598 671 3668 ὁδηγήσει
705 3614 801 3667 με,
852 3597 950 3650 καὶ
1004 3599 1237 3662 καθέξει
1261 3617 1338 3668 με
1384 3600 1422 3667 ἡ
1466 3599 1634 3665 δεξιά
1656 3617 1793 3656 σου.

218 3690 448 3761 Πνεῦμα
475 3691 583 3761 γάρ
617 3692 731 3743 ἐστι
755 3693 814 3744 τὸ
833 3692 1191 3761 πεπληρωκὸς
1226 3691 1293 3743 τὰ
1317 3693 1626 3762 σύμπαντα,
1658 3695 1796 3748 κατὰ

216 3784 280 3837 τὸ
312 3782 693 3854 γεγραμμένον
716 3799 728 3811 ·
761 3783 1002 3850 Πνεῦμα
1035 3783 1143 3850 γὰρ
1195 3785 1415 3850 Κυρίου
1443 3785 1796 3855 πεπλήρωκε

217 3876 336 3944 τὴν
369 3875 746 3942 οἰκουμένην,
783 3876 945 3944 φησὶν
967 3877 995 3926 6
1025 3873 1292 3945 Σολομὼν.
1325 3876 1416 3930 Διὸ
1440 3878 1533 3930 καὶ
1566 3880 1795 3953 ἐπείπερ

218 3965 343 4021 καθ’
393 3965 531 4018 ἑπτὰ
575 3965 856 4036 ἐνεργείας
890 3963 1218 4033 γινώσκεται
1265 3967 1326 4018 τὸ
1370 3968 1628 4038 Πνεῦμα,
1662 3971 1726 4032 ἂς
1766 3973 1794 4024 6

232 4057 459 4120 Ἡσαΐας
487 4056 724 4129 ἔφρασεν
747 4097 761 4120 ,
795 4056 932 4109 ἑπτὰ
966 4057 1277 4127 ὀφθαλμοὺς
1321 4058 1380 4110 τὸ
1410 4059 1633 4128 Πνεῦμα
1677 4063 1791 4113 Κυ-

223 4147 338 4220 ρίου
369 4144 490 4199 εἶπε
529 4147 622 4199 καὶ
665 4147 693 4198 ὁ
725 4147 1019 4218 Ζαχαρίας,
1073 4146 1215 4198 οὕτω
1262 4147 1465 4215 λέγων·
1519 4146 1693 4203 Οὗτοι
1739 4156 1793 4205 οἱ

219 4235 514 4304 ὀφθαλμοὶ
555 4236 774 4302 Κυρίου
799 4234 1222 4299 ἐπιϐλέποντες
1264 4237 1377 4301 τὴν
1409 4237 1556 4306 τῆν’
1599 4239 1691 4291 καὶ
1734 4241 1793 4292 τὸ

218 4326 508 4395 λεγόμενον
526 4341 540 4353 ·
578 4325 688 4378 Τὸν
710 4323 968 4391 οὐρανόν
996 4324 1093 4377 καὶ
1126 4323 1239 4391 τὴν
1274 4324 1390 4392 γῆν
1422 4326 1536 4395 ἐγὼ
1559 4328 1790 4395 πληρῶ,

215 4420 380 4488 λέγει
401 4415 638 4484 Κύριος,
654 4415 753 4485 τὴν
785 4415 871 4468 διὰ
900 4415 992 4467 τοῦ
1024 4415 1168 4468 Θείου
1188 4416 1502 4486 Πνεύματος
1537 4421 1789 4490 σημαίνει

218 4514 496 4582 πλήρωσιν
517 4526 530 4539 ’
554 4509 742 4580 ὥσπερ
767 4510 860 4561 καὶ
876 4508 964 4562 διὰ
986 4508 1080 4560 τοῦ
1100 4509 1366 4580 Ζαχαρίου
1395 4512 1557 4582 φησὶν
1575 4513 1605 4564 6
1622 4513 1751 4577 Θεός
1771 4532 1786 4546 ο

1902 3327 1996 3364 nas
2026 3330 2165 3367 meas
2194 3317 2449 3384 diluculo,
2485 3329 2531 3373 et
2567 3322 2867 3378 habitavere
2902 3326 2955 3378 in
2982 3332 3226 3382 extremis
3257 3333 3419 3385 maris
3443 3347 3464 3386 .°

1901 3423 2022 3460 nam
2070 3416 2115 3456 et
2153 3407 2228 3461 ibi
2274 3425 2461 3466 manus
2500 3424 2590 3468 tua
2641 3417 2860 3472 deducet
2902 3436 3026 3475 me:
3059 3436 3110 3477 et
3147 3426 3339 3478 tenebit
3386 3443 3468 3480 me

1899 3501 2111 3558 dextera
2142 3513 2230 3557 tua
2261 3504 2326 3559 “.
2361 3503 2594 3574 Spiritus
2624 3510 2768 3564 enim
2808 3520 2890 3566 est
2933 3513 3024 3580 qui
3064 3514 3308 3584 implevit
3342 3519 3467 3572 uni-

1897 3609 2084 3660 versa;
2137 3597 2431 3650 secundum
2473 3597 2528 3652 id
2584 3600 2725 3668 quod
2766 3604 3025 3672 scriptum
3069 3615 3186 3661 est:
3235 3606 3465 3677 Spiritus

1897 3686 2036 3739 enim
2069 3686 2318 3753 Domini,
2367 3688 2538 3759 inquit
2581 3690 2833 3747 Salomon
2876 3696 2940 3761 θ’,
2978 3695 3152 3750 orbem
3204 3706 3467 3754 terrarum

1896 3776 2144 3845 implevit.
2178 3778 2518 3851 Quapmptcr
2545 3796 2668 3837 cum
2700 3786 2862 3840 etiam
2895 3802 2990 3856 per
3023 3797 3228 3859 septem
3273 3805 3466 3861 opera-

1900 3867 2072 3923 tiones
2089 3869 2324 3939 Spiritus
2347 3886 2724 3941 cognoscatur,
2743 3892 2877 3945 quas
2897 3877 3064 3934 Isaias
3082 3883 3355 3938 recensuit
3379 3885 3462 3950 7‘;

1895 3961 2184 4016 Zacharias
2224 3979 2437 4034 quoque
2479 3965 2692 4022 Domini
2728 3969 2990 4037 Spiritum
3022 3981 3230 4042 septem
3277 3975 3464 4031 oculos

1894 4052 2068 4116 dixit,
2106 4053 2176 4107 ita
2205 4053 2432 4121 loquens
2463 4056 2551 4111 “z
2597 4055 2672 4110 Hi
2708 4058 2846 4111 oculi
2892 4059 3108 4116 Domini
3154 4065 3460 4128 aspicientes

1894 4153 2110 4195 terram.
2155 4142 2224 4196 Et
2262 4144 2391 4198 illud
2421 4148 2560 4214 quod
2604 4149 2805 4204 dicitur
2831 4152 2897 4216 "',
2936 4151 3133 4208 Cazlum
3180 4167 3231 4211 et
3263 4168 3462 4212 terram

1893 4251 1985 4302 ego
2016 4236 2295 4304 adimpleo,
2331 4239 2461 4292 dicit
2497 4241 2774 4311 Dominus,
2801 4259 2919 4298 eam
2950 4262 3070 4315 qua:
3094 4264 3189 4317 per
3218 4250 3458 4307 divinum

1893 4320 2151 4389 Spiritum
2181 4327 2410 4382 eﬂicitur
2439 4329 2872 4400 adimpletionem
2900 4336 3167 4405 signiﬁcat
3200 4357 3214 4393 :
3265 4356 3459 4410 quem-

1890 4415 2174 4470 admodum
2196 4427 2250 4472 et
2270 4434 2368 4489 per
2411 4420 2727 4478 Zachariam
2757 4423 3061 4500 [Aggasunt]
3098 4431 3226 4485 dicit
3267 4433 3407 4488 Deus
3441 4453 3456 4488 :

1889 4505 2002 4577 Ego
2028 4526 2143 4564 sum
2178 4513 2233 4564 in
2265 4514 2430 4579 vobis,
2470 4525 2532 4573 et.
2563 4514 2791 4585 Spiritus
2823 4538 2968 4575 meus
3001 4524 3142 4577 stetit
3182 4526 3238 4580 in
3285 4529 3456 4582 medio

229 4602 372 4672 ἙΊὼ
394 4606 508 4671 ειμι
534 4602 646 4671 (95)
667 4602 735 4654 ἐν
759 4601 921 4669 ὑμῖν,
946 4601 1046 4652 καὶ
1061 4600 1127 4653 τὸ
1147 4601 1387 4670 Πνεῦμὰ
1399 4621 1517 4672 μου
1540 4605 1786 4674 ἐφέστη-

1891 4599 2138 4654 vestri".
2177 4600 2283 4656 Sed
2307 4612 2364 4657 et
2407 4615 2564 4660 antea
2609 4608 2712 4663 alia
2761 4610 2915 4679 plura
2961 4613 3203 4682 ejusdem
3243 4620 3458 4686 generis

217 4713 325 4748 κεν
354 4696 423 4748 ὲν
448 4693 616 4764 μέσῳ
634 4692 819 4760 ὑμῶν.
838 4693 1166 4763 Προείρηται
1185 4693 1242 4744 δὲ
1267 4695 1360 4746 καὶ
1389 4695 1551 4766 ἕτερα
1570 4698 1796 4751 πλείονα-

217 4785 471 4848 τοιαῦτα,
503 4791 631 4855 περὶ
666 4783 760 4836 τοῦ
807 4783 869 4834 τὸ
894 4783 1116 4853 Πνεῦμα
1146 4778 1286 4835 εἶναι
1314 4784 1375 4835 τὸ
1409 4786 1646 4855 πληροῦν
1688 4790 1786 4859 τὴν

218 4879 413 4932 κτίσιν.
442 4877 536 4940 Τίς
565 4873 656 4929 οῦν
687 4876 785 4929 οῦκ
818 4873 1124 4927 αἰσθάνεται
1154 4874 1254 4943 τῆς
1283 4873 1469 4943 θεῖκῆς
1492 4875 1585 4928 τοῦ
1617 4879 1785 4931 Πνεῦ-

223 4989 385 5034 ⁹ιατος
416 4971 594 5035 δόξης.
630 4969 843 5023 ἁκούων
892 4969 986 5031 τὸ,
1020 4966 1144 5021 Ποῦ
1192 4967 1460 5036 πορευθῶ
1508 4969 1626 5024 ἀπὸ
1679 4973 1784 5026 τοῦ

289 5119 334 5150 ⁸⁸
366 5117 533 5173 Exod.
567 5131 677 5176 xw,
730 5113 818 5168 51.

216 5207 294 5258 x1,
319 5191 386 5253 2,
419 5190 473 5242 5.
548 5189 590 5220 "
629 5185 794 5239 Zach.
823 5199 894 5246 tv,
927 5184 1011 5236 10.
1089 5182 1133 5210 ⁷⁸
1180 5178 1382 5234 Jerem.
1421 5196 1578 5245 um,
1609 5182 1700 5237 24.
1734 5185 1780 5215 "

290 5342 397 5415 (90)
430 5341 570 5415 Editi
596 5343 660 5395 σὺ
681 5345 778 5415 sl_c;.
808 5338 1008 5394 Vocula
1037 5341 1098 5393 σύ
1132 5342 1183 5394 in
1216 5338 1415 5393 nostris
1443 5354 1584 5415 mss.
1606 5338 1774 5394 deest.

212 5411 634 5468 —'Vertendnm
667 5431 679 5465 :
711 5411 788 5465 Tu
823 5428 960 5474 vero,
993 5415 1143 5480 quasi
1175 5427 1332 5462 unum
1365 5419 1410 5460 et
1435 5411 1667 5461 eamdem
1695 5428 1778 5462 co-

215 5487 498 5554 gnitionem
537 5492 586 5535 et
645 5482 994 5560 prudentiam,
1025 5498 1087 5560 ac
1117 5496 1272 5560 unam
1305 5482 1616 5560 eteatmdem
1643 5489 1778 5560 pote:

213 5543 400 5608 autem
425 5543 756 5618 sibimetipsis
774 5562 817 5603 et
839 5548 1057 5615 Spiritui
1081 5551 1396 5611 attribuant,
1426 5543 1682 5614 Spiritum
1707 5551 1776 5601 ad

215 5635 509 5676 creaturam
544 5624 812 5700 demitur!
840 5622 1066 5700 conaris.
1104 5620 1315 5700 Mantus.
1365 5689 1396 5700 Α.
1477 5688 1491 5700 θ
1541 5689 1553 5700 _
1762 5689 1774 5700 _

286 5695 397 5760 (οι)
423 5693 559 5746 Editi
595 5692 753 5744 Ἀλλά
775 5690 972 5761 δηλαδὴ
994 5691 1242 5762 διαφορά.
1272 5688 1508 5762 Antiqui
1523 5689 1626 5762 duo
1648 5687 1774 5762 ituri

228 5757 386 5818 Ἀλλὰ
430 5763 521 5834 δὴ
547 5763 795 5834 διαφορά.
829 5757 935 5834 ’Alii
961 5757 1231 5834 quidam”
1252 5773 1397 5834 ms_s._
1419 5757 1599 5834 θἈλλα
1639 5758 1771 5829 ἄλλη

213 5833 467 5904 διαφορά1
490 5829 622 5902 Reg.
650 5829 918 5904 secundus
962 5831 1120 5885 Ἀλλὰ
1153 5830 1284 5904 δήλη
1314 5832 1347 5900 ή
1375 5829 1626 5904 διαφορᾷἵ

284 5899 394 5978 (99.)
431 5899 796 5972 Editi'etilvg.
831 5906 1094 5959 secundus
1115 5899 1548 5972 παρρὴσιάζεται
1573 5899 1768 5970 λέγειν.

894 5113 939 5142 ⁸⁸
981 5112 1167 5166 llLor.
1201 5125 1283 5174 ιιι,
1314 5110 1400 5163 l7.
1479 5113 1500 5143 ⁸
1553 5112 1708 5167 Rom.
1737 5129 1857 5177 vni,
1892 5117 1981 5174 15.

1897 4686 2035 4740 dicta
2071 4700 2215 4756 sunt,
2243 4693 2435 4760 quibus
2460 4695 2660 4763 liqueat
2685 4697 2946 4768 Spiritum
2973 4717 3093 4756 esse
3119 4704 3210 4774 qui
3238 4718 3455 4761 creatu-

1895 4791 2012 4831 ram
2046 4779 2252 4849 implet.
2283 4783 2414 4850 Quis
2445 4786 2609 4857 igitur
2626 4805 2734 4845 non
2764 4793 2927 4847 sentit
2955 4794 3192 4850 divinam
3221 4797 3457 4867 Spiritus

1897 4866 2120 4935 gloriam
2151 4881 2292 4937 tum,
2316 4888 2439 4930 cum
2463 4879 2646 4933 audit:
2683 4880 2798 4945 Quo
2823 4882 2908 4937 ibo
2949 4903 2980 4938 a
3014 4885 3222 4955 Spiritu
3255 4866 3345 4944 tuo
3371 4891 3456 4944 "?

1891 4956 1962 5012 Ει
1981 4975 2170 5018 rursus
2197 4981 2210 5018 :
2240 4964 2439 5021 (Icelum
2469 4980 2518 5023 et
2539 4982 2730 5027 terram
2759 4992 2850 5046 ego
2879 4977 3088 5046 impleo.
3117 4980 3246 5034 dicit
3275 4980 3457 5035 Domi-

2056 5122 2100 5204 ’ξ
2137 5123 2544 5204 ΡξξιΙλειῃκνιιι
2567 5171 2581 5195 ,
2609 5131 2751 5187 7-10.
2829 5135 2874 5166 η
2916 5151 3043 5204 cap.
3072 5151 3111 5202 t,
3143 5138 3194 5190 7.
3269 5138 3315 5170 ⁷⁸
3348 5138 3451 5199 lsa.

1809 5187 1943 5258 Agg.
1977 5207 2038 5258 ιι,
2069 5193 2122 5246 5.
2191 5195 2235 5226 ⁷⁸
2271 5197 2413 5254 Psal.
2443 5187 2701 5270 cxxivm,
2736 5203 2790 5258 7.

1878 5349 1982 5403 Sed
2026 5352 2246 5408 verbum
2289 5356 2466 5426 λέγειν
2509 5361 2560 5414 in
2587 5361 2733 5439 _aliis
2781 5379 2912 5419 mss.
2951 5366 3130 5439 deest;
3161 5366 3251 5423 ὀδ
3291 5367 3455 5439 idque

1876 5434 2213 5506 eamnvocem
2249 5440 2555 5506 Suspectam
2586 5431 2758 5485 habeo
2780 5441 2880 5506 :_jeo
2910 5431 3281 5506 magis,’quod
3314 5431 3457 5493 m'ul-

1876 5493 2284 5568 tzu_:_il_i_:e_voces
2320 5493 2370 5550 in
2417 5501 2545 5568 Reg.
2600 5493 2840 5559 secundo
2881 5493 3448 5564 solea'nt’rédundare.

1947 5563 2058 5632 (95)
2089 5564 2179 5620 Sic
2213 5568 2365 5650 liegii
2397 5563 2622 5650 quartus
2641 5584 2693 5626 et
2717 5575 2958 5643 quintus.
2983 5575 3125 5632 Editi
3145 5577 3246 5650 τὴν
3278 5563 3452 5635 lived?

1878 5649 2136 5707 ματος....
2179 5637 2477 5707 κτίσματος
2504 5642 2615 5695 ἐπί.

2098 5710 2233 5789 lleg.
2268 5705 2615 5789 t;_is_:trttts_é&v
2642 5713 2988 5789 ἀναλάϐοιμι.

1953 5779 2065 5864 (95)
2098 5778 2247 5842 Illud,
2295 5781 2604 5864 Ἐγτὶι-ειρι,
2637 5796 2766 5864 etc.,
2812 5778 2953 5860 apud
2987 5789 3243 5862 Aggmum
3288 5806 3351 5859 ιι.
3392 5791 3451 5864 5,

1880 5849 2093 5921 legitur,
2127 5867 2230 5907 non
2264 5849 2404 5923 apud
2432 5849 2770 5912 Zachariam.
