4208 6478
775 421 879 477 743

2078 418 2134 470 S.
2177 416 2418 470 BASILII
2459 415 2672 470 MAGNI

3921 422 4023 475 τιι

769 551 867 587 nus
895 532 960 584 ".
986 528 1150 586 Video
1173 539 1227 583 et
1253 529 1344 584 Dei
1375 539 1428 583 et
1456 528 1695 599 Spiritus
1719 532 2060 597 praesentiam
2087 529 2141 581 in
2168 544 2332 583 unum
2362 534 2408 591 Α

2362 534 2408 591 Α
2438 527 2782 595 Πνεύματός
2822 542 2937 580 σου
2958 567 2970 589 ,
3001 529 3095 579 καὶ
3122 530 3283 583 πάλιν
3310 549 3321 561 ·
3361 534 3469 584 Τὸν
3498 530 3762 596 οίφανὸν
3788 534 3891 587 καὶ
3915 527 4023 600 τὴν

766 634 822 677 et
853 623 993 679 idem
1026 628 1438 676 concurrentem
1462 660 1479 683 ,
1508 633 1629 674 cum
1678 617 1999 674 universalis
2042 618 2253 673 dicatur
2278 620 2331 673 in

766 716 1040 769 omnibus.
1071 714 1140 765 At
1168 720 1222 765 tu
1259 712 1310 765 in
1337 711 1537 765 talibus
1567 724 1688 763 cum
1726 727 1829 765 non
1869 722 2035 777 queas
2070 708 2332 778 Spiritum

764 820 872 859 non
904 804 1205 857 iucreatum
1245 800 1576 866 intelligere,
1609 811 1701 853 aut
1733 802 1930 861 dicere,
1960 799 2125 853 Deum
2159 802 2333 869 ipsum

766 896 848 949 ais
873 894 1037 965 310
1056 894 1305 963 spiritum
1348 892 1548 947 vocari.
1581 890 1781 946 Verum
1821 905 1919 944 nec
1946 891 2215 946 inhabitat
2240 908 2335 960 per

766 990 1002 1057 seipsum
1030 988 1082 1040 in
1100 996 1348 1041 creatura
1368 985 1505 1037 Deus
1525 1002 1541 1050 ;
1563 1002 1661 1039 nec
1679 984 1958 1052 quisquam
1983 986 2150 1052 possit
2168 984 2331 1037 Deum

767 1096 864 1147 pro
913 1078 1005 1132 Dei
1054 1079 1247 1147 spiritu
1297 1076 1587 1142 accipere.
1643 1090 1763 1128 cum
1817 1075 1963 1129 clare
2017 1076 2331 1141 Apostolum

766 1170 973 1235 audiat,
997 1170 1125 1223 talia
1152 1170 1218 1221 de
1243 1182 1308 1221 eo
1339 1170 1429 1236 qui
1461 1170 1512 1221 in
1546 1169 1699 1221 nobis
1722 1166 1931 1220 habitat
1954 1169 2284 1220 scribentem
2312 1186 2326 1221 :

769 1259 935 1315 Nobis
973 1262 1107 1315 enim
1138 1261 1377 1313 reuelauit
1415 1260 1551 1312 Deus
1586 1274 1675 1324 per
1705 1257 1960 1328 Spiritum
2001 1276 2152 1313 suum
2210 1260 2335 1329 Spi-

765 1353 897 1405 ritus
928 1352 1062 1405 enim
1094 1351 1269 1403 omnia
1302 1360 1585 1413 scrutatur,
1619 1350 1777 1403 etiam
1800 1351 2181 1418 profunditates
2213 1351 2331 1409 Dei.

2440 618 2553 689 γῆν
2592 620 2708 687 ἐγὼ
2749 618 2978 689 πληρῶ,
3008 619 3171 689 λέγει
3220 626 3455 691 Κύριος.
3485 625 3576 687 Εἰς
3605 622 3665 675 ἓν
3706 626 3804 677 καὶ
3836 618 4023 682 ut;th

2443 712 2843 782 συντρέχουσαν
2874 711 2985 783 ὁρῶ
3012 714 3111 781 τήν
3146 729 3203 764 τε
3236 713 3369 767 Θεοῦ
3406 718 3497 769 καὶ
3526 714 3848 785 Πνεῦματος
3877 718 4026 787 λεγο-

2446 806 2613 875 μένην
2644 804 2935 876 καθολικὴν
2959 806 3050 857 ἐπ¹ι
3083 806 3261 859 πάντα
3293 808 3615 875 παρουσίαν.
3646 806 3721 859 Σὺ
3745 803 3805 856 δὲ
3835 805 3896 857 ὲν
3918 812 4023 871 τοῖς

2441 898 2702 961 τοιούτοις
2724 899 2822 951 οὐκ
2851 899 3103 953 ἄκτιστον
3132 898 3191 950 τὸ
3230 895 3452 966 Πνεῦμα
3483 903 3621 953 νοεῖν
3654 898 3688 970 ἦ
3724 897 3907 964 λέγειν
3953 902 4021 969 μὴ

2440 990 2733 1058 δυνάμενος
2758 990 2892 1060 (96),
2918 988 3081 1041 αὑτὸν
3096 988 3189 1040 τὸν
3219 988 3351 1042 Θεὸν
3386 987 3603 1056 πνεῦμα
3626 984 3915 1041 καλεῖσθαι
3941 986 4023 1039 λέ-

2439 1098 2574 1149 γεις.
2597 1081 2732 1133 Ἀλλ’
2763 1084 2882 1135 οὐδὲ
2905 1083 3216 1148 ἐγκατοικεῖ
3252 1081 3317 1133 δι’
3350 1076 3541 1133 ἑαυτοῦ
3567 1080 3633 1147 τῇ
3669 1080 3849 1132 κτίσει
3868 1075 4017 1139 Θεὸς,

2438 1172 2559 1224 οὔτε
2612 1174 2705 1225 τὸν
2738 1174 2868 1225 Θεὸν
2910 1172 2969 1225 τὸ
3002 1170 3097 1223 τοῦ
3133 1171 3271 1224 Θεοῦ
3315 1170 3538 1241 Πνεῦμα
3572 1168 3791 1221 δύναιτο
3832 1174 3899 1225 ἄν
3943 1187 4018 1233 τις

2436 1267 2864 1336 παραδέχεσθαι,
2916 1265 3100 1335 σαφῶς
3132 1266 3345 1320 ἀκούων
3388 1266 3481 1319 τοῦ
3521 1262 3849 1317 Ἀποστόλου
3900 1266 4020 1336 περὶ

2434 1359 2527 1412 τοῦ
2562 1364 2619 1411 ὲν
2640 1363 2773 1430 ἡμῖν
2798 1360 3070 1422 οἰκοῦντος
3099 1359 3209 1428 (97)
3238 1362 3462 1415 τοιαῦτα
3485 1357 3819 1428 γράφοντος·
3862 1359 4019 1428 Ἡμῖν

767 1444 897 1509 Quis
921 1446 1055 1497 enint
1079 1446 1348 1498 hominum
1380 1444 1516 1495 novit
1547 1459 1629 1506 ea,
1659 1461 1777 1510 quae
1804 1454 1923 1496 sunt
1953 1444 2204 1511 hominis,
2233 1447 2334 1498 nisi

2434 1453 2542 1519 γὰρ
2564 1453 2959 1521 ἀπεκάλυψεν
2982 1455 3013 1504 ό
3036 1451 3178 1515 Θεὸς
3194 1450 3289 1503 διὰ
3309 1454 3413 1507 τοῦ
3433 1452 3781 1519 Ιινεύματος
3812 1450 4013 1505 αὑτοῦ.

765 1541 980 1607 spiritus
1021 1539 1261 1601 hominis,
1295 1536 1380 1602 qui
1410 1544 1482 1587 est
1512 1535 1567 1588 in
1606 1536 1704 1588 eo?
1752 1533 1838 1588 Sic
1880 1545 1925 1587 et
1972 1551 2031 1587 ea
2068 1552 2185 1603 qua:
2211 1545 2333 1590 sunt

2443 1542 2511 1592 Τὸ
2538 1543 2646 1610 γὰρ
2682 1544 2920 1611 Πνεῦμα
2947 1540 3141 1594 πάντα
3176 1540 3414 1610 ἐρευνᾷ,
3465 1542 3560 1597 καί
3604 1542 3677 1595 τὰ
3714 1542 3881 1608 ,ϐάθη
3917 1542 4013 1593 τοῦ

763 1631 884 1696 Dei,
928 1647 1074 1684 nemo
1101 1631 1260 1694 novit,
1289 1628 1391 1681 nisi
1427 1627 1661 1695 Spiritus
1708 1626 1825 1679 Dei.
1871 1624 1982 1679 Nos
2020 1638 2195 1681 autem
2226 1645 2328 1681 non
2362 1664 2399 1716 Β

2362 1664 2399 1716 Β
2433 1634 2599 1686 Θεοῦ.
2641 1636 2734 1700 Τίς
2779 1637 2885 1704 γὰρ
2913 1630 3073 1687 οἶδεν
3098 1632 3421 1700 ἀνθρώπων
3456 1634 3527 1689 τὰ
3556 1633 3661 1686 τοῦ
3697 1632 4010 1704 ἀνθρώπου

765 1720 1005 1783 spiritum
1046 1718 1227 1770 mundi
1265 1716 1577 1783 accepimus,
1614 1717 1702 1769 sed
1735 1714 1987 1782 Spiritum
2026 1719 2113 1785 qui
2150 1730 2226 1772 est
2265 1734 2328 1771 ex
2364 1714 2389 1716 ⁷

2364 1714 2389 1716 ⁷
2430 1726 2478 1775 εὶ
2519 1724 2604 1794 μὴ
2666 1726 2730 1778 τὸ
2782 1724 3016 1793 πνεῦμα
3063 1724 3168 1777 τοῦ
3226 1726 3539 1792 ἀνθρώπου
3593 1722 3659 1777 τὸ
3708 1726 3777 1779 ἐν
3815 1722 4008 1788 aitait;

763 1810 894 1871 Deo,
925 1823 977 1862 ut
1005 1812 1230 1864 sciamus
1259 1825 1373 1879 quae
1403 1826 1435 1861 α
1465 1808 1568 1861 Deo
1598 1808 1791 1859 donata
1818 1819 1937 1859 sunt
1974 1812 2120 1861 nobis
2158 1810 2222 1860 ⁷⁸.

2430 1814 2594 1865 Οὕτω
2636 1814 2729 1865 καὶ
2770 1812 2841 1866 τὰ
2884 1816 2991 1869 τοῦ
3023 1814 3170 1869 Θεοῦ
3220 1813 3423 1881 οὐδεὶς
3451 1818 3716 1887 ἔγνωκεν
3740 1820 3792 1870 ει
3816 1818 3903 1887 μὴ
3937 1813 4000 1867 τὸ

761 1904 1004 1973 Πνεῦμα
1046 1902 1151 1957 τοῦ
1206 1901 1373 1978 Θεοῦ.
1415 1899 1600 1968 Ἡμεῖς
1628 1898 1695 1950 δὲ
1737 1900 1808 1950 οὐ
1845 1896 1909 1950 τὸ
1961 1901 2193 1967 πνεῦμα
2258 1900 2363 1951 τοῦ
2401 1904 2632 1971 κόσμου
2680 1903 2789 1964 (98)
2832 1905 3151 1976 ἐλάϐομεν,
3190 1904 3351 1957 ἀλλὰ
3425 1908 3491 1961 τὸ
3546 1905 3795 1975 Πνεῦμα
3840 1909 3907 1962 τι)
3947 1906 4009 1959 ἐκ

761 2003 867 2057 τοῦ
886 2000 1054 2063 Θεοῦ,
1077 2001 1176 2052 ἵνα
1204 1995 1450 2066 διδῶμεν
1472 1996 1542 2047 τὰ
1576 1991 1692 2046 ὑπὸ
1715 1992 1820 2045 τοῦ
1848 1994 1994 2046 Θεοῦ
2014 1992 2371 2061 χαρισθέντα
2401 1995 2555 2063 ἡμῖν.

834 2097 887 2148 5.
934 2094 1115 2160 Itaque
1158 2090 1204 2145 si
1240 2091 1291 2144 in
1328 2089 1411 2144 his
1440 2101 1597 2140 nemo
1625 2087 1821 2153 poterit
1852 2102 1947 2153 pro
1980 2086 2181 2153 Spiritu
2227 2086 2318 2140 Dei
2492 2090 2496 2137 Σ

2492 2089 2544 2141 5.
2582 2088 2645 2141 ΕΞ
2676 2088 2855 2143 τοίνυν
2890 2092 2946 2142 ἐν
2976 2089 3183 2152 τούτοις
3218 2089 3391 2153 οὐδεὶς
3422 2091 3487 2145 ἂν
3518 2090 3735 2143 δύναιτο
3758 2088 3823 2143 τὸ
3847 2089 3985 2143 Πνεῦ

764 2190 933 2243 Deum
967 2186 1216 2255 accipere
1245 2184 1263 2253 (
1294 2191 1348 2236 et
1378 2179 1595 2249 quidem
1628 2192 1752 2233 eum
1781 2178 1855 2229 ita
1885 2194 2005 2230 cum
2045 2176 2132 2229 Dei
2163 2177 2330 2246 gloria

2430 2198 2506 2249 μα
2538 2181 2633 2233 τοῦ
2668 2180 2803 2233 Θεοῦ
2834 2182 2926 2233 τὸν
2958 2179 3089 2232 Θεὸν
3112 2180 3328 2233 ἀκούειν
3357 2183 3620 2251 (καίτοιγε
3648 2180 3827 2243 οὕτως
3875 2185 4006 2251 ἡνω·

762 2281 1111 2348 conjunctum
1151 2276 1367 2336 videat,
1412 2271 1489 2325 uti
1531 2280 1615 2325 est
1661 2285 1783 2325 cum
1833 2270 2049 2323 homine
2091 2270 2327 2324 hominis

762 2370 1046 2444 spiritus),
1080 2383 1145 2422 ne
1177 2366 1352 2427 dicat,
1394 2364 1571 2417 verbis
1620 2363 1668 2415 in
1718 2362 2047 2415 contrarium
2103 2376 2322 2415 sensum

763 2463 1018 2525 detortis,
1058 2461 1220 2513 Deum
1257 2458 1427 2527 ipsum
1463 2470 1583 2509 esse
1629 2454 1719 2508 Dei
1766 2452 2054 2521 Spiritum.
2087 2453 2322 2520 Spiritus

753 2570 928 2620 ancus,
970 2553 1163 2621 inquit,
1201 2550 1290 2619 qui
1331 2557 1405 2601 est
1453 2561 1607 2614 super
1655 2554 1701 2597 te
1724 2544 1803 2596 ’τε
1848 2558 1951 2595 non
2001 2542 2186 2607 Deum,
2236 2546 2327 2597 sed

759 2647 1022 2714 Spiritum
1044 2644 1133 2711 qui
1158 2652 1238 2696 est
1268 2657 1294 2692 a
1322 2640 1447 2700 Deo,
1472 2620 1812 2705 signiﬁcarit.
1861 2635 2091 2701 Spiritus
2119 2634 2326 2687 Domini

760 2752 914 2804 super
936 2752 1015 2787 me
1042 2751 1060 2787 :
1084 2743 1350 2799 propterea
1376 2729 1524 2779 unxit
1558 2742 1636 2778 me
1658 2726 1725 2778 ⁷⁸.
1757 2727 2017 2795 Spiritum
2054 2726 2324 2779 unctionis

762 2832 1020 2903 Spiritum
1070 2825 1277 2881 Domini
1330 2826 1559 2877 vocavit.
1625 2818 1862 2888 Spiritus
1913 2818 2126 2871 divinus
2186 2832 2323 2871 unus

760 2933 876 2985 est;
906 2936 969 2973 ne
1004 2908 1123 2985 quis
1157 2915 1336 2985 plures
1364 2927 1469 2967 uno
1510 2911 1687 2973 dicat,
1722 2908 1934 2962 tametsi
1974 2909 2113 2961 Deus
2149 2924 2176 2960 a
2214 2909 2321 2962 Do-

2429 2270 2587 2341 μένον
2627 2271 2758 2324 αὐτὸ
2795 2273 2859 2339 τῇ
2892 2268 2983 2320 τοῦ
3017 2268 3150 2322 Θεοῦ
3202 2268 3328 2341 δόξῃ
3367 2268 3588 2341 Θεωρῶν
3616 2269 3693 2331 ὡς
3736 2268 4007 2338 ἀνθρώπῳ

2424 2362 2483 2414 τὸ
2519 2361 2805 2431 ἀνθρώπου
2858 2358 3118 2429 πνεῦμα),
3156 2360 3230 2430 μὴ
3260 2359 3528 2429 βιαζέσθω
3558 2360 3669 2431 (99)
3702 2358 3762 2411 τὸ
3792 2358 4008 2427 Πνεῦμα

2423 2451 2517 2505 τοῦ
2559 2451 2695 2503 Θεοῦ
2740 2450 2918 2518 λέγειν
2965 2451 3126 2503 αὑτὸν
3153 2446 3289 2503 εἶναι
3326 2450 3416 2503 τὸν
3448 2450 3601 2503 Θεόν.
3645 2450 3714 2503 Τὸ
3745 2448 4005 2516 Πνεῦμα,

2426 2544 2577 2614 φησὶ,
2610 2546 2673 2595 τὸ
2697 2542 2840 2611 ἐμὸν
2864 2543 2897 2595 ὅ
2921 2542 3091 2596 ἐστιν
3116 2544 3190 2611 (l)
3215 2542 3314 2594 ἐπὶ
3353 2545 3451 2596 σοί
3472 2560 3485 2573 ·
3514 2542 3575 2593 οὑ
3608 2542 3701 2594 τὸν
3726 2542 3883 2603 Θεὸν,
3919 2540 4006 2594 ἁλ-

2424 2641 2489 2694 λὰ
2516 2640 2575 2693 τὸ
2609 2638 2759 2711 παρὰ
2779 2637 2912 2691 Θεοῦ
2941 2637 3163 2708 Πνεῦμα
3194 2635 3484 2706 δεδήλωκε.
3508 2633 3752 2702 Πνεῦμα
3786 2637 4004 2701 Κιιοίου

2422 2733 2516 2785 ἐπ’
2546 2732 2669 2801 ἐμὲ,
2699 2726 2769 2785 οὗ
2796 2730 3028 2783 εἵνεκεν
3055 2726 3262 2798 ἔχρισέ
3285 2746 3379 2796 με.
3407 2727 3478 2779 Τὸ
3508 2725 3735 2795 Πνεῦμα
3760 2726 3864 2793 τῆς
3895 2726 4006 2793 χρί-

2423 2839 2559 2885 σεως
2594 2822 2814 2891 Πνεῦμα
2867 2820 3071 2892 Κυρίου
3114 2818 3400 2888 κέκληκεν.
3434 2816 3532 2869 ’Ἑν
3581 2814 3641 2868 τὸ
3677 2814 3909 2882 Πνεῦμα
3952 2814 4007 2866 τὸ

2422 2911 2596 2964 Θεῖον·
2643 2912 2718 2983 μὴ
2773 2912 2945 2965 πλείω
2977 2911 3071 2963 τοῦ
3112 2910 3229 2973 ἑνὸς
3268 2908 3470 2977 λεγέτω
3494 2924 3605 2970 τις,
3636 2905 3743 2959 κᾶν
3793 2903 4005 2976 πνεῦμα

760 3009 907 3063 mino
931 3008 1125 3060 dicitur
1155 3005 1394 3073 spiritus.
1430 2999 1642 3053 Patrem
1668 2998 1806 3066 quod
1838 2998 2187 3067 incorporeus
2224 3000 2316 3063 sit,
2350 2991 2393 3050 C

2350 2991 2393 3050 (ἶ
2423 3006 2450 3057 6
2476 3002 2607 3065 Θεὸς
2636 3004 2738 3056 ὑπὸ
2777 3004 2871 3056 τοῦ
2913 3004 3117 3073 Κυρίου
3171 3003 3417 3071 λέγηται.
3447 3002 3524 3071 Τῇ
3559 2998 3651 3053 τοῦ
3696 2998 4003 3067 πνεύματος

759 3100 977 3153 nomine
998 3097 1216 3163 spiritus
1245 3094 1561 3161 signiﬁcavit
1583 3092 1649 3143 ⁷⁸.
1676 3092 2140 3153 Quemadmodum
2172 3092 2318 3145 enim

761 3192 993 3261 Spiritus
1034 3189 1174 3242 Deus
1203 3187 1479 3251 est,juxta
1531 3184 1681 3245 illud,
1722 3182 1989 3248 Templum
2042 3183 2139 3235 Dei
2174 3186 2321 3249 estis,

757 3292 807 3336 et
822 3280 1045 3347 Spiritus
1070 3278 1164 3331 Dei
1187 3278 1388 3329 habitat
1413 3276 1467 3327 in
1490 3275 1631 3327 vobis
1646 3274 1724 3328 "°:
1754 3274 1827 3326 ita
1850 3281 1903 3326 et
1928 3274 2065 3326 Deus
2087 3273 2323 3341 Spiritus

758 3386 872 3439 est,
904 3389 1007 3429 non
1039 3373 1267 3427 dissecta
1298 3368 1559 3423 Trinitate
1581 3409 1593 3428 ,
1627 3381 1799 3435 neque
1830 3366 2121 3420 secundum
2164 3376 2323 3419 natu-

762 3484 875 3525 ram
899 3475 1143 3537 separata
1169 3481 1183 3518 :
1219 3464 1297 3518 sic
1320 3473 1373 3515 ut
1408 3461 1621 3516 nomina
1648 3461 1809 3513 etiam
1844 3475 1949 3512 non
1977 3468 2317 3527 separentur.

760 3564 1102 3629 QuaprOpter
1122 3570 1242 3610 cum
1264 3570 1399 3608 unus
1419 3553 1490 3607 sit
1518 3553 1677 3616 Deus,
1707 3552 1843 3605 Deus
1868 3553 2029 3606 etiam
2050 3561 2132 3605 est
2153 3550 2321 3604 Filius

760 3664 979 3721 paterna
1029 3658 1238 3710 natura,
1282 3655 1336 3699 et
1374 3658 1596 3711 paterno
1637 3645 1879 3707 nomine;
1914 3658 1965 3697 et
1991 3660 2111 3697 cum
2152 3643 2319 3699 Filius

758 3756 897 3795 unus
920 3738 1175 3791 Dominus
1194 3736 1281 3796 sit,
1308 3734 1468 3787 Pater
1493 3734 1747 3785 Dominus
1765 3742 1867 3795 est,
1895 3735 2110 3785 nomine
2134 3732 2319 3801 imagi-

759 3833 843 3886 nis
867 3840 1087 3884 vocatus
1112 3867 1126 3890 ,
1164 3827 1302 3880 sicut
1341 3826 1457 3894 ejus
1486 3824 1757 3893 exemplar
1780 3840 1841 3877 ac
1865 3826 2076 3893 genitor
2106 3842 2118 3877 :
2161 3824 2239 3878 sic
2265 3833 2320 3878 et

758 3922 992 3991 Spiritus
1032 3918 1321 3981 Dominus,
1350 3932 1378 3969 a
1413 3915 1639 3969 Domino
1667 3930 1857 3969 nomen
1889 3915 2116 3979 habens,
2149 3930 2177 3967 a
2212 3928 2318 3982 quo

754 4015 920 4067 etiam
946 4012 1129 4074 datur,
1166 4022 1221 4065 et
1267 4010 1523 4063 Dominus
1551 4009 1771 4078 spiritus
1799 4008 1863 4061 ab
1892 4007 2125 4076 imagine
2172 4016 2257 4060 est
2285 4020 2300 4059 :

755 4100 1185 4167 quandoquidem
1212 4110 1265 4152 et
1298 4100 1435 4153 Deus
1462 4100 1682 4166 spiritus
1713 4100 1778 4153 ab
1814 4100 1927 4168 ipso
1959 4109 2178 4153 vocatus
2210 4107 2312 4151 est.

755 4192 863 4245 Nec
890 4202 1064 4244 tamen
1089 4198 1369 4256 propterea
1392 4191 1518 4241 deos
1540 4201 1671 4251 tres,
1701 4206 1873 4258 neque
1905 4192 2150 4244 dominos
2187 4203 2317 4254 tres,

756 4298 929 4351 neque
960 4282 1180 4351 spiritus
1230 4291 1337 4335 tres
1366 4290 1579 4349 oportet
1612 4281 1791 4333 facere
1828 4298 1838 4331 :
1896 4286 1987 4333 sed
2032 4282 2315 4335 Trinitatis

2425 3095 2710 3163 ἐπωνυμία
2769 3094 2857 3145 τὸν
2917 3094 3138 3162 Πατέρα
3191 3093 3521 3162 δεδήλωκεν,
3558 3092 3640 3143 ὅτι
3693 3091 4001 3160 ἀσώματος.

2426 3188 2636 3259 Ὥσπερ
2658 3185 2767 3256 γὰρ
2790 3185 2848 3237 τὸ
2878 3183 3099 3253 Πνεῦμα
3131 3185 3158 3233 6
3188 3183 3338 3245 Θεὸς,
3373 3182 3513 3235 κατὰ
3535 3182 3625 3243 τό,
3658 3182 3821 3246 Haec
3863 3181 4003 3236 Θεοῦ

2422 3277 2585 3341 ἐστε,
2640 3276 2739 3328 καί
2788 3274 2854 3328 τὸ
2906 3271 3147 3341 Πνεῦμα
3193 3271 3298 3326 τοῦ
3348 3272 3495 3325 Θεοῦ
3542 3270 3694 3324 οἰκεῖ
3722 3272 3795 3324 ἐν
3836 3271 3998 3341 ὑμῖν·

2422 3368 2562 3422 οὕτω
2590 3369 2685 3420 καὶ
2719 3370 2745 3419 6
2777 3367 2908 3429 Θεὸς
2941 3366 3000 3418 τὸ
3035 3364 3279 3435 Πνεῦμα,
3312 3364 3408 3434 τῆς
3445 3363 3675 3434 Τριάὁος
3713 3363 3789 3435 μὴ
3831 3364 4002 3417 διακο-

2424 3461 2696 3531 πτομένης
2718 3460 2851 3529 μηδὲ
2886 3458 3257 3527 χωριζομένης
3278 3458 3375 3526 τὴν
3416 3456 3574 3525 φύσιν
3606 3455 3707 3525 (Ξ),
3738 3455 3882 3509 ὥστε
3915 3457 4000 3508 καὶ

2421 3554 2489 3605 τὰ.
2516 3552 2753 3621 ὀνόματα
2778 3550 2851 3620 μὴ
2870 3548 3216 3619 χωρίζεσθαι.
3236 3548 3434 3618 Διόπερ
3458 3546 3549 3599 καὶ
3581 3548 3702 3611 ἑνὸς
3728 3549 3885 3611 ὄντος
3915 3546 3998 3598 τοῦ

2421 3642 2576 3709 Θεοῦ,
2611 3643 2744 3704 Θεὸς
2776 3644 2804 3695 6
2837 3642 2965 3704 Υἱὸς
3002 3643 3239 3711 πατρικῇ
3276 3638 3436 3707 φύσει
3478 3638 3572 3691 καὶ
3605 3640 3864 3711 πατρικῷ
3893 3639 3997 3691 ὀνό-

2424 3752 2587 3805 ματισ
2625 3735 2719 3789 καὶ
2775 3734 2892 3797 ἑνὸς
2936 3734 3085 3795 ὄντος
3134 3731 3337 3803 Κυρίου
3387 3731 3481 3785 τοῦ
3524 3732 3676 3795 Υίοῦ,
3740 3732 3942 3801 Κύριος
3972 3731 3998 3781 6

2422 3826 2609 3898 Πατὴρ
2638 3825 2714 3895 τῷ
2748 3825 2846 3894 τῆς
2870 3825 3076 3886 εἰκόνος
3098 3823 3319 3893 ὀνόματι
3360 3822 3689 3893 καλούμενος
3708 3862 3720 3880 .
3757 3820 3835 3884 ὠς
3856 3838 3996 3891 πρω-

2418 3919 2645 3980 τότυπος
2687 3917 2857 3986 αὐτῆς
2886 3918 2981 3969 καὶ
3028 3931 3307 3986 γεννητωρ
3330 3933 3343 3944 ·
3380 3914 3521 3967 οὕτω
3554 3916 3647 3966 καὶ
3688 3913 3751 3965 τὸ
3779 3913 3994 3983 Πνεῦμα

2420 4008 2641 4078 Κύριος,
2686 4008 2793 4060 ἀπὸ
2833 4008 2925 4061 τοῦ
2976 4007 3181 4079 Κυρίου
3218 4008 3316 4075 τὴν
3362 4006 3677 4075 ἐπωνυμίαν
3716 4006 3876 4073 ἕχον,
3908 4003 3992 4071 ἀφ’

2417 4090 2477 4149 οὗ
2514 4098 2604 4149 καὶ
2648 4097 3025 4167 μεταδίδοται,
3076 4096 3167 4147 καὶ
3198 4097 3226 4148 6
3266 4095 3467 4166 Κύριος
3512 4094 3619 4146 ἀπὸ
3664 4094 3767 4164 τῆς
3797 4094 3995 4155 είκόνος

2421 4189 2637 4259 πνεῦμα
2662 4207 2673 4218 ·
2704 4190 2823 4242 ἐπεὶ
2850 4190 2944 4243 καὶ
2972 4190 2999 4242 6
3034 4188 3164 4251 Θεὸς
3210 4186 3427 4258 πνεῦμα
3466 4188 3559 4240 ἀπ’
3614 4186 3786 4240 αὑτοῦ
3842 4202 3993 4258 προσ·

2420 4285 2733 4354 ηγόρευται.
2751 4283 2824 4336 Οὐ
2851 4282 2916 4351 δὴ
2939 4285 3085 4351 τρεῖς
3116 4282 3192 4351 t3)
3224 4280 3402 4346 θεοὺς,
3430 4279 3550 4333 οὐδὲ
3579 4282 3728 4351 τρεῖς
3756 4280 3988 4349 κυρίους,

754 4373 1194 4443 conjunctionent
1226 4372 1277 4426 in
1316 4370 1590 4425 nominum
1621 4367 2112 4422 communicatione
2148 4384 2315 4435 agno-
2349 4383 2393 4436 ι)

2349 4375 2535 4436 οοὺδὲ
2572 4375 2696 4445 τρία
2729 4376 3011 4444 πνεύματα
3066 4373 3152 4427 διὰ
3199 4374 3355 4427 τοῦτο
3400 4372 3674 4443 ποιητέον,
3720 4372 3859 4425 ἀλλὰ
3900 4371 3990 4437 τῆς

754 4482 926 4521 scere.
959 4467 1278 4536 Quanquam
1318 4475 1372 4518 tu
1413 4480 1476 4517 eo
1506 4461 1789 4517 dementiae
1823 4460 2113 4525 devenisti,
2145 4468 2201 4512 ut
2234 4474 2313 4513 sea

754 4570 944 4629 parato
977 4575 1039 4613 ac
1076 4558 1344 4625 disjuncto
1377 4555 1581 4625 Spiritu
1616 4569 1645 4607 a
1688 4552 1851 4607 Patre
1888 4564 1941 4606 et
1976 4551 2135 4615 Filio,
2165 4550 2312 4605 dicas

822 4713 866 4743 "
894 4709 1092 4765 Jerem.
1120 4726 1271 4775 xxiii,
1296 4709 1385 4763 Ἡ.
1462 4710 1507 4741 ⁷⁸
1544 4708 1560 4763 Ι
1595 4707 1717 4764 Cor.
1750 4724 1811 4765 tt.
1858 4708 2064 4764 10—12.!
2136 4710 2180 4739 '"
2218 4709 2318 4764 lsa.
2362 4726 2470 4765 ιιι.
2502 4710 2589 4762 2|.

750 4797 831 4848 ιιι,
866 4782 948 4835 l6.

818 4937 927 5003 (96)
962 4937 1099 4989 ΕιΙίιί
1145 4948 1197 4989 et
1240 4952 1367 4990 mss.
1418 4936 1565 4989 multi
1600 4936 1778 5003 λέγειν
1824 4936 2133 5004 δυνάμενος.
2173 4938 2299 5003 Reg.

747 5011 939 5062 tertius
971 5006 1143 5076 λέγειν
1175 5009 1249 5078 μὴ
1282 5008 1595 5075 δυνάμενος,
1641 5022 1763 5078 cum
1802 5023 1901 5059 non
1932 5010 2095 5071 possis
2128 5004 2298 5078 Ξμὶνίτ

743 5090 855 5131 tum
882 5075 1295 5146 intelligere‘non
1328 5079 1656 5146 increatum:
1685 5075 1785 5128 hoc
1817 5085 1919 5139 est,
1946 5092 2063 5128 cum
2095 5078 2186 5146 tibi
2220 5075 2293 5129 vel

743 5149 904 5200 incito
943 5145 1213 5215 fatendum
1244 5149 1307 5199 sit
1344 5145 1604 5212 Spiritum
1646 5146 1933 5199 increatum
1980 5162 2110 5199 esse.
2166 5145 2297 5213 Reg.

744 5214 1157 5270 sextus'habuit
1193 5232 1407 5285 quoque
1446 5217 1617 5282 prima
1664 5230 1824 5285 manu
1859 5214 1931 5285 μὴ
1968 5215 2263 5285 δυνάμενος
2286 5230 2301 5245 ’

744 5288 1057 5357 εριινιόοιιια
1078 5288 1167 5357 ’μή
1195 5283 1261 5338 ah
1293 5283 1509 5338 inilocto
1539 5283 2058 5357 nescioiquo‘d‘eleta
2089 5283 2198 5341 est.

754 5428 763 5441 .
815 5356 930 5441 (97)
942 5355 1116 5441 podex
1150 5355 1284 5411 unus
1310 5358 1368 5408 ὲν
1391 5357 1521 5425 ἡμῖν
1546 5356 1877 5418 ἐνοικοῦντος
1904 5355 2301 5427 πνεύματος....

786 5446 869 5479 μιν
902 5446 975 5481 ΟΕ.

743 5444 869 5500 ημιν
902 5444 975 5481 οε.

812 5497 922 5564 (98)
956 5498 1133 5553 Codex
1174 5494 1323 5549 Colb.
1362 5496 1568 5565 κόσμου
1600 5494 1809 5548 τούτου.

809 5568 920 5635 (99)
960 5569 1107 5628 lilud,
1139 5567 1224 5635 μὴ
1246 5566 1560 5631 βιαζέσθω,
1600 5567 1958 5633 interpretans
1986 5565 2300 5631 Trapezun-

739 5641 843 5691 tius
895 5640 971 5691 sic
998 5639 1209 5705 seripsit
1230 5655 1244 5691 :
1269 5636 1346 5690 Ne
1370 5638 1646 5689 contendat
1678 5652 1908 5688 asserere
1930 5636 2171 5695 spiritum
2199 5635 2299 5688 Det

736 5725 904 5771 ipsum
929 5725 1036 5760 esse
1058 5706 1238 5761 Deum.
1271 5709 1349 5759 Ad
1378 5709 1597 5759 verbum
1625 5706 1695 5756 ita
1730 5706 2066 5774 interpretari
2093 5706 2295 5774 licebit.

2415 4461 2643 4530 Τριάδος
2673 4462 2769 4530 τὴν
2826 4462 3016 4513 ἕνωσιν
3068 4466 3125 4513 ὲν
3178 4466 3243 4531 τῇ
3274 4464 3525 4530 κοινωνίᾳ
3574 4461 3681 4513 τῶν
3710 4462 3985 4531 ὀνομάτων

2412 4552 2792 4620 ὲπιγνωστέον.
2840 4553 3098 4620 Καίτοιγε
3151 4556 3214 4607 σὺ
3260 4554 3395 4623 πρὸς
3436 4554 3692 4606 τοσοῦτον
3736 4554 3988 4613 ἀπονοίας

3742 4712 3788 4741 ⁸⁸
3821 4708 3841 4763 l
3869 4710 3986 4764 Cor.

2703 4710 2747 4740 "
2780 4709 2881 4763 lsa.
2916 4725 3027 4775 ut,
3071 4710 3121 4762 1.
3197 4711 3242 4741 τ’
3264 4708 3418 4765 Joan.
3451 4726 3523 4765 iv.
3550 4709 3641 4764 9.5.

2494 4936 2569 5003 (ί)
2611 4936 2748 5017 Editi
2810 4935 2939 5005 ἐμόν
2972 4936 3393 5017 ἐστινεμΑηιίψιὶ
3438 4944 3547 5017 tres
3596 4934 3720 4989 libri
3760 4936 3984 5017 erit};

2410 5005 2579 5068 ἐστιν,
2610 5018 2663 5059 et
2714 5006 2783 5058 ita
2818 5021 3029 5073 quoque
3074 5006 3274 5058 editum
3324 5005 3597 5059 invenitur
3633 5006 3773 5073 apud
3823 5005 3978 5061 LXX.

2415 5074 2660 5146 Hocripso
2686 5078 2735 5129 in
2763 5076 2877 5146 loco
2904 5076 3029 5129 editi
3055 5074 3189 5129 ἀλλὰ
3217 5076 3367 5146 παρὰ
3396 5073 3486 5146 τοῦ
3514 5074 3649 5146 Θεοῦ
3678 5075 3739 5127 τὸ
3767 5076 3982 5146 Πνεῦμα

2404 5141 2701 5224 ξεδήλωκε..
2724 5145 2951 5224 Πνεῦμα
2994 5146 3201 5224 Κυρίου
3233 5141 3335 5224 ἐπὶ
3507 5143 3798 5224 μέκληκεν
3833 5141 3982 5224 ἕν’-’τὸ

2403 5212 2625 5284 Πνεῦμα
2656 5216 2715 5268 τὸ
2746 5212 2909 5277 θεῖον,
2948 5214 3021 5284 μὴ
3052 5212 3221 5267 πλείω
3244 5214 3337 5267 τοῦ
3368 5212 3484 5276 ἑνὸς
3507 5212 3715 5283 λεγέτω
3745 5234 3850 5278 τις.
3883 5218 3980 5268 Καὶ

2406 5284 2628 5355 Πνεῦμα
2655 5289 2682 5338 6
2713 5286 2843 5348 Θεὸς
2876 5286 3001 5345 ὑπό,
3034 5298 3163 5349 etc.,
3193 5285 3335 5353 quod
3378 5285 3755 5355 detruncatum
3782 5302 3901 5339 esse
3933 5297 3979 5335 et

2406 5354 2743 5409 decurtatum
2778 5372 2841 5408 ex
2891 5356 3127 5421 antiquis
3184 5354 3354 5408 tribus
3409 5354 3563 5407 libris
3610 5358 3974 5424 cognovimus,

2406 5439 2638 5491 quorum
2672 5442 2775 5492 ope
2808 5426 2932 5478 huic
2966 5424 3104 5477 malo
3134 5424 3354 5477 allatum
3386 5425 3686 5478 remedium
3716 5437 3821 5477 est.

2477 5494 2550 5562 (2)
2592 5496 2728 5549 Editi
2779 5494 2919 5547 κατὰ
2971 5494 3087 5565 τὴν
3121 5493 3301 5561 φύσιν.
3364 5493 3681 5565 Ρτωροςίιὶο
3730 5494 3876 5547 κατά
3926 5494 3971 5544 ἰιι

2400 5566 2649 5619 omnibus
2681 5581 2808 5621 mss.
2864 5563 3035 5619 deest.
3073 5564 3203 5617 Item
3235 5563 3423 5617 vocula
3476 5564 3575 5633 μή,
3627 5579 3747 5634 qua:
3799 5565 3972 5619 statim

2400 5636 2662 5700 sequitur,
2697 5638 2850 5691 abest
2877 5652 2905 5687 a
2938 5645 3170 5699 quatuor
3212 5634 3515 5687 codicibus.

2468 5706 2545 5771 (ὅ)
2588 5707 2725 5763 Editi
2776 5704 2894 5759 οὐδὲ
2925 5707 3091 5776 τρεῖς.
3133 5702 3355 5760 Veteres
3399 5702 3603 5773 aliquot
3648 5702 3772 5759 libri
3817 5704 3877 5758 οὐ
3913 5700 3969 5771 δὴ

737 5797 797 5828 ne
822 5793 917 5829 vim
953 5780 1110 5831 verbis
1139 5778 1352 5846 inferat,
1384 5778 1457 5829 sic
1491 5786 1542 5827 ut
1576 5776 1715 5827 dicat
1750 5776 1842 5830 Dei
1874 5773 2110 5845 spiritum
2131 5773 2293 5829 Deum
2396 5778 2561 5845 τρεῖς.

735 5852 900 5909 ipsum
926 5865 1052 5902 esse.
