4208 6478
214 437 319 491 ’ἶιῦ

1310 450 1678 510 ADVERSUS
1713 453 2081 512 EUNOMIL’M
2121 456 2248 511 LIB.
2292 458 2356 512 Υ.

3352 456 3457 512 ’ῖὸῦ

208 551 369 620 ἥκεις
408 551 687 626 ἀφορίζων
713 558 805 610 καὶ
829 560 1062 627 ἀφιστὰς
1103 564 1319 634 Πατρός
1352 582 1410 617 τε
1450 566 1543 620 καὶ
1578 569 1702 621 Υίοῦ
1728 571 1788 625 τὸ
1816 574 1863 631 Α

1816 574 1863 631 Α
1892 571 2055 625 etiam
2088 574 2205 627 sine
2236 570 2440 639 Spiritu
2476 582 2734 627 aeternam
2767 574 2931 625 vitam
2962 573 3013 625 in
3048 571 3207 628 Patre
3235 580 3289 624 et
3320 572 3454 625 Filio

212 641 458 733 Πνεῦμα,
494 646 634 702 ὥστε
667 652 761 703 xal
802 649 978 719 λέγειν
1033 654 1160 707 ἄνευ
1214 655 1308 708 τοῦ
1346 656 1661 729 Πνεῦματος
1686 663 1784 733 τὴν

211 732 358 807 ζωὴν
388 740 604 792 αίώνιον
632 743 688 791 ὲν
716 741 887 812 Πατρὶ
912 747 1002 799 καὶ
1030 746 1140 816 ι·ιῴ
1174 748 1576 817 κατηγγέλθαι,
1605 749 1692 803 διὰ
1724 732 1784 807 εδ

210 824 390 897 λέγειν
419 832 508 883 τὸν
539 832 770 902 Κύριον’
798 837 955 905 Αὕτη
1001 838 1067 891 δέ
1109 838 1282 891 ἐστιν
1315 842 1353 909 ἡ
1384 841 1619 908 αἰώνιος
1649 840 1782 911 ζωὴ,

212 918 314 971 ἵνα
348 919 684 988 γινώσκωσι
706 939 779 978 σε
803 927 910 980 τὸν
942 930 1135 997 μόνον
1171 930 1460 999 ἀληθινὸν
1486 933 1652 999 Θεὸν,
1689 936 1787 987 καὶ

212 1009 287 1062 δν
312 1009 673 1079 ἀπέστειλας
711 1016 943 1083 Ἰησοῦν
984 1020 1259 1085 Χριστόν.
1292 1024 1594 1097 Τοιγαροῦν
1638 1026 1687 1078 ει
1725 1026 1787 1078 τὸ

214 1100 441 1171 Πνεῦμά
495 1122 576 1157 σοι
622 1105 711 1157 διὰ
758 1108 915 1161 τοῦτο
948 1108 1244 1182 ἐξῃρῆσθαι
1306 1115 1483 1179 δοκεῖ,
1526 1115 1785 1187 βαπτίζου

213 1188 385 1259 χωρὶς
421 1193 512 1246 τοῦ
546 1194 857 1265 Πνεύματος
882 1198 942 1251 τὸ
974 1199 1255 1273 βάπτισμα
1292 1205 1391 1274 τῆς
1437 1204 1614 1277 ζωῆς·
1647 1210 1694 1261 εί
1730 1209 1787 1263 δὲ

214 1284 274 1333 ὲν
301 1282 577 1356 Πνεύματι
610 1286 708 1359 τὴν
730 1288 875 1361 ζωὴν
902 1292 1274 1367 κληρονομεῖς,
1307 1298 1423 1361 πῶς
1453 1298 1551 1370 τὴν
1573 1301 1788 1359 αἰώνιον

216 1372 362 1447 ζωὴν
399 1380 526 1433 ἄνευ
590 1380 684 1435 τοῦ
742 1382 1057 1454 Πνεύματος
1114 1388 1508 1461 ὀνειροπολεῐς;
1560 1395 1633 1448 Et
1698 1414 1787 1463 τις

214 1466 455 1536 Πνεῦμα
477 1468 753 1537 Χριστοῦ,
770 1475 954 1543 φησὶν,
981 1479 1091 1530 οὐκ
1119 1477 1263 1545 ἔχει,
1288 1475 1465 1547 οὗτος
1492 1484 1601 1537 οὐκ
1617 1485 1789 1538 ἔστιν

214 1560 429 1615 αὐτοῦ.
466 1560 588 1625 Πῶς
624 1562 689 1617 ἂν
744 1562 838 1619 οὖν
898 1570 977 1631 είς
1007 1569 1178 1624 αίῶνα
1226 1571 1432 1643 ζήσεις,
1491 1577 1538 1627 εί
1593 1578 1666 1647 μὴ
1712 1578 1787 1647 (4)

215 1653 333 1723 εῐης
356 1653 617 1722 Χριστοῦ;
641 1656 754 1709 Οὐκ
789 1658 854 1711 ἂν
899 1660 955 1713 δὲ
1001 1661 1117 1731 εἴης
1168 1664 1403 1735 Χριστοῦ
1426 1707 1439 1727 ,
1471 1666 1533 1719 τὸ
1568 1667 1789 1738 Πνεῦμα

218 1743 293 1815 μὴ
326 1743 463 1813 ἔχων
496 1746 682 1801 αὐτοῦ.
742 1748 902 1803 Ἀλλὰ
949 1752 1113 1816 διατί,
1169 1757 1294 1827 φῂς,
1350 1757 1471 1828 οὐχὶ
1524 1758 1791 1829 προσέθη-

213 1851 310 1888 κεν
338 1833 414 1906 (5)
436 1851 451 1867 ·
483 1836 599 1892 Ἵνα
623 1838 931 1907 γινώσκωσι
965 1859 1022 1895 σε
1048 1844 1137 1897 τὸν
1169 1847 1325 1916 μόνον
1356 1848 1605 1919 ἀληθινὸν
1635 1849 1787 1913 Θεὸν,

214 1930 310 1982 καὶ
352 1931 409 1983 ὀν
450 1932 774 1999 ἀπέστειλας
820 1936 1027 2007 Ἰησοῦν
1056 1940 1310 2009 Χριστὸν,
1356 1943 1535 1995 καὶτὸ
1564 1943 1789 2014 Πνεῦμα

214 2017 273 2070 τὸ
322 2020 509 2088 ἆγιον;
540 2026 653 2077 Οὐκ
684 2027 957 2098 ἀφορίζων
989 2030 1049 2083 τὸ
1096 2031 1319 2103 Πνεῦμα
1353 2034 1449 2103 τῆς
1482 2034 1689 2097 δυάδος,
1745 2031 1789 2089 ὦ

214 2103 362 2163 οὗτοι
389 2112 486 2182 (6),
516 2114 651 2167 ἀλλὰ
684 2122 988 2175 τούναντίον
1036 2124 1169 2177 ἑνῶν
1203 2125 1297 2179 καὶ
1330 2124 1505 2195 δηλῶν
1536 2126 1593 2178 ὲν
1618 2128 1791 2199 Πατρὶ

214 2200 310 2253 καὶ
366 2200 479 2272 Υίῷ
525 2202 852 2276 τδ.Πνεῦμα
892 2211 952 2261 τὸ
1002 2213 1325 2284 ἀχώριστον.
1372 2214 1523 2269 Ἐπεὶ
1571 2216 1664 2269 καὶ
1701 2217 1788 2269 ὃτε

214 2296 349 2365 φησὶ
378 2298 587 2360 Παῦλος
607 2316 622 2331 θ
654 2301 819 2355 Ὅσοι
858 2307 943 2370 εις
971 2306 1046 2377 (7)
1077 2310 1335 2374 Χριστὸν
1371 2311 1789 2381 ἐϐαπτίσθητε,

212 2389 473 2457 Χριστὸν
503 2389 896 2459 ἐνεδύσασθε,
923 2398 982 2449 οὑ
1025 2396 1197 2468 δήπου
1230 2402 1323 2453 καὶ
1355 2405 1523 2475 χωρὶς
1556 2406 1650 2459 τοῦ
1681 2408 1791 2460 Πα-

211 2480 341 2552 τρὸς
374 2480 464 2533 τὸν
498 2481 768 2555 ἁγιασμόν
810 2490 1172 2559 εἰσηγήσατο,
1202 2490 1316 2543 ἀλλ’
1347 2494 1405 2546 ὲν
1439 2494 1551 2563 Tit?)
1583 2497 1673 2549 καὶ
1702 2498 1792 2551 τὸν

216 2570 436 2643 Πατέρα
475 2572 776 2645 δεδήλωκεν
807 2578 901 2648 (8).
950 2584 1058 2635 Καὶ
1092 2584 1180 2636 ὅτε
1219 2586 1409 2656 φησίν
1472 2588 1641 2657 Ἡμῖν
1680 2590 1792 2660 γὰρ

211 2664 610 2734 ἀπεκαλυψεν
640 2670 673 2719 ό
723 2668 864 2737 Θεὸς
905 2672 1001 2727 διὰ
1045 2676 1151 2729 τοῦ
1194 2679 1538 2749 Πνεύματος
1579 2684 1787 2747 αὑτοῦ,

213 2757 313 2825 οὐχ
337 2757 645 2829 ὑπεξῄρηκε
671 2760 761 2813 τὸν
788 2764 913 2815 Υἱδν
944 2764 1034 2817 τὸν
1070 2766 1298 2835 λέγοντα
1315 2786 1327 2797 ·
1363 2770 1516 2824 Οὐδὲ
1545 2772 1651 2825 τὸν
1678 2777 1794 2827 Πα-

214 2845 356 2913 τέρα
388 2866 479 2914 τις
498 2850 874 2921 ἐπιγινώσκει
896 2858 949 2909 ει
962 2855 1047 2925 μὴ
1074 2861 1106 2911 ό
1138 2861 1289 2927 Υἱὸς,
1311 2862 1407 2916 καί
1428 2855 1477 2928 ᾧ
1509 2862 1582 2917 ἂν
1603 2868 1637 2918 ό
1662 2866 1792 2935 Υἱὸς

214 2936 600 3010 ἀποκαλύψῃ.
636 2945 697 2996 Εἰ
723 2944 800 3009 δὲ,
844 2948 937 3000 καὶ
976 2949 1049 3019 μὴ
1076 2951 1357 3023 ὀνομάζων
1383 2955 1621 3027 Πατέρα,
1645 2956 1794 3026 δηλοῖ

218 3029 357 3098 μετὰ
403 3032 499 3103 τῆς
539 3034 655 3088 υίοῦ
696 3042 1065 3112 προσηγορίας
1096 3045 1190 3097 καὶ
1236 3044 1327 3099 τὸν
1366 3047 1661 3117 γεννήτορά
1694 3048 1790 3117 (9).

214 3122 312 3175 καὶ
346 3122 421 3196 μὴ
451 3125 730 3197 ὀνομάζων
761 3130 852 3185 τὸν
888 3134 1012 3187 Υἰὸν
1035 3174 1048 3197 ,
1073 3136 1223 3207 δηλοῖ
1250 3137 1388 3207 μετὰ
1408 3138 1503 3190 τοῦ
1537 3138 1793 3210 πατρῴου

215 3217 481 3287 ὀνόματος
520 3224 615 3275 καὶ
661 3226 753 3278 τὸν
800 3229 1192 3299 γεγεννημένον
1217 3246 1230 3257 ’
1262 3230 1405 3281 οὓτω
1436 3233 1529 3284 καὶ
1574 3232 1699 3285 ἔνθα
1732 3232 1793 3285 τὸ

215 3308 442 3379 Πνεῦμα
471 3315 544 3383 μὴ
570 3316 911 3384 ὀνομάζεται,
952 3322 1010 3371 ὲν
1044 3320 1121 3390 τῷ
1161 3320 1481 3392 χορηγοῦντι
1524 3325 1655 3378 αὐτὸ
1694 3327 1787 3379 καὶ

218 3402 553 3472 μεταδιδόντι
583 3409 781 3460 νοεῖται
820 3410 951 3479 (10).
992 3412 1061 3463 Ἦ
1096 3412 1187 3464 καὶ
1240 3414 1327 3469 ὅτε
1362 3416 1523 3483 φασὶν
1564 3418 1613 3468 οἱ
1653 3418 1788 3471 ἀπὸ·

218 3490 412 3555 στολοι,
449 3492 590 3547 Τάδε
611 3494 773 3563 λέγει
806 3496 877 3556 τὸ.
894 3500 1136 3569 Πνεῦμα
1161 3502 1228 3555 τὸ
1254 3502 1442 3572 ἅγιον,
1474 3505 1630 3575 μόνον
1656 3507 1788 3559 ὑπο-

212 3582 497 3655 ληψόμεθα
528 3585 587 3639 τὸ
624 3588 844 3658 Πνεῦμα
882 3592 1194 3666 νομοθετεῖν
1218 3596 1348 3667 ἡμῖν
1376 3598 1470 3651 καὶ
1514 3615 1786 3669 προσαγο-

218 3676 397 3749 ρεύειν
441 3679 510 3733 τά
554 3682 833 3752 μέλλοντα,
866 3684 961 3739 καὶ
987 3686 1060 3759 μὴ
1088 3690 1151 3742 ὲκ
1190 3690 1403 3761 Πατρδς
1441 3691 1509 3744 δι’
1535 3692 1666 3744 Υίοῦ
1698 3693 1795 3762 τὴν

215 3770 537 3840 νομοθεσίαν
576 3776 668 3827 καὶ
700 3778 1035 3848 προφητείαν
1080 3781 1451 3853 κατάρχεσθαι
1492 3784 1644 3855 (11);
1686 3785 1798 3837 Kal

215 3860 305 3913 ὅτε
324 3862 538 3931 λέγεται
562 3864 622 3917 τὸ
645 3868 855 3921 παιδίον
878 3870 1031 3937 ἆγιον
1059 3872 1123 3925 ὲκ
1149 3873 1461 3943 Πνεύματος
1496 3876 1649 3943 ἁγίου
1684 3875 1794 3945 (12)

217 3954 599 4025 γεγεννῆσθαι,
631 3959 691 4011 οὐ
720 3961 888 4031 χωρὶς
918 3962 1013 4015 τοῦ
1040 3964 1198 4031 λόγου
1231 3965 1453 4035 Πνεῦμα
1486 3986 1795 4039 παραγεγο-

216 4042 306 4109 voc
329 4047 408 4110 είς
430 4048 526 4118 τὴν
546 4049 640 4101 τοῦ
666 4050 903 4121 βρέφους
927 4054 1222 4107 ὑπόστασιν
1247 4056 1357 4125 (15)
1387 4057 1794 4128 ὑποληψόμεθα,

216 4140 391 4195 καίτοι
441 4142 690 4207 λέγοντος
736 4146 831 4199 τοῦ
872 4149 1115 4203 Ἰωάννου
1156 4151 1259 4208 ὅτι.
1318 4150 1380 4203 '0
1410 4152 1599 4220 Λόγος
1638 4150 1797 4219 σὰρξ

290 4256 518 4330 9:10am
550 4275 679 4330 xvii,
710 4260 763 4315 5,
796 4261 839 4291 θ’
873 4261 1028 4317 Rom.
1057 4281 1171 4325 VIII,
1205 4266 1259 4319 9.
1372 4266 1419 4296 ⁸³
1450 4265 1567 4320 Cal-
1599 4280 1681 4330 Ill,
1711 4265 1801 4318 27o

215 4327 265 4361 ⁸⁷
300 4324 491 4382 Matth.
520 4344 562 4392 ι,
598 4328 686 4384 90.
762 4330 807 4361 ⁸⁸
838 4330 993 4387 Joan.
1028 4349 1064 4398 ι,
1099 4324 1183 4390 1t.

1820 3274 1864 3331 C

1888 660 2054 716 fuisse
2085 662 2457 726 enuntiatum,
2500 676 2566 716 eo
2601 660 2743 730 quod
2781 658 3036 714 Dominus
3069 662 3213 716 dicat
3254 675 3269 713 :
3326 656 3453 711 "ac

1886 761 2060 805 autem
2090 762 2164 803 est
2194 754 2299 806 vita
2325 762 2517 805 wlcrua
2541 793 2557 816 ,
2590 764 2643 804 ut
2674 762 2985 821 cognoscunt
3011 761 3058 803 te
3082 753 3250 805 solum
3277 764 3453 804 verum

1888 845 2078 908 Deum,
2108 855 2156 896 et
2190 862 2338 912 quem
2372 844 2563 897 misisti
2597 844 2779 897 Iesum
2806 844 3072 896 Christum
3100 842 3167 895 ⁸⁸.
3200 843 3377 909 Quare
3405 840 3451 896 si

1889 937 2128 1007 Spiritus
2157 938 2226 989 ob
2262 938 2363 993 hoc
2394 937 2488 992 tibi
2518 938 2730 991 videtur
2764 936 2998 1000 ablatus,
3031 934 3295 1003 baptisma
3325 935 3453 991 vita

1886 1030 2003 1084 sine
2046 1028 2251 1100 Spiritu
2295 1029 2578 1083 conferas:
2633 1029 2714 1083 sin
2764 1029 2815 1081 in
2863 1026 3066 1097 Spiritu
3118 1026 3285 1080 vitam
3333 1028 3454 1083 vice

1889 1120 2218 1177 hereditatis
2250 1122 2487 1187 accipis,
2520 1120 2791 1191 quomodo
2828 1119 2993 1172 vitam
3034 1128 3292 1173 aeternam
3338 1119 3455 1173 sine

1889 1210 2091 1280 Spiritu
2125 1213 2405 1268 somnias?
2440 1214 2495 1268 Si
2535 1215 2653 1283 quis
2693 1212 2953 1279 Spiritum
2984 1211 3209 1273 Christi.
3244 1210 3455 1279 inquit,

1890 1320 1988 1357 non
2026 1303 2202 1366 habet,
2242 1306 2324 1357 hic
2356 1320 2553 1359 nonest
2580 1306 2742 1374 ipsius
2775 1302 2841 1356 ⁸².
2877 1302 3161 1368 Quomodo
3201 1301 3363 1372 igitur
3402 1302 3455 1355 iu

1887 1406 2149 1448 :mernum
2182 1392 2354 1454 vives.
2392 1392 2494 1446 nisi
2525 1392 2689 1449 iucris
2723 1390 3109 1450 Christi?Non
3140 1401 3319 1444 autem
3348 1392 3456 1447 eris

1888 1484 2131 1547 Christi,
2164 1484 2265 1537 nisi
2317 1482 2462 1536 illius
2498 1481 2700 1537 habeas
2739 1484 3023 1555 Spiritum.
3074 1481 3179 1535 Sed
3214 1496 3313 1535 cur
3349 1495 3454 1534 non

1890 1578 2129 1641 addidit,
2180 1576 2395 1644 inquis,
2454 1573 2525 1629 Ut
2582 1586 2909 1641 cognoscant
2954 1584 3005 1629 te
3049 1572 3222 1627 solum
3269 1587 3455 1625 verum

1893 1672 2079 1735 Deum,
2112 1680 2166 1724 et
2200 1684 2361 1739 quem
2399 1666 2593 1721 misisti
2628 1666 2811 1721 Jesum
2852 1670 3130 1724 Christum
3154 1710 3167 1732 ,
3200 1678 3252 1722 et
3285 1665 3455 1735 Spiri~

1893 1775 2001 1816 tum
2033 1762 2327 1818 sanctum?
2358 1760 2469 1814 Non
2501 1761 2642 1829 quod
2693 1759 2953 1828 Spiritum
2984 1777 3012 1814 a
3045 1758 3305 1815 dualitate
3348 1757 3447 1811 dis-

1889 1858 2097 1927 jungat.
2130 1858 2231 1912 heu
2275 1858 2403 1911 vos!
2438 1856 2530 1910 sed
2572 1864 2798 1919 contra,
2842 1854 2984 1922 quod
3029 1857 3239 1923 copulet
3293 1852 3456 1924 311

1891 1950 2266 2018 signiﬁeetque
2297 1950 2348 2002 in
2383 1950 2539 2003 l’atre
2572 1958 2625 2001 et
2656 1947 2796 2002 Filio
2826 1946 3084 2015 Spiritum
3122 1947 3457 2015 inseparabi-

1892 2043 2015 2095 lem.
2054 2040 2183 2113 Nam
2230 2050 2286 2093 et
2338 2056 2455 2093 cum
2502 2041 2701 2095 Paulus
2748 2039 2879 2093 dicit
2918 2037 3007 2093 ⁸⁸;
3058 2037 3361 2105 Quicunque
3402 2041 3456 2091 in

1892 2133 2156 2189 Christum
2178 2134 2427 2199 baptizati
2454 2136 2595 2197 estis,
2620 2133 2885 2187 Christum
2911 2132 3177 2193 induistis,
3203 2144 3307 2182 non
3331 2144 3461 2183 sane

1892 2227 2095 2295 absque
2136 2226 2299 2280 Patre
2333 2227 2495 2279 etiam
2544 2226 3028 2281 sanctiﬁcationem
3076 2222 3313 2284 induxit,
3364 2222 3462 2276 sed

1895 2314 1945 2367 in
1974 2314 2109 2367 Filio
2135 2313 2349 2368 Patrem
2378 2329 2589 2383 quoque
2620 2315 2965 2383 significavit.
2997 2314 3205 2368 Etcum
3225 2312 3459 2367 dicit“:

1896 2404 2062 2465 Nobis
2088 2409 2222 2462 enim
2247 2408 2490 2463 reuelauit
2522 2405 2655 2461 Deus
2691 2424 2780 2475 per
2804 2405 3059 2473 Spiritum
3088 2421 3266 2469 suum,
3293 2403 3463 2459 haud-

1893 2513 2157 2567 quaquam
2190 2500 2460 2552 subtraxit
2484 2497 2699 2558 Filium,
2728 2500 2819 2565 qui
2850 2499 2981 2551 dicit
3005 2498 3051 2529 "
3090 2538 3101 2550 .
3142 2496 3323 2565 Neque
3352 2491 3463 2547 Ρα-

1894 2599 2023 2642 trem
2052 2592 2329 2659 quisquam
2360 2590 2521 2652 novit,
2555 2589 2657 2642 nisi
2696 2588 2889 2653 Filius,
2922 2600 2969 2642 et
3000 2587 3086 2641 cui
3115 2584 3293 2640 Filius
3320 2602 3462 2639 reue-

1894 2681 2039 2735 larit.
2083 2681 2234 2749 Quod
2277 2682 2359 2747 si,
2399 2680 2563 2738 Patre
2592 2698 2696 2736 non
2730 2680 3033 2744 nominato,
3071 2678 3343 2749 significat
3382 2685 3464 2730 ta-

1894 2789 2014 2829 men
2043 2776 2342 2845 genitorem
2380 2790 2599 2843 quoque
2629 2789 2751 2829 cum
2791 2774 2885 2827 lilii
2930 2770 3189 2833 nomine,
3223 2769 3462 2837 itemque

1893 2868 1961 2933 si,
1998 2866 2134 2921 Filio
2168 2881 2274 2919 non
2305 2865 2606 2930 nominato,
2640 2865 2908 2931 signiﬁcat
2936 2876 2991 2918 et
3018 2862 3255 2932 genitum
3286 2860 3460 2928 ipsum

1894 2972 2016 3011 cum
2048 2955 2264 3008 nomine
2292 2964 2517 3023 paterno
2546 2971 2560 3004 :
2595 2954 2666 3007 ita
2702 2962 2758 3007 et
2780 2953 2869 3007 ubi
2896 2953 3135 3021 Spiritus
3160 2968 3265 3007 non
3296 2948 3465 3003 nolui.

1896 3058 2075 3110 natur,
2108 3046 2161 3100 in
2193 3062 2257 3101 eo
2282 3046 2370 3117 qui
2413 3062 2535 3101 eum
2563 3044 2805 3115 impertit
2845 3060 2909 3099 ac
2939 3042 3179 3104 confert,
3211 3040 3464 3109 intelligi-

1898 3148 2003 3193 tur.
2052 3140 2133 3193 An
2182 3140 2345 3194 etiam
2401 3153 2520 3192 cum
2564 3136 2787 3208 apostoli
2829 3135 3018 3191 dicunt
3036 3133 3083 3166 ⁸⁸
3115 3152 3129 3189 :
3157 3131 3285 3188 Hac
3328 3131 3470 3185 dicit.

1898 3231 2129 3301 Spiritus
2158 3240 2395 3295 sanctus,
2438 3230 2749 3299 putabimus
2790 3228 3053 3299 Spiritum
3088 3237 3332 3282 sanctum
3370 3239 3463 3277 so-

1894 3327 2003 3379 lum
2035 3325 2184 3397 leges
2222 3324 2377 3380 nobis
2408 3323 2587 3385 ferre,
2620 3332 2675 3376 et
2704 3322 2881 3374 iutura
2910 3320 3204 3389 praedicere
3228 3356 3243 3381 ,
3269 3324 3322 3370 et
3354 3329 3466 3368 nou

1894 3417 2150 3473 lationem
2180 3418 2357 3485 legum
2397 3424 2559 3483 atque
2578 3410 2918 3481 prophetiam
2950 3425 3017 3466 ex
3043 3410 3203 3464 Patre
3244 3422 3341 3476 per
3373 3404 3463 3460 Fi-

1892 3510 2021 3563 lium
2068 3510 2303 3578 primum
2348 3506 2657 3576 proﬁcisci?
2704 3504 2917 3558 Etcum
2953 3516 3087 3573 puer
3125 3508 3346 3555 sanctus
3392 3512 3462 3551 ex

1893 3609 2082 3653 sancto
2112 3599 2315 3663 Spiritu
2366 3609 2658 3666 conceptus
2705 3610 2827 3651 esse
2870 3594 3066 3647 dicitur
3087 3592 3155 3658 ",
3191 3604 3295 3645 non
3340 3588 3462 3643 sine

1895 3692 2067 3747 Verbo
2094 3690 2356 3761 Spiritum
2391 3692 2458 3745 ad
2490 3689 2831 3744 formandum
2858 3683 3121 3743 infantem
3157 3680 3462 3736 accessisse

1894 3783 2251 3852 suspicamur,
2279 3782 2578 3851 praesertim
2600 3795 2722 3834 cum
2754 3776 2988 3833 Joannes
3014 3776 3199 3831 dicat:
3234 3771 3466 3825 Verbum

1892 3890 2015 3927 caro
2047 3876 2246 3941 factum
2281 3885 2355 3928 est
2386 3874 2456 3939 ⁸⁸,
2488 3885 2721 3943 cumque
2748 3868 2925 3925 Verbo
2953 3868 3257 3922 ascribatur
3284 3866 3459 3918 incar-

1893 3967 2059 4019 natio.
2093 3963 2289 4019 Verum
2335 3981 2429 4034 per
2458 3966 2638 4019 omnia
2678 3962 2851 4033 palam
2893 3970 2979 4017 est
3019 3957 3279 4029 Spiritum
3315 3964 3370 4011 et
3404 3956 3457 4010 in

1892 4056 2071 4112 Verbo
2101 4072 2252 4123 esse,
2286 4066 2342 4111 et
2369 4055 2605 4112 Verbum
2652 4056 2705 4109 in
2742 4054 2947 4123 Spiritu
2974 4092 2989 4116 ,
3040 4067 3165 4106 cum
3205 4048 3334 4104 uuio
3363 4062 3455 4103 se-

1892 4149 2123 4205 cundum
2153 4151 2406 4204 deitatem
2446 4165 2551 4204 non
2585 4147 2879 4202 dividatur.
2924 4144 3057 4199 Nam
3085 4134 3248 4199 trium
3285 4143 3461 4197 nomi-

1896 4265 1983 4319 l"*1
2011 4264 2135 4321 Cor.
2168 4282 2225 4333 ιι,
2252 4266 2335 4321 10.
2413 4264 2458 4295 "
2480 4263 2669 4317 Matth.
2701 4279 2777 4328 xi,
2804 4262 2895 4317 97.
2970 4262 3017 4294 ⁸⁸
3053 4262 3176 4317 Act.
3213 4276 3331 4325 ut,
3370 4258 3456 4315 11.

296 4486 377 4569 (β)
410 4486 553 4569 Fam
602 4496 656 4569 εει
700 4505 832 4569 mss.
890 4494 1131 4548 nonnulli
1174 4495 1288 4563 εἴγε
1324 4497 1421 4567 μή.
1460 4496 1527 4550 At
1579 4494 1790 4551 codices
1822 4515 1866 4569 ι)
1895 4495 2411 4569 ιίεῃιενῑηιεηλίρὶιᾼιιν,
2447 4495 2669 4569 rectius.

215 4558 554 4629 antiquiores
582 4558 629 4610 εί
668 4563 765 4629 μή.

1967 4567 2076 4635 (l1)
2115 4556 2331 4631 Antiqui
2362 4556 2469 4619 tres
2504 4565 2625 4619 libri
2652 4572 2707 4619 et
2739 4561 2870 4617 editi
2903 4556 3260 4635 κατέρχεσθαι
3298 4572 3312 4587 ·
3349 4572 3457 4625 qua

289 4627 367 4697 (5)
399 4628 533 4705 aditi
560 4630 680 4699 οὐχὶ
700 4627 1057 4703 προσέθηκεν.
1089 4633 1158 4687 At
1178 4649 1307 4690 mss.
1332 4636 1572 4705 plerique
1597 4650 1784 4691 omnes
1896 4627 2027 4705 falsa
2060 4627 2336 4703 scriptura
2380 4636 2636 4703 deceptus
2677 4635 2961 4705 interpres,
2991 4627 3070 4705 sic
3105 4628 3288 4689 vertit,
3333 4642 3457 4705 pro-

217 4696 621 4772 προστέθεικεν.

291 4769 369 4837 (ϐ)
405 4767 624 4833 Legitur
656 4768 708 4824 in
746 4770 1021 4838 impressis
1053 4773 1225 4837 libris,
1265 4769 1495 4841 ὦοῦτοι,
1542 4776 1635 4829 δύο
1664 4776 1781 4829 ὀνο-

291 4838 386 4903 ιζει
409 4855 425 4870 ·
455 4840 547 4893 sed
576 4840 724 4903 illud,
762 4841 857 4894 δύο
886 4841 1164 4907 ὀνομάζει,
1206 4846 1485 4901 delendum
1524 4847 1781 4907 iudicavi,

222 4838 386 4910 μάζει
409 4855 425 4870 ·
455 4840 547 4893 sed
576 4840 724 4903 illud,
762 4841 857 4894 δύο
886 4841 1164 4912 ὀνομάζει,
1206 4838 1490 4901 delendum
1524 4847 1782 4915 iudicavi,

218 4919 539 4992 postrorum.
575 4921 778 4992 septem
812 4913 1053 4965 codicum
1090 4916 1245 4967 [idem
1278 4930 1494 4992 secutus
1530 4936 1541 4969 :
1578 4918 1784 4992 inqui-

217 4979 321 5033 bus
378 4980 627 5101 omqibus
668 4984 856 5036 harum
891 4997 1081 5036 vocum
1124 5000 1189 5038 ne
1233 4989 1514 5054 vestigium
1568 4979 1782 5057 quidem

218 5061 472 5111 compare
504 5088 517 5101 .

290 5088 857 5198 (igniaemsmliqugt
886 5122 1005 5198 libri
1036 5124 1188 5177 Ὅσοι
1221 5114 1347 5198 γαρ.

291 5186 371 5256 (8)
412 5186 590 5243 ϐοὸεῑ
618 5186 768 5245 Colb..
793 5190 1014 5315 Πατίὲἕ
1050 5186 1377 5266 μεμήνυκεν.
1413 5195 1611 5249 Ibidem
1654 5196 1782 5249 editi

291 5257 388 5311 εδέ
424 5274 605 5315 φησιν.
633 5264 702 5315 At
729 5264 912 5315 vocula
1031 5265 1083 5315 iu
1114 5268 1361 5315 omnibus
1396 5268 1593 5315 nostris
1630 5267 1782 5315 codi-

218 5259 307 5342 ὅτε
332 5257 388 5311 δέ
420 5274 605 5342 φησιν.
633 5264 702 5315 At
729 5264 912 5342 vocula
1031 5257 1083 5342 iu
1114 5257 1361 5342 omnibus
1396 5268 1594 5342 nostris
1630 5267 1783 5318 codi-

218 5328 372 5405 cibus
402 5329 590 5405 deest;
618 5348 843 5399 quorum
874 5334 937 5405 in
960 5336 1167 5387 duobus
1204 5337 1414 5405 legitur,
1438 5337 1545 5389 Kal
1570 5338 1657 5389 ὅτε
1680 5353 1784 5405 φη-

219 5397 293 5453 σί.
322 5397 531 5453 Rursus
574 5397 673 5455 hoc
705 5405 820 5471 ipso
842 5406 893 5456 in
926 5404 1043 5459 loco
1072 5397 1280 5476 vulgati
1300 5397 1420 5461 libri
1466 5406 1625 5477 ’Υμιν
1649 5397 1779 5477 γάρ.

216 5469 285 5525 Δί
314 5482 445 5540 mss.
480 5470 629 5540 ἡμῖν.

288 5511 712 5663 viridia-56w
742 5544 1059 5627 γεννήτορά,
1104 5546 1251 5627 δηλοῖ
1293 5564 1352 5599 τε
1403 5550 1557 5617 μετά.
1601 5548 1783 5603 Codex

288 5613 370 5663 ili.
417 5621 470 5663 et
517 5612 610 5663 ain
637 5625 865 5663 auatuor
896 5615 1045 5663 Remi
1078 5628 1135 5663 ut
1170 5635 1220 5663 III
1263 5629 1537 5663 contextu-
1574 5620 1783 5663 ninnium

217 5610 370 5733 Clolh.
417 5621 470 5665 et
517 5612 610 5667 alii
637 5625 865 5683 quatuor
892 5610 1047 5685 Regii
1078 5610 1220 5671 ut'in
1263 5610 1538 5681 contextu,
1574 5620 1785 5688 plenius

217 5696 249 5735 c
270 5697 542 5743 artusque.

613 5762 846 5831 quatuor
877 5755 1089 5831 codices
1118 5758 1336 5831 etqrediti
1382 5760 1475 5811 καὶ
1506 5761 1779 5831 μεταδίδο-

219 5836 309 5873 ται
330 5823 424 5903 παὶ
448 5825 753 5903 podiam}!
793 5826 950 5903 datur
970 5828 1375 5903 et‘i‘u‘telligitur.
1410 5823 1590 5883 Codex
1629 5831 1777 5884 Colb.

219 5901 272 5943 et
301 5892 388 5944 alii
429 5892 533 5945 duo
560 5892 709 5961 Regii
746 5894 836 5946 καὶ
870 5896 1191 5961 μεταδεδόκνττ
1220 5892 1452 5961 νοεῖται,
1496 5900 1550 5950 iu
1595 5900 1779 5962 imper-

1889 4704 2119 4769 pltetiam
2166 4697 2490 4761 descendere.
2516 4697 2615 4757 Ἀι
2668 4697 2830 4773 Regii
2858 4700 3126 4773 secundus
3168 4706 3221 4752 et
3265 4697 3459 4773 tertius

1891 4788 2011 4847 cum
2078 4776 2230 4829 Colb.
2300 4773 2692 4847 κατάρχεσθαι,
2751 4770 3205 4847 oriri,_originem
3246 4770 3453 4819 ducere.

1891 4843 1945 4915 in
1978 4843 2109 4914 Reg.
2140 4849 2377 4899 secundo
2416 4839 2513 4913 pta
2552 4841 2888 4915 προφητείαν
2936 4839 3129 4909 legitur
3181 4853 3455 4909 προαγγε-

1890 4912 2030 4975 λίαν,
2064 4912 2167 4967 non
2206 4915 2452 4968 dissimili
2486 4912 2667 4967 senSu.

1962 4985 2072 5053 (ιε)
2110 4986 2187 5039 Ad
2226 4984 2353 5037 illud
2386 4983 2617 5037 Matthxi
2655 4983 2807 5053 nso.
2842 4980 2912 5037 Τό
2941 4978 3457 5053 τὺρὲναύτῃμγεν-

1889 5048 2073 5122 γηθὲύ
2083 5056 2150 5109 ἐκ
2166 5056 2509 5124 Πνεύματός
2524 5054 2695 5107 ἐστιν
2707 5052 2899 5123 ἁγίου,
2931 5048 3199 5124 respicere
3226 5048 3460 5115 scripto-

1892 5119 2003 5179 rem
2047 5119 2339 5179 obscurum
2388 5119 2494 5179 non
2541 5134 2624 5179 est
2665 5141 2678 5178 :
2713 5119 2835 5189 quae
2866 5120 3025 5175 verba
3069 5119 3147 5171 sic
3200 5134 3454 5189 expressa

1890 5205 2014 5249 sunt
2042 5198 2093 5249 in
2124 5194 2372 5263 Vulgata,
2396 5194 2533 5265 quod
2563 5196 2699 5248 enim
2722 5187 2776 5247 in
2804 5210 2880 5265 eaq
2902 5200 3085 5265 natum
3118 5199 3213 5265 es_t_,
3244 5190 3307 5242 de
3327 5187 3453 5265 Spi-l

1890 5268 1994 5318 ritu
2022 5279 2201 5321 sancto
2228 5256 2323 5321 est.
2351 5256 2601 5320 Erasmus
2626 5265 2814 5317 eadem
2840 5261 2919 5316 sic
2941 5261 3121 5321 vertit,
3150 5256 3291 5311 Nam
3315 5258 3455 5325 quod

1888 5337 1946 5389 in
1974 5337 2067 5389 illa
2099 5349 2399 5403 conceptum
2420 5347 2512 5396 est.
2552 5352 2582 5386 α
2612 5332 2812 5400 Spiritu
2841 5342 3019 5403 sancto
3044 5328 3332 5403 profectum
3357 5340 3451 5380 est.

1890 5407 2041 5472 Quod
2074 5409 2117 5461 si
2150 5400 2379 5477 cuipiam
2402 5416 2585 5477 nostra
2618 5402 2992 5477 interpretatio
3031 5415 3135 5452 non
3174 5400 3454 5467 probetur,

1889 5479 1937 5530 ei
1971 5477 2129 5532 aliter
2162 5473 2503 5545 interpretari
2550 5473 2729 5545 licebit
2766 5476 2905 5545 :Vrsed
2940 5479 3128 5523 caveat
3171 5486 3237 5521 ne
3282 5478 3452 5522 vertat

1890 5563 2011 5600 cum
2044 5544 2425 5615 Trapezuntio,
2456 5557 2504 5598 et
2529 5544 2742 5613 quando
2765 5544 2962 5595 dicitur
2993 5556 3121 5606 puer
3148 5551 3362 5593 sanctus
3392 5555 3459 5593 ea:

1892 5618 2098 5684 Spiritu
2121 5631 2302 5672 sancto
2332 5618 2524 5683 factus.

1960 5691 2067 5760 (1'5)
2084 5693 2185 5754 Εἰς
2201 5692 2314 5754 τὴν
2330 5678 2705 5760 τοῦβρέφαυς
2720 5684 3080 5760 ὑπόστασιν.
3097 5678 3455 5760 lnterpres_ex

1890 5751 1987 5814 suo
2026 5751 2191 5821 more,
2226 5751 2294 5811 ad
2331 5751 2751 5817 subsiitentiam;
2783 5754 2874 5807 sed
2913 5752 3107 5805 melius
3160 5751 3330 5805 multo
3376 5752 3457 5805 in-

1892 5829 2273 5896 terpretabere.
2307 5831 2350 5884 si
2379 5830 2561 5882 dicas:
2590 5826 2658 5876 ad
2692 5826 3131 5887 constitutionem,
3168 5825 3233 5874 ad
3259 5822 3454 5889 formo-

1889 5903 2096 5953 tionem.
