4208 6486
243 481 350 534 7-59

1326 476 1698 533 ADVERSUS
1739 475 2105 534 EU‘NOMIUM
2148 476 2274 533 ΗΒ.
2320 477 2382 531 ι’.

3365 479 3470 534 750

245 597 392 668 εὖροι
416 615 498 662 τις
545 596 627 649 ἄν.
678 596 816 649 Ἀλλ’
860 596 1158 669 ὀρθοτέρως
1190 597 1255 649 ἂν
1307 597 1587 649 ἀκούσειεν
1637 599 1665 649 ὀ
1697 597 1805 665 (20)
1839 605 1880 658 Α

1839 605 1880 658 Α
1915 597 2107 651 Verum
2155 599 2353 652 rectius
2398 598 2510 651 lucc
2557 595 2904 660 intellexerit,
2933 594 3022 664 qui
3057 595 3349 650 sententias
3389 595 3472 651 di-

243 688 482 752 εὑσεόὦς
510 689 576 741 ri
601 688 717 741 θεῖα
747 690 989 760 νοήματα
1004 689 1450 759 τεκμαιρόμενος,
1478 689 1649 757 λέγων
1675 692 1809 760 πρὸς

240 780 340 849 τὴν
361 780 467 833 τῶν
499 781 754 834 ὲναντίων
783 781 1070 843 ἀντίθεσιν,
1104 782 1205 842 ὅτι,
1241 783 1289 833 εἰ
1322 781 1562 852 νομίσειε
1587 801 1668 846 τις
1689 800 1810 834 ταυ-

241 872 440 942 τότητα
481 872 722 940 εἰσάγειν
766 871 874 924 ἀπὸ
912 872 1018 922 τῶν
1065 872 1388 942 ὁμωνύμων,
1424 873 1474 923 τί
1513 876 1806 942 ποιήσειεν,

243 964 324 1015 ὅτι
366 962 509 1015 ὄντα
541 961 708 1014 πολλά
760 962 972 1028 λέγεται
1018 962 1050 1031 ἢ
1089 962 1367 1027 καλεῖται;
1414 964 1562 1027 Ἐνὸς
1611 964 1666 1016 δέ
1695 966 1808 1018 ἐστι

241 1051 420 1114 τοῦτο,
451 1051 695 1118 λέγοντος
723 1051 924 1120 Κυρίου
965 1053 1058 1104 καὶ
1084 1052 1296 1118 ἀληθῶς
1321 1053 1452 1106 Θεοῦ
1474 1071 1486 1084 ·
1531 1055 1670 1123 Ἐνὼ
1694 1059 1809 1123 εἰμι

245 1147 279 1197 ὁ
309 1144 411 1198 ὢν.
443 1145 698 1210 Λέγονται
719 1143 775 1195 δὲ
801 1144 892 1195 καὶ
914 1147 1146 1215 πατέρες
1184 1147 1383 1208 πολλοὶ,
1423 1147 1516 1200 καὶ
1553 1147 1684 1214 θεοὶ,
1720 1149 1810 1201 καὶ

244 1236 584 1305 γεννήτορες,
618 1234 712 1286 καὶ
752 1236 923 1303 σοφοὶ,
959 1236 1052 1288 καὶ
1080 1237 1311 1301 δυνατοὶ,
1350 1239 1442 1291 καὶ
1469 1239 1808 1313 δημιουργοὶ,

241 1329 279 1381 ἃ
302 1328 377 1398 τῷ
410 1325 526 1396 Θεῷ
564 1327 706 1398 μόνῳ
741 1329 898 1395 φύσει
936 1338 1222 1400 πρόσεστιν
1254 1332 1359 1384 ἀεί.
1400 1333 1509 1386 Καὶ
1542 1335 1810 1406 ἀγέννητα

241 1418 501 1480 ὡσαύτως
527 1418 774 1485 λέγονται
804 1420 871 1472 τὰ
906 1421 1128 1491 μηδέπω
1169 1424 1518 1493 γεννηθέντα,
1551 1428 1810 1496 μέλλοντα

241 1510 298 1562 δὲ
324 1509 605 1576 γεννᾶσθαι
631 1511 661 1580 ἢ
689 1512 929 1580 γίνεσθαι
953 1530 966 1544 ·
1006 1514 1078 1578 ὡς
1100 1516 1192 1566 καὶ
1300 1521 1410 1570 τῶν
1445 1521 1652 1591 νεκρῶν
1680 1523 1809 1574 ἀνά-

242 1619 446 1669 στασις,
473 1603 622 1657 οὔπω
654 1608 925 1674 γεγονυῖα,
968 1606 1257 1676 ἀγέννητος
1287 1609 1420 1678 (21),
1462 1611 1726 1682 μέλλουσα
1755 1615 1810 1665 δὲ

240 1688 402 1746 εἶναι’
435 1695 466 1765 ἢ
492 1694 571 1758 ὡς
590 1697 694 1749 ἀπὸ
724 1697 936 1770 σιδήρου
969 1698 1246 1761 δακτύλιος
1277 1699 1385 1772 (22)
1420 1704 1626 1773 μέλλων
1669 1706 1811 1770 γίνε-

241 1785 384 1850 σθαι,
432 1788 724 1858 ἀγέννητος
764 1789 838 1843 ὢν
870 1792 928 1842 ὲν
967 1794 1031 1860 τῇ
1063 1792 1156 1845 τοῦ
1192 1795 1411 1865 σιδήρου
1444 1794 1630 1863 φύσει·
1671 1796 1702 1865 ἢ
1735 1797 1810 1858 ὡς

237 1877 367 1930 ὅταν
406 1879 512 1932 ἀπὸ
538 1879 725 1944 ὕδατος
756 1882 787 1950 ἦ
837 1881 982 1934 λίθου
1016 1883 1146 1956 πῦρ,
1180 1885 1210 1955 ἤ
1256 1886 1418 1955 ἄλλης
1467 1887 1607 1950 τινὸς
1654 1887 1803 1958 ὕλης,

239 1969 500 2035 ὡσαύτως
521 1973 580 2025 τὸ
619 1973 854 2026 τοιοῦτον
890 1974 1112 2044 γένηται
1139 1976 1249 2046 πῦρ
1284 1978 1417 2046 (25).
1453 1979 1617 2032 Πάλιν
1644 1980 1809 2048 ἀγένο

238 2079 397 2133 νητον
423 2065 667 2117 ἀνούσιον
689 2065 913 2134 νοοῦμεν
932 2066 992 2119 τὸ
1018 2068 1239 2138 μηδαμῆ
1265 2071 1528 2140 μηδαμῶς
1563 2072 1640 2124 δν.
1674 2068 1807 2127 Εἷπέ

238 2171 325 2218 τις
367 2156 632 2218 ἀνούσιον,
663 2156 957 2210 πόστασιν
999 2159 1176 2212 ἀνεῖλε
1205 2161 1299 2213 καὶ
1339 2163 1526 2226 οὐσίας
1554 2164 1804 2236 ὓπαρξιν.

251 2246 539 2309 ’Δνοῶσιον,
592 2249 685 2300 καὶ
738 2250 1124 2314 ἀνυπόστατον,
1171 2255 1268 2324 τὴν
1323 2253 1396 2325 μὴ
1428 2255 1810 2332 ,ὑπάρχουσαν

239 2342 376 2409 μήτε
401 2335 562 2391 οὖσαν
597 2339 730 2403 ὅλως
766 2342 1016 2412 σημαίνει
1046 2342 1224 2412 φύσιν,
1266 2345 1339 2398 Τὸ
1374 2346 1430 2398 δὲ
1457 2347 1692 2402 ἑνούσιον
1718 2351 1809 2403 καὶ

235 2431 603 2485 ἀνυπόστατον
649 2433 822 2502 λέγων
880 2453 981 2501 τις,
1023 2437 1120 2509 τὴν
1167 2439 1574 2510 ἐνυπάρχουσαν
1621 2441 1809 2496 οὐσίαν

235 2522 490 2592 ἐδήλωσε.
537 2525 610 2578 Τὸ
637 2526 692 2579 δὲ
723 2526 900 2594 λέγειν
933 2529 1222 2600 ἀγέννητον
1270 2531 1359 2583 τὸν
1389 2532 1539 2597 Θεὸν,
1584 2533 1616 2603 ἢ
1652 2534 1810 2601 ἀγέν-

236 2631 394 2681 νητον
424 2615 564 2686 μετὰ
582 2617 676 2668 τοῦ
706 2617 805 2687 ἇρί)
817 2635 927 2686 ρον,
955 2620 1227 2686 προτάξας
1252 2619 1417 2684 Θεὸν,
1447 2620 1480 2691 ἢ
1509 2622 1809 2689 ἐπενέγκας

235 2703 398 2760 πάλιν
428 2706 488 2758 τὸ
522 2706 650 2759 αὐτὸ
679 2707 869 2776 ὄνομα,
902 2709 1000 2760 οὐκ
1030 2709 1214 2761 οὐσίαν
1244 2710 1469 2775 ἀνεῖλεν,
1492 2712 1612 2766 οὐδὲ
1644 2714 1703 2765 τὸ
1732 2709 1808 2766 εἷ-

235 2811 324 2843 ναι
354 2793 445 2846 τοῦ
475 2793 629 2859 Θεοῦ,
664 2795 868 2866 ταύτην
896 2797 951 2848 δὲ
991 2799 1084 2850 καὶ
1136 2798 1246 2869 (24)
1301 2800 1374 2872 μὴ
1407 2804 1810 2875 γεγεννημένην

233 2882 375 2937 εἶναι
405 2886 582 2954 λέγει·
614 2888 748 2941 ἀλλά
773 2889 878 2960 μὴν
911 2891 1027 2943 οὐδὲ
1051 2891 1362 2948 κτισθεῖσαν
1391 2895 1540 2967 δηλοῖ
1558 2897 1652 2949 τοῦ
1674 2897 1808 2950 Θεοῦ

234 2978 333 3049 τὴν
365 2977 569 3033 οὐσίαν.
615 2980 752 3033 Ἀλλ’
790 2982 889 3035 οὐκ
919 2983 1104 3055 ἐπειδὴ
1145 2985 1205 3037 τὸ
1244 2982 1382 3040 εἷναι
1419 2987 1512 3040 τοῦ
1550 2989 1682 3041 Θεοῦ
1710 2989 1808 3043 οὐκ

233 3071 465 3136 ἀνεῖλεν,
494 3073 594 3144 ἤδη
625 3073 686 3126 τὸ
710 3075 763 3126 τί
802 3076 938 3127 εἶναι
972 3076 1065 3129 τοῦ
1099 3077 1234 3130 Θεοῦ
1270 3079 1371 3148 τὴν
1400 3079 1585 3130 οὐσίαν
1611 3080 1810 3151 ἐδήλω-

237 3181 347 3217 σεν.
374 3165 447 3217 Οὐ
471 3165 612 3233 λέγω
634 3167 888 3234 ποιότητα
925 3167 956 3235 ἢ
990 3169 1281 3237 ποσότητα,
1318 3170 1392 3232 ὡς
1417 3173 1614 3223 ἐκεῖνοι
1641 3174 1809 3238 ὲπαγ-

1911 696 2063 744 vinas
2108 694 2191 758 pie
2235 689 2615 753 considerarit,
2650 689 2898 744 videlicet
2947 688 2990 742 si
3037 688 3102 742 ad
3139 701 3202 743 ea
3239 703 3358 754 quae
3408 689 3475 744 ab

1910 785 2235 837 adversariis
2261 782 2587 850 objiciuntur
2617 782 2784 845 dicat,
2819 780 2959 850 quod
2986 781 3029 834 si
3053 779 3173 850 quis
3204 796 3268 835 ex
3301 783 3476 851 aequi-

1913 877 2057 929 vocis
2108 875 2446 929 identitatetn
2497 873 2673 926 induci
2734 882 2906 943 putat,
2946 874 3073 942 quid
3129 872 3308 934 faciet.
3353 889 3478 928 cum

1911 965 2077 1020 multa
2133 967 2385 1021 dicantur
2433 979 2527 1022 aut
2575 978 2840 1022 vocentur
2885 964 3210 1021 entia?‘l|oc
3248 980 3479 1034 namque

1911 1055 2068 1109 unius
2104 1056 2312 1109 Domini
2361 1071 2424 1110 ac
2469 1072 2596 1111 vere
2648 1057 2739 1110 Dei
2783 1066 2869 1110 est
2915 1057 3188 1111 dicentis:
3221 1054 3331 1126 Ego
3360 1073 3479 1109 sum

1909 1149 1997 1214 qui
2023 1165 2139 1201 sum
2175 1151 2244 1204 ’³.
2283 1150 2542 1203 Dicuntur
2572 1159 2753 1203 autem
2782 1160 2836 1204 et
2864 1159 3044 1218 patres
3086 1150 3262 1214 multi,
3291 1159 3346 1203 et
3383 1149 3477 1213 dii,

1911 1248 1965 1293 et
1996 1241 2287 1309 genitores,
2322 1251 2374 1294 ct
2410 1241 2702 1309 sapientes,
2735 1252 2789 1296 et
2838 1251 3104 1311 potentes,
3136 1251 3190 1294 et
3236 1241 3478 1310 Opiﬁces.

1911 1345 2031 1398 qua:
2065 1340 2256 1385 natura
2290 1331 2398 1386 Deo
2440 1331 2537 1384 soli
2581 1346 2793 1400 semper
2825 1333 3024 1385 insunt.
3066 1331 3203 1397 Quin
3239 1342 3294 1385 et
3336 1333 3483 1401 inge-

1917 1421 2028 1474 nita
2081 1422 2331 1476 similiter
2374 1424 2624 1476 dicuntur
2670 1438 2790 1490 quae
2837 1424 3070 1477 nondum
3121 1425 3297 1491 genita
3332 1434 3480 1486 sunt,

1916 1512 2010 1563 sed
2063 1512 2304 1579 generari
2356 1521 2450 1566 aut
2497 1511 2612 1565 ﬁeri
2667 1512 2912 1568 debent:
2946 1515 3088 1569 sicut
3145 1525 3482 1570 mortuorum

1913 1603 2241 1656 resurrectio
2287 1617 2408 1672 qua:
2440 1602 2676 1657 nondum
2720 1601 2856 1658 facta
2903 1615 3007 1672 εει,
3038 1607 3269 1676 ingenita
3307 1617 3392 1662 est
3427 1620 3485 1662 et

1917 1691 2121 1757 futura,
2153 1702 2248 1746 aut
2301 1693 2440 1747 sicut
2493 1693 2772 1750 faciendus
2818 1708 2883 1748 ex
2932 1694 3081 1750 ferro
3140 1697 3390 1762 annulus,
3427 1698 3480 1751 in

1911 1783 2040 1836 ferri
2093 1795 2282 1838 natura
2338 1785 2610 1856 ingenitus
2639 1798 2744 1852 est,
2776 1796 2868 1842 aut
2900 1788 3040 1844 sicut
3073 1803 3196 1843 cum
3237 1805 3301 1844 ex
3342 1805 3481 1861 aqua

1911 1873 1994 1927 vel
2029 1872 2206 1942 lapide
2242 1874 2403 1945 ignis,
2441 1875 2523 1930 vel
2572 1875 2675 1928 alia
2718 1877 2911 1945 quavis
2956 1879 3204 1944 materia,
3234 1879 3478 1936 similiter

1911 1963 2049 2034 ignis
2074 1965 2245 2018 tieret.
2278 1965 2485 2020 Rursus
2512 1980 2608 2034 per
2632 1965 2928 2035 ingenitum
2950 1969 3089 2039 quod
3113 1985 3219 2025 non
3248 1974 3482 2038 exsistit,

1912 2055 2261 2126 intelligimus
2292 2056 2344 2110 id
2374 2058 2516 2126 quod
2549 2059 2772 2114 minime
2808 2076 2872 2115 ac
2902 2077 3161 2132 nusquam
3195 2075 3296 2118 est.
3341 2065 3486 2120 Dixit

1911 2149 2108 2217 aliquis
2154 2163 2266 2202 rem
2313 2165 2420 2203 non
2471 2163 2708 2216 exstare,
2737 2153 3094 2210 substantiam
3137 2171 3198 2211 ac
3235 2159 3484 2215 essentia

1910 2240 2255 2294 existentiam
2282 2240 2519 2296 sustulit.
2553 2241 2660 2298 Res
2692 2258 2812 2314 quae
2850 2259 2952 2298 nec
2984 2246 3196 2301 exsistit
3225 2262 3329 2302 nec
3350 2249 3482 2303 sub.

1910 2331 2078 2396 sistit,
2113 2340 2358 2386 naturam
2396 2334 2665 2403 signiﬁcat
2714 2351 2820 2390 non
2871 2335 3223 2391 exsistentem
3268 2349 3324 2394 et
3363 2355 3484 2410 quas

1909 2423 2128 2476 omnino
2164 2439 2268 2475 non
2301 2434 2401 2478 est.
2436 2426 2542 2479 Sed
2572 2428 2616 2481 si
2649 2428 2770 2496 quis
2821 2430 2967 2484 dicat
3002 2432 3294 2500 quidquam
3336 2428 3484 2490 εἰεί-

1911 2521 2053 2566 stere
2085 2527 2148 2566 ac
2181 2513 2495 2572 subsistere.
2533 2515 2578 2568 is
2625 2519 2973 2574 exsistentem
3002 2521 3360 2577 substantiam
3404 2525 3484 2579 si-

1910 2604 2206 2672 gniﬁcavit.
2233 2605 2331 2672 Qui
2364 2621 2492 2662 vero
2520 2609 2652 2663 dicit
2680 2610 2975 2681 ingenitum
3003 2612 3193 2678 Deum,
3219 2624 3311 2668 aut
3340 2615 3484 2671 hunc

1911 2694 2207 2763 ingenitum
2258 2712 2382 2751 cum
2439 2699 2690 2766 articulo,
2725 2703 2838 2758 sive
2877 2718 3070 2760 nomen
3098 2703 3239 2760 Deus
3274 2722 3485 2777 ιιι-ωρο-

1911 2795 2025 2852 nat,
2060 2787 2173 2841 sive
2207 2798 2516 2858 postponat,
2555 2805 2655 2846 nec
2701 2794 3064 2850 substantiam
3111 2797 3353 2865 abstulit,
3385 2813 3485 2854 nec

1911 2876 2082 2944 ipsum
2130 2893 2242 2932 esse
2281 2879 2396 2942 Dei,
2430 2881 2524 2934 sed
2581 2882 2721 2937 hanc
2775 2886 3008 2947 genitam
3049 2901 3157 2941 non
3197 2902 3318 2944 esse
3366 2895 3480 2955 ait;

1910 2968 2020 3024 imo
2068 2985 2194 3025 vero
2229 2986 2404 3040 neque
2453 2982 2695 3029 creatam
2751 2977 2917 3032 fuisse
2973 2978 3065 3035 Dei
3120 2979 3485 3037 substantiam

1912 3062 2132 3116 indicat.
2167 3065 2272 3117 Sed
2301 3081 2424 3133 quia
2465 3067 2635 3135 ipsum
2672 3083 2782 3123 esse
2811 3070 2900 3124 Dei
2952 3086 3056 3124 non
3089 3073 3333 3139 sustulit,
3375 3088 3484 3129 non

1908 3154 2158 3221 protinus
2187 3155 2315 3224 quid
2346 3156 2441 3210 Dei
2485 3159 2788 3213 substantia
2821 3163 2890 3214 sit
2921 3163 3178 3218 ostendit.
3213 3164 3328 3219 Non
3363 3167 3487 3221 dico

233 3255 512 3321 γέλλονται
556 3255 831 3320 ἀποδεῖξαι
869 3257 1381 3327 ματαιολογοῦντες’
1440 3260 1575 3314 ἀλλά
1630 3263 1803 3321 τοῦτο.
1836 3287 1876 3342 C

1836 3287 1876 3342 α
1912 3245 2222 3312 qualitatem
2252 3257 2342 3298 aut
2369 3249 2754 3315 quantitatem,
2785 3253 2860 3304 uti
2901 3253 2973 3307 illi
3009 3269 3145 3308 vana
3177 3254 3483 3313 etl‘utientes

232 3344 353 3408 πῶς
387 3344 498 3416 (25)
526 3342 662 3400 εἶναι
707 3349 943 3402 δείκνυσι
974 3350 1069 3403 τοῦ
1106 3351 1240 3404 Θεοῦ
1275 3351 1372 3424 τὴν
1416 3355 1600 3407 οὐσίαν
1644 3357 1676 3425 ή
1713 3358 1808 3426 τῆς

232 3437 564 3506 ἁγεννήτου
603 3446 784 3512 φωνῆς
822 3444 1100 3515 ὀνομασία.
1136 3446 1208 3497 Τὸ
1233 3446 1288 3498 δὲ
1313 3446 1428 3509 πῶς
1449 3443 1586 3500 εἷναί
1610 3465 1682 3512 τι,
1716 3451 1808 3501 καὶ

231 3531 366 3584 αὐτὸ
397 3534 570 3585 έκεῖνο
601 3534 629 3586 ὅ
661 3536 826 3598 ἐστιν,
862 3539 1041 3591 ὁποῖον
1071 3533 1208 3590 εῖναι
1256 3538 1288 3604 ἧ
1347 3538 1399 3590 τί
1455 3535 1614 3602 εἶναι,
1671 3541 1805 3593 πολὺ

235 3623 435 3692 μᾶλλον
465 3624 655 3695 ἄδηλον
679 3630 935 3700 τυγχάνει
968 3629 1078 3699 (26)
1114 3629 1189 3692 ὡς
1221 3630 1621 3700 ἀνεξιχνίαστον
1659 3635 1805 3706 πάσῃ

231 3717 423 3787 κτιστῇ
471 3716 630 3785 φύσει
688 3721 951 3791 ὑπάρχον.
1000 3721 1063 3773 Et
1093 3722 1201 3792 γὰρ
1247 3721 1314 3773 τὰ
1353 3724 1595 3793 κρίματα
1643 3727 1804 3778 αὑτοῦ

230 3808 467 3872 ἄϐυσσος
511 3810 698 3882 πολλὴ,
761 3824 835 3876 ως
868 3830 1030 3883 φησιν
1063 3816 1090 3866 ὁ
1117 3814 1430 3886 Προφήτης,
1471 3819 1564 3870 καὶ
1597 3821 1652 3871 αἱ
1699 3821 1806 3872 ὁδοὶ

230 3897 395 3950 αὑτοῦ
423 3900 832 3972 ἀνεξιχνίαστοι,
881 3901 1078 3956 οὐκοῦν
1117 3903 1332 3966 πάντως
1389 3906 1480 3957 καὶ
1526 3907 1807 3977 ἀνεξερεύ-

229 4007 407 4060 νητοι,
440 3992 579 4046 κατά
605 3993 696 4045 τὸν
741 3993 1062 4045 Ἀπόστολον
1083 4012 1096 4024 ·
1123 3993 1272 4064 πόσῳ
1301 3995 1498 4064 μᾶλλον
1532 3999 1707 4060 αὐτὸς,
1743 3992 1802 4050 οῦ

229 4085 287 4135 αι
310 4084 518 4152 κρίσεις
543 4085 638 4136 καὶ
662 4085 717 4135 αἱ
749 4084 857 4136 ὁδοὶ
896 4084 1142 4137 τοιαῦται
1169 4102 1183 4149 ς
1213 4087 1321 4137 Καὶ
1347 4088 1406 4140 οὐ
1432 4088 1612 4158 θαῦμα
1636 4092 1684 4142 εί
1707 4093 1803 4143 αὐ-

229 4174 322 4237 τὸς
342 4175 370 4225 ὁ
400 4174 530 4237 Θεὸς
559 4176 817 4239 τοιοῦτος,
866 4176 996 4230 ὅπου
1024 4194 1087 4245 γε
1117 4178 1183 4231 τὰ
1219 4179 1327 4248 (27)
1367 4180 1530 4232 αὐτοῦ
1559 4183 1799 4238 τοιαῦτα.

230 4266 295 4318 Et
328 4265 434 4336 γὰρ
455 4265 489 4318 ἀ
521 4267 813 4336 ἡτοίμασεν
842 4269 868 4319 ὁ
897 4268 1028 4331 Θεὸς
1059 4272 1171 4333 τοῖς
1205 4271 1490 4337 ἀγαπῶσιν
1514 4275 1672 4327 αὐτὸν
1703 4278 1801 4346 ὀφ-

231 4358 436 4428 θαλμὸς
461 4358 558 4411 οὐκ
585 4355 741 4416 εἶδεν,
763 4360 880 4413 οὐδὲ
908 4357 1000 4425 οὖς
1027 4363 1277 4429 ἤκουσεν,
1314 4365 1433 4419 οὐδὲ
1463 4367 1552 4418 ἐπὶ
1578 4369 1802 4440 καρδίαν

230 4449 519 4520 ἀνθρώπου
549 4452 736 4522 ἀνέϐη,
773 4453 914 4506 κατά
956 4455 1017 4506 τὸ
1047 4459 1426 4526 γεγραμμένον
1446 4475 1460 4490 ’
1495 4460 1641 4530 πόσῳ
1670 4462 1802 4530 μάλ-

231 4540 322 4592 λδν
367 4541 530 4592 αὑτοῦ
568 4541 661 4593 τοῦ
707 4543 774 4594 τὰ
823 4545 1046 4597 τοιαῦτα
1102 4549 1618 4618 παρασκευάσαντος
1665 4552 1800 4605 Θεοῦ

1911 3337 2376 3392 demonstraturus
2412 3354 2477 3394 se
2501 3355 2634 3398 esse
2685 3344 3004 3414 pollicentur
3038 3368 3048 3402 :
3081 3350 3174 3402 sed
3212 3354 3486 3419 quomodo

1911 3431 1981 3482 sit
2020 3430 2318 3486 substantia
2379 3434 2495 3501 Dei,
2547 3437 2662 3492 haec
2722 3441 2872 3497 vocis
2925 3443 3142 3508 ἕης)εηὶιὶ
3195 3450 3484 3516 appellatio

1909 3532 2319 3578 commonstrat.
2372 3527 2600 3584 Atvero
2655 3534 2923 3599 quomodo
2971 3536 3246 3605 quidpiam
3304 3540 3395 3605 sit,
3430 3551 3483 3594 et

1911 3613 2037 3668 illud
2066 3614 2239 3685 ipsum
2287 3621 2428 3689 quod
2468 3632 2573 3687 est,
2613 3623 2771 3691 quale
2803 3625 2895 3693 sit,
2924 3637 3016 3682 aut
3047 3631 3173 3698 quid
3202 3631 3290 3698 sit,
3325 3633 3485 3704 longe

1911 3707 2080 3776 magis
2107 3708 2259 3774 latet,
2300 3721 2359 3764 ut
2385 3727 2504 3780 quae
2537 3731 2600 3770 ex
2632 3730 2726 3770 sua
2759 3728 2950 3774 natura
2983 3736 3010 3774 a
3045 3724 3190 3776 nulla
3229 3737 3479 3782 creatura

1907 3811 2109 3867 queant
2158 3804 2493 3871 investigari.
2544 3806 2678 3861 Nam
2734 3809 2779 3864 si
2828 3810 3033 3876 judicia
3084 3815 3200 3881 ejus
3253 3817 3480 3885 abyssus

1910 3891 2097 3952 multa,
2125 3901 2184 3944 ut
2218 3891 2291 3945 ait
2324 3893 2591 3962 Propheta
2619 3897 2686 3962 ’⁸,
2723 3907 2776 3952 ει
2806 3901 2904 3955 viae
2934 3901 3050 3970 ejus
3075 3903 3236 3975 313
3282 3907 3482 3979 imper-

1908 3981 2248 4050 vestigabiles
2277 3988 2500 4041 omnino
2532 3996 2587 4041 et
2623 3989 3139 4061 imperscrutabiles,
3184 4005 3479 4055 secundum

1907 4072 2222 4142 Apostolum
2256 4075 2323 4139 ’⁷,
2365 4087 2570 4146 quanlo
2613 4081 2783 4148 magis
2832 4084 2944 4153 ipse
2982 4084 3133 4152 cujus
3183 4089 3307 4142 talia
3355 4101 3480 4146 sunt

1899 4167 2352 4240 judicia,vi:eque
2397 4171 2573 4226 tales?
2596 4172 2705 4228 Nec
2735 4175 2931 4228 mirum
2962 4179 3003 4230 si
3039 4178 3178 4232 Deus
3211 4180 3324 4244 ipse
3358 4183 3479 4238 talis

1903 4257 1994 4326 sit,
2029 4275 2151 4313 cum
2194 4274 2255 4315 ea
2299 4275 2416 4328 quae
2434 4262 2548 4330 ejus
2591 4271 2735 4329 sunt,
2771 4265 2893 4315 talia
2928 4273 3210 4318 exsistant.
3247 4266 3304 4320 Si
3333 4269 3478 4323 enim

1904 4363 2023 4418 qum
2070 4365 2128 4405 se
2173 4351 2514 4420 diligentibus
2559 4353 2884 4422 praeparavit
2936 4354 3098 4418 Dens,
3136 4373 3236 4412 nec
3290 4361 3481 4416 oculus

1904 4440 2060 4504 vidit,
2095 4455 2196 4494 nec
2228 4441 2373 4495 auris
2409 4443 2634 4510 audivit,
2668 4461 2767 4499 nec
2799 4447 2851 4500 in
2887 4462 2983 4502 cor
3011 4449 3242 4504 hominis
3285 4465 3477 4506 ascen-

1905 4530 2117 4591 derunt,
2151 4541 2210 4584 ut
2259 4534 2517 4603 scriptum
2550 4546 2632 4591 est
2664 4536 2729 4603 ”,
2763 4550 2965 4610 quanto
3013 4544 3186 4608 magis
3228 4552 3497 4598 naturam.

230 4634 332 4702 τὴν
388 4631 548 4700 φύσιν
576 4635 949 4708 ἀῤῥητοτέραν
993 4638 1058 4692 ἄν
1105 4657 1187 4703 τις
1219 4643 1359 4695 εἴποι
1404 4643 1513 4694 τῶν
1563 4644 1800 4710 εὐσεϐῶς
1831 4642 1875 4697 Ι)

1831 4642 1875 4697 D
1907 4620 1999 4673 Dei
2051 4621 2239 4690 ipsius,
2286 4627 2378 4694 qui
2435 4628 2557 4681 talia
2613 4633 2957 4701 praeparavit,
3009 4647 3264 4688 arcanam
3315 4644 3477 4706 atque

232 4725 347 4796 (28)
377 4725 470 4778 καὶ
503 4725 843 4798 ἀπεριέργως
875 4731 954 4794 εἰς
985 4731 1145 4786 αὐτὸν
1175 4735 1566 4801 πιστευόντων;

300 4989 344 5019 ’⁵
377 4989 544 5044 Exod.
591 5006 674 5058 ιιι,
713 4990 797 5044 14.
871 4992 919 5024 ’⁸
951 4991 1094 5048 Psal.
1136 5010 1306 5062 xxxv,
1333 4995 1387 5050 7.

309 5156 420 5227 (20)
443 5156 577 5230 Editi
607 5158 906 5230 ὀρθοτέρως
930 5156 1315 5230 ἀνακρουσειεν
1360 5159 1408 5223 ὁ,
1449 5166 1579 5224 ειε.,
1619 5159 1811 5230 rectius

235 5229 346 5280 hac
384 5227 646 5291 repulen’t,

236 5301 336 5351 ilex
365 5297 528 5372 Colb.
549 5310 602 5350 et
635 5297 786 5372 Regii
834 5300 938 5353 duo
982 5297 1287 5372 ὀρθοτέρως
1341 5299 1406 5352 ἂν
1439 5299 1722 5353 ἀκούσειεν
1757 5302 1806 5366 ὁ,

235 5369 379 5432 quod
409 5369 598 5422 melius
627 5369 837 5422 videtur
856 5380 908 5423 et
937 5369 1137 5423 verius.

309 5438 421 5505 (9.1)
453 5439 558 5492 Alii
590 5439 829 5498 Codices,
865 5449 923 5492 ut
973 5441 1051 5504 ﬁt,
1092 5439 1377 5508 ἀγένητος,
1434 5437 1526 5492 alii
1575 5439 1806 5509 ἀγέννη-

234 5523 346 5567 τος.
375 5520 432 5577 et
464 5510 534 5560 ita
572 5510 621 5561 in
650 5509 876 5574 vulgatis
910 5510 1122 5577 legitur.

305 5576 419 5638 (22)
457 5580 592 5630 Editi
617 5578 892 5640 δάκτυλος.
923 5576 987 5630 At
1020 5597 1147 5634 mss.
1177 5580 1480 5645 δακτύλιος.

309 5647 416 5724 (τῷ)
443 5647 621 5724 Codex
655 5651 804 5704 Colb.
831 5650 889 5702 τὸ
922 5650 1161 5702 τοιοῦτον
1209 5653 1520 5724 γεγένηται.
1560 5650 1703 5706 Editi
1739 5652 1798 5705 τὸ

234 5716 445 5770 τοιοῦτο
458 5719 713 5788 (γένηται.

307 5789 418 5856 (24)
446 5787 534 5840 Sic
573 5787 698 5840 mss.
725 5791 914 5845 ιιοςιι-ῑ.
957 5790 1153 5845 Vocula
1179 5793 1269 5845 καί
1307 5794 1374 5847 ab
1400 5791 1560 5846 editis
1584 5794 1793 5851 aberat.

307 5859 419 5926 (23)
465 5858 602 5931 Editi
639 5859 698 5910 τὸ
735 5860 868 5922 πῶς.
918 5863 980 5913 At
1036 5877 1164 5915 mss.
1214 5878 1304 5916 sex
1355 5863 1446 5916 τοῦ
1486 5862 1623 5926 πῶς.
1663 5866 1793 5931 Reg.

234 5939 456 5994 quintus
480 5927 637 5979 τοῦτο
683 5932 809 5979 ττιῖιε.
871 5932 1062 5986 Statim
1102 5933 1226 5985 editi
1277 5942 1328 5985 et
1376 5934 1611 5999 quinque
1661 5927 1786 5988 mss.

1463 4997 1506 5028 "
1535 4998 1691 5055 Rom.
1720 5017 1797 5069 XI,
1842 5001 1929 5055 55.

680 5233 765 5298 qui
788 5226 1068 5283 sententias
1109 5226 1313 5298 divinas
1355 5231 1676 5282 considerat.
1709 5229 1813 5284 Co-

1910 4711 2230 4767 inell'abilem
2281 4731 2401 4772 esse
2444 4719 2708 4789 quispiam
2759 4723 2974 4789 dixerit,
3024 4736 3234 4794 eorum,
3282 4727 3374 4796 qui
3425 4730 3476 4783 in

1911 4805 2081 4875 ipsum
2111 4805 2198 4872 pie
2233 4821 2294 4861 ac
2323 4811 2638 4881 simpliciter
2660 4811 2926 4868 credunt?

2007 5000 2052 5032 ⁸⁸
2085 4999 2105 5054 ι
2133 4999 2258 5059 Cor.
2292 5021 2355 5072 ιιι,
2382 5007 2435 5063 9.

1911 5161 1982 5214 Τὸ
2010 5162 2066 5216 δὲ
2092 5163 2186 5217 τοῦ
2221 5161 2358 5225 πῶς.
2394 5161 2496 5216 Alii
2523 5163 2649 5226 duo,
2682 5162 2756 5216 Τδ
2774 5162 2831 5216 δὲ
2866 5165 2983 5227 πῶς
3015 5158 3154 5218 εἷναί
3185 5183 3260 5220 τι.

1982 5233 2094 5302 (26)
2125 5235 2346 5305 Antiqui
2377 5243 2487 5287 tres
2508 5233 2629 5305 libri
2661 5245 2714 5289 et
2749 5235 2877 5289 editi
2912 5234 3045 5290 πολὺ
3080 5237 3280 5305 μᾶλλον
3308 5235 3472 5305 ἀλλήο

1907 5302 2013 5374 λων
2043 5304 2299 5374 τυγχάνει
2334 5319 2346 5331 ο
2380 5319 2538 5371 quam
2591 5303 2780 5359 falsam
2833 5302 3152 5372 scripturam
3187 5309 3255 5361 ob
3288 5302 3474 5360 oculos

1905 5372 2110 5428 habens
2149 5372 2445 5440 interpres,
2482 5375 2561 5429 sic
2605 5377 2784 5440 vertit,
2815 5374 2979 5429 multo
3021 5381 3184 5443 magis
3209 5387 3385 5428 mutuo
3419 5394 3474 5430 se

1904 5447 2210 5511 contingunt
2243 5459 2260 5496 :
2301 5458 2407 5511 quo
2445 5447 2571 5513 quid
2600 5448 2767 5514 possit
2816 5446 2917 5498 dici
2955 5447 3200 5503 alienius.
3253 5462 3356 5498 non
3391 5450 3473 5499 vi-

1904 5514 2024 5586 deo.
2075 5515 2255 5570 Codex
2294 5514 2464 5586 _L‘olb.
2519 5528 2573 5571 et
2605 5517 2693 5569 alii
2749 5517 2852 5569 duo
2896 5516 3043 5586 liegii
3089 5518 3222 5568 πολὺ
3270 5518 3474 5586 μᾶλλον

1901 5583 2095 5655 ἄδηλον
2135 5584 2413 5654 τυγχάνει,
2464 5588 2627 5640 multo
2669 5589 2836 5656 magis
2890 5583 3036 5652 latet,
3088 5583 3471 5644 multominus

1901 5668 2220 5721 conmertum
2245 5667 2343 5718 est,
2380 5659 2600 5725 optime.

1971 5727 2084 5797 (27)
2116 5728 2253 5780 Editi
2279 5730 2419 5798 76:09
2448 5728 2534 5781 τά.
2588 5731 2803 5796 Antiqui
2836 5733 2939 5783 duo
2983 5728 3098 5781 libri
3129 5731 3260 5798 ὅπου
3291 5747 3354 5798 γε
3379 5731 3469 5783 τά.

1900 5796 2071 5850 Haud
2094 5798 2246 5868 longe
2276 5797 2407 5866 Reg.
2438 5800 2702 5853 secundus
2734 5800 3007 5869 ὀφθαλμὸς
3047 5799 3146 5851 οὐκ
3173 5796 3331 5862 οἶδεν,
3363 5816 3466 5853 non

1897 5878 2060 5921 recte.

1969 5937 2080 6003 (28)
2115 5937 2255 5992 Editi
2288 5937 2394 5989 τῶν
2421 5937 2675 5994 εὐσεϐῶν,
2709 5939 2771 5992 At
2805 5956 2928 5993 mss.
2965 5949 3069 5994 tres
3101 5941 3354 5997 εὐσεϐῶς.
