4208 6480
745 428 842 488 751

2055 433 2111 491 S.
2156 433 2394 490 BASILII
2431 434 2649 492 MAGNI

3899 438 4003 494 752

813 550 870 604 2.
909 549 1050 616 Quin
1091 550 1253 605 etiam
1302 550 1466 605 verba
1516 549 1684 605 multa
1734 549 2003 615 dicuntur,
2055 561 2108 604 at
2153 567 2316 604 unum

2481 552 2536 604 2.
2584 549 2743 602 ’Δλλὰ
2771 551 2884 622 μὴν
2905 545 2998 603 οὖν
3039 551 3132 603 καὶ
3165 549 3310 620 λόγοι
3343 551 3525 604 πολλοὶ
3566 550 4003 623 προσαγορεύον-

744 651 826 696 est
866 639 960 696 Dei
1001 638 1236 697 'lerbum
1270 649 1557 707 aeternum,
1591 641 1736 710 quod
1786 649 1840 695 et
1881 639 2024 694 Deus
2055 641 2108 694 in
2145 639 2324 693 Evan-

744 732 885 804 ευΙὶο
922 734 1268 802 praedicatur.
1307 748 1405 802 per
1452 733 1595 803 quod
1629 733 1768 787 facta
1802 742 1927 787 sunt
1954 731 2134 786 omnia
2163 731 2230 789 ".
2263 732 2327 786 Et

747 825 845 880 [itii
870 826 961 880 Dei
991 826 1250 881 dicuntur
1273 825 1430 878 multl
1452 824 1506 879 in
1527 825 1805 895 Scriptura
1831 826 2123 880 secundum
2153 824 2282 879 illud
2311 847 2324 882 :

745 913 919 970 Filios
963 917 1120 986 genui
1171 925 1224 969 et
1270 915 1575 982 exaltavi';
1619 927 1672 972 et
1705 933 1893 972 rursus
1929 935 1944 972 :
1977 915 2026 969 F
2029 918 2152 972 ilius
2185 935 2329 974 meus

740 1007 1297 1078 primogenituslsrael
1327 1012 1366 1064 ⁸.
1387 1010 1644 1065 Attamen
1677 1011 1973 1080 adoptione
2007 1022 2167 1080 atque
2191 1013 2324 1066 cita-

744 1110 958 1156 ractere
995 1103 1231 1170 quodam
1274 1117 1304 1156 a
1335 1118 1467 1157 vero
1495 1102 1604 1158 Deo
1634 1105 1898 1175 adaptati,
1931 1104 2024 1158 lilii
2091 1105 2326 1174 adOptivi

743 1208 851 1246 non
897 1202 1027 1247 sunt
1057 1194 1192 1248 veri.
1231 1191 1369 1248 Nam
1404 1209 1433 1247 a
1466 1203 1658 1248 natura
1689 1204 1746 1248 et
1771 1194 2004 1248 veritate
2043 1210 2129 1250 res
2161 1195 2328 1264 proii-

747 1286 1046 1338 ciscuntur.
1088 1283 1242 1350 Quod
1291 1287 1335 1339 si
1390 1286 1436 1340 is
1482 1287 1574 1356 qui
1625 1297 1819 1341 natura
1871 1287 2230 1342 essentialiter
2257 1304 2327 1343 ex

741 1375 862 1445 ipso
902 1375 1118 1445 genitus
1147 1386 1254 1443 est,
1291 1377 1434 1431 illius
1477 1393 1584 1432 non
1630 1387 1716 1432 est
1763 1379 2054 1432 secundum
2096 1379 2325 1432 istorum

741 1469 1202 1537 reprobationem,
1235 1471 1325 1539 qui
1361 1470 1676 1526 dissimilem
1724 1469 2078 1525 substantiam
2122 1470 2329 1551 dicunt.

746 1563 835 1615 ubi
881 1563 976 1632 qui
1028 1563 1317 1633 adoptione
1362 1563 1456 1617 lilii
1502 1571 1630 1618 sunt
1683 1561 2068 1617 invenientur?
2112 1560 2219 1616 Sed
2266 1575 2330 1616 ea

744 1671 867 1719 quae
901 1658 1141 1710 humano
1181 1671 1331 1712 more
1365 1657 1643 1721 dicuntur,
1676 1656 2067 1723 imperitissimi
2105 1655 2180 1710 illi
2221 1656 2326 1710 im-

743 1747 832 1814 pie
857 1746 1049 1802 deitati
1073 1747 1388 1812 ascribunt;
1428 1747 1664 1816 dumque
1699 1747 2012 1818 Scripturas
2043 1765 2163 1818 qua:
2189 1749 2330 1804 mul-

743 1840 813 1892 tis
848 1839 1126 1908 variisque
1169 1840 1348 1894 modis
1380 1851 1744 1908 exponuntur,
1776 1856 1938 1896 sensu
1979 1843 2138 1897 unico
2177 1843 2324 1897 acci-

744 1930 918 1996 piunt,
963 1930 1242 1992 labuntur.
1289 1933 1434 2000 quod
1481 1932 1601 1987 duci
1656 1948 1717 1988 se
1762 1945 1911 1989 recte
1959 1951 2064 1989 non
2113 1936 2315 1991 sinant.

740 2018 911 2074 Rscta:
940 2037 1162 2090 namque
1193 2031 1314 2075 sunt
1362 2023 1457 2076 uice
1501 2021 1735 2088 Domini,
1763 2034 1812 2078 et
1845 2027 1983 2094 justi
2017 2028 2070 2079 in
2099 2028 2172 2081 eis
2204 2046 2320 2082 am-

740 2111 996 2164 bulabunt
1033 2127 1052 2166 :
1085 2113 1235 2180 impii
1269 2129 1388 2167 vero
1432 2115 1486 2168 in
1533 2117 1630 2170 uiis
1661 2116 1836 2184 planis
1883 2117 2152 2186 oﬂ'endunt
2179 2121 2217 2174 ⁸.
2251 2121 2320 2174 Et

739 2205 885 2272 quod
919 2204 1120 2259 mirum
1151 2213 1259 2272 est,
1295 2220 1361 2260 ex
1405 2207 1603 2275 quibus
1651 2207 1942 2262 utilitatem
1981 2211 2200 2275 capiunt
2226 2213 2317 2281 qui

741 2292 846 2348 ﬁde
889 2295 1006 2348 sani
1043 2304 1190 2361 sunt,
1220 2310 1281 2350 ea
1315 2298 1382 2351 iis
1424 2306 1642 2362 nocent,
1671 2298 1784 2368 qui,
1818 2309 1876 2352 ut
1915 2299 2050 2354 dixit
2084 2302 2318 2371 Aposto-

741 2391 826 2443 lus
851 2387 894 2452 ⁵,
951 2389 1095 2444 circa
1146 2393 1475 2462 quaestiones
1522 2393 1850 2464 inutilesque
1897 2396 2315 2464 disputationum

742 2495 951 2551 pugnas
991 2481 1356 2538 iuiirmautur.
1388 2482 1582 2537 Malam
1612 2495 1792 2540 autem
1836 2501 1900 2540 ac
1943 2489 2211 2541 curiosam
2251 2491 2318 2545 de

747 2573 855 2628 Deo
883 2575 1236 2643 quastionem
1280 2577 1529 2631 morbum
1572 2577 1768 2630 animae
1811 2591 1930 2631 esse
1971 2581 2169 2631 nemini
2208 2596 2315 2634 non

744 2676 1086 2734 perspectum
1113 2675 1218 2727 est,
1247 2675 1302 2718 et
1343 2667 1580 2721 maxime
1620 2668 1665 2720 si
1711 2667 1762 2720 id
1799 2668 1890 2721 fiat
1921 2669 2105 2722 animo
2134 2669 2316 2723 incre-

741 2752 890 2808 dulo.
922 2752 1137 2809 Etenim
1175 2753 1219 2808 si
1250 2755 1359 2810 Deo
1397 2756 1496 2826 ipsi
1533 2757 1900 2820 sanctissimo,
1939 2773 2061 2811 cum
2095 2773 2155 2812 ea
2199 2771 2320 2828 qua:

743 2848 811 2901 ad
867 2861 928 2902 se
979 2857 1252 2917 spectant,
1302 2858 1511 2915 narrat,
1572 2865 1677 2903 non
1734 2854 2000 2913 credunt;
2049 2854 2317 2920 quomodo

745 2939 914 3006 ipsius
959 2940 1252 3009 prophetas
1300 2949 1393 2993 aut
1441 2941 1713 3009 apostolos
1760 2943 2162 3010 auscultabunt,
2193 2961 2314 3000 cum

747 3030 799 3082 iu
844 3030 1041 3084 divinis
1080 3030 1381 3097 Scripturis
1428 3030 1494 3082 de
1536 3031 1672 3099 ipso,
1700 3033 1874 3099 deque
1917 3033 2224 3088 hominibus
2261 3037 2314 3090 in

743 3136 809 3176 eo
844 3133 996 3191 spem
1034 3119 1293 3189 posituris
1343 3119 1675 3186 loquuntur?
1710 3119 1849 3174 Nam
1898 3124 1986 3191 qui
2036 3126 2103 3175 ad
2151 3125 2316 3180 Deum

2425 659 2534 704 ται,
2571 637 2650 704 είς
2678 641 2734 694 δὲ
2755 644 2782 695 ὁ
2807 641 2902 694 τοῦ
2930 641 3063 694 Θεοῦ
3103 643 3290 706 ἀΐδιος,
3323 646 3352 696 ὁ
3389 644 3479 695 καὶ
3510 642 3641 706 Θεὸς
3666 645 3726 695 ἐν
3759 644 3999 712 Εὑαγγε-

2426 732 2522 803 λὶῳ
2551 733 2978 804 κηρυσσόμενος,
3006 733 3072 786 δι’
3103 729 3163 788 οῦ
3189 734 3258 786 τὰ
3291 734 3466 788 πάντα
3493 736 3724 804 ἐγένετο.
3763 737 3874 789 Καὶ
3901 739 4003 791 υἱοὶ

2427 823 2560 877 Θεοῦ
2603 825 2846 893 λέγονται
2871 825 3052 878 ’πολλοὶ⁵
3085 827 3142 879 ὲν
3173 828 3240 897 τῇ
3276 826 3484 898 Γραφῇ,
3521 827 3659 880 κατὰ
3694 828 3777 892 τὸ,
3836 830 3880 881 Υ
3879 829 4003 895 ἰοὺς

2427 916 2726 985 ἐγέννησα
2773 917 2870 970 καὶ
2896 918 3112 985 ὖιεοωσα
3132 933 3144 947 ο
3178 919 3272 971 καὶ
3317 918 3476 970 πάλιν
3500 933 3514 947 ⁸
3553 918 3684 984 Υἱὸς
3717 921 4005 987 πρωτότο-

2429 1011 2536 1073 κός
2565 1027 2684 1077 μου
2722 1009 2977 1076 Ἰσραήλ.
3023 1009 3180 1062 Θέσει
3219 1009 3399 1078 μέντοι
3438 1010 3532 1062 καὶ
3563 1012 3876 1080 χαρακτῆρί
3901 1029 4000 1064 τινι

2430 1099 2821 1171 υίοθετοῦμενοι
2855 1103 2961 1156 ἀπὸ
2987 1103 3078 1156 τοῦ
3109 1100 3362 1171 ἀληθινοῦ
3397 1101 3554 1167 Θεοῦ,
3589 1102 3697 1153 υἱοὶ
3724 1101 3876 1154 θετοὶ
3897 1103 4002 1171 (29)

2431 1192 2524 1243 καὶ
2559 1191 2633 1262 μὴ
2683 1191 2944 1262 ἀληθινοί.
2988 1193 3119 1245 Ἀπὸ
3150 1195 3257 1265 γὰρ
3287 1193 3499 1261 φύσεως
3529 1194 3622 1245 καὶ
3644 1192 3907 1262 ἀληθείας
3928 1196 4003 1262 ὀρ-

2433 1284 2598 1353 μᾶται
2628 1284 2695 1335 τὰ
2731 1285 3049 1355 πράγματα.
3082 1287 3142 1338 Εἰ
3171 1287 3226 1339 δὲ
3271 1288 3297 1338 ὁ
3329 1285 3486 1355 φύσει
3529 1285 3808 1349 οῦσιωδῶς
3841 1287 3899 1352 ἐξ
3921 1287 4004 1339 αῦα

2429 1373 2522 1427 τοῦ
2569 1373 2848 1443 γεννηθεὶς
2895 1378 2995 1430 οὐκ
3029 1377 3143 1430 ἔστι
3179 1379 3320 1431 κατά
3359 1377 3458 1448 τὴν
3485 1378 3592 1430 τῶν
3635 1379 4004 1448 ἀνομοιουσια-

2433 1464 2571 1517 στῶν
2600 1463 2874 1534 ἀθέτησιν,
2909 1465 3012 1519 ποῦ
3037 1468 3086 1519 oi
3111 1467 3256 1520 θέσει
3289 1466 3710 1538 εὑρεθήσονταις
3944 1468 4003 1520 τα

2429 1556 2986 1628 ἀνθρωπολογοῦμενα
3035 1561 3083 1611 οἱ
3113 1560 3478 1629 ἀμαθέστατοι
3528 1562 3594 1630 τῇ
3627 1559 3847 1629 θεότητι
3888 1561 4003 1612 ἀσε-

2429 1648 2536 1712 ϐῶς
2566 1649 2958 1720 προσάπτουσι,
2991 1652 3083 1702 καὶ
3115 1650 3214 1714 τὰς
3247 1650 3571 1722 πολυμερῶς
3613 1651 3709 1704 καὶ
3743 1651 4001 1722 πολυτρό-

2429 1740 2547 1802 πῶς
2576 1740 2832 1812 ῥηθείσας
2856 1741 3074 1812 Γραφάς
3108 1743 3419 1814 μονομερῶς
3458 1743 3896 1813 ἐκλαμϐάνοντες
3921 1746 4000 1796 πί-

2429 1849 2674 1892 πτουσιν,
2699 1833 3007 1902 ὁδηγείσθαι
3043 1834 3221 1897 καλῶς
3249 1837 3348 1889 οὐκ
3379 1837 3721 1907 ἀνεχόμενοι.
3769 1838 4002 1891 Εὐθεῖαι

2349 1901 2395 1958 Β
2421 1923 2532 1992 γὰρ
2568 1927 2624 1976 αὶ
2651 1923 2778 1976 ὁδοὶ
2812 1925 2914 1977 τοῦ
2943 1926 3187 1993 Κυρίου,
3231 1928 3330 1979 καὶ
3357 1928 3572 1982 δίκαιοι
3607 1933 4002 1999 πορεύσονται

2416 2015 2487 2068 ἐν
2505 2017 2714 2082 αὑταῖς
2735 2033 2749 2047 ο
2779 2021 2831 2070 cl
2864 2016 2930 2068 δὲ
2959 2017 3196 2081 ἀσεϐεῖς
3213 2018 3281 2069 ἐν
3300 2020 3429 2086 ταῖς
3457 2023 3718 2088 εὐθείαις
3747 2025 4003 2091 προσκό-

2418 2123 2656 2161 πτουσι.
2701 2109 2807 2160 Καὶ
2840 2107 2900 2159 τὸ
2937 2107 3142 2178 θαῦμα,
3194 2108 3286 2178 ἀφ’
3335 2102 3409 2162 ὧν
3459 2113 3795 2181 ὠφελοῦνται
3833 2115 3884 2166 οἱ
3938 2117 3999 2185 τῇ

2420 2198 2596 2252 πίστει
2635 2201 2987 2268 ὑγιαίνοντες,
3047 2200 3154 2253 ἀπὸ
3211 2201 3414 2254 τούτων
3469 2202 3795 2271 βλάπτονται
3831 2207 3879 2258 οἱ
3920 2223 3997 2258 νο·

2421 2289 2638 2354 σοῦντες
2663 2292 2790 2362 περὶ
2823 2289 3078 2361 ζητήσεις
3119 2291 3211 2343 κα)⁵
3245 2291 3576 2362 λογομαχίας
3601 2295 3800 2365 ἀργὰς,
3826 2295 3904 2359 ὡς
3927 2290 3999 2348 εἶ·

2419 2399 2518 2434 πεν
2546 2385 2573 2435 ό
2613 2381 2950 2444 Ἀποστολος.
2987 2383 3106 2434 Ὅτι
3136 2382 3191 2435 δὲ
3216 2382 3392 2454 ψυχῆς
3421 2384 3632 2454 νόσημά
3656 2387 3776 2439 ἐστι
3806 2389 3870 2441 τὸ
3897 2407 3996 2442 κα·

2418 2472 2527 2537 κῶς
2552 2473 2644 2526 καὶ
2669 2473 2976 2545 περιέργως
3021 2473 3202 2542 ζητεῖν
3259 2474 3389 2546 περ)⁵
3435 2473 3594 2536 Θεοῦ,
3625 2480 3722 2527 καὶ
3767 2479 3999 2545 μάλιστα

2421 2567 2556 2632 μετὰ
2595 2567 2872 2628 ἀπιστίας,
2904 2566 3035 2617 πᾶσι
3071 2566 3304 2636 φανερόν
3336 2565 3470 2636 (30).
3504 2567 3566 2619 Ei
3599 2567 3710 2638 γὰρ
3742 2569 3896 2638 αὐτῷ
3927 2570 3997 2637 τῷ

2419 2658 2668 2726 παναγίῳ
2702 2658 2822 2727 Θεῷ
2867 2658 2934 2710 τὰ
2980 2659 3108 2728 περὶ
3163 2659 3328 2712 αὑτοῦ
3363 2659 3694 2713 ἀπιστοῦσι⁶
3744 2661 3866 2724 πῶς
3896 2663 4002 2715 τῶν

2421 2750 2712 2816 προφητῶν
2744 2752 2903 2802 αὑτοῦ
2939 2751 3047 2821 (5i)
3085 2753 3454 2822 ῆάποστόλων
3484 2755 3784 2816 ἀκούσωσι,
3829 2755 4003 2824 λεγόν·

2417 2855 2524 2890 των
2555 2841 2611 2890 ἐν
2661 2839 2831 2900 θείαις
2878 2843 3118 2911 Γραφαῖς
3167 2844 3234 2895 τὰ
3276 2846 3404 2912 περὶ
3453 2846 3618 2898 αὐτοῦ
3650 2847 3746 2899 καὶ
3784 2847 3896 2899 τῶν
3929 2850 4004 2910 εἰς

2418 2931 2577 2983 αὑτὸν
2609 2930 2909 3000 μελλόντων
2945 2931 3216 2995 ἐλπίζειν;
3260 2936 3591 2988 Πιστεῦσαι
3629 2937 3740 3005 τὰρ
3776 2938 3872 2990 δεῖ
3906 2939 4003 2990 uir

2417 3025 2904 3093 προσερχόμενον
2938 3022 3016 3089 τῷ
3047 3023 3186 3088 Θεῷ,
3227 3025 3314 3078 ὅτι
3363 3025 3516 3080 ἔστι.
3555 3028 3888 3081 Πιστεῦσαι·
3933 3031 4002 3100 μὴ

2417 3116 2524 3186 γὰρ
2549 3117 2793 3170 ἀπίστως
2817 3116 3274 3190 περιεργάζεσθαι
3308 3119 3336 3171 ὃ
3368 3119 3420 3170 τί
3450 3121 3596 3172 ἐστιν
3616 3133 3630 3147 ⁸
3665 3119 3742 3190 μὴ
3764 3119 3876 3192 γὰρ
3902 3123 3928 3172 ὃ
3953 3137 4000 3174 τι

742 3214 966 3278 accedit,
1001 3213 1140 3266 hunc
1176 3211 1386 3265 credere
1424 3222 1620 3279 oportet
1649 3211 1814 3266 Deum
1845 3230 1955 3267 esse
1989 3216 2029 3265 ⁸.
2063 3212 2312 3281 Credere,

2422 3211 2518 3261 οὐκ
2542 3211 2706 3264 ἐστιν.
2747 3213 2812 3261 Ὃ
2834 3212 2940 3281 γᾴρ
2965 3213 3132 3274 ἐστιν,
3165 3208 3252 3283 ἦν,
3279 3214 3371 3266 καὶ
3395 3213 3531 3278 ἔστι,
3573 3216 3666 3267 καὶ
3695 3213 3850 3268 ἔσται
3876 3215 3961 3268 ἀεί
3985 3233 3997 3243 ”

743 3305 941 3373 inquit,
969 3321 1073 3359 non
1096 3303 1368 3359 incredula
1405 3305 1718 3360 curiositate
1742 3305 1998 3375 indagare
2029 3307 2170 3375 quod
2213 3321 2320 3384 est,

745 3409 812 3448 ne
832 3395 1010 3450 dicam
1036 3395 1182 3464 quod
1210 3411 1316 3450 non
1343 3404 1446 3449 est.
1476 3396 1628 3463 Quod
1661 3397 1805 3450 enim
1835 3408 1938 3461 est,
1969 3409 2110 3462 erat,
2139 3409 2193 3452 et
2219 3413 2322 3467 est,

747 3496 805 3541 et
848 3487 953 3540 erit
1003 3502 1253 3554 semper;
1296 3496 1459 3556 atque
1514 3488 1739 3558 largitur
1785 3491 2035 3544 omnibus
2089 3501 2144 3543 ιιι
2192 3495 2322 3560 sint,

747 3587 1004 3642 tanquam
1028 3576 1118 3644 qui
1151 3586 1340 3629 natura
1376 3578 1446 3630 sit
1484 3575 1646 3632 Deus.
1679 3577 1788 3632 Cur
1823 3579 1983 3646 igitur
2015 3581 2323 3638 incredulus

746 3682 828 3728 es,
846 3681 878 3719 ο
897 3668 1056 3721 Ιιοηιο
1077 3665 1100 3718 ?
1122 3665 1236 3719 Non
1260 3668 1434 3721 credis
1460 3670 1601 3734 quod
1620 3672 1890 3738 proprium
1916 3673 2105 3726 habeat
2124 3673 2320 3729 Filium

747 3753 908 3822 Deus,
934 3763 990 3811 et
1015 3754 1212 3825 quaeris
1239 3756 1507 3825 quomodo
1528 3760 1772 3822 genuerit
1805 3757 1985 3813 Deus?
2012 3762 2222 3826 Quodsi
2241 3767 2322 3818 in.

746 3849 989 3918 superde
1032 3848 1137 3902 Deo
1157 3849 1457 3919 interroges
1481 3851 1768 3919 quomodo,
1799 3851 1957 3920 plane
1988 3853 2073 3906 ubi
2109 3870 2322 3923 quoque

749 3952 1003 4010 tauquam
1034 3941 1297 4006 inloco,et
1311 3945 1523 4011 quando
1549 3955 1804 4014 tanquam
1822 3946 1874 3999 in
1906 3955 2146 4016 tempore
2161 3949 2322 4003 simul

750 4031 1198 4100 interrogaveris.
1237 4029 1341 4085 Sed
1379 4034 1422 4085 si
1476 4035 1768 4086 absurdum
1803 4047 1887 4089 est
1913 4037 1978 4090 de
1997 4038 2104 4090 Deo
2119 4037 2322 4107 aliquid

748 4121 854 4176 tale
878 4121 1466 4191 inquirere,absurdius
1498 4122 1684 4190 utique
1712 4121 1873 4176 fuerit
1900 4125 2172 4195 ηοηθιά,
2198 4142 2322 4181 cre-

747 4213 899 4270 dere.
921 4212 1162 4270 Necdum
1191 4215 1330 4270 forte
1354 4224 1406 4271 te
1431 4216 1483 4270 in
1508 4214 1886 4270 incredulitate
1910 4217 2115 4269 versari
2138 4219 2318 4284 pudet.

748 4303 958 4371 Qutris
986 4307 1129 4361 enim
1163 4322 1269 4362 non
1302 4316 1359 4362 ut
1389 4308 1570 4375 ﬁdem,
1601 4309 1695 4364 sed
1727 4317 1786 4362 ut
1826 4307 2194 4363 inﬁdelitatem
2237 4309 2320 4362 iu-

747 4397 957 4451 venias.
985 4396 1098 4452 Hoc
1139 4414 1326 4454 verum
1355 4409 1439 4454 est
1475 4403 1769 4456 secundum
1805 4401 1858 4454 id
1889 4400 2030 4470 quod
2058 4400 2319 4469 scriptum

745 4499 829 4544 est
861 4507 874 4542 :
905 4487 973 4542 In
1004 4491 1291 4558 malignam
1321 4494 1553 4545 animam
1581 4509 1686 4547 non
1715 4493 1955 4545 introibit
1982 4492 2242 4559 sapientia
2275 4492 2315 4544 ⁸.

2425 3301 2514 3352 καὶ
2552 3305 2659 3364 τοῖς
2694 3304 2826 3354 πᾶσι
2866 3302 2924 3354 τὸ
2965 3299 3100 3355 εἶναι
3125 3304 3396 3373 δωρεῖται,
3436 3305 3510 3366 ὡς
3538 3306 3699 3374 φύσει
3737 3305 3815 3358 ὢν
3851 3306 3999 3368 Θεός.

2422 3389 2485 3439 Τί
2509 3387 2598 3441 οὖν
2629 3393 2897 3453 ἀπιστεῖς,
2921 3383 2965 3442 ὦ
2993 3390 3244 3460 ἄνθρωπε
3266 3409 3279 3453 ;
3323 3394 3613 3460 Ἀπιστεῐς,
3638 3397 3719 3448 ’ὁτι
3741 3396 3872 3448 ἴδιον
3894 3397 3999 3468 ἔχει

2425 3480 2548 3532 Υἱὸν
2575 3485 2601 3533 ὁ
2621 3483 2770 3545 Θεὸς,
2797 3484 2890 3535 καὶ
2915 3482 3095 3552 ζητεῖς
3133 3482 3249 3544 πῶς
3285 3484 3540 3553 ἐγέννησε
3568 3488 3736 3552 Θεόςς
3771 3489 3832 3540 Εἰ
3854 3489 3909 3540 δὲ
3945 3489 4001 3540 τὸ

2422 3571 2546 3634 πῶς
2569 3575 2658 3625 ἐπὶ
2678 3576 2811 3627 Θεοῦ
2846 3575 2958 3643 (5'2)
2981 3576 3282 3645 ὲπερωτᾷς,
3316 3576 3530 3638 πάντως
3561 3580 3654 3631 καὶ
3682 3579 3746 3630 τὸ
3774 3579 3898 3644 ποῦ,
3927 3579 3998 3640 ὡς

2423 3662 2479 3713 ἐν
2526 3662 2694 3730 τόπῳ,
2745 3667 2834 3716 καὶ
2865 3665 3014 3730 πότε,
3060 3665 3134 3727 ὡς
3164 3665 3220 3715 ἐν
3262 3666 3438 3734 χρόνῳ
3470 3671 3992 3739 συνεπερωτήσειας.

2421 3759 2482 3811 ΕΞ
2507 3758 2561 3810 δὲ
2592 3757 2788 3810 ἄτοπον
2821 3761 2909 3812 ἐπὶ
2940 3760 3072 3813 Θεοῦ
3100 3761 3158 3813 τὸ
3188 3759 3427 3812 τοιοῦτον
3451 3761 3754 3831 ἐπερωτᾷν,
3785 3765 3994 3818 ἀτοπώ-

2419 3870 2575 3922 τερον
2613 3851 2675 3904 ἂν
2713 3853 2795 3921 εἴη
2833 3853 2893 3904 τὸ
2928 3853 3000 3923 μὴ
3032 3853 3326 3906 πιστεύειν.
3366 3852 3519 3921 Τάχα
3561 3852 3713 3904 οῦπω
3745 3856 3995 3926 ἐρυθριᾷς

2420 3947 2475 3997 ὲν
2501 3943 2725 4013 ἀπιστία
2760 3945 3036 4016 ὑπάρχων.
3087 3947 3274 4014 Ζητείς
3314 3946 3423 4016 γὰρ
3459 3946 3542 3997 ἵνα
3591 3943 3763 4015 εῦρῃς
3805 3947 3866 3997 οὗ
3908 3950 3993 3999 πί-

2421 4053 2554 4091 στιν.
2585 4035 2698 4089 ἀλλ⁹
2727 4036 2998 4088 ἀπιστίαν.
3044 4036 3210 4087 Τοῦτο
3253 4036 3449 4105 ἀληθὲς
3483 4035 3625 4090 κατά
3655 4036 3716 4089 τὸ
3747 4053 3992 4108 γεγραμ-

2424 4131 2615 4200 μένονο
2659 4130 2759 4192 Εἰς
2798 4131 3167 4196 κακότεχνον
3203 4129 3312 4199 (55)
3344 4130 3556 4198 ψυχὴν
3583 4133 3694 4184 οὐκ
3732 4133 3992 4185 εἰσελεύ-

2419 4238 2586 4274 σεται
2612 4221 2815 4288 σοςςία.
2861 4221 3209 4271 Ἐπίστευσε
3235 4220 3302 4272 δὲ
3343 4221 3586 4290 Ἀϐραὰμ
3626 4221 3706 4286 τῷ
3733 4222 3876 4287 Θεῷ,
3900 4223 3990 4277 καὶ

2419 4311 2703 4378 ἐλογίσθη
2747 4309 2905 4371 αὺτῴ
2936 4311 3022 4372 εις
3055 4307 3466 4377 (δικαιοσύνην,
3505 4314 3602 4364 καὶ
3633 4315 3814 4380 φίλος
3849 4315 3988 4367 Θεοῦ

2418 4399 2667 4466 ἐκλήθη.
2705 4399 2860 4459 Φίλος
2897 4397 3030 4449 Θεοῦ
3063 4400 3090 4450 ὁ
3127 4399 3392 4468 μακάριος
3433 4401 3680 4470 Ἀϐραὰμ
3713 4404 3804 4453 καὶ
3844 4403 3988 4473 εἴρη-

2421 4512 2530 4554 ται,
2568 4492 2660 4545 καὶ
2695 4491 2826 4544 ἔστι.
2857 4490 3012 4552 ψίλος
3067 4490 3153 4543 διὰ
3207 4492 3410 4556 πίστιν,
3459 4493 3607 4562 φῦες
3653 4495 3721 4546 δι’
3751 4495 3986 4564 ὑπακοὴν

747 4581 982 4636 Credidit
1028 4593 1204 4636 autem
1252 4583 1516 4638 Abraham
1549 4583 1683 4650 Deo,
1720 4596 1770 4640 et
1820 4592 2115 4653 reputatum
2152 4595 2224 4637 est
2270 4585 2319 4638 ei

2421 4586 2550 4638 θεοῦ
2581 4602 2592 4614 ·
2628 4585 2690 4636 σὺ
2712 4583 2767 4637 δὲ
2799 4581 2988 4653 ἐχθρὸς
3018 4582 3106 4635 διὰ
3133 4584 3388 4639 ἀπιστίαν
3418 4587 3510 4638 καὶ
3539 4589 3821 4658 παρακοήν
3836 4587 3980 4640 Θεοῦ.

744 4679 814 4730 ad
827 4677 1119 4746 justitiam,
1144 4695 1207 4733 ac
1239 4678 1332 4732 Dei
1363 4681 1562 4733 amicus
1593 4681 1886 4747 appellatus
1920 4689 1993 4733 est
2015 4680 2056 4732 ⁷.
2096 4679 2315 4732 Amicus

746 4768 841 4824 Dei
881 4769 1072 4825 beatus
1101 4771 1374 4826 Abraham
1418 4781 1474 4825 et
1517 4771 1695 4825 dictus
1723 4781 1828 4834 est,
1859 4781 2044 4827 etest.
2096 4769 2314 4824 Amicus

815 4885 861 4918 ”
886 4885 1041 4941 Joan.
1075 4905 1116 4946 ι.
1155 4889 1206 4943 5.
1287 4893 1301 4921 ¹
1332 4889 1432 4942 lsa.
1465 4905 1502 4951 l,
1533 4890 1588 4942 2.
1656 4889 1677 4919 ³
1708 4887 1874 4941 Exod.
1910 4903 1980 4946 tv.
2029 4887 2117 4941 9.2.

744 4957 764 4988 ⁷
793 4954 906 5010 Jac.
942 4975 1001 5023 ll,
1032 4959 1121 5012 25.

819 5135 931 5208 (2ο)
956 5136 1010 5208 in
1061 5139 1219 5208 editis
1245 5149 1301 5191 ot
1350 5141 1402 5193 in
1434 5139 1702 5208 aliquibus
1752 5153 1881 5191 mss.
1907 5151 2159 5208 corrupte
2183 5139 2314 5208 legi-

747 5215 849 5263 tur.
885 5207 1020 5260 Θεοῦ
1045 5209 1094 5261 οἱ
1124 5207 1268 5260 θετοί
1299 5226 1314 5240 ο
1379 5221 1434 5261 at
1463 5207 1535 5263 in
1566 5210 1714 5264 Colb.
1752 5219 1805 5262 et
1852 5210 1902 5262 in
1955 5207 2083 5265 aliis?
2105 5207 2314 5265 duobus

744 5275 926 5358 Regiis
951 5281 1236 5334 emendate
1267 5280 1529 5348 scriptum
1568 5279 1871 5334 invenimus
1897 5279 2053 5345 Θεοῦ,
2091 5280 2197 5334 υἱοὶ
2227 5279 2314 5334 θε-

742 5362 844 5396 τοι.

820 5415 1096 5508 :302‘Editi
1135 5427 1188 5508 et
1226 5417 1333 5506 duo
1365 5435 1501 5508 ms‘s.’
1527 5421 1608 5474 ὅτι
1649 5415 1839 5508 ψυχῆς
1867 5458 1880 5470 .
1905 5461 1950 5474 ..
1983 5422 2130 5508 περὶ,
2153 5421 2308 5508 Θεοῦ,

743 5486 838 5562 ζα).
861 5485 1091 5562 μάλιστα
1119 5489 1215 5562 μὲν
1237 5491 1303 5544 τά
1324 5489 1460 5561 μετὰ
1480 5485 1738 5554 ἀπιστίας
1748 5485 1897 5542 ’πᾶσι
1932 5485 2158 5562 φανερά.
2180 5485 2312 5547 Hinc

742 5554 1035 5629 Carnarius
1073 5576 1085 5612 :
1120 5554 1544 5614 'Animi'marbus
1580 5575 1675 5625 cst,
1711 5562 1845 5613 male
1876 5574 1920 5613 et
1945 5554 2145 5616 curiose
2168 5580 2310 5629 quir-

743 5639 858 5697 rere
888 5626 950 5677 de
977 5626 1104 5690 Deo,
1135 5642 1179 5682 et
1207 5633 1435 5684 maxime
1458 5633 1666 5697 quidem
1700 5648 1759 5685 ea
1782 5648 1898 5696 quae
1935 5651 2049 5686 cum
2070 5626 2311 5686 incredu-

743 5694 892 5768 litate
922 5700 1153 5768 o_muibus
1187 5714 1304 5754 sunt
1354 5694 1653 5767 manifesta.
1718 5694 2128 5768 Trapezuntius,
2189 5722 2307 5758 cum

745 5766 911 5842 verba
932 5763 1114 5842 Gracca
1154 5774 1291 5824 male
1317 5763 1511 5826 sonare
1542 5774 1771 5836 videret,
1812 5763 1978 5842 usque
2009 5789 2072 5827 eo
2096 5763 2192 5827 sibi
2228 5777 2308 5828 in-

745 5834 932 5914 ςῖιιιείι.
958 5847 1014 5888 υι
1044 5841 1275 5914 πίστεως
1298 5859 1392 5910 pro
1418 5844 1673 5906 ἀπιστίας
1694 5834 1906 5910 legerit:
1938 5845 2064 5911 Ejus
2093 5846 2202 5897 Ιιειισ
2231 5856 2312 5898 ιιςι

744 5911 1115 5980 interpretatio
1161 5931 1170 5964 :
1221 5913 1368 5968 Sicut
1414 5914 1690 5983 Apostolus
1731 5915 1885 5979 dixit,
1927 5919 2160 5970 morbum
2201 5934 2310 5970 esse

2197 4885 2218 4916 ⁸
2246 4884 2370 4940 Ose.
2407 4901 2513 4950 xtv,
2547 4884 2629 4937 l0.
2708 4879 3020 4942 ⁸1Τὶω.ινι,
3055 4879 3106 4934 εί.

2434 4678 2746 4730 Ἐπίστευσε
2778 4676 2834 4728 δὲ
2870 4675 3115 4746 Ἀεραὰμ
3160 4677 3236 4746 τῷ
3273 4677 3410 4747 Θεῷ,
3438 4679 3756 4730 ἐπίστευσεν
3793 4681 3867 4742 ὡς
3897 4681 3984 4731 αῦ-

2418 4770 2529 4832 τὸς,
2559 4770 2650 4822 καὶ
2678 4768 2774 4819 οὐκ
2807 4767 3102 4834 ἠπίστησεν
3137 4765 3224 4830 ,ὡς
3268 4769 3444 4836 ὑμεῖς.
3480 4767 3578 4818 Διὰ
3628 4768 3785 4820 τοῦτο
3834 4767 3982 4826 αὐτὸς

3181 4882 3201 4911 ⁸
3237 4881 3398 4934 llebr.
3433 4897 3508 4944 ιι,
3537 4883 3587 4933 6.
3667 4884 3686 4912 ⁶
3720 4882 3846 4949 Sap.
3872 4897 3908 4943 l,
3935 4882 3976 4934 ι.

2414 5154 2622 5201 animm,
2650 5141 2783 5192 male
2812 5149 2859 5192 et
2887 5140 3088 5193 curiose
3131 5139 3194 5191 de
3227 5138 3333 5191 Deo
3383 5153 3633 5198 qutrrcre.
3665 5157 3727 5193 ea
3767 5141 3977 5191 maxim

2412 5227 2525 5274 qum
2549 5228 2663 5263 cum
2687 5213 2790 5274 [ide
2837 5212 3034 5262 cunctis
3056 5211 3330 5275 perspicua
3356 5219 3494 5260 sunt.
3543 5210 3722 5263 Codex
3755 5210 3901 5261 Cnlh.
3931 5217 3978 5258 et

2413 5279 2560 5346 Regii
2589 5293 2813 5346 quartus
2844 5291 2895 5331 et
2922 5284 3136 5346 quintus
3157 5281 3283 5334 Ὀτι
3305 5279 3359 5332 δὲ
3385 5279 3560 5349 ψυχῆς
3678 5280 3806 5348 περὶ
3831 5277 3975 5334 Θεοῦ.

2411 5351 2504 5403 καὶ
2543 5353 2773 5420 μάλιστα
2822 5353 2958 5419 μετά
3009 5352 3288 5414 ἀπιστίας,
3351 5352 3483 5402 πᾶσι
3537 5350 3822 5420 φανερόνξ
3871 5366 3977 5416 quire

2412 5419 2676 5489 scriptum
2712 5424 2837 5486 quin
2879 5440 2999 5476 vera
3034 5424 3103 5473 sit
3132 5434 3188 5474 et
3214 5437 3495 5490 germana,
3527 5435 3686 5472 nemo
3722 5419 3976 5471 dubitabit

2410 5493 2516 5563 qui
2537 5493 2676 5546 hunc
2703 5493 2872 5563 locum
2913 5493 3070 5563 paulo
3101 5494 3358 5563 attentius
3386 5490 3832 5563 considet-iverit.

2483 5562 2591 5631 (3|)
2626 5563 2787 5622 Etiiii,
2824 5559 3114 5632 προφητῶν
3139 5561 3231 5613 καὶ
3257 5561 3570 5614 ἀποστόλων
3594 5559 3797 5632 Δαὐτοῦ.
3837 5558 3974 5612 Auti-

2409 5634 2500 5702 qui
2537 5627 2641 5686 duo
2670 5634 2786 5685 libri
2818 5627 3112 5704 προερητῶν
3137 5631 3302 5685 αὐτοῦ
3339 5633 3371 5701 ἢ
3404 5627 3738 5684 ἀποστόλων.
3786 5630 3973 5683 Ibidem

2409 5707 2606 5766 aliquot
2643 5719 2770 5756 mss.
2803 5703 3114 5756 ἀκούσωσι.

2476 5775 2585 5844 (52)
2615 5774 2790 5827 Codex
2817 5774 2967 5828 Colb.
2996 5773 3124 5843 περὶ
3149 5773 3306 5828 Θεοῦ.

2478 5841 2589 5918 (53)
2620 5844 2781 5918 Editi,
2806 5845 2897 5906 Εἰς
2927 5841 3250 5913 κακότεχνον
3290 5845 3418 5915 γάρ.
3441 5843 3708 5918 Voculam
3745 5841 3853 5918 γάρ
3886 5841 3973 5893 (ἰθ-

2415 5917 2638 5970 lcvimus
2681 5916 2936 5969 libtorutu
2973 5924 3208 5968 veterum
3241 5917 3565 5969 auctoritate
3597 5915 3789 5966 innixi.
