4208 6482
222 451 328 507 755

1311 443 1687 501 ADV’ERSUS
1724 439 2095 501 EUNOMIUM
2136 439 2263 493 LIB.
2306 438 2374 495 ι’.

3375 434 3484 494 756

217 544 396 616 φίλος,
425 543 582 611 ὑμεῖς
605 542 661 596 δὲ
684 542 887 614 ἐχθροί.
912 543 977 596 Οἱ
997 540 1194 611 ἐχθροί
1217 539 1438 609 Κυρίου
1455 539 1801 607 ἐψεύσαντο

1910 546 2124 605 propter
2156 533 2317 588 ﬁdem
2344 549 2358 585 :
2386 530 2616 595 amicus,
2649 527 2791 599 quod
2821 527 3057 584 obedivit
3092 525 3232 596 Deo;
3265 535 3321 584 tu
3353 545 3483 586 vero

217 633 401 701 αὐτῷ,
440 635 580 689 κατὰ
624 633 685 688 τὸ
728 634 1108 707 γεγραμμένον
1134 649 1149 663 ο
1189 633 1271 685 ὅτι
1317 631 1409 685 τὸν
1460 629 1620 700 φύσει
1669 628 1799 682 Υἱὸν

219 727 356 781 Θεοῦ
386 719 532 780 esis.
562 729 654 781 καὶ
689 728 870 799 χάριτι
901 722 1279 796 υίοποιηθέντα
1319 722 1559 792 λέγουσι,
1588 720 1683 775 καὶ
1710 719 1800 773 τὸν

218 820 445 890 κτίστην
474 819 700 890 κτίσμα,
732 821 826 874 καὶ
858 819 946 871 τὸν
1004 816 1233 888 ποιητὴν
1288 815 1523 886 ποίημα,
1557 813 1653 867 καὶ
1709 810 1801 865 τὸν

221 912 310 965 ἀεὶ
333 911 459 964 ὄντα
495 913 552 964 ὲν
596 910 768 981 Πατρί
808 928 936 963 ποτε
979 910 1053 981 μὴ
1101 910 1251 973 ὄντα,
1293 908 1387 962 καὶ
1432 907 1523 960 τὸν
1552 907 1611 973 ἐξ
1651 905 1800 967 ὄντος

220 1001 359 1055 Θεοῦ
390 1000 518 1054 Υἰὸν
550 1001 659 1069 (54)
688 1000 934 1069 λέγοντες
968 999 1032 1052 ὲκ
1080 998 1154 1071 μὴ
1189 1000 1358 1053 όντων
1389 996 1691 1066 γεγονεναι.
1726 995 1801 1048 Οὐ

225 1093 387 1165 μόνον
412 1094 470 1147 δὲ
512 1092 649 1146 κατὰ
690 1091 783 1145 τοῦ
823 1092 958 1145 Θεοῦ
996 1092 1091 1146 καὶ
1120 1091 1247 1145 Υἱοῦ
1293 1089 1576 1161 ψεύδονται
1606 1087 1804 1157 θεομα-

221 1186 446 1257 χοῦντες
474 1186 566 1239 καὶ
610 1184 1125 1257 χριστομαχοῦντες,
1176 1183 1313 1237 ἀλλὰ
1358 1182 1452 1235 καὶ
1497 1196 1805 1251 πνευματο-

229 1278 529 1351 μαχοῦντες
559 1278 617 1330 οὐ
658 1277 941 1342 παύονται,
978 1277 1039 1330 τὸ
1066 1275 1289 1347 Πνεῦμα
1323 1273 1417 1327 τοῦ
1456 1272 1590 1325 Θεοῦ
1625 1288 1805 1341 κυριο-

222 1370 402 1435 λογεῖν
431 1368 506 1439 μὴ
535 1368 865 1439 βουλόμενοι,
919 1367 1139 1439 σκληρῷ
1179 1366 1437 1437 τραχήλῳ
1470 1365 1564 1418 καὶ
1609 1365 1806 1435 ἀπερι-

220 1481 249 1516 τ
258 1465 412 1533 μήτῳ
438 1461 634 1533 καρδίᾳ
660 1465 781 1525 ταῖς
817 1461 988 1526 Οείαις
1010 1462 1255 1534 Γραφαῖς
1294 1458 1715 1529 ἐναντιούμενοι.
1740 1455 1805 1508 Τί

220 1556 277 1609 δὲ
304 1554 638 1609 ὲναντιοῦσαι
680 1559 747 1627 τῇ
784 1555 921 1627 καλῇ
964 1554 1135 1625 ταύτῃ
1188 1553 1372 1607 πίστει
1425 1553 1522 1606 καὶ
1557 1549 1806 1623 σωζούσῃ

221 1647 509 1719 ὁμολογίᾳ·
538 1648 691 1711 Θεὸς,
724 1650 919 1717 Λόγος.
968 1647 1227 1718 Πνεῦμα·
1263 1645 1476 1716 Πατὴρ,
1522 1644 1669 1707 Υἱὸς,
1712 1642 1805 1695 καὶ

222 1738 477 1809 Ilva-ipa;
519 1739 592 1793 Οὐ
621 1740 768 1803 ξένος
793 1742 821 1792 6
850 1740 995 1803 Υἱὸς,
1023 1740 1143 1792 οὐδὲ
1176 1738 1458 1810 ἀλλότριον
1486 1738 1546 1789 τὸ
1580 1733 1804 1803 Πνεῦμα

220 1827 316 1880 τοῦ
369 1827 501 1881 Θεοῦ
555 1831 649 1883 καὶ
686 1829 848 1895 Υἰοῦ,
885 1832 945 1882 οὐ
994 1830 1179 1894 τόποις
1248 1827 1650 1899 μεμερισμέναν
1703 1824 1804 1876 οὐκ

1905 625 2177 685 inimicus,
2210 623 2355 693 quod
2407 619 2716 677 incredulus
2760 636 2825 675 ac
2866 621 3229 691 inobsequens
3255 638 3315 677 es
3350 622 3481 680 Deo.

1914 717 2154 774 Credidit
2186 729 2365 772 autem
2397 715 2673 773 Abraham
2705 717 2838 780 Deo,
2870 715 3099 770 credidit
3123 724 3183 770 ut
3214 715 3348 784 ipse,
3385 732 3487 773 nec

1907 809 2221 865 incredulus
2255 808 2355 863 fuit
2382 819 2440 862 ut
2481 824 2597 863 vos.
2630 807 2926 877 Drepterea
2972 808 3087 877 ipse
3130 808 3357 872 amicus,
3390 823 3487 864 vos

1905 916 2037 956 vero
2086 901 2207 955 ideo
2242 901 2465 955 inimici.
2503 900 2717 956 Inimici
2746 900 2961 954 Domini
2995 901 3198 954 mentiti
3225 912 3342 954 sunt
3366 904 3412 954 ei
3439 902 3483 965 ⁸,

1905 998 1963 1043 ιιι
1989 990 2255 1060 scriptum
2284 1002 2394 1057 est,
2422 992 2565 1060 quod
2590 1006 2713 1046 eum
2741 992 2830 1060 qui
2863 1002 3051 1045 natura
3077 990 3244 1046 Filius
3267 991 3354 1045 Dei
3379 1002 3483 1058 est,

1903 1084 2195 1153 adoptione
2233 1092 2395 1154 atque
2424 1085 2597 1154 gratia
2629 1085 2796 1138 tilium
2842 1084 3044 1139 factum
3077 1084 3244 1140 fuisse
3272 1085 3485 1152 dicunt,

1904 1186 1960 1231 et
1998 1187 2308 1232 creatorem
2346 1185 2675 1239 creaturam,
2707 1189 2762 1231 et
2802 1178 3061 1232 factorem
3114 1177 3400 1243 facturam,
3432 1189 3488 1233 et

1906 1269 2151 1337 eumqui
2184 1282 2402 1336 semper
2428 1276 2510 1323 est
2545 1267 2597 1321 in
2629 1266 2811 1332 Patre,
2842 1269 3131 1337 aliquando
3158 1285 3262 1324 non
3297 1269 3486 1335 fuisse,

1906 1369 1960 1414 et
1990 1358 2187 1415 Filium
2228 1360 2318 1430 qui
2350 1369 2514 1415 estex
2541 1359 2647 1414 Deo
2674 1362 2762 1428 qui
2794 1373 2897 1427 est,
2932 1344 3145 1418 factum
3198 1378 3264 1418 ex
3323 1364 3489 1418 nihilo

1906 1451 2079 1506 fuisse
2103 1452 2457 1507 aﬂirmantes.
2484 1452 2599 1508 Non
2627 1453 2801 1509 solum
2829 1466 3010 1511 autem
3035 1458 3294 1511 adversus
3320 1456 3488 1511 Deum

1908 1560 1973 1599 ac
2004 1544 2200 1599 Filium
2238 1546 2598 1609 mentiuntur,
2631 1547 2739 1601 Deo
2771 1558 3134 1618 repugnantes
3163 1558 3214 1602 et
3247 1548 3485 1613 Christo,

1910 1637 2004 1691 sed
2036 1638 2207 1692 etiam
2236 1640 2501 1694 adversus
2537 1640 2799 1707 Spiritum
2828 1656 3067 1710 pugnare
3093 1657 3197 1697 non
3227 1642 3489 1696 intermit-

1909 1736 2032 1782 ttmt
2082 1747 2096 1783 :
2150 1729 2349 1799 quippe
2384 1728 2477 1783 Dei
2520 1729 2780 1798 Spiritum
2822 1730 3104 1784 Dominum
3159 1746 3355 1785 vocare
3394 1746 3490 1784 no.

1909 1819 2045 1885 lunt,
2075 1822 2288 1875 cervice
2318 1822 2450 1875 dura
2482 1832 2535 1876 et
2557 1824 2939 1877 incircumciso
2966 1824 3126 1878 corde
3145 1825 3166 1855 '
3196 1822 3492 1894 Scripturis

221 1918 383 1972 αἱῶσι
421 1920 984 1993 παραλαμϐανόμενα,
1015 1922 1075 1975 οὺ
1090 1921 1419 1990 διαστήμασι
1442 1917 1804 1989 μετρούμενα.

1915 1912 2116 1967 divinis
2166 1915 2542 1969 adversantes.
2591 1915 2700 1968 Cur
2756 1930 2935 1971 autem
2985 1914 3293 1971 adversaris
3338 1917 3492 1970 bona

222 2010 337 2062 Οὐκ
362 2010 605 2065 ἐνέλιπεν
630 2012 758 2075 Υἱός
792 2030 919 2065 ποτε
974 2012 1167 2082 Πατρὶ,
1213 2010 1336 2063 οὐδὲ
1392 2008 1505 2079 Υἰῴ
1545 2008 1802 2078 Πνεῦμαο

220 2100 335 2153 ἀλλ’
364 2103 631 2175 ἄτρεπτος
680 2104 773 2156 καὶ
826 2102 1185 2165 ἀναλλοίωτος
1239 2103 1273 2171 ὴ
1304 2100 1443 2172 αὑτὴ
1475 2100 1645 2172 Τριὰς
1697 2100 1803 2153 ἀεί.

224 2192 299 2245 Οὐ
330 2194 519 2268 Πατὴρ
565 2196 592 2247 ό
639 2194 787 2257 Υἱὸς,
821 2193 957 2246 ἀλλὰ
1001 2194 1191 2265 Πατὴρ
1220 2194 1352 2247 Υἱοῦ
1407 2195 1707 2265 γεννήτωρ,
1738 2193 1812 2254 ὡς

220 2284 346 2348 νοῦς
369 2285 527 2355 λόγου
568 2285 769 2356 πατὴρ,
802 2284 878 2346 ὡς
902 2284 1131 2355 δύναμις
1154 2284 1404 2348 δυνατοῦ,
1443 2284 1517 2346 ὡς
1544 2284 1703 2350 σοφὸς
1728 2298 1813 2333 σο-

221 2377 352 2445 φίαν
397 2374 767 2446 γεγεννηκὼς,
825 2375 900 2439 ὡς
955 2376 1251 2438 ὑπόστασις
1295 2376 1407 2445 (55)
1468 2374 1596 2426 ἴδιον
1643 2390 1813 2443 χαρα-

218 2471 421 2540 κτῆρα.
461 2470 517 2521 '0
547 2468 603 2521 δὲ
636 2468 761 2531 Υἱὸς
788 2469 875 2520 ἀεὶ
903 2468 1047 2532 Υἱὸς,
1078 2469 1153 2531 ὡς
1180 2468 1362 2539 μορφὴ
1390 2466 1523 2519 Θεοῦ
1553 2466 1812 2536 ὑπάρχων

216 2561 326 2625 ἀεὶ,
357 2562 430 2626 ὡς
460 2560 625 2615 εἰκὼν
648 2561 782 2614 Θεοῦ
822 2562 1025 2632 φυσικὴ
1060 2563 1088 2614 6
1118 2560 1268 2622 Υἱός.

1914 2004 2040 2059 huic
2084 2006 2231 2071 ﬁdei,
2268 2018 2324 2061 et
2370 2006 2597 2061 salvanti
2641 2008 2971 2063 confessioni
3005 2026 3019 2061 :
3049 2010 3207 2074 Deus,
3234 2008 3491 2073 Verbum,

1916 2095 2152 2165 Spiritus
2189 2115 2204 2152 :
2246 2096 2426 2163 Pater,
2460 2097 2652 2164 Filius,
2682 2108 2738 2153 et
2786 2096 3067 2169 Spiritus?
3112 2099 3228 2154 Non
3284 2100 3495 2153 alienus

1913 2197 1996 2241 est
2036 2185 2228 2251 Filius,
2261 2201 2437 2251 neque
2494 2188 2708 2244 alienus
2758 2188 2992 2259 Spiritus
3018 2205 3049 2244 α
3080 2191 3190 2245 Deo
3215 2199 3268 2246 et
3300 2190 3433 2244 Filio
3474 2207 3491 2246 :

1918 2293 2025 2332 non
2083 2277 2215 2333 locis
2273 2280 2455 2345 divisi,
2497 2295 2602 2335 non
2661 2282 2876 2337 surculis
2926 2283 3343 2353 circumscripti,
3385 2299 3494 2337 non

1914 2368 2215 2423 intervallis
2244 2371 2494 2428 dimensi.
2528 2372 2642 2425 Non
2669 2372 2836 2427 defuit
2868 2388 3103 2441 unquam
3130 2372 3299 2427 Filius
3324 2372 3494 2439 Patri,

1918 2476 2017 2515 nec
2059 2460 2198 2515 Filio
2234 2461 2513 2530 Spiritus:
2548 2464 2642 2517 sed
2689 2463 3041 2519 immutabilis
3062 2473 3116 2517 et
3142 2464 3497 2522 inaltorabilis

1917 2564 2001 2608 est
2025 2554 2213 2608 eadem
2235 2554 2475 2611 Trinitas
2501 2571 2734 2623 semper.
2759 2555 2872 2610 Non
2896 2556 3057 2611 Pater
3074 2565 3160 2612 est
3182 2555 3370 2621 Filius,
3400 2560 3494 2615 sed

221 2658 385 2712 Pater
440 2658 558 2712 Filii
618 2661 875 2729 genitor:
922 2668 978 2708 ut
1029 2672 1179 2707 mens
1216 2656 1365 2709 verbi
1401 2665 1573 2723 pater.
1640 2664 1700 2706 ut
1753 2652 1995 2723 potentia
2045 2651 2308 2720 potentis,
2348 2662 2405 2704 ut
2444 2653 2659 2719 sapiens
2695 2654 2785 2721 qui
2832 2654 3151 2723 sapientiam
3188 2652 3393 2722 genuit,
3439 2662 3498 2708 ut

216 2756 530 2824 hypostasis
582 2753 861 2822 proprium
912 2754 1256 2807 characters.
1317 2752 1489 2806 Filius
1537 2763 1719 2807 autem
1749 2765 1963 2818 semper
2004 2759 2088 2803 est
2151 2749 2341 2814 Filius,
2394 2759 2451 2802 ut
2498 2750 2668 2802 forma
2720 2750 2815 2805 Dei
2865 2765 3081 2821 semper
3117 2752 3406 2815 exsistens,
3438 2760 3493 2805 ut

218 2848 483 2903 naturalis
517 2848 610 2903 Dei
643 2849 819 2919 imago
846 2849 1032 2903 Filius.

291 2942 346 2995 5.
400 2941 562 2996 Ἀλλὰ
612 2943 705 2997 καὶ
730 2944 791 2997 τὸ
826 2942 1052 3014 Πνεῦμα
1092 2943 1254 2998 εἰκὼν
1298 2943 1393 2997 τοῦ
1434 2942 1563 2996 Υἱοῦ
1596 2941 1809 3012 εἴρηται

220 3033 355 3105 (56),
382 3035 475 3087 καὶ
506 3034 764 3099 δάκτυλος
792 3034 948 3097 Θεοῦ,
978 3037 1069 3088 καὶ
1094 3034 1231 3088 Θεοῦ
1266 3034 1505 3102 πνεῦμα,
1539 3033 1632 3085 καὶ
1655 3033 1806 3103 ῥῆμα

218 3127 315 3180 καὶ
352 3125 571 3197 πνεῦμα
602 3126 887 3196 στόματος,
938 3127 1029 3177 καί
1061 3124 1265 3193 ἀγαθὸν
1298 3124 1541 3195 πνεῦμα,
1582 3123 1679 3177 καὶ
1714 3124 1805 3176 εῦ-

219 3217 332 3281 Οὲς,
360 3218 451 3269 καὶ
478 3218 823 3287 ἡγεμονικὸν,
858 3218 949 3269 καὶ
977 3217 1195 3287 πνεῦμα
1228 3217 1533 3287 δυνάμεως,
1568 3218 1664 3271 καὶ
1697 3216 1803 3270 Κύ-

221 3325 337 3381 ριος
367 3308 463 3360 καὶ
494 3308 627 3370 Θεὸς
651 3309 867 3379 εἴρηται
895 3308 955 3361 τὸ
994 3307 1088 3362 τοῦ
1113 3307 1248 3362 Θεοῦ
1279 3306 1517 3378 πνεῦμα,
1550 3308 1625 3371 ὡς
1654 3307 1749 3359 καὶ
1776 3305 1806 3357 ό

218 3404 415 3467 Λόγος.
447 3381 509 3453 Ei
538 3402 645 3473 γὰρ
675 3401 812 3472 μετὰ
857 3400 951 3455 τοῦ
980 3401 1114 3456 Θεοῦ
1142 3403 1234 3457 καὶ
1260 3402 1435 3471 Λόγου
1474 3403 1682 3471 στερεοῖ
1710 3399 1808 3463 τὰς

218 3495 478 3563 δυνάμεις
517 3493 626 3546 τῶν
654 3494 897 3565 οὐρανῶν
937 3495 997 3548 τὸ
1037 3494 1285 3565 Πνεῦμα,
1328 3494 1444 3557 πῶς
1486 3492 1806 3563 ἀλλότριον;

224 3590 402 3655 Ὅπερ
438 3588 487 3639 οἱ
525 3585 778 3651 λαϐόντες
799 3590 925 3651 ναὸς
956 3586 1089 3641 Θεοῦ
1124 3588 1283 3650 εἰσιν,
1315 3585 1343 3638 ὃ
1367 3585 1431 3655 δὴ
1461 3585 1555 3638 καὶ
1587 3583 1808 3655 πνεῦμα

224 3680 491 3749 στόματος
520 3678 653 3731 Θεοῦ
680 3678 1166 3752 προσαγορεύεται,
1204 3679 1297 3731 καὶ
1323 3678 1421 3748 τῆς
1450 3676 1811 3750 δημιουργίας

221 3772 395 3829 αἴτιον
421 3770 558 3841 μετὰ
575 3771 668 3825 τοῦ
690 3773 862 3841 Λόγου
884 3771 1176 3835 δείκνυται,
1194 3770 1253 3823 τὸ
1274 3769 1528 3839 ἐνεργοῦν
1546 3769 1615 3823 τὰ
1632 3771 1811 3824 πάντα

220 3865 297 3927 ὡς
328 3862 481 3928 Θεὸς,
505 3862 687 3927 καθὼς
718 3863 986 3934 βούλεται,
1008 3862 1084 3927 ὣς
1118 3881 1281 3936 φησιν
1310 3865 1339 3916 6
1376 3862 1721 3927 Ἀπόστολος,
1751 3865 1811 3916 τὸ

221 3948 321 4030 τῆς
351 3958 625 4022 υἱοθεσίας
658 3957 903 4028 Πνεῦμα,
934 3957 993 4010 τὸ
1038 3958 1137 4026 τῆς
1166 3956 1476 4028 ἐλευθερίας
1510 3961 1701 4023 αἴτιον,
1754 3960 1812 4012 τὸ

221 4054 359 4107 ὅπου
392 4053 532 4105 ϐέλει
558 4054 716 4106 πνέον
739 4053 1009 4121 θειότητα,
1041 4054 1068 4106 ὃ
1097 4053 1160 4125 δὴ
1191 4055 1285 4107 καὶ
1315 4055 1538 4125 πνεῦμα
1561 4055 1656 4117 τῆς
1687 4055 1813 4123 ἀλη-

224 4145 374 4207 θείας
397 4147 426 4196 ὁ
451 4145 558 4198 τῶν
580 4145 715 4197 ὅλων
744 4145 947 4214 Κύριος
975 4146 1162 4215 σαφῶς
1188 4147 1443 4217 ὀνομάζει
1463 4165 1476 4177 ’
1506 4148 1567 4200 τὸ
1593 4149 1649 4200 ὲν
1684 4148 1811 4200 εῖδει

222 4237 556 4310 περιστερᾶς
582 4237 667 4289 ἐπ’
687 4235 848 4290 αὐτὸν
872 4237 931 4302 ἐξ
953 4239 1183 4309 ούρανοῦ
1214 4240 1479 4303 καταϐὰν,
1503 4242 1564 4294 τὸ
1590 4240 1813 4310 ἁγιάζον

223 4332 326 4404 τὴν
354 4330 641 4401 Κυριακὴν
668 4331 847 4403 σάρκα
874 4333 1010 4402 μετὰ
1033 4334 1130 4403 τῆς
1144 4333 1515 4401 δυνάμεως,τὸ
1530 4335 1628 4405 τὴν
1645 4336 1814 4387 οἰκου-

230 4420 399 4492 μένην
415 4422 677 4493 πληροῦν,
702 4424 760 4476 τὸ
784 4426 946 4477 παντὶ
965 4424 1142 4498 παρὸν
1157 4426 1231 4488 ὡς
1244 4426 1396 4489 Θεὸς,
1420 4427 1513 4480 καὶ
1532 4426 1666 4497 μετὰ
1678 4425 1811 4478 Θεοῦ

1986 2937 2043 2992 5.
2085 2936 2190 2991 Sed
2220 2945 2276 2989 et
2303 2936 2537 3005 Spiritus
2580 2936 2755 3008 imago
2783 2937 2958 2992 dictus
2986 2946 3071 2992 est
3103 2935 3246 3000 Filii,
3279 2946 3336 2991 et
3359 2938 3496 3009 digi-

1918 3039 2003 3084 tus
2030 3028 2148 3091 Dei,
2180 3040 2236 3084 et
2264 3026 2355 3081 Dei
2392 3028 2639 3098 spiritus,
2669 3040 2719 3082 et
2749 3029 2969 3084 verbum
3015 3041 3069 3084 et
3108 3028 3332 3098 spiritus
3363 3032 3493 3093 oris,

1913 3130 1967 3177 et
1999 3122 2226 3190 spiritus
2262 3123 2465 3184 bonus,
2496 3130 2549 3173 et
2590 3130 2793 3186 rectus,
2824 3130 2877 3174 et
2912 3119 3251 3189 principalis,
3286 3128 3340 3175 et
3386 3122 3498 3189 spi-

1910 3215 2048 3267 ritus
2094 3212 2372 3280 potentice,
2400 3222 2453 3265 et
2490 3212 2751 3266 Dominus
2810 3226 2864 3266 et
2899 3214 3038 3267 Deus
3069 3214 3244 3267 dictus
3279 3221 3361 3266 est
3401 3213 3496 3267 Dei

1912 3306 2156 3374 spiritus,
2191 3305 2335 3358 sicut
2358 3313 2413 3357 et
2457 3303 2719 3359 Verbum.
2754 3304 2884 3358 Nam
2918 3306 2962 3359 si
2993 3320 3100 3359 una
3139 3320 3261 3359 cum
3306 3305 3416 3361 Deo
3442 3316 3499 3361 et

1916 3396 2091 3452 Verbo
2123 3398 2351 3452 virtutes
2385 3398 2649 3455 caelorum
2686 3398 2868 3454 firmat
2916 3400 3175 3469 Spiritus,
3227 3401 3497 3470 quomodo

1911 3492 2157 3545 alienus?
2180 3491 2349 3556 Quem
2372 3494 2463 3561 qui
2488 3504 2831 3563 acceperunt,
2861 3493 3117 3562 templum
3144 3506 3268 3547 sunt
3291 3494 3381 3549 Dei
3415 3492 3495 3561 ίθς

1911 3586 2002 3653 qui
2029 3595 2082 3637 et
2106 3585 2333 3652 spiritus
2352 3586 2463 3640 oris
2494 3584 2588 3639 Dei
2618 3586 2920 3655 appellatur
2946 3586 3012 3649 ",
3042 3597 3096 3640 et
3125 3602 3291 3641 causa
3315 3594 3497 3643 osten-

1913 3678 2061 3730 ditur
2090 3692 2211 3733 esse
2241 3678 2537 3733 creatiouis
2581 3694 2713 3733 cum
2744 3677 2939 3743 Verbo,
2971 3678 3063 3748 qui
3094 3690 3350 3749 operatur
3376 3696 3496 3734 om-

1913 3771 2007 3824 nia
2055 3770 2197 3823 sicut
2244 3768 2411 3831 Deus,
2446 3778 2605 3839 prout
2645 3770 2789 3833 vult,
2843 3771 2917 3823 uti
2963 3771 3040 3823 ait
3089 3769 3380 3838 Apostolus
3412 3769 3495 3837 ¹⁹;

1916 3862 2219 3930 adoptionis
2269 3862 2516 3930 spiritus,
2558 3863 2828 3917 libertatis
2868 3878 3071 3926 causa;
3107 3862 3196 3929 qui
3248 3862 3337 3916 ubi
3387 3863 3501 3918 vult

1914 3955 2085 4020 spirat
2120 3953 2163 3983 ¹³
2213 3953 2551 4007 divinitatem
2590 3971 2604 4007 :
2644 3968 2804 4023 quem
2854 3964 2907 4009 et
2953 3955 3203 4025 spiritum
3252 3955 3499 4010 veritatis

1918 4044 2177 4098 Dominus
2222 4045 2607 4101 universorum
2662 4046 2839 4116 palam
2894 4049 3138 4101 nominat
3181 4047 3274 4101 ’δι
3320 4048 3413 4115 qui
3469 4061 3500 4101 e

1915 4136 2055 4193 caelo
2122 4138 2174 4192 in
2247 4138 2421 4209 ipsum
2487 4142 2538 4194 in
2596 4140 2861 4195 columbae
2926 4143 3105 4210 specie
3175 4141 3498 4207 descendit,

1915 4231 2007 4299 qui
2082 4232 2385 4287 sanctificat
2466 4232 2799 4287 Dominicam
2891 4248 3114 4287 carnem
3192 4248 3314 4289 cum
3406 4249 3499 4302 po-

1919 4332 2156 4387 testate,
2214 4324 2305 4391 qui
2354 4325 2540 4377 orbem
2610 4335 2882 4381 terrarum
2951 4328 3125 4396 replet
3178 4347 3191 4383 :
3236 4327 3327 4397 qui
3384 4342 3503 4381 om-

1916 4417 2078 4487 nibus
2128 4417 2282 4470 adest
2326 4426 2383 4469 ut
2425 4416 2588 4482 Deus,
2618 4430 2671 4474 et
2707 4435 2828 4473 cum
2876 4420 2986 4475 Deo
3029 4436 3245 4489 semper
3290 4429 3373 4475 est
3422 4420 3502 4472 in-

224 4513 548 4584 ἀχωρίστως
573 4514 631 4566 ὃν
674 4516 789 4567 ἀεί’
820 4517 880 4568 τὸ
917 4517 1183 4584 γινῶσκον
1216 4516 1282 4570 τὰ
1316 4517 1406 4571 τοῦ
1433 4517 1569 4569 Θεοῦ
1611 4518 1806 4579 πάντα,

1917 4508 2325 4578 separobiliter;
2393 4511 2484 4580 qui
2564 4512 2840 4581 cognoscit
2894 4528 3016 4581 qua:
3063 4512 3158 4566 Dei
3204 4522 3324 4566 sunt
3382 4526 3503 4564 om-

226 4602 305 4665 ὡς
343 4603 404 4654 τὸ
445 4602 659 4673 πνεῦμα
689 4604 833 4659 τὸέν
864 4607 994 4677 ἡμῖν
1029 4606 1096 4659 τὰ
1128 4606 1317 4677 ἡμῶν,
1364 4608 1423 4660 τὸ
1466 4606 1808 4679 ἀνθρώπινον

229 4690 379 4761 λέγω
406 4692 622 4764 πνεῦμα
656 4694 717 4749 τὸ
737 4698 794 4751 ὲν
826 4697 978 4769 ἡμῖν.
1013 4695 1170 4749 Οὕτω
1200 4696 1309 4767 γάρ
1347 4697 1458 4767 (57)
1499 4712 1631 4765 φησι
1651 4712 1663 4725 ο
1695 4698 1807 4751 Ital

226 4783 305 4833 τὰ
337 4783 444 4837 τοῦ
484 4784 635 4838 Θεοῦ
676 4784 876 4851 οὐδεὶς
920 4786 1073 4854 ἔγνω
1104 4785 1212 4851 (58)
1246 4787 1297 4837 εὶ
1337 4783 1422 4852 μὴ
1468 4781 1810 4851 τὸΉν-εῦμα

231 4874 402 4928 Θεοῦ.
423 4877 531 4931 Καὶ
550 4878 707 4931 πάλιν
725 4879 888 4949 φησιν
915 4880 942 4929 ὀ
966 4876 1177 4945 Σωτήρο
1199 4874 1409 4941 Οὐδεὶς
1433 4872 1809 4944 ἐπιγινώσκει

230 4966 323 5031 τίς
352 4966 522 5021 ἐστιν
551 4972 583 5022 ὀ
608 4967 737 5034 Υἱὸς
770 4969 820 5020 εὶ
840 4967 926 5035 μὴ
961 4970 993 5020 ὁ
1028 4966 1251 5032 Πατὴρ,
1286 4965 1427 5020 οὐδὲ
1445 4966 1553 5021 τόν
1580 4966 1809 5033 Πατέρα

229 5075 320 5125 τις
345 5057 721 5125 ἐπιγινώσκει
748 5062 799 5113 εἰ
821 5058 907 5129 μὴ
944 5062 977 5112 ό
1006 5057 1156 5122 Υἱὸς,
1192 5060 1291 5113 καὶ
1320 5052 1368 5125 ᾧ
1401 5058 1477 5112 ἂν
1499 5060 1804 5127 ,ϐούληται

302 5246 325 5277 ⁸
351 5242 489 5300 Psai.
522 5256 687 5298 uss.
724 5244 802 5295 l6.
878 5242 898 5273 ’
933 5244 1055 5298 Act.
1087 5255 1184 5307 vit,
1215 5239 1304 5295 5|.
1354 5242 1397 5271 ¹⁰
1429 5240 1445 5293 l
1473 5241 1599 5296 Cor.
1633 5256 1715 5301 ιιι,
1744 5241 1827 5295 16.

236 5315 281 5346 ⁵⁸
305 5314 462 5371 Joan.
496 5330 606 5379 xiv,
641 5312 725 5367 17.
826 5316 868 5344 ¹¹⁵
896 5311 915 5365 Ι
942 5314 1069 5368 Cor.
1102 5328 1161 5378 ιι,
1185 5311 1273 5366 il.

304 5476 417 5547 (Si)
456 5477 591 5546 Reg.
647 5485 882 5547 quartus
904 5475 1073 5547 ‘6v'rog
1121 5474 1257 5530 Θεοῦ
1304 5474 1434 5528 ὅντα
1486 5474 1635 5527 Υἱὸν.
1699 5472 1821 5547 Μαι(

233 5545 363 5603 editi
382 5545 799 5618 Qsopdxo'Sv-cag.
835 5545 993 5599 ἀλλὰ.
1022 5546 1245 5618 Veii-res
1277 5549 1515 5618 quinque
1552 5547 1671 5599 libri
1705 5546 1823 5599 Θεο-

236 5616 679 5691 μαχοῦντεςκαὶ
710 5616 1232 5691 χριστομαχοῦντες,
1282 5616 1337 5674 et
1371 5618 1441 5670 ita
1481 5616 1609 5681 legit
1655 5618 1821 5670 inter-

278 5708 381 5743 res.

233 5705 417 5830 “23.55)
452 5759 587 5813 Editi
609 5760 684 5822 ὡς
712 5760 1033 5815 ὑπόστασιν.
1064 5758 1211 5830 Libri
1247 5759 1452 5827 antiqui
1485 5758 1563 5830 ὡς
1586 5758 1822 5811 ὑπόστα-

238 5829 341 5891 σις.
381 5830 495 5904 Μοχ
526 5832 652 5884 editi
683 5833 1027 5904 χαρακτῆρα.
1071 5833 1131 5904 Ὀ
1172 5829 1229 5883 δὲ
1270 5830 1387 5904 Υἱὸς
1436 5829 1701 5904 ἀεὶΑΥίός.
1732 5834 1823 5904 ﬁt

241 5902 412 5956 nostri
442 5912 643 5971 septem
687 5899 828 5959 mas.
866 5899 1215 5973 χαρακτῆρα,
1259 5901 1333 5964 ὡς
1374 5902 1576 5970 ponti.
1613 5899 1819 5956 inutile.

1913 4600 2044 4661 uia,
2096 4603 2317 4668 perinde
2370 4612 2429 4655 ut
2477 4603 2703 4670 spiritus
2757 4604 2849 4672 qui
2925 4603 2977 4657 in
3038 4604 3193 4657 nobis
3243 4611 3328 4655 est
3397 4618 3497 4657 no-

1900 4703 2011 4747 stra
2039 4710 2053 4746 :
2087 4693 2334 4760 spiritum
2374 4696 2669 4748 humanum
2716 4696 2809 4765 qui
2848 4697 2899 4750 in
2931 4695 3084 4749 nobis
3108 4702 3211 4756 est,
3239 4694 3381 4749 dico.
3408 4695 3500 4750 Sic

1903 4786 2045 4840 euim
2068 4787 2191 4837 ait~t
2228 4785 2297 4839 Et
2329 4804 2445 4857 qua:
2475 4786 2569 4841 Dei
2596 4801 2715 4843 sunt
2749 4806 2899 4843 nemo
2942 4789 3106 4850 norit,
3132 4788 3235 4841 nisi
3268 4785 3500 4858 Spiritus

1906 4877 2004 4930 Dei
2042 4876 2104 4929 ¹⁸.
2134 4877 2198 4931 Et
2232 4894 2419 4934 rursus
2444 4880 2698 4935 Salvator
2719 4882 2853 4936 dicit
2888 4894 2903 4933 :
2946 4878 3119 4933 Nemo
3154 4880 3252 4933 scit
3288 4880 3407 4948 quis
3433 4881 3499 4932 sit

1878 4964 2109 5031 ,l’ilius,
2152 4970 2252 5022 nisi
2304 4967 2489 5027 Pater.
2527 4987 2618 5024 nec
2664 4969 2877 5021 Patrem
2903 4970 3182 5038 quisquam
3216 4968 3500 5037 cognoscit,

1910 5058 2009 5111 nisi
2035 5057 2245 5124 Filius;
2270 5072 2315 5113 et
2347 5064 2431 5114 cui
2464 5063 2682 5115 coluerit
2715 5058 2885 5112 Filius
2920 5060 3153 5114 revelare
3185 5059 3247 5110 ⁸⁸.
3286 5056 3396 5112 Hoc
3426 5057 3497 5110 illi

3071 5244 3113 5275 ”
3140 5242 3297 5298 Joan.
3330 5254 3409 5300 ιιι,
3443 5239 3497 5292 8.

1908 5246 1945 5275 ¹¹
1976 5245 2117 5302 Psal.
2147 5264 2319 5312 χχιιι,
2349 5247 2402 5300 6.
2483 5248 2524 5278 ¹²
2565 5245 2583 5299 Ι
2611 5246 2739 5302 Cor.
2771 5262 2869 5311 xu,
2906 5246 2994 5299 il.

1353 5314 1395 5342 "
1420 5312 1553 5367 Luc.
1583 5329 1636 5376 Χ,
1671 5312 1775 5377 22;
1820 5313 2007 5372 Matth.
2050 5335 2128 5383 ιι,
2161 5319 2251 5372 '27.
2296 5349 2305 5358 -

1999 5476 2114 5551 (36)
2140 5473 2516 5551 Editiﬂet‘ms’s.
2547 5468 2841 5551 nonﬁpauci
2878 5464 3043 5551 εἰκὼν
3070 5464 3172 5546 τοῦ.
3193 5462 3322 5551 1ξίοῦ
3348 5465 3500 5551 εἴρῃ-

1922 5535 2033 5613 ταὶ,
2067 5535 2237 5611 imago
2273 5542 2425 5598 Filii.
2452 5544 2631 5599 Codex
2657 5535 2812 5613 Coll).
2847 5550 2901 5594 et
2924 5538 3058 5609 Reg.
3085 5537 3303 5607 quintus
3334 5535 3502 5592 εἰκὼν

1921 5612 2027 5673 τοῦ
2049 5616 2182 5671 Θεοῦ
2215 5614 2451 5688 εἴρηται,
2484 5612 2801 5688 imagopci.

1994 5690 2107 5758 (37)
2145 5677 2284 5741 Editi
2320 5677 2478 5740 ὺῦτω
2506 5677 2645 5758 γάῥί
2674 5682 2838 5758 illud,
2876 5679 3004 5749 γάρ,
3038 5677 3246 5758 initus.
3292 5679 3464 5758 deest.

2134 5759 2267 5829 Reg.
2300 5747 3020 5832 quartusobaﬂgﬁyvmxév.
3055 5747 3344 5832 Aliquanto
3381 5759 3503 5822 post

1928 5818 2030 5890 hoc
2060 5818 2173 5903 ipso
2199 5818 2252 5887 iit
2292 5818 2428 5888 libro
2456 5829 2652 5899 legitur
2681 5824 2835 5877 τοῦτο
2870 5819 3061 5890 ἐκείνῳ
3086 5818 3291 5889 ὅμοιον.
