4208 6510
720 446 830 504 7'55

2042 448 2098 501 S.
2146 444 2396 499 BASlLll
2431 446 2646 502 MAGM

3881 452 3985 506 756

723 566 902 625 simile
936 580 952 620 :
989 574 1042 622 et
1078 565 1205 622 illud
1249 565 1388 620 idem
1419 565 1559 619 valet
1590 565 1732 634 quod
1775 565 1893 620 hoc.
1933 563 2100 619 Nobis
2130 567 2290 632 enim,
2322 570 2406 625 Α‹

2401 570 2426 620 d
2469 568 2598 629 )‘it‘c
2624 569 3034 636 ἀποκαλύψαι.
3067 568 3238 622 Τοῦτο
3272 569 3476 622 ἐκείνου
3513 571 3724 639 ὅμοιον,
3759 569 3988 624 κάκεῖνο

725 660 933 729 inquit,
962 661 1199 713 reuelauit
1254 659 1392 711 Deus
1439 674 1531 726 per
1570 657 1830 726 Spiritum
1872 675 2027 711 suum
2054 659 2119 712 ⁸⁷.
2172 657 2301 712 Vide

726 751 889 822 igitur
917 751 1367 819 quemadmodum
1411 749 1700 818 aliquando
1738 749 1950 820 quidem
1999 749 2160 803 Pater
2207 748 2298 803 Fi-

726 843 878 908 lium,
901 842 1187 912 aliquando
1211 856 1336 896 vero
1357 841 1524 897 Filius
1545 841 1753 897 Patrem
1775 843 1995 908 revelet,
2015 841 2302 912 aliquando

725 935 886 1006 315
933 945 1112 989 autem
1159 932 1393 1003 Spiritus
1443 934 1634 988 Filium
1672 945 1725 990 et
1769 934 1984 989 Patrem
2029 935 2298 989 similiter.

726 1026 907 1091 Quare
946 1033 1056 1078 tota
1090 1023 1262 1079 deitas
1305 1023 1395 1077 tibi
1429 1025 1710 1080 manifesta
1755 1035 1876 1090 est;
1913 1039 2054 1078 nunc
2084 1026 2298 1093 quidem

727 1116 783 1169 in
815 1114 993 1180 Patre,
1021 1130 1161 1169 nunc
1199 1130 1326 1169 vero
1360 1116 1410 1168 in
1440 1115 1574 1169 Filio
1604 1115 1877 1185 etSpiritu
1907 1115 1966 1169 lit
1993 1115 2297 1185 appellatio.

727 1204 796 1259 Et
832 1208 923 1261 tibi
958 1207 1315 1277 quaestionem
1353 1208 1725 1277 propheticam
1755 1208 1916 1262 solvit
1945 1219 2127 1277 aperte
2155 1209 2298 1277 Apo-

729 1299 916 1364 stolus,
941 1315 1044 1354 nec
1079 1300 1208 1354 sinit
1235 1308 1293 1352 ut
1331 1315 1430 1352 una
1472 1313 1704 1367 persona
1738 1299 2077 1354 existimetur
2103 1300 2297 1366 deitas,

727 1399 944 1460 propter
963 1405 1052 1443 eas
1075 1404 1236 1443 voces
1269 1403 1386 1456 qua:
1425 1389 1475 1442 id
1517 1388 1824 1459 signiﬁcare
1859 1398 2131 1459 putantur.
2164 1389 2298 1444 Nam

728 1494 782 1538 ει
808 1484 938 1552 ipse,
971 1482 1181 1536 etiamsi
1208 1481 1326 1533 Filii
1364 1496 1652 1550 personam
1698 1481 1892 1550 ubique
1928 1483 2072 1537 clare
2101 1482 2299 1550 praedi-

730 1584 816 1628 cet
843 1585 1097 1641 tanquam
1122 1574 1460 1637 creatricem,
1493 1582 1672 1625 tamen
1707 1574 1772 1625 ad
1807 1573 1981 1628 Patris
2010 1590 2297 1644 personant

732 1666 1065 1721 creationem
1097 1680 1308 1718 omnem
1344 1664 1576 1720 reduxit.
1612 1665 1692 1717 An
1719 1679 1822 1718 non
1856 1666 1967 1733 ipse
1996 1676 2075 1719 est
2102 1668 2192 1735 qui
2224 1667 2302 1718 di-

730 1756 807 1811 cit
837 1772 850 1807 :
889 1753 1034 1808 Unus
1065 1754 1218 1818 Deus,
1252 1753 1415 1806 Pater
1436 1793 1450 1815 ,
1483 1769 1546 1806 ex
1591 1770 1690 1821 quo
1733 1756 1928 1818 omnia,
1959 1767 2004 1806 et
2040 1773 2129 1807 nos
2163 1757 2219 1808 in
2242 1756 2302 1809 il-

733 1847 965 1908 lum;et
1023 1862 1156 1898 unus
1204 1844 1461 1897 Dominus
1509 1843 1659 1897 Iesus
1721 1843 1985 1907 Cltristus,
2009 1863 2098 1913 per
2149 1863 2298 1915 quem

2401 659 2586 711 τούτου
2623 659 2961 727 ισοδύναμον.
3010 659 3182 727 Ἡμῖν
3214 659 3344 729 γὰρ,
3376 660 3559 720 φησὶν,
3598 664 3632 712 ό
3695 659 3844 725 Θεὸς
3874 661 3989 712 ἀπο

2399 751 2667 813 εκάξῖυύε
2694 751 2789 803 διὰ
2813 751 2916 804 τοῦ
2939 752 3279 819 Πνεύματορ
3304 752 3506 803 αὑτοῦ.
3524 753 3666 821 Ὅρα
3689 751 3987 821 τοιγαροῦν

2401 843 2515 904 πῶς
2561 842 2691 894 ποτὲ
2737 842 2834 911 μὲν
2877 841 3064 912 Πατὴρ
3101 841 3225 894 Υἱὺν
3283 840 3690 902 ἀποκαλύπτει,
3752 843 3887 894 ποτὲ
3930 841 3989 893 δὲ

2400 932 2525 996 Υἱὸς
2557 934 2792 1006 Πατέρα,
2826 936 2955 986 ποτὲ
2996 933 3052 984 δὲ
3103 933 3161 985 τὸ
3207 933 3430 1002 Πνεῦμα
3458 932 3586 984 Υἱδν
3621 932 3716 984 καὶ
3757 932 3989 1003 Πατέρα

2401 1024 2675 1086 ὡσαύτως.
2710 1025 2870 1076 Ὥστε
2904 1027 2935 1095 ἡ
2970 1024 3230 1094 σύμπασα
3272 1024 3459 1092 θεότης
3497 1022 3658 1092 δῆλός
3707 1039 3792 1074 σοι
3840 1024 3984 1088 ('59),

2403 1113 2531 1164 ποτε
2577 1113 2674 1181 μὲν
2715 1114 2771 1164 ἐν
2819 1113 3026 1183 Πατρὶ,
3064 1112 3194 1164 ποτὲ
3231 1111 3286 1163 δὲ
3326 1113 3384 1163 ὲν
3426 1109 3540 1180 Υἱῷ
3571 1111 3666 1164 καὶ
3701 1111 3985 1179 Πνεύματι

2404 1203 2740 1274 προσηγορία
2788 1205 3019 1272 γίνεται.
3080 1203 3190 1256 Καὶ
3243 1203 3325 1254 σοὶ
3372 1202 3487 1254 λύει
3531 1203 3591 1255 τὸ
3642 1203 3985 1272 προφητικὸν

2403 1297 2616 1366 ζήτημα
2653 1296 2834 1365 σαφῶς
2868 1298 2896 1348 ὁ
2936 1294 3278 1356 Ἀπόστολος,
3310 1295 3402 1346 καὶ
3441 1295 3540 1347 οὐκ
3580 1296 3648 1365 ἐᾷ
3676 1295 3982 1365 πρόσωπον

2403 1388 2458 1440 ἓν
2489 1388 2774 1440 ὑπολαϐεῖν
2815 1388 2912 1458 τὴν
2944 1388 3172 1458 Θεότητα
3205 1386 3294 1440 διὰ
3329 1386 3424 1449 τὰς
3465 1387 3623 1439 τοῦτο
3664 1386 3865 1457 δηλοῦν
3900 1403 3984 1437 νο-

2406 1479 2701 1549 μιζομένας
2742 1482 2942 1548 φωνάς.
2990 1479 3143 1531 Ἐπεὶ
3187 1479 3276 1529 καὶ
3315 1478 3506 1540 αὐτὸς,
3561 1480 3742 1531 καίτοι
3784 1477 3848 1530 τὸ
3893 1480 3979 1528 τοῦ

2406 1572 2537 1622 Tim";
2583 1572 2870 1641 πρόσωπον
2909 1571 3096 1640 σαφῶς
3139 1569 3410 1639 πανταχοῦ
3443 1575 3729 1640 κηρύττων
3771 1570 3848 1628 ὡς
3890 1570 3980 1635 δηο

2408 1662 2747 1730 μιουργικὸν.
2800 1664 2948 1732 ὅμως
2993 1664 3072 1725 εἰς
3107 1662 3165 1715 τὸ
3196 1661 3287 1714 τοῦ
3329 1661 3539 1732 Πατρὸς
3576 1667 3868 1731 πῷσωπον
3902 1679 3980 1713 απ-

2403 1771 2575 1824 ηγσ.γε
2634 1755 2731 1824 τὴν
2785 1756 2963 1806 πᾶσαν
3016 1753 3392 1825 δημιουργίαν,
3434 1755 3506 1805 Ἢ
3534 1753 3642 1822 γὰρ
3669 1755 3770 1806 οὐκ
3823 1755 3980 1816 αὑτός

2403 1850 2546 1899 ἐστιν
2578 1849 2605 1897 ὁ
2636 1846 2808 1914 λέγων
2832 1864 2844 1876 ο
2884 1843 2985 1912 Εἷς
3024 1848 3188 1913 Θεὸς,
3233 1850 3264 1900 o'
3294 1844 3514 1912 Πατὴρ,
3546 1845 3614 1908 ἐξ
3645 1841 3717 1900 οὗ
3745 1846 3818 1898 τὰ
3840 1846 3981 1898 πάι·-

734 1936 931 2000 omnia,
977 1947 1025 1990 et
1060 1953 1151 1990 nos
1188 1952 1278 2000 per
1318 1937 1483 2002 ipsum
1507 1936 1602 1987 t'?
1649 1936 1716 1988 Et
1752 1951 1875 1990 cum
1938 1913 2191 1989 similiter
2218 1939 2303 1992 hic
2334 1913 2376 1967 Β

2411 1957 2501 2002 τα,
2534 1939 2630 1992 καὶ
2666 1913 2835 2008 ἡμεῖς
2872 1944 2959 2007 εἰς
2985 1942 3171 1994 αὐτόν
3195 1959 3208 1970 ·
3256 1939 3354 1993 καὶ
3383 1934 3470 2003 εἷς
3497 1940 3712 2006 Κύριος
3756 1937 3981 2004 Ἰησοῦς

735 2044 899 2082 unum
948 2038 1002 2084 et
1049 2045 1213 2082 unum
1272 2028 1474 2095 liquido
1524 2029 1743 2091 dixerit,
1775 2038 1938 2095 atque
1976 2045 2068 2094 per
2109 2030 2299 2084 Filium

735 2118 852 2171 ﬁeri
881 2119 1059 2170 omnia
1089 2126 1317 2171 testatus
1345 2119 1433 2180 sit,
1469 2134 1633 2171 unum
1671 2133 1791 2172 esse
1820 2119 1886 2170 ad
1925 2118 2193 2173 Romanos
2219 2121 2301 2174 di-

735 2207 839 2271 xit,
870 2220 922 2262 et
952 2223 1046 2275 per
1084 2209 1253 2275 ipsum
1281 2210 1460 2261 omnia
1490 2210 1602 2262 lieri
1641 2207 1862 2268 addidit,
1905 2225 2012 2262 non
2037 2211 2205 2264 solum
2236 2227 2302 2266 ex

737 2299 873 2367 ipso.
903 2299 1079 2364 Quare
1109 2301 1338 2353 indicata
1376 2302 1426 2353 in
1458 2301 1714 2354 dualitate
1738 2299 1991 2365 dualitas,
2025 2313 2115 2355 aut
2141 2305 2302 2357 etiam

737 2389 953 2443 trinitas
995 2389 1048 2443 in
1082 2390 1338 2454 trinitate,
1367 2391 1586 2460 perinde
1635 2391 1689 2443 in
1727 2391 1917 2444 eodem
1945 2391 2202 2460 Apostolo
2222 2404 2306 2448 at-

735 2498 842 2554 que
876 2483 927 2536 in
956 2483 1229 2551 prophetis
1261 2495 1446 2549 aperte
1475 2484 1871 2549 testiﬁcabitur,
1913 2498 2007 2537 eos
2040 2500 2146 2538 non
2177 2487 2309 2541 dua-

738 2581 976 2644 litatem,
1002 2581 1108 2632 imo
1147 2596 1244 2633 nec
1292 2580 1608 2632 Trinitatem
1652 2579 1860 2640 tollere,
1887 2593 2010 2631 cum
2049 2580 2306 2634 unitatem

739 2673 1030 2742 praedicant
1059 2687 1071 2722 :
1106 2671 1198 2724 sed
1231 2685 1342 2736 eos,
1375 2671 1590 2726 deitatis
1611 2669 1824 2741 cognita
1852 2670 2080 2736 unitate,
2112 2681 2221 2725 tres
2256 2673 2308 2726 in

739 2780 844 2820 una
869 2779 1095 2834 persona
1118 2765 1429 2834 praedicare.

813 3033 869 3087 4.
910 3029 978 3085 Et
1003 3031 1070 3084 ab
1098 3030 1247 3084 initio
1277 3031 1489 3100 quidem
1531 3029 1584 3084 in
1619 3030 1803 3085 mundi
1835 3030 2110 3086 creatione
2141 3031 2309 3087 Deum

744 3125 814 3180 ad
831 3124 1025 3180 Filium
1058 3133 1112 3178 et
1136 3122 1396 3192 Spiritum
1435 3123 1669 3177 locutum
1698 3122 1865 3178 fuisse
1889 3131 2118 3188 constat,
2141 3140 2312 3193 quan-

746 3217 1035 3283 doquidem
1069 3215 1216 3269 illum
1252 3214 1426 3268 Moses
1471 3214 1680 3268 induxit
1719 3214 1876 3283 quasi
1917 3215 2090 3284 magis
2132 3215 2310 3269 homi-

747 3324 877 3361 num
924 3322 1074 3361 more
1123 3307 1511 3374 colloquentem
1563 3319 1627 3359 ac
1685 3304 1948 3361 dicentem
1983 3321 1998 3359 :
2028 3304 2313 3360 Faciamus

749 3398 1009 3452 hominem
1036 3395 1104 3448 ad
1152 3394 1426 3462 imaginem
1455 3403 1502 3444 et
1549 3393 1947 3446 similitudinem
1980 3405 2209 3446 nostram
2249 3393 2314 3447 ¹³.

748 3489 829 3544 Ad
857 3503 1013 3557 quem
1052 3486 1193 3541 enim
1231 3484 1380 3551 dicit,
1407 3483 1724 3546 Faciamus,
1767 3484 1869 3537 nisi
1902 3484 1969 3537 ad
2009 3485 2239 3539 Verbum
2265 3494 2319 3540 et

753 3581 1084 3650 unigenitum
1115 3576 1339 3640 Filium,
1369 3591 1460 3644 per
1495 3591 1645 3647 quem
1699 3575 1875 3627 omnia
1927 3575 2068 3643 facta
2104 3587 2221 3627 sunt
2243 3577 2311 3642 '°,

753 3673 1048 3727 secundum
1071 3671 1476 3738 evangelistam,
1504 3678 1559 3722 et
1586 3667 1652 3721 ad
1681 3666 1960 3735 Spiritum,
1986 3669 2051 3719 de
2070 3682 2174 3734 quo
2194 3668 2326 3721 scri-

755 3774 905 3834 ptum
930 3773 1034 3830 est,
1065 3762 1294 3832 Spiritus
1327 3763 1531 3815 divinus
1555 3801 1568 3824 ,
1593 3761 1683 3828 qui
1713 3759 1834 3827 fecit
1870 3776 1950 3812 me
1979 3760 2022 3790 ²¹
2052 3760 2074 3811 ?
2104 3759 2254 3826 Quod
2281 3759 2326 3813 si

759 3871 864 3909 non
904 3870 1155 3923 expresse
1184 3855 1314 3908 dicit
1356 3854 1421 3907 de
1464 3853 1662 3921 quibus
1687 3861 1780 3905 aut
1809 3851 2123 3920 quibuscum
2149 3853 2330 3922 loque-

761 3955 932 4009 retur,
965 3955 1141 3996 tamen
1174 3959 1292 3996 eum
1334 3959 1436 3997 non
1471 3945 1536 3997 de
1565 3959 1624 3998 se
1659 3942 1773 3997 solo
1815 3943 1958 4014 loqui
1996 3955 2326 4012 compertum

759 4041 852 4104 sit,
885 4053 1004 4093 cum
1034 4035 1166 4090 dicit
1194 4051 1208 4087 :
1236 4034 1368 4088 Ecce
1399 4035 1566 4086 Adam
1602 4036 1771 4102 factus
1803 4048 1875 4088 est
1914 4046 1968 4088 ut
2000 4054 2134 4090 unus
2168 4053 2194 4089 ε
2235 4053 2328 4089 no-

763 4135 839 4186 bis
871 4133 935 4186 ³¹.
973 4130 1037 4183 Et
1070 4144 1278 4183 rursum
1306 4143 1319 4180 :
1355 4124 1546 4190 Venite,
1569 4128 1929 4181 descendentes
1952 4129 2332 4195 confundantus

761 4240 941 4278 eorum
971 4222 1172 4290 linguas
1201 4221 1268 4286 ³³,
1289 4221 1525 4275 utetiam
1560 4219 1720 4274 simul
1752 4218 2024 4274 numerari
2057 4233 2150 4272 eos
2178 4218 2336 4272 intel-

838 4318 879 4349 ‘7
911 4316 929 4368 Ι
959 4315 1081 4369 Cor.
1118 4330 1176 4377 ιι,
1207 4314 1292 4369 10.
1399 4315 1441 4345 ⁸⁸
1469 4314 1630 4368 lCor.
1660 4331 1778 4382 vm,
1807 4317 1862 4370 6.
1964 4315 2005 4346 ¹⁹
2042 4313 2174 4368 Ceu.
2208 4329 2244 4381 ι,
2274 4314 2363 4372 26.

767 4389 812 4418 ’³
837 4387 971 4442 Gen.
1004 4402 1080 4446 XI,
1114 4387 1167 4438 7.

837 4476 950 4544 (39)
1007 4477 1142 4530 Editi
1172 4477 1330 4528 Ὥστε
1382 4477 1416 4546 ἡ
1475 4473 1735 4546 σύμπασα
1770 4474 1961 4546 θεότης
2009 4476 2165 4545 δῆλός
2212 4497 2321 4532 σοι·

773 4549 900 4600 ποτὲ
939 4546 1484 4617 μένηεπροσηγορίᾳ
1511 4564 1523 4576 ·
1559 4548 1666 4617 ubi,
1688 4549 2026 4617 notesivelim
2059 4551 2161 4599 iota
2198 4553 2328 4600 sub-
2357 4555 2406 4612 ι)

773 4615 1054 4684 scriptum.
1096 4615 1322 4670 Veteres
1366 4615 1596 4681 quatuor
1657 4616 1777 4669 libri
1813 4615 1975 4666 Ὥστε
2005 4617 2037 4683 ἡ
2071 4617 2331 4685 σύμπασα

774 4687 962 4757 θεότης
989 4686 1282 4755 δηλώσει...
1319 4687 1445 4739 ποτὲ
1478 4687 1594 4757 μέν,
1622 4699 1722 4740 etc.
1759 4685 1859 4739 Alii
1892 4688 2342 4757 ll‘CSlllSSauﬂs’TE

775 4760 808 4825 ἡ
834 4755 1092 4828 σύμπασα
1116 4757 1301 4828 θεότης
1336 4759 1464 4809 ποτε
1497 4756 1614 4828 μέν,
1647 4768 1749 4828 etc.
1783 4755 2136 4828 Ciut‘ttbclisius
2167 4755 2343 4828 lcgeu-

776 4826 1081 4896 duntputat
1108 4826 1358 4897 δηλώσει,
1397 4826 1777 4891 manifestabil.
1807 4827 1912 4880 Sed
1959 4843 2062 4879 non
2096 4827 2343 4897 animad-

778 4899 942 4952 vertit
993 4899 1076 4951 vir
1132 4896 1499 4958 doctissimus,
1552 4897 1706 4958 fore,
1769 4906 1825 4948 ut
1891 4900 2114 4950 verbum
2168 4896 2340 4966 δηλώ-

783 4986 864 5021 σει
915 4983 1041 5022 casu
1073 4983 1171 5023 suo
1215 4979 1415 5022 cat-eat.
1448 4968 1738 5034 Antiquam
1775 4967 1937 5035 igitur
1969 4977 2346 5034 receptamque

783 5039 1093 5100 lectionem,
1124 5053 1242 5106 qum
1267 5037 1517 5090 omnibus
1541 5038 1653 5089 suis
1696 5039 1934 5090 numeris
1964 5040 2204 5091 absoluta
2240 5048 2344 5100 est,

784 5111 1016 5160 retinere
1040 5109 1222 5160 malui.
1251 5107 1524 5168 Attamen,
1557 5117 1610 5160 ut
1649 5121 1833 5158 verum
1861 5109 2053 5164 fatear.
2084 5110 2250 5160 locavi
2283 5110 2347 5159 de

783 5192 903 5230 meo
929 5178 1186 5245 virgulam
1246 5189 1366 5245 post
1402 5193 1583 5230 vocent
1620 5177 1724 5240 σοί,
1764 5189 2136 5244 pnetereaque
2160 5194 2345 5232 vocem

785 5246 1125 5317 προσηγορία
1179 5246 1295 5300 sine
1344 5248 1447 5300 iota
1485 5249 1792 5314 subscripto
1839 5250 2102 5301 edendam
2139 5250 2344 5300 curavi.

788 5321 962 5385 Atque
1030 5328 1262 5387 veterem
1317 5319 1636 5386 scripturam
1683 5317 1758 5370 sic
1802 5319 2116 5387 castigatam
2182 5320 2346 5385 recipi

789 5401 946 5456 posse
980 5396 1129 5456 puto.
1163 5386 1234 5438 Ex
1270 5388 1424 5441 libris
1454 5403 1611 5440 manu
1649 5387 1908 5452 exaratis,
1940 5386 2080 5457 quod
2120 5388 2171 5440 iu
2216 5391 2348 5457 ipsis

791 5457 894 5511 iota
930 5459 1290 5527 subscriptum
1320 5459 1491 5511 notari
1520 5474 1623 5512 non
1643 5459 1797 5522 solet,
1824 5458 1957 5514 lucis
1977 5459 2110 5513 ttibil
2135 5470 2350 5512 mutua-

790 5542 834 5581 1⁵1
859 5540 1022 5581 οοιιιι.

859 5542 1230 5671 ἳιῗὸἳ-Ιῆειετεε
1283 5599 1485 5671 aliquot
1533 5600 1652 5654 libri
1696 5599 1899 5668 Ἰησοῦς
1945 5598 2200 5671 Χριστός.
2235 5598 2352 5654 Vox

795 5667 1028 5736 Χριστός
1055 5669 1109 5721 in
1130 5670 1286 5723 editis
1308 5670 1735 5724 desiderabatur.

867 5737 977 5812 (Ai)
1009 5740 1145 5812 [ξιιίιί
1178 5743 1270 5794 καὶ
1299 5739 1390 5794 τὸν
1434 5740 1499 5793 δι’
1531 5738 1592 5795 οὗ
1620 5739 1796 5794 πάντα
1836 5738 2040 5812 γίνεται
2071 5757 2353 5812 μεμαρτυ-

797 5807 999 5879 ρηκῴς.
1023 5809 1241 5864 Veteres
1262 5822 1490 5879 quatuor
1519 5813 1637 5865 libri
1668 5812 1762 5863 καὶ
1800 5807 1860 5863 τὸ
1883 5813 1947 5867 δι’
1974 5808 2033 5866 οὗ
2058 5807 2240 5864 πάντα
2271 5809 2354 5877 γί-

802 5877 983 5934 νεσθαι
1019 5898 1219 5944 usitato.
1245 5877 1419 5938 Codex
1462 5883 1615 5939 Coll).
1660 5893 1714 5938 et
1745 5881 1831 5937 alii
1861 5883 1963 5939 duo
1994 5883 2141 5940 [lculi
2166 5882 2256 5936 καὶ
2295 5880 2357 5933 τὸ

2344 3267 2386 3325 C

2409 2031 2660 2101 Χριστὸς
2687 2031 2819 2098 (40),
2859 2031 2930 2083 δι’
2957 2027 3028 2087 οὗ
3067 2032 3138 2084 τὰ
3166 2030 3379 2096 πάντα,
3415 2027 3514 2082 καὶ
3564 2029 3740 2095 ἡμεῖς
3773 2028 3846 2080 δι’
3884 2032 3982 2081 αὑ·

2410 2124 2552 2186 τοῦ;
2577 2123 2687 2175 Καὶ
2710 2122 2909 2191 ὁμοίως
2931 2123 3163 2176 ἐνταῦθα
3187 2123 3276 2176 τὸν
3304 2121 3398 2174 ἕνα
3431 2119 3524 2173 καὶ
3556 2119 3644 2170 τὸν
3677 2118 3774 2171 ἕνα
3806 2120 3982 2187 σαφῶς

2411 2215 2664 2287 εἰρηκὼς,
2716 2216 2808 2266 καὶ
2841 2215 2901 2266 τὸ
2940 2215 3004 2266 δι’
3038 2215 3167 2268 Υἱοῦ
3200 2215 3379 2267 πάντα
3422 2211 3668 2282 γίνεσθαι
3705 2230 3984 2283 μεμαρτυ·

2414 2306 2595 2378 ρηκὼς
2641 2305 2773 2376 (li),
2829 2306 2925 2358 Eva
2954 2306 3086 2377 πρὸς
3121 2306 3427 2376 Ῥωμαίους
3459 2305 3672 2378 εἴρηκε,
3702 2307 3798 2358 καὶ
3824 2307 3884 2358 τὸ
3921 2303 3985 2359 δι’

2411 2398 2574 2451 αὐτοῦ
2605 2398 2850 2466 γίνεσθαι
2883 2399 3059 2451 πάντα
3112 2399 3518 2469 προστέθεικεν.
3549 2397 3609 2450 ού
3656 2396 3822 2467 μῶιον
3847 2397 3909 2449 τὸ
3932 2396 3986 2461 ἐξ

2412 2491 2596 2544 αὑτοῦ.
2617 2491 2779 2542 Ὥστε
2806 2496 2838 2559 η
2862 2488 2993 2550 δυὰς
3023 2491 3079 2542 ἐν
3106 2488 3632 2558 δυάδιδεδηλωμένη,
3662 2487 3696 2558 ἢ
3724 2487 3986 2556 καὶτριας

2414 2583 2471 2634 ὲν
2518 2582 2717 2652 τριάδι,
2762 2579 3024 2643 ὡσαύτως
3063 2580 3119 2631 ὲν
3152 2579 3231 2652 τῷ
3270 2580 3418 2649 αὐτῷ
3456 2577 3766 2640 Ἀποστόλῳ
3808 2577 3988 2644 σαφῶς

2419 2675 2859 2744 μαρτυρήσεικαῖ
2887 2675 2998 2737 τοῖς
3021 2676 3346 2746 προφήταις,
3364 2674 3443 2727 ὅτι
3464 2673 3537 2744 μὴ
3561 2671 3675 2744 (42)
3702 2671 3803 2743 τὴν
3829 2670 3990 2724 δυάδα

2415 2763 2726 2832 ἀναιροῦσι·
2761 2765 2958 2834 μᾶλλον
2984 2765 3041 2818 δὲ
3073 2765 3277 2836 Τριάδα
3308 2766 3406 2837 τὴν
3425 2764 3630 2835 μονάδα
3684 2763 3988 2834 κηρύσσον-

2415 2875 2528 2922 τες,
2563 2857 2678 2910 ἀλλ’
2717 2857 2944 2925 ἑνότητα
2977 2858 3229 2927 Θεότητος
3257 2859 3476 2920 εἰδότες,
3511 2859 3567 2910 ὲν
3598 2857 3681 2909 ἐνὶ
3711 2855 3988 2926 προσώπῳ

2415 2950 2484 3005 τὰ
2511 2950 2637 3022 τρία
2665 2967 2733 3020 κη
2743 2947 3019 3019 ρύσσουσι.

2486 3042 2540 3096 4.
2568 3041 2676 3094 Καὶ
2699 3041 2792 3094 ἀπ’
2823 3040 2997 3112 ἀρχῆς
3037 3038 3138 3106 μὲν
3165 3036 3308 3091 κατὰ
3335 3037 3434 3108 τὴν
3459 3035 3826 3106 κοσμοποιίαν
3859 3035 3990 3105 πρὸς

2418 3131 2508 3184 τὸν
2531 3132 2658 3184 Υἰδν
2693 3133 2785 3185 καὶ
2840 3132 2901 3185 τὸ
2939 3131 3162 3202 Πνεῦμα
3187 3129 3564 3200 διαλεγόμενος
3597 3127 3755 3199 δῆλός
3786 3129 3932 3180 ἐστιν
3964 3128 3990 3176 ὁ

2420 3223 2573 3285 Θεὸς,
2606 3222 2681 3284 ὡς
2728 3222 3204 3294 ἁνΘρωπι-κωτέρῳ
3236 3221 3392 3291 τύπῳ
3432 3219 3782 3290 παρέστησεν
3819 3218 3930 3287 (45)
3963 3218 3989 3267 ὁ

2422 3315 2627 3384 Μωσῆς
2655 3314 3037 3384 διαλεγόμενον
3074 3315 3233 3366 αὐτὸν
3260 3313 3354 3366 καὶ
3389 3313 3693 3381 φάσκοντα·
3727 3309 3990 3377 Ποιήσω-

2413 3425 2530 3480 μεν
2587 3406 2901 3474 ἄνθρωπον
2951 3404 3076 3457 κατ’
3122 3406 3325 3458 εἰκόνα
3376 3401 3669 3472 ἡμετέραν
3721 3401 3821 3456 καὶ
3865 3400 3988 3453 καθ’

2419 3502 2728 3571 ὁμοίωσιν.
2757 3497 2873 3551 Τίνι
2888 3496 2994 3567 γὰρ
3011 3495 3162 3563 λέγει
3194 3495 3274 3556 τὸ,
3307 3494 3699 3565 Ποιήσωμεν,ῆ
3730 3492 3810 3563 τῷ
3839 3492 3990 3560 Λόγῳ

2422 3595 2515 3647 καὶ
2552 3595 2829 3663 μονογενεῖ
2858 3589 2991 3660 Υἱῷ,
3025 3589 3102 3642 δι’
3134 3584 3205 3643 οὗ
3234 3588 3305 3640 τὰ
3351 3588 3544 3643 πάντα
3570 3587 3830 3658 ἐγένετο,
3859 3585 3989 3639 κατὰ

2421 3685 2512 3736 τὸν
2538 3681 2949 3754 εύαγγελιστὴν,
2981 3681 3075 3734 καὶ
3095 3678 3173 3751 τῷ
3207 3677 3482 3747 Πνεύματι
3500 3719 3514 3741 ,
3550 3681 3679 3748 περ).
3707 3673 3767 3732 οὗ
3793 3678 3988 3745 γέγρα-

2425 3789 2575 3832 πται,
2611 3774 2854 3843 Πνεῦμα
2869 3772 3033 3827 θεῖον
3052 3771 3119 3825 τὸ
3148 3766 3416 3837 ποιῆσάν
3437 3784 3544 3836 με;
3579 3769 3641 3820 Et
3683 3768 3741 3820 δὲ
3780 3768 3875 3820 καὶ
3921 3764 3987 3836 μὴ

2427 3863 2606 3934 ῥητῶς
2621 3863 2767 3933 λέγει
2785 3866 2898 3935 (44)
2925 3865 3054 3937 περὶ
3076 3861 3306 3932 τίνων,ἢ
3333 3859 3469 3932 πρὸς
3492 3859 3642 3923 τίνας
3663 3859 3984 3926 διαλέγεται,

2425 3956 2574 4026 ὅμως
2603 3957 2683 4009 ὅτι
2717 3956 2790 4027 μὴ
2812 3976 2876 4012 πε
2885 3958 2938 4029 ρί
2962 3955 3153 4009 ἑαυτοῦ
3183 3954 3342 4026 μόνου
3370 3951 3516 4020 λέγει
3542 3949 3700 4018 δῆλόν
3728 3950 3987 4010 sermo-:5

2429 4046 2620 4117 φησίνο
2667 4047 2820 4102 Ἰδοὺ
2859 4047 3031 4117 Ἀδὰμ
3058 4047 3304 4117 γέγονεν
3332 4046 3412 4110 ὠς
3432 4038 3520 4109 εἷς
3549 4041 3617 4106 ἐξ
3655 4039 3827 4109 ήμῶν
3849 4056 3863 4069 ·
3907 4039 3987 4090 καὶ

2428 4137 2590 4189 πάλιν
2613 4154 2628 4168 ·
2661 4141 2860 4203 Δεῦτε,
2895 4138 3258 4203 καταϐάντες
3283 4136 3634 4205 συγχέωμεν
3670 4130 3870 4186 αὐτῶν
3895 4130 3987 4193 τὰς

2434 4227 2713 4296 γλώττας,
2770 4233 2858 4284 ἵνα
2904 4231 2999 4284 καὶ
3033 4229 3566 4300 συναριθμουμένους
3609 4227 3830 4297 νοήσῃς.
3865 4221 3984 4274 Οὔτε

2459 4325 2502 4354 ²⁰
2541 4323 2694 4380 Joan.
2729 4343 2768 4388 ι,
2799 4326 2853 4379 5.
2966 4326 3007 4355 ³⁸
3036 4322 3134 4377 Job
3164 4340 3360 4386 xxxiii,
3387 4323 3440 4375 ι.
3543 4324 3587 4352 ²²
3619 4321 3755 4374 Gen.
3802 4335 3879 4380 ιιι,
3906 4315 3983 4377 23,

2437 4482 2502 4534 δι’
2531 4477 2659 4531 Υἱοῦ
2693 4477 2868 4548 πάντα
2901 4475 3142 4546 γίνεσθαι
3170 4471 3636 4548 μεμαρτυρηκώς,
3656 4470 3812 4525 bene.

2504 4550 2615 4621 (42)
2650 4549 2797 4621 Illud,
2823 4545 3052 4621 ὅτιμή.
3084 4545 3215 4602 εἰς..
3245 4545 3585 4621 εξονετιοιῃ
3616 4545 3889 4621 interpres
3912 4554 3985 4621 ve-

2445 4611 2550 4684 tus,
2586 4611 2721 4690 quod
2776 4635 2876 4670 non
2908 4611 3370 4690 dvitalilatem,_imo
3401 4632 3491 4690 nec
3527 4613 3847 4690 ⁵Τι’ἱηὶιαςεηι
3901 4611 3986 4660 tol-

2445 4683 2754 4752 lunt,'dum
2790 4690 3046 4741 unitatem
3089 4687 3396 4755 pradicant.
3429 4683 3541 4755 Sed
3575 4684 3986 4755 baecginterprc-

2447 4751 2576 4814 latio
2618 4775 2722 4812 non
2747 4759 2940 4828 placuit
2966 4751 3310 4828 Combelisio,
3352 4753 3439 4828 qui
3481 4752 3658 4828 potius
3683 4751 3765 4803 sic
3793 4760 3986 4828 verten-

2444 4832 2569 4884 dum
2625 4819 2873 4895 puta'vit:
2921 4827 3105 4880 Palam
3154 4819 3450 4897 testimonio
3482 4819 3611 4897 ierit,
3650 4836 3773 4870 nam
3825 4819 3987 4897 tollere

2444 4918 2528 4954 eos
2585 4893 2916 4958 dualitatem,
2951 4901 3074 4966 quin
3126 4897 3300 4963 potius
3362 4893 3705 4966 Trinitatem,
3747 4893 3987 4966 unitatem

2445 4971 2755 5036 pra'dicare.
2787 4969 2855 5019 At
2895 4960 3024 5041 pace
3050 4960 3146 5021 viri
3171 4963 3469 5041 doctissimi
3493 4960 3987 5041 dixeriminterpre-

2451 5052 2554 5094 tem
2583 5050 2821 5093 veterem
2853 5038 3137 5111 verborum
3171 5036 3482 5111 Grtecorum
3509 5036 3836 5111 sententiam
3893 5043 3985 5080 non

2449 5113 2586 5165 male
2617 5111 2965 5174 expressisse.
2998 5107 3165 5162 Nemo
3198 5109 3340 5161 enim
3381 5119 3484 5158 non
3531 5103 3678 5156 videt
3735 5103 3843 5152 vim
3891 5112 3990 5176 ver-

2448 5182 2636 5234 borum
2668 5180 2718 5230 in
2751 5178 2920 5246 ellipsi
2953 5180 3180 5248 positam
3209 5192 3327 5232 esse
3365 5187 3555 5248 totam,
3581 5178 3873 5248 caquet‘ut
3917 5183 3986 5248 ut:

2451 5250 2780 5321 telligantur,
2814 5234 3052 5321 consirui
3081 5248 3392 5321 _boc_mo_do
3431 5234 3627 5321 debere
3660 5234 3680 5296 ἶ
3722 5238 3914 5321 μᾷλλον
3942 5234 3989 5288 δὲ

2453 5313 2814 5392 μαρτυρήσει,
2851 5322 2932 5373 ὅτι
2973 5318 3046 5389 μὴ
3074 5313 3622 5392 ΔΤριάδαΔ-ἁναιροῡσιν
3651 5313 3988 5392 κηρύσσοντες

2449 5379 2545 5462 τὴν
2586 5379 2810 5460 μόνᾶδα,
2838 5379 2992 5457 atque
3015 5379 3143 5442 adeo
3168 5405 3238 5462 ne
3265 5379 3573 5439 Trinitatem
3603 5379 3808 5451 quidem
3835 5379 3988 5433 tollere

2451 5459 2722 5518 tu'm.'cum
2751 5462 2995 5513 unitatem
3031 5459 3340 5524 prwdicant.

2522 5532 2632 5601 (45)
2668 5531 2802 5584 Editi
2827 5541 2880 5584 et
2903 5521 3108 5597 aliquot
3129 5543 3259 5601 mss.
3288 5527 3446 5601 τύπῳ
3479 5521 3868 5601 παρεσπειρεν,
3905 5531 3988 5601 non

2453 5595 2625 5656 recte'
2663 5617 2678 5654 :
2737 5611 2790 5652 at
2835 5595 3119 5653 emendate
3157 5599 3354 5668 legitur
3401 5595 3453 5650 in
3520 5595 3703 5664 Regiis
3748 5595 3913 5662 primo
3948 5596 3990 5639 et

2455 5685 2645 5743 quarto
2665 5669 3208 5743 :Ctiﬁtpi’naopéO'TnO’Ey‘.

2527 5742 2638 5810 (M)
2665 5740 2720 5795 In
2744 5732 2939 5810 majori
2964 5732 3118 5808 parte
3145 5739 3400 5810 librorum
3431 5735 3777 5806 antiquorum
3806 5748 3896 5804 pro
3914 5732 3991 5788 λέ-

2457 5807 2544 5877 γει
2569 5807 2841 5882 scriptum
2868 5807 3172 5866 invenimus
3197 5807 3488 5878 δεδήλωκε.
