  <div class='ocr_page' id='page_1' title='image "/cluster/home/n/w/nwhite01/storage/ocr_20150623/29/uva.x004321530/798.png"; bbox 0 0 4208 6486; ppageno 0'>
   <div class='ocr_carea' id='block_1_1' title="bbox 233 469 266 650">
    <p class='ocr_par' dir='ltr' id='par_1_1' title="bbox 233 469 266 650">
     <span class='ocr_line' id='line_1_1' title="bbox 233 469 264 484; baseline 0 -2"><span class='ocrx_word' id='word_1_1' title='bbox 233 469 264 484; x_wconf 88' lang='grc'><strong>..</strong></span> 
     </span>
     <span class='ocr_line' id='line_1_2' title="bbox 244 491 257 519; baseline 0 0"><span class='ocrx_word' id='word_1_2' title='bbox 244 491 257 519; x_wconf 73' lang='grc' dir='ltr'><strong>ι</strong></span> 
     </span>
     <span class='ocr_line' id='line_1_3' title="bbox 233 602 266 650; baseline 0 0"><span class='ocrx_word' id='word_1_3' title='bbox 233 602 266 650; x_wconf 67' lang='grc' dir='ltr'>Υ</span> 
     </span>
    </p>
   </div>
   <div class='ocr_carea' id='block_1_2' title="bbox 233 666 1806 742">
    <p class='ocr_par' dir='ltr' id='par_1_2' title="bbox 233 666 1806 742">
     <span class='ocr_line' id='line_1_4' title="bbox 233 666 1806 742; baseline 0.001 -22"><span class='ocrx_word' id='word_1_4' title='bbox 233 688 317 731; x_wconf 79' lang='grc' dir='ltr'><strong>τις</strong></span> <span class='ocrx_word' id='word_1_5' title='bbox 342 668 419 739; x_wconf 81' lang='grc' dir='ltr'>τῷ</span> <span class='ocrx_word' id='word_1_6' title='bbox 445 668 755 740; x_wconf 72' lang='grc' dir='ltr'>δημιουργῷ</span> <span class='ocrx_word' id='word_1_7' title='bbox 784 666 876 717; x_wconf 77' lang='grc' dir='ltr'>καὶ</span> <span class='ocrx_word' id='word_1_8' title='bbox 902 670 1164 739; x_wconf 58' lang='grc' dir='ltr'>Δεσπότης,</span> <span class='ocrx_word' id='word_1_9' title='bbox 1199 666 1319 719; x_wconf 68' lang='grc' dir='ltr'>οὔτε</span> <span class='ocrx_word' id='word_1_10' title='bbox 1351 669 1468 737; x_wconf 83' lang='grc' dir='ltr'>Θεῷ</span> <span class='ocrx_word' id='word_1_11' title='bbox 1503 671 1611 742; x_wconf 65' lang='grc'>(46)</span> <span class='ocrx_word' id='word_1_12' title='bbox 1649 671 1806 725; x_wconf 74' lang='grc' dir='ltr'>πάλιν</span> 
     </span>
    </p>
   </div>
   <div class='ocr_carea' id='block_1_3' title="bbox 234 755 1805 834">
    <p class='ocr_par' dir='ltr' id='par_1_3' title="bbox 234 755 1805 834">
     <span class='ocr_line' id='line_1_5' title="bbox 234 755 1805 834; baseline 0.001 -21"><span class='ocrx_word' id='word_1_13' title='bbox 234 763 294 813; x_wconf 87' lang='grc' dir='ltr'>ἒν</span> <span class='ocrx_word' id='word_1_14' title='bbox 333 763 620 834; x_wconf 80' lang='grc' dir='ltr'>πρόσωπον</span> <span class='ocrx_word' id='word_1_15' title='bbox 656 755 764 812; x_wconf 76' lang='grc' dir='ltr'>οἷόν</span> <span class='ocrx_word' id='word_1_16' title='bbox 793 777 851 811; x_wconf 84' lang='grc' dir='ltr'><strong>τε</strong></span> <span class='ocrx_word' id='word_1_17' title='bbox 874 766 1034 823; x_wconf 81' lang='grc' dir='ltr'>νοεῖν,</span> <span class='ocrx_word' id='word_1_18' title='bbox 1067 762 1145 830; x_wconf 76' lang='grc' dir='ltr'>τῷ</span> <span class='ocrx_word' id='word_1_19' title='bbox 1174 760 1427 828; x_wconf 83' lang='grc' dir='ltr'>λέγεσθαι</span> <span class='ocrx_word' id='word_1_20' title='bbox 1448 779 1460 790; x_wconf 89' lang='grc'>·</span> <span class='ocrx_word' id='word_1_21' title='bbox 1506 764 1597 829; x_wconf 85' lang='grc' dir='ltr'><strong>’.Ως</strong></span> <span class='ocrx_word' id='word_1_22' title='bbox 1625 762 1714 831; x_wconf 81' lang='grc' dir='ltr'>εἷς</span> <span class='ocrx_word' id='word_1_23' title='bbox 1736 767 1805 830; x_wconf 82' lang='grc' dir='ltr'><strong>ἐξ</strong></span> 
     </span>
    </p>
   </div>
   <div class='ocr_carea' id='block_1_4' title="bbox 234 851 1806 929">
    <p class='ocr_par' dir='ltr' id='par_1_4' title="bbox 234 851 1806 929">
     <span class='ocr_line' id='line_1_6' title="bbox 234 851 1806 929; baseline 0.003 -23"><span class='ocrx_word' id='word_1_24' title='bbox 234 856 404 922; x_wconf 72' lang='grc' dir='ltr'><strong>ἡμῶν</strong></span> <span class='ocrx_word' id='word_1_25' title='bbox 422 869 435 882; x_wconf 89' lang='grc'><strong>·</strong></span> <span class='ocrx_word' id='word_1_26' title='bbox 462 856 574 914; x_wconf 77' lang='grc' dir='ltr'>καὶ,</span> <span class='ocrx_word' id='word_1_27' title='bbox 602 851 798 910; x_wconf 79' lang='grc' dir='ltr'>Δεῦτε,</span> <span class='ocrx_word' id='word_1_28' title='bbox 829 853 1190 916; x_wconf 77' lang='grc' dir='ltr'>καταϐάντες</span> <span class='ocrx_word' id='word_1_29' title='bbox 1223 853 1593 923; x_wconf 75' lang='grc' dir='ltr'>συγχέωμεν.</span> <span class='ocrx_word' id='word_1_30' title='bbox 1628 858 1806 929; x_wconf 83' lang='grc' dir='ltr'>Ἐναρ-</span> 
     </span>
    </p>
   </div>
   <div class='ocr_carea' id='block_1_5' title="bbox 233 943 1804 1016">
    <p class='ocr_par' dir='ltr' id='par_1_5' title="bbox 233 943 1804 1016">
     <span class='ocr_line' id='line_1_7' title="bbox 233 943 1804 1016; baseline 0.004 -22"><span class='ocrx_word' id='word_1_31' title='bbox 233 949 330 1014; x_wconf 66' lang='grc' dir='ltr'>γές</span> <span class='ocrx_word' id='word_1_32' title='bbox 356 947 412 999; x_wconf 83' lang='grc' dir='ltr'><strong>δὲ</strong></span> <span class='ocrx_word' id='word_1_33' title='bbox 446 945 538 997; x_wconf 70' lang='grc' dir='ltr'><strong>καὶ</strong></span> <span class='ocrx_word' id='word_1_34' title='bbox 569 945 630 996; x_wconf 85' lang='grc' dir='ltr'><strong>τὸ</strong></span> <span class='ocrx_word' id='word_1_35' title='bbox 657 947 783 1015; x_wconf 73' lang='grc' dir='ltr'>περὶ</span> <span class='ocrx_word' id='word_1_36' title='bbox 821 947 920 1014; x_wconf 74' lang='grc' dir='ltr'><strong>τῆς</strong></span> <span class='ocrx_word' id='word_1_37' title='bbox 959 945 1340 1014; x_wconf 65' lang='grc' dir='ltr'>καταστροφῆς</span> <span class='ocrx_word' id='word_1_38' title='bbox 1374 943 1622 1013; x_wconf 82' lang='grc' dir='ltr'><strong>Σοδόμων</strong></span> <span class='ocrx_word' id='word_1_39' title='bbox 1650 947 1804 1016; x_wconf 84' lang='grc' dir='ltr'>λεγό-</span> 
     </span>
    </p>
   </div>
   <div class='ocr_carea' id='block_1_6' title="bbox 238 1036 1806 1110">
    <p class='ocr_par' dir='ltr' id='par_1_6' title="bbox 238 1036 1806 1110">
     <span class='ocr_line' id='line_1_8' title="bbox 238 1036 1806 1110; baseline 0.003 -20"><span class='ocrx_word' id='word_1_40' title='bbox 238 1057 398 1110; x_wconf 85' lang='grc' dir='ltr'>μενον</span> <span class='ocrx_word' id='word_1_41' title='bbox 420 1053 432 1068; x_wconf 85' lang='lat'>&#39;</span> <span class='ocrx_word' id='word_1_42' title='bbox 464 1038 524 1089; x_wconf 80' lang='grc' dir='ltr'>τό</span> <span class='ocrx_word' id='word_1_43' title='bbox 574 1056 631 1091; x_wconf 85' lang='grc' dir='ltr'><strong>τε</strong></span> <span class='ocrx_word' id='word_1_44' title='bbox 663 1039 798 1106; x_wconf 70' lang='grc'>(47),</span> <span class='ocrx_word' id='word_1_45' title='bbox 834 1037 1079 1102; x_wconf 79' lang='grc' dir='ltr'>Ἐϐρεξε</span> <span class='ocrx_word' id='word_1_46' title='bbox 1133 1036 1345 1106; x_wconf 77' lang='grc' dir='ltr'>Κύριος</span> <span class='ocrx_word' id='word_1_47' title='bbox 1372 1037 1533 1090; x_wconf 77' lang='grc' dir='ltr'>θεῖον</span> <span class='ocrx_word' id='word_1_48' title='bbox 1557 1040 1654 1092; x_wconf 74' lang='grc' dir='ltr'><strong>καὶ</strong></span> <span class='ocrx_word' id='word_1_49' title='bbox 1687 1043 1806 1110; x_wconf 75' lang='grc' dir='ltr'><strong>πῦρ</strong></span> 
     </span>
    </p>
   </div>
   <div class='ocr_carea' id='block_1_7' title="bbox 233 1130 1806 1203">
    <p class='ocr_par' dir='ltr' id='par_1_7' title="bbox 233 1130 1806 1203">
     <span class='ocr_line' id='line_1_9' title="bbox 233 1130 1806 1203; baseline 0.002 -20"><span class='ocrx_word' id='word_1_50' title='bbox 233 1133 394 1199; x_wconf 77' lang='grc' dir='ltr'>παρὰ</span> <span class='ocrx_word' id='word_1_51' title='bbox 426 1130 646 1199; x_wconf 64' lang='grc' dir='ltr'>Κύριοι)</span> <span class='ocrx_word' id='word_1_52' title='bbox 677 1134 745 1185; x_wconf 72' lang='grc' dir='ltr'><strong><em>ἐκ</em></strong></span> <span class='ocrx_word' id='word_1_53' title='bbox 775 1132 879 1184; x_wconf 83' lang='grc' dir='ltr'>τοῦ</span> <span class='ocrx_word' id='word_1_54' title='bbox 918 1130 1176 1197; x_wconf 75' lang='grc' dir='ltr'>οὐρανοῦ</span> <span class='ocrx_word' id='word_1_55' title='bbox 1195 1149 1208 1162; x_wconf 77' lang='grc' dir='ltr'><strong>ο</strong></span> <span class='ocrx_word' id='word_1_56' title='bbox 1241 1131 1333 1184; x_wconf 75' lang='grc' dir='ltr'><strong>καὶ</strong></span> <span class='ocrx_word' id='word_1_57' title='bbox 1365 1130 1425 1182; x_wconf 84' lang='grc' dir='ltr'><strong>τὸ</strong></span> <span class='ocrx_word' id='word_1_58' title='bbox 1451 1131 1507 1183; x_wconf 81' lang='grc' dir='ltr'>ὲν</span> <span class='ocrx_word' id='word_1_59' title='bbox 1533 1134 1644 1195; x_wconf 82' lang='grc' dir='ltr'>τοῖς</span> <span class='ocrx_word' id='word_1_60' title='bbox 1674 1151 1806 1203; x_wconf 82' lang='grc' dir='ltr'>προ-</span> 
     </span>
    </p>
   </div>
   <div class='ocr_carea' id='block_1_8' title="bbox 232 1223 1806 1295">
    <p class='ocr_par' dir='ltr' id='par_1_8' title="bbox 232 1223 1806 1295">
     <span class='ocr_line' id='line_1_10' title="bbox 232 1223 1806 1295; baseline 0.013 -4"><span class='ocrx_word' id='word_1_61' title='bbox 232 1227 432 1294; x_wconf 69' lang='grc' dir='ltr'>φήταις</span> <span class='ocrx_word' id='word_1_62' title='bbox 471 1223 866 1294; x_wconf 72' lang='grc' dir='ltr'>παραπλησίως</span> <span class='ocrx_word' id='word_1_63' title='bbox 932 1223 1141 1287; x_wconf 68' lang='grc' dir='ltr'>τούτοις</span> <span class='ocrx_word' id='word_1_64' title='bbox 1194 1223 1482 1295; x_wconf 72' lang='grc' dir='ltr'><strong>εἰρημένον</strong></span> <span class='ocrx_word' id='word_1_65' title='bbox 1525 1225 1589 1276; x_wconf 69' lang='grc' dir='ltr'><strong>ἐκ</strong></span> <span class='ocrx_word' id='word_1_66' title='bbox 1637 1241 1806 1294; x_wconf 63' lang='grc' dir='ltr'>πρ⁹σ’</span> 
     </span>
    </p>
   </div>
   <div class='ocr_carea' id='block_1_9' title="bbox 230 1315 1806 1383">
    <p class='ocr_par' dir='ltr' id='par_1_9' title="bbox 230 1315 1806 1383">
     <span class='ocr_line' id='line_1_11' title="bbox 230 1315 1806 1383; baseline -0.001 -14"><span class='ocrx_word' id='word_1_67' title='bbox 230 1317 383 1370; x_wconf 83' lang='grc' dir='ltr'>ὡπου</span> <span class='ocrx_word' id='word_1_68' title='bbox 399 1319 491 1370; x_wconf 75' lang='grc' dir='ltr'>τοῦ</span> <span class='ocrx_word' id='word_1_69' title='bbox 513 1315 665 1370; x_wconf 79' lang='grc' dir='ltr'>Θεοῦ·</span> <span class='ocrx_word' id='word_1_70' title='bbox 687 1315 1070 1382; x_wconf 67' lang='grc' dir='ltr'>Ιίαῖέστρεψα</span> <span class='ocrx_word' id='word_1_71' title='bbox 1094 1319 1330 1380; x_wconf 82' lang='grc' dir='ltr'>αὐτους,</span> <span class='ocrx_word' id='word_1_72' title='bbox 1365 1316 1545 1383; x_wconf 72' lang='grc' dir='ltr'>φησιν,</span> <span class='ocrx_word' id='word_1_73' title='bbox 1571 1316 1650 1381; x_wconf 85' lang='grc' dir='ltr'>ὡς</span> <span class='ocrx_word' id='word_1_74' title='bbox 1670 1334 1806 1368; x_wconf 82' lang='grc' dir='ltr'>κατ-</span> 
     </span>
    </p>
   </div>
   <div class='ocr_carea' id='block_1_10' title="bbox 229 1404 1808 1476">
    <p class='ocr_par' dir='ltr' id='par_1_10' title="bbox 229 1404 1808 1476">
     <span class='ocr_line' id='line_1_12' title="bbox 229 1404 1808 1476; baseline 0 -18"><span class='ocrx_word' id='word_1_75' title='bbox 229 1404 529 1476; x_wconf 64' lang='grc' dir='ltr'>έστρεψεν</span> <span class='ocrx_word' id='word_1_76' title='bbox 555 1409 586 1458; x_wconf 90' lang='lat' dir='ltr'><strong>o&#39;</strong></span> <span class='ocrx_word' id='word_1_77' title='bbox 613 1405 756 1470; x_wconf 79' lang='grc' dir='ltr'>Θεὸς</span> <span class='ocrx_word' id='word_1_78' title='bbox 791 1406 1023 1474; x_wconf 76' lang='grc' dir='ltr'>Σόδομα</span> <span class='ocrx_word' id='word_1_79' title='bbox 1085 1406 1184 1460; x_wconf 79' lang='grc' dir='ltr'><strong>καὶ</strong></span> <span class='ocrx_word' id='word_1_80' title='bbox 1217 1406 1510 1472; x_wconf 75' lang='grc' dir='ltr'>Γόμορῤα.</span> <span class='ocrx_word' id='word_1_81' title='bbox 1542 1406 1652 1458; x_wconf 77' lang='grc' dir='ltr'><strong>Καὶ</strong></span> <span class='ocrx_word' id='word_1_82' title='bbox 1695 1407 1808 1458; x_wconf 80' lang='grc' dir='ltr'>ἐτέ-</span> 
     </span>
    </p>
   </div>
   <div class='ocr_carea' id='block_1_11' title="bbox 234 1495 1798 1570">
    <p class='ocr_par' dir='ltr' id='par_1_11' title="bbox 234 1495 1798 1570">
     <span class='ocr_line' id='line_1_13' title="bbox 234 1495 1798 1570; baseline -0.002 -17"><span class='ocrx_word' id='word_1_83' title='bbox 234 1519 345 1570; x_wconf 84' lang='grc' dir='ltr'><strong>ρως</strong></span> <span class='ocrx_word' id='word_1_84' title='bbox 364 1497 934 1568; x_wconf 61' lang='grc' dir='ltr'><strong>φιλανθρωπευόμενος</strong></span> <span class='ocrx_word' id='word_1_85' title='bbox 966 1499 1111 1567; x_wconf 89' lang='grc' dir='ltr'>λέγει</span> <span class='ocrx_word' id='word_1_86' title='bbox 1149 1501 1176 1552; x_wconf 85' lang='grc' dir='ltr'>ὁ</span> <span class='ocrx_word' id='word_1_87' title='bbox 1199 1498 1350 1560; x_wconf 86' lang='grc' dir='ltr'>Θεὸς·</span> <span class='ocrx_word' id='word_1_88' title='bbox 1382 1495 1561 1548; x_wconf 83' lang='grc' dir='ltr'>Σώσω</span> <span class='ocrx_word' id='word_1_89' title='bbox 1586 1499 1798 1564; x_wconf 78' lang='grc' dir='ltr'>αὐτοὺς</span> 
     </span>
    </p>
   </div>
   <div class='ocr_carea' id='block_1_12' title="bbox 229 1587 1808 1661">
    <p class='ocr_par' dir='ltr' id='par_1_12' title="bbox 229 1587 1808 1661">
     <span class='ocr_line' id='line_1_14' title="bbox 229 1587 1808 1661; baseline -0.004 -15"><span class='ocrx_word' id='word_1_90' title='bbox 229 1594 303 1646; x_wconf 82' lang='grc' dir='ltr'><strong>ἑν</strong></span> <span class='ocrx_word' id='word_1_91' title='bbox 333 1590 524 1655; x_wconf 71' lang='grc' dir='ltr'><strong>Κυρίῳ</strong></span> <span class='ocrx_word' id='word_1_92' title='bbox 555 1589 632 1653; x_wconf 82' lang='grc' dir='ltr'>τῷ</span> <span class='ocrx_word' id='word_1_93' title='bbox 667 1589 786 1653; x_wconf 79' lang='grc' dir='ltr'>Θεῷ</span> <span class='ocrx_word' id='word_1_94' title='bbox 818 1588 1046 1641; x_wconf 69' lang='grc' dir='ltr'><strong>αὐτῶνθ</strong></span> <span class='ocrx_word' id='word_1_95' title='bbox 1088 1590 1222 1661; x_wconf 81' lang='grc' dir='ltr'>ὅπερ</span> <span class='ocrx_word' id='word_1_96' title='bbox 1279 1589 1380 1641; x_wconf 83' lang='grc' dir='ltr'>οὐκ</span> <span class='ocrx_word' id='word_1_97' title='bbox 1433 1587 1653 1640; x_wconf 81' lang='grc' dir='ltr'><strong>ἀπέοικε</strong></span> <span class='ocrx_word' id='word_1_98' title='bbox 1708 1590 1808 1658; x_wconf 68' lang='grc' dir='ltr'>τῆς</span> 
     </span>
    </p>
   </div>
   <div class='ocr_carea' id='block_1_13' title="bbox 231 1673 1806 1747">
    <p class='ocr_par' dir='ltr' id='par_1_13' title="bbox 231 1673 1806 1747">
     <span class='ocr_line' id='line_1_15' title="bbox 231 1673 1806 1747; baseline -0.005 -12"><span class='ocrx_word' id='word_1_99' title='bbox 231 1679 592 1746; x_wconf 73' lang='grc' dir='ltr'>ἀποστολικῆς</span> <span class='ocrx_word' id='word_1_100' title='bbox 620 1678 818 1742; x_wconf 78' lang='grc' dir='ltr'>λέξεως</span> <span class='ocrx_word' id='word_1_101' title='bbox 848 1677 945 1744; x_wconf 72' lang='grc' dir='ltr'><strong>τῆς</strong></span> <span class='ocrx_word' id='word_1_102' title='bbox 976 1676 1266 1747; x_wconf 76' lang='grc' dir='ltr'><strong>λεγούσης·</strong></span> <span class='ocrx_word' id='word_1_103' title='bbox 1297 1675 1422 1741; x_wconf 82' lang='grc' dir='ltr'><strong>Δώῃ</strong></span> <span class='ocrx_word' id='word_1_104' title='bbox 1444 1673 1600 1739; x_wconf 77' lang='grc' dir='ltr'>αὐτῷ</span> <span class='ocrx_word' id='word_1_105' title='bbox 1632 1681 1662 1727; x_wconf 77' lang='grc' dir='ltr'><strong><em>ό</em></strong></span> <span class='ocrx_word' id='word_1_106' title='bbox 1690 1678 1806 1730; x_wconf 79' lang='grc' dir='ltr'><strong>Κύ-</strong></span> 
     </span>
    </p>
   </div>
   <div class='ocr_carea' id='block_1_14' title="bbox 225 1767 1807 1843">
    <p class='ocr_par' dir='ltr' id='par_1_14' title="bbox 225 1767 1807 1843">
     <span class='ocr_line' id='line_1_16' title="bbox 225 1767 1807 1843; baseline 0.003 0"><span class='ocrx_word' id='word_1_107' title='bbox 225 1793 357 1843; x_wconf 81' lang='grc' dir='ltr'>ριος</span> <span class='ocrx_word' id='word_1_108' title='bbox 383 1771 493 1842; x_wconf 72' lang='grc'>(48)</span> <span class='ocrx_word' id='word_1_109' title='bbox 513 1769 709 1837; x_wconf 77' lang='grc' dir='ltr'><strong>εὑρεῖν</strong></span> <span class='ocrx_word' id='word_1_110' title='bbox 732 1769 903 1832; x_wconf 75' lang='grc' dir='ltr'>ἕλεος</span> <span class='ocrx_word' id='word_1_111' title='bbox 944 1769 1102 1834; x_wconf 71' lang='grc' dir='ltr'><strong>παρὰ</strong></span> <span class='ocrx_word' id='word_1_112' title='bbox 1133 1771 1350 1836; x_wconf 63' lang='grc' dir='ltr'><strong>κυρίου</strong></span> <span class='ocrx_word' id='word_1_113' title='bbox 1392 1768 1462 1818; x_wconf 72' lang='grc' dir='ltr'>έν</span> <span class='ocrx_word' id='word_1_114' title='bbox 1489 1767 1692 1836; x_wconf 64' lang='grc' dir='ltr'><strong>ἐκείνη</strong></span> <span class='ocrx_word' id='word_1_115' title='bbox 1730 1769 1807 1838; x_wconf 68' lang='grc' dir='ltr'><strong>τῇ</strong></span> 
     </span>
    </p>
   </div>
   <div class='ocr_carea' id='block_1_15' title="bbox 233 1859 1808 1936">
    <p class='ocr_par' dir='ltr' id='par_1_15' title="bbox 233 1859 1808 1936">
     <span class='ocr_line' id='line_1_17' title="bbox 233 1859 1808 1936; baseline -0.004 -15"><span class='ocrx_word' id='word_1_116' title='bbox 233 1867 446 1936; x_wconf 74' lang='grc' dir='ltr'>ἡμέρᾳ.</span> <span class='ocrx_word' id='word_1_117' title='bbox 489 1866 554 1918; x_wconf 79' lang='grc' dir='ltr'><strong>ΤΞ</strong></span> <span class='ocrx_word' id='word_1_118' title='bbox 589 1865 646 1917; x_wconf 85' lang='grc' dir='ltr'>δὲ</span> <span class='ocrx_word' id='word_1_119' title='bbox 684 1867 712 1917; x_wconf 86' lang='grc' dir='ltr'>ὁ</span> <span class='ocrx_word' id='word_1_120' title='bbox 742 1860 1044 1933; x_wconf 78' lang='grc' dir='ltr'>Ζοροϐάϐελ.</span> <span class='ocrx_word' id='word_1_121' title='bbox 1068 1862 1160 1914; x_wconf 74' lang='grc' dir='ltr'><strong>καὶ</strong></span> <span class='ocrx_word' id='word_1_122' title='bbox 1195 1859 1346 1933; x_wconf 79' lang='grc' dir='ltr'><strong>ήτοῦ</strong></span> <span class='ocrx_word' id='word_1_123' title='bbox 1388 1860 1687 1929; x_wconf 79' lang='grc' dir='ltr'>Ζοροϐάϐελ</span> <span class='ocrx_word' id='word_1_124' title='bbox 1722 1879 1808 1914; x_wconf 92' lang='grc' dir='ltr'>σο-</span> 
     </span>
    </p>
   </div>
   <div class='ocr_carea' id='block_1_16' title="bbox 274 467 2371 527">
    <p class='ocr_par' dir='ltr' id='par_1_16' title="bbox 274 467 2371 527">
     <span class='ocr_line' id='line_1_18' title="bbox 274 467 2371 527; baseline 0.003 -11"><span class='ocrx_word' id='word_1_125' title='bbox 274 469 338 520; x_wconf 69' lang='lat' dir='ltr'><strong>3L7</strong></span> <span class='ocrx_word' id='word_1_126' title='bbox 1325 467 1693 522; x_wconf 79' lang='lat' dir='ltr'><strong>ADVERSUS</strong></span> <span class='ocrx_word' id='word_1_127' title='bbox 1737 469 2099 527; x_wconf 53' lang='lat' dir='ltr'><strong>EUNOMIITM</strong></span> <span class='ocrx_word' id='word_1_128' title='bbox 2140 474 2268 527; x_wconf 78' lang='lat' dir='ltr'><strong>LIB.</strong></span> <span class='ocrx_word' id='word_1_129' title='bbox 2308 473 2371 524; x_wconf 62' lang='grc' dir='ltr'>Υ.</span> 
     </span>
    </p>
   </div>
   <div class='ocr_carea' id='block_1_17' title="bbox 274 576 1936 657">
    <p class='ocr_par' dir='ltr' id='par_1_17' title="bbox 274 576 1936 652">
     <span class='ocr_line' id='line_1_19' title="bbox 274 576 1936 652; baseline 0.001 -20"><span class='ocrx_word' id='word_1_130' title='bbox 274 584 342 648; x_wconf 78' lang='grc' dir='ltr'><strong>ὰρ</strong></span> <span class='ocrx_word' id='word_1_131' title='bbox 376 581 455 641; x_wconf 84' lang='grc' dir='ltr'>εἰς</span> <span class='ocrx_word' id='word_1_132' title='bbox 507 580 773 648; x_wconf 76' lang='grc' dir='ltr'>ἰσοτιμίαν</span> <span class='ocrx_word' id='word_1_133' title='bbox 821 576 1082 644; x_wconf 75' lang='grc' dir='ltr'><strong>ἀγγέλους</strong></span> <span class='ocrx_word' id='word_1_134' title='bbox 1110 578 1218 648; x_wconf 68' lang='grc' dir='ltr'>(Σῦ)</span> <span class='ocrx_word' id='word_1_135' title='bbox 1261 579 1514 644; x_wconf 75' lang='grc' dir='ltr'>συντάξαι</span> <span class='ocrx_word' id='word_1_136' title='bbox 1549 584 1805 652; x_wconf 81' lang='grc' dir='ltr'><strong>τολμήσει</strong></span> <span class='ocrx_word' id='word_1_137' title='bbox 1833 589 1882 645; x_wconf 81' lang='grc' dir='ltr'>Α</span> <span class='ocrx_word' id='word_1_138' title='bbox 1910 585 1936 636; x_wconf 87' lang='lat' dir='ltr'><strong>li</strong></span> 
     </span>
    </p>
   </div>
   <div class='ocr_carea' id='block_1_18' title="bbox 1822 576 3484 657">
    <p class='ocr_par' dir='ltr' id='par_1_18' title="bbox 1833 585 3484 657">
     <span class='ocr_line' id='line_1_20' title="bbox 1833 585 3484 657; baseline 0.002 -21"><span class='ocrx_word' id='word_1_139' title='bbox 1833 585 2062 653; x_wconf 76' lang='lat' dir='ltr'><strong>Aligas.</strong></span> <span class='ocrx_word' id='word_1_140' title='bbox 2123 589 2308 657; x_wconf 83' lang='lat' dir='ltr'><strong>Neque</strong></span> <span class='ocrx_word' id='word_1_141' title='bbox 2357 586 2502 638; x_wconf 87' lang='lat' dir='ltr'><strong>enim</strong></span> <span class='ocrx_word' id='word_1_142' title='bbox 2555 585 2777 654; x_wconf 75' lang='lat' dir='ltr'><strong>angelos</strong></span> <span class='ocrx_word' id='word_1_143' title='bbox 2819 586 3036 640; x_wconf 87' lang='lat' dir='ltr'><strong>audebit</strong></span> <span class='ocrx_word' id='word_1_144' title='bbox 3097 585 3398 655; x_wconf 87' lang='lat' dir='ltr'><strong>quisquam-</strong></span> <span class='ocrx_word' id='word_1_145' title='bbox 3429 589 3484 639; x_wconf 88' lang='lat' dir='ltr'><strong>in</strong></span> 
     </span>
    </p>
   </div>
   <div class='ocr_carea' id='block_1_19' title="bbox 3374 475 3478 528">
    <p class='ocr_par' dir='ltr' id='par_1_19' title="bbox 3374 475 3478 528">
     <span class='ocr_line' id='line_1_21' title="bbox 3374 475 3478 528; baseline 0.019 -2"><span class='ocrx_word' id='word_1_146' title='bbox 3374 475 3478 528; x_wconf 78' lang='lat'><strong>758</strong></span> 
     </span>
    </p>
   </div>
   <div class='ocr_carea' id='block_1_20' title="bbox 1907 677 3480 744">
    <p class='ocr_par' dir='ltr' id='par_1_20' title="bbox 1907 677 3480 744">
     <span class='ocr_line' id='line_1_22' title="bbox 1907 677 3480 744; baseline -0.001 -14"><span class='ocrx_word' id='word_1_147' title='bbox 1907 678 2096 744; x_wconf 79' lang='lat' dir='ltr'><strong>aequali</strong></span> <span class='ocrx_word' id='word_1_148' title='bbox 2129 681 2330 734; x_wconf 86' lang='lat' dir='ltr'><strong>honore</strong></span> <span class='ocrx_word' id='word_1_149' title='bbox 2371 693 2491 731; x_wconf 89' lang='lat' dir='ltr'><strong>cum</strong></span> <span class='ocrx_word' id='word_1_150' title='bbox 2549 687 2798 733; x_wconf 92' lang='lat' dir='ltr'><strong>creatore</strong></span> <span class='ocrx_word' id='word_1_151' title='bbox 2831 687 2885 730; x_wconf 93' lang='lat' dir='ltr'><strong>et</strong></span> <span class='ocrx_word' id='word_1_152' title='bbox 2918 679 3142 732; x_wconf 88' lang='lat' dir='ltr'><strong>Domino</strong></span> <span class='ocrx_word' id='word_1_153' title='bbox 3177 677 3480 732; x_wconf 83' lang='lat' dir='ltr'><strong>collocare:</strong></span> 
     </span>
    </p>
   </div>
   <div class='ocr_carea' id='block_1_21' title="bbox 1907 769 3483 838">
    <p class='ocr_par' dir='ltr' id='par_1_21' title="bbox 1907 769 3483 838">
     <span class='ocr_line' id='line_1_23' title="bbox 1907 769 3483 838; baseline -0.001 -16"><span class='ocrx_word' id='word_1_154' title='bbox 1907 783 2080 835; x_wconf 84' lang='lat' dir='ltr'><strong>neque</strong></span> <span class='ocrx_word' id='word_1_155' title='bbox 2112 785 2294 826; x_wconf 85' lang='lat' dir='ltr'><strong>rursus</strong></span> <span class='ocrx_word' id='word_1_156' title='bbox 2326 771 2438 825; x_wconf 89' lang='lat' dir='ltr'><strong>ticri</strong></span> <span class='ocrx_word' id='word_1_157' title='bbox 2487 779 2662 837; x_wconf 84' lang='lat' dir='ltr'><strong>potest</strong></span> <span class='ocrx_word' id='word_1_158' title='bbox 2691 778 2750 822; x_wconf 88' lang='lat' dir='ltr'><strong>ut</strong></span> <span class='ocrx_word' id='word_1_159' title='bbox 2778 770 2829 822; x_wconf 92' lang='lat' dir='ltr'><strong>in</strong></span> <span class='ocrx_word' id='word_1_160' title='bbox 2863 769 2972 822; x_wconf 90' lang='lat' dir='ltr'><strong>Deo</strong></span> <span class='ocrx_word' id='word_1_161' title='bbox 2995 784 3098 822; x_wconf 89' lang='lat' dir='ltr'><strong>una</strong></span> <span class='ocrx_word' id='word_1_162' title='bbox 3134 784 3360 838; x_wconf 83' lang='lat' dir='ltr'><strong>persona</strong></span> <span class='ocrx_word' id='word_1_163' title='bbox 3399 769 3483 821; x_wconf 85' lang='lat' dir='ltr'><strong>in-</strong></span> 
     </span>
    </p>
   </div>
   <div class='ocr_carea' id='block_1_22' title="bbox 1909 860 3481 929">
    <p class='ocr_par' dir='ltr' id='par_1_22' title="bbox 1909 860 3481 929">
     <span class='ocr_line' id='line_1_24' title="bbox 1909 860 3481 929; baseline 0 -15"><span class='ocrx_word' id='word_1_164' title='bbox 1909 860 2197 929; x_wconf 81' lang='lat' dir='ltr'><strong>telligatur,</strong></span> <span class='ocrx_word' id='word_1_165' title='bbox 2224 877 2341 917; x_wconf 92' lang='lat' dir='ltr'><strong>cum</strong></span> <span class='ocrx_word' id='word_1_166' title='bbox 2371 864 2582 917; x_wconf 75' lang='lat' dir='ltr'><strong>dicatur</strong></span> <span class='ocrx_word' id='word_1_167' title='bbox 2617 878 2630 913; x_wconf 92' lang='lat'>:</span> <span class='ocrx_word' id='word_1_168' title='bbox 2668 860 2737 915; x_wconf 90' lang='lat' dir='ltr'><strong>Ut</strong></span> <span class='ocrx_word' id='word_1_169' title='bbox 2759 877 2896 914; x_wconf 85' lang='lat' dir='ltr'><strong>unus</strong></span> <span class='ocrx_word' id='word_1_170' title='bbox 2924 877 2951 912; x_wconf 90' lang='lat' dir='ltr'><strong>e</strong></span> <span class='ocrx_word' id='word_1_171' title='bbox 2980 862 3144 926; x_wconf 84' lang='lat' dir='ltr'><strong>nobis,</strong></span> <span class='ocrx_word' id='word_1_172' title='bbox 3176 869 3250 923; x_wconf 88' lang='lat' dir='ltr'><strong>et,</strong></span> <span class='ocrx_word' id='word_1_173' title='bbox 3280 861 3481 923; x_wconf 80' lang='lat' dir='ltr'><strong>Venite,</strong></span> 
     </span>
    </p>
   </div>
   <div class='ocr_carea' id='block_1_23' title="bbox 1907 952 3484 1025">
    <p class='ocr_par' dir='ltr' id='par_1_23' title="bbox 1907 952 3484 1025">
     <span class='ocr_line' id='line_1_25' title="bbox 1907 952 3484 1025; baseline -0.004 -15"><span class='ocrx_word' id='word_1_174' title='bbox 1907 955 2270 1011; x_wconf 66' lang='lat' dir='ltr'><strong>descendentes</strong></span> <span class='ocrx_word' id='word_1_175' title='bbox 2333 955 2736 1025; x_wconf 78' lang='lat' dir='ltr'><strong>confundamns.</strong></span> <span class='ocrx_word' id='word_1_176' title='bbox 2787 953 3092 1020; x_wconf 88' lang='lat' dir='ltr'><strong>Quinetiam</strong></span> <span class='ocrx_word' id='word_1_177' title='bbox 3149 952 3352 1004; x_wconf 87' lang='lat' dir='ltr'><strong>clarum</strong></span> <span class='ocrx_word' id='word_1_178' title='bbox 3401 960 3484 1006; x_wconf 88' lang='lat' dir='ltr'><strong>est</strong></span> 
     </span>
    </p>
   </div>
   <div class='ocr_carea' id='block_1_24' title="bbox 1907 1041 3479 1114">
    <p class='ocr_par' dir='ltr' id='par_1_24' title="bbox 1907 1041 3479 1114">
     <span class='ocr_line' id='line_1_26' title="bbox 1907 1041 3479 1114; baseline -0.003 -15"><span class='ocrx_word' id='word_1_179' title='bbox 1907 1046 2048 1114; x_wconf 86' lang='lat' dir='ltr'><strong>quod</strong></span> <span class='ocrx_word' id='word_1_180' title='bbox 2084 1046 2150 1097; x_wconf 92' lang='lat' dir='ltr'><strong>de</strong></span> <span class='ocrx_word' id='word_1_181' title='bbox 2183 1043 2535 1099; x_wconf 86' lang='lat' dir='ltr'><strong>Sodomorum</strong></span> <span class='ocrx_word' id='word_1_182' title='bbox 2562 1046 2844 1098; x_wconf 82' lang='lat' dir='ltr'><strong>eversione</strong></span> <span class='ocrx_word' id='word_1_183' title='bbox 2877 1044 3098 1106; x_wconf 89' lang='lat' dir='ltr'><strong>dicitur,</strong></span> <span class='ocrx_word' id='word_1_184' title='bbox 3126 1041 3251 1095; x_wconf 90' lang='lat' dir='ltr'><strong>illud</strong></span> <span class='ocrx_word' id='word_1_185' title='bbox 3289 1042 3479 1095; x_wconf 88' lang='lat' dir='ltr'><strong>videli-</strong></span> 
     </span>
    </p>
   </div>
   <div class='ocr_carea' id='block_1_25' title="bbox 1909 1123 3480 1204">
    <p class='ocr_par' dir='ltr' id='par_1_25' title="bbox 1909 1123 3480 1204">
     <span class='ocr_line' id='line_1_27' title="bbox 1909 1123 3480 1204; baseline -0.005 -12"><span class='ocrx_word' id='word_1_186' title='bbox 1909 1149 2029 1192; x_wconf 90' lang='lat' dir='ltr'><strong>cet:</strong></span> <span class='ocrx_word' id='word_1_187' title='bbox 2066 1123 2213 1187; x_wconf 60' lang='lat' dir='ltr'><strong>Pluit</strong></span> <span class='ocrx_word' id='word_1_188' title='bbox 2258 1133 2509 1189; x_wconf 77' lang='lat' dir='ltr'><strong>Dominus</strong></span> <span class='ocrx_word' id='word_1_189' title='bbox 2556 1134 2779 1203; x_wconf 77' lang='lat' dir='ltr'><strong>sulphur</strong></span> <span class='ocrx_word' id='word_1_190' title='bbox 2803 1145 2850 1187; x_wconf 90' lang='lat' dir='ltr'><strong>et</strong></span> <span class='ocrx_word' id='word_1_191' title='bbox 2897 1136 3066 1204; x_wconf 86' lang='lat' dir='ltr'><strong>ignem</strong></span> <span class='ocrx_word' id='word_1_192' title='bbox 3098 1150 3128 1185; x_wconf 91' lang='lat' dir='ltr'><strong>a</strong></span> <span class='ocrx_word' id='word_1_193' title='bbox 3164 1130 3386 1184; x_wconf 87' lang='lat' dir='ltr'><strong>Domino</strong></span> <span class='ocrx_word' id='word_1_194' title='bbox 3419 1133 3480 1184; x_wconf 92' lang='lat' dir='ltr'><strong>de</strong></span> 
     </span>
    </p>
   </div>
   <div class='ocr_carea' id='block_1_26' title="bbox 1909 1221 3483 1302">
    <p class='ocr_par' dir='ltr' id='par_1_26' title="bbox 1909 1221 3483 1302">
     <span class='ocr_line' id='line_1_28' title="bbox 1909 1221 3483 1302; baseline -0.006 -21"><span class='ocrx_word' id='word_1_195' title='bbox 1909 1229 2032 1282; x_wconf 79' lang='lat' dir='ltr'><strong>caelo</strong></span> <span class='ocrx_word' id='word_1_196' title='bbox 2059 1228 2127 1292; x_wconf 76' lang='lat'><strong>“,</strong></span> <span class='ocrx_word' id='word_1_197' title='bbox 2158 1237 2212 1281; x_wconf 89' lang='lat' dir='ltr'><strong>et</strong></span> <span class='ocrx_word' id='word_1_198' title='bbox 2252 1225 2375 1288; x_wconf 87' lang='lat' dir='ltr'><strong>hoc,</strong></span> <span class='ocrx_word' id='word_1_199' title='bbox 2413 1228 2550 1302; x_wconf 81' lang='lat' dir='ltr'><strong>quod</strong></span> <span class='ocrx_word' id='word_1_200' title='bbox 2604 1228 2656 1280; x_wconf 88' lang='lat' dir='ltr'><strong>in</strong></span> <span class='ocrx_word' id='word_1_201' title='bbox 2709 1225 2982 1296; x_wconf 84' lang='lat' dir='ltr'><strong>prophetis</strong></span> <span class='ocrx_word' id='word_1_202' title='bbox 3033 1222 3281 1277; x_wconf 85' lang='lat' dir='ltr'><strong>similiter</strong></span> <span class='ocrx_word' id='word_1_203' title='bbox 3333 1221 3418 1272; x_wconf 88' lang='lat' dir='ltr'><strong>his</strong></span> <span class='ocrx_word' id='word_1_204' title='bbox 3451 1236 3483 1272; x_wconf 89' lang='lat' dir='ltr'><strong>e</strong></span> 
     </span>
    </p>
   </div>
   <div class='ocr_carea' id='block_1_27' title="bbox 1908 1313 3482 1387">
    <p class='ocr_par' dir='ltr' id='par_1_27' title="bbox 1908 1313 3482 1387">
     <span class='ocr_line' id='line_1_29' title="bbox 1908 1313 3482 1387; baseline -0.008 -15"><span class='ocrx_word' id='word_1_205' title='bbox 1908 1334 2133 1387; x_wconf 81' lang='lat' dir='ltr'><strong>persona</strong></span> <span class='ocrx_word' id='word_1_206' title='bbox 2191 1318 2282 1372; x_wconf 73' lang='lat' dir='ltr'><strong>Dei</strong></span> <span class='ocrx_word' id='word_1_207' title='bbox 2325 1316 2525 1370; x_wconf 91' lang='lat' dir='ltr'><strong>dictum</strong></span> <span class='ocrx_word' id='word_1_208' title='bbox 2563 1330 2685 1372; x_wconf 89' lang='lat' dir='ltr'><strong>est:</strong></span> <span class='ocrx_word' id='word_1_209' title='bbox 2728 1316 2902 1369; x_wconf 81' lang='lat' dir='ltr'><strong>Euerti</strong></span> <span class='ocrx_word' id='word_1_210' title='bbox 2945 1331 3068 1374; x_wconf 79' lang='lat' dir='ltr'><strong>eos,</strong></span> <span class='ocrx_word' id='word_1_211' title='bbox 3119 1313 3314 1380; x_wconf 90' lang='lat' dir='ltr'><strong>inquit,</strong></span> <span class='ocrx_word' id='word_1_212' title='bbox 3351 1313 3482 1364; x_wconf 81' lang='lat' dir='ltr'><strong>sicut</strong></span> 
     </span>
    </p>
   </div>
   <div class='ocr_carea' id='block_1_28' title="bbox 1908 1403 3483 1466">
    <p class='ocr_par' dir='ltr' id='par_1_28' title="bbox 1908 1403 3483 1466">
     <span class='ocr_line' id='line_1_30' title="bbox 1908 1403 3483 1466; baseline -0.007 -1"><span class='ocrx_word' id='word_1_213' title='bbox 1908 1412 2050 1465; x_wconf 82' lang='lat' dir='ltr'><strong>Deus</strong></span> <span class='ocrx_word' id='word_1_214' title='bbox 2077 1415 2252 1466; x_wconf 75' lang='lat' dir='ltr'><strong>evertit</strong></span> <span class='ocrx_word' id='word_1_215' title='bbox 2289 1409 2578 1465; x_wconf 87' lang='lat' dir='ltr'><strong>Sodomam</strong></span> <span class='ocrx_word' id='word_1_216' title='bbox 2604 1422 2648 1461; x_wconf 88' lang='lat' dir='ltr'><strong>et</strong></span> <span class='ocrx_word' id='word_1_217' title='bbox 2675 1407 3020 1465; x_wconf 81' lang='lat' dir='ltr'><strong>Gomorrham</strong></span> <span class='ocrx_word' id='word_1_218' title='bbox 3039 1411 3104 1462; x_wconf 80' lang='lat'><strong>“.</strong></span> <span class='ocrx_word' id='word_1_219' title='bbox 3139 1407 3204 1461; x_wconf 85' lang='lat' dir='ltr'><strong>Et</strong></span> <span class='ocrx_word' id='word_1_220' title='bbox 3231 1404 3355 1457; x_wconf 84' lang='lat' dir='ltr'><strong>alibi</strong></span> <span class='ocrx_word' id='word_1_221' title='bbox 3377 1403 3483 1456; x_wconf 81' lang='lat' dir='ltr'><strong>cle-</strong></span> 
     </span>
    </p>
   </div>
   <div class='ocr_carea' id='block_1_29' title="bbox 1910 1498 3478 1561">
    <p class='ocr_par' dir='ltr' id='par_1_29' title="bbox 1910 1498 3478 1561">
     <span class='ocr_line' id='line_1_31' title="bbox 1910 1498 3478 1561; baseline -0.004 -5"><span class='ocrx_word' id='word_1_222' title='bbox 1910 1503 2144 1558; x_wconf 74' lang='lat' dir='ltr'><strong>manlius</strong></span> <span class='ocrx_word' id='word_1_223' title='bbox 2171 1505 2301 1558; x_wconf 84' lang='lat' dir='ltr'><strong>dicit</strong></span> <span class='ocrx_word' id='word_1_224' title='bbox 2325 1505 2465 1557; x_wconf 90' lang='lat' dir='ltr'><strong>Deus</strong></span> <span class='ocrx_word' id='word_1_225' title='bbox 2489 1516 2504 1553; x_wconf 90' lang='lat'><strong>:</strong></span> <span class='ocrx_word' id='word_1_226' title='bbox 2526 1499 2746 1554; x_wconf 80' lang='lat' dir='ltr'><strong>Salrabo</strong></span> <span class='ocrx_word' id='word_1_227' title='bbox 2764 1519 2847 1554; x_wconf 86' lang='lat' dir='ltr'><strong>eos</strong></span> <span class='ocrx_word' id='word_1_228' title='bbox 2870 1502 2924 1553; x_wconf 91' lang='lat' dir='ltr'><strong>in</strong></span> <span class='ocrx_word' id='word_1_229' title='bbox 2946 1498 3162 1553; x_wconf 83' lang='lat' dir='ltr'><strong>Domino</strong></span> <span class='ocrx_word' id='word_1_230' title='bbox 3189 1500 3293 1553; x_wconf 85' lang='lat' dir='ltr'><strong>Deo</strong></span> <span class='ocrx_word' id='word_1_231' title='bbox 3314 1500 3478 1561; x_wconf 78' lang='lat' dir='ltr'><strong>suo“;</strong></span> 
     </span>
    </p>
   </div>
   <div class='ocr_carea' id='block_1_30' title="bbox 1915 1589 3479 1663">
    <p class='ocr_par' dir='ltr' id='par_1_30' title="bbox 1915 1589 3479 1663">
     <span class='ocr_line' id='line_1_32' title="bbox 1915 1589 3479 1663; baseline -0.001 -16"><span class='ocrx_word' id='word_1_232' title='bbox 1915 1594 1967 1648; x_wconf 89' lang='lat' dir='ltr'><strong>id</strong></span> <span class='ocrx_word' id='word_1_233' title='bbox 1997 1595 2138 1662; x_wconf 80' lang='lat' dir='ltr'><strong>quod</strong></span> <span class='ocrx_word' id='word_1_234' title='bbox 2193 1600 2257 1647; x_wconf 84' lang='lat' dir='ltr'><strong>ab</strong></span> <span class='ocrx_word' id='word_1_235' title='bbox 2291 1593 2586 1663; x_wconf 87' lang='lat' dir='ltr'><strong>apostolica</strong></span> <span class='ocrx_word' id='word_1_236' title='bbox 2622 1592 2854 1646; x_wconf 89' lang='lat' dir='ltr'><strong>dictione</strong></span> <span class='ocrx_word' id='word_1_237' title='bbox 2887 1591 3029 1646; x_wconf 83' lang='lat' dir='ltr'><strong>haud</strong></span> <span class='ocrx_word' id='word_1_238' title='bbox 3073 1589 3343 1657; x_wconf 85' lang='lat' dir='ltr'><strong>dissentit,</strong></span> <span class='ocrx_word' id='word_1_239' title='bbox 3372 1607 3479 1662; x_wconf 81' lang='lat' dir='ltr'><strong>qua</strong></span> 
     </span>
    </p>
   </div>
   <div class='ocr_carea' id='block_1_31' title="bbox 1911 1680 3480 1754">
    <p class='ocr_par' dir='ltr' id='par_1_31' title="bbox 1911 1680 3480 1754">
     <span class='ocr_line' id='line_1_33' title="bbox 1911 1680 3480 1754; baseline -0.002 -17"><span class='ocrx_word' id='word_1_240' title='bbox 1911 1684 2105 1738; x_wconf 88' lang='lat' dir='ltr'><strong>dicitur</strong></span> <span class='ocrx_word' id='word_1_241' title='bbox 2135 1699 2147 1732; x_wconf 89' lang='lat'><strong>:</strong></span> <span class='ocrx_word' id='word_1_242' title='bbox 2189 1684 2350 1754; x_wconf 76' lang='lat'><strong>316</strong></span> <span class='ocrx_word' id='word_1_243' title='bbox 2389 1684 2480 1736; x_wconf 86' lang='lat' dir='ltr'><strong>Det</strong></span> <span class='ocrx_word' id='word_1_244' title='bbox 2509 1684 2556 1736; x_wconf 87' lang='lat' dir='ltr'><strong>ei</strong></span> <span class='ocrx_word' id='word_1_245' title='bbox 2602 1681 2884 1742; x_wconf 83' lang='lat' dir='ltr'><strong>Dominus,</strong></span> <span class='ocrx_word' id='word_1_246' title='bbox 2920 1690 2976 1733; x_wconf 86' lang='lat' dir='ltr'><strong>ut</strong></span> <span class='ocrx_word' id='word_1_247' title='bbox 3017 1680 3241 1732; x_wconf 81' lang='lat' dir='ltr'><strong>inveniat</strong></span> <span class='ocrx_word' id='word_1_248' title='bbox 3274 1683 3480 1734; x_wconf 85' lang='lat' dir='ltr'><strong>miseri-</strong></span> 
     </span>
    </p>
   </div>
   <div class='ocr_carea' id='block_1_32' title="bbox 1911 1768 3472 1838">
    <p class='ocr_par' dir='ltr' id='par_1_32' title="bbox 1911 1768 3472 1838">
     <span class='ocr_line' id='line_1_34' title="bbox 1911 1768 3472 1838; baseline -0.002 -9"><span class='ocrx_word' id='word_1_249' title='bbox 1911 1778 2143 1829; x_wconf 85' lang='lat' dir='ltr'><strong>cordiam</strong></span> <span class='ocrx_word' id='word_1_250' title='bbox 2181 1777 2236 1827; x_wconf 86' lang='lat' dir='ltr'><strong>in</strong></span> <span class='ocrx_word' id='word_1_251' title='bbox 2271 1779 2353 1828; x_wconf 84' lang='lat' dir='ltr'><strong>die</strong></span> <span class='ocrx_word' id='word_1_252' title='bbox 2385 1777 2474 1828; x_wconf 85' lang='lat' dir='ltr'><strong>illo</strong></span> <span class='ocrx_word' id='word_1_253' title='bbox 2520 1775 2586 1826; x_wconf 74' lang='lat'><strong>’7.</strong></span> <span class='ocrx_word' id='word_1_254' title='bbox 2619 1773 2758 1838; x_wconf 79' lang='lat' dir='ltr'><strong>Quid</strong></span> <span class='ocrx_word' id='word_1_255' title='bbox 2791 1786 2916 1824; x_wconf 90' lang='lat' dir='ltr'><strong>vero</strong></span> <span class='ocrx_word' id='word_1_256' title='bbox 2939 1768 3256 1831; x_wconf 88' lang='lat' dir='ltr'><strong>Zorobahel,</strong></span> <span class='ocrx_word' id='word_1_257' title='bbox 3286 1783 3338 1822; x_wconf 90' lang='lat' dir='ltr'><strong>et</strong></span> <span class='ocrx_word' id='word_1_258' title='bbox 3384 1789 3472 1825; x_wconf 84' lang='lat' dir='ltr'><strong>sa-</strong></span> 
     </span>
    </p>
   </div>
   <div class='ocr_carea' id='block_1_33' title="bbox 1908 1860 3474 1937">
    <p class='ocr_par' dir='ltr' id='par_1_33' title="bbox 1908 1860 3474 1937">
     <span class='ocr_line' id='line_1_35' title="bbox 1908 1860 3474 1937; baseline -0.003 -16"><span class='ocrx_word' id='word_1_259' title='bbox 1908 1869 2114 1937; x_wconf 89' lang='lat' dir='ltr'><strong>pientia</strong></span> <span class='ocrx_word' id='word_1_260' title='bbox 2161 1867 2329 1934; x_wconf 90' lang='lat' dir='ltr'><strong>ipsius</strong></span> <span class='ocrx_word' id='word_1_261' title='bbox 2358 1866 2381 1918; x_wconf 85' lang='lat'><strong>?</strong></span> <span class='ocrx_word' id='word_1_262' title='bbox 2411 1867 2545 1919; x_wconf 83' lang='lat' dir='ltr'><strong>Num</strong></span> <span class='ocrx_word' id='word_1_263' title='bbox 2598 1863 2928 1918; x_wconf 78' lang='lat' dir='ltr'><strong>subobscure</strong></span> <span class='ocrx_word' id='word_1_264' title='bbox 2966 1873 3020 1916; x_wconf 88' lang='lat' dir='ltr'><strong>et</strong></span> <span class='ocrx_word' id='word_1_265' title='bbox 3066 1877 3171 1914; x_wconf 93' lang='lat' dir='ltr'><strong>non</strong></span> <span class='ocrx_word' id='word_1_266' title='bbox 3200 1860 3343 1914; x_wconf 83' lang='lat' dir='ltr'><strong>clare</strong></span> <span class='ocrx_word' id='word_1_267' title='bbox 3377 1863 3474 1917; x_wconf 87' lang='lat' dir='ltr'><strong>tibi</strong></span> 
     </span>
    </p>
   </div>
   <div class='ocr_carea' id='block_1_34' title="bbox 234 1952 1896 2030">
    <p class='ocr_par' dir='ltr' id='par_1_34' title="bbox 234 1952 1881 2030">
     <span class='ocr_line' id='line_1_36' title="bbox 234 1952 1881 2030; baseline -0.004 -18"><span class='ocrx_word' id='word_1_268' title='bbox 234 1961 331 2030; x_wconf 74' lang='grc' dir='ltr'>φία</span> <span class='ocrx_word' id='word_1_269' title='bbox 357 1975 370 2022; x_wconf 93' lang='grc'><strong>;</strong></span> <span class='ocrx_word' id='word_1_270' title='bbox 400 1956 544 2030; x_wconf 71' lang='grc' dir='ltr'><strong>Ἀρᾶ</strong></span> <span class='ocrx_word' id='word_1_271' title='bbox 573 1977 655 2012; x_wconf 89' lang='grc' dir='ltr'><strong>σοι</strong></span> <span class='ocrx_word' id='word_1_272' title='bbox 687 1957 919 2028; x_wconf 82' lang='grc' dir='ltr'>μετρίως</span> <span class='ocrx_word' id='word_1_273' title='bbox 940 1956 1031 2007; x_wconf 74' lang='grc' dir='ltr'><strong>καὶ</strong></span> <span class='ocrx_word' id='word_1_274' title='bbox 1054 1957 1113 2008; x_wconf 77' lang='grc' dir='ltr'><strong>οὐ</strong></span> <span class='ocrx_word' id='word_1_275' title='bbox 1141 1954 1326 2022; x_wconf 75' lang='grc' dir='ltr'>σαφῶς</span> <span class='ocrx_word' id='word_1_276' title='bbox 1353 1953 1462 2021; x_wconf 71' lang='grc'>(49)</span> <span class='ocrx_word' id='word_1_277' title='bbox 1481 1954 1806 2024; x_wconf 81' lang='grc' dir='ltr'>παριστάναι</span> <span class='ocrx_word' id='word_1_278' title='bbox 1838 1952 1881 2005; x_wconf 80' lang='grc' dir='ltr'>Β</span> 
     </span>
    </p>
   </div>
   <div class='ocr_carea' id='block_1_35' title="bbox 1802 1952 3464 2030">
    <p class='ocr_par' dir='ltr' id='par_1_35' title="bbox 1802 1952 3463 2028">
     <span class='ocr_line' id='line_1_37' title="bbox 1802 1952 3463 2028; baseline -0.007 -14"><span class='ocrx_word' id='word_1_279' title='bbox 1802 1996 1806 2008; x_wconf 65' lang='grc' dir='ltr'><strong>ι</strong></span> <span class='ocrx_word' id='word_1_280' title='bbox 1838 1952 1881 2005; x_wconf 78' lang='grc' dir='ltr'>Β</span> <span class='ocrx_word' id='word_1_281' title='bbox 1909 1962 2122 2015; x_wconf 89' lang='lat' dir='ltr'><strong>videtur</strong></span> <span class='ocrx_word' id='word_1_282' title='bbox 2150 1958 2476 2028; x_wconf 73' lang='lat' dir='ltr'><strong>bypostasim</strong></span> <span class='ocrx_word' id='word_1_283' title='bbox 2504 1972 2566 2010; x_wconf 91' lang='lat' dir='ltr'><strong>ac</strong></span> <span class='ocrx_word' id='word_1_284' title='bbox 2593 1957 2752 2009; x_wconf 89' lang='lat' dir='ltr'><strong>vitam</strong></span> <span class='ocrx_word' id='word_1_285' title='bbox 2781 1953 3019 2007; x_wconf 83' lang='lat' dir='ltr'><strong>veritatis</strong></span> <span class='ocrx_word' id='word_1_286' title='bbox 3052 1953 3310 2014; x_wconf 90' lang='lat' dir='ltr'><strong>iudicare,</strong></span> <span class='ocrx_word' id='word_1_287' title='bbox 3343 1968 3463 2005; x_wconf 88' lang='lat' dir='ltr'><strong>cum</strong></span> 
     </span>
    </p>
   </div>
   <div class='ocr_carea' id='block_1_36' title="bbox 231 2043 1808 2121">
    <p class='ocr_par' dir='ltr' id='par_1_36' title="bbox 231 2043 1808 2121">
     <span class='ocr_line' id='line_1_38' title="bbox 231 2043 1808 2121; baseline -0.004 -15"><span class='ocrx_word' id='word_1_288' title='bbox 231 2053 381 2106; x_wconf 83' lang='grc' dir='ltr'>δοκεῖ</span> <span class='ocrx_word' id='word_1_289' title='bbox 410 2051 507 2121; x_wconf 82' lang='grc' dir='ltr'>τὴν</span> <span class='ocrx_word' id='word_1_290' title='bbox 544 2052 840 2104; x_wconf 73' lang='grc' dir='ltr'>ὑπόστασιν</span> <span class='ocrx_word' id='word_1_291' title='bbox 889 2047 982 2099; x_wconf 73' lang='grc' dir='ltr'>καὶ</span> <span class='ocrx_word' id='word_1_292' title='bbox 1033 2046 1176 2119; x_wconf 82' lang='grc' dir='ltr'>ζωὴν</span> <span class='ocrx_word' id='word_1_293' title='bbox 1227 2046 1328 2115; x_wconf 78' lang='grc' dir='ltr'>τῆς</span> <span class='ocrx_word' id='word_1_294' title='bbox 1374 2043 1660 2115; x_wconf 79' lang='grc' dir='ltr'>ἀληθείας,</span> <span class='ocrx_word' id='word_1_295' title='bbox 1719 2047 1808 2099; x_wconf 81' lang='grc' dir='ltr'>ὅτε</span> 
     </span>
    </p>
   </div>
   <div class='ocr_carea' id='block_1_37' title="bbox 232 2135 1809 2212">
    <p class='ocr_par' dir='ltr' id='par_1_37' title="bbox 232 2135 1809 2212">
     <span class='ocr_line' id='line_1_39' title="bbox 232 2135 1809 2212; baseline -0.003 -19"><span class='ocrx_word' id='word_1_296' title='bbox 232 2140 367 2212; x_wconf 74' lang='grc' dir='ltr'><strong>φησί</strong></span> <span class='ocrx_word' id='word_1_297' title='bbox 390 2158 403 2170; x_wconf 91' lang='grc'><strong>·</strong></span> <span class='ocrx_word' id='word_1_298' title='bbox 441 2140 613 2195; x_wconf 80' lang='grc' dir='ltr'>Πᾶσα</span> <span class='ocrx_word' id='word_1_299' title='bbox 636 2141 669 2206; x_wconf 75' lang='grc' dir='ltr'><strong><em>ἡ</em></strong></span> <span class='ocrx_word' id='word_1_300' title='bbox 693 2135 766 2205; x_wconf 73' lang='grc' dir='ltr'><strong>γῆ</strong></span> <span class='ocrx_word' id='word_1_301' title='bbox 792 2136 902 2205; x_wconf 73' lang='grc' dir='ltr'><strong>τὴν</strong></span> <span class='ocrx_word' id='word_1_302' title='bbox 925 2138 1216 2205; x_wconf 77' lang='grc' dir='ltr'>ἀλήθειαν</span> <span class='ocrx_word' id='word_1_303' title='bbox 1241 2137 1430 2200; x_wconf 75' lang='grc' dir='ltr'>καλεῖ,</span> <span class='ocrx_word' id='word_1_304' title='bbox 1463 2136 1560 2189; x_wconf 78' lang='grc' dir='ltr'><strong>καὶ</strong></span> <span class='ocrx_word' id='word_1_305' title='bbox 1585 2139 1617 2189; x_wconf 84' lang='grc' dir='ltr'><strong><em>ό</em></strong></span> <span class='ocrx_word' id='word_1_306' title='bbox 1637 2137 1809 2203; x_wconf 79' lang='grc' dir='ltr'>οὐρα-</span> 
     </span>
    </p>
   </div>
   <div class='ocr_carea' id='block_1_38' title="bbox 230 2228 1808 2298">
    <p class='ocr_par' dir='ltr' id='par_1_38' title="bbox 230 2228 1808 2298">
     <span class='ocr_line' id='line_1_40' title="bbox 230 2228 1808 2298; baseline -0.004 -12"><span class='ocrx_word' id='word_1_307' title='bbox 230 2234 341 2298; x_wconf 75' lang='grc' dir='ltr'><strong>νὸς</strong></span> <span class='ocrx_word' id='word_1_308' title='bbox 362 2231 556 2298; x_wconf 80' lang='grc' dir='ltr'>αὐτὴν</span> <span class='ocrx_word' id='word_1_309' title='bbox 576 2229 830 2297; x_wconf 56' lang='lat' dir='ltr'><strong>sudaret&quot;,</strong></span> <span class='ocrx_word' id='word_1_310' title='bbox 855 2231 950 2282; x_wconf 77' lang='grc' dir='ltr'><strong>καὶ</strong></span> <span class='ocrx_word' id='word_1_311' title='bbox 978 2229 1172 2281; x_wconf 71' lang='grc' dir='ltr'>πάντα</span> <span class='ocrx_word' id='word_1_312' title='bbox 1204 2229 1274 2279; x_wconf 80' lang='grc' dir='ltr'>τὰ</span> <span class='ocrx_word' id='word_1_313' title='bbox 1305 2229 1445 2295; x_wconf 75' lang='grc' dir='ltr'>ἔργα</span> <span class='ocrx_word' id='word_1_314' title='bbox 1467 2229 1691 2282; x_wconf 86' lang='grc' dir='ltr'>σείεται</span> <span class='ocrx_word' id='word_1_315' title='bbox 1711 2228 1808 2281; x_wconf 75' lang='grc' dir='ltr'><strong>καὶ</strong></span> 
     </span>
    </p>
   </div>
   <div class='ocr_carea' id='block_1_39' title="bbox 231 2318 1809 2395">
    <p class='ocr_par' dir='ltr' id='par_1_39' title="bbox 231 2318 1809 2395">
     <span class='ocr_line' id='line_1_41' title="bbox 231 2318 1809 2395; baseline -0.002 -17"><span class='ocrx_word' id='word_1_316' title='bbox 231 2327 462 2395; x_wconf 73' lang='grc' dir='ltr'>τρέμεις</span> <span class='ocrx_word' id='word_1_317' title='bbox 505 2327 600 2388; x_wconf 83' lang='grc' dir='ltr'><strong>Τίς</strong></span> <span class='ocrx_word' id='word_1_318' title='bbox 631 2325 687 2376; x_wconf 72' lang='grc' dir='ltr'>δὲ</span> <span class='ocrx_word' id='word_1_319' title='bbox 714 2325 746 2393; x_wconf 81' lang='grc' dir='ltr'><strong>ἡ</strong></span> <span class='ocrx_word' id='word_1_320' title='bbox 779 2322 1026 2392; x_wconf 78' lang='grc' dir='ltr'>ἀλήθεια,</span> <span class='ocrx_word' id='word_1_321' title='bbox 1072 2320 1105 2388; x_wconf 86' lang='grc' dir='ltr'>ἦ</span> <span class='ocrx_word' id='word_1_322' title='bbox 1150 2320 1177 2370; x_wconf 87' lang='grc' dir='ltr'>ὁ</span> <span class='ocrx_word' id='word_1_323' title='bbox 1223 2318 1318 2371; x_wconf 77' lang='grc' dir='ltr'><strong>τοῦ</strong></span> <span class='ocrx_word' id='word_1_324' title='bbox 1348 2320 1480 2372; x_wconf 78' lang='grc' dir='ltr'>Θεοῦ</span> <span class='ocrx_word' id='word_1_325' title='bbox 1513 2323 1683 2390; x_wconf 76' lang='grc' dir='ltr'>Λόγος</span> <span class='ocrx_word' id='word_1_326' title='bbox 1715 2324 1809 2375; x_wconf 75' lang='grc' dir='ltr'><strong>καὶ</strong></span> 
     </span>
    </p>
   </div>
   <div class='ocr_carea' id='block_1_40' title="bbox 233 2413 1805 2484">
    <p class='ocr_par' dir='ltr' id='par_1_40' title="bbox 233 2413 1805 2484">
     <span class='ocr_line' id='line_1_42' title="bbox 233 2413 1805 2484; baseline -0.004 -12"><span class='ocrx_word' id='word_1_327' title='bbox 233 2421 381 2481; x_wconf 77' lang='grc' dir='ltr'>Υἱὸς,</span> <span class='ocrx_word' id='word_1_328' title='bbox 403 2418 467 2470; x_wconf 85' lang='grc' dir='ltr'>δι’</span> <span class='ocrx_word' id='word_1_329' title='bbox 497 2413 556 2470; x_wconf 72' lang='grc' dir='ltr'>οὗ</span> <span class='ocrx_word' id='word_1_330' title='bbox 579 2418 646 2470; x_wconf 78' lang='grc' dir='ltr'>τὰ</span> <span class='ocrx_word' id='word_1_331' title='bbox 676 2417 879 2478; x_wconf 58' lang='lat' dir='ltr'><strong>xiv-.2;</strong></span> <span class='ocrx_word' id='word_1_332' title='bbox 907 2414 1054 2481; x_wconf 70' lang='grc' dir='ltr'><strong>Ἐγὼ</strong></span> <span class='ocrx_word' id='word_1_333' title='bbox 1082 2413 1189 2484; x_wconf 75' lang='grc' dir='ltr'>γάρ</span> <span class='ocrx_word' id='word_1_334' title='bbox 1211 2416 1347 2483; x_wconf 78' lang='grc' dir='ltr'>εἰμι,</span> <span class='ocrx_word' id='word_1_335' title='bbox 1369 2413 1553 2483; x_wconf 63' lang='grc' dir='ltr'>φησιν,</span> <span class='ocrx_word' id='word_1_336' title='bbox 1584 2416 1620 2481; x_wconf 75' lang='grc' dir='ltr'><strong><em>ἡ</em></strong></span> <span class='ocrx_word' id='word_1_337' title='bbox 1647 2415 1805 2481; x_wconf 65' lang='grc' dir='ltr'>ὁδὸς,</span> 
     </span>
    </p>
   </div>
   <div class='ocr_carea' id='block_1_41' title="bbox 233 2505 1804 2578">
    <p class='ocr_par' dir='ltr' id='par_1_41' title="bbox 233 2505 1804 2578">
     <span class='ocr_line' id='line_1_43' title="bbox 233 2505 1804 2578; baseline -0.004 -14"><span class='ocrx_word' id='word_1_338' title='bbox 233 2512 334 2564; x_wconf 77' lang='grc' dir='ltr'><strong>καὶ</strong></span> <span class='ocrx_word' id='word_1_339' title='bbox 366 2513 404 2578; x_wconf 72' lang='grc' dir='ltr'><strong><em>ἡ</em></strong></span> <span class='ocrx_word' id='word_1_340' title='bbox 443 2510 713 2578; x_wconf 75' lang='grc' dir='ltr'>ἀλήθεια,</span> <span class='ocrx_word' id='word_1_341' title='bbox 757 2508 854 2560; x_wconf 79' lang='grc' dir='ltr'><strong>καὶ</strong></span> <span class='ocrx_word' id='word_1_342' title='bbox 894 2508 930 2574; x_wconf 80' lang='grc' dir='ltr'><em>ἠ</em></span> <span class='ocrx_word' id='word_1_343' title='bbox 962 2505 1092 2572; x_wconf 69' lang='grc' dir='ltr'><strong>ζωή.</strong></span> <span class='ocrx_word' id='word_1_344' title='bbox 1141 2506 1391 2577; x_wconf 86' lang='grc' dir='ltr'>Ἀλήθεια</span> <span class='ocrx_word' id='word_1_345' title='bbox 1426 2506 1482 2558; x_wconf 81' lang='grc' dir='ltr'>δὲ</span> <span class='ocrx_word' id='word_1_346' title='bbox 1513 2507 1611 2558; x_wconf 73' lang='grc' dir='ltr'>οὐκ</span> <span class='ocrx_word' id='word_1_347' title='bbox 1639 2506 1804 2571; x_wconf 77' lang='grc' dir='ltr'>ἔστιν,</span> 
     </span>
    </p>
   </div>
   <div class='ocr_carea' id='block_1_42' title="bbox 233 2598 1809 2674">
    <p class='ocr_par' dir='ltr' id='par_1_42' title="bbox 233 2598 1809 2674">
     <span class='ocr_line' id='line_1_44' title="bbox 233 2598 1809 2674; baseline -0.003 -19"><span class='ocrx_word' id='word_1_348' title='bbox 233 2605 282 2655; x_wconf 83' lang='grc' dir='ltr'>εἰ</span> <span class='ocrx_word' id='word_1_349' title='bbox 320 2603 391 2674; x_wconf 80' lang='grc' dir='ltr'>μὴ</span> <span class='ocrx_word' id='word_1_350' title='bbox 427 2604 460 2672; x_wconf 82' lang='grc' dir='ltr'>ἡ</span> <span class='ocrx_word' id='word_1_351' title='bbox 492 2604 556 2654; x_wconf 82' lang='grc' dir='ltr'>ἐκ</span> <span class='ocrx_word' id='word_1_352' title='bbox 586 2604 695 2671; x_wconf 78' lang='grc'>(50)</span> <span class='ocrx_word' id='word_1_353' title='bbox 729 2599 823 2653; x_wconf 72' lang='grc' dir='ltr'>τοῦ</span> <span class='ocrx_word' id='word_1_354' title='bbox 863 2598 1117 2670; x_wconf 80' lang='grc' dir='ltr'>ἀληθινοῦ</span> <span class='ocrx_word' id='word_1_355' title='bbox 1153 2599 1396 2668; x_wconf 78' lang='grc' dir='ltr'>φυσικῶς</span> <span class='ocrx_word' id='word_1_356' title='bbox 1425 2599 1516 2652; x_wconf 75' lang='grc' dir='ltr'><strong>καὶ</strong></span> <span class='ocrx_word' id='word_1_357' title='bbox 1542 2598 1724 2662; x_wconf 81' lang='grc' dir='ltr'>ἀῐδίως</span> <span class='ocrx_word' id='word_1_358' title='bbox 1751 2600 1809 2666; x_wconf 81' lang='grc' dir='ltr'>ἐξ</span> 
     </span>
    </p>
   </div>
   <div class='ocr_carea' id='block_1_43' title="bbox 233 2691 1810 2765">
    <p class='ocr_par' dir='ltr' id='par_1_43' title="bbox 233 2691 1810 2765">
     <span class='ocr_line' id='line_1_45' title="bbox 233 2691 1810 2765; baseline -0.002 -18"><span class='ocrx_word' id='word_1_359' title='bbox 233 2695 401 2747; x_wconf 80' lang='grc' dir='ltr'>αὑτοῦ</span> <span class='ocrx_word' id='word_1_360' title='bbox 432 2695 773 2765; x_wconf 79' lang='grc' dir='ltr'>γεννηθεῖσα.</span> <span class='ocrx_word' id='word_1_361' title='bbox 805 2693 896 2745; x_wconf 84' lang='grc' dir='ltr'>Διὸ</span> <span class='ocrx_word' id='word_1_362' title='bbox 933 2693 1181 2762; x_wconf 72' lang='grc' dir='ltr'>ἐπιφέρει</span> <span class='ocrx_word' id='word_1_363' title='bbox 1219 2691 1424 2760; x_wconf 82' lang='grc' dir='ltr'>λέγων’</span> <span class='ocrx_word' id='word_1_364' title='bbox 1468 2692 1810 2763; x_wconf 75' lang='grc' dir='ltr'><strong>Εὐλογητὸς</strong></span> 
     </span>
    </p>
   </div>
   <div class='ocr_carea' id='block_1_44' title="bbox 235 2783 1811 2859">
    <p class='ocr_par' dir='ltr' id='par_1_44' title="bbox 235 2783 1811 2859">
     <span class='ocr_line' id='line_1_46' title="bbox 235 2783 1811 2859; baseline 0.001 -20"><span class='ocrx_word' id='word_1_365' title='bbox 235 2790 268 2839; x_wconf 80' lang='grc' dir='ltr'><em>ὀ</em></span> <span class='ocrx_word' id='word_1_366' title='bbox 301 2787 446 2852; x_wconf 86' lang='grc' dir='ltr'>Θεὸς</span> <span class='ocrx_word' id='word_1_367' title='bbox 473 2783 576 2853; x_wconf 82' lang='grc' dir='ltr'>τῆς</span> <span class='ocrx_word' id='word_1_368' title='bbox 619 2785 919 2851; x_wconf 69' lang='grc' dir='ltr'>ἀληθείας,</span> <span class='ocrx_word' id='word_1_369' title='bbox 969 2786 1026 2846; x_wconf 81' lang='grc' dir='ltr'>ὃς</span> <span class='ocrx_word' id='word_1_370' title='bbox 1061 2786 1178 2837; x_wconf 78' lang='grc' dir='ltr'>ἐστι</span> <span class='ocrx_word' id='word_1_371' title='bbox 1208 2788 1392 2859; x_wconf 83' lang='grc' dir='ltr'>Πατὴρ</span> <span class='ocrx_word' id='word_1_372' title='bbox 1431 2789 1529 2857; x_wconf 79' lang='grc' dir='ltr'>τῆς</span> <span class='ocrx_word' id='word_1_373' title='bbox 1555 2790 1811 2858; x_wconf 85' lang='grc' dir='ltr'>ἀληθείας</span> 
     </span>
    </p>
   </div>
   <div class='ocr_carea' id='block_1_45' title="bbox 234 2873 1808 2949">
    <p class='ocr_par' dir='ltr' id='par_1_45' title="bbox 234 2873 1808 2949">
     <span class='ocr_line' id='line_1_47' title="bbox 234 2873 1808 2949; baseline 0.001 -21"><span class='ocrx_word' id='word_1_374' title='bbox 234 2876 492 2946; x_wconf 62' lang='grc' dir='ltr'>Χριστοῦ.</span> <span class='ocrx_word' id='word_1_375' title='bbox 524 2876 754 2946; x_wconf 83' lang='grc' dir='ltr'>Χριστὸς</span> <span class='ocrx_word' id='word_1_376' title='bbox 785 2878 816 2946; x_wconf 81' lang='grc' dir='ltr'><strong>ἡ</strong></span> <span class='ocrx_word' id='word_1_377' title='bbox 842 2875 1086 2944; x_wconf 83' lang='grc' dir='ltr'>ἀλήθεια,</span> <span class='ocrx_word' id='word_1_378' title='bbox 1115 2873 1172 2927; x_wconf 86' lang='grc' dir='ltr'>ὃν</span> <span class='ocrx_word' id='word_1_379' title='bbox 1207 2878 1354 2929; x_wconf 81' lang='grc' dir='ltr'>πᾶσα</span> <span class='ocrx_word' id='word_1_380' title='bbox 1404 2878 1539 2949; x_wconf 83' lang='grc' dir='ltr'>πνοὴ</span> <span class='ocrx_word' id='word_1_381' title='bbox 1593 2879 1808 2932; x_wconf 81' lang='grc' dir='ltr'>σέϐεται</span> 
     </span>
    </p>
   </div>
   <div class='ocr_carea' id='block_1_46' title="bbox 234 2966 1810 3041">
    <p class='ocr_par' dir='ltr' id='par_1_46' title="bbox 234 2966 1810 3041">
     <span class='ocr_line' id='line_1_48' title="bbox 234 2966 1810 3041; baseline 0.002 -21"><span class='ocrx_word' id='word_1_382' title='bbox 234 2969 330 3020; x_wconf 72' lang='grc' dir='ltr'><strong>καὶ</strong></span> <span class='ocrx_word' id='word_1_383' title='bbox 367 2967 578 3037; x_wconf 85' lang='grc' dir='ltr'>τρέμει.</span> <span class='ocrx_word' id='word_1_384' title='bbox 607 2969 766 3018; x_wconf 84' lang='grc' dir='ltr'>Ὥστε</span> <span class='ocrx_word' id='word_1_385' title='bbox 811 2969 890 3018; x_wconf 80' lang='grc' dir='ltr'>ὅτι</span> <span class='ocrx_word' id='word_1_386' title='bbox 939 2966 1036 3035; x_wconf 80' lang='grc' dir='ltr'><strong>μὲν</strong></span> <span class='ocrx_word' id='word_1_387' title='bbox 1069 2966 1175 3031; x_wconf 81' lang='grc' dir='ltr'><strong>ζῶν</strong></span> <span class='ocrx_word' id='word_1_388' title='bbox 1215 2970 1242 3021; x_wconf 88' lang='grc' dir='ltr'>ὁ</span> <span class='ocrx_word' id='word_1_389' title='bbox 1281 2969 1473 3036; x_wconf 85' lang='grc' dir='ltr'>Λόγος,</span> <span class='ocrx_word' id='word_1_390' title='bbox 1513 2971 1605 3022; x_wconf 67' lang='grc' dir='ltr'>καὶ</span> <span class='ocrx_word' id='word_1_391' title='bbox 1645 2970 1810 3041; x_wconf 79' lang='grc' dir='ltr'>πρόσ-</span> 
     </span>
    </p>
   </div>
   <div class='ocr_carea' id='block_1_47' title="bbox 234 3055 1808 3132">
    <p class='ocr_par' dir='ltr' id='par_1_47' title="bbox 234 3055 1808 3132">
     <span class='ocr_line' id='line_1_49' title="bbox 234 3055 1808 3132; baseline 0.004 -23"><span class='ocrx_word' id='word_1_392' title='bbox 234 3075 384 3110; x_wconf 86' lang='grc' dir='ltr'>ωπον</span> <span class='ocrx_word' id='word_1_393' title='bbox 409 3055 630 3119; x_wconf 83' lang='grc' dir='ltr'>τέλειον,</span> <span class='ocrx_word' id='word_1_394' title='bbox 647 3058 739 3108; x_wconf 76' lang='grc' dir='ltr'>καὶ</span> <span class='ocrx_word' id='word_1_395' title='bbox 760 3056 819 3108; x_wconf 82' lang='grc' dir='ltr'>τὸ</span> <span class='ocrx_word' id='word_1_396' title='bbox 844 3058 1066 3128; x_wconf 83' lang='grc' dir='ltr'>Πνεῦμα</span> <span class='ocrx_word' id='word_1_397' title='bbox 1084 3059 1364 3124; x_wconf 84' lang='grc' dir='ltr'>ὡσαύτως,</span> <span class='ocrx_word' id='word_1_398' title='bbox 1389 3061 1547 3114; x_wconf 75' lang='grc' dir='ltr'>ἱκανά</span> <span class='ocrx_word' id='word_1_399' title='bbox 1577 3063 1670 3115; x_wconf 77' lang='grc' dir='ltr'><strong>καὶ</strong></span> <span class='ocrx_word' id='word_1_400' title='bbox 1696 3062 1808 3132; x_wconf 80' lang='grc'>(51)</span> 
     </span>
    </p>
   </div>
   <div class='ocr_carea' id='block_1_48' title="bbox 234 3148 1811 3224">
    <p class='ocr_par' dir='ltr' id='par_1_48' title="bbox 234 3148 1811 3224">
     <span class='ocr_line' id='line_1_50' title="bbox 234 3148 1811 3224; baseline 0.003 -23"><span class='ocrx_word' id='word_1_401' title='bbox 234 3151 305 3201; x_wconf 69' lang='grc' dir='ltr'>τὰ</span> <span class='ocrx_word' id='word_1_402' title='bbox 327 3148 420 3202; x_wconf 78' lang='grc' dir='ltr'>νῦν</span> <span class='ocrx_word' id='word_1_403' title='bbox 453 3149 716 3220; x_wconf 75' lang='grc' dir='ltr'>εἰρημένα</span> <span class='ocrx_word' id='word_1_404' title='bbox 755 3148 983 3215; x_wconf 74' lang='grc' dir='ltr'><strong>διδέιξξαι⁸</strong></span> <span class='ocrx_word' id='word_1_405' title='bbox 1019 3150 1175 3202; x_wconf 84' lang='grc' dir='ltr'>τύποι</span> <span class='ocrx_word' id='word_1_406' title='bbox 1217 3151 1273 3204; x_wconf 78' lang='grc' dir='ltr'>δὲ</span> <span class='ocrx_word' id='word_1_407' title='bbox 1303 3151 1628 3222; x_wconf 82' lang='grc' dir='ltr'>ἀνθρώπινοι</span> <span class='ocrx_word' id='word_1_408' title='bbox 1661 3151 1811 3224; x_wconf 82' lang='grc' dir='ltr'>παρά</span> 
     </span>
    </p>
   </div>
   <div class='ocr_carea' id='block_1_49' title="bbox 236 3241 1809 3311">
    <p class='ocr_par' dir='ltr' id='par_1_49' title="bbox 236 3241 1809 3311">
     <span class='ocr_line' id='line_1_51' title="bbox 236 3241 1809 3311; baseline 0.001 -17"><span class='ocrx_word' id='word_1_409' title='bbox 236 3241 358 3311; x_wconf 82' lang='grc' dir='ltr'><strong>Θεῷ</strong></span> <span class='ocrx_word' id='word_1_410' title='bbox 391 3241 573 3294; x_wconf 77' lang='grc' dir='ltr'>πολλοὶ</span> <span class='ocrx_word' id='word_1_411' title='bbox 596 3242 688 3294; x_wconf 76' lang='grc' dir='ltr'>καὶ</span> <span class='ocrx_word' id='word_1_412' title='bbox 708 3242 876 3305; x_wconf 80' lang='grc' dir='ltr'>ἄλλοι,</span> <span class='ocrx_word' id='word_1_413' title='bbox 908 3242 1002 3293; x_wconf 67' lang='grc' dir='ltr'>καὶ</span> <span class='ocrx_word' id='word_1_414' title='bbox 1031 3242 1090 3292; x_wconf 77' lang='grc' dir='ltr'><strong>οὐ</strong></span> <span class='ocrx_word' id='word_1_415' title='bbox 1119 3241 1209 3294; x_wconf 77' lang='grc' dir='ltr'><strong>διὰ</strong></span> <span class='ocrx_word' id='word_1_416' title='bbox 1239 3242 1397 3295; x_wconf 78' lang='grc' dir='ltr'>τοῦτο</span> <span class='ocrx_word' id='word_1_417' title='bbox 1430 3244 1519 3294; x_wconf 82' lang='grc' dir='ltr'><strong>τὸν</strong></span> <span class='ocrx_word' id='word_1_418' title='bbox 1551 3244 1684 3297; x_wconf 85' lang='grc' dir='ltr'>Θεὸν</span> <span class='ocrx_word' id='word_1_419' title='bbox 1712 3247 1809 3297; x_wconf 82' lang='grc' dir='ltr'><strong>ἄν-</strong></span> 
     </span>
    </p>
   </div>
   <div class='ocr_carea' id='block_1_50' title="bbox 236 3328 1808 3406">
    <p class='ocr_par' dir='ltr' id='par_1_50' title="bbox 236 3328 1808 3406">
     <span class='ocr_line' id='line_1_52' title="bbox 236 3328 1808 3406; baseline 0.002 -20"><span class='ocrx_word' id='word_1_420' title='bbox 236 3335 453 3406; x_wconf 80' lang='grc' dir='ltr'>θρωπον</span> <span class='ocrx_word' id='word_1_421' title='bbox 477 3333 949 3403; x_wconf 68' lang='grc' dir='ltr'>ὑπολαμϐάνομεν,</span> <span class='ocrx_word' id='word_1_422' title='bbox 977 3328 1086 3384; x_wconf 77' lang='grc' dir='ltr'>οἷον</span> <span class='ocrx_word' id='word_1_423' title='bbox 1109 3335 1156 3384; x_wconf 88' lang='grc' dir='ltr'>εἰ</span> <span class='ocrx_word' id='word_1_424' title='bbox 1184 3335 1469 3405; x_wconf 83' lang='grc' dir='ltr'>πρόσωπον</span> <span class='ocrx_word' id='word_1_425' title='bbox 1496 3334 1808 3404; x_wconf 85' lang='grc' dir='ltr'>ἀκούοιμεν,</span> 
     </span>
    </p>
   </div>
   <div class='ocr_carea' id='block_1_51' title="bbox 235 3419 1815 3495">
    <p class='ocr_par' dir='ltr' id='par_1_51' title="bbox 235 3419 1815 3495">
     <span class='ocr_line' id='line_1_53' title="bbox 235 3419 1815 3495; baseline 0.001 -17"><span class='ocrx_word' id='word_1_426' title='bbox 235 3425 547 3494; x_wconf 67' lang='grc' dir='ltr'>ὀφθαλμούς</span> <span class='ocrx_word' id='word_1_427' title='bbox 577 3444 633 3477; x_wconf 83' lang='grc' dir='ltr'><strong>τε</strong></span> <span class='ocrx_word' id='word_1_428' title='bbox 660 3426 749 3477; x_wconf 74' lang='grc' dir='ltr'>καὶ</span> <span class='ocrx_word' id='word_1_429' title='bbox 778 3419 892 3477; x_wconf 79' lang='grc' dir='ltr'>ὦτα</span> <span class='ocrx_word' id='word_1_430' title='bbox 927 3425 1018 3476; x_wconf 73' lang='grc' dir='ltr'>καὶ</span> <span class='ocrx_word' id='word_1_431' title='bbox 1044 3427 1232 3495; x_wconf 78' lang='grc' dir='ltr'>χεῖρας</span> <span class='ocrx_word' id='word_1_432' title='bbox 1252 3427 1346 3479; x_wconf 81' lang='grc' dir='ltr'><strong>καί</strong></span> <span class='ocrx_word' id='word_1_433' title='bbox 1377 3425 1563 3489; x_wconf 80' lang='grc' dir='ltr'>πόδας.</span> <span class='ocrx_word' id='word_1_434' title='bbox 1598 3428 1730 3480; x_wconf 76' lang='grc' dir='ltr'>Οὐδὲ</span> <span class='ocrx_word' id='word_1_435' title='bbox 1755 3429 1815 3480; x_wconf 85' lang='grc' dir='ltr'>τὺ</span> 
     </span>
    </p>
   </div>
   <div class='ocr_carea' id='block_1_52' title="bbox 237 3517 1816 3591">
    <p class='ocr_par' dir='ltr' id='par_1_52' title="bbox 237 3517 1816 3591">
     <span class='ocr_line' id='line_1_54' title="bbox 237 3517 1816 3591; baseline -0.004 -21"><span class='ocrx_word' id='word_1_436' title='bbox 237 3517 562 3580; x_wconf 74' lang='grc' dir='ltr'>καθέζεσθαι</span> <span class='ocrx_word' id='word_1_437' title='bbox 603 3518 658 3568; x_wconf 79' lang='grc' dir='ltr'>ὲν</span> <span class='ocrx_word' id='word_1_438' title='bbox 688 3519 900 3587; x_wconf 71' lang='grc' dir='ltr'>οὐρανῷ</span> <span class='ocrx_word' id='word_1_439' title='bbox 941 3517 1190 3589; x_wconf 72' lang='grc' dir='ltr'>καθάπερ</span> <span class='ocrx_word' id='word_1_440' title='bbox 1237 3522 1295 3571; x_wconf 87' lang='grc' dir='ltr'>ὲν</span> <span class='ocrx_word' id='word_1_441' title='bbox 1340 3519 1513 3591; x_wconf 80' lang='grc' dir='ltr'>θρόνῳ</span> <span class='ocrx_word' id='word_1_442' title='bbox 1541 3520 1683 3588; x_wconf 69' lang='lat'><strong>(52),</strong></span> <span class='ocrx_word' id='word_1_443' title='bbox 1721 3523 1816 3575; x_wconf 73' lang='grc' dir='ltr'><strong>καὶ</strong></span> 
     </span>
    </p>
   </div>
   <div class='ocr_carea' id='block_1_53' title="bbox 234 3609 1813 3684">
    <p class='ocr_par' dir='ltr' id='par_1_53' title="bbox 234 3609 1813 3684">
     <span class='ocr_line' id='line_1_55' title="bbox 234 3609 1813 3684; baseline 0.003 -23"><span class='ocrx_word' id='word_1_444' title='bbox 234 3609 336 3678; x_wconf 78' lang='grc' dir='ltr'><strong>τὴν</strong></span> <span class='ocrx_word' id='word_1_445' title='bbox 386 3611 487 3678; x_wconf 75' lang='grc' dir='ltr'>γῆν</span> <span class='ocrx_word' id='word_1_446' title='bbox 546 3610 832 3660; x_wconf 76' lang='grc' dir='ltr'>ὑποπόδιον</span> <span class='ocrx_word' id='word_1_447' title='bbox 883 3610 990 3662; x_wconf 82' lang='grc' dir='ltr'><strong>τῶν</strong></span> <span class='ocrx_word' id='word_1_448' title='bbox 1030 3611 1204 3662; x_wconf 83' lang='grc' dir='ltr'>ποδῶν</span> <span class='ocrx_word' id='word_1_449' title='bbox 1258 3612 1420 3665; x_wconf 78' lang='grc' dir='ltr'>αὑτοῦ</span> <span class='ocrx_word' id='word_1_450' title='bbox 1471 3615 1813 3684; x_wconf 79' lang='grc' dir='ltr'>πατουμένην</span> 
     </span>
    </p>
   </div>
   <div class='ocr_carea' id='block_1_54' title="bbox 239 3699 1813 3772">
    <p class='ocr_par' dir='ltr' id='par_1_54' title="bbox 239 3699 1813 3772">
     <span class='ocr_line' id='line_1_56' title="bbox 239 3699 1813 3772; baseline 0.002 -18"><span class='ocrx_word' id='word_1_451' title='bbox 239 3699 566 3769; x_wconf 79' lang='grc' dir='ltr'>σωματικῶς</span> <span class='ocrx_word' id='word_1_452' title='bbox 597 3699 736 3751; x_wconf 80' lang='grc' dir='ltr'>θέλει</span> <span class='ocrx_word' id='word_1_453' title='bbox 765 3699 941 3767; x_wconf 85' lang='grc' dir='ltr'>λέγειν</span> <span class='ocrx_word' id='word_1_454' title='bbox 975 3703 1102 3772; x_wconf 73' lang='grc' dir='ltr'>περὶ</span> <span class='ocrx_word' id='word_1_455' title='bbox 1147 3700 1304 3768; x_wconf 75' lang='grc' dir='ltr'>Θεοῦ,</span> <span class='ocrx_word' id='word_1_456' title='bbox 1342 3703 1455 3755; x_wconf 82' lang='grc' dir='ltr'>ἀλλ’</span> <span class='ocrx_word' id='word_1_457' title='bbox 1489 3704 1565 3767; x_wconf 78' lang='grc' dir='ltr'>ὡς</span> <span class='ocrx_word' id='word_1_458' title='bbox 1594 3705 1813 3757; x_wconf 82' lang='grc' dir='ltr'>ὑποκει-</span> 
     </span>
    </p>
   </div>
   <div class='ocr_carea' id='block_1_55' title="bbox 239 3790 1817 3868">
    <p class='ocr_par' dir='ltr' id='par_1_55' title="bbox 239 3790 1817 3868">
     <span class='ocr_line' id='line_1_57' title="bbox 239 3790 1817 3868; baseline 0.004 -26"><span class='ocrx_word' id='word_1_459' title='bbox 239 3793 410 3862; x_wconf 78' lang='grc' dir='ltr'>μένην</span> <span class='ocrx_word' id='word_1_460' title='bbox 448 3794 511 3861; x_wconf 83' lang='grc' dir='ltr'>τῇ</span> <span class='ocrx_word' id='word_1_461' title='bbox 537 3790 686 3862; x_wconf 77' lang='grc' dir='ltr'>θεῖκῇ</span> <span class='ocrx_word' id='word_1_462' title='bbox 718 3791 952 3860; x_wconf 73' lang='grc' dir='ltr'>ἐξουσίᾳ.</span> <span class='ocrx_word' id='word_1_463' title='bbox 986 3791 1142 3845; x_wconf 75' lang='grc' dir='ltr'>Οὖτω</span> <span class='ocrx_word' id='word_1_464' title='bbox 1168 3793 1223 3845; x_wconf 79' lang='grc' dir='ltr'>δὲ</span> <span class='ocrx_word' id='word_1_465' title='bbox 1249 3794 1432 3855; x_wconf 73' lang='grc' dir='ltr'>πάλιν,</span> <span class='ocrx_word' id='word_1_466' title='bbox 1453 3796 1548 3848; x_wconf 80' lang='grc' dir='ltr'><strong>ὲάν</strong></span> <span class='ocrx_word' id='word_1_467' title='bbox 1577 3796 1817 3868; x_wconf 75' lang='grc' dir='ltr'>ἀκούσῃς</span> 
     </span>
    </p>
   </div>
   <div class='ocr_carea' id='block_1_56' title="bbox 237 3882 1815 3954">
    <p class='ocr_par' dir='ltr' id='par_1_56' title="bbox 237 3882 1815 3954">
     <span class='ocr_line' id='line_1_58' title="bbox 237 3882 1815 3954; baseline 0.003 -19"><span class='ocrx_word' id='word_1_468' title='bbox 237 3882 482 3953; x_wconf 83' lang='grc' dir='ltr'>γαστέρα</span> <span class='ocrx_word' id='word_1_469' title='bbox 513 3883 604 3933; x_wconf 72' lang='grc' dir='ltr'>ἐπὶ</span> <span class='ocrx_word' id='word_1_470' title='bbox 647 3882 800 3945; x_wconf 75' lang='grc' dir='ltr'>Θεοῦ,</span> <span class='ocrx_word' id='word_1_471' title='bbox 853 3882 925 3952; x_wconf 84' lang='grc' dir='ltr'>μὴ</span> <span class='ocrx_word' id='word_1_472' title='bbox 967 3887 1175 3954; x_wconf 83' lang='grc' dir='ltr'>πτυρῇς</span> <span class='ocrx_word' id='word_1_473' title='bbox 1200 3885 1274 3947; x_wconf 79' lang='grc' dir='ltr'>ὡς</span> <span class='ocrx_word' id='word_1_474' title='bbox 1307 3887 1615 3954; x_wconf 67' lang='grc' dir='ltr'>σωματικόν</span> <span class='ocrx_word' id='word_1_475' title='bbox 1647 3905 1697 3939; x_wconf 82' lang='grc' dir='ltr'><strong>τι</strong></span> <span class='ocrx_word' id='word_1_476' title='bbox 1729 3892 1815 3940; x_wconf 82' lang='grc' dir='ltr'>ἐν-</span> 
     </span>
    </p>
   </div>
   <div class='ocr_carea' id='block_1_57' title="bbox 239 3973 1816 4045">
    <p class='ocr_par' dir='ltr' id='par_1_57' title="bbox 239 3973 1816 4045">
     <span class='ocr_line' id='line_1_59' title="bbox 239 3973 1816 4045; baseline 0.003 -19"><span class='ocrx_word' id='word_1_477' title='bbox 239 3973 577 4045; x_wconf 84' lang='grc' dir='ltr'>θυμούμενος</span> <span class='ocrx_word' id='word_1_478' title='bbox 597 3991 608 4002; x_wconf 91' lang='grc'><strong>·</strong></span> <span class='ocrx_word' id='word_1_479' title='bbox 630 3973 765 4025; x_wconf 89' lang='grc' dir='ltr'><strong>ἀλλά</strong></span> <span class='ocrx_word' id='word_1_480' title='bbox 788 3975 1156 4043; x_wconf 82' lang='grc' dir='ltr'>πνευματικόν</span> <span class='ocrx_word' id='word_1_481' title='bbox 1175 3992 1227 4026; x_wconf 83' lang='grc' dir='ltr'><strong>τι</strong></span> <span class='ocrx_word' id='word_1_482' title='bbox 1251 3976 1617 4045; x_wconf 81' lang='grc' dir='ltr'>ἐννοούμενος,</span> <span class='ocrx_word' id='word_1_483' title='bbox 1642 3977 1816 4042; x_wconf 80' lang='grc' dir='ltr'>λέξεις</span> 
     </span>
    </p>
   </div>
   <div class='ocr_carea' id='block_1_58' title="bbox 236 4063 1816 4138">
    <p class='ocr_par' dir='ltr' id='par_1_58' title="bbox 236 4063 1816 4138">
     <span class='ocr_line' id='line_1_60' title="bbox 236 4063 1816 4138; baseline 0.003 -22"><span class='ocrx_word' id='word_1_484' title='bbox 236 4082 294 4117; x_wconf 84' lang='grc' dir='ltr'><strong>τι</strong></span> <span class='ocrx_word' id='word_1_485' title='bbox 322 4067 586 4135; x_wconf 86' lang='grc' dir='ltr'>κρεῖττον,</span> <span class='ocrx_word' id='word_1_486' title='bbox 614 4063 744 4116; x_wconf 82' lang='grc' dir='ltr'><strong>αύτό</strong></span> <span class='ocrx_word' id='word_1_487' title='bbox 766 4065 823 4115; x_wconf 82' lang='grc' dir='ltr'><strong>τὸ</strong></span> <span class='ocrx_word' id='word_1_488' title='bbox 1002 4065 1315 4133; x_wconf 75' lang='grc' dir='ltr'>γεννητικὸν</span> <span class='ocrx_word' id='word_1_489' title='bbox 1342 4065 1435 4118; x_wconf 73' lang='grc' dir='ltr'>τοῦ</span> <span class='ocrx_word' id='word_1_490' title='bbox 1476 4067 1608 4119; x_wconf 78' lang='grc' dir='ltr'>Θεοῦ</span> <span class='ocrx_word' id='word_1_491' title='bbox 1641 4071 1816 4138; x_wconf 69' lang='grc' dir='ltr'>ἐμφα-</span> 
     </span>
    </p>
   </div>
   <div class='ocr_carea' id='block_1_59' title="bbox 214 4155 1808 4225">
    <p class='ocr_par' dir='ltr' id='par_1_59' title="bbox 214 4155 1808 4225">
     <span class='ocr_line' id='line_1_61' title="bbox 214 4155 1808 4225; baseline 0 -16"><span class='ocrx_word' id='word_1_492' title='bbox 214 4155 348 4218; x_wconf 41' lang='grc' dir='ltr'><strong>.νῶς</strong></span> <span class='ocrx_word' id='word_1_493' title='bbox 397 4173 478 4208; x_wconf 92' lang='grc' dir='ltr'><strong>σοι</strong></span> <span class='ocrx_word' id='word_1_494' title='bbox 527 4155 586 4219; x_wconf 78' lang='grc' dir='ltr'>ἐξ</span> <span class='ocrx_word' id='word_1_495' title='bbox 633 4155 793 4207; x_wconf 74' lang='grc' dir='ltr'>αὐτοῦ</span> <span class='ocrx_word' id='word_1_496' title='bbox 839 4157 1378 4225; x_wconf 81' lang='grc' dir='ltr'>ἀποκαλυπτόμενον.</span> <span class='ocrx_word' id='word_1_497' title='bbox 1433 4157 1588 4211; x_wconf 78' lang='grc' dir='ltr'>Οὕτω</span> <span class='ocrx_word' id='word_1_498' title='bbox 1631 4160 1808 4221; x_wconf 73' lang='grc' dir='ltr'>πάλιν,</span> 
     </span>
    </p>
   </div>
   <div class='ocr_carea' id='block_1_60' title="bbox 238 4247 1812 4320">
    <p class='ocr_par' dir='ltr' id='par_1_60' title="bbox 238 4247 1812 4320">
     <span class='ocr_line' id='line_1_62' title="bbox 238 4247 1812 4320; baseline 0.003 -22"><span class='ocrx_word' id='word_1_499' title='bbox 238 4250 429 4318; x_wconf 79' lang='grc' dir='ltr'>χεῖρας</span> <span class='ocrx_word' id='word_1_500' title='bbox 475 4247 689 4302; x_wconf 83' lang='grc' dir='ltr'>ἀκούων</span> <span class='ocrx_word' id='word_1_501' title='bbox 737 4248 891 4312; x_wconf 65' lang='grc' dir='ltr'>(θεοῦ,</span> <span class='ocrx_word' id='word_1_502' title='bbox 942 4249 1002 4300; x_wconf 83' lang='grc' dir='ltr'>τὸ</span> <span class='ocrx_word' id='word_1_503' title='bbox 1053 4251 1330 4318; x_wconf 79' lang='grc' dir='ltr'>ποιητικὸν</span> <span class='ocrx_word' id='word_1_504' title='bbox 1377 4252 1540 4303; x_wconf 75' lang='grc' dir='ltr'>αὐτοῦ</span> <span class='ocrx_word' id='word_1_505' title='bbox 1582 4251 1812 4320; x_wconf 77' lang='grc' dir='ltr'>γνώριζε</span> 
     </span>
    </p>
   </div>
   <div class='ocr_carea' id='block_1_61' title="bbox 244 4335 1811 4410">
    <p class='ocr_par' dir='ltr' id='par_1_61' title="bbox 244 4335 1811 4410">
     <span class='ocr_line' id='line_1_63' title="bbox 244 4335 1811 4410; baseline 0.004 -22"><span class='ocrx_word' id='word_1_506' title='bbox 244 4337 433 4404; x_wconf 70' lang='grc' dir='ltr'>σαφῶς</span> <span class='ocrx_word' id='word_1_507' title='bbox 455 4353 469 4366; x_wconf 75' lang='grc'>⁸</span> <span class='ocrx_word' id='word_1_508' title='bbox 505 4335 598 4399; x_wconf 72' lang='grc' dir='ltr'><strong>οὖς</strong></span> <span class='ocrx_word' id='word_1_509' title='bbox 626 4339 700 4398; x_wconf 79' lang='grc' dir='ltr'><strong>δὲ,</strong></span> <span class='ocrx_word' id='word_1_510' title='bbox 735 4339 793 4390; x_wconf 74' lang='grc' dir='ltr'>τὸ</span> <span class='ocrx_word' id='word_1_511' title='bbox 817 4340 1136 4391; x_wconf 81' lang='grc' dir='ltr'>ἀκουστικὸν</span> <span class='ocrx_word' id='word_1_512' title='bbox 1166 4340 1330 4391; x_wconf 76' lang='grc' dir='ltr'>αὑτοῦ</span> <span class='ocrx_word' id='word_1_513' title='bbox 1353 4357 1364 4369; x_wconf 83' lang='lat'><strong><em>°</em></strong></span> <span class='ocrx_word' id='word_1_514' title='bbox 1401 4341 1710 4410; x_wconf 70' lang='grc' dir='ltr'>ὀφθαλμοὺς</span> <span class='ocrx_word' id='word_1_515' title='bbox 1735 4343 1811 4406; x_wconf 79' lang='grc' dir='ltr'><strong>δὲ,</strong></span> 
     </span>
    </p>
   </div>
   <div class='ocr_carea' id='block_1_62' title="bbox 241 4428 1813 4501">
    <p class='ocr_par' dir='ltr' id='par_1_62' title="bbox 241 4428 1813 4501">
     <span class='ocr_line' id='line_1_64' title="bbox 241 4428 1813 4501; baseline 0.004 -21"><span class='ocrx_word' id='word_1_516' title='bbox 241 4428 307 4480; x_wconf 78' lang='grc' dir='ltr'>τὸ</span> <span class='ocrx_word' id='word_1_517' title='bbox 331 4429 634 4501; x_wconf 82' lang='grc' dir='ltr'>διορατικόν</span> <span class='ocrx_word' id='word_1_518' title='bbox 671 4429 780 4501; x_wconf 64' lang='grc'>(54)</span> <span class='ocrx_word' id='word_1_519' title='bbox 803 4448 814 4460; x_wconf 78' lang='lat'><strong><em>°</em></strong></span> <span class='ocrx_word' id='word_1_520' title='bbox 857 4430 1154 4501; x_wconf 82' lang='grc' dir='ltr'>πτέρυγας,</span> <span class='ocrx_word' id='word_1_521' title='bbox 1197 4431 1257 4483; x_wconf 84' lang='grc' dir='ltr'><strong>τὸ</strong></span> <span class='ocrx_word' id='word_1_522' title='bbox 1287 4435 1669 4487; x_wconf 66' lang='grc' dir='ltr'>σκεπαστικὸν,</span> <span class='ocrx_word' id='word_1_523' title='bbox 1705 4435 1813 4487; x_wconf 81' lang='grc' dir='ltr'>Καὶ</span> 
     </span>
    </p>
   </div>
   <div class='ocr_carea' id='block_1_63' title="bbox 314 4567 780 4626">
    <p class='ocr_par' dir='ltr' id='par_1_63' title="bbox 314 4567 780 4626">
     <span class='ocr_line' id='line_1_65' title="bbox 314 4567 780 4626; baseline -0.004 -5"><span class='ocrx_word' id='word_1_524' title='bbox 314 4568 358 4600; x_wconf 79' lang='grc'><strong>²¹⁵</strong></span> <span class='ocrx_word' id='word_1_525' title='bbox 388 4567 521 4621; x_wconf 86' lang='lat' dir='ltr'><strong>Gen.</strong></span> <span class='ocrx_word' id='word_1_526' title='bbox 564 4585 672 4626; x_wconf 69' lang='lat' dir='ltr'><strong>xm.</strong></span> <span class='ocrx_word' id='word_1_527' title='bbox 691 4568 780 4620; x_wconf 67' lang='lat'><strong>24.</strong></span> 
     </span>
    </p>
   </div>
   <div class='ocr_carea' id='block_1_64' title="bbox 860 4569 1725 4640">
    <p class='ocr_par' dir='ltr' id='par_1_64' title="bbox 860 4569 1725 4640">
     <span class='ocr_line' id='line_1_66' title="bbox 860 4569 1725 4640; baseline 0.008 -20"><span class='ocrx_word' id='word_1_528' title='bbox 860 4569 903 4640; x_wconf 13' lang='lat'><strong>’7‘</strong></span> <span class='ocrx_word' id='word_1_529' title='bbox 936 4569 1097 4640; x_wconf 65' lang='lat' dir='ltr'><strong>Amos</strong></span> <span class='ocrx_word' id='word_1_530' title='bbox 1134 4586 1203 4632; x_wconf 85' lang='lat' dir='ltr'><strong>Iv,</strong></span> <span class='ocrx_word' id='word_1_531' title='bbox 1244 4570 1329 4624; x_wconf 78' lang='grc' dir='ltr'>Η.</span> <span class='ocrx_word' id='word_1_532' title='bbox 1385 4573 1428 4602; x_wconf 73' lang='grc'><strong>’⁸</strong></span> <span class='ocrx_word' id='word_1_533' title='bbox 1457 4573 1579 4629; x_wconf 88' lang='lat' dir='ltr'><strong>Ose.</strong></span> <span class='ocrx_word' id='word_1_534' title='bbox 1608 4592 1647 4640; x_wconf 84' lang='lat' dir='ltr'><strong>t,</strong></span> <span class='ocrx_word' id='word_1_535' title='bbox 1675 4575 1725 4629; x_wconf 86' lang='grc'>7.</span> 
     </span>
    </p>
   </div>
   <div class='ocr_carea' id='block_1_65' title="bbox 243 4637 794 4700">
    <p class='ocr_par' dir='ltr' id='par_1_65' title="bbox 243 4637 794 4700">
     <span class='ocr_line' id='line_1_67' title="bbox 243 4637 794 4700; baseline 0 -8"><span class='ocrx_word' id='word_1_536' title='bbox 243 4639 288 4671; x_wconf 88' lang='grc'><strong>³¹</strong></span> <span class='ocrx_word' id='word_1_537' title='bbox 325 4639 387 4692; x_wconf 83' lang='grc' dir='ltr'><strong>ΙΙΙ</strong></span> <span class='ocrx_word' id='word_1_538' title='bbox 419 4637 572 4692; x_wconf 78' lang='lat' dir='ltr'><strong>Esdr.</strong></span> <span class='ocrx_word' id='word_1_539' title='bbox 612 4653 680 4700; x_wconf 83' lang='lat' dir='ltr'><strong>iv,</strong></span> <span class='ocrx_word' id='word_1_540' title='bbox 708 4640 794 4692; x_wconf 74' lang='grc'><strong>40.</strong></span> 
     </span>
    </p>
   </div>
   <div class='ocr_carea' id='block_1_66' title="bbox 870 4639 1302 4704">
    <p class='ocr_par' dir='ltr' id='par_1_66' title="bbox 870 4639 1302 4704">
     <span class='ocr_line' id='line_1_68' title="bbox 870 4639 1302 4704; baseline 0.005 -13"><span class='ocrx_word' id='word_1_541' title='bbox 870 4639 914 4669; x_wconf 82' lang='grc'><strong>³²</strong></span> <span class='ocrx_word' id='word_1_542' title='bbox 947 4639 1046 4692; x_wconf 86' lang='lat' dir='ltr'><strong>lsa.</strong></span> <span class='ocrx_word' id='word_1_543' title='bbox 1078 4655 1220 4704; x_wconf 78' lang='lat' dir='ltr'><strong>va1,</strong></span> <span class='ocrx_word' id='word_1_544' title='bbox 1252 4642 1302 4693; x_wconf 78' lang='grc'>1.</span> 
     </span>
    </p>
   </div>
   <div class='ocr_carea' id='block_1_67' title="bbox 1804 4572 2280 4639">
    <p class='ocr_par' dir='ltr' id='par_1_67' title="bbox 1804 4572 2280 4639">
     <span class='ocr_line' id='line_1_69' title="bbox 1804 4572 2280 4639; baseline -0.008 -11"><span class='ocrx_word' id='word_1_545' title='bbox 1804 4576 1844 4606; x_wconf 75' lang='grc' dir='ltr'>ιτ</span> <span class='ocrx_word' id='word_1_546' title='bbox 1875 4574 1915 4627; x_wconf 88' lang='grc' dir='ltr'><strong>ιι</strong></span> <span class='ocrx_word' id='word_1_547' title='bbox 1951 4574 2092 4628; x_wconf 90' lang='lat' dir='ltr'><strong>Tim.</strong></span> <span class='ocrx_word' id='word_1_548' title='bbox 2117 4590 2156 4639; x_wconf 88' lang='grc' dir='ltr'><strong>ι,</strong></span> <span class='ocrx_word' id='word_1_549' title='bbox 2192 4572 2280 4625; x_wconf 77' lang='grc' dir='ltr'><strong>ιε.</strong></span> 
     </span>
    </p>
   </div>
   <div class='ocr_carea' id='block_1_68' title="bbox 1910 2042 3475 2109">
    <p class='ocr_par' dir='ltr' id='par_1_68' title="bbox 1910 2042 3475 2109">
     <span class='ocr_line' id='line_1_70' title="bbox 1910 2042 3475 2109; baseline -0.01 -2"><span class='ocrx_word' id='word_1_550' title='bbox 1910 2054 2019 2108; x_wconf 85' lang='lat' dir='ltr'><strong>ait:</strong></span> <span class='ocrx_word' id='word_1_551' title='bbox 2055 2051 2235 2105; x_wconf 83' lang='lat' dir='ltr'><strong>Omnis</strong></span> <span class='ocrx_word' id='word_1_552' title='bbox 2268 2058 2409 2102; x_wconf 88' lang='lat' dir='ltr'><strong>terra</strong></span> <span class='ocrx_word' id='word_1_553' title='bbox 2452 2049 2718 2101; x_wconf 86' lang='lat' dir='ltr'><strong>veritatem</strong></span> <span class='ocrx_word' id='word_1_554' title='bbox 2759 2045 2984 2108; x_wconf 88' lang='lat' dir='ltr'><strong>invocat,</strong></span> <span class='ocrx_word' id='word_1_555' title='bbox 3013 2054 3062 2096; x_wconf 89' lang='lat' dir='ltr'><strong>et</strong></span> <span class='ocrx_word' id='word_1_556' title='bbox 3093 2042 3278 2096; x_wconf 72' lang='lat' dir='ltr'><strong>coelum</strong></span> <span class='ocrx_word' id='word_1_557' title='bbox 3308 2042 3475 2109; x_wconf 84' lang='lat' dir='ltr'><strong>ipsam</strong></span> 
     </span>
    </p>
   </div>
   <div class='ocr_carea' id='block_1_69' title="bbox 1911 2133 3481 2206">
    <p class='ocr_par' dir='ltr' id='par_1_69' title="bbox 1911 2133 3481 2206">
     <span class='ocr_line' id='line_1_71' title="bbox 1911 2133 3481 2206; baseline -0.008 -8"><span class='ocrx_word' id='word_1_558' title='bbox 1911 2144 2185 2205; x_wconf 80' lang='lat' dir='ltr'><strong>benedicit,</strong></span> <span class='ocrx_word' id='word_1_559' title='bbox 2219 2151 2264 2194; x_wconf 86' lang='lat' dir='ltr'><strong>et</strong></span> <span class='ocrx_word' id='word_1_560' title='bbox 2287 2139 2462 2192; x_wconf 83' lang='lat' dir='ltr'><strong>omnia</strong></span> <span class='ocrx_word' id='word_1_561' title='bbox 2483 2154 2636 2206; x_wconf 85' lang='lat' dir='ltr'><strong>opera</strong></span> <span class='ocrx_word' id='word_1_562' title='bbox 2667 2136 3035 2190; x_wconf 82' lang='lat' dir='ltr'><strong>concutiuntur</strong></span> <span class='ocrx_word' id='word_1_563' title='bbox 3065 2145 3113 2186; x_wconf 86' lang='lat' dir='ltr'><strong>et</strong></span> <span class='ocrx_word' id='word_1_564' title='bbox 3146 2142 3374 2186; x_wconf 83' lang='lat' dir='ltr'><strong>tremunt</strong></span> <span class='ocrx_word' id='word_1_565' title='bbox 3395 2133 3481 2185; x_wconf 67' lang='grc'><strong>’⁸2</strong></span> 
     </span>
    </p>
   </div>
   <div class='ocr_carea' id='block_1_70' title="bbox 1912 2223 3479 2303">
    <p class='ocr_par' dir='ltr' id='par_1_70' title="bbox 1912 2223 3479 2303">
     <span class='ocr_line' id='line_1_72' title="bbox 1912 2223 3479 2303; baseline -0.01 -12"><span class='ocrx_word' id='word_1_566' title='bbox 1912 2237 2166 2303; x_wconf 61' lang='lat' dir='ltr'><strong>Quasnam</strong></span> <span class='ocrx_word' id='word_1_567' title='bbox 2197 2247 2325 2288; x_wconf 88' lang='lat' dir='ltr'><strong>vero</strong></span> <span class='ocrx_word' id='word_1_568' title='bbox 2379 2239 2462 2285; x_wconf 89' lang='lat' dir='ltr'><strong>est</strong></span> <span class='ocrx_word' id='word_1_569' title='bbox 2507 2229 2726 2293; x_wconf 87' lang='lat' dir='ltr'><strong>veritas,</strong></span> <span class='ocrx_word' id='word_1_570' title='bbox 2760 2230 2859 2282; x_wconf 90' lang='lat' dir='ltr'><strong>nisi</strong></span> <span class='ocrx_word' id='word_1_571' title='bbox 2902 2225 2993 2282; x_wconf 89' lang='lat' dir='ltr'><strong>Dei</strong></span> <span class='ocrx_word' id='word_1_572' title='bbox 3028 2224 3260 2279; x_wconf 74' lang='lat' dir='ltr'><strong>Verbum</strong></span> <span class='ocrx_word' id='word_1_573' title='bbox 3308 2235 3362 2277; x_wconf 92' lang='lat' dir='ltr'><strong>et</strong></span> <span class='ocrx_word' id='word_1_574' title='bbox 3391 2223 3479 2277; x_wconf 86' lang='lat' dir='ltr'><strong>Fi-</strong></span> 
     </span>
    </p>
   </div>
   <div class='ocr_carea' id='block_1_71' title="bbox 1911 2317 3478 2396">
    <p class='ocr_par' dir='ltr' id='par_1_71' title="bbox 1911 2317 3478 2396">
     <span class='ocr_line' id='line_1_73' title="bbox 1911 2317 3478 2396; baseline -0.007 -17"><span class='ocrx_word' id='word_1_575' title='bbox 1911 2326 2032 2393; x_wconf 92' lang='lat' dir='ltr'><strong>lius,</strong></span> <span class='ocrx_word' id='word_1_576' title='bbox 2068 2340 2162 2396; x_wconf 87' lang='lat' dir='ltr'><strong>per</strong></span> <span class='ocrx_word' id='word_1_577' title='bbox 2209 2339 2365 2394; x_wconf 90' lang='lat' dir='ltr'><strong>quem</strong></span> <span class='ocrx_word' id='word_1_578' title='bbox 2396 2321 2629 2377; x_wconf 86' lang='lat' dir='ltr'><strong>omnia?</strong></span> <span class='ocrx_word' id='word_1_579' title='bbox 2662 2319 2772 2388; x_wconf 84' lang='lat' dir='ltr'><strong>Ego</strong></span> <span class='ocrx_word' id='word_1_580' title='bbox 2817 2321 2974 2384; x_wconf 89' lang='lat' dir='ltr'><strong>enim,</strong></span> <span class='ocrx_word' id='word_1_581' title='bbox 2999 2318 3193 2388; x_wconf 90' lang='lat' dir='ltr'><strong>inquit,</strong></span> <span class='ocrx_word' id='word_1_582' title='bbox 3228 2333 3341 2370; x_wconf 83' lang='lat' dir='ltr'><strong>sum</strong></span> <span class='ocrx_word' id='word_1_583' title='bbox 3371 2317 3478 2379; x_wconf 75' lang='lat' dir='ltr'><strong>sia,</strong></span> 
     </span>
    </p>
   </div>
   <div class='ocr_carea' id='block_1_72' title="bbox 1911 2409 3476 2484">
    <p class='ocr_par' dir='ltr' id='par_1_72' title="bbox 1911 2409 3476 2484">
     <span class='ocr_line' id='line_1_74' title="bbox 1911 2409 3476 2484; baseline -0.008 -12"><span class='ocrx_word' id='word_1_584' title='bbox 1911 2429 1955 2472; x_wconf 88' lang='lat' dir='ltr'><strong>et</strong></span> <span class='ocrx_word' id='word_1_585' title='bbox 1997 2422 2221 2481; x_wconf 82' lang='lat' dir='ltr'><strong>ueritas,</strong></span> <span class='ocrx_word' id='word_1_586' title='bbox 2254 2426 2300 2470; x_wconf 90' lang='lat' dir='ltr'><strong>et</strong></span> <span class='ocrx_word' id='word_1_587' title='bbox 2345 2417 2448 2469; x_wconf 85' lang='lat' dir='ltr'><strong>vita</strong></span> <span class='ocrx_word' id='word_1_588' title='bbox 2479 2410 2842 2484; x_wconf 52' lang='lat' dir='ltr'><strong>&quot;-“J’eritas</strong></span> <span class='ocrx_word' id='word_1_589' title='bbox 2858 2420 3032 2466; x_wconf 89' lang='lat' dir='ltr'><strong>autem</strong></span> <span class='ocrx_word' id='word_1_590' title='bbox 3074 2427 3180 2465; x_wconf 93' lang='lat' dir='ltr'><strong>non</strong></span> <span class='ocrx_word' id='word_1_591' title='bbox 3235 2417 3320 2464; x_wconf 85' lang='lat' dir='ltr'><strong>est</strong></span> <span class='ocrx_word' id='word_1_592' title='bbox 3377 2409 3476 2461; x_wconf 87' lang='lat' dir='ltr'><strong>nisi</strong></span> 
     </span>
    </p>
   </div>
   <div class='ocr_carea' id='block_1_73' title="bbox 1911 2501 3482 2575">
    <p class='ocr_par' dir='ltr' id='par_1_73' title="bbox 1911 2501 3482 2575">
     <span class='ocr_line' id='line_1_75' title="bbox 1911 2501 3482 2575; baseline -0.007 -12"><span class='ocrx_word' id='word_1_593' title='bbox 1911 2524 1975 2563; x_wconf 80' lang='lat' dir='ltr'><strong>ex</strong></span> <span class='ocrx_word' id='word_1_594' title='bbox 2006 2525 2156 2572; x_wconf 87' lang='lat' dir='ltr'><strong>vero,</strong></span> <span class='ocrx_word' id='word_1_595' title='bbox 2198 2509 2515 2561; x_wconf 84' lang='lat' dir='ltr'><strong>naturaliter</strong></span> <span class='ocrx_word' id='word_1_596' title='bbox 2551 2517 2606 2561; x_wconf 89' lang='lat' dir='ltr'><strong>et</strong></span> <span class='ocrx_word' id='word_1_597' title='bbox 2649 2505 2974 2575; x_wconf 89' lang='lat' dir='ltr'><strong>sempiterne</strong></span> <span class='ocrx_word' id='word_1_598' title='bbox 3004 2519 3068 2557; x_wconf 86' lang='lat' dir='ltr'><strong>ex</strong></span> <span class='ocrx_word' id='word_1_599' title='bbox 3115 2504 3230 2573; x_wconf 87' lang='lat' dir='ltr'><strong>ipso</strong></span> <span class='ocrx_word' id='word_1_600' title='bbox 3279 2501 3482 2572; x_wconf 78' lang='lat' dir='ltr'><strong>genita.</strong></span> 
     </span>
    </p>
   </div>
   <div class='ocr_carea' id='block_1_74' title="bbox 1910 2591 3481 2670">
    <p class='ocr_par' dir='ltr' id='par_1_74' title="bbox 1910 2591 3481 2670">
     <span class='ocr_line' id='line_1_76' title="bbox 1910 2591 3481 2670; baseline -0.008 -16"><span class='ocrx_word' id='word_1_601' title='bbox 1910 2599 2198 2670; x_wconf 87' lang='lat' dir='ltr'><strong>Propterea</strong></span> <span class='ocrx_word' id='word_1_602' title='bbox 2219 2599 2402 2658; x_wconf 80' lang='lat' dir='ltr'><strong>infert.</strong></span> <span class='ocrx_word' id='word_1_603' title='bbox 2420 2598 2637 2651; x_wconf 82' lang='lat' dir='ltr'><strong>dicens:</strong></span> <span class='ocrx_word' id='word_1_604' title='bbox 2659 2597 2965 2650; x_wconf 80' lang='lat' dir='ltr'><strong>Benedictus</strong></span> <span class='ocrx_word' id='word_1_605' title='bbox 3001 2593 3139 2646; x_wconf 84' lang='lat' dir='ltr'><strong>Deus</strong></span> <span class='ocrx_word' id='word_1_606' title='bbox 3167 2593 3400 2646; x_wconf 83' lang='lat' dir='ltr'><strong>veritatis</strong></span> <span class='ocrx_word' id='word_1_607' title='bbox 3415 2591 3481 2654; x_wconf 81' lang='lat'><strong>“,</strong></span> 
     </span>
    </p>
   </div>
   <div class='ocr_carea' id='block_1_75' title="bbox 1911 2683 3482 2762">
    <p class='ocr_par' dir='ltr' id='par_1_75' title="bbox 1911 2683 3482 2762">
     <span class='ocr_line' id='line_1_77' title="bbox 1911 2683 3482 2762; baseline -0.006 -16"><span class='ocrx_word' id='word_1_608' title='bbox 1911 2694 2003 2762; x_wconf 91' lang='lat' dir='ltr'><strong>qui</strong></span> <span class='ocrx_word' id='word_1_609' title='bbox 2050 2701 2133 2748; x_wconf 89' lang='lat' dir='ltr'><strong>est</strong></span> <span class='ocrx_word' id='word_1_610' title='bbox 2175 2691 2335 2746; x_wconf 88' lang='lat' dir='ltr'><strong>Pater</strong></span> <span class='ocrx_word' id='word_1_611' title='bbox 2372 2690 2613 2745; x_wconf 87' lang='lat' dir='ltr'><strong>veritatis</strong></span> <span class='ocrx_word' id='word_1_612' title='bbox 2659 2687 2884 2744; x_wconf 86' lang='lat' dir='ltr'><strong>Christi.</strong></span> <span class='ocrx_word' id='word_1_613' title='bbox 2936 2685 3144 2740; x_wconf 84' lang='lat' dir='ltr'><strong>Veritas</strong></span> <span class='ocrx_word' id='word_1_614' title='bbox 3196 2683 3482 2746; x_wconf 88' lang='lat' dir='ltr'><strong>Christus,</strong></span> 
     </span>
    </p>
   </div>
   <div class='ocr_carea' id='block_1_76' title="bbox 1912 2773 3483 2856">
    <p class='ocr_par' dir='ltr' id='par_1_76' title="bbox 1912 2773 3483 2856">
     <span class='ocr_line' id='line_1_78' title="bbox 1912 2773 3483 2856; baseline -0.008 -18"><span class='ocrx_word' id='word_1_615' title='bbox 1912 2801 2068 2856; x_wconf 88' lang='lat' dir='ltr'><strong>quem</strong></span> <span class='ocrx_word' id='word_1_616' title='bbox 2109 2787 2286 2840; x_wconf 89' lang='lat' dir='ltr'><strong>omnis</strong></span> <span class='ocrx_word' id='word_1_617' title='bbox 2314 2783 2510 2837; x_wconf 86' lang='lat' dir='ltr'><strong>halitus</strong></span> <span class='ocrx_word' id='word_1_618' title='bbox 2537 2783 2666 2836; x_wconf 92' lang='lat' dir='ltr'><strong>colit</strong></span> <span class='ocrx_word' id='word_1_619' title='bbox 2690 2797 2753 2836; x_wconf 91' lang='lat' dir='ltr'><strong>ac</strong></span> <span class='ocrx_word' id='word_1_620' title='bbox 2776 2779 2979 2836; x_wconf 88' lang='lat' dir='ltr'><strong>tremit.</strong></span> <span class='ocrx_word' id='word_1_621' title='bbox 3009 2777 3184 2844; x_wconf 88' lang='lat' dir='ltr'><strong>Quare</strong></span> <span class='ocrx_word' id='word_1_622' title='bbox 3215 2773 3362 2844; x_wconf 91' lang='lat' dir='ltr'><strong>quod</strong></span> <span class='ocrx_word' id='word_1_623' title='bbox 3396 2773 3483 2826; x_wconf 88' lang='lat' dir='ltr'><strong>vi-</strong></span> 
     </span>
    </p>
   </div>
   <div class='ocr_carea' id='block_1_77' title="bbox 1911 2868 3484 2943">
    <p class='ocr_par' dir='ltr' id='par_1_77' title="bbox 1911 2868 3484 2943">
     <span class='ocr_line' id='line_1_79' title="bbox 1911 2868 3484 2943; baseline -0.008 -12"><span class='ocrx_word' id='word_1_624' title='bbox 1911 2895 2044 2934; x_wconf 87' lang='lat' dir='ltr'><strong>vens</strong></span> <span class='ocrx_word' id='word_1_625' title='bbox 2073 2880 2143 2933; x_wconf 88' lang='lat' dir='ltr'><strong>sit</strong></span> <span class='ocrx_word' id='word_1_626' title='bbox 2168 2876 2428 2940; x_wconf 69' lang='lat' dir='ltr'><strong>Verbum,</strong></span> <span class='ocrx_word' id='word_1_627' title='bbox 2471 2884 2526 2928; x_wconf 85' lang='lat' dir='ltr'><strong>et</strong></span> <span class='ocrx_word' id='word_1_628' title='bbox 2560 2890 2781 2943; x_wconf 83' lang='lat' dir='ltr'><strong>persona</strong></span> <span class='ocrx_word' id='word_1_629' title='bbox 2835 2872 3094 2941; x_wconf 89' lang='lat' dir='ltr'><strong>perfecta,</strong></span> <span class='ocrx_word' id='word_1_630' title='bbox 3125 2868 3484 2936; x_wconf 87' lang='lat' dir='ltr'><strong>similiterque</strong></span> 
     </span>
    </p>
   </div>
   <div class='ocr_carea' id='block_1_78' title="bbox 1915 2961 3486 3038">
    <p class='ocr_par' dir='ltr' id='par_1_78' title="bbox 1915 2961 3486 3038">
     <span class='ocr_line' id='line_1_80' title="bbox 1915 2961 3486 3038; baseline -0.007 -16"><span class='ocrx_word' id='word_1_631' title='bbox 1915 2967 2168 3037; x_wconf 88' lang='lat' dir='ltr'><strong>Spiritus,</strong></span> <span class='ocrx_word' id='word_1_632' title='bbox 2210 2985 2274 3024; x_wconf 86' lang='lat' dir='ltr'><strong>ea</strong></span> <span class='ocrx_word' id='word_1_633' title='bbox 2327 2982 2447 3038; x_wconf 78' lang='lat' dir='ltr'><strong>qua:</strong></span> <span class='ocrx_word' id='word_1_634' title='bbox 2490 2966 2648 3019; x_wconf 88' lang='lat' dir='ltr'><strong>modo</strong></span> <span class='ocrx_word' id='word_1_635' title='bbox 2675 2964 2813 3017; x_wconf 89' lang='lat' dir='ltr'><strong>dicta</strong></span> <span class='ocrx_word' id='word_1_636' title='bbox 2857 2970 3005 3026; x_wconf 91' lang='lat' dir='ltr'><strong>sunt,</strong></span> <span class='ocrx_word' id='word_1_637' title='bbox 3038 2962 3248 3014; x_wconf 87' lang='lat' dir='ltr'><strong>abunde</strong></span> <span class='ocrx_word' id='word_1_638' title='bbox 3286 2961 3486 3013; x_wconf 89' lang='lat' dir='ltr'><strong>docere</strong></span> 
     </span>
    </p>
   </div>
   <div class='ocr_carea' id='block_1_79' title="bbox 1910 3050 3484 3130">
    <p class='ocr_par' dir='ltr' id='par_1_79' title="bbox 1910 3050 3484 3130">
     <span class='ocr_line' id='line_1_81' title="bbox 1910 3050 3484 3130; baseline -0.008 -15"><span class='ocrx_word' id='word_1_639' title='bbox 1910 3068 2154 3130; x_wconf 89' lang='lat' dir='ltr'><strong>possunt.</strong></span> <span class='ocrx_word' id='word_1_640' title='bbox 2191 3060 2329 3113; x_wconf 91' lang='lat' dir='ltr'><strong>Sunt</strong></span> <span class='ocrx_word' id='word_1_641' title='bbox 2389 3068 2570 3112; x_wconf 89' lang='lat' dir='ltr'><strong>autem</strong></span> <span class='ocrx_word' id='word_1_642' title='bbox 2625 3057 2871 3110; x_wconf 72' lang='lat' dir='ltr'><strong>humanae</strong></span> <span class='ocrx_word' id='word_1_643' title='bbox 2923 3053 3111 3107; x_wconf 85' lang='lat' dir='ltr'><strong>formae</strong></span> <span class='ocrx_word' id='word_1_644' title='bbox 3138 3050 3277 3119; x_wconf 89' lang='lat' dir='ltr'><strong>apud</strong></span> <span class='ocrx_word' id='word_1_645' title='bbox 3316 3050 3484 3104; x_wconf 90' lang='lat' dir='ltr'><strong>Deum</strong></span> 
     </span>
    </p>
   </div>
   <div class='ocr_carea' id='block_1_80' title="bbox 1913 3143 3486 3218">
    <p class='ocr_par' dir='ltr' id='par_1_80' title="bbox 1913 3143 3486 3218">
     <span class='ocr_line' id='line_1_82' title="bbox 1913 3143 3486 3218; baseline -0.008 -11"><span class='ocrx_word' id='word_1_646' title='bbox 1913 3153 2117 3215; x_wconf 70' lang='lat' dir='ltr'><strong>multas,</strong></span> <span class='ocrx_word' id='word_1_647' title='bbox 2139 3159 2195 3206; x_wconf 91' lang='lat' dir='ltr'><strong>et</strong></span> <span class='ocrx_word' id='word_1_648' title='bbox 2226 3151 2382 3214; x_wconf 64' lang='lat' dir='ltr'><strong>aliae;</strong></span> <span class='ocrx_word' id='word_1_649' title='bbox 2418 3165 2520 3204; x_wconf 89' lang='lat' dir='ltr'><strong>nec</strong></span> <span class='ocrx_word' id='word_1_650' title='bbox 2553 3155 2833 3218; x_wconf 86' lang='lat' dir='ltr'><strong>pr0pterea</strong></span> <span class='ocrx_word' id='word_1_651' title='bbox 2873 3145 3038 3199; x_wconf 90' lang='lat' dir='ltr'><strong>Deum</strong></span> <span class='ocrx_word' id='word_1_652' title='bbox 3069 3143 3338 3198; x_wconf 89' lang='lat' dir='ltr'><strong>hominem</strong></span> <span class='ocrx_word' id='word_1_653' title='bbox 3365 3156 3486 3197; x_wconf 88' lang='lat' dir='ltr'><strong>esse</strong></span> 
     </span>
    </p>
   </div>
   <div class='ocr_carea' id='block_1_81' title="bbox 1915 3233 3484 3310">
    <p class='ocr_par' dir='ltr' id='par_1_81' title="bbox 1915 3233 3484 3310">
     <span class='ocr_line' id='line_1_83' title="bbox 1915 3233 3484 3310; baseline -0.008 -11"><span class='ocrx_word' id='word_1_654' title='bbox 1915 3245 2325 3306; x_wconf 68' lang='lat' dir='ltr'><strong>existimamus,</strong></span> <span class='ocrx_word' id='word_1_655' title='bbox 2375 3240 2604 3310; x_wconf 78' lang='lat' dir='ltr'><strong>exempli</strong></span> <span class='ocrx_word' id='word_1_656' title='bbox 2644 3253 2807 3294; x_wconf 90' lang='lat' dir='ltr'><strong>causa</strong></span> <span class='ocrx_word' id='word_1_657' title='bbox 2857 3236 2900 3292; x_wconf 93' lang='lat' dir='ltr'><strong>si</strong></span> <span class='ocrx_word' id='word_1_658' title='bbox 2940 3236 3133 3291; x_wconf 79' lang='lat' dir='ltr'><strong>faciem</strong></span> <span class='ocrx_word' id='word_1_659' title='bbox 3193 3233 3484 3295; x_wconf 85' lang='lat' dir='ltr'><strong>audimus,</strong></span> 
     </span>
    </p>
   </div>
   <div class='ocr_carea' id='block_1_82' title="bbox 1916 3325 3486 3404">
    <p class='ocr_par' dir='ltr' id='par_1_82' title="bbox 1916 3325 3486 3404">
     <span class='ocr_line' id='line_1_84' title="bbox 1916 3325 3486 3404; baseline -0.008 -14"><span class='ocrx_word' id='word_1_660' title='bbox 1916 3335 2213 3404; x_wconf 85' lang='lat' dir='ltr'><strong>oculosque</strong></span> <span class='ocrx_word' id='word_1_661' title='bbox 2240 3344 2293 3388; x_wconf 88' lang='lat' dir='ltr'><strong>et</strong></span> <span class='ocrx_word' id='word_1_662' title='bbox 2325 3348 2503 3398; x_wconf 89' lang='lat' dir='ltr'><strong>aures,</strong></span> <span class='ocrx_word' id='word_1_663' title='bbox 2544 3343 2597 3387; x_wconf 92' lang='lat' dir='ltr'><strong>et</strong></span> <span class='ocrx_word' id='word_1_664' title='bbox 2626 3345 2839 3385; x_wconf 90' lang='lat' dir='ltr'><strong>manus.</strong></span> <span class='ocrx_word' id='word_1_665' title='bbox 2866 3338 2921 3382; x_wconf 84' lang='lat' dir='ltr'><strong>et</strong></span> <span class='ocrx_word' id='word_1_666' title='bbox 2975 3328 3157 3397; x_wconf 89' lang='lat' dir='ltr'><strong>pedes.</strong></span> <span class='ocrx_word' id='word_1_667' title='bbox 3193 3326 3379 3395; x_wconf 85' lang='lat' dir='ltr'><strong>Neque</strong></span> <span class='ocrx_word' id='word_1_668' title='bbox 3421 3325 3486 3378; x_wconf 90' lang='lat' dir='ltr'><strong>de</strong></span> 
     </span>
    </p>
   </div>
   <div class='ocr_carea' id='block_1_83' title="bbox 1917 3414 3485 3494">
    <p class='ocr_par' dir='ltr' id='par_1_83' title="bbox 1917 3414 3485 3494">
     <span class='ocr_line' id='line_1_85' title="bbox 1917 3414 3485 3494; baseline -0.01 -13"><span class='ocrx_word' id='word_1_669' title='bbox 1917 3428 2026 3482; x_wconf 90' lang='lat' dir='ltr'><strong>Deo</strong></span> <span class='ocrx_word' id='word_1_670' title='bbox 2060 3427 2240 3482; x_wconf 89' lang='lat' dir='ltr'><strong>dicere</strong></span> <span class='ocrx_word' id='word_1_671' title='bbox 2269 3426 2400 3490; x_wconf 86' lang='lat' dir='ltr'><strong>vult,</strong></span> <span class='ocrx_word' id='word_1_672' title='bbox 2436 3425 2575 3494; x_wconf 86' lang='lat' dir='ltr'><strong>quod</strong></span> <span class='ocrx_word' id='word_1_673' title='bbox 2611 3424 2662 3476; x_wconf 91' lang='lat' dir='ltr'><strong>in</strong></span> <span class='ocrx_word' id='word_1_674' title='bbox 2695 3421 2832 3475; x_wconf 87' lang='lat' dir='ltr'><strong>coelo</strong></span> <span class='ocrx_word' id='word_1_675' title='bbox 2871 3419 3015 3473; x_wconf 90' lang='lat' dir='ltr'><strong>velut</strong></span> <span class='ocrx_word' id='word_1_676' title='bbox 3045 3418 3095 3472; x_wconf 92' lang='lat' dir='ltr'><strong>in</strong></span> <span class='ocrx_word' id='word_1_677' title='bbox 3128 3417 3255 3472; x_wconf 89' lang='lat' dir='ltr'><strong>sede</strong></span> <span class='ocrx_word' id='word_1_678' title='bbox 3278 3414 3485 3479; x_wconf 90' lang='lat' dir='ltr'><strong>sedeat,</strong></span> 
     </span>
    </p>
   </div>
   <div class='ocr_carea' id='block_1_84' title="bbox 1916 3505 3488 3588">
    <p class='ocr_par' dir='ltr' id='par_1_84' title="bbox 1916 3505 3488 3588">
     <span class='ocr_line' id='line_1_86' title="bbox 1916 3505 3488 3588; baseline -0.009 -15"><span class='ocrx_word' id='word_1_679' title='bbox 1916 3534 2091 3588; x_wconf 81' lang='lat' dir='ltr'><strong>neque</strong></span> <span class='ocrx_word' id='word_1_680' title='bbox 2121 3520 2262 3588; x_wconf 91' lang='lat' dir='ltr'><strong>quod</strong></span> <span class='ocrx_word' id='word_1_681' title='bbox 2293 3531 2433 3571; x_wconf 90' lang='lat' dir='ltr'><strong>terra</strong></span> <span class='ocrx_word' id='word_1_682' title='bbox 2463 3530 2559 3569; x_wconf 91' lang='lat' dir='ltr'><strong>ceu</strong></span> <span class='ocrx_word' id='word_1_683' title='bbox 2599 3512 2792 3583; x_wconf 88' lang='lat' dir='ltr'><strong>pedum</strong></span> <span class='ocrx_word' id='word_1_684' title='bbox 2821 3511 2986 3580; x_wconf 88' lang='lat' dir='ltr'><strong>ipsius</strong></span> <span class='ocrx_word' id='word_1_685' title='bbox 3013 3509 3300 3564; x_wconf 91' lang='lat' dir='ltr'><strong>scabellum</strong></span> <span class='ocrx_word' id='word_1_686' title='bbox 3329 3505 3488 3560; x_wconf 91' lang='lat' dir='ltr'><strong>modo</strong></span> 
     </span>
    </p>
   </div>
   <div class='ocr_carea' id='block_1_85' title="bbox 1917 3597 3486 3679">
    <p class='ocr_par' dir='ltr' id='par_1_85' title="bbox 1917 3597 3486 3679">
     <span class='ocr_line' id='line_1_87' title="bbox 1917 3597 3486 3679; baseline -0.009 -15"><span class='ocrx_word' id='word_1_687' title='bbox 1917 3626 2175 3679; x_wconf 85' lang='lat' dir='ltr'><strong>corporeo</strong></span> <span class='ocrx_word' id='word_1_688' title='bbox 2225 3609 2462 3662; x_wconf 86' lang='lat' dir='ltr'><strong>calcetur</strong></span> <span class='ocrx_word' id='word_1_689' title='bbox 2491 3607 2556 3672; x_wconf 61' lang='lat'><strong>3&#39;,</strong></span> <span class='ocrx_word' id='word_1_690' title='bbox 2614 3606 2705 3659; x_wconf 90' lang='lat' dir='ltr'><strong>sed</strong></span> <span class='ocrx_word' id='word_1_691' title='bbox 2776 3602 2917 3671; x_wconf 91' lang='lat' dir='ltr'><strong>quod</strong></span> <span class='ocrx_word' id='word_1_692' title='bbox 2977 3601 3170 3654; x_wconf 76' lang='lat' dir='ltr'><strong>divina:</strong></span> <span class='ocrx_word' id='word_1_693' title='bbox 3229 3597 3486 3667; x_wconf 88' lang='lat' dir='ltr'><strong>potestati</strong></span> 
     </span>
    </p>
   </div>
   <div class='ocr_carea' id='block_1_86' title="bbox 1919 3687 3486 3770">
    <p class='ocr_par' dir='ltr' id='par_1_86' title="bbox 1919 3687 3486 3770">
     <span class='ocr_line' id='line_1_88' title="bbox 1919 3687 3486 3770; baseline -0.011 -14"><span class='ocrx_word' id='word_1_694' title='bbox 1919 3703 2159 3770; x_wconf 86' lang='lat' dir='ltr'><strong>subjecta</strong></span> <span class='ocrx_word' id='word_1_695' title='bbox 2183 3701 2271 3754; x_wconf 85' lang='lat' dir='ltr'><strong>sit.</strong></span> <span class='ocrx_word' id='word_1_696' title='bbox 2313 3698 2401 3752; x_wconf 89' lang='lat' dir='ltr'><strong>Sic</strong></span> <span class='ocrx_word' id='word_1_697' title='bbox 2440 3712 2647 3760; x_wconf 90' lang='lat' dir='ltr'><strong>rursus,</strong></span> <span class='ocrx_word' id='word_1_698' title='bbox 2672 3695 2717 3748; x_wconf 88' lang='lat' dir='ltr'><strong>si</strong></span> <span class='ocrx_word' id='word_1_699' title='bbox 2749 3702 2961 3747; x_wconf 88' lang='lat' dir='ltr'><strong>uterum</strong></span> <span class='ocrx_word' id='word_1_700' title='bbox 2993 3691 3059 3745; x_wconf 88' lang='lat' dir='ltr'><strong>de</strong></span> <span class='ocrx_word' id='word_1_701' title='bbox 3088 3689 3197 3743; x_wconf 90' lang='lat' dir='ltr'><strong>Deo</strong></span> <span class='ocrx_word' id='word_1_702' title='bbox 3227 3687 3486 3750; x_wconf 86' lang='lat' dir='ltr'><strong>audieris,</strong></span> 
     </span>
    </p>
   </div>
   <div class='ocr_carea' id='block_1_87' title="bbox 1924 3782 3483 3856">
    <p class='ocr_par' dir='ltr' id='par_1_87' title="bbox 1924 3782 3483 3856">
     <span class='ocr_line' id='line_1_89' title="bbox 1924 3782 3483 3856; baseline -0.012 -6"><span class='ocrx_word' id='word_1_703' title='bbox 1924 3810 1991 3850; x_wconf 92' lang='lat' dir='ltr'><strong>ne</strong></span> <span class='ocrx_word' id='word_1_704' title='bbox 2024 3793 2365 3848; x_wconf 89' lang='lat' dir='ltr'><strong>conturberis</strong></span> <span class='ocrx_word' id='word_1_705' title='bbox 2397 3800 2648 3856; x_wconf 89' lang='lat' dir='ltr'><strong>tanquam</strong></span> <span class='ocrx_word' id='word_1_706' title='bbox 2686 3800 2999 3854; x_wconf 90' lang='lat' dir='ltr'><strong>corporeum</strong></span> <span class='ocrx_word' id='word_1_707' title='bbox 3038 3782 3167 3852; x_wconf 90' lang='lat' dir='ltr'><strong>quid</strong></span> <span class='ocrx_word' id='word_1_708' title='bbox 3195 3782 3440 3849; x_wconf 78' lang='lat' dir='ltr'><strong>cogitans</strong></span> <span class='ocrx_word' id='word_1_709' title='bbox 3469 3795 3483 3832; x_wconf 90' lang='lat'><strong>:</strong></span> 
     </span>
    </p>
   </div>
   <div class='ocr_carea' id='block_1_88' title="bbox 1922 3871 3490 3954">
    <p class='ocr_par' dir='ltr' id='par_1_88' title="bbox 1922 3871 3490 3954">
     <span class='ocr_line' id='line_1_90' title="bbox 1922 3871 3490 3954; baseline -0.01 -13"><span class='ocrx_word' id='word_1_710' title='bbox 1922 3888 2014 3941; x_wconf 88' lang='lat' dir='ltr'><strong>sed</strong></span> <span class='ocrx_word' id='word_1_711' title='bbox 2058 3885 2335 3954; x_wconf 85' lang='lat' dir='ltr'><strong>spirituale</strong></span> <span class='ocrx_word' id='word_1_712' title='bbox 2378 3882 2630 3952; x_wconf 85' lang='lat' dir='ltr'><strong>quiddam</strong></span> <span class='ocrx_word' id='word_1_713' title='bbox 2685 3879 3026 3948; x_wconf 78' lang='lat' dir='ltr'><strong>intelligens,</strong></span> <span class='ocrx_word' id='word_1_714' title='bbox 3063 3873 3263 3943; x_wconf 89' lang='lat' dir='ltr'><strong>aliquid</strong></span> <span class='ocrx_word' id='word_1_715' title='bbox 3298 3871 3490 3926; x_wconf 91' lang='lat' dir='ltr'><strong>melius</strong></span> 
     </span>
    </p>
   </div>
   <div class='ocr_carea' id='block_1_89' title="bbox 1920 3962 3486 4039">
    <p class='ocr_par' dir='ltr' id='par_1_89' title="bbox 1920 3962 3486 4039">
     <span class='ocr_line' id='line_1_91' title="bbox 1920 3962 3486 4039; baseline -0.01 -10"><span class='ocrx_word' id='word_1_716' title='bbox 1920 3978 2156 4031; x_wconf 83' lang='lat' dir='ltr'><strong>dicturus</strong></span> <span class='ocrx_word' id='word_1_717' title='bbox 2204 3991 2283 4039; x_wconf 91' lang='lat' dir='ltr'><strong>es,</strong></span> <span class='ocrx_word' id='word_1_718' title='bbox 2317 3975 2566 4028; x_wconf 83' lang='lat' dir='ltr'><strong>nimirum</strong></span> <span class='ocrx_word' id='word_1_719' title='bbox 2613 3972 2782 4039; x_wconf 88' lang='lat' dir='ltr'><strong>ipsam</strong></span> <span class='ocrx_word' id='word_1_720' title='bbox 2836 3971 2943 4022; x_wconf 85' lang='lat' dir='ltr'><strong>vim</strong></span> <span class='ocrx_word' id='word_1_721' title='bbox 2981 3967 3075 4019; x_wconf 88' lang='lat' dir='ltr'><strong>Dei</strong></span> <span class='ocrx_word' id='word_1_722' title='bbox 3122 3962 3486 4032; x_wconf 79' lang='lat' dir='ltr'><strong>generativam</strong></span> 
     </span>
    </p>
   </div>
   <div class='ocr_carea' id='block_1_90' title="bbox 1920 4056 3486 4135">
    <p class='ocr_par' dir='ltr' id='par_1_90' title="bbox 1920 4056 3486 4135">
     <span class='ocr_line' id='line_1_92' title="bbox 1920 4056 3486 4135; baseline -0.011 -13"><span class='ocrx_word' id='word_1_723' title='bbox 1920 4069 2014 4122; x_wconf 84' lang='lat' dir='ltr'><strong>tibi</strong></span> <span class='ocrx_word' id='word_1_724' title='bbox 2055 4084 2120 4120; x_wconf 79' lang='lat' dir='ltr'><strong>ex</strong></span> <span class='ocrx_word' id='word_1_725' title='bbox 2153 4069 2265 4135; x_wconf 84' lang='lat' dir='ltr'><strong>ipso</strong></span> <span class='ocrx_word' id='word_1_726' title='bbox 2300 4065 2476 4134; x_wconf 86' lang='lat' dir='ltr'><strong>palam</strong></span> <span class='ocrx_word' id='word_1_727' title='bbox 2508 4064 2797 4116; x_wconf 86' lang='lat' dir='ltr'><strong>revelatam</strong></span> <span class='ocrx_word' id='word_1_728' title='bbox 2847 4073 2988 4113; x_wconf 91' lang='lat' dir='ltr'><strong>esse.</strong></span> <span class='ocrx_word' id='word_1_729' title='bbox 3016 4057 3106 4111; x_wconf 82' lang='lat' dir='ltr'><strong>Sic</strong></span> <span class='ocrx_word' id='word_1_730' title='bbox 3139 4056 3334 4109; x_wconf 89' lang='lat' dir='ltr'><strong>iterum</strong></span> <span class='ocrx_word' id='word_1_731' title='bbox 3365 4067 3486 4107; x_wconf 88' lang='lat' dir='ltr'><strong>cum</strong></span> 
     </span>
    </p>
   </div>
   <div class='ocr_carea' id='block_1_91' title="bbox 1919 4143 3488 4223">
    <p class='ocr_par' dir='ltr' id='par_1_91' title="bbox 1919 4143 3488 4223">
     <span class='ocr_line' id='line_1_93' title="bbox 1919 4143 3488 4223; baseline -0.011 -10"><span class='ocrx_word' id='word_1_732' title='bbox 1919 4175 2110 4213; x_wconf 84' lang='lat' dir='ltr'><strong>manus</strong></span> <span class='ocrx_word' id='word_1_733' title='bbox 2161 4157 2314 4210; x_wconf 87' lang='lat' dir='ltr'><strong>audis</strong></span> <span class='ocrx_word' id='word_1_734' title='bbox 2362 4157 2480 4220; x_wconf 88' lang='lat' dir='ltr'><strong>Dei,</strong></span> <span class='ocrx_word' id='word_1_735' title='bbox 2521 4171 2638 4209; x_wconf 91' lang='lat' dir='ltr'><strong>eam</strong></span> <span class='ocrx_word' id='word_1_736' title='bbox 2672 4167 2830 4223; x_wconf 90' lang='lat' dir='ltr'><strong>quam</strong></span> <span class='ocrx_word' id='word_1_737' title='bbox 2887 4150 3048 4205; x_wconf 85' lang='lat' dir='ltr'><strong>habet</strong></span> <span class='ocrx_word' id='word_1_738' title='bbox 3099 4147 3208 4201; x_wconf 86' lang='lat' dir='ltr'><strong>vim</strong></span> <span class='ocrx_word' id='word_1_739' title='bbox 3258 4143 3488 4198; x_wconf 86' lang='lat' dir='ltr'><strong>faciendi</strong></span> 
     </span>
    </p>
   </div>
   <div class='ocr_carea' id='block_1_92' title="bbox 1918 4237 3493 4320">
    <p class='ocr_par' dir='ltr' id='par_1_92' title="bbox 1918 4237 3493 4320">
     <span class='ocr_line' id='line_1_94' title="bbox 1918 4237 3493 4320; baseline -0.01 -17"><span class='ocrx_word' id='word_1_740' title='bbox 1918 4260 2101 4319; x_wconf 82' lang='lat' dir='ltr'><strong>aperte</strong></span> <span class='ocrx_word' id='word_1_741' title='bbox 2134 4264 2433 4320; x_wconf 80' lang='lat' dir='ltr'><strong>cognosce:</strong></span> <span class='ocrx_word' id='word_1_742' title='bbox 2470 4262 2652 4301; x_wconf 89' lang='lat' dir='ltr'><strong>aurem</strong></span> <span class='ocrx_word' id='word_1_743' title='bbox 2689 4259 2837 4307; x_wconf 90' lang='lat' dir='ltr'><strong>vero,</strong></span> <span class='ocrx_word' id='word_1_744' title='bbox 2861 4258 2979 4296; x_wconf 87' lang='lat' dir='ltr'><strong>eam</strong></span> <span class='ocrx_word' id='word_1_745' title='bbox 2999 4255 3102 4309; x_wconf 89' lang='lat' dir='ltr'><strong>qua</strong></span> <span class='ocrx_word' id='word_1_746' title='bbox 3125 4237 3379 4308; x_wconf 68' lang='lat' dir='ltr'><strong>prmditus</strong></span> <span class='ocrx_word' id='word_1_747' title='bbox 3407 4245 3493 4289; x_wconf 87' lang='lat' dir='ltr'><strong>est</strong></span> 
     </span>
    </p>
   </div>
   <div class='ocr_carea' id='block_1_93' title="bbox 1917 4328 3494 4399">
    <p class='ocr_par' dir='ltr' id='par_1_93' title="bbox 1917 4328 3494 4399">
     <span class='ocr_line' id='line_1_95' title="bbox 1917 4328 3494 4399; baseline -0.011 -4"><span class='ocrx_word' id='word_1_748' title='bbox 1917 4343 2165 4396; x_wconf 88' lang='lat' dir='ltr'><strong>audiendi</strong></span> <span class='ocrx_word' id='word_1_749' title='bbox 2194 4341 2499 4395; x_wconf 84' lang='lat' dir='ltr'><strong>facultatem</strong></span> <span class='ocrx_word' id='word_1_750' title='bbox 2535 4355 2546 4389; x_wconf 93' lang='lat'>:</span> <span class='ocrx_word' id='word_1_751' title='bbox 2581 4337 2785 4399; x_wconf 84' lang='lat' dir='ltr'><strong>oculos,</strong></span> <span class='ocrx_word' id='word_1_752' title='bbox 2810 4334 2916 4386; x_wconf 89' lang='lat' dir='ltr'><strong>vim</strong></span> <span class='ocrx_word' id='word_1_753' title='bbox 2941 4331 3154 4386; x_wconf 90' lang='lat' dir='ltr'><strong>videndi</strong></span> <span class='ocrx_word' id='word_1_754' title='bbox 3178 4345 3192 4381; x_wconf 89' lang='lat'><strong>:</strong></span> <span class='ocrx_word' id='word_1_755' title='bbox 3214 4328 3347 4386; x_wconf 90' lang='lat' dir='ltr'><strong>alas.</strong></span> <span class='ocrx_word' id='word_1_756' title='bbox 3368 4342 3494 4396; x_wconf 82' lang='lat' dir='ltr'><strong>pro-</strong></span> 
     </span>
    </p>
   </div>
   <div class='ocr_carea' id='block_1_94' title="bbox 1916 4417 3488 4502">
    <p class='ocr_par' dir='ltr' id='par_1_94' title="bbox 1916 4417 3488 4502">
     <span class='ocr_line' id='line_1_96' title="bbox 1916 4417 3488 4502; baseline -0.015 -13"><span class='ocrx_word' id='word_1_757' title='bbox 1916 4434 2125 4502; x_wconf 79' lang='lat' dir='ltr'><strong>tegendi</strong></span> <span class='ocrx_word' id='word_1_758' title='bbox 2184 4442 2530 4501; x_wconf 86' lang='lat' dir='ltr'><strong>potestatem.</strong></span> <span class='ocrx_word' id='word_1_759' title='bbox 2565 4429 2741 4497; x_wconf 83' lang='lat' dir='ltr'><strong>Atque</strong></span> <span class='ocrx_word' id='word_1_760' title='bbox 2800 4425 2903 4478; x_wconf 88' lang='lat' dir='ltr'><strong>alia</strong></span> <span class='ocrx_word' id='word_1_761' title='bbox 2953 4421 3134 4477; x_wconf 87' lang='lat' dir='ltr'><strong>omnia</strong></span> <span class='ocrx_word' id='word_1_762' title='bbox 3183 4417 3488 4486; x_wconf 81' lang='lat' dir='ltr'><strong>singulatim</strong></span> 
     </span>
    </p>
   </div>
   <div class='ocr_carea' id='block_1_95' title="bbox 2357 4556 3490 4630">
    <p class='ocr_par' dir='ltr' id='par_1_95' title="bbox 2357 4556 3490 4630">
     <span class='ocr_line' id='line_1_97' title="bbox 2357 4556 3490 4630; baseline -0.012 -6"><span class='ocrx_word' id='word_1_763' title='bbox 2357 4571 2400 4602; x_wconf 68' lang='lat'><strong>’3</strong></span> <span class='ocrx_word' id='word_1_764' title='bbox 2429 4569 2493 4624; x_wconf 86' lang='lat' dir='ltr'><strong>lli</strong></span> <span class='ocrx_word' id='word_1_765' title='bbox 2519 4569 2672 4623; x_wconf 85' lang='lat' dir='ltr'><strong>Esdr.</strong></span> <span class='ocrx_word' id='word_1_766' title='bbox 2696 4582 2768 4630; x_wconf 81' lang='lat' dir='ltr'><strong>tv,</strong></span> <span class='ocrx_word' id='word_1_767' title='bbox 2799 4566 2886 4620; x_wconf 81' lang='grc'><strong>56.</strong></span> <span class='ocrx_word' id='word_1_768' title='bbox 2962 4560 3074 4601; x_wconf 79' lang='grc'><strong>²⁹-³⁰</strong></span> <span class='ocrx_word' id='word_1_769' title='bbox 3105 4557 3262 4615; x_wconf 80' lang='lat' dir='ltr'><strong>Joan.</strong></span> <span class='ocrx_word' id='word_1_770' title='bbox 3295 4573 3406 4625; x_wconf 74' lang='lat' dir='ltr'><strong>xxv,</strong></span> <span class='ocrx_word' id='word_1_771' title='bbox 3435 4556 3490 4610; x_wconf 89' lang='grc'><strong>6.</strong></span> 
     </span>
    </p>
   </div>
   <div class='ocr_carea' id='block_1_96' title="bbox 322 4763 1984 4845">
    <p class='ocr_par' dir='ltr' id='par_1_96' title="bbox 322 4763 1984 4845">
     <span class='ocr_line' id='line_1_98' title="bbox 322 4763 1984 4845; baseline -0.002 -16"><span class='ocrx_word' id='word_1_772' title='bbox 322 4776 435 4845; x_wconf 64' lang='grc'>(45)</span> <span class='ocrx_word' id='word_1_773' title='bbox 481 4776 620 4830; x_wconf 86' lang='lat' dir='ltr'><strong>Editi</strong></span> <span class='ocrx_word' id='word_1_774' title='bbox 661 4785 710 4826; x_wconf 81' lang='lat' dir='ltr'><strong>et</strong></span> <span class='ocrx_word' id='word_1_775' title='bbox 751 4791 880 4829; x_wconf 89' lang='lat' dir='ltr'><strong>mss.</strong></span> <span class='ocrx_word' id='word_1_776' title='bbox 921 4776 1184 4837; x_wconf 90' lang='lat' dir='ltr'><strong>nonnulli,</strong></span> <span class='ocrx_word' id='word_1_777' title='bbox 1222 4775 1359 4830; x_wconf 72' lang='lat' dir='ltr'><strong>(lst</strong></span> <span class='ocrx_word' id='word_1_778' title='bbox 1404 4776 1512 4844; x_wconf 85' lang='grc' dir='ltr'>γὰρ</span> <span class='ocrx_word' id='word_1_779' title='bbox 1548 4776 1819 4845; x_wconf 79' lang='grc' dir='ltr'>ἰσοτιμίαν</span> <span class='ocrx_word' id='word_1_780' title='bbox 1850 4763 1895 4817; x_wconf 80' lang='grc' dir='ltr'><strong>Ῐ)</strong></span> <span class='ocrx_word' id='word_1_781' title='bbox 1925 4790 1984 4826; x_wconf 88' lang='lat' dir='ltr'><strong>an</strong></span> 
     </span>
    </p>
   </div>
   <div class='ocr_carea' id='block_1_97' title="bbox 848 4763 2510 4845">
    <p class='ocr_par' dir='ltr' id='par_1_97' title="bbox 848 4763 2510 4845">
     <span class='ocr_line' id='line_1_99' title="bbox 848 4763 2510 4845; baseline -0.001 -16"><span class='ocrx_word' id='word_1_782' title='bbox 848 4791 880 4829; x_wconf 73' lang='grc' dir='ltr'>ς.</span> <span class='ocrx_word' id='word_1_783' title='bbox 921 4776 1184 4837; x_wconf 89' lang='lat' dir='ltr'><strong>nonnulli,</strong></span> <span class='ocrx_word' id='word_1_784' title='bbox 1222 4775 1359 4830; x_wconf 70' lang='grc' dir='ltr'>Οὔτε</span> <span class='ocrx_word' id='word_1_785' title='bbox 1404 4776 1512 4844; x_wconf 85' lang='grc' dir='ltr'>γὰρ</span> <span class='ocrx_word' id='word_1_786' title='bbox 1548 4776 1819 4845; x_wconf 79' lang='grc' dir='ltr'>ἰσοτιμίαν</span> <span class='ocrx_word' id='word_1_787' title='bbox 1850 4763 1895 4817; x_wconf 80' lang='grc' dir='ltr'><strong>Ῐ)</strong></span> <span class='ocrx_word' id='word_1_788' title='bbox 1925 4775 2172 4838; x_wconf 74' lang='lat' dir='ltr'><strong>ambigue</strong></span> <span class='ocrx_word' id='word_1_789' title='bbox 2200 4785 2247 4828; x_wconf 88' lang='lat' dir='ltr'><strong>et</strong></span> <span class='ocrx_word' id='word_1_790' title='bbox 2277 4775 2510 4828; x_wconf 85' lang='lat' dir='ltr'><strong>obscure.</strong></span> 
     </span>
    </p>
   </div>
   <div class='ocr_carea' id='block_1_98' title="bbox 245 4846 1822 4915">
    <p class='ocr_par' dir='ltr' id='par_1_98' title="bbox 245 4846 1822 4915">
     <span class='ocr_line' id='line_1_100' title="bbox 245 4846 1822 4915; baseline -0.001 -16"><span class='ocrx_word' id='word_1_791' title='bbox 245 4847 528 4915; x_wconf 79' lang='grc' dir='ltr'>ἀγγέλους,</span> <span class='ocrx_word' id='word_1_792' title='bbox 560 4847 718 4898; x_wconf 84' lang='lat' dir='ltr'><strong>male.</strong></span> <span class='ocrx_word' id='word_1_793' title='bbox 748 4846 879 4912; x_wconf 71' lang='lat' dir='ltr'><strong>Reg.</strong></span> <span class='ocrx_word' id='word_1_794' title='bbox 917 4851 1206 4909; x_wconf 61' lang='lat' dir='ltr'><strong>secundus,</strong></span> <span class='ocrx_word' id='word_1_795' title='bbox 1231 4847 1365 4899; x_wconf 72' lang='grc' dir='ltr'>οὗτε</span> <span class='ocrx_word' id='word_1_796' title='bbox 1407 4847 1514 4914; x_wconf 85' lang='grc' dir='ltr'>γὰρ</span> <span class='ocrx_word' id='word_1_797' title='bbox 1555 4847 1822 4915; x_wconf 81' lang='grc' dir='ltr'>ἰσοτιμίαν</span> 
     </span>
    </p>
   </div>
   <div class='ocr_carea' id='block_1_99' title="bbox 247 4915 1822 4987">
    <p class='ocr_par' dir='ltr' id='par_1_99' title="bbox 247 4915 1822 4987">
     <span class='ocr_line' id='line_1_101' title="bbox 247 4915 1822 4987; baseline -0.001 -19"><span class='ocrx_word' id='word_1_798' title='bbox 247 4919 515 4984; x_wconf 81' lang='grc' dir='ltr'>ἀγγέλοις,</span> <span class='ocrx_word' id='word_1_799' title='bbox 553 4933 657 4968; x_wconf 88' lang='lat' dir='ltr'><strong>non</strong></span> <span class='ocrx_word' id='word_1_800' title='bbox 692 4915 898 4987; x_wconf 85' lang='lat' dir='ltr'><strong>melius.</strong></span> <span class='ocrx_word' id='word_1_801' title='bbox 932 4917 1110 4971; x_wconf 83' lang='lat' dir='ltr'><strong>Codex</strong></span> <span class='ocrx_word' id='word_1_802' title='bbox 1141 4915 1292 4971; x_wconf 74' lang='lat' dir='ltr'><strong>Coll).</strong></span> <span class='ocrx_word' id='word_1_803' title='bbox 1313 4916 1575 4987; x_wconf 70' lang='grc' dir='ltr'>Οὔτε-γὰρ</span> <span class='ocrx_word' id='word_1_804' title='bbox 1601 4920 1679 4980; x_wconf 79' lang='grc' dir='ltr'>εἰς</span> <span class='ocrx_word' id='word_1_805' title='bbox 1714 4919 1822 4969; x_wconf 85' lang='grc' dir='ltr'>ἰσο-</span> 
     </span>
    </p>
   </div>
   <div class='ocr_carea' id='block_1_100' title="bbox 247 4985 938 5054">
    <p class='ocr_par' dir='ltr' id='par_1_100' title="bbox 247 4985 938 5054">
     <span class='ocr_line' id='line_1_102' title="bbox 247 4985 938 5054; baseline -0.001 -15"><span class='ocrx_word' id='word_1_806' title='bbox 247 4989 431 5054; x_wconf 82' lang='grc' dir='ltr'>τιμίαν</span> <span class='ocrx_word' id='word_1_807' title='bbox 467 4987 748 5054; x_wconf 81' lang='grc' dir='ltr'>ὰγγέλους,</span> <span class='ocrx_word' id='word_1_808' title='bbox 784 4985 938 5039; x_wconf 70' lang='lat' dir='ltr'><strong>bene.</strong></span> 
     </span>
    </p>
   </div>
   <div class='ocr_carea' id='block_1_101' title="bbox 321 5056 1821 5124">
    <p class='ocr_par' dir='ltr' id='par_1_101' title="bbox 321 5056 1821 5124">
     <span class='ocr_line' id='line_1_103' title="bbox 321 5056 1821 5124; baseline 0.001 -16"><span class='ocrx_word' id='word_1_809' title='bbox 321 5059 430 5124; x_wconf 66' lang='grc' dir='ltr'>(ιιι)</span> <span class='ocrx_word' id='word_1_810' title='bbox 457 5060 633 5109; x_wconf 73' lang='lat' dir='ltr'><strong>(loich</strong></span> <span class='ocrx_word' id='word_1_811' title='bbox 662 5073 796 5108; x_wconf 69' lang='lat' dir='ltr'><strong>ulnus</strong></span> <span class='ocrx_word' id='word_1_812' title='bbox 828 5056 951 5107; x_wconf 70' lang='grc' dir='ltr'>οὔτε</span> <span class='ocrx_word' id='word_1_813' title='bbox 987 5057 1141 5112; x_wconf 77' lang='grc' dir='ltr'>Θεοῦ.</span> <span class='ocrx_word' id='word_1_814' title='bbox 1171 5058 1274 5111; x_wconf 83' lang='lat' dir='ltr'><strong>Alii</strong></span> <span class='ocrx_word' id='word_1_815' title='bbox 1303 5075 1434 5112; x_wconf 82' lang='lat' dir='ltr'><strong>mss.</strong></span> <span class='ocrx_word' id='word_1_816' title='bbox 1462 5068 1515 5112; x_wconf 86' lang='lat' dir='ltr'><strong>et</strong></span> <span class='ocrx_word' id='word_1_817' title='bbox 1541 5057 1668 5110; x_wconf 77' lang='lat' dir='ltr'><strong>editi</strong></span> <span class='ocrx_word' id='word_1_818' title='bbox 1698 5057 1821 5110; x_wconf 69' lang='grc' dir='ltr'>οὗτε</span> 
     </span>
    </p>
   </div>
   <div class='ocr_carea' id='block_1_102' title="bbox 248 5125 1818 5196">
    <p class='ocr_par' dir='ltr' id='par_1_102' title="bbox 248 5125 1818 5196">
     <span class='ocr_line' id='line_1_104' title="bbox 248 5125 1818 5196; baseline 0.001 -17"><span class='ocrx_word' id='word_1_819' title='bbox 248 5127 385 5196; x_wconf 79' lang='grc' dir='ltr'>Θεῷ.</span> <span class='ocrx_word' id='word_1_820' title='bbox 414 5128 587 5180; x_wconf 77' lang='lat' dir='ltr'><strong>Malim</strong></span> <span class='ocrx_word' id='word_1_821' title='bbox 635 5129 691 5178; x_wconf 82' lang='grc' dir='ltr'><strong>ἐν</strong></span> <span class='ocrx_word' id='word_1_822' title='bbox 726 5125 865 5193; x_wconf 83' lang='grc' dir='ltr'>Θεῷ,</span> <span class='ocrx_word' id='word_1_823' title='bbox 903 5129 981 5178; x_wconf 88' lang='lat' dir='ltr'><strong>vel</strong></span> <span class='ocrx_word' id='word_1_824' title='bbox 1009 5129 1160 5181; x_wconf 81' lang='grc' dir='ltr'>Θεόν.</span> <span class='ocrx_word' id='word_1_825' title='bbox 1211 5131 1404 5181; x_wconf 84' lang='lat' dir='ltr'><strong>Statim</strong></span> <span class='ocrx_word' id='word_1_826' title='bbox 1437 5129 1567 5180; x_wconf 88' lang='lat' dir='ltr'><strong>editi</strong></span> <span class='ocrx_word' id='word_1_827' title='bbox 1611 5137 1665 5179; x_wconf 85' lang='lat' dir='ltr'><strong>et</strong></span> <span class='ocrx_word' id='word_1_828' title='bbox 1688 5145 1818 5181; x_wconf 86' lang='lat' dir='ltr'><strong>mss.</strong></span> 
     </span>
    </p>
   </div>
   <div class='ocr_carea' id='block_1_103' title="bbox 250 5197 1820 5269">
    <p class='ocr_par' dir='ltr' id='par_1_103' title="bbox 250 5197 1820 5269">
     <span class='ocr_line' id='line_1_105' title="bbox 250 5197 1820 5269; baseline 0.001 -19"><span class='ocrx_word' id='word_1_829' title='bbox 250 5199 489 5269; x_wconf 85' lang='lat' dir='ltr'><strong>nonnulli</strong></span> <span class='ocrx_word' id='word_1_830' title='bbox 541 5197 618 5267; x_wconf 77' lang='grc' dir='ltr'><strong>τῷ</strong></span> <span class='ocrx_word' id='word_1_831' title='bbox 658 5197 932 5265; x_wconf 75' lang='grc' dir='ltr'>λέγεσθαι.</span> <span class='ocrx_word' id='word_1_832' title='bbox 981 5197 1201 5269; x_wconf 83' lang='lat' dir='ltr'><strong>Antiqui</strong></span> <span class='ocrx_word' id='word_1_833' title='bbox 1237 5211 1344 5253; x_wconf 90' lang='lat' dir='ltr'><strong>tres</strong></span> <span class='ocrx_word' id='word_1_834' title='bbox 1372 5198 1496 5253; x_wconf 82' lang='lat' dir='ltr'><strong>libri</strong></span> <span class='ocrx_word' id='word_1_835' title='bbox 1526 5200 1582 5251; x_wconf 81' lang='grc' dir='ltr'><strong>ὲν</strong></span> <span class='ocrx_word' id='word_1_836' title='bbox 1626 5197 1703 5268; x_wconf 82' lang='grc' dir='ltr'>τῷ</span> <span class='ocrx_word' id='word_1_837' title='bbox 1733 5199 1820 5251; x_wconf 85' lang='grc' dir='ltr'>λέ-</span> 
     </span>
    </p>
   </div>
   <div class='ocr_carea' id='block_1_104' title="bbox 248 5267 461 5336">
    <p class='ocr_par' dir='ltr' id='par_1_104' title="bbox 248 5267 461 5336">
     <span class='ocr_line' id='line_1_106' title="bbox 248 5267 461 5336; baseline 0.009 -16"><span class='ocrx_word' id='word_1_838' title='bbox 248 5267 461 5336; x_wconf 78' lang='grc' dir='ltr'>γεσθαι.</span> 
     </span>
    </p>
   </div>
   <div class='ocr_carea' id='block_1_105' title="bbox 322 5337 1817 5410">
    <p class='ocr_par' dir='ltr' id='par_1_105' title="bbox 322 5337 1817 5410">
     <span class='ocr_line' id='line_1_107' title="bbox 322 5337 1817 5410; baseline 0.001 -19"><span class='ocrx_word' id='word_1_839' title='bbox 322 5337 432 5407; x_wconf 64' lang='grc'>(47)</span> <span class='ocrx_word' id='word_1_840' title='bbox 468 5337 622 5397; x_wconf 83' lang='lat' dir='ltr'><strong>Illud,</strong></span> <span class='ocrx_word' id='word_1_841' title='bbox 649 5338 788 5404; x_wconf 80' lang='grc' dir='ltr'>τότε,</span> <span class='ocrx_word' id='word_1_842' title='bbox 828 5339 900 5391; x_wconf 86' lang='lat' dir='ltr'><strong>ita</strong></span> <span class='ocrx_word' id='word_1_843' title='bbox 943 5338 1202 5406; x_wconf 89' lang='lat' dir='ltr'><strong>scriptum</strong></span> <span class='ocrx_word' id='word_1_844' title='bbox 1235 5349 1569 5410; x_wconf 85' lang='lat' dir='ltr'><strong>oportuerat,</strong></span> <span class='ocrx_word' id='word_1_845' title='bbox 1599 5349 1654 5392; x_wconf 90' lang='lat' dir='ltr'><strong>ut</strong></span> <span class='ocrx_word' id='word_1_846' title='bbox 1702 5340 1817 5392; x_wconf 90' lang='lat' dir='ltr'><strong>vir-</strong></span> 
     </span>
    </p>
   </div>
   <div class='ocr_carea' id='block_1_106' title="bbox 251 5410 1814 5480">
    <p class='ocr_par' dir='ltr' id='par_1_106' title="bbox 251 5410 1814 5480">
     <span class='ocr_line' id='line_1_108' title="bbox 251 5410 1814 5480; baseline 0.002 -22"><span class='ocrx_word' id='word_1_847' title='bbox 251 5411 370 5473; x_wconf 72' lang='lat' dir='ltr'><strong>gula</strong></span> <span class='ocrx_word' id='word_1_848' title='bbox 402 5420 692 5476; x_wconf 79' lang='lat' dir='ltr'><strong>poneretur</strong></span> <span class='ocrx_word' id='word_1_849' title='bbox 721 5419 840 5474; x_wconf 83' lang='lat' dir='ltr'><strong>post</strong></span> <span class='ocrx_word' id='word_1_850' title='bbox 873 5411 1098 5480; x_wconf 90' lang='lat' dir='ltr'><strong>primam</strong></span> <span class='ocrx_word' id='word_1_851' title='bbox 1125 5410 1402 5480; x_wconf 87' lang='lat' dir='ltr'><strong>syllabam.</strong></span> <span class='ocrx_word' id='word_1_852' title='bbox 1432 5413 1639 5464; x_wconf 76' lang='lat' dir='ltr'><strong>Etenim</strong></span> <span class='ocrx_word' id='word_1_853' title='bbox 1663 5410 1814 5473; x_wconf 90' lang='lat' dir='ltr'><strong>illud,</strong></span> 
     </span>
    </p>
   </div>
   <div class='ocr_carea' id='block_1_107' title="bbox 247 5479 1817 5548">
    <p class='ocr_par' dir='ltr' id='par_1_107' title="bbox 247 5479 1817 5548">
     <span class='ocr_line' id='line_1_109' title="bbox 247 5479 1817 5548; baseline 0.003 -18"><span class='ocrx_word' id='word_1_854' title='bbox 247 5481 310 5531; x_wconf 77' lang='grc' dir='ltr'>τό</span> <span class='ocrx_word' id='word_1_855' title='bbox 339 5497 397 5531; x_wconf 85' lang='grc' dir='ltr'><strong>τε</strong></span> <span class='ocrx_word' id='word_1_856' title='bbox 426 5481 488 5530; x_wconf 88' lang='lat' dir='ltr'><strong>ad</strong></span> <span class='ocrx_word' id='word_1_857' title='bbox 537 5480 664 5531; x_wconf 85' lang='lat' dir='ltr'><strong>illud</strong></span> <span class='ocrx_word' id='word_1_858' title='bbox 696 5481 788 5531; x_wconf 74' lang='grc' dir='ltr'><strong>καὶ</strong></span> <span class='ocrx_word' id='word_1_859' title='bbox 820 5480 882 5530; x_wconf 81' lang='grc' dir='ltr'>τό</span> <span class='ocrx_word' id='word_1_860' title='bbox 929 5479 1114 5532; x_wconf 84' lang='lat' dir='ltr'><strong>referri</strong></span> <span class='ocrx_word' id='word_1_861' title='bbox 1147 5483 1342 5533; x_wconf 86' lang='lat' dir='ltr'><strong>debere</strong></span> <span class='ocrx_word' id='word_1_862' title='bbox 1372 5491 1580 5534; x_wconf 85' lang='lat' dir='ltr'><strong>constat</strong></span> <span class='ocrx_word' id='word_1_863' title='bbox 1622 5500 1633 5533; x_wconf 93' lang='lat'><strong>:</strong></span> <span class='ocrx_word' id='word_1_864' title='bbox 1676 5483 1817 5548; x_wconf 89' lang='lat' dir='ltr'><strong>quod</strong></span> 
     </span>
    </p>
   </div>
   <div class='ocr_carea' id='block_1_108' title="bbox 252 5549 1818 5618">
    <p class='ocr_par' dir='ltr' id='par_1_108' title="bbox 252 5549 1818 5618">
     <span class='ocr_line' id='line_1_110' title="bbox 252 5549 1818 5618; baseline 0.002 -17"><span class='ocrx_word' id='word_1_865' title='bbox 252 5567 372 5601; x_wconf 81' lang='lat' dir='ltr'><strong>cum</strong></span> <span class='ocrx_word' id='word_1_866' title='bbox 406 5555 669 5618; x_wconf 77' lang='lat' dir='ltr'><strong>interpres</strong></span> <span class='ocrx_word' id='word_1_867' title='bbox 703 5565 808 5604; x_wconf 90' lang='lat' dir='ltr'><strong>non</strong></span> <span class='ocrx_word' id='word_1_868' title='bbox 841 5553 1166 5615; x_wconf 86' lang='lat' dir='ltr'><strong>attenderet,</strong></span> <span class='ocrx_word' id='word_1_869' title='bbox 1196 5552 1412 5605; x_wconf 86' lang='lat' dir='ltr'><strong>incaute</strong></span> <span class='ocrx_word' id='word_1_870' title='bbox 1439 5552 1598 5606; x_wconf 89' lang='lat' dir='ltr'><strong>vertit</strong></span> <span class='ocrx_word' id='word_1_871' title='bbox 1625 5569 1639 5604; x_wconf 87' lang='lat'><strong>:</strong></span> <span class='ocrx_word' id='word_1_872' title='bbox 1672 5549 1818 5604; x_wconf 84' lang='lat' dir='ltr'><strong>Tunc</strong></span> 
     </span>
    </p>
   </div>
   <div class='ocr_carea' id='block_1_109' title="bbox 250 5621 468 5689">
    <p class='ocr_par' dir='ltr' id='par_1_109' title="bbox 250 5621 468 5689">
     <span class='ocr_line' id='line_1_111' title="bbox 250 5621 468 5689; baseline 0.018 -21"><span class='ocrx_word' id='word_1_873' title='bbox 250 5621 468 5689; x_wconf 78' lang='grc' dir='ltr'>ριαειιὶι.</span> 
     </span>
    </p>
   </div>
   <div class='ocr_carea' id='block_1_110' title="bbox 323 5690 1817 5763">
    <p class='ocr_par' dir='ltr' id='par_1_110' title="bbox 323 5690 1817 5763">
     <span class='ocr_line' id='line_1_112' title="bbox 323 5690 1817 5763; baseline 0.002 -22"><span class='ocrx_word' id='word_1_874' title='bbox 323 5691 434 5763; x_wconf 66' lang='grc'>(48)</span> <span class='ocrx_word' id='word_1_875' title='bbox 467 5691 602 5742; x_wconf 88' lang='lat' dir='ltr'><strong>Editi</strong></span> <span class='ocrx_word' id='word_1_876' title='bbox 623 5700 679 5763; x_wconf 79' lang='lat' dir='ltr'><strong>et</strong></span> <span class='ocrx_word' id='word_1_877' title='bbox 709 5693 815 5744; x_wconf 91' lang='lat' dir='ltr'><strong>duo</strong></span> <span class='ocrx_word' id='word_1_878' title='bbox 846 5708 973 5745; x_wconf 87' lang='lat' dir='ltr'><strong>mss.</strong></span> <span class='ocrx_word' id='word_1_879' title='bbox 1004 5691 1162 5744; x_wconf 78' lang='grc' dir='ltr'>δώσει</span> <span class='ocrx_word' id='word_1_880' title='bbox 1190 5690 1412 5763; x_wconf 87' lang='grc' dir='ltr'>Κύριος,</span> <span class='ocrx_word' id='word_1_881' title='bbox 1460 5691 1600 5742; x_wconf 83' lang='lat' dir='ltr'><strong>dabit</strong></span> <span class='ocrx_word' id='word_1_882' title='bbox 1638 5692 1817 5763; x_wconf 74' lang='lat' dir='ltr'><strong>Domi—</strong></span> 
     </span>
    </p>
   </div>
   <div class='ocr_carea' id='block_1_111' title="bbox 253 5760 1812 5831">
    <p class='ocr_par' dir='ltr' id='par_1_111' title="bbox 253 5760 1812 5831">
     <span class='ocr_line' id='line_1_113' title="bbox 253 5760 1812 5831; baseline -0.001 -18"><span class='ocrx_word' id='word_1_883' title='bbox 253 5779 371 5813; x_wconf 81' lang='lat' dir='ltr'><strong>nus.</strong></span> <span class='ocrx_word' id='word_1_884' title='bbox 400 5762 580 5814; x_wconf 67' lang='lat' dir='ltr'><strong>(iudex</strong></span> <span class='ocrx_word' id='word_1_885' title='bbox 610 5761 762 5815; x_wconf 84' lang='lat' dir='ltr'><strong>Colb.</strong></span> <span class='ocrx_word' id='word_1_886' title='bbox 795 5773 848 5815; x_wconf 85' lang='lat' dir='ltr'><strong>et</strong></span> <span class='ocrx_word' id='word_1_887' title='bbox 872 5764 960 5815; x_wconf 86' lang='lat' dir='ltr'><strong>alii</strong></span> <span class='ocrx_word' id='word_1_888' title='bbox 996 5764 1103 5817; x_wconf 91' lang='lat' dir='ltr'><strong>duo</strong></span> <span class='ocrx_word' id='word_1_889' title='bbox 1128 5760 1290 5831; x_wconf 78' lang='lat' dir='ltr'><strong>Regii</strong></span> <span class='ocrx_word' id='word_1_890' title='bbox 1317 5761 1457 5831; x_wconf 79' lang='grc' dir='ltr'>δώῃ,</span> <span class='ocrx_word' id='word_1_891' title='bbox 1500 5763 1581 5814; x_wconf 87' lang='lat' dir='ltr'><strong>det</strong></span> <span class='ocrx_word' id='word_1_892' title='bbox 1609 5761 1685 5813; x_wconf 85' lang='lat' dir='ltr'><strong>illi</strong></span> <span class='ocrx_word' id='word_1_893' title='bbox 1711 5760 1812 5813; x_wconf 90' lang='lat' dir='ltr'><strong>Do-</strong></span> 
     </span>
    </p>
   </div>
   <div class='ocr_carea' id='block_1_112' title="bbox 251 5832 1520 5899">
    <p class='ocr_par' dir='ltr' id='par_1_112' title="bbox 251 5832 1520 5899">
     <span class='ocr_line' id='line_1_114' title="bbox 251 5832 1520 5899; baseline 0.001 -17"><span class='ocrx_word' id='word_1_894' title='bbox 251 5834 453 5893; x_wconf 78' lang='lat' dir='ltr'><strong>minus;</strong></span> <span class='ocrx_word' id='word_1_895' title='bbox 502 5847 599 5884; x_wconf 90' lang='lat' dir='ltr'><strong>nec</strong></span> <span class='ocrx_word' id='word_1_896' title='bbox 645 5833 803 5886; x_wconf 87' lang='lat' dir='ltr'><strong>aliter</strong></span> <span class='ocrx_word' id='word_1_897' title='bbox 854 5835 904 5886; x_wconf 93' lang='lat' dir='ltr'><strong>in</strong></span> <span class='ocrx_word' id='word_1_898' title='bbox 941 5845 1085 5886; x_wconf 66' lang='lat' dir='ltr'><strong>textu</strong></span> <span class='ocrx_word' id='word_1_899' title='bbox 1112 5848 1268 5887; x_wconf 89' lang='lat' dir='ltr'><strong>sacro</strong></span> <span class='ocrx_word' id='word_1_900' title='bbox 1307 5832 1520 5899; x_wconf 72' lang='lat' dir='ltr'><strong>legitur.</strong></span> 
     </span>
    </p>
   </div>
   <div class='ocr_carea' id='block_1_113' title="bbox 329 5901 1817 5971">
    <p class='ocr_par' dir='ltr' id='par_1_113' title="bbox 329 5901 1817 5971">
     <span class='ocr_line' id='line_1_115' title="bbox 329 5901 1817 5971; baseline -0.002 -13"><span class='ocrx_word' id='word_1_901' title='bbox 329 5904 436 5969; x_wconf 58' lang='lat' dir='ltr'><strong>till)</strong></span> <span class='ocrx_word' id='word_1_902' title='bbox 484 5901 644 5957; x_wconf 81' lang='lat' dir='ltr'><strong>Vetus</strong></span> <span class='ocrx_word' id='word_1_903' title='bbox 674 5904 807 5959; x_wconf 88' lang='lat' dir='ltr'><strong>liber</strong></span> <span class='ocrx_word' id='word_1_904' title='bbox 836 5904 965 5958; x_wconf 76' lang='lat' dir='ltr'><strong>(Iolh</strong></span> <span class='ocrx_word' id='word_1_905' title='bbox 1022 5903 1252 5971; x_wconf 73' lang='grc' dir='ltr'>μετρὶιιις</span> <span class='ocrx_word' id='word_1_906' title='bbox 1287 5902 1378 5954; x_wconf 67' lang='grc' dir='ltr'><strong>καὶ</strong></span> <span class='ocrx_word' id='word_1_907' title='bbox 1408 5901 1664 5968; x_wconf 73' lang='grc' dir='ltr'>ἀσαφῶς,</span> <span class='ocrx_word' id='word_1_908' title='bbox 1696 5919 1817 5956; x_wconf 87' lang='lat' dir='ltr'><strong>num</strong></span> 
     </span>
    </p>
   </div>
   <div class='ocr_carea' id='block_1_114' title="bbox 2006 4837 3491 4916">
    <p class='ocr_par' dir='ltr' id='par_1_114' title="bbox 2006 4837 3491 4916">
     <span class='ocr_line' id='line_1_116' title="bbox 2006 4837 3491 4916; baseline -0.003 -20"><span class='ocrx_word' id='word_1_909' title='bbox 2006 4837 2114 4912; x_wconf 72' lang='lat'><strong>(5&#39;0)</strong></span> <span class='ocrx_word' id='word_1_910' title='bbox 2151 4846 2286 4916; x_wconf 66' lang='grc' dir='ltr'><strong>[ζιιὶιί</strong></span> <span class='ocrx_word' id='word_1_911' title='bbox 2316 4848 2363 4897; x_wconf 77' lang='grc' dir='ltr'>εἰ</span> <span class='ocrx_word' id='word_1_912' title='bbox 2394 4846 2467 4916; x_wconf 82' lang='grc' dir='ltr'>μὴ</span> <span class='ocrx_word' id='word_1_913' title='bbox 2500 4847 2583 4896; x_wconf 79' lang='grc' dir='ltr'>ἐκ.</span> <span class='ocrx_word' id='word_1_914' title='bbox 2616 4843 2836 4912; x_wconf 84' lang='lat' dir='ltr'><strong>Antiqui</strong></span> <span class='ocrx_word' id='word_1_915' title='bbox 2872 4853 2981 4916; x_wconf 81' lang='lat' dir='ltr'><strong>tres</strong></span> <span class='ocrx_word' id='word_1_916' title='bbox 3008 4840 3128 4916; x_wconf 86' lang='lat' dir='ltr'><strong>libri</strong></span> <span class='ocrx_word' id='word_1_917' title='bbox 3164 4839 3214 4916; x_wconf 72' lang='grc' dir='ltr'>εἰ</span> <span class='ocrx_word' id='word_1_918' title='bbox 3244 4838 3378 4916; x_wconf 71' lang='grc' dir='ltr'><strong>μὴ</strong></span> <span class='ocrx_word' id='word_1_919' title='bbox 3407 4837 3491 4916; x_wconf 40' lang='grc' dir='ltr'>ἐκ..</span> 
     </span>
    </p>
   </div>
   <div class='ocr_carea' id='block_1_115' title="bbox 2028 4908 3494 4982">
    <p class='ocr_par' dir='ltr' id='par_1_115' title="bbox 2028 4908 3494 4982">
     <span class='ocr_line' id='line_1_117' title="bbox 2028 4908 3494 4982; baseline -0.004 -14"><span class='ocrx_word' id='word_1_920' title='bbox 2169 4914 2306 4967; x_wconf 76' lang='lat' dir='ltr'><strong>Editi</strong></span> <span class='ocrx_word' id='word_1_921' title='bbox 2339 4908 2405 4968; x_wconf 43' lang='lat' dir='ltr'><strong>et&quot;</strong></span> <span class='ocrx_word' id='word_1_922' title='bbox 2441 4908 2545 4968; x_wconf 85' lang='lat' dir='ltr'><strong>duo</strong></span> <span class='ocrx_word' id='word_1_923' title='bbox 2600 4930 2730 4967; x_wconf 89' lang='lat' dir='ltr'><strong>mss.</strong></span> <span class='ocrx_word' id='word_1_924' title='bbox 2763 4908 2866 4967; x_wconf 83' lang='lat' dir='ltr'><strong>non</strong></span> <span class='ocrx_word' id='word_1_925' title='bbox 2903 4914 3053 4965; x_wconf 80' lang='lat' dir='ltr'><strong>valde</strong></span> <span class='ocrx_word' id='word_1_926' title='bbox 3089 4909 3290 4977; x_wconf 88' lang='lat' dir='ltr'><strong>antiqui</strong></span> <span class='ocrx_word' id='word_1_927' title='bbox 3336 4908 3494 4982; x_wconf 41' lang='lat' dir='ltr'><strong>ianva</strong></span> 
     </span>
    </p>
   </div>
   <div class='ocr_carea' id='block_1_116' title="bbox 1930 4979 3490 5053">
    <p class='ocr_par' dir='ltr' id='par_1_116' title="bbox 1930 4979 3490 5053">
     <span class='ocr_line' id='line_1_118' title="bbox 1930 4979 3490 5053; baseline -0.006 -14"><span class='ocrx_word' id='word_1_928' title='bbox 1930 4979 2044 5040; x_wconf 78' lang='grc' dir='ltr'>καί.</span> <span class='ocrx_word' id='word_1_929' title='bbox 2073 4979 2141 5039; x_wconf 75' lang='lat' dir='ltr'><strong>At</strong></span> <span class='ocrx_word' id='word_1_930' title='bbox 2166 4986 2314 5053; x_wconf 70' lang='lat' dir='ltr'><strong>llegii</strong></span> <span class='ocrx_word' id='word_1_931' title='bbox 2339 4988 2625 5047; x_wconf 86' lang='lat' dir='ltr'><strong>secundus,</strong></span> <span class='ocrx_word' id='word_1_932' title='bbox 2656 4985 2846 5038; x_wconf 86' lang='lat' dir='ltr'><strong>tertius</strong></span> <span class='ocrx_word' id='word_1_933' title='bbox 2873 4993 2927 5036; x_wconf 90' lang='lat' dir='ltr'><strong>et</strong></span> <span class='ocrx_word' id='word_1_934' title='bbox 2966 4993 3150 5036; x_wconf 83' lang='lat' dir='ltr'><strong>sextus</strong></span> <span class='ocrx_word' id='word_1_935' title='bbox 3187 4996 3307 5053; x_wconf 91' lang='lat' dir='ltr'><strong>cum</strong></span> <span class='ocrx_word' id='word_1_936' title='bbox 3339 4979 3490 5053; x_wconf 73' lang='lat' dir='ltr'><strong>Colb.</strong></span> 
     </span>
    </p>
   </div>
   <div class='ocr_carea' id='block_1_117' title="bbox 1933 5050 3491 5124">
    <p class='ocr_par' dir='ltr' id='par_1_117' title="bbox 1933 5050 3491 5124">
     <span class='ocr_line' id='line_1_119' title="bbox 1933 5050 3491 5124; baseline -0.006 -15"><span class='ocrx_word' id='word_1_937' title='bbox 1933 5058 2107 5109; x_wconf 88' lang='grc' dir='ltr'>ἱκανεί</span> <span class='ocrx_word' id='word_1_938' title='bbox 2135 5050 2529 5124; x_wconf 69' lang='grc' dir='ltr'>καί.’διιερίςυι·</span> <span class='ocrx_word' id='word_1_939' title='bbox 2552 5067 2728 5107; x_wconf 87' lang='lat' dir='ltr'><strong>autem</strong></span> <span class='ocrx_word' id='word_1_940' title='bbox 2764 5057 2834 5106; x_wconf 91' lang='lat' dir='ltr'><strong>ita</strong></span> <span class='ocrx_word' id='word_1_941' title='bbox 2886 5063 3158 5106; x_wconf 83' lang='lat' dir='ltr'><strong>auctorem</strong></span> <span class='ocrx_word' id='word_1_942' title='bbox 3191 5050 3491 5124; x_wconf 81' lang='lat' dir='ltr'><strong>scripsisse,</strong></span> 
     </span>
    </p>
   </div>
   <div class='ocr_carea' id='block_1_118' title="bbox 1931 5122 3492 5193">
    <p class='ocr_par' dir='ltr' id='par_1_118' title="bbox 1931 5122 3492 5193">
     <span class='ocr_line' id='line_1_120' title="bbox 1931 5122 3492 5193; baseline -0.006 -14"><span class='ocrx_word' id='word_1_943' title='bbox 1931 5144 2050 5180; x_wconf 85' lang='lat' dir='ltr'><strong>(‘IIIII</strong></span> <span class='ocrx_word' id='word_1_944' title='bbox 2094 5129 2164 5179; x_wconf 90' lang='lat' dir='ltr'><strong>ita</strong></span> <span class='ocrx_word' id='word_1_945' title='bbox 2202 5122 2409 5191; x_wconf 65' lang='lat' dir='ltr'><strong>legatur</strong></span> <span class='ocrx_word' id='word_1_946' title='bbox 2444 5128 2494 5178; x_wconf 90' lang='lat' dir='ltr'><strong>in</strong></span> <span class='ocrx_word' id='word_1_947' title='bbox 2532 5142 2660 5178; x_wconf 83' lang='lat' dir='ltr'><strong>mss.</strong></span> <span class='ocrx_word' id='word_1_948' title='bbox 2695 5126 3092 5193; x_wconf 80' lang='lat' dir='ltr'><strong>antiquioribus</strong></span> <span class='ocrx_word' id='word_1_949' title='bbox 3131 5139 3142 5174; x_wconf 90' lang='lat'><strong>:</strong></span> <span class='ocrx_word' id='word_1_950' title='bbox 3190 5122 3281 5193; x_wconf 85' lang='lat' dir='ltr'><strong>sed</strong></span> <span class='ocrx_word' id='word_1_951' title='bbox 3312 5135 3492 5193; x_wconf 81' lang='lat' dir='ltr'><strong>vocem</strong></span> 
     </span>
    </p>
   </div>
   <div class='ocr_carea' id='block_1_119' title="bbox 1931 5191 3491 5267">
    <p class='ocr_par' dir='ltr' id='par_1_119' title="bbox 1931 5191 3491 5267">
     <span class='ocr_line' id='line_1_121' title="bbox 1931 5191 3491 5267; baseline -0.005 -17"><span class='ocrx_word' id='word_1_952' title='bbox 1931 5198 2126 5258; x_wconf 84' lang='grc' dir='ltr'>ἱκανεῖ.</span> <span class='ocrx_word' id='word_1_953' title='bbox 2159 5197 2414 5267; x_wconf 88' lang='lat' dir='ltr'><strong>quoniam</strong></span> <span class='ocrx_word' id='word_1_954' title='bbox 2468 5196 2706 5250; x_wconf 88' lang='lat' dir='ltr'><strong>insolens</strong></span> <span class='ocrx_word' id='word_1_955' title='bbox 2738 5191 2853 5250; x_wconf 78' lang='lat' dir='ltr'><strong>erat</strong></span> <span class='ocrx_word' id='word_1_956' title='bbox 2879 5207 2934 5250; x_wconf 90' lang='lat' dir='ltr'><strong>et</strong></span> <span class='ocrx_word' id='word_1_957' title='bbox 2966 5193 3201 5255; x_wconf 82' lang='lat' dir='ltr'><strong>insolita,</strong></span> <span class='ocrx_word' id='word_1_958' title='bbox 3235 5191 3434 5244; x_wconf 87' lang='lat' dir='ltr'><strong>idcirco</strong></span> <span class='ocrx_word' id='word_1_959' title='bbox 3462 5203 3491 5242; x_wconf 86' lang='lat' dir='ltr'><strong>a</strong></span> 
     </span>
    </p>
   </div>
   <div class='ocr_carea' id='block_1_120' title="bbox 1927 5269 2620 5322">
    <p class='ocr_par' dir='ltr' id='par_1_120' title="bbox 1927 5269 2620 5322">
     <span class='ocr_line' id='line_1_122' title="bbox 1927 5269 2620 5322; baseline -0.001 -1"><span class='ocrx_word' id='word_1_960' title='bbox 1927 5269 2168 5322; x_wconf 86' lang='lat' dir='ltr'><strong>librariis</strong></span> <span class='ocrx_word' id='word_1_961' title='bbox 2197 5275 2452 5319; x_wconf 89' lang='lat' dir='ltr'><strong>mutatam</strong></span> <span class='ocrx_word' id='word_1_962' title='bbox 2481 5281 2620 5320; x_wconf 86' lang='lat' dir='ltr'><strong>esse.</strong></span> 
     </span>
    </p>
   </div>
   <div class='ocr_carea' id='block_1_121' title="bbox 1999 5328 3490 5411">
    <p class='ocr_par' dir='ltr' id='par_1_121' title="bbox 1999 5328 3490 5411">
     <span class='ocr_line' id='line_1_123' title="bbox 1999 5328 3490 5411; baseline -0.007 -20"><span class='ocrx_word' id='word_1_963' title='bbox 1999 5339 2110 5411; x_wconf 68' lang='lat'><strong>(52)</strong></span> <span class='ocrx_word' id='word_1_964' title='bbox 2167 5338 2880 5411; x_wconf 39' lang='grc' dir='ltr'>Ειίἰιί-καθαπερεὶθρὸνῳ.</span> <span class='ocrx_word' id='word_1_965' title='bbox 2934 5331 3308 5411; x_wconf 34' lang='grc' dir='ltr'>Αιιιίῳιίλριιο</span> <span class='ocrx_word' id='word_1_966' title='bbox 3351 5328 3490 5411; x_wconf 61' lang='lat' dir='ltr'><strong>libri</strong></span> 
     </span>
    </p>
   </div>
   <div class='ocr_carea' id='block_1_122' title="bbox 1927 5398 3491 5478">
    <p class='ocr_par' dir='ltr' id='par_1_122' title="bbox 1927 5398 3491 5478">
     <span class='ocr_line' id='line_1_124' title="bbox 1927 5398 3491 5478; baseline -0.006 -16"><span class='ocrx_word' id='word_1_967' title='bbox 1927 5398 2178 5478; x_wconf 68' lang='grc' dir='ltr'>καθάτὶερ</span> <span class='ocrx_word' id='word_1_968' title='bbox 2204 5409 2260 5459; x_wconf 84' lang='grc' dir='ltr'>ὲν</span> <span class='ocrx_word' id='word_1_969' title='bbox 2297 5407 2489 5478; x_wconf 83' lang='grc' dir='ltr'>θρόνῳ.</span> <span class='ocrx_word' id='word_1_970' title='bbox 2542 5398 2733 5462; x_wconf 79' lang='lat' dir='ltr'><strong>Statiui</strong></span> <span class='ocrx_word' id='word_1_971' title='bbox 2768 5398 2895 5461; x_wconf 77' lang='lat' dir='ltr'><strong>mss.</strong></span> <span class='ocrx_word' id='word_1_972' title='bbox 2938 5417 3047 5478; x_wconf 79' lang='lat' dir='ltr'><strong>tres</strong></span> <span class='ocrx_word' id='word_1_973' title='bbox 3082 5398 3270 5458; x_wconf 78' lang='grc' dir='ltr'>’ποδῶν</span> <span class='ocrx_word' id='word_1_974' title='bbox 3304 5398 3491 5478; x_wconf 63' lang='grc' dir='ltr'>αὐτού.</span> 
     </span>
    </p>
   </div>
   <div class='ocr_carea' id='block_1_123' title="bbox 1928 5470 3489 5545">
    <p class='ocr_par' dir='ltr' id='par_1_123' title="bbox 1928 5470 3489 5545">
     <span class='ocr_line' id='line_1_125' title="bbox 1928 5470 3489 5545; baseline -0.002 -16"><span class='ocrx_word' id='word_1_975' title='bbox 1928 5479 2042 5533; x_wconf 81' lang='lat' dir='ltr'><strong>Vox</strong></span> <span class='ocrx_word' id='word_1_976' title='bbox 2079 5470 2242 5532; x_wconf 74' lang='grc' dir='ltr'>αὑτοῦ</span> <span class='ocrx_word' id='word_1_977' title='bbox 2280 5470 2341 5531; x_wconf 72' lang='grc' dir='ltr'><strong>ιη’</strong></span> <span class='ocrx_word' id='word_1_978' title='bbox 2375 5470 2535 5533; x_wconf 81' lang='lat' dir='ltr'><strong>editis</strong></span> <span class='ocrx_word' id='word_1_979' title='bbox 2571 5481 2931 5533; x_wconf 87' lang='lat' dir='ltr'><strong>desideratur.</strong></span> <span class='ocrx_word' id='word_1_980' title='bbox 2982 5476 3111 5545; x_wconf 74' lang='lat' dir='ltr'><strong>Reg.</strong></span> <span class='ocrx_word' id='word_1_981' title='bbox 3148 5486 3373 5529; x_wconf 86' lang='lat' dir='ltr'><strong>ouartus</strong></span> <span class='ocrx_word' id='word_1_982' title='bbox 3398 5470 3489 5526; x_wconf 79' lang='grc' dir='ltr'>θέ-</span> 
     </span>
    </p>
   </div>
   <div class='ocr_carea' id='block_1_124' title="bbox 1923 5549 2236 5611">
    <p class='ocr_par' dir='ltr' id='par_1_124' title="bbox 1923 5549 2236 5611">
     <span class='ocr_line' id='line_1_126' title="bbox 1923 5549 2236 5611; baseline -0.006 -9"><span class='ocrx_word' id='word_1_983' title='bbox 1923 5549 2058 5611; x_wconf 85' lang='grc' dir='ltr'>λεις,</span> <span class='ocrx_word' id='word_1_984' title='bbox 2081 5552 2236 5602; x_wconf 87' lang='lat' dir='ltr'><strong>male.</strong></span> 
     </span>
    </p>
   </div>
   <div class='ocr_carea' id='block_1_125' title="bbox 1997 5612 3490 5691">
    <p class='ocr_par' dir='ltr' id='par_1_125' title="bbox 1997 5612 3490 5691">
     <span class='ocr_line' id='line_1_127' title="bbox 1997 5612 3490 5691; baseline -0.007 -15"><span class='ocrx_word' id='word_1_985' title='bbox 1997 5622 2109 5691; x_wconf 79' lang='grc'>(53)</span> <span class='ocrx_word' id='word_1_986' title='bbox 2133 5619 2274 5673; x_wconf 80' lang='lat' dir='ltr'><strong>Editi</strong></span> <span class='ocrx_word' id='word_1_987' title='bbox 2301 5629 2354 5673; x_wconf 89' lang='lat' dir='ltr'><strong>et</strong></span> <span class='ocrx_word' id='word_1_988' title='bbox 2389 5636 2480 5674; x_wconf 78' lang='lat' dir='ltr'><strong>sex</strong></span> <span class='ocrx_word' id='word_1_989' title='bbox 2519 5634 2649 5673; x_wconf 86' lang='lat' dir='ltr'><strong>mss.</strong></span> <span class='ocrx_word' id='word_1_990' title='bbox 2679 5615 3161 5691; x_wconf 47' lang='grc' dir='ltr'>κρεῖττον-αὐτού,</span> <span class='ocrx_word' id='word_1_991' title='bbox 3191 5615 3253 5691; x_wconf 72' lang='lat' dir='ltr'><strong>&#39;_r_6</strong></span> <span class='ocrx_word' id='word_1_992' title='bbox 3291 5630 3305 5643; x_wconf 89' lang='grc'><strong>·</strong></span> <span class='ocrx_word' id='word_1_993' title='bbox 3345 5612 3490 5691; x_wconf 56' lang='lat' dir='ltr'><strong>quod</strong></span> 
     </span>
    </p>
   </div>
   <div class='ocr_carea' id='block_1_126' title="bbox 1926 5686 3492 5758">
    <p class='ocr_par' dir='ltr' id='par_1_126' title="bbox 1926 5686 3492 5758">
     <span class='ocr_line' id='line_1_128' title="bbox 1926 5686 3492 5758; baseline -0.004 -17"><span class='ocrx_word' id='word_1_994' title='bbox 1926 5686 2051 5758; x_wconf 83' lang='lat' dir='ltr'><strong>quin</strong></span> <span class='ocrx_word' id='word_1_995' title='bbox 2089 5686 2402 5743; x_wconf 84' lang='lat' dir='ltr'><strong>mendosum</strong></span> <span class='ocrx_word' id='word_1_996' title='bbox 2432 5692 2521 5753; x_wconf 84' lang='lat' dir='ltr'><strong>sit,</strong></span> <span class='ocrx_word' id='word_1_997' title='bbox 2545 5706 2648 5742; x_wconf 91' lang='lat' dir='ltr'><strong>non</strong></span> <span class='ocrx_word' id='word_1_998' title='bbox 2686 5686 2889 5743; x_wconf 84' lang='lat' dir='ltr'><strong>dnhito.</strong></span> <span class='ocrx_word' id='word_1_999' title='bbox 2922 5689 3099 5743; x_wconf 76' lang='lat' dir='ltr'><strong>Codex</strong></span> <span class='ocrx_word' id='word_1_1000' title='bbox 3122 5686 3271 5758; x_wconf 77' lang='lat' dir='ltr'><strong>Coll).</strong></span> <span class='ocrx_word' id='word_1_1001' title='bbox 3309 5686 3492 5753; x_wconf 81' lang='grc' dir='ltr'>κρεῖτ-</span> 
     </span>
    </p>
   </div>
   <div class='ocr_carea' id='block_1_127' title="bbox 1924 5757 3386 5830">
    <p class='ocr_par' dir='ltr' id='par_1_127' title="bbox 1924 5757 3386 5830">
     <span class='ocr_line' id='line_1_129' title="bbox 1924 5757 3386 5830; baseline -0.005 -17"><span class='ocrx_word' id='word_1_1002' title='bbox 1924 5757 2034 5818; x_wconf 78' lang='grc' dir='ltr'>τον.</span> <span class='ocrx_word' id='word_1_1003' title='bbox 2067 5761 2197 5814; x_wconf 80' lang='grc' dir='ltr'>αὐτὸ</span> <span class='ocrx_word' id='word_1_1004' title='bbox 2227 5761 2309 5823; x_wconf 85' lang='grc' dir='ltr'>τό,</span> <span class='ocrx_word' id='word_1_1005' title='bbox 2334 5762 2495 5825; x_wconf 79' lang='lat' dir='ltr'><strong>ipsam</strong></span> <span class='ocrx_word' id='word_1_1006' title='bbox 2528 5763 2768 5830; x_wconf 78' lang='lat' dir='ltr'><strong>gignendi</strong></span> <span class='ocrx_word' id='word_1_1007' title='bbox 2810 5760 3137 5830; x_wconf 78' lang='lat' dir='ltr'><strong>facultatem,</strong></span> <span class='ocrx_word' id='word_1_1008' title='bbox 3165 5757 3386 5830; x_wconf 76' lang='lat' dir='ltr'><strong>optime.</strong></span> 
     </span>
    </p>
   </div>
   <div class='ocr_carea' id='block_1_128' title="bbox 1997 5826 3489 5904">
    <p class='ocr_par' dir='ltr' id='par_1_128' title="bbox 1997 5826 3489 5904">
     <span class='ocr_line' id='line_1_130' title="bbox 1997 5826 3489 5904; baseline -0.006 -19"><span class='ocrx_word' id='word_1_1009' title='bbox 1997 5832 2109 5903; x_wconf 72' lang='grc'>(54)</span> <span class='ocrx_word' id='word_1_1010' title='bbox 2141 5831 2272 5904; x_wconf 71' lang='lat' dir='ltr'><strong>Beg.</strong></span> <span class='ocrx_word' id='word_1_1011' title='bbox 2307 5826 2539 5904; x_wconf 79' lang='lat' dir='ltr'><strong>quartus</strong></span> <span class='ocrx_word' id='word_1_1012' title='bbox 2560 5826 2621 5884; x_wconf 73' lang='grc' dir='ltr'>τὸ</span> <span class='ocrx_word' id='word_1_1013' title='bbox 2651 5826 2921 5904; x_wconf 61' lang='grc' dir='ltr'>ὁρατικόν.</span> <span class='ocrx_word' id='word_1_1014' title='bbox 2981 5829 3178 5882; x_wconf 87' lang='lat' dir='ltr'><strong>Ibidem</strong></span> <span class='ocrx_word' id='word_1_1015' title='bbox 3237 5826 3376 5880; x_wconf 86' lang='lat' dir='ltr'><strong>idem</strong></span> <span class='ocrx_word' id='word_1_1016' title='bbox 3404 5837 3489 5877; x_wconf 88' lang='lat' dir='ltr'><strong>co-</strong></span> 
     </span>
    </p>
   </div>
   <div class='ocr_carea' id='block_1_129' title="bbox 1924 5901 2433 5972">
    <p class='ocr_par' dir='ltr' id='par_1_129' title="bbox 1924 5901 2433 5972">
     <span class='ocr_line' id='line_1_131' title="bbox 1924 5901 2433 5972; baseline -0.01 -11"><span class='ocrx_word' id='word_1_1017' title='bbox 1924 5904 2024 5960; x_wconf 79' lang='lat' dir='ltr'><strong>dex</strong></span> <span class='ocrx_word' id='word_1_1018' title='bbox 2056 5901 2329 5972; x_wconf 68' lang='grc' dir='ltr'>πτέρυγας</span> <span class='ocrx_word' id='word_1_1019' title='bbox 2358 5902 2433 5956; x_wconf 84' lang='grc' dir='ltr'>δέ.</span> 
     </span>
    </p>
   </div>
  </div>
