4208 6484
768 433 869 485 759

2128 438 2182 489 5.
2227 436 2307 488 BA
2319 435 2468 489 Sl[.ll
2505 435 2714 489 MAG‘NI

3912 448 4011 501 760

757 560 976 604 servant
999 551 1203 618 pariter
1226 552 1493 620 propriam
1526 566 1588 605 ac
1617 554 1970 607 recnssimam
2004 553 2068 606 de
2101 554 2207 607 Deo
2243 555 2323 609 in-

2428 556 2493 607 τά
2524 557 2657 610 ἄλλα
2683 555 2859 607 πάντα
2886 556 3165 616 ὡσαύτως.
3196 555 3425 611 ἕκαστον
3460 558 3597 611 ίδίαν
3620 560 3785 624 σώζει
3806 564 4009 620 ἔννοιαν

758 641 1124 711 telligentiam,
1178 643 1410 695 maxime
1443 643 1581 711 apud
1609 656 1703 697 eos
1734 646 1825 713 qui
1883 654 2025 698 recte
2080 650 2325 701 credunt.

754 732 983 786 Nomina
1020 734 1181 803 igitur
1208 733 1263 787 in
1297 749 1397 788 usu
1445 743 1570 789 sunt
1619 735 1924 790 hominibus
1958 738 2025 791 ad
2063 739 2329 806 cognitio-

753 839 876 878 nem
907 839 972 878 ac
994 824 1391 880 distinctionem
1424 824 1866 891 substantiarum,
1908 838 2002 881 aut
2036 830 2198 882 etiam
2243 844 2330 885 re-

754 931 892 978 rum,
934 930 997 969 ac
1042 930 1230 971 eorum
1272 932 1389 986 quae
1433 918 1581 974 circa
1627 919 1957 975 substantias
2008 921 2322 985 excogitan-

755 1016 859 1061 tur.
884 1005 1070 1078 Itaque
1122 1018 1311 1063 venter
1340 1008 1392 1061 in
1430 1008 1537 1065 Deo
1570 1028 1637 1067 ne
1665 1022 1713 1065 te
1747 1013 1821 1064 rei
1867 1014 2105 1067 novitate
2140 1023 2331 1083 stupe-

756 1096 935 1163 faciat,
965 1113 1085 1152 cum
1120 1114 1218 1152 nec
1242 1114 1432 1156 manus
1463 1118 1560 1157 nec
1598 1101 1700 1153 alia
1735 1116 1854 1170 qua!
1884 1103 2136 1171 superius
2166 1104 2328 1158 relata

754 1200 899 1257 Sunt,
958 1200 1011 1246 te
1056 1201 1417 1260 perterreant.
1456 1194 1685 1248 Proinde
1727 1211 1901 1265 neque
1952 1197 2232 1265 generatio
2276 1198 2327 1249 iu

752 1279 861 1334 Deo
890 1282 1178 1337 attonitum
1205 1295 1257 1338 te
1282 1283 1491 1347 reddat,
1523 1297 1697 1352 neque
1746 1301 1932 1341 eorum
1973 1284 2063 1355 qui
2104 1286 2330 1341 audiunt

750 1387 1093 1443 quemquam.

820 1465 873 1520 5.
906 1467 1055 1532 Quod
1090 1465 1135 1518 si
1187 1465 1309 1533 quis
1363 1465 1519 1521 timet
1561 1482 1629 1523 ne
1672 1470 1743 1524 sit
1782 1468 1835 1521 in
1874 1468 1983 1521 Deo
2033 1479 2327 1537 generante

750 1555 980 1620 aﬂ‘ectio,
1010 1566 1187 1625 potest
1216 1568 1271 1612 et
1312 1560 1546 1614 creantis
1588 1562 1774 1615 timere
1817 1570 2044 1624 motum,
2071 1570 2125 1613 et
2177 1560 2326 1616 labo-

751 1662 885 1711 rem,
920 1657 974 1701 et
1033 1650 1271 1704 materia:
1310 1653 1728 1720 assumptionem
1754 1690 1769 1715 ,
1810 1665 1864 1704 et
1913 1666 2068 1704 usum
2122 1653 2324 1706 instruo

750 1734 1077 1797 mentorum.
1116 1743 1238 1796 Haec
1294 1744 1437 1796 enim
1496 1746 1690 1799 adsunt
1716 1744 2063 1812 operantibus
2088 1745 2325 1798 homini-

748 1830 869 1886 bus.
902 1832 957 1887 Si
1017 1848 1141 1887 vero
1183 1833 1368 1888 isthzcc
1399 1834 1508 1888 Deo
1551 1849 1653 1887 non
1702 1836 1921 1898 adsunt,
1969 1851 2140 1903 neque
2172 1838 2319 1889 adest

2433 641 2726 714 ὀρθοτάτην
2758 643 2883 713 περὶ
2910 642 3067 705 Θεοῦ,
3089 643 3317 712 μάλιστα
3336 651 3449 713 τοῖς
3475 648 3653 721 ὀρθῶς
3673 655 4003 712 πιστεύουσι.

2432 734 2513 786 Τὰ
2543 733 2636 790 οὖν
2665 736 2902 806 ὀνόματα
2924 738 3114 808 χρῆσίς
3143 739 3288 790 ἐστιν
3320 743 3626 813 ἀνθρώποις
3654 743 3791 815 πρὸς
3812 750 4007 813 γνῶσιν

2436 826 2527 877 καὶ
2549 827 2819 897 διάκρισιν
2849 826 2960 894 (55)
2995 829 3208 891 οὐσιῶν,
3240 828 3271 899 ἢ
3304 832 3397 883 καὶ
3423 836 3763 906 πραγμάτων
3788 838 4007 890 καὶτῶν

2432 918 2559 988 περὶ
2598 920 2697 982 τὰς
2735 918 2919 983 οὐσίας
2966 921 3375 994 ἐπινοηθέντων.
3416 926 3506 995 Μὴ
3531 926 3624 980 οὖν
3657 948 3717 983 σε
3758 927 4007 997 ξενιζέτω

2432 1012 2643 1081 γαστὴρ
2694 1011 2783 1062 ἐπὶ
2826 1009 2990 1062 Θεοῦ’
3025 1012 3147 1065 ἐπεὶ
3196 1014 3330 1087 μηδὲ
3370 1014 3514 1084 χεὶρ,
3570 1018 3602 1086 ἦ
3647 1022 3717 1073 τὰ
3765 1021 3901 1075 ἄλλα
3942 1019 4005 1071 τά

2432 1103 2823 1173 προειρημένα.
2848 1101 3055 1153 Οὐκοῦν
3076 1104 3195 1156 οὐδὲ
3222 1107 3470 1178 γέννησις
3498 1108 3589 1158 ἐπὶ
3615 1107 3751 1162 Θεοῦ
3782 1112 4006 1178 ξενίσειέ

2434 1210 2514 1253 σε,
2548 1194 2577 1262 ἦ
2612 1212 2735 1248 τινα
2759 1193 2866 1246 τῶν
2896 1194 3218 1249 ἀκουόντων.

2498 1452 2549 1505 5.
2586 1454 2647 1506 Ei
2674 1455 2729 1507 δὲ
2760 1453 2929 1517 πάθος
2957 1455 3016 1506 ἐν
3044 1456 3162 1526 Θεῷ
3190 1461 3446 1525 γε-ινῶντι
3480 1459 3725 1527 φοϐεῖταί
3753 1465 4004 1526 τις,-ἐστι

2429 1546 2523 1598 καὶ
2553 1548 2822 1611 κτίζοντος
2858 1546 3158 1617 φοϐηθῆναι
3201 1552 3434 1624 κίνησιν,
3476 1552 3571 1603 καὶ
3607 1554 3879 1621 κάματον,
3914 1560 4001 1608 καὶ

2428 1637 2729 1709 πρόσληψιν
2774 1638 2927 1708 ὕλης,
2968 1642 3063 1693 καὶ
3115 1642 3304 1712 χρείαν
3345 1648 3608 1717 ὀργάνων.
3661 1647 3856 1701 Ταῦτα
3899 1650 4000 1722 γάρ

2426 1730 2513 1780 ἐπ’
2562 1730 2862 1800 ἀνθρώπων
2927 1732 3420 1803 δημιουργούντων.
3480 1738 3539 1790 Ei
3595 1737 3650 1789 δὲ
3716 1738 3894 1792 ταῦτα
3944 1743 3999 1793 οὐ

2428 1824 2680 1893 πρόσεστι
2717 1824 2853 1893 Θεῷ,
2886 1826 3006 1879 οὐδὲ
3041 1826 3209 1889 πάθος
3250 1830 3306 1879 ὲν
3344 1833 3417 1902 τῷ
3452 1832 3668 1901 γεννᾷν.
3717 1832 4001 1886 Ἀδύνατον

750 1919 963 1975 affectio
1008 1923 1059 1975 in
1109 1924 1435 1992 generando.
1477 1923 1615 1977 Fieri
1664 1924 1807 1977 enim
1863 1942 1967 1979 non
2010 1936 2216 1993 potest,
2270 1932 2323 1979 ut

2429 1912 2536 1981 γὰρ
2569 1916 2668 1985 τὴν
2702 1916 2888 1983 ἀπαθῆ
2923 1916 3085 1984 φύσιν
3127 1917 3289 1970 πάθει
3320 1924 3653 1994 περιπεσεῖν.
3684 1922 3748 1973 Τί
3783 1918 3880 1975 οὖν
3913 1942 4001 1991 φο-

752 2025 940 2066 natura
966 2012 1264 2068 allectionis
1290 2030 1482 2082 expers
1512 2017 1563 2067 in
1589 2014 1926 2069 affectionem
1965 2018 2186 2073 incidat.
2213 2018 2321 2071 Cur

750 2104 911 2172 igitur
939 2105 1089 2157 timet
1112 2106 1231 2173 quis
1258 2106 1527 2168 timorem,
1570 2106 1659 2159 ubi
1706 2108 1863 2161 timor
1896 2124 2000 2163 non
2030 2111 2149 2165 est?
2182 2111 2321 2164 Deus

748 2210 922 2266 neque
951 2211 1070 2249 cum
1098 2213 1161 2251 ex
1196 2212 1254 2251 se
1286 2206 1473 2250 natura
1494 2207 1734 2265 generat,
1764 2199 2031 2255 aﬂ‘ectioui
2058 2202 2321 2256 obnoxius

747 2298 862 2353 est;
894 2289 1073 2344 absit!
1111 2303 1283 2356 neque
1312 2289 1540 2353 laborat,
1576 2306 1698 2345 cum
1740 2304 1830 2346 aut
1864 2294 2084 2360 aliquid,
2124 2306 2215 2346 aut
2245 2309 2323 2346 re-

747 2395 866 2434 rum
898 2383 1301 2435 universitatem
1338 2398 1366 2436 e
1411 2383 1578 2436 nihilo
1614 2391 1795 2436 creat:
1835 2384 2205 2453 absit,neque
2242 2388 2322 2440 di-

746 2475 930 2528 catur!
963 2473 1112 2541 Quod
1138 2476 1181 2527 si
1206 2491 1368 2528 unum
1402 2476 1621 2546 refugis,
1650 2477 1811 2531 etiam
1842 2486 2009 2531 totum
2036 2495 2050 2542 ;
2085 2480 2126 2532 si
2152 2487 2319 2533 tolut-

745 2566 907 2639 317
944 2569 1211 2632 similiter,
1241 2569 1403 2624 etiam
1435 2586 1629 2635 unum;
1671 2570 1715 2623 si
1749 2586 1911 2625 unum
1945 2571 2180 2625 humano
2209 2588 2323 2625 meo

746 2676 830 2726 re,
861 2662 1023 2714 etiam
1055 2670 1257 2725 totum;
1288 2662 1368 2713 sin
1401 2672 1577 2714 autem
1606 2672 1773 2715 totum
1804 2678 1907 2715 non
1942 2665 2177 2718 humano
2212 2680 2323 2719 mo-

743 2766 824 2816 re,
857 2766 923 2805 ne
954 2767 1117 2805 unum
1174 2753 1411 2820 quidem.
1440 2753 1651 2805 Etenim
1682 2754 1724 2806 si
1759 2752 1898 2806 Deus
1927 2769 1988 2807 ea
2030 2770 2147 2820 qum
2174 2770 2202 2806 e
2238 2758 2321 2806 ni-

744 2844 857 2899 hilo
901 2854 1175 2910 creantur,
1231 2844 1361 2899 facit
1416 2844 1711 2905 voluntate.
1762 2854 1931 2898 tolqu
1988 2844 2104 2898 sine
2140 2844 2322 2898 labore

744 2934 943 3003 efﬁcit;
973 2936 1132 3006 idque
1182 2938 1321 3006 apud
1372 2953 1469 2993 nos
1506 2954 1607 2992 non
1642 2949 1723 2993 est
1752 2938 2087 2993 incredibile.
2130 2938 2318 2993 Credi-

742 3026 905 3082 bilius
959 3040 1140 3082 autem
1189 3030 1456 3083 videbitur
1509 3031 1779 3094 omnibus,
1814 3032 1977 3083 Deum
2010 3047 2072 3084 ex
2103 3048 2158 3085 se
2203 3032 2318 3098 ipso

744 3126 939 3169 natura
969 3117 1149 3171 divina
1190 3120 1453 3187 modoque
1496 3120 1660 3175 Deum
1694 3121 1915 3173 decente
1946 3122 2195 3187 genuisse
2227 3138 2316 3190 εει

746 3208 968 3262 nuinum
1023 3208 1214 3273 lilium,
1275 3209 1481 3262 bouore
1518 3209 1797 3276 mqualem,
1828 3212 2088 3276 aequalem
2122 3214 2310 3279 gloria.

2422 2002 2596 2056 δεῖταί
2644 2021 2727 2065 τις
2768 2005 2968 2073 φόϐον,
3014 2002 3073 2061 οὒ
3131 2010 3230 2061 οὐκ
3282 2010 3396 2065 ἔστι
3445 2012 3637 2081 (9660;;
3696 2011 3835 2076 Θεὸς
3887 2015 3999 2069 οὐδὲ

2420 2095 2625 2163 γεννῶν
2672 2096 2731 2161 ἐξ
2777 2098 2941 2151 αὑτοῦ
2990 2100 3148 2167 φύσει
3195 2102 3416 2170 πάσχει·
3456 2106 3529 2177 μὴ
3574 2105 3786 2173 γένοιτο
3814 2122 3830 2137 ’
3882 2107 3999 2161 οὔτε

2420 2188 2619 2250 κτίζων
2647 2189 2711 2241 ὲκ
2742 2189 2835 2242 τοῦ
2880 2192 2952 2261 μὴ
2982 2192 3131 2253 ὄντος
3164 2209 3241 2253 τι,
3286 2194 3317 2262 ἦ
3358 2197 3419 2247 τὸ
3456 2200 3562 2249 πᾶν
3590 2194 3727 2267 (56),
3760 2198 3960 2267 κάμνει
3980 2215 3997 2230 ο

2424 2279 2497 2348 μὴ
2538 2278 2746 2347 γένοιτο
2768 2321 2782 2345 ,
2829 2284 2963 2353 μηδὲ
2996 2281 3208 2353 ῥηθείη.
3257 2285 3319 2336 Εἰ
3344 2286 3399 2339 δὲ
3426 2288 3486 2341 τὸ
3518 2291 3575 2341 ἒν
3602 2287 3862 2356 φεύγεις,
3912 2291 3998 2344 καὶ

2420 2371 2479 2423 τὸ
2508 2374 2614 2425 πᾶν
2646 2374 2758 2445 (57)
2784 2392 2797 2405 ο
2833 2380 2881 2429 εί
2910 2376 2969 2429 τὸ
3000 2378 3106 2429 πᾶν
3149 2378 3373 2447 ὁμοίως,
3405 2384 3498 2435 καὶ
3531 2382 3590 2435 τὸ
3631 2380 3690 2432 ἓν
3714 2398 3729 2411 ·
3772 2385 3825 2435 εί
3855 2383 3916 2435 τὸ
3944 2384 3999 2437 ἐν

2422 2464 2795 2537 ἀνθρωπίνως,
2832 2470 2924 2521 καὶ
2961 2469 3021 2521 τὸ
3056 2471 3195 2522 πάνυ
3238 2471 3285 2521 εἰ
3321 2470 3377 2523 δὲ
3412 2475 3471 2526 τὸ
3506 2476 3610 2527 πᾶν
3636 2472 3739 2526 οὐκ
3786 2474 3995 2543 ἀνθρω-

2424 2557 2610 2621 πίνως,
2644 2558 2763 2610 οὐδὲ
2790 2562 2851 2611 τὸ
2867 2559 2943 2612 ἕν’.
2976 2562 3037 2613 Εἰ
3064 2561 3173 2632 γὰρ
3206 2560 3273 2613 τὰ
3298 2563 3354 2627 ἐξ
3394 2564 3504 2635 (58)
3534 2566 3632 2617 οὐκ
3658 2564 3835 2618 ὄντων
3861 2568 4007 2619 ποιεῖ

2425 2652 2673 2723 βουλήσει
2702 2652 2855 2715 Θεὸς,
2884 2652 2943 2705 τὸ
2969 2654 3076 2706 πᾶν
3108 2653 3406 2723 ἀκαμάτως
3425 2675 3439 2689 ·
3496 2658 3588 2711 καὶ
3632 2657 3735 2709 οὐκ
3772 2658 4000 2711 ἄπιστον

2423 2744 2580 2797 τοῦτο
2608 2746 2735 2815 παρ’
2765 2747 2919 2814 ἡμῖν.
2961 2744 3285 2816 Πιστότερον
3314 2746 3358 2799 δ’
3385 2749 3452 2801 ἂν
3488 2753 3621 2803 πᾶσι
3652 2748 3801 2819 (59),
3847 2750 3911 2802 τὸ
3944 2751 3999 2814 ἐξ

2421 2837 2585 2888 αὐτοῦ
2618 2838 2775 2904 φύσει
2806 2837 2924 2909 θείᾳ
2954 2838 3049 2891 καὶ
3078 2837 3396 2911 θεοπρεπῶς
3426 2841 3819 2913 γεγεννηκέναι
3864 2844 4000 2895 ἀπα-

2422 2928 2530 2989 θῶς
2574 2928 2664 2980 τὸν
2710 2929 2841 2983 Θεὸν
2894 2931 3021 2983 Υἱὸν
3060 2945 3301 3015 γνησιον,
3361 2934 3653 3007 ὁμότιμον,
3708 2936 3997 3007 ὁμόδοξον,

2421 3019 2725 3089 σύνθρονον,
2765 3020 3066 3091 σύμϐουλον
3119 3024 3212 3075 καὶ
3254 3027 3546 3096 συνεργὸν,
3590 3028 3881 3097 ὁμοούσιον
3927 3026 4003 3101 τῷ

2420 3114 2594 3183 Πατρὶ
2629 3114 2721 3165 καὶ
2754 3112 2891 3182 Θεῷ,
2921 3114 3015 3165 καὶ
3045 3114 3140 3182 οὐχ
3166 3116 3523 3186 ἐτεροούσιον,
3559 3122 3681 3172 οὐδὲ
3718 3121 3999 3188 ἀλλότριον

2416 3207 2511 3275 τῆς
2538 3206 2747 3258 ἐκείνου
2781 3206 2946 3276 μόνης
2975 3205 3248 3277 θεότητος.
3284 3208 3345 3260 Εί
3374 3209 3429 3261 δὲ
3468 3214 3539 3281 μή
3565 3228 3648 3277 γε,
3666 3212 3793 3263 οὐδὲ
3820 3229 3992 3283 προσ-

749 3300 927 3356 tliroui
958 3300 1195 3371 ejusdem
1222 3310 1547 3364 consortem,
1580 3301 1968 3365 consiliarium,
2004 3315 2317 3371 cooperatoo

2425 3299 2675 3368 κυνητός.
2740 3300 2873 3351 Οὐδὲ
2934 3300 3040 3367 γὰρ
3086 3302 3480 3371 προσκυνήσεις
3533 3302 3639 3371 θεῷ
3692 3303 3997 3376 ἀλλοτρίῳ,

747 3408 882 3458 rem,
918 3392 1423 3447 consubstantialem
1476 3392 1620 3447 Patri
1667 3403 1722 3447 et
1779 3394 1904 3456 Deo,
1949 3410 2052 3449 non
2099 3396 2319 3451 diversa:

744 3484 1082 3545 substantiae,
1115 3496 1287 3551 neque
1319 3482 1545 3536 alienum
1571 3484 1636 3537 ab
1680 3484 1796 3552 ejus
1837 3485 1949 3539 sola
1975 3487 2189 3540 deitate.
2225 3487 2319 3541 Sin

744 3575 946 3639 minus,
979 3589 1045 3627 ne
1076 3573 1381 3629 adorandus
1430 3574 1649 3643 quidem
1698 3584 1805 3634 est.
1841 3574 2025 3647 Neque
2076 3579 2241 3644 enim,
2265 3585 2322 3631 ut

744 3667 1007 3734 scriptum
1042 3673 1125 3720 est
1150 3664 1214 3731 ³³,
1248 3666 1403 3721 deum
1432 3666 1667 3721 alienum
1694 3669 1943 3724 adorabis
1977 3688 1990 3724 :
2029 3686 2202 3740 neque
2239 3686 2321 3723 re-

746 3770 958 3813 centem
985 3773 1311 3827 quemquam
1344 3759 1499 3812 deum
1529 3761 2099 3829 suspicerejubemur.
2140 3762 2217 3816 Ne
2238 3763 2322 3817 di-

748 3866 844 3905 cas
874 3850 1037 3920 igitur
1069 3851 1307 3905 additum
1338 3865 1459 3906 esse
1489 3866 1709 3915 numen,
1751 3867 1927 3920 neque
1955 3854 2223 3906 silentium
2256 3859 2321 3909 de

748 3944 889 3998 Filio
930 3944 1093 3999 fuisse
1148 3945 1283 4014 apud
1339 3943 1625 4013 antiquos,
1656 3943 1811 3996 nobis
1860 3956 1986 3996 vero
2023 3944 2317 3997 revelatum

746 4048 888 4096 esse,
920 4034 965 4086 si
1016 4035 1175 4087 modo
1228 4034 1517 4088 confiteare
1556 4032 1787 4088 Verbum
1845 4050 2020 4088 rerum
2071 4034 2318 4103 opiﬁcem

747 4122 967 4179 Filium.
998 4122 1131 4175 Nam
1166 4124 1397 4176 Verbum
1434 4136 1696 4179 noverant
1722 4137 1923 4194 patres,
1959 4127 2048 4182 Dei
2087 4125 2319 4180 Verbum

747 4213 1067 4280 adorabant,
1098 4222 1149 4267 el
1184 4228 1307 4268 cum
1347 4212 1525 4269 Verbo
1569 4214 1852 4284 Spiritum.
1894 4217 2077 4285 Neque
2110 4231 2323 4283 scpares

747 4322 868 4362 eum
914 4306 980 4360 ab
1027 4322 1091 4361 eo
1130 4306 1221 4376 qui
1267 4305 1442 4360 dicit:
1488 4305 1598 4375 Ego
1649 4305 1789 4358 Deus
1832 4306 2001 4365 solus.
2037 4316 2216 4360 etnon
2244 4316 2322 4360 est

746 4407 940 4468 prwter
972 4415 1052 4453 me
1086 4398 1169 4465 ³⁸;
1220 4406 1279 4451 ut
1330 4412 1397 4452 ne
1449 4397 1748 4451 convicium
1790 4397 1840 4449 in
1896 4396 2133 4461 Filium,
2166 4399 2317 4463 quasi

751 4491 892 4545 Deus
950 4506 1055 4543 non
1102 4499 1269 4555 esset,
1313 4488 1523 4557 cogaris
1581 4490 2001 4555 dicerezneque
2048 4485 2319 4554 disjungas

2422 3391 2731 3459 γέγραπται
2751 3408 2764 3420 ·
2788 3391 2906 3443 οὐδὲ
2937 3390 3247 3461 πρόσφατόν
3280 3409 3399 3444 τινα
3439 3393 3854 3464 παραδέξασθαι
3883 3396 4000 3449 θεὸν

2420 3481 2925 3552 παρακελευόμεθα.
2976 3483 3067 3555 Μὴ
3102 3484 3279 3536 τοίνυν
3316 3483 3440 3553 λέγε
3474 3485 3799 3557 προσθήκην
3845 3488 3999 3541 σεϐά-

2424 3589 2647 3642 σματος.
2672 3572 2790 3641 μηδ’
2805 3573 2886 3624 ὅτι
2913 3574 3219 3643 σεσιώπητο
3247 3578 3361 3639 τοῖς
3388 3576 3634 3637 παλαιοῖς
3652 3580 3680 3628 ό
3700 3576 3851 3640 Υίὸς,
3870 3579 4001 3646 ἡμῖν

2420 3662 2475 3716 δὲ
2522 3662 2991 3726 ἀποκεκάλυπται,
3034 3666 3189 3737 εῐπερ
3223 3667 3393 3734 Λόγον
3424 3666 3760 3736 δημιουργὸν
3811 3668 3997 3738 ὁμολο-

2420 3760 2535 3823 γεῖς
2561 3756 2649 3809 τὸν
2678 3755 2823 3808 Υἱόν.
2853 3757 3023 3826 Λόγον
3049 3758 3157 3829 γὰρ
3189 3759 3409 3829 ᾔδεισαν
3435 3760 3482 3809 οἱ
3516 3758 3751 3829 πατέρες
3772 3799 3788 3822 ,
3826 3762 3997 3829 Λόγον

2420 3846 2554 3897 Θεοῦ
2592 3846 2982 3913 προσεκύνουν,
3021 3849 3114 3901 καὶ
3150 3850 3247 3901 σὺν
3284 3847 3443 3916 Λόγῳ
3475 3847 3537 3900 τὸ
3560 3848 3808 3919 Πνεῦμα.
3848 3851 3994 3921 Μηδὲ

2420 3938 2657 4010 χωρίσῃς
2684 3940 2845 3992 αὑτὸν
2875 3939 2981 3991 ἀπὸ
3009 3938 3101 3991 τοῦ
3130 3937 3395 4006 λέγοντος,
3440 3940 3587 4009 Ἐγὼ
3622 3940 3768 4006 Θεὸς
3782 3943 3991 4010 μόνος.

2419 4028 2515 4080 καί
2564 4032 2675 4081 οὐκ
2726 4030 2857 4082 ἔστι
2916 4029 3084 4096 πλὴν
3126 4029 3311 4097 ἐμοῦ·
3370 4030 3455 4083 ἵνα
3510 4032 3585 4101 μὴ
3653 4032 3995 4104 βλασφημεῖν

2420 4117 2763 4188 ἀναγκασθῇς
2808 4120 2897 4171 τὸν
2934 4120 3059 4173 Υἱὸν
3102 4120 3178 4183 ὡς
3222 4120 3321 4172 οὐκ
3350 4120 3477 4173 ὄντα
3519 4122 3681 4175 Θεόν·
3720 4124 3857 4193 μηδὲ
3894 4143 3996 4193 χω-

2424 4210 2578 4283 ρίσῃς
2610 4210 2772 4263 αὐτὸν
2806 4210 2914 4263 ἀπὸ
2941 4210 3035 4264 τοῦ
3074 4212 3323 4280 λέγοντος
3342 4229 3353 4241 ·
3567 4214 3838 4279 ἐξέτεινα
3891 4214 3994 4268 τὸν

2422 4298 2678 4366 οὐρανὸν
2712 4302 2919 4368 μόνος,
2952 4301 3039 4353 ἵνα
3088 4304 3163 4372 μὴ
3196 4302 3410 4355 καὶτοῦ
3446 4304 3779 4373 δημιουργὸν
3818 4304 3992 4371 λέγειν

2420 4390 2510 4441 τὸν
2536 4390 2663 4442 Υίὸν
2686 4392 2929 4461 ἀποστῇς
2952 4390 3061 4461 (60)
3084 4410 3095 4421 ·
3124 4393 3204 4445 ὃτι
3230 4394 3327 4462 τῆς
3357 4392 3450 4444 τοῦ
3488 4395 3649 4462 μόνου
3664 4394 3802 4448 Θεοῦ
3838 4396 3989 4464 δόξης

2420 4482 2566 4532 ὁτὸν
2619 4481 2845 4550 οὐρανὸν
2893 4482 3137 4544 ἐκτείνας
3184 4484 3242 4534 οὺ
3290 4484 3640 4552 κεχώρισται.
3692 4485 3900 4537 Οὐκοῦν
3936 4488 3989 4536 ἐν

750 4582 922 4650 ipsum
951 4580 1017 4633 ab
1042 4595 1105 4634 eo
1146 4580 1235 4647 qui
1256 4579 1421 4633 dicit:
1458 4578 1570 4647 Ego
1610 4579 1819 4631 extendi
1868 4577 2048 4631 cwlum
2080 4576 2220 4629 solus
2253 4576 2320 4659 '5.

2427 4570 2539 4640 Υίῷ
2600 4570 2764 4639 γνῶθι
2806 4570 3055 4643 Πατέρα,
3113 4574 3169 4624 ἐν
3216 4571 3390 4641 Πατρὶ
3443 4572 3664 4637 δόξασον
3706 4573 3855 4627 Υίόν.
3901 4575 3987 4644 Μὴ

748 4680 808 4725 ut
842 4686 909 4723 ne
957 4670 1119 4723 etiam
1169 4670 1364 4724 Filium
1400 4680 1698 4722 creatorem
1733 4667 1911 4721 dicere
1962 4668 2193 4721 desinas.
2227 4636 2320 4719 Et:

746 4763 889 4817 enim
920 4761 1113 4816 cmlum
1138 4761 1502 4829 quiextendit,
1522 4774 1549 4811 a
1580 4759 1747 4813 solius
1774 4758 1862 4811 Dei
1896 4757 2061 4827 gloria
2101 4773 2318 4825 separa-

754 4860 838 4905 tus
866 4866 972 4905 non
1005 4860 1107 4906 est.
1136 4850 1314 4916 Quare
1342 4850 1392 4903 in
1421 4847 1555 4902 Filio
1592 4848 1803 4901 Patrem
1836 4862 2065 4915 agnosce
2093 4863 2106 4898 :
2142 4850 2192 4899 in
2220 4846 2319 4900 Pa-

753 4953 835 4998 tre
882 4944 1072 4999 Filium
1114 4944 1371 5013 glorifica.
1406 4942 1546 4996 Cave
1598 4940 1804 4995 dividas
1838 4955 1957 5008 quae
1999 4939 2161 4993 dividi
2208 4955 2312 4993 non

748 5045 994 5104 possunt,
1036 5048 1164 5089 cave
1212 5034 1425 5088 scindas
1480 5048 1598 5102 quze
1638 5048 1742 5087 non
1797 5031 2135 5086 scinduntur.
2180 5031 2311 5087 Nam

744 5126 955 5180 etiamsi
971 5129 1121 5194 velis,
1142 5143 1245 5181 non
1263 5125 1595 5181 scinduntur.
1614 5128 1925 5193 Quanquam
1942 5134 2191 5177 secantur
2210 5127 2315 5179 ba:-

818 5241 862 5273 ³⁸
893 5242 1059 5297 Exod.
1111 5260 1204 5305 xx,
1250 5244 1304 5311 5,
1339 5244 1389 5298 5.
1468 5242 1512 5274 “
1534 5243 1687 5296 Deut.
1735 5255 1910 5304 χχιιι,
1966 5239 2059 5293 39.

817 5351 930 5423 (55)
984 5352 1114 5423 Reg.
1147 5365 1369 5422 quartus
1416 5354 1613 5423 γνῶσιν
1652 5352 1747 5406 καὶ
1788 5352 2072 5423 διαίρεσιν.
2104 5352 2214 5407 Nec
2245 5355 2317 5407 ita

748 5424 916 5497 multo
942 5434 1057 5497 post
1085 5427 1235 5482 Colb.
1271 5428 1410 5497 χεὶρ,
1446 5426 1576 5497 μηδὲ
1602 5428 1646 5478 τ’
1679 5425 1834 5479 ἄλλα.

822 5493 933 5562 (56)
971 5496 1108 5548 Editi
1156 5497 1188 5566 ἢ
1245 5493 1335 5548 καὶ
1363 5493 1580 5550 πάντα.
1615 5497 1833 5565 Antiqui
1871 5506 1979 5547 tres
2022 5495 2142 5549 libri
2180 5494 2211 5563 ἦ
2260 5494 2319 5545 τό

752 5567 885 5619 πᾶν.

824 5633 936 5707 (57)
964 5633 1097 5707 Ει1ἰῑὶ
1128 5636 1368 5703 φεύγεις,
1404 5636 1534 5707 μηδὲ
1559 5636 1617 5688 τὸ
1649 5636 1727 5700 ἓν,
1757 5650 1914 5707 neque
1938 5648 2119 5707 unum.
2138 5632 2317 5707 Codex

750 5705 905 5761 Coll).
938 5705 1175 5774 φεύγεις,
1200 5706 1292 5759 καὶ
1314 5707 1375 5759 τὸ
1405 5702 1511 5760 πᾶν
1539 5723 1551 5735 ’
1589 5709 1728 5770 quod
1750 5705 1935 5759 melius
1963 5703 2119 5757 nobis
2146 5704 2316 5757 visum

750 5786 839 5832 est
864 5786 917 5827 et
948 5790 1149 5829 sanius.

822 5844 932 5913 (58)
960 5844 1094 5901 Etlili
1128 5849 1187 5901 Ei
1220 5848 1327 5917 γάρ
1360 5849 1435 5913 ἐξ.
1472 5849 1537 5903 At
1574 5864 1699 5903 mss.
1737 5848 1796 5900 Ei
1822 5845 1923 5916 γὰρ
1947 5847 2017 5898 τὰ
2046 5843 2124 5909 ἐξ.

2430 4661 2657 4731 μερίσης
2700 4661 2768 4713 τά
2809 4661 3101 4731 ἀμέριστα,
3160 4660 3233 4730 μὴ
3269 4661 3416 4730 σχίζε
3446 4662 3515 4715 τά
3566 4663 3817 4731 ἂσχιστα.
3873 4662 3985 4714 Κάν

2420 4752 2529 4822 γὰρ
2563 4752 2744 4825 θέλῃς,
2784 4752 2845 4804 οὐ
2890 4752 3148 4821 σχίζεται.
3193 4753 3309 4806 Κᾶν
3350 4753 3723 4824 διαρραγῶσιν
3759 4754 3808 4806 oi
3841 4754 3983 4823 αἱρε-

2421 4843 2582 4907 τικοὶ,
2620 4844 2679 4895 οὐ
2726 4841 3116 4913 διαρρήγνυται
3160 4844 3194 4915 ἠ
3238 4845 3407 4917 Τριάς
3437 4844 3576 4916 (61)’
3616 4844 3733 4897 ἀλλ’
3768 4844 3914 4897 ἔστιν
3956 4844 3982 4896 δ

2422 4935 2557 5002 ἐστι,
2592 4934 2694 4989 κᾶν
2718 4935 2924 5006 ἑτέροις
2957 4936 3029 5006 μὴ
3056 4935 3207 5006 δοκῇ.
3240 4938 3446 5009 Σπεῖρα
3475 4937 3582 5008 γάρ
3623 4938 3827 5006 ἑστινὴ
3862 4935 3981 5003 ἀγία

2420 5029 2607 5101 Τριάς,
2647 5029 2740 5082 καὶ
2784 5028 3081 5098 σεδάσμιός
3114 5031 3261 5083 ἐστιν
3298 5031 3357 5083 ἐν
3397 5032 3494 5101 μιᾷ
3521 5031 3614 5084 καὶ
3639 5030 3794 5098 ἀϊδίῳ
3838 5028 3976 5100 δόξῃ,

2420 5123 2518 5194 τὴν
2551 5121 2719 5191 αὐτὴν
2751 5122 2842 5175 καὶ
2888 5121 3015 5192 μίαν
3058 5122 3226 5193 μόνην
3263 5122 3489 5193 θεότητα
3524 5121 3801 5193 πανταχοῦ
3836 5139 3980 5193 περι-

2155 5240 2199 5270 ³⁸
2223 5238 2320 5294 Job
2360 5256 2435 5305 ιι,
2475 5240 2529 5294 8.

2495 5353 2604 5423 (59)
2661 5354 2885 5408 Veteres
2933 5354 3134 5424 aliquot
3200 5353 3343 5417 libri,
3389 5355 3711 5421 Πιστότερον
3772 5354 3838 5407 ἃ)
3900 5354 3977 5421 εἴη

2428 5441 2584 5476 πασι.

2497 5495 2607 5563 (60)
2641 5493 2772 5563 Reg.
2809 5502 3036 5563 quartus
3074 5492 3167 5547 τὸν
3194 5493 3322 5545 Υίόν
3350 5494 3581 5565 ἀπιστῇς
3624 5511 3638 5524 ο
3675 5494 3817 5564 quod
3858 5494 3978 5563 quin

2424 5574 2733 5630 corruptum
2762 5565 2853 5624 sit,
2882 5580 2983 5615 non
3020 5565 3222 5617 dubito.

2494 5634 2607 5698 (6|)
2652 5633 2785 5706 Editi
2810 5632 2931 5685 Κᾶν
2962 5632 3354 5706 γάρᾲθέλειςηού
3389 5634 3633 5705 σχίζεται
3656 5650 3669 5664 ο
3710 5633 3820 5706 κᾶν
3839 5634 3978 5706 διαῤ-

2425 5706 2714 5786 ῥήγνυνται
2742 5705 2790 5755 οἱ
2823 5704 3109 5786 αίρετικοὶ,
3146 5705 3220 5786 7οεύ
3278 5704 3665 5786 ᾗαρρήγχυτρι
3697 5707 3733 5775 ἡ
3778 5704 3973 5786 Ἐρίαψ

2426 5774 2517 5825 καὶ
2552 5774 2861 5840 σεϐάσμιος,
2888 5774 3023 5838 ειοη
3048 5775 3249 5830 mutile.
3283 5774 3467 5831 Coiiex‘
3502 5775 3652 5831 Colh.
3679 5774 3734 5829 et
3760 5774 3847 5829 alii
3881 5776 3980 5829 duo

2427 5844 2576 5913 Regii
2612 5853 2669 5897 ut
2697 5843 2747 5898 in
2772 5855 3045 5899 contextu.
