4208 6476
192 461 287 512 τδι

1275 450 1643 506 Αονειιδεδ
1684 449 2048 507 EUNOUIUM
2092 452 2221 505 ΗΒ.
2264 451 2327 505 ν.

3336 452 3442 506 ’162

190 573 454 638 φέρουσα,
505 563 808 633 ἄρρηκτος,
860 576 1150 630 ασχιστος,
1208 560 1542 630 ἀδιαίρετος,
1591 561 1767 614 πάντα

1869 560 2047 624 retici,
2073 576 2179 617 non
2210 569 2427 617 secatur
2445 556 2712 612 Trinitas:
2730 558 2822 610 sed
2845 567 2928 612 est
2950 560 3093 627 quod
3110 567 3213 621 est,
3231 562 3445 614 etiamsi

190 657 497 730 πληροῦσα,
539 657 715 711 πάντα
762 653 1109 723 περιέχουσα,
1161 656 1219 705 ὲν
1264 654 1429 704 πᾶσιν
1472 647 1623 717 οὖσα,
1668 654 1762 724 δη-

193 749 552 821 μιουργοῦσα,
586 744 926 816 κυῦερνῶσα,
962 746 1262 815 ἁγιάζουσα
1290 746 1380 798 καὶ
1406 743 1761 809 Coronam-36a.

187 842 339 911 Αὕτη
387 844 421 914 ἡ
471 842 591 896 θεία
637 838 731 890 καὶ
781 836 1203 909 θαυμασιωτάτη
1239 837 1410 904 πλοκὴ
1444 838 1505 889 οὐ
1544 837 1767 911 διαρρή-

189 950 405 1003 γνυται,
458 932 596 987 κατὰ
644 931 704 983 τὸ
733 931 1148 1003 γεγραμμένον,
1186 932 1267 983 ὅτι
1337 930 1405 981 T6
1440 931 1769 1000 τρίπλοκον

189 1026 489 1094 σπαρτίον
508 1024 579 1076 οὐ
596 1022 1055 1091 διαρραγήσεται
1073 1021 1207 1094 ((52).
1233 1021 1419 1091 Τούτῳ
1436 1021 1516 1091 τῷ
1534 1024 1628 1093 νοή
1638 1041 1768 1093 ματι

190 1093 346 1169 καίὸ
372 1116 638 1187 μακάριος
663 1114 873 1177 Παῦλος
899 1113 1124 1183 γράφων
1155 1133 1257 1167 που
1288 1115 1420 1185 πρὸς
1445 1115 1569 1176 τοὺς
1597 1114 1770 1186 ὀρθῶς

192 1206 547 1273 πιστεύοντας
590 1209 776 1275 ἔλεγεν
802 1224 815 1237 ο
866 1208 925 1259 '11
969 1206 1138 1275 χάρις
1191 1208 1295 1262 τοῦ
1335 1208 1555 1275 Κυρίου
1603 1206 1765 1277 ἡμῶν

206 1299 400 1367 Ἰησοῦ
431 1299 710 1369 Χριστοῦ,
742 1299 836 1352 καὶ
854 1298 891 1365 ἠ
916 1298 1113 1368 ἀγάπη
1139 1300 1243 1354 τοῦ
1272 1300 1438 1363 Θεοῦ,
1472 1299 1570 1351 καὶ
1591 1301 1626 1365 ἠ
1654 1317 1769 1352 κοι-

188 1394 378 1447 νωνία
407 1394 513 1448 τοῦ
554 1392 727 1461 ἁγίου
760 1392 1107 1460 Πνεύματος
1131 1391 1281 1462 μετὰ
1316 1392 1556 1445 πάντων
1581 1390 1767 1460 ὑμῶν.

192 1486 363 1539 Ὅταν
389 1486 497 1554 γὰρ
525 1484 595 1537 τὰ
624 1485 801 1539 πάντα
828 1486 1117 1556 ἐνεργῆται
1146 1486 1254 1556 (65)
1284 1486 1387 1539 ὑπὸ
1404 1486 1497 1540 τοῦ
1520 1485 1655 1540 Θεοῦ
1684 1484 1771 1537 διὰ

201 1575 381 1648 Ἰησοῦ
428 1574 663 1645 Χριστοῦ
701 1578 758 1628 ὲν
800 1573 1098 1645 Πνεύματι,
1145 1573 1448 1644 ἀχώριστον
1498 1576 1607 1648 ὁρῶ
1658 1574 1769 1643 (64)

188 1668 289 1739 τὴν
336 1667 613 1741 ἐνέργειαν
642 1665 737 1720 τοῦ
789 1666 1023 1739 Πατρὸς,
1067 1669 1159 1722 καὶ
1194 1666 1287 1719 τοῦ
1334 1668 1483 1735 Υἱοῦ,
1536 1668 1629 1722 καὶ
1676 1666 1770 1719 τοῦ

190 1760 352 1829 ἁγίου
387 1761 724 1833 Πνεύματος.
761 1760 869 1811 Καὶ
898 1761 984 1815 διὰ
1019 1761 1177 1815 τοῦτο
1212 1762 1327 1814 ναοὶ
1362 1761 1495 1814 Θεοῦ
1523 1764 1616 1815 καὶ
1643 1759 1767 1813 Υἱοῦ

188 1854 287 1908 καὶ
318 1854 629 1926 Πνεύματος
674 1852 827 1920 ἁγίου
878 1856 984 1909 εἰσὶ
1030 1854 1228 1917 πάντες
1272 1857 1321 1907 oi
1365 1856 1530 1924 ἆγιοι,
1582 1856 1639 1907 ἐν
1689 1848 1771 1917 οἷς

1865 652 1987 705 aliis
2023 666 2129 707 non
2176 653 2439 707 videatur.
2473 648 2633 722 Spira
2662 648 2805 702 enim
2838 664 2925 704 est
2964 663 3151 705 sancta
3186 650 3445 717 Trinitas,

1865 756 2027 813 atque
2055 744 2278 799 colenda
2320 754 2402 799 est
2427 745 2479 799 in
2506 759 2609 800 una
2633 754 2689 799 et
2728 753 2929 797 aeterna
2976 743 3163 812 gloria,
3198 743 3444 799 eamdem

1866 846 1921 888 et
1964 850 2124 888 unam
2153 833 2323 887 solam
2364 832 2619 889 deitatem
2666 832 2866 901 ubique
2904 832 3318 901 circumferens,
3357 836 3445 890 in-

1868 928 2075 990 fracta,
2117 924 2460 989 insecabilis,
2516 925 2809 991 individua,
2876 924 3173 993 adimplens
3224 928 3444 993 omnia,

1869 1019 2047 1073 omnia
2069 1018 2371 1085 continens,
2391 1017 2441 1070 in
2466 1019 2712 1074 omnibus
2727 1020 3010 1082 exsistens,
3027 1032 3235 1083 crcans,
3254 1020 3447 1089 guber-

1871 1127 2028 1179 nans,
2051 1110 2423 1174 sauctiﬁcans,
2449 1120 2505 1164 et
2524 1110 2822 1167 viviﬁcans.
2848 1112 3076 1167 Diviuus
3101 1110 3190 1166 ille
3210 1119 3265 1164 et
3282 1111 3449 1164 maxi-

1871 1220 1955 1259 me
1996 1205 2345 1259 admirandus
2375 1217 2543 1257 uesus
2570 1218 2673 1257 non
2707 1204 3171 1275 rumpitur,justa
3212 1204 3263 1257 id
3302 1205 3448 1273 quod

1871 1299 2125 1367 scriptum
2166 1305 2248 1352 est
2281 1311 2297 1348 :
2327 1293 2619 1349 Funiculus
2659 1296 2853 1365 triplex
2883 1312 2983 1350 non
3012 1297 3444 1368 disrumpelttr".

1870 1387 2013 1453 Quin
2056 1398 2111 1443 et
2144 1390 2335 1444 beatus
2368 1387 2564 1442 Paulus
2595 1402 2716 1443 cum
2754 1387 2805 1440 in
2848 1386 2988 1442 hanc
3026 1391 3350 1445 sententiam
3379 1387 3448 1444 ad

1870 1494 1965 1533 eos
1986 1479 2077 1547 qui
2107 1490 2254 1534 recte
2278 1480 2594 1545 credebant,
2623 1478 2911 1542 scriberet,
2939 1479 3106 1533 dicit:
3138 1479 3323 1537 Gratia
3349 1484 3450 1537 Do-

1870 1570 1995 1623 mini
2028 1570 2194 1623 nostri
2217 1570 2345 1624 Jesu
2375 1570 2595 1636 Christi,
2632 1581 2679 1624 et
2712 1570 2943 1624 charitas
2970 1569 3089 1634 Dei,
3131 1580 3179 1623 et
3216 1587 3446 1628 commu-

1871 1664 2066 1716 nicatio
2105 1664 2275 1716 sancti
2308 1663 2539 1731 Spiritus
2588 1678 2703 1715 cum
2752 1662 2992 1716 omnibus
3026 1665 3165 1716 vobis
3197 1663 3261 1717 ³⁷.
3310 1664 3444 1719 Cum

1870 1756 2013 1809 enim
2048 1754 2179 1807 [iant
2218 1755 2397 1807 omnia
2453 1770 2482 1807 a
2530 1755 2641 1808 Deo
2692 1768 2787 1822 per
2828 1755 3013 1809 Jesum
3066 1754 3341 1808 Christum
3389 1755 3441 1809 iu

1874 1846 2101 1915 Spiritu,
2128 1845 2544 1915 inseparabilem
2575 1846 2729 1899 video
2760 1845 2930 1899 l‘atris
2962 1857 3012 1900 et
3043 1844 3163 1898 Filii
3198 1855 3251 1899 et
3275 1850 3443 1902 sancti

187 1947 393 2017 οἱκεῖή
431 1948 528 2016 μία
578 1946 785 2014 θεότῃς,
820 1949 912 2001 καὶ
951 1947 1049 2017 μία
1091 1948 1364 2017 κυριότης,
1409 1949 1501 2000 καὶ
1546 1949 1766 2017 ἁγιότης

1879 1938 2113 2007 Spiritus
2138 1937 2528 2007 operationem.
2578 1937 2644 1989 Et
2688 1947 2970 2005 propterea
3022 1937 3221 2008 templa
3266 1939 3359 1993 Dei
3392 1949 3449 1994 et

192 2039 294 2109 μία
326 2038 535 2107 Πατρὸς
582 2038 676 2089 καὶ
712 2037 840 2090 Υἱοῦ
872 2039 965 2091 καὶ
1001 2036 1156 2103 ἁγίου
1181 2038 1516 2108 Πνεύματος,
1550 2039 1639 2093 διὰ
1680 2039 1770 2091 τὸν

187 2131 286 2183 ἕνα
317 2129 411 2183 τοῦ
446 2129 822 2199 βαπτίσματος
854 2132 1148 2199 ἁγιασμόν.

188 2394 349 2465 Πρὸς
383 2392 908 2469 _toitc_.1é7josr_tac,
965 2389 997 2443 ὅ
1028 2408 1052 2441 νι
1112 2387 1408 2469 ετοίζδὶάκις
1440 2390 1773 2469 ’γέγραπται

263 2460 397 2533 περὶ
437 2463 569 2517 Υλοῦ
599 2460 695 2517 καὶ
721 2462 971 2533 Πατοικς,
1021 2462 1150 2527 περὶ
1175 2460 1241 2512 δὲ
1286 2460 1392 2513 τοῦ
1430 2463 1771 2531 Πνεύματος

262 2532 434 2599 ἐντῷ
456 2535 830 2603 βαπτίσματι
856 2532 1067 2599 μόνον.

265 2630 317 2684 1.
364 2626 491 2679 Ἐὰν
544 2626 600 2679 δὲ
652 2624 783 2695 λέγῃ
821 2626 848 2676 6
898 2624 1123 2693 Πατὴρ,
1169 2622 1263 2674 Ἐν
1312 2621 1440 2688 ταῖς
1490 2621 1775 2690 ἐσχάταις

192 2719 443 2789 ἡμέραις
459 2716 647 2787 ἐκχεῶ
667 2716 784 2770 ἀπὸ
810 2714 916 2771 τοῦ
939 2715 1282 2784 Πνεύμιιτός
1302 2731 1420 2783 μου
1445 2713 1542 2766 ἐπὶ
1572 2711 1777 2767 πᾶσαν

190 2812 411 2881 σάρκα,
450 2812 503 2865 τί
550 2810 791 2881 εἴπωμεν
842 2812 971 2881 περὶ
1021 2808 1113 2861 τοῦ
1154 2807 1315 2871 Υἰοῦ;
1364 2806 1437 2858 Οὐ
1468 2806 1773 2875 γέγραπται

192 2905 305 2973 γὰρ
341 2904 587 2957 ἐνταῦθα.
618 2902 743 2955 Ἐὰν
767 2902 823 2955 δὲ
848 2902 977 2971 λέγῃ
1011 2901 1039 2951 6
1072 2902 1355 2969 προφήτης
1379 2913 1391 2925 ’
1441 2896 1594 2949 Ἐκεῖ
1624 2914 1771 2951 συν-

192 2994 471 3059 ήντησαν
516 2993 747 3061 ἔλαφοι,
814 2991 912 3043 καὶ
957 2988 1121 3043 εἶδον
1160 2988 1231 3041 τὰ
1264 2989 1552 3056 πρόσωπα
1585 2990 1773 3056 άλλη-

192 3088 348 3139 ,ιωνο
379 3082 597 3153 ἁριθμῷ
621 3082 955 3152 παρῆλθον,
996 3082 1094 3136 καί
1124 3082 1232 3152 μία
1261 3080 1459 3136 αὐτῶν
1504 3085 1618 3152 οὺχ
1662 3086 1775 3136 ὺπ-

193 3176 463 3245 ελείφθη,
513 3174 660 3229 διότι
691 3176 907 3242 Κύριος
932 3174 1265 3229 ἐνετείλατο
1306 3173 1534 3240 αὐταῖς,
1580 3174 1677 3226 καὶ
1710 3172 1774 3225 τὸ

1879 2030 2002 2083 Filii
2028 2042 2083 2087 et
2107 2031 2278 2085 sancti
2307 2028 2539 2099 Spiritus
2575 2040 2699 2083 sunt
2724 2044 2911 2083 omnes
2938 2033 3130 2093 sancti,
3158 2031 3209 2085 in
3247 2032 3449 2101 quibus

1880 2120 2145 2175 inhabitat
2192 2136 2294 2174 una
2349 2121 2541 2184 deitas,
2592 2130 2648 2173 et
2695 2136 2798 2173 una
2844 2120 3161 2185 dominatio,
3212 2130 3268 2175 et
3332 2136 3443 2176 una

1880 2214 2141 2267 sanctitas
2182 2213 2360 2267 Patris
2386 2224 2441 2268 et
2469 2214 2590 2269 Filii
2623 2222 2679 2267 et
2721 2213 2955 2281 Spiritus
2986 2214 3195 2281 sancti,
3224 2222 3445 2285 propter

1880 2324 2041 2362 uuam
2072 2310 2407 2378 baptismatis
2437 2308 2942 2364 sanctiﬁcationem.

1878 2400 2141 2454 Adversus
2182 2417 2266 2453 eos
2305 2399 2395 2470 qui
2451 2400 2631 2470 dicunt
2672 2401 2925 2465 scriptum
2969 2415 3079 2453 esse
3112 2400 3177 2452 de
3222 2396 3361 2470 Filio
3401 2408 3451 2452 et

1953 2471 2116 2525 Patre
2160 2469 2323 2539 sa’pe,
2356 2471 2421 2525 de
2448 2469 2654 2540 Spiritu
2694 2485 2814 2523 vero
2855 2470 2910 2522 in
2952 2470 3265 2538 baptismate
3312 2469 3451 2524 dun-

1952 2553 2117 2597 taxat.

1954 2634 2005 2685 1.
2041 2631 2189 2697 Quod
2231 2632 2272 2683 si
2315 2629 2477 2684 Pater
2514 2630 2690 2684 dixit:
2731 2630 2794 2683 In
2831 2631 3029 2684 ultimis
3062 2630 3245 2683 diebus
3278 2632 3450 2698 (frusto

1882 2724 2003 2774 dam
2044 2722 2105 2773 de
2151 2719 2353 2787 Spiritu
2387 2736 2500 2774 meo
2550 2736 2706 2787 super
2738 2736 2937 2774 omnem
2986 2736 3199 2773 carnem
3230 2720 3293 2783 ³⁸,
3323 2721 3457 2789 quid

1883 2814 1949 2868 de
1988 2812 2121 2866 Filio
2156 2828 2337 2866 sumus
2384 2813 2617 2867 dicturi?
2649 2813 2746 2868 llic
2792 2813 2936 2867 enim
2984 2812 3051 2867 de
3081 2827 3147 2868 eo
3190 2812 3451 2882 scriptum

1883 2921 1986 2959 non
2016 2914 2120 2959 est.
2164 2902 2221 2959 Si
2268 2918 2397 2960 vero
2446 2906 2706 2975 propheta
2756 2906 2916 2959 dicit:
2969 2904 3052 2958 Ibi
3102 2916 3453 2958 convenerunt

1882 3014 2062 3060 cerva,
2096 3006 2143 3050 et
2178 2997 2414 3050 viderunt
2436 2998 2598 3066 facies
2625 2998 2792 3049 altera
2822 2996 3042 3049 alterius
3074 3012 3093 3050 .'
3127 2998 3459 3052 transierunt

1884 3106 2119 3158 numero,
2149 3100 2197 3142 et
2230 3106 2337 3143 una
2366 3106 2549 3144 earum
2579 3089 2764 3143 relicta
2796 3104 2897 3142 non
2936 3098 3033 3155 est,
3064 3090 3313 3158 quoniam
3346 3087 3455 3142 Do-

1882 3184 2055 3238 minus
2096 3182 2337 3254 prwcepit
2382 3182 2525 3252 ipsis,
2581 3193 2626 3237 et
2679 3181 2912 3247 Spiritus
2956 3182 3069 3249 ejus
3122 3190 3453 3250 congregavit

194 3268 439 3338 Πνεῦμα
464 3267 647 3322 αὐτοῦ
672 3267 1012 3336 σιινήγτιγεν
1037 3265 1223 3331 αὑτάς
1257 3265 1391 3336 (65)ο
1428 3264 1528 3317 ποῦ
1557 3268 1585 3317 6
1608 3267 1732 3328 Υἱός
1760 3282 1772 3327 ;

1881 3296 1967 3333 ens
1998 3279 2076 3343 ”;
2109 3278 2195 3331 ubi
2228 3276 2433 3330 Filius?
2472 3276 2528 3330 Si
2569 3276 2752 3328 itidem
2798 3273 2963 3343 318
2994 3273 3125 3326 dicit
3160 3290 3174 3324 :
3224 3273 3453 3339 Spiritus

209 3361 333 3413 Ἐὰν
355 3360 412 3412 δὲ
436 3359 569 3429 λέγῃ
590 3376 603 3387 °
640 3358 879 3427 Πνεῦμα
907 3358 1043 3425 παρ’
1065 3356 1209 3425 ἐμοῦ
1237 3357 1638 3420 ἐξελεύσεται.
1680 3357 1775 3409 καὶ

1881 3370 2036 3421 exibit
2068 3385 2098 3419 α
2133 3384 2241 3429 me,
2273 3378 2318 3418 et
2344 3368 2529 3432 flatum
2564 3381 2764 3417 omnem
2797 3380 2887 3433 ego
2915 3365 3013 3431 feci
3031 3361 3077 3393 ⁸⁸
3102 3381 3116 3428 ;
3137 3363 3225 3417 ubi
3256 3362 3457 3417 Filius?

194 3449 397 3517 ,πνοὴν
438 3447 643 3502 πᾶσαν
673 3447 785 3519 ἐγὼ
818 3448 1107 3515 ὲποίησα’
1160 3446 1261 3500 ποῦ
1302 3447 1330 3499 6
1366 3447 1526 3511 Υἱός;
1570 3447 1690 3501 Ἐὰν
1722 3448 1777 3500 δὲ

196 3548 329 3615 λέγῃ
364 3546 391 3597 δ
420 3544 613 3597 Δαδιδ·
658 3542 767 3597 Kal
823 3543 889 3597 τὸ
928 3544 1169 3613 Πνεῦμά
1218 3561 1333 3598 σου
1382 3544 1447 3597 τὸ
1480 3543 1646 3614 ἄγων
1693 3545 1776 3614 μὴ

196 3633 535 3702 ἀντανέλῃς
584 3635 686 3687 ἀπ’
742 3634 924 3703 ἐμοῦ’
977 3635 1079 3686 ποῦ
1114 3637 1141 3685 6
1187 3634 1347 3698 Υἱὸς;
1398 3633 1521 3686 Ἐὰν
1568 3633 1699 3707 λέγῃ
1751 3635 1779 3687 6

196 3726 393 3790 αὑτός·
427 3724 691 3792 Καρδίαν
740 3726 1002 3794 καθαρὰν
1044 3726 1255 3778 κτίσον
1286 3725 1355 3777 ἐν
1396 3724 1522 3793 ἐμοὶ
1557 3728 1589 3777 ὀ
1616 3725 1775 3792 Θεὸς,

198 3820 299 3875 καὶ
338 3817 577 3888 Πνεῦμα
621 3819 794 3883 εὑθὲς
837 3817 1185 3887 ἐγκαίνισον
1228 3817 1296 3868 ἐν
1340 3815 1463 3881 τοῖς
1512 3815 1780 3885 ὲγκάτοις

200 3931 316 3983 μου
337 3930 349 3941 ·
384 3912 484 3965 ποῦ
525 3915 552 3966 ὁ
577 3912 739 3975 Υἱός;
783 3911 907 3964 Ἐὰν
934 3910 989 3962 δὲ
1026 3909 1157 3982 λέγῃ
1186 3912 1213 3962 6
1239 3909 1400 3972 αὐτὸς
1431 3908 1591 3961 πάλιν
1619 3925 1631 3937 ·
1671 3908 1779 3961 Καὶ

198 4006 269 4059 τὸ
302 4002 540 4065 Πνεῦιιά
578 4020 691 4057 σου
745 4004 811 4057 τὸ
862 4003 1088 4072 ἀγαθὸν
1134 4001 1417 4070 ὁδηγήσει
1464 4020 1541 4071 με
1588 4002 1656 4055 ἐν
1705 3999 1779 4071 γῇ

200 4095 443 4159 εὐθείςν
488 4092 588 4145 ποῦ
624 4093 651 4144 6
683 4092 844 4156 Υἱόςς
892 4094 1015 4145 Ἐὰν
1060 4094 1115 4146 δὲ
1168 4093 1298 4161 λέγῃ
1350 4095 1377 4146 6
1423 4094 1620 4157 αὐτός’
1670 4095 1777 4148 Kal

204 4186 500 4255 Πνεύματι
542 4180 869 4253 ἡγεμονικῷ
920 4182 1207 4250 στήριξόν
1250 4201 1351 4252 με·
1401 4184 1501 4237 ποῦ
1552 4186 1579 4236 ὁ
1614 4186 1777 4252 Υἱός;

218 4275 343 4328 Ἐὰν
393 4275 448 4327 δὲ
497 4274 627 4345 λέγῃ
672 4276 700 4327 6
738 4273 897 4327 ἰώὸο
933 4274 1174 4342 Πνεῦμα
1214 4274 1374 4327 θεῖον
1403 4275 1468 4327 τὸ
1518 4276 1783 4343 ποιῆσαν

203 4383 278 4436 με
297 4383 311 4398 ⁸
345 4365 445 4417 ποῦ
474 4369 501 4419 6
534 4366 691 4430 Υἱός;
732 4365 857 4417 Ἐὰν
883 4365 939 4417 δὲ
973 4364 1103 4435 λέγῃ
1137 4367 1163 4417 6
1186 4364 1347 4428 αὐτὸς
1377 4363 1516 4417 Ἰώδα
1543 4365 1783 4433 Πνεῦμά

204 4461 377 4513 ἐστιν
408 4457 475 4510 ἐν
499 4456 758 4525 βροτοῖς,
790 4455 944 4523 πνοὴ
985 4456 1052 4509 δὲ
1095 4456 1571 4524 παντοκράτορος
1616 4458 1783 4510 ἐστιν

206 4554 246 4617 ἡ
274 4548 648 4602 διδάσκουσά
673 4565 750 4617 με
770 4567 782 4578 ο
821 4547 923 4600 ποῦ
956 4549 983 4599 6
1016 4547 1182 4611 Υἰὸς;
1228 4549 1350 4601 Ἐὰν
1385 4550 1440 4601 δὲ
1476 4550 1603 4621 λέγῃ
1630 4554 1657 4603 6
1680 4554 1781 4603 Δα-

1883 3461 1937 3514 Si
1972 3475 2099 3513 vero
2140 3458 2302 3511 David
2335 3457 2465 3511 dicit
2497 3473 2509 3507 :
2552 3457 2614 3509 Et
2642 3455 2899 3520 Spiritum
2950 3464 3097 3509 tuum
3128 3467 3361 3509 sanctum
3394 3472 3455 3509 ne

1880 3550 2091 3620 auferas
2124 3568 2155 3603 a
2191 3566 2269 3603 me
2297 3549 2377 3612 “;
2408 3551 2494 3602 ubi
2534 3548 2742 3601 Filius?
2769 3547 2897 3600 Item
2928 3548 2971 3601 si
3004 3548 3090 3600 ille
3130 3547 3243 3616 ipse
3274 3548 3405 3600 dicit
3438 3564 3450 3599 :

1882 3639 1985 3696 Cor
2016 3642 2266 3694 mundum
2310 3655 2427 3692 crea
2464 3640 2517 3691 in
2554 3654 2651 3702 me,
2686 3636 2821 3690 Deus
2848 3676 2861 3699 ,
2894 3649 2939 3691 et
2972 3636 3227 3704 Spiritum
3262 3647 3455 3689 rectum

1881 3736 2066 3789 iunova
2117 3735 2171 3787 in
2221 3733 2495 3786 visceribus
2547 3731 2672 3783 meis
2701 3732 2793 3794 ";
2842 3730 2931 3783 ubi
2987 3728 3155 3783 Filius
3194 3728 3455 3781 iﬂursus

1882 3826 1926 3879 si
1971 3827 2108 3879 idem
2152 3824 2337 3877 dicat:
2375 3821 2443 3874 Et
2478 3819 2705 3887 Spiritus
2753 3830 2871 3873 tuus
2920 3828 3079 3872 bonus
3112 3818 3331 3871 deducet
3375 3834 3456 3870 me

1881 3916 1935 3969 in
1966 3927 2102 3970 terra
2135 3928 2268 3968 recta
2299 3913 2378 3977 “;
2410 3913 2496 3966 ubi
2531 3910 2733 3965 Filius?
2762 3910 2815 3965 Si
2860 3911 2998 3965 idem
3030 3910 3159 3963 dicit
3188 3928 3201 3962 :
3240 3907 3306 3961 Et
3331 3909 3456 3977 Spi-

1881 4011 1981 4062 ritu
2034 4009 2313 4078 principali
2363 4007 2614 4073 confirma
2662 4020 2741 4057 me
2768 4003 2849 4069 “;
2904 4004 2993 4057 ubi
3038 4000 3207 4055 Filius
3239 4000 3262 4054 ἳ
3300 4000 3455 4067 Quod

1881 4103 1923 4157 si
1959 4101 2057 4156 Job
2089 4102 2257 4155 dicit:
2303 4099 2535 4166 Spiritus
2578 4097 2789 4149 divinus
2833 4097 2922 4165 qui
2971 4110 3050 4147 me
3095 4094 3215 4163 fecit
3246 4093 3321 4159 ⁸⁸,
3364 4092 3454 4147 ubi

1883 4194 2048 4247 Filius
2082 4194 2103 4245 ?
2138 4191 2197 4246 Si
2247 4206 2432 4245 rursus
2476 4190 2613 4243 idem
2660 4187 2761 4242 Job
2803 4186 2969 4241 dicit:
3002 4185 3234 4253 Spiritus
3282 4195 3357 4237 est
3392 4185 3452 4237 in

1883 4287 2201 4351 hominibus,
2248 4287 2406 4356 flatus
2458 4294 2631 4337 autem
2673 4282 3055 4349 Omnipotentis
3108 4290 3181 4333 est
3235 4280 3324 4349 qui
3373 4295 3454 4333 me

1884 4382 2031 4433 docet
2061 4378 2137 4445 “;
2187 4379 2273 4431 ubi
2305 4377 2510 4431 Filius?
2544 4377 2694 4441 Quod
2725 4374 2767 4426 si
2807 4373 2973 4427 David
3011 4372 3140 4425 dicit
3171 4390 3183 4426 :
3222 4371 3448 4427 Emittes

1884 4472 2137 4541 Spiritum
2172 4482 2361 4531 tuum,
2392 4480 2439 4520 et
2484 4468 2798 4519 creabantur
2820 4504 2833 4529 ,
2870 4476 2917 4516 et
2950 4462 3217 4516 renovabis
3261 4462 3453 4531 facient

1884 4575 2034 4616 teme
2058 4562 2099 4591 δτ
2129 4578 2143 4625 ;
2182 4558 2271 4612 ubi
2302 4558 2511 4613 Filius?
2538 4558 2666 4611 Item
2697 4557 2741 4610 si
2776 4556 2903 4610 dicit
2935 4573 2947 4609 :
2990 4554 3105 4619 Quo
3140 4556 3223 4607 ibo
3260 4571 3291 4606 a
3325 4552 3448 4622 Spi-

209 4640 296 4694 6ίό
318 4656 332 4671 ·
377 4640 835 4706 Ἐξαποστελεῖς
866 4639 931 4693 τὸ
955 4639 1195 4710 Πνεῦμα
1222 4656 1357 4703 σου,
1400 4642 1497 4694 καὶ
1538 4642 1751 4710 κτισθή

1892 4656 1993 4705 ritu
2029 4664 2138 4717 tuo,
2176 4662 2222 4704 et
2268 4666 2369 4720 quo
2402 4668 2431 4702 α
2476 4650 2610 4718 facie
2642 4657 2731 4701 tua
2776 4648 2977 4716 fugiam
3010 4646 3091 4699 ιιι
3124 4645 3214 4699 ubi
3249 4644 3456 4700 Filius?

208 4750 440 4795 σονται,
482 4732 577 4785 καὶ
622 4731 984 4799 ἁνακαινιεῒς
1014 4734 1079 4785 τὸ
1113 4733 1437 4800 πρόσωπον
1482 4732 1591 4799 τῆς
1632 4732 1780 4800 γῆς’

211 4823 315 4879 ποῦ
346 4827 373 4877 6
402 4824 560 4887 Υἱός;
602 4822 725 4875 Ἐὰν
766 4822 821 4875 δὲ
863 4824 997 4895 λέγῃ
1019 4839 1033 4853 ·
1069 4822 1192 4875 Ποῦ
1236 4820 1501 4889 πορευθῶ
1526 4821 1641 4875 ἀπὸ
1677 4820 1781 4874 τοῦ

212 4917 552 4987 Πνεύματός
577 4931 714 4979 σου,
755 4916 851 4969 καὶ
872 4915 987 4969 ἀπὸ
1016 4914 1120 4967 τοῦ
1157 4913 1479 4982 προσώπου
1521 4931 1637 4968 σου
1666 4915 1783 4969 ποῦ

214 5010 381 5077 φύγω
398 5024 415 5071 ;
450 5006 551 5060 ποῦ
581 5010 609 5061 6
635 5008 762 5069 Υἱός
787 5024 800 5071 ;
844 5006 968 5059 Ἐὰν
997 5006 1051 5058 δέ
1077 5006 1209 5076 λέγῃ
1227 5022 1240 5035 ·
1278 5005 1422 5059 Οὐαί
1442 5005 1621 5058 τέκνα
1642 5006 1785 5060 ἀπο-

214 5099 446 5161 στάται,
486 5098 623 5153 τάδε
667 5099 831 5167 λέγει
875 5098 1125 5165 Κύριος·
1171 5097 1515 5161 Ἑποιήσατε
1548 5098 1791 5165 βουλὴν

217 5193 290 5244 οὐ
321 5190 393 5243 δι’
420 5190 585 5258 ἐμοῦ,
616 5190 715 5244 καὶ
741 5189 1055 5256 συνθήκας
1088 5192 1159 5243 οὐ
1189 5188 1287 5243 διὰ
1314 5190 1419 5243 τοῦ
1454 5192 1791 5259 Πνεύματός

213 5299 333 5351 μου
353 5299 367 5313 ·
405 5281 507 5334 ποῦ
532 5282 561 5333 6
586 5281 711 5345 Υἱός
739 5298 753 5345 ;
803 5280 929 5334 Ἐὰν
968 5281 1025 5333 δὲ
1056 5280 1189 5353 λέγῃ
1213 5299 1225 5311 ο
1272 5281 1381 5335 Καὶ
1414 5280 1793 5345 ἐξελεύσεται

214 5373 435 5442 ῥάϐδος
476 5375 545 5428 ὲκ
583 5373 691 5443 τῆς
727 5373 892 5442 ῥίζης
934 5374 1177 5439 Ἰεσσαὶ,
1218 5374 1313 5427 καὶ
1353 5372 1531 5439 ἄνθος
1576 5375 1643 5427 ἐκ
1684 5373 1795 5441 τῆς

294 5492 341 5523 ³⁸
379 5491 553 5547 Eccle.
580 5508 655 5555 tv,
689 5490 770 5544 12.
845 5490 889 5522 ⁸⁷
929 5490 1115 5546 llCor.
1155 5508 1286 5556 xm,
1322 5493 1407 5546 15.
1485 5492 1528 5521 ³⁸
1566 5490 1679 5543 Joel
1722 5506 1782 5555 ιι,
1806 5492 1893 5548 28.

1888 4744 2039 4811 Quod
2068 4744 2111 4796 si
2146 4743 2314 4797 dicit:
2363 4740 2451 4796 Vte
2495 4741 2591 4807 filii
2628 4746 2931 4803 desertores,
2962 4738 3072 4791 hac
3105 4738 3230 4790 dicit
3268 4735 3454 4789 Domi-

1889 4851 1985 4887 nus
2011 4850 2028 4885 :
2061 4831 2278 4887 Fecistis
2315 4830 2584 4883 consilium
2613 4845 2715 4881 non
2744 4844 2835 4895 per
2865 4843 2966 4889 me,
2998 4838 3044 4880 et
3066 4826 3327 4895 pactiones
3353 4841 3455 4879 non

1888 4943 1979 4995 per
2010 4922 2262 4994 Spiritum
2294 4938 2463 4975 meum
2497 4921 2576 4982 ";
2618 4919 2703 4972 ubi
2735 4918 2943 4973 Filius?
2970 4917 3177 4973 Rursus
3202 4918 3248 4972 si
3285 4916 3451 4970 dicit:

1889 5018 1955 5070 Et
1989 5018 2281 5087 egredietur
2305 5016 2449 5083 virga
2481 5015 2541 5066 de
2575 5013 2749 5066 radice
2774 5011 2939 5077 Jesse,
2982 5022 3029 5065 et
3058 5013 3155 5079 ﬂos
3180 5009 3244 5062 de
3276 5009 3453 5062 radice

1888 5113 2151 5173 ascendet,
2178 5118 2225 5161 et
2264 5108 2537 5175 requiescet
2570 5123 2725 5175 super
2760 5120 2876 5159 eum
2914 5103 3147 5172 Spiritus
3181 5102 3454 5170 sapientite

1888 5212 1932 5253 et
1963 5200 2278 5262 intellectus,
2313 5195 2539 5264 Spiritus
2569 5196 2775 5250 consilii
2809 5205 2855 5247 et
2887 5193 3236 5261 fortitudinis,
3284 5190 3459 5258 Spiri-

1890 5302 1971 5343 tus
2001 5288 2309 5359 cognitionis
2346 5298 2392 5341 et
2444 5288 2675 5354 pietatis,
2714 5296 2761 5339 et
2792 5286 2998 5352 replebit
3028 5285 3193 5352 ipsum
3225 5282 3457 5351 Spiritus

1891 5382 2092 5434 timoris
2120 5380 2214 5433 Dei
2238 5378 2285 5410 5°
2311 5398 2323 5433 :
2359 5378 2625 5447 quomodo
2652 5377 2913 5446 separabo
2954 5374 3255 5446 Spiritum?
3282 5373 3337 5428 Si
3372 5374 3459 5427 iti-

2000 5498 2043 5528 ³⁹
2070 5513 2165 5551 isa.
2195 5493 2491 5557 xxxrv,l5,
2518 5494 2603 5546 16.
2681 5493 2727 5524 ⁸⁸
2756 5492 2855 5546 lsa.
2880 5508 3008 5554 Lvu,
3052 5490 3137 5545 16.
3234 5490 3273 5520 ⁵³
3314 5487 3456 5541 Psal.

226 5563 389 5625 1.,15.
464 5562 509 5593 ⁸⁸
536 5563 665 5616 ibid.
717 5562 802 5615 12.
881 5562 925 5593 ⁸³
948 5561 1088 5615 Psal.
1113 5576 1273 5623 csLtt,
1317 5564 1403 5616 11).
1470 5562 1516 5591 ⁸³
1544 5562 1684 5615 Psal.
1719 5578 1768 5625 ι,

1868 5567 1905 5618 ι.
1983 5568 2029 5599 ⁸⁸
2068 5567 2167 5621 Job
2192 5582 2383 5629 xxxiii,
2429 5565 2481 5619 4.
2543 5564 2590 5595 “
2614 5562 2714 5619 Job
2756 5580 2925 5627 xxxu,
2964 5563 3015 5616 8.
3090 5562 3133 5593 "
3160 5559 3303 5614 Psal.
3338 5572 3458 5622 cut,

226 5630 315 5686 30.
389 5631 435 5665 ⁸³
474 5632 611 5687 Psal.
659 5646 919 5695 cuum,
958 5632 1010 5686 7.
1086 5631 1129 5662 “
1170 5633 1273 5685 lsa.
1325 5648 1464 5697 xxx,
1516 5633 1563 5685 1.
1643 5632 1687 5662 ⁵ο
1728 5633 1832 5687 lsa.
1869 5652 1945 5702 xi,
1980 5638 2094 5691 1-5,

298 5722 409 5791 (62)
437 5724 660 5779 Codices
687 5721 922 5794 nonnulli
943 5723 1042 5775 οὐκ
1069 5722 1535 5794 ἀτεορῤαγήσεται.

301 5794 413 5859 (65)
443 5794 581 5847 Editi
614 5793 932 5863 ἐνεργεῖται.
966 5794 1032 5863 ﬁt
1063 5792 1210 5846 multi
1244 5809 1371 5863 mss.
1401 5792 1709 5863 ὲνεργῆται.

236 5863 416 5988 ⁸1164)
445 5864 576 5935 Reg.
624 5860 845 5935 quartus
886 5860 1184 5933 ἀχώριστον
1211 5862 1319 5933 ἐρῶ
1340 5904 1355 5931 ,
1384 5860 1786 5933 inseparabilem

274 5952 427 5990 tcum.

1966 5728 2077 5797 (65)
2116 5728 2250 5781 Editi
2282 5735 2534 5797 et_nostrt
2566 5739 2693 5778 mss.
2746 5720 3281 5797 auvﬂydysy__a626c,
3336 5736 3462 5771 con-

1892 5791 2121 5875 greginait
2173 5814 2278 5849 eas.
2342 5795 2563 5875 Legitur
2619 5810 2744 5849 vero
2777 5791 2914 5863 apud
2958 5792 3095 5847 LXX
3158 5791 3461 5863 συνήγαγεν

1896 5869 2057 5935 αὐτὰ,
2088 5869 2417 5939 congregavit
2452 5882 2532 5918 ca.
