4208 6474
805 418 908 473 767

2107 419 2165 471 S.
2208 419 2293 472 BA
2303 417 2454 472 SlLll
2496 415 2709 473 MAGNI
3951 417 4041 468 768

809 543 855 585 et
888 532 941 583 in
988 529 1189 597 Spiritu
1229 530 1321 584 Dei
1365 535 1529 587 nostri
1560 535 1627 587 ⁸⁸.
1664 534 1728 588 Et
1771 549 1955 588 rursus
2002 550 2015 585 :
2059 533 2184 586 Non
2231 535 2367 586 enim
2398 538 2445 593 Α

2398 532 2656 600 Αύμῶν.
2710 532 2821 583 Καὶ
2873 530 3061 583 πάλιν
3127 531 3208 582 Ui)
3260 529 3369 599 γὰρ
3409 531 3691 599 τολμήσω
3748 548 3803 583 τι
3856 531 4044 600 λέγειν

809 622 1009 675 audebo
1044 623 1325 691 quidquam
1356 624 1496 692 loqui
1524 641 1725 689 eorum,
1750 642 1868 696 qua:
1890 641 1989 677 non
2020 625 2186 693 effecit
2220 623 2371 678 Chri-

809 724 921 766 stus
945 729 1033 781 per
1064 729 1145 766 me
1176 714 1326 767 uerbo
1367 724 1413 767 et
1449 714 1610 783 farto,
1649 716 1704 769 in
1737 717 2077 769 obedientiam
2107 716 2369 784 gentium,

808 804 863 856 in
907 806 1139 871 potentia
1187 806 1457 873 signorum
1497 824 1558 859 ac
1604 808 1985 876 prodigiorum,
2042 808 2095 859 in
2142 808 2371 872 potentia

809 890 1039 959 Spiritus
1071 895 1323 949 sancti”.
1356 894 1421 949 Et
1458 896 1510 949 in
1564 898 1829 965 principio
1856 898 2213 967 Epistolarum
2244 913 2369 953 san-

807 996 927 1037 eius
950 984 1146 1037 Paulus
1174 986 1417 1038 meminit
1441 985 1615 1041 Patris
1629 1000 1681 1042 et
1705 988 1823 1041 Filii
1842 1001 1895 1042 et
1919 989 2151 1058 Spiritus
2176 990 2368 1055 sancti,

806 1076 885 1129 sic
930 1076 1175 1130 scribens
1218 1095 1230 1129 :
1291 1075 1489 1131 Paulus
1532 1096 1705 1133 servus
1746 1079 1873 1133 Jesu
1924 1081 2119 1135 Christi
2164 1093 2369 1136 vocatus

807 1168 1095 1237 apostolus,
1125 1178 1422 1241 segregatus
1444 1170 1498 1222 in
1527 1170 1870 1241 Evangeliutn
1904 1171 2017 1237 Dei,
2049 1176 2185 1238 quod
2213 1185 2370 1225 antea

804 1264 1115 1327 promiserat
1148 1277 1237 1327 per
1275 1264 1551 1329 praphetas
1591 1280 1711 1317 suos
1746 1266 1797 1317 in
1843 1264 2130 1329 Scripturis
2176 1268 2369 1320 sanctis

807 1352 871 1404 de
898 1350 1046 1405 Filio
1092 1368 1210 1418 suo,
1240 1353 1327 1422 qui
1360 1358 1532 1419 tactus
1567 1366 1638 1407 est
1668 1372 1732 1408 ex
1755 1358 1948 1411 semine
1987 1357 2154 1410 David
2190 1375 2371 1412 secun-

807 1445 933 1495 dum
964 1459 1216 1496 carnem:
1261 1446 1348 1514 qui
1379 1447 1691 1499 constitutus
1721 1460 1796 1502 est
1836 1448 2007 1502 Filius
2048 1451 2141 1502 Dei
2187 1452 2239 1503 in
2279 1468 2372 1517 po-

809 1536 969 1588 tentia
1003 1536 1287 1589 secundum
1320 1536 1577 1605 Spiritum
1600 1541 2035 1608 sanctiﬁcationis
2063 1543 2128 1596 ⁸³.
2160 1542 2225 1595 Et
2255 1560 2371 1597 rur-

806 1641 938 1680 sus:
984 1624 1168 1680 Gratia
1196 1628 1410 1683 Domini
1441 1633 1606 1683 nostri
1652 1630 1779 1683 Jesu
1824 1632 2019 1687 Christi
2052 1646 2098 1688 et
2144 1638 2371 1689 clmritas

806 1716 927 1783 Dei,
958 1728 1007 1771 et
1037 1722 1436 1773 communicatio
1472 1722 1643 1773 sancti
1673 1722 1901 1786 Spiritus
1931 1726 1999 1779 ⁸⁸.
2031 1724 2094 1778 Et
2131 1726 2322 1778 iterum
2355 1743 2369 1780 :

808 1808 1104 1863 Divisiones
1130 1819 1302 1863 autem
1326 1814 1580 1863 donorum
1606 1824 1746 1876 sunt,
1781 1814 1918 1865 idem
1944 1831 2060 1866 vero
2099 1815 2326 1879 Spiritus
2350 1831 2368 1868 :

2474 620 2585 687 (79)
2623 613 2710 673 ὧν
2746 620 2857 672 οὐκ
2888 617 3291 687 ἀπειργάσατο
3319 618 3571 685 Χριστὸς
3608 617 3685 671 δι’
3716 618 3867 687 ἐμοῦ
3895 622 4045 687 ,λόγῳ

2473 713 2568 765 καὶ
2613 712 2780 781 ἔργῳ,
2827 713 2912 777 είς
2945 710 3223 779 ὑπακοὴν
3273 708 3481 773 ἐθνῶν,
3529 710 3599 762 ἐν
3644 710 3900 780 δυνάμει
3945 729 4045 777 ση-

2467 804 2650 873 μείων
2675 804 2771 856 zeal
2799 801 3076 871 τεράτων,
3108 803 3178 855 ἐν
3206 801 3453 870 δυνάμει
3476 804 3822 869 Πνεύματος
3860 804 4043 871 άγίον.

2474 897 2580 950 Καὶ
2612 899 2668 949 ὲν
2695 895 2833 967 ἀρχῇ
2863 895 2973 948 τῶν
3016 893 3313 947 ἐπιστολῶν
3336 896 3364 946 ὁ
3398 894 3551 961 ἆγιος
3580 894 3793 958 Παῦλος
3817 897 3911 948 τοῦ
3942 899 4046 950 Πα-

2472 990 2597 1060 τρὺς
2631 990 2899 1061 μέμνηται
2946 990 3041 1043 καὶ
3090 987 3185 1041 τοῦ
3215 987 3343 1041 Υίοῠ
3374 988 3465 1041 καὶ
3495 988 3588 1041 τοῦ
3615 989 3775 1057 ἁγίου
3805 990 4048 1061 Πνεύμα-

2472 1098 2583 1144 τος,
2611 1081 2751 1133 οὕτω
2777 1080 3001 1151 γράφων
3018 1097 3031 1110 ·
3059 1078 3297 1145 Παῦλος
3318 1078 3537 1144 δοῦλος
3566 1078 3775 1146 Ἰησοῦ
3799 1081 4047 1146 Χριστοῦ

2472 1172 2693 1238 κλητὸς
2733 1172 3093 1236 ἀπόστολος,
3127 1170 3541 1239 ἀφωρισμένος
3568 1172 3657 1235 εὶς
3683 1162 4049 1241 Euan-Mter

2473 1263 2641 1327 Θεοῦ,
2680 1262 2711 1315 ὃ
2754 1264 3261 1331 προεπηγγείλατο
3303 1262 3400 1315 διὰ
3439 1262 3558 1315 τῶν
3585 1262 3914 1331 προφητῶν
3955 1268 4047 1317 σὺ·

2471 1356 2577 1409 τοῦ
2615 1356 2685 1409 ἐν
2709 1354 2975 1423 Γραφαῒς
3006 1356 3197 1422 ἁγίαις
3228 1356 3357 1426 περὶ
3392 1356 3495 1409 τοῦ
3536 1356 3671 1409 Υίοῦ
3703 1356 3917 1419 αὑτοῦ,
3951 1357 4045 1409 tu"

2474 1447 2803 1524 γενομένου
2820 1449 2888 1502 ἐκ
2919 1448 3256 1517 σπέρματος
3286 1448 3462 1503 Δαϐὶδ
3492 1450 3641 1504 κατὰ
3681 1448 3905 1516 σάρκα,
3953 1450 4045 1502 γε’»

2472 1544 2815 1611 ὁρισθέντος
2856 1544 2994 1598 Υίοῦ
3032 1543 3179 1598 Θεοῦ
3222 1543 3291 1597 ἐν
3334 1543 3579 1612 δυνάμει
3619 1546 3772 1597 κατὰ
3815 1542 4043 1609 Πνεῦμα

2472 1635 2809 1703 ἁγιωσύνης
2834 1652 2845 1663 ·
2895 1636 2990 1689 καὶ
3021 1635 3181 1689 πάλιν
3210 1634 3353 1705 (80)·
3393 1635 3453 1689 Ἠ
3483 1635 3656 1704 χάρις
3692 1634 3802 1688 τοῦ
3835 1636 4043 1700 Κυρίου

2474 1727 2640 1796 ἡμῶν
2675 1730 2867 1795 Ἰησοῦ
2891 1728 3171 1796 Χριστοῦ,
3202 1728 3299 1781 καὶ
3326 1728 3363 1793 ἡ
3391 1727 3588 1797 ἀγάπη
3620 1728 3730 1781 τοῦ
3758 1727 3931 1789 Θεοῦ,
3954 1729 4039 1778 καὶ

2471 1822 2510 1887 ἠ
2546 1823 2822 1874 κοινωνία
2860 1822 2967 1875 τοῦ
2996 1822 3168 1890 ἁγίου
3194 1822 3565 1889 Πνεύματος·
3604 1821 3698 1873 καὶ
3738 1819 3931 1871 πάλιν·
3966 1821 4042 1869 Δι-

806 1909 855 1953 et
899 1901 1179 1955 divisiones
1224 1902 1633 1954 ministeriorum
1676 1914 1843 1968 sunt,
1886 1906 2022 1957 idem
2059 1918 2230 1959 autent
2263 1908 2370 1961 Do-
2401 1888 2442 1942 Β

2401 1888 2442 1942 Β
2474 1913 2729 1981 αιρέσεις
2754 1914 2821 1966 δὲ
2846 1888 3227 1983 χαρισμάτων
3252 1888 3391 1976 eici,
3424 1913 3490 1965 τὸ
3514 1912 3582 1965 δὲ
3606 1913 3754 1966 αὐτὸ
3772 1914 4037 1982 Πνεῦμα·

806 1993 978 2044 minus
1019 2007 1035 2044 :
1070 2003 1116 2045 et
1160 1994 1439 2046 divisiones
1491 1996 1850 2061 operationum
1898 2006 2051 2059 sunt,
2105 1999 2239 2050 idem
2274 2016 2371 2051 au-

808 2092 909 2133 tem
950 2082 1110 2147 Deus,
1154 2085 1371 2152 eﬂiciens
1410 2087 1583 2137 omnia
1626 2089 1678 2139 in
1728 2089 1967 2142 omnibus
1995 2090 2059 2142 ⁸⁷.
2112 2090 2179 2144 Et
2223 2089 2367 2145 Job:

817 2169 951 2223 Vivit
979 2170 1256 2235 Dominus,
1289 2175 1375 2241 qui
1402 2191 1479 2227 me
1510 2177 1581 2228 sic
1599 2176 1882 2243 judicavit,
1912 2190 1960 2231 et
2001 2178 2369 2247 Omnipotens,

808 2262 898 2331 qui
925 2264 1097 2331 a/fetit
1125 2265 1476 2319 amaritudine
1498 2269 1729 2319 animam
1756 2284 1921 2321 meam
1950 2288 1961 2321 :
1993 2271 2220 2336 Spiritus
2250 2288 2366 2325 vero

806 2356 1034 2419 divinus,
1068 2357 1156 2424 qui
1188 2358 1315 2411 mihi
1353 2361 1405 2412 in
1438 2360 1655 2413 naribus
1677 2373 1911 2429 superest
1948 2363 2015 2417 ⁸⁸.
2055 2364 2121 2417 Et
2156 2364 2324 2419 David
2352 2382 2366 2419 :

807 2444 1001 2501 Emitte
1038 2448 1205 2503 lucem
1244 2460 1391 2503 tuam
1420 2462 1468 2504 et
1497 2453 1760 2505 veritatem
1790 2464 1934 2505 tuam
1962 2455 2006 2486 ⁸⁸
2033 2474 2048 2521 ;
2078 2459 2251 2510 lucem
2284 2459 2367 2511 di-

807 2554 936 2593 cens
954 2538 1234 2609 Spiritum,
1252 2553 1306 2594 et
1325 2544 1607 2596 veritatem
1636 2544 1848 2597 Filium.
1873 2545 1937 2598 Et
1956 2548 2079 2599 alibi
2108 2564 2121 2599 :
2148 2548 2371 2600 Ostende

809 2634 980 2697 nobis,
1039 2632 1281 2697 Domine,
1337 2636 1753 2689 misericordiam
1808 2650 1994 2703 tuam,
2044 2652 2088 2693 et
2120 2639 2371 2694 Salutare

808 2734 954 2779 tuum
980 2725 1050 2779 da
1074 2726 1220 2781 nobis
1250 2726 1317 2781 ”.

1405 2983 1479 3036 De
1510 2984 1729 3051 Spiritu.

878 3114 1071 3170 Anima
1096 3119 1273 3172 omnis
1298 3134 1417 3189 quae
1442 3120 1507 3174 de
1531 3122 1889 3177 divinioribus
1930 3127 2143 3193 quierit,
2190 3128 2371 3181 laetitia

809 3204 1094 3273 adiciatur,
1117 3212 1160 3263 si
1188 3211 1351 3265 talem
1380 3213 1577 3267 habeat
1605 3216 1839 3279 oculum,
1861 3216 1947 3285 qui
1976 3219 2144 3284 possit
2167 3232 2227 3269 ea
2256 3234 2372 3285 qua;
2400 3242 2440 3298 ρ

808 3314 969 3353 sensu
999 3302 1286 3355 invisibilia
1319 3315 1463 3367 sunt,
1502 3320 1749 3374 qnzerere
1782 3318 1833 3361 et
1865 3309 2067 3372 videre,
2120 3320 2282 3376 atque
2318 3313 2361 3364 si

811 3390 883 3442 ita
915 3404 1185 3457 querens,
1214 3396 1349 3459 apud
1384 3398 1555 3463 ipsum
1585 3400 1890 3465 qnzesitnm,
1920 3412 2079 3467 prout
2102 3403 2365 3470 scriptum

810 3491 914 3541 est,
947 3492 1107 3550 queat
1144 3483 1405 3538 habitare.
1442 3486 1707 3556 Seriptum
1744 3493 2029 3545 estenim:
2064 3491 2122 3545 Si
2157 3494 2369 3559 qumris,

810 3588 1006 3641 quaere,
1058 3581 1109 3625 et
1164 3575 1303 3641 apud
1334 3591 1414 3627 me
1443 3578 1623 3628 habita
1652 3581 1717 3632 ".
1752 3580 1901 3634 Tunc
1925 3594 2102 3637 autem
2144 3584 2371 3648 habitat,

809 3666 1025 3733 quando
1056 3680 1176 3718 cum
1215 3667 1318 3721 [ide
1345 3669 1557 3736 quaerit.
1595 3669 1726 3723 Nam
1756 3674 1966 3727 etiamsi
1995 3677 2282 3745 contigerit
2312 3686 2372 3732 ut

812 3771 917 3809 non
960 3758 1218 3825 inveniat,
1265 3774 1371 3814 non
1408 3768 1587 3813 tamen
1640 3762 1691 3815 in
1732 3763 1836 3817 ﬁde
1866 3766 2076 3832 (ιυωείιὶ
2132 3769 2375 3823 habitare

812 3847 1147 3912 desinit,—sed
1189 3850 1319 3903 dicit
1352 3852 1650 3905 secundum
1683 3853 1898 3907 beatum
1938 3854 2189 3910 Davidem
2224 3873 2236 3909 :
2270 3856 2373 3909 Mi-

813 3935 996 3989 rabilis
1029 3938 1171 4003 facta
1202 3949 1273 3990 est
1300 3942 1514 3993 scientia
1548 3954 1638 3995 tua
1664 3960 1728 3997 ex
1757 3959 1879 3997 me:
1924 3946 2223 4013 confortata
2255 3958 2328 4001 est
2354 3965 2373 4013 ;

813 4044 915 4081 non
931 4040 1108 4092 potero
1134 4029 1200 4081 ad
1228 4046 1339 4083 eam
1358 4031 1400 4060 "
1426 4048 1439 4095 ;
1468 4041 1522 4084 et
1552 4035 1843 4086 secundum
1874 4047 2081 4102 patrem
2110 4038 2328 4091 lunatici
2353 4056 2367 4092 :

811 4119 1000 4187 Credo,
1027 4120 1268 4186 Domine,
1289 4122 1482 4192 adjuva
1505 4124 1919 4177 incredulitatem
1945 4142 2110 4179 meam
2138 4129 2204 4180 ³³.
2236 4129 2368 4182 Cum

821 4211 985 4280 igitur
1041 4212 1091 4265 id
1123 4214 1416 4269 habeamus
1454 4216 1737 4285 propositi,
1792 4218 1858 4271 de
1908 4225 2098 4269 natura
2136 4217 2372 4284 Spiritus

812 4303 989 4357 sancti
1030 4320 1150 4357 cum
1180 4305 1283 4359 ﬁde
1314 4321 1642 4373 quaaramus,
1678 4310 1744 4363 ab
1778 4325 1843 4363 eo
1877 4309 2215 4379 postulantes
2260 4309 2375 4377 ejus

812 4410 968 4465 quem
996 4396 1287 4465 quaerimus
1319 4400 1698 4465 cognitionem.
1745 4401 1859 4471 Ipse
1898 4418 2129 4471 namque
2166 4414 2248 4456 est
2280 4406 2369 4472 qui

894 4554 940 4585 ⁸⁸
973 4555 990 4608 1
1025 4553 1149 4608 Cor.
1181 4569 1254 4618 vi,
1303 4553 1387 4609 11.
1491 4556 1537 4586 ⁸⁵
1574 4556 1729 4609 Rom.
1779 4574 1867 4619 xv,
1920 4558 2007 4617 l8.
2048 4560 2127 4612 l9.

2224 4564 2268 4593 ⁸⁵
2320 4561 2473 4613 Rom.
2508 4574 2553 4618 I,
2606 4556 2719 4607 1-4.

2476 2004 2571 2056 καὶ
2615 2004 2932 2071 διαιρέσεις
2986 2005 3299 2059 διακονιῶν
3344 2008 3521 2068 εἰσιν,
3556 2008 3587 2057 ό
3627 2004 3694 2057 δὲ
3724 2006 3910 2071 αὐτὸς
3942 2006 4041 2059 Κύ-

2469 2111 2626 2162 ριος·
2692 2097 2787 2147 καὶ
2845 2096 3163 2163 διαιρέσεις
3214 2096 3627 2166 ἐνεργημάτων
3675 2098 3863 2160 εἰσὶν,
3914 2100 3944 2150 d
3984 2097 4039 2149 δὲ

2476 2184 2657 2248 αὐτὸς
2688 2184 2849 2248 Θεὸς,
2891 2188 2922 2237 ό
2954 2185 3211 2253 ἐνεργῶν
3248 2187 3317 2239 τὰ
3349 2186 3545 2239 πάντα
3571 2186 3641 2238 ἐν
3664 2183 3818 2238 πᾶσι
3845 2203 3859 2215 ·
3895 2187 3985 2238 καὶ
4016 2188 4038 2237 ὁ

2490 2274 2605 2328 Ἰώϐ
2633 2292 2644 2304 ’
2680 2279 2725 2328 Ζ
2732 2275 2765 2343 ᾗ
2792 2277 3004 2343 Κύριος
3039 2276 3105 2341 ὃς
3134 2278 3284 2329 οὓτω
3296 2296 3372 2346 με
3405 2279 3658 2346 κέκρικε,
3689 2279 3791 2332 καὶ
3830 2282 3863 2333 ό
3896 2283 4037 2333 Παν-

2475 2368 2790 2437 τοκράτωρ,
2820 2372 2852 2422 ὁ
2872 2368 3161 2437 πιχράνας
3182 2386 3301 2436 μου
3333 2370 3441 2438 (8i)
3471 2370 3584 2435 τὴν
3610 2372 3846 2439 Ψυχὴν,
3870 2371 4040 2425 Πνεῦ-

2469 2482 2553 2530 μα
2580 2462 2647 2515 δὲ
2674 2461 2831 2515 θεῖον
2862 2462 2924 2513 τὸ
2954 2461 3158 2529 περιόν
3195 2478 3295 2528 μοι
3326 2460 3396 2512 ἐν
3427 2460 3595 2526 ῥισίν
3614 2478 3626 2489 ·
3658 2462 3756 2511 καὶ
3795 2462 3825 2511 ὁ
3853 2460 4007 2513 Δαείδ
4026 2476 4037 2488 ·

2488 2558 2956 2621 Ἐξιιπόστειλον
3002 2554 3065 2607 τὸ
3124 2552 3251 2622 φῶς
3287 2568 3403 2606 σου
3456 2552 3553 2605 καὶ
3590 2551 3709 2617 τὴν
3760 2551 4041 2619 ἀλήθειάν

2477 2666 2591 2704 σου
2621 2670 2632 2681 °
2666 2650 2779 2716 σῶς
2812 2650 2982 2717 λέγων
3004 2647 3064 2699 τὸ
3092 2646 3334 2716 Πνεῦμα,
3371 2646 3463 2698 καί
3489 2644 3747 2715 ἀλήθειαν
3776 2644 3869 2696 τὸν
3891 2644 4008 2695 Υἱὸν
4026 2662 4037 2671 ·

2478 2740 2571 2793 καὶ
2604 2740 2660 2791 ὲν
2704 2740 2877 2799 ἄλλοις
2898 2755 2911 2767 ·
2945 2737 3149 2800 Δεῖξον
3183 2735 3355 2802 ἡμῖν,
3388 2736 3582 2801 Κύριε,
3614 2733 3680 2786 τὸ
3710 2733 3891 2797 ἔλεός
3916 2750 4038 2795 σου,

2478 2832 2574 2885 καὶ
2614 2830 2677 2883 τὸ
2718 2827 3014 2894 Σωτήριόν
3047 2844 3162 2879 σου
3195 2828 3350 2893 δῴης
3383 2828 3547 2895 ἡμῖν.

2863 2982 3000 3051 Περὶ
3023 2982 3128 3035 τοῦ
3151 2982 3494 3049 Πνεύματος
3526 2982 3657 3051 (82).

2549 3117 2905 3189 Εὖϐυμείσθω
2962 3116 3058 3186 μὲν
3090 3116 3240 3169 πᾶσα
3286 3112 3398 3185 (83)
3448 3112 3591 3183 ψυχὴ
3626 3112 3869 3184 ζητουσα
3926 3117 4040 3186 περὶ

2478 3210 2582 3263 τῶν
2612 3210 2917 3279 Θειοτὲρων,
2957 3208 3004 3257 el
3040 3205 3195 3275 ΰμμα
3225 3204 3467 3258 τοιοῦτον
3510 3208 3644 3276 ἔχει,
3700 3206 3843 3259 ὥστε
3883 3206 4039 3259 ταῦτα

2474 3300 2652 3371 ζητεῖν
2676 3302 2767 3353 καὶ
2793 3300 2927 3369 ὁρᾷν
2956 3296 3023 3349 τὰ
3041 3296 3288 3365 αἰσθήσει
3305 3298 3532 3368 ἀόρατα,
3558 3298 3650 3349 καὶ
3670 3300 3741 3359 εἰ,
3773 3299 3916 3351 οὕτω
3939 3300 4037 3367 (84)

2477 3393 2729 3462 ζητοῦσα,
2791 3392 2921 3459 παρ’
2952 3386 3100 3457 αὐτῷ
3147 3385 3223 3456 τῷ
3258 3385 3593 3456 ζητουμένῳ,
3644 3391 3787 3441 κατὰ
3844 3393 3903 3443 τὸ
3958 3412 4038 3460 γε-

2477 3485 2809 3554 γραμμένον,
2862 3485 3028 3535 οἰκεῖν
3079 3479 3321 3533 δύναται.
3365 3478 3678 3548 Γέγραπται
3716 3483 3864 3553 γάρ’
3914 3486 4040 3538 ἐξηο

2478 3574 2673 3641 ζητῇς,
2713 3573 2885 3641 ζήτει,
2936 3575 3032 3627 καὶ
3080 3576 3217 3643 παρ’
3246 3572 3373 3642 ἐμοὶ
3418 3573 3585 3625 οἴκει.
3628 3574 3783 3627 Olus?
3819 3576 3876 3629 δὲ
3908 3578 4036 3637 τότε,

2475 3672 2563 3724 ὅτε
2596 3667 2731 3739 μετὰ
2766 3668 2994 3729 πίστεως
3036 3667 3205 3735 ζητεῖ·
3239 3666 3356 3720 Κᾶν
3399 3664 3508 3735 γὰρ
3550 3664 3777 3735 γένηται
3815 3669 3924 3737 (85)
3974 3669 4037 3739 μὴ

2473 3764 2670 3833 εὑρεῖν,
2696 3758 2793 3811 οὐκ
2822 3760 3090 3827 ἀναχωρεί
3114 3758 3209 3811 τοῦ
3235 3760 3405 3813 οἰκεῖν
3434 3759 3493 3809 ἐν
3522 3760 3588 3827 τῇ
3616 3758 3801 3809 πίστει
3831 3762 3920 3813 τοῦ
3950 3764 4035 3830 ζη-

2471 3853 2753 3922 τουμένου,
2802 3848 2937 3901 ἀλλὰ
2988 3848 3134 3915 λέγει
3189 3850 3329 3902 κατὰ
3384 3850 3475 3901 τὸν
3520 3849 3791 3920 μακάριον
3848 3853 4030 3904 Δα6Ξδ’

2486 3940 2937 4013 Ἐθαιιμαστώθη
2966 3941 3003 4007 ἠ
3034 3938 3256 4010 γνῶσίς
3284 3955 3396 3994 σου
3417 3942 3485 4005 ἐξ
3522 3942 3668 4010 ἐμοῦ
3692 3959 3705 3971 ·
3738 3942 4034 4010 ἐκραταιώ-

2473 4042 2542 4105 θη
2564 4054 2575 4067 ·
2610 4035 2781 4105 οὺμὴ
2820 4033 3080 4102 δύνωμαι
3104 4030 3252 4099 πρὸς
3276 4031 3495 4099 αὐτήν·
3533 4034 3625 4086 καὶ
3659 4034 3799 4086 κατὰ
3830 4034 3918 4087 τὸν
3940 4052 4032 4085 m-

2476 4130 2608 4196 τέρα
2634 4126 2726 4177 τοῦ
2756 4122 3203 4195 σεληνιαζομένου
3225 4140 3237 4153 ·
3277 4122 3563 4186 Πιστεύω,
3597 4127 3793 4193 Κύριε,
3838 4125 4032 4190 βοήθει

2474 4238 2590 4289 μου
2619 4217 2689 4284 τῇ
2712 4218 2976 4282 ἀπιστίῃ.
3012 4216 3211 4268 Τοῦτον
3232 4212 3321 4268 οὖν
3343 4215 3555 4284 ἔχοντες
3584 4216 3673 4268 τὸν
3698 4218 3917 4279 σκοπὸν,
3952 4217 4031 4285 ζηο

2479 4310 2731 4378 τήσωμεν
2761 4306 2896 4374 μετὰ
2926 4306 3156 4365 πίστεως
3190 4306 3315 4373 περὶ
3345 4306 3439 4371 τῆς
3475 4305 3565 4356 τοῦ
3610 4308 3766 4371 ἁγίου
3799 4310 4029 4377 Πνεῦμα-

2480 4418 2568 4464 τος
2595 4398 2827 4469 φύσεως,
2864 4396 2992 4467 παρ’
3027 4392 3186 4446 αὑτοῦ
3222 4393 3551 4465 ζητήσαντες
3585 4394 3679 4446 τοῦ
3716 4397 4027 4465 ζητουμένου

2828 4553 2872 4584 ⁸⁸
2921 4551 2959 4605 Il
2992 4550 3113 4605 Cor.
3153 4567 3270 4615 xiii,
3322 4553 3408 4606 l5.
3505 4552 3548 4581 "
3587 4551 3763 4610 lCor.
3791 4572 3887 4620 xu,
3920 4555 4022 4609 4-6.

814 4624 859 4659 ⁸³
884 4623 982 4677 Job
1023 4640 1189 4688 xxvn,
1220 4623 1275 4691 2,
1307 4623 1360 4677 3.
1433 4626 1477 4657 "
1507 4624 1647 4681 Psal.
1683 4644 1812 4692 uti,
1846 4629 1897 4681 '5.
1974 4630 2021 4659 ⁹⁰
2056 4629 2199 4684 l’sal.
2230 4646 2445 4694 Lxxxiv,
2480 4630 2529 4683 8-
2612 4627 2651 4656 "
2688 4624 2789 4676 lSa-
2838 4639 2949 4686 XXI.
2976 4622 3061 4675 13-
3137 4622 3179 4651 "
3208 4621 3346 4675 ΡδειΙ-
3377 4638 3637 4690 CXXXVIII,
3672 4628 3727 4679 6.
3806 4628 3850 4658 ³³
3875 4628 4023 4680 Marc.

812 4710 891 4757 ix,
914 4696 1006 4749 25.

884 4810 993 4881 (79)
1018 4810 1195 4865 Codex
1220 4811 1394 4881 ‘Colb.
1420 4812 1480 4864 τὸ
1509 4812 1709 4864 λαλεῖν.
1758 4811 1958 4867 Ibidem
2006 4814 2143 4867 idem
2193 4829 2293 4866 ms.
2322 4825 2374 4866 et
2407 4817 2450 4870 D
2480 4820 2607 4874 stat,
2641 4811 2717 4864 sic
2748 4818 2804 4862 ut
2829 4810 3079 4881 qumdant
3102 4812 3216 4879 ejus
3244 4812 3365 4865 libri
3397 4815 3611 4870 coronis
3637 4829 3760 4869 esse
3774 4815 4019 4871 videatur.

811 4875 941 4951 Reg.
964 4875 1185 4953 quartus
1213 4875 1286 4934 ὧν
1314 4883 1374 4934 οὐ
1408 4883 1827 4953 κατειργάσατο.
1862 4884 2063 4937 lbidein
2094 4884 2255 4936 iidem
2278 4900 2370 4937 co-

812 4950 1175 5023 ἀίςεξὶὲθνῶν,
1204 4953 1345 5022 λόγῳ
1376 4953 1470 5005 καὶ
1493 4950 1661 5023 ἔργῳ,
1700 4952 1802 5023 alio
1839 4956 2050 5007 ordine.

881 5020 988 5102 (80)
1048 5021 1181 5102 Reg:
1239 5020 1461 5102 quimus
1524 5020 1843 5091 ’ἁγιωσύνης
1911 5023 1967 5087 ἐξ
2024 5022 2370 5085 ἀναστάσεως

812 5091 1018 5148 νεκρῶν
1044 5107 1056 5119 ·
1087 5094 1180 5142 καὶ
1204 5091 1385 5143 πάλιν.

882 5111 905 5145 ιι
944 5111 1018 5143 ων
1044 5111 1056 5119 ’
1087 5111 1180 5142 και
1204 5111 1385 5143 παλιν.

882 5111 990 5231 (ξι)
1018 5161 1223 5233 Rursus
1269 5161 1400 5230 Reg.
1428 5172 1652 5231 quartus
1699 5163 1726 5213 ὁ
1782 5161 2205 5233 παραπικράνας
2248 5180 2369 5232 μου.

813 5231 923 5287 Nec
968 5234 1038 5285 ita
1090 5232 1257 5287 multo
1308 5242 1426 5301 post
1466 5233 1604 5287 idem
1634 5232 1803 5287 codex
1838 5231 1928 5285 aiat
1954 5235 2009 5284 ὲν
2038 5231 2215 5301 ἄλλῳ·
2251 5231 2368 5284 Δεῖ-

846 5320 922 5355 ον.

816 5301 997 5440 ξοῖὲῖ)
1024 5370 1163 5424 Editi
1190 5372 1317 5441 περὶ
1344 5370 1437 5423 τοῦ
1464 5371 1778 5442 Πνεύματος
1804 5372 1893 5423 τοῦ
1924 5373 2102 5441 ἁγίου.
2127 5373 2197 5425 At
2230 5389 2361 5427 mss.

814 5443 984 5494 nostri
1019 5443 1111 5503 ita,
1141 5443 1505 5495 utedidimus.
1555 5442 1713 5495 Notat
1756 5442 1837 5493 vir
1866 5444 2211 5498 doctissimus
2254 5444 2357 5496 Du-

2482 4882 2591 4935 Nec
2620 4882 2789 4933 solum
2820 4881 2906 4932 illa
2937 4882 3000 4932 de
3052 4879 3251 4947 Spiritu
3310 4895 3498 4936 sancto
3561 4886 4013 4939 lucubratiuncula

2482 4952 2686 5025 reliquo
2712 4959 2894 5001 contra
2943 4948 3259 5025 Eunomium
3306 4957 3553 5025 tractatui
3607 4956 3949 5025 subjungitur
3975 4958 4017 5007 in

2471 5020 2651 5088 Regiis
2679 5031 2873 5086 quarto
2910 5028 2965 5071 et
2997 5022 3204 5085 quinto,
3242 5024 3332 5074 sed
3360 5024 3469 5090 ipsa
3496 5026 3656 5077 etiam
3690 5020 3741 5077 in
3780 5020 3865 5079 his
3895 5027 4011 5080 codi-

2469 5094 2625 5163 cibus
2655 5090 2794 5163 serie
2847 5101 2968 5163 u_na_
3011 5090 3202 5163 legitur
3246 5104 3367 5144 cum
3418 5094 3621 5149 ultimis
3680 5096 3805 5148 libri
3866 5096 4018 5163 quinti

2471 5161 2665 5223 verbis,
2695 5156 2837 5227 δῲης
2870 5159 2999 5227 ἡμῖν
3034 5176 3047 5188 ·
3070 5156 3266 5213 ίιίιυιιιε
3292 5172 3465 5216 tamen
3495 5179 3598 5216 non
3620 5166 3846 5217 omnino
3877 5156 4020 5216 omis-

2470 5245 2563 5283 sus
2590 5239 2691 5292 est,
2715 5244 2846 5303 cum
2867 5228 3134 5303 scriptum
3152 5233 3222 5284 sit
3252 5230 3303 5283 in
3336 5234 3598 5302 margine,
3618 5234 3751 5303 περὶ
3783 5234 4015 5302 Πνεύμα-

2469 5317 2582 5362 τος.
2616 5303 2676 5351 de
2705 5298 2927 5365 Spiritu.
2957 5296 3077 5353 Mox
3104 5299 3237 5369 Reg.
3269 5296 3493 5369 quartus
3517 5307 3613 5355 καὶ
3644 5296 3779 5374 ὸρᾷν
3815 5304 3907 5355 καὶ
3929 5296 4016 5376 ζη.

2470 5386 2600 5421 τειν.

2534 5439 2841 5525 ς85)’Ὲὲι1ἱιί
2873 5438 3234 5525 βὺθυμείσὶξὶω
3282 5443 3451 5525 στᾶσα.
3498 5442 3721 5525 Antiqui
3768 5442 3879 5525 t1th
3908 5445 4013 5497 libri

813 5524 979 5585 ciens,
1012 5510 1225 5585 brevem
1261 5511 1410 5585 hunc
1428 5514 1493 5585 de
1518 5512 1720 5579 Spiritu
1750 5523 1938 5585 sancto
1975 5524 2265 5567 tractatum
2307 5516 2356 5567 in
2458 5527 2475 5585 ς

2352 5536 2356 5567 ι
2458 5510 2798 5585 ερϐυμείσεξω
2831 5512 2926 5580 μὲν
2962 5510 3128 5585 πᾶσα.
3170 5512 3316 5585 Regii
3360 5518 3461 5565 duo
3488 5525 3543 5585 et
3582 5512 3737 5585 Cplb.
3774 5515 4014 5585 Εὑθυμη-

812 5580 1102 5652 Basileensi
1128 5580 1314 5652 Graeca
1332 5582 1566 5636 editione
1593 5583 1873 5652 posteriori
1898 5586 2081 5637 deesse
2105 5584 2318 5650 quidem
2345 5603 2356 5637 :

813 5651 907 5704 sed
934 5652 1023 5713 ita,
1053 5659 1109 5701 ut
1158 5651 1429 5705 homiliam
1464 5651 1764 5720 separatam
1812 5652 2006 5706 elllciat
2058 5668 2176 5720 pag.
2232 5653 2358 5709 ΞΗ.

814 5720 947 5775 Utut
974 5721 1085 5773 huic
1109 5734 1254 5785 sunt,
1312 5723 1453 5774 hunc
1478 5723 1552 5775 De
1594 5721 1794 5790 Spiritu
1825 5735 2001 5775 sancto
2036 5724 2270 5775 libellum
2308 5725 2360 5777 in

813 5791 1010 5843 nostris
1039 5798 1241 5857 septem
1272 5805 1399 5843 mss.
1455 5794 1677 5860 perinde
1708 5800 1866 5859 atque
1892 5795 1942 5845 in
1975 5794 2215 5846 editione
2254 5793 2357 5845 Pa-

813 5860 1045 5925 risieusi,
1069 5860 1257 5929 quinto
1273 5869 1456 5915 contra
1481 5862 1798 5918 Eunomium
1829 5862 1965 5920 libro
1988 5862 2204 5933 adeDgi
2231 5879 2363 5919 con-

2460 5581 2638 5651 Θῶμεν
2674 5583 2848 5654 πᾶσι,
2879 5584 3165 5654 tuale,_pro
3206 5582 3556 5654 Εὑθυμείτοω
3585 5583 3684 5652 μὲν
3712 5588 3881 5639 πᾶσα.
3927 5581 4014 5637 Bi-

2459 5649 2552 5704 sxl.
2569 5721 2573 5722 γ
2592 5649 3060 5722 Ἐνθυμηθιῖ›μεν.]

2536 5721 2646 5785 (8i)
2683 5722 2817 5793 litim
2879 5723 2965 5771 καὶ
3089 5721 3249 5777 οὕτω.
3285 5725 3502 5789 Antiqui
3553 5733 3665 5781 tres
3714 5728 3838 5784 libri
3884 5726 4013 5793 Regii

2460 5794 2551 5845 xz".
2582 5794 2648 5853 εἰ,
2685 5791 2847 5842 οὕτω.

2530 5862 2641 5931 (85)
2669 5860 2806 5916 Editi
2842 5860 3115 5931 γέννηται.
3159 5863 3227 5917 At
3268 5880 3394 5919 mss.
3429 5864 3675 5932 γένηται,
