4208 6492
212 456 317 507 τάξ)

1302 445 1667 498 ADVERSUS
1707 443 2070 498 EUNOMIUM
2111 445 2239 498 LIB.
2280 447 2345 496 γ.

3345 448 3445 500 770

204 552 306 628 τῆν
333 558 548 626 γνῶσιν.
587 529 727 613 Ᾰύτδ
756 556 862 627 γάρ
897 555 1011 609 ἔστι
1058 556 1118 608 τὸ
1150 554 1497 624 ζητούμενον.
1535 555 1623 606 καὶ
1650 553 1781 606 αὐτὸ
1817 560 1857 613 Α

1817 560 1857 613 Α
1887 558 2171 620 quaeritur,
2205 565 2259 607 et
2287 556 2400 621 ipse
2431 564 2534 619 cst,
2570 559 2658 625 qui
2691 556 2956 624 suiipsius
3000 545 3447 628 impeﬂit'rogni-

202 648 272 700 τὸ
299 647 537 720 παρέχον
569 650 668 716 τὴν
698 643 825 714 πὲρι
858 644 1047 698 ἑαυτοῦ
1084 641 1300 710 γνῶσιν.
1348 643 1433 706 Ὠς
1472 643 1527 696 δὲ
1572 645 1664 695 καὶ
1696 642 1784 695 διὰ

205 736 318 794 τῶν
369 739 528 793 θείων
554 734 783 806 Γραφῶν
827 734 1221 806 μεμαθήκαμεν
1272 733 1402 803 παρ’
1431 732 1616 800 αὑτοῦ,
1659 733 1788 787 αὑτό

203 830 354 886 ἐστιν
376 831 405 884 ὂ
424 830 548 891 τοὺς
567 827 751 897 ἁγίους
765 831 1007 900 ἐποίησε,
1035 826 1128 879 καὶ
1150 827 1248 897 τὴν
1281 825 1429 880 θείαν
1469 825 1613 894 ζωὴν
1643 843 1785 897 παρ-

202 923 321 993 έχει
359 924 470 984 τοῖς
510 922 718 975 αἰτοῦσι
768 924 895 990 παρ’
926 919 1088 972 αὐτοῦ
1112 920 1203 973 τὸν
1225 920 1374 973 Θεὸν.
1412 917 1532 970 Τῶν
1564 918 1619 971 δὲ
1652 918 1789 986 λαμ-

206 1012 477 1067 6ανύντων
507 1015 720 1082 ἀνάγκη
759 1010 894 1064 εἶναι
930 1011 1254 1082 τιμιώτερον
1276 1030 1290 1043 ·
1338 1011 1637 1081 γινομένων
1662 1009 1786 1063 τού-

202 1124 313 1158 των
341 1106 531 1175 ἁγίων,
562 1109 690 1160 ὅταν
719 1105 849 1157 αὐτὸ
883 1107 1232 1178 έπιτοιτήσῃ.
1271 1107 1364 1158 καὶ
1393 1103 1784 1173 φθειρομένων,

204 1196 336 1251 ὅταν
369 1200 496 1252 αὐτὸ
522 1196 816 1266 καταλίπῃ.
858 1196 995 1247 Αὐτὸ
1018 1196 1073 1249 δὲ
1107 1198 1252 1248 ἔστιν
1278 1197 1384 1258 ἀεὶ,
1414 1194 1560 1264 πηγὴ
1597 1194 1655 1247 ὃν
1689 1195 1786 1264 τῆς

200 1290 373 1345 ἀϊδίου
403 1290 566 1359 ζωῆς.
603 1289 696 1350 Τίς
729 1287 783 1340 δὲ
807 1288 834 1339 ὁ
870 1287 1066 1360 τρόπος
1100 1288 1197 1355 τῆς
1231 1288 1491 1357 χορηγίας
1518 1286 1610 1338 τοῦ
1642 1281 1780 1338 εἶναι

202 1383 335 1436 αὐτὸ
358 1382 411 1434 ἓν
431 1397 490 1431 τε
517 1383 626 1442 τοῖς
646 1382 778 1433 πᾶσι
805 1381 898 1434 καὶ
932 1383 988 1433 ἐν
1012 1381 1122 1441 τοῖς
1150 1380 1271 1431 καθ’
1294 1381 1542 1441 ἕκαστον,
1569 1380 1789 1432 σκοπείο

203 1492 283 1527 τω
300 1474 524 1534 διάνοια,
562 1472 685 1539 ἀξία
716 1473 808 1525 τοῦ
845 1475 1065 1525 σκοπεῖν
1093 1474 1376 1544 γενομένη,
1407 1471 1784 1540 ἀπαλλαγεῖσα

203 1567 422 1635 ἀπάτης
455 1565 547 1618 καὶ
564 1568 823 1638 αἱρέσεως
854 1568 948 1621 καὶ
977 1566 1082 1620 τῶν
1107 1567 1480 1638 γοητευουσῶν
1506 1564 1782 1634 γυναικῶν

198 1663 302 1718 τὰς
331 1655 512 1721 ἄλλας.
552 1659 799 1730 Προσίτω
847 1660 959 1728 (86)
1005 1660 1060 1712 δὲ
1097 1660 1282 1730 ἡσύχῳ
1322 1663 1388 1729 τῇ
1430 1659 1780 1714 καταστάσει.

204 1749 444 1821 Ἦσυχον
481 1751 538 1803 δὲ
582 1750 752 1818 αὐτῆς
791 1750 932 1803 ἔστω
978 1751 1050 1820 μὴ
1097 1752 1254 1819 μόνον
1295 1752 1355 1804 τὸ
1407 1754 1783 1821 περικείμενον

203 1841 383 1910 σῶμα,
415 1844 508 1894 καὶ
538 1844 566 1894 ὁ
597 1841 691 1893 τοῦ
735 1839 982 1911 σώματος
1027 1841 1252 1904 κλύδων,
1285 1841 1419 1895 ἀλλά
1453 1843 1546 1895 καὶ
1589 1846 1696 1895 πᾶν
1723 1845 1784 1895 τὸ

1892 650 2118 704 tionem.
2143 645 2608 717 Quemadmodum
2645 657 2826 702 autem
2860 656 2910 698 et
2950 663 3045 714 per
3071 649 3282 704 divinas
3304 650 3456 706 Scri-

1889 750 2075 808 ptnras
2105 742 2174 796 ab
2206 755 2272 795 eo
2300 737 2589 794 didicimus
2609 775 2624 801 ,
2655 737 2768 805 ipse
2807 749 2892 794 est
2946 739 3037 808 qui
3074 752 3293 796 sanctos
3319 756 3453 796 san-

1889 842 2007 889 ctos
2064 832 2282 898 clTecit,
2344 831 2696 900 divinamque
2753 833 2916 887 vitam
2976 832 3063 898 iis,
3095 834 3184 900 qui
3221 835 3288 888 ab
3340 834 3458 900 ipso

1893 925 2060 979 Deum
2099 931 2308 992 petunt,
2341 923 2588 991 largitur.
2623 921 2854 978 Necesse
2882 935 2966 979 est
3022 937 3204 981 autem
3235 941 3357 980 eum
3390 927 3456 980 iis

1889 1017 1981 1086 qui
2013 1016 2289 1083 accipiunt
2342 1033 2461 1072 esse
2498 1017 2963 1086 Prmstantiorem,
3015 1035 3134 1073 cum
3172 1018 3226 1074 hi
3281 1018 3456 1072 sancti

1892 1107 2045 1168 tiant,
2076 1103 2166 1157 ubi
2208 1103 2318 1172 ipse
2357 1105 2660 1167 advenerit,
2694 1115 2748 1159 et
2802 1117 3048 1174 pereant,
3075 1112 3163 1162 ubi
3215 1125 3309 1166 eos
3346 1109 3460 1176 ipse

1892 1194 2265 1263 dereliquerit.
2294 1193 2413 1249 Jam
2461 1213 2593 1252 vero
2625 1197 2744 1265 ipse
2785 1207 2869 1250 est
2921 1211 3154 1265 semper,
3189 1216 3308 1254 cum
3334 1204 3459 1256 vita:

1891 1293 2107 1340 :rterna:
2142 1286 2260 1340 tutis
2292 1287 2381 1340 sit.
2419 1287 2548 1352 Quis
2578 1297 2761 1342 autem
2785 1289 2856 1341 sit
2891 1288 2979 1340 ille
3014 1288 3318 1357 largitionis
3341 1310 3457 1346 mo-

1892 1377 2011 1439 dus,
2047 1392 2153 1445 quo
2194 1388 2305 1430 tuin
2336 1376 2386 1430 in
2411 1380 2663 1435 omnibus
2701 1388 2813 1434 tum
2843 1378 2896 1432 in
2932 1381 3159 1451 singulis
3192 1392 3298 1447 est,
3326 1399 3458 1438 con-

1891 1470 2093 1522 sideret
2124 1484 2296 1533 mens,
2336 1469 2494 1537 digna
2544 1470 2730 1526 eﬂ‘ecta
2780 1487 2900 1541 qum
2940 1472 3262 1538 consideret,
3298 1483 3461 1544 atque

1888 1561 1957 1615 ab
1991 1577 2177 1617 errore
2231 1563 2530 1632 haeresique
2577 1572 2631 1618 et
2672 1580 2701 1616 a
2754 1566 3066 1620 mulieribus
3096 1565 3228 1621 alias
3251 1569 3460 1634 prmsti-

1891 1654 1993 1724 giis
2038 1655 2149 1710 suis
2197 1655 2577 1710 seducentibus
2615 1655 2778 1709 libera
2826 1656 2982 1726 321
3019 1656 3180 1714 facta.
3225 1658 3461 1713 Accedat

1887 1759 2070 1804 autem
2109 1748 2402 1816 tranquillo
2430 1758 2596 1802 statu.
2627 1745 2735 1802 Nec
2758 1751 2930 1804 solum
2962 1765 3158 1820 corpus
3191 1751 3306 1819 ejus
3346 1751 3457 1804 cir-

1889 1842 2220 1911 cumjaccns,
2263 1850 2319 1896 et
2347 1851 2512 1896 astus
2537 1842 2781 1912 corporis
2835 1844 3123 1912 tranquilla
3168 1843 3323 1897 sint:
3366 1843 3460 1897 sed

203 1933 487 2002 περιέχον·
519 1934 764 2004 οὐρανὸς,
807 1934 901 2002 γῆ,
955 1933 1216 1998 θάλασσα,
1252 1934 1345 1986 καὶ
1375 1935 1442 1988 τὰ
1487 1937 1543 1987 ἐν
1578 1934 1783 1997 τούτοις
1817 1913 1858 1965 Β

1817 1913 1858 1965 Β
1890 1935 2054 1988 etiam
2093 1934 2355 2004 quidquid
2389 1935 2561 1989 ambit
2613 1945 2668 1988 et
2700 1933 3164 2002 circumplectitur
3189 1976 3204 2000 ,
3256 1934 3458 1989 cadum

201 2026 415 2096 λογικά.
451 2029 559 2082 Καὶ
589 2029 778 2082 νοείτω
805 2028 874 2081 τά
910 2026 1087 2082 πάντα
1115 2028 1488 2101 πληρούμενα,
1522 2029 1616 2082 καὶ
1652 2027 1787 2081 πάν-

200 2119 358 2172 τοθεν
387 2121 465 2184 εἰς
498 2120 636 2174 αύτά
685 2120 856 2184 ἑστὼς
903 2121 963 2174 τὸ
993 2121 1236 2190 Πνεῦμα,
1293 2117 1403 2175 οἷον
1443 2124 1651 2197 εἰσρέον
1691 2125 1786 2178 καὶ

200 2213 451 2283 είσχυθὲν
481 2215 616 2283 (87),
649 2215 740 2267 καὶ
783 2215 1050 2267 πάντοθεν
1099 2215 1287 2278 εἰσιὸν,
1325 2211 1419 2269 καί
1461 2218 1781 2289 εἰσλάμπον.

200 2304 430 2374 Πνεῦμα
457 2304 563 2376 γὰρ
591 2306 794 2375 Κυρίου
831 2305 1158 2375 πεπλήρωκε
1185 2306 1281 2377 τὴν
1319 2308 1662 2377 οἰκουμένην,
1694 2310 1786 2362 καὶ

207 2396 273 2448 τὸ
320 2397 541 2466 συνέχον
582 2396 652 2449 τά
681 2397 859 2451 πάντα
887 2397 1086 2465 γνῶσιν
1124 2397 1236 2468 ἔχει
1276 2398 1429 2451 Θεοῦ.
1480 2399 1784 2468 Εἰσλάμπει

199 2488 260 2540 δὲ
293 2488 354 2540 ἐν
378 2490 512 2541 πᾶσι
537 2493 650 2552 τοῖς
670 2491 861 2557 ἀξίοις.
888 2491 1156 2562 Καθάπερ
1187 2492 1293 2563 γὰρ
1326 2492 1476 2564 ἡλίου
1505 2491 1654 2564 βολαὶ
1677 2510 1786 2561 φω-

197 2578 454 2633 τίσασθαι
495 2579 607 2651 (88)
648 2581 804 2650 νέφος
839 2583 934 2637 κα).
962 2584 1196 2655 λάμπειν
1237 2583 1468 2647 ποιοῦσι,
1499 2584 1782 2655 χρυσοειδῆ

197 2669 325 2740 ὄψιν
367 2671 644 2727 ποιοῦσαιο
685 2673 825 2728 οὕτω
856 2677 948 2729 καὶ
988 2677 1210 2747 Πνεῦμα
1240 2677 1415 2746 ἆγιον,
1447 2676 1673 2729 ἐπελθὸν
1705 2676 1785 2738 είς

196 2761 489 2834 ἀνθρώπου
526 2764 704 2837 σῶμα,
741 2767 907 2820 ἔδωκε
946 2769 1044 2838 μὲν
1077 2768 1240 2837 ζωὴν,
1282 2768 1449 2819 ἔδωκε
1483 2767 1539 2819 δὲ
1584 2767 1785 2821 ἀθανα-

199 2852 345 2918 σίαν,
382 2856 579 2909 ἔδωκεν
612 2858 900 2926 ἁγιασμὸν,
930 2859 1116 2929 ἤγειρε
1144 2857 1199 2910 δὲ
1221 2858 1489 2928 κείμενον.
1522 2858 1594 2912 Τὸ
1621 2859 1676 2912 δὲ
1694 2877 1781 2912 κι-

198 2943 360 3013 νηθὲν
385 2945 595 3015 κίνησιν
618 2947 785 2998 ἀΐδιον
815 2946 917 2998 ὑπὸ
943 2947 1080 3000 Πνεύ
1090 2965 1257 3018 ματος
1277 2949 1432 3018 ἁγίου
1468 2949 1603 3014 ζῶον
1629 2952 1781 3019 ἅγιον

198 3037 434 3103 ἐγένετο.
475 3038 639 3108 Ἔσχε
671 3039 726 3091 δὲ
758 3038 914 3106 ἀξίαν
938 3039 1238 3111 ἄνθρωπος,
1268 3043 1581 3113 Πνεύματος
1615 3045 1780 3094 εἰσοι-

202 3127 502 3194 κισθέντος,
540 3131 840 3200 προφήτου,
874 3130 1193 3198 ἀποστόλου,
1237 3132 1468 3200 ἀγγέλου
1511 3131 1667 3193 Θεοῦ,
1706 3131 1781 3184 ὢν

202 3219 312 3288 πρὸ
330 3219 518 3272 τούτου
549 3220 620 3288 γῆ
652 3222 744 3273 καὶ
777 3223 988 3283 σποδός.

273 3483 329 3538 2.
356 3484 394 3537 Γ
399 3485 569 3537 ένοιτο
597 3486 650 3538 δὲ
678 3487 744 3539 ἂν
768 3486 1119 3558 φανερωτέρα
1150 3489 1242 3540 καὶ
1271 3489 1636 3561 ὲναργεστέρα
1663 3491 1776 3558 (89)

198 3577 297 3634 τοῦ
329 3577 642 3648 Πνεύματος
688 3583 721 3651 ὴ
750 3579 976 3650 δύναμις
1006 3581 1096 3633 καὶ
1127 3582 1158 3651 ἡ
1190 3580 1351 3649 φύσις
1380 3578 1702 3652 ἤτιςὲστὶν,
1729 3585 1777 3636 εί

201 3669 642 3741 ἑνθυμηθείημεν
698 3672 845 3735 ὅπως
875 3673 1117 3744 περιέχει
1155 3673 1248 3727 καὶ
1298 3673 1420 3742 ἄγει
1460 3673 1536 3745 τῷ
1580 3673 1776 3726 ἑαυτοῦ

202 3761 499 3832 βουλήματι
543 3764 670 3826 τοὺς
701 3764 904 3832 ἁγίους,
949 3765 1044 3818 καὶ
1079 3767 1258 3819 πᾶσαν
1290 3767 1388 3837 τὴν
1422 3767 1641 3838 λογικὴν
1674 3767 1776 3836 φύ-

202 3870 288 3906 σιν
328 3853 461 3924 (90).
495 3855 729 3908 ’Ἃπαντι
777 3857 873 3926 μὲν
903 3858 1010 3927 γὰρ
1041 3857 1118 3926 τῷ
1149 3857 1341 3929 πλήθει
1371 3859 1477 3910 τῶν
1511 3860 1776 3931 οὐρανίων

198 3945 481 4015 δυνάμεων
509 3947 603 3999 καὶ
626 3947 704 4018 τῷ
729 3947 920 4018 πλήθει
953 3948 1062 4001 τῶν
1092 3949 1316 4002 δικαίων
1347 3949 1545 4003 ἔδωκεν
1595 3953 1770 4005 ἑαυτό.

201 4037 312 4089 Καὶ
371 4039 517 4091 πᾶσα
574 4036 868 4102 ὑπόστασις
925 4039 1165 4104 δικαίων,
1219 4041 1311 4094 καὶ
1367 4042 1615 4112 μεγάλων
1682 4045 1776 4097 καὶ

204 4130 433 4200 μικρῶν,
490 4131 582 4184 καὶ
633 4132 877 4200 ἀγγέλων
931 4133 1022 4186 καὶ
1065 4133 1435 4203 ἀρχαγγέλων,
1497 4135 1773 4204 ἡγίασται.

199 4222 311 4273 Καὶ
338 4221 467 4294 ἄλλη
508 4224 604 4292 μὲν
634 4225 727 4275 καὶ
754 4223 884 4294 ἄλλη
916 4225 1181 4292 κειμένων
1212 4223 1320 4275 τῶν
1361 4224 1647 4292 σωμάτων,
1679 4224 1774 4278 τοῦ

206 4311 304 4381 μὲν
333 4303 454 4377 ὧδε,
486 4313 578 4365 τοῦ
611 4314 669 4366 δὲ
706 4308 829 4378 ὧδε,
871 4315 1093 4367 καὶτῶν
1130 4313 1305 4369 ἄλλων
1343 4315 1623 4386 δυνάμεων
1662 4317 1772 4388 (9i)

200 4404 296 4458 ἀπ’
351 4404 594 4471 ἀλλήλων
650 4406 886 4476 ἐχουσῶν
944 4424 992 4460 τι
1065 4407 1246 4477 μέσον.
1321 4409 1394 4460 Ού
1442 4408 1503 4461 τὸ
1548 4408 1773 4480 Πνεῦμα

209 4493 380 4560 οὕτως
430 4495 561 4566 (92),
619 4496 737 4550 οὐδὲ
805 4497 970 4569 μέρος
1021 4499 1183 4550 αὑτοῦ
1236 4499 1450 4568 ἑκάστῳ
1500 4517 1772 4569 κατακερ-

1888 2022 2157 2087 videlicet,
2184 2034 2347 2085 terra,
2377 2040 2547 2090 mare,
2581 2032 2634 2079 et
2661 2040 2778 2094 quae
2813 2024 2864 2078 in
2902 2025 2965 2078 iis
2993 2035 3117 2079 sunt
3145 2025 3454 2081 rationalia.

1887 2113 1954 2169 Et
1987 2114 2250 2184 intelligat
2294 2115 2573 2185 adimpleri
2617 2119 2834 2178 omnia.
2875 2118 3245 2188 Spir-itumque
3271 2121 3451 2174 unde—

1887 2210 2020 2265 libet
2051 2223 2216 2277 super
2244 2211 2358 2278 i‘psa
2387 2219 2553 2269 stare.
2583 2225 2680 2263 ceu
2724 2211 2993 2279 illapsum,
3025 2220 3080 2265 et
3112 2211 3367 2276 infusum,
3399 2224 3455 2266 et

1888 2301 2166 2358 undelibet
2213 2302 2601 2369 ingredientem
2644 2309 2809 2371 atque
2839 2303 3261 2360 illucescentem.
3322 2305 3454 2359 Nam

1886 2397 2072 2450 orbem
2112 2405 2376 2450 terrarum
2410 2394 2646 2466 Spiritus
2697 2395 2910 2451 Domini
2969 2397 3216 2466 replevit,
3249 2409 3306 2451 et
3353 2400 3456 2452 hoc

1890 2487 2032 2553 quod
2063 2487 2308 2542 continet
2339 2490 2543 2550 omnia,
2582 2489 2865 2543 scientiam
2895 2491 3055 2544 habet
3110 2491 3200 2546 Dei
3227 2492 3293 2544 ".
3331 2492 3456 2547 Illu-

1885 2583 1974 2629 cet
2001 2584 2179 2628 autem
2217 2577 2268 2628 in
2303 2575 2574 2640 omnibus,
2603 2576 2696 2646 qui
2724 2576 2868 2646 digni
2900 2587 3042 2631 sunt.
3085 2577 3154 2633 Ut
3193 2580 3337 2634 enim
3369 2597 3455 2634 ra-

1885 2666 1958 2720 dii
2001 2666 2130 2721 solis
2163 2665 2365 2721 faciunt
2394 2676 2452 2720 ut
2479 2668 2646 2724 nubes
2692 2668 3011 2734 illustretur,
3043 2671 3452 2742 splendeatque,

1885 2759 2034 2813 aurei
2081 2759 2277 2814 coloris
2314 2759 2361 2813 ei
2411 2759 2625 2815 inducta
2670 2761 2880 2830 specie;
2934 2763 3004 2816 ita
3039 2778 3256 2832 quoque
3286 2765 3457 2832 Spiri-

1884 2858 1970 2904 tus
2009 2860 2229 2905 sanctus
2261 2851 2312 2905 in
2336 2866 2431 2906 cor
2471 2851 2708 2905 hominis
2741 2853 3050 2919 adveniens,
3091 2855 3238 2908 dedit
3266 2857 3451 2920 vitam,

1887 2940 2032 2994 dedit
2070 2941 2560 3009 immortalitatem,
2597 2944 2740 3000 dedit
2764 2939 3176 3002 sanctimoniam
3209 2991 3223 3014 ,
3280 2953 3454 3005 erexit

1881 3030 2171 3099 jacentem.
2225 3031 2281 3087 Id
2336 3043 2540 3101 autem,
2601 3047 2746 3092 motu
2798 3041 3129 3109 sempiterno
3182 3051 3384 3096 motum
3419 3058 3451 3096 ει

1888 3121 2089 3192 Spiritu
2123 3135 2334 3188 saneto,
2373 3135 2620 3182 sanetum
2659 3130 2856 3182 animal
2885 3129 3085 3185 laetum
3135 3141 3239 3186 est.
3282 3133 3452 3188 liomo

1887 3216 2052 3278 enim,
2081 3231 2201 3270 cum
2244 3218 2394 3286 prius
2426 3228 2571 3272 terra
2599 3229 2742 3274 esset
2773 3230 2827 3274 et
2861 3221 3019 3285 cinis,
3072 3232 3198 3276 tunc
3241 3223 3452 3280 inhabi-

1889 3316 2032 3359 tantc
2063 3306 2290 3375 Spiritu,
2321 3309 2618 3380 prophetm,
2647 3312 2898 3381 apostoli,
2942 3313 3116 3384 angeli
3156 3315 3246 3370 Dei
3281 3319 3453 3388 digni-

1883 3404 2044 3452 tatem
2077 3399 2288 3454 habuit.

1949 3487 2004 3540 2.
2043 3485 2241 3543 Verum
2267 3507 2384 3560 quae
2407 3494 2478 3547 sit
2504 3495 2673 3549 virtus
2716 3510 2777 3551 ac
2827 3507 3014 3553 natura
3043 3499 3296 3572 Spiritus,
3331 3519 3447 3557 ma-

1884 3577 2130 3634 nifestius
2160 3595 2223 3636 ac
2256 3583 2456 3640 clarius
2507 3588 2729 3654 patebit,
2764 3590 2808 3643 si
2856 3591 3134 3647 nobiscum
3173 3600 3447 3666 reputabi-

1881 3686 2024 3736 mus,
2054 3675 2501 3754 quemadmodum
2533 3691 2748 3736 sanctos
2777 3698 2840 3736 ac
2883 3686 3195 3744 rationalem
3227 3706 3443 3746 onmem

1881 3774 2126 3819 naturam
2153 3767 2445 3835 contineat,
2473 3785 2532 3825 ac
2560 3787 2654 3825 sua
2691 3773 2858 3842 ipsius
2893 3777 3166 3835 voluntate
3197 3782 3443 3839 ductitct.

1880 3852 2092 3910 Etenim
2121 3858 2449 3915 multitudini
2489 3863 2786 3919 cmlestinm
2813 3869 3069 3922 virtutum
3099 3873 3268 3938 omni,
3306 3878 3444 3928 mul-

1881 3948 2200 4019 titudinique
2253 3949 2521 4019 jnstorum
2586 3969 2643 4008 se
2705 3954 2819 4023 ipse
2852 3959 3017 4013 dedit.
3063 3959 3201 4026 Quin
3235 3973 3288 4018 et
3318 3967 3447 4020 sub-

1879 4043 2077 4096 atantia
2118 4043 2296 4096 omnis
2331 4043 2624 4110 justorum,
2667 4054 2779 4101 tum
2807 4064 3144 4120 magnorum,
3186 4064 3295 4108 tum
3327 4073 3446 4125 par-

1881 4147 2090 4197 vorum,
2144 4142 2255 4188 tum
2283 4136 2616 4206 angelorum,
2657 4149 2766 4194 tum
2815 4144 3287 4215 archangelorum,
3326 4165 3450 4204 san-

1880 4224 2112 4278 etillcata
2146 4234 2249 4282 est.
2281 4227 2361 4282 Ae
2386 4230 2600 4298 quidem
2633 4231 2736 4286 alia
2778 4244 2834 4287 et
2867 4235 2968 4288 alia
2997 4236 3296 4304 jacentium
3326 4257 3448 4295 cor-

1881 4331 2066 4386 porum
2098 4319 2426 4386 substantia,
2455 4338 2576 4376 cum
2603 4325 2747 4381 aliud
2777 4327 2885 4391 hic,
2917 4329 3062 4384 aliud
3096 4330 3204 4386 illic
3225 4333 3442 4398 jaceat:

1879 4409 2001 4463 item
2034 4410 2136 4464 alia
2167 4421 2221 4466 et
2257 4412 2358 4466 alia
2397 4423 2478 4467 est
2515 4415 2841 4486 reliquarum
2873 4421 3130 4475 virtutum
3191 4425 3446 4480 substan-

1881 4501 1974 4562 tia,
2012 4516 2131 4553 cum
2165 4501 2323 4556 medii
2369 4502 2569 4573 aliquid
2614 4507 2864 4574 habeant,
2905 4527 3010 4580 quo
3055 4528 3082 4566 a
3121 4527 3178 4570 se
3213 4516 3440 4571 invicem

205 4587 459 4656 ματισθὲν
497 4589 594 4659 ζῇν
626 4592 769 4642 ποιεῖ
814 4589 988 4652 θείως,
1025 4589 1157 4642 ἀλλά
1208 4591 1421 4644 ᾶπαντα
1464 4590 1528 4660 ζῇ
1560 4594 1625 4662 τῇ
1678 4592 1772 4664 ὅλῃ
1805 4601 1848 4655 ι)

1805 4601 1848 4655 ι)
1880 4592 2277 4663 disjungantur.
2324 4595 2438 4649 Non
2492 4598 2569 4653 sic
2626 4597 2882 4670 Spiritus,
2916 4619 3088 4675 neque
3117 4607 3224 4663 ulla
3272 4611 3439 4678 ipsius

273 4698 320 4732 “
344 4697 471 4769 Sap.
499 4715 537 4765 ι,
579 4700 627 4754 7.

279 4836 392 4909 (86)
417 4836 565 4892 Libri
622 4837 869 4910 impressi
898 4838 997 4909 τῆς
1039 4837 1206 4906 ἄλλης
1251 4837 1462 4910 ᾑδονῆς.
1495 4839 1763 4910 Προσίτω.

202 4907 382 4964 Codex
408 4910 557 4963 Colb.
588 4916 641 4961 et
668 4908 757 4962 alii
797 4907 1027 4975 quatuor
1072 4923 1203 4962 mss.
1256 4907 1409 4977 Regii
1458 4907 1559 4973 τὰς’
1606 4911 1768 4976 ἄλλας

201 4977 416 5050 ἡδονάς.
462 4977 732 5051 Προσίτω.
789 4977 938 5048 Itegii
975 4978 1242 5051 secundus
1289 4989 1342 5031 et
1389 4981 1596 5041 tertius,
1633 4997 1769 5051 quos

205 5047 632 5119 sequimurpxat
659 5049 768 5104 τῶν
801 5047 1178 5119 γοήτευουσῶν
1223 5051 1493 5118 γυναικῶν
1533 5047 1764 5114 τὰς’άλ-

202 5118 320 5181 λας.
356 5119 618 5190 Προσίτω.
652 5131 696 5174 ει
733 5138 763 5172 a
797 5118 1101 5173 mulieribus
1149 5120 1283 5173 alias
1349 5123 1627 5189 prmstigiis
1659 5124 1766 5176 suis

204 5189 567 5243 “ducentibus
599 5192 761 5243 libera
796 5190 958 5259 facta.
985 5191 1347 5257 Sequereinur
1376 5193 1625 5245 libentius
1662 5193 1769 5245 vnl-

204 5269 388 5340 gatam
438 5271 814 5330 receptamque
876 5261 1184 5325 lectionem,
1224 5261 1266 5314 si
1319 5263 1401 5315 vel
1431 5278 1536 5316 uno
1580 5265 1768 5317 codice

203 5339 486 5384 niteretur.

234 5399 385 5522 ό(8⁵7)
418 5399 565 5455 Libri
598 5409 805 5457 veteres
852 5401 947 5457 καὶ
989 5402 1258 5472 είσχυθὲν.
1296 5402 1435 5457 Editi
1473 5404 1561 5457 καὶ
1590 5406 1770 5474 εἰσχυ-

266 5487 312 5522 ν.

200 5483 312 5524 τον.

273 5540 384 5615 (88)
409 5541 631 5597 Codices
680 5541 845 5615 nostri
899 5557 1086 5598 omnes
1139 5544 1384 5615 καθάπερ
1420 5543 1566 5615 ἡλίου
1615 5542 1766 5614 βολαὶ

202 5613 526 5678 φωτίσασαι.
570 5628 674 5666 non
707 5614 781 5665 ita
815 5625 978 5668 recte.

415 5683 631 5758 ῥειιὶᾳυὶ
665 5685 769 5758 duo
807 5683 924 5758 libri
944 5684 1053 5758 acati
1088 5683 1465 5758 ὲνεργεστέρα.

273 5752 385 5821 (90)
417 5752 568 5823 Βεαζ
597 5757 790 5806 tertius
820 5753 917 5824 τὴν
944 5752 1190 5824 λογικὴν’
1215 5752 1412 5819 κτίσιν,
1464 5766 1761 5812 creaturam

202 5824 423 5876 rationis
457 5836 762 5888 compotem.
1152 5830 1161 5838 '

269 5890 382 5964 (9i)
408 5891 562 5954 Illud,
586 5895 680 5946 καὶ
707 5893 822 5946 τῶν
834 5893 1037 5950 ἄλλων
1051 5898 1378 5969 δυνάμεων,
1398 5908 1524 5966 etc.,
1551 5899 1628 5954 sic
1645 5912 1764 5953 ver-

513 5989 782 6054 Ριτιιοι.
809 5995 926 6057 Gtt.
955 5996 1200 6058 XXIX.

1881 4844 1942 4927 tit
1975 4843 2389 4927 Trapezuntius,
2429 4862 2648 4927 cumque
2677 4860 2810 4903 inter
2845 4869 2898 4905 se
2939 4856 3163 4910 medium
3192 4859 3319 4927 quid
3350 4860 3442 4913 Ima

1877 4915 2028 4994 licent
2052 4932 2070 4970 :
2096 4915 2786 4994 guaminterpretationem
2816 4937 2918 4978 non
2949 4915 3440 4994 probans'Combe-

1876 4987 2046 5049 lisius,
2077 4986 2390 5064 dilucidius,
2412 4991 2735 5064 ut_putabat_,
2759 5003 2813 5045 et
2841 4986 3145 5064 distinctius
3177 4999 3441 5064 interpre-

1870 5065 2017 5110 tatus
2046 5067 2152 5134 εει,
2185 5057 2435 5134 videlicet
2468 5061 2571 5134 hoc
2599 5062 2758 5115 modo
2791 5079 2803 5113 :
2850 5061 2982 5117 Cum
3026 5069 3239 5134 reliqua:
3278 5057 3441 5122 virm-

1872 5138 1945 5180 les
1968 5127 2193 5203 medium
2222 5127 2420 5203 aliquid
2457 5128 2706 5203 habeant,
2745 5149 2844 5202 quo
2882 5136 3004 5188 alite
3036 5139 3098 5189 ab
3129 5127 3246 5192 aliis
3270 5143 3441 5203 dispe-

1872 5207 2108 5251 scanlur.
2140 5196 2460 5279 Sedheuter
2495 5204 2610 5267 eius
2638 5196 2765 5263 loci,
2797 5214 2854 5256 ut
2887 5207 3014 5259 mihi
3042 5209 3258 5273 quidem
3285 5196 3438 5265 vide-

1875 5276 1980 5343 tur,
2034 5276 2354 5343 sententiam
2407 5282 2688 5324 assecutus
2742 5285 2827 5328 est
2893 5292 2906 5326 :
2968 5293 3128 5343 quam
3176 5281 3219 5332 si
3280 5295 3440 5334 nasse

1874 5337 2130 5402 volueris,
2163 5353 2339 5407 opera:
2388 5343 2613 5407 pretium
2640 5353 2721 5395 est
2769 5346 2834 5398 ad
2867 5337 3094 5413 ellip'sim
3128 5365 3438 5412 recurrere;

1873 5418 2071 5486 et‘quze
2099 5413 2314 5486 desunt,
2345 5424 2407 5486 ex
2441 5414 2869 5486 praecedentibus
2917 5418 2995 5469 sic
3037 5422 3310 5486 supplere,
3347 5421 3442 5474 καὶ

1872 5477 2003 5556 άλλη
2036 5481 2128 5556 και
2148 5477 2280 5548 άλλη
2307 5482 2414 5556 τῶν
2443 5477 2620 5556 ἄλλων
2664 5483 2944 5556 δυνάμεων
2973 5477 3307 5554 ὑπόστασις(
3333 5505 3440 5545 etc.

1875 5548 2027 5622 Item,
2054 5551 2159 5602 alia
2191 5561 2236 5602 et
2270 5552 2377 5622 alia
2416 5548 2845 5622 esereliquatu'm
2888 5560 3134 5612 virtutum
3194 5548 3442 5614 substan-

1874 5620 1967 5697 tia,
2003 5637 2118 5672 cum
2143 5621 2295 5672 medii
2314 5620 2516 5691 aliquid
2543 5620 2786 5690 habeant,
2818 5645 2918 5696 quo
2942 5647 2972 5681 α
3007 5647 3062 5682 se
3091 5633 3306 5685 invicem
3333 5634 3442 5686 dis-

1864 5703 2179 5756 junguntur.

1943 5761 2054 5842 (92)
2089 5761 2313 5842 Yeteres
2358 5763 2566 5842 aliquot
2601 5766 2720 5818 libri
2769 5769 2829 5820 τὸ
2883 5771 3106 5842 Πνεῦμα
3155 5773 3211 5826 δὲ
3247 5772 3442 5836 οὓτως.

1875 5829 2073 5887 Vocula
2103 5831 2158 5884 δέ
2186 5835 2372 5888 aberat
2411 5829 2731 5906 a'vulgatts.

3056 6006 3127 6065 '25
