4208 6490
1558 438 1613 488 S.
1657 434 1896 486 ltASlLll
1937 431 2147 484 MAGNI
2180 429 2542 484 ADVERSUS
2587 429 2943 484 EUNOMIUM
2984 430 3107 481 ΕΒ.
3146 433 3206 486 V.

3908 434 4007 485 772

790 568 914 623 pars
942 550 1167 619 singulis
1213 548 1492 615 dispertita
1524 549 1684 604 ellicit
1728 560 1784 600 ut
1818 547 2072 601 divinitus
2119 545 2304 598 vivant
2333 559 2345 596 :
2381 549 2426 604 Α

2333 559 2345 596 :
2381 549 2426 604 Α
2459 540 2618 593 αὑτοῦ
2667 542 2906 613 δυνάμει.
2946 543 3052 595 Καὶ
3098 542 3322 612 πάρεστι
3368 542 3642 612 πανταχοῦ
3683 547 3758 612 τῷ
3807 547 3979 614 ὲκπὲ;.ι.

788 643 879 697 sed
913 652 1023 697 tota
1050 639 1191 694 illius
1223 638 1423 695 virtute
1463 640 1648 692 vivunt
1686 639 1956 694 universa.
1991 639 2164 707 Atque
2193 637 2343 693 adest

786 734 1006 803 ubique,
1042 730 1308 785 emittenti
1357 732 1528 799 ipsum
1563 733 1670 784 Deo
1715 732 2078 793 assimilatus,
2114 744 2235 784 cum
2269 744 2347 783 se-

788 820 1018 876 cundum
1069 820 1282 872 modum
1327 833 1434 887 quo
1486 829 1588 883 est,
1651 829 1760 874 tum
1792 820 2083 876 secundum
2133 820 2344 874 modum

787 925 896 981 quo
922 910 1120 980 ttbique
1155 921 1208 965 et
1242 909 1295 963 in
1321 911 1571 965 omnibus
1595 912 1841 966 similiter
1871 922 1974 966 est.
2020 911 2086 966 Et
2106 909 2344 972 Gabriel,

788 1002 913 1054 dum
946 999 1125 1054 Maria:
1155 1000 1401 1054 nuntium
1435 999 1670 1056 faustum
1713 1000 1971 1066 deferret,
2006 1014 2166 1071 atque
2207 1001 2344 1054 alius

788 1091 914 1146 alibi
964 1092 1196 1161 cuipiam
1228 1101 1558 1158 sanctorum,
1605 1104 1659 1149 et
1697 1091 1919 1161 quilibet
1968 1094 2344 1164 prophetarum

787 1199 906 1238 cum
938 1183 1339 1250 vaticinaretur,
1363 1183 1628 1240 etPaulus
1647 1197 1769 1237 cum
1794 1182 1977 1239 Romae
1998 1180 2343 1250 Evangeliqu

785 1275 1122 1343 prtediearct,
1174 1283 1227 1328 et
1277 1273 1509 1330 Jacobus
1571 1275 1624 1328 in
1677 1272 2000 1339 Jerusdlem,
2035 1284 2090 1328 et
2134 1273 2346 1328 Marcus

785 1366 1148 1431 Alexandriae,
1181 1378 1236 1422 et
1269 1367 1406 1420 alius
1435 1367 1538 1420 alia
1571 1365 1622 1418 itt
1652 1367 1890 1433 civitate,
1920 1363 2347 1433 adimplehantur

790 1455 990 1525 Spiritu
1017 1475 1028 1510 :
1058 1459 1251 1528 quippe
1271 1456 1607 1512 intervallum
1634 1457 1836 1512 nullum
1868 1455 2186 1525 prohibebat
2211 1469 2344 1523 quo-

790 1549 964 1603 minus
983 1559 1218 1617 tempore
1243 1549 1427 1602 eodem
1450 1549 1636 1602 eadem
1669 1549 1838 1617 gratia
1871 1546 2042 1600 ﬁeret.
2073 1544 2175 1599 Per
2202 1545 2345 1599 hunc

788 1642 947 1693 etiam
981 1640 1201 1708 quilibet
1225 1651 1536 1694 sanctorum
1569 1640 1701 1696 deus
1727 1647 1824 1694 est.
1868 1637 2075 1692 Dictum
2099 1646 2180 1691 est
2203 1637 2343 1691 enim

789 1746 816 1782 a
842 1728 953 1786 Deo
989 1730 1054 1783 ad
1094 1730 1240 1800 ipsos
1275 1748 1288 1785 :
1328 1728 1437 1799 Ego
1459 1731 1572 1784 dixi
1603 1747 1621 1786 :
1653 1731 1742 1784 Dii
1766 1730 1910 1794 estis,
1932 1739 1978 1783 et
2008 1729 2107 1796 lilii
2136 1726 2344 1782 Excelsa“

790 1838 965 1876 omnes
993 1821 1077 1887 ";
1133 1831 1227 1876 et:
1284 1820 1422 1874 Deus
1465 1824 1717 1883 deorum,
1757 1829 2066 1875 sanctorum
2119 1819 2344 1885 scilicet,

2452 649 2597 683 ποντι
2632 635 2760 686 αὐτὸ
2789 634 2905 701 Θεῷ
2938 634 3308 704 ὁμοιούμενον,
3344 637 3436 688 καὶ
3465 634 3604 689 κατά
3644 632 3703 685 τὸ
3738 631 3892 698 εἶναι,
3922 648 4010 690 καὶ

2451 723 2590 776 κατά
2630 725 2688 777 τὸ
2722 724 2994 793 πανταχοῦ
3035 728 3126 778 καὶ
3169 727 3225 779 έν
3276 727 3441 776 πᾶσιν
3471 728 3669 795 ὁμοίως
3716 719 3875 777 εἶναι.
3911 731 4012 781 Καὶ

2448 815 2922 884 εὐαγγελιζόμενος
2955 816 3051 886 τὴν
3098 817 3329 890 Μαριὰμ
3364 817 3391 867 ὀ
3424 815 3684 890 Γαόριὴλ.
3740 818 3834 871 καὶ
3868 816 4016 879 ἀλλος

2447 906 2678 978 ἀλλαχοῦ
2720 925 2837 960 τινα
2878 907 2983 959 τῶν
3027 909 3232 975 ἀγίων·
3266 909 3358 962 καὶ
3403 909 3762 976 προφητεύων
3793 910 4016 971 ἕκαστος

2447 995 2552 1048 τῶν
2600 998 2891 1069 προφητῶν
2919 1016 2932 1026 ’
2971 998 3062 1050 καὶ
3098 999 3306 1062 Παῦλος
3339 1001 3395 1050 ἐν
3441 995 3628 1066 Ῥώμῃ
3677 984 4019 1065 εῦαγγελιζό-

2452 1107 2605 1159 μενος
2632 1108 2643 1120 ·
2679 1092 2772 1144 καὶ
2808 1089 3058 1152 Ἰάκωϐος
3082 1091 3138 1142 ὲν
3174 1089 3524 1161 Ἰερουσαλήμ
3547 1101 3563 1116 ⁸
3593 1087 3687 1140 καὶ
3714 1087 3943 1157 Μάρκος
3967 1091 4019 1141 ἐν

2461 1180 2835 1253 Ἀλεξανδρείᾳ
2865 1198 2876 1210 ·
2911 1181 3002 1233 καὶ
3038 1179 3194 1243 ἄλλος
3225 1183 3281 1232 ὲν
3314 1179 3446 1252 ἄλλῃ
3482 1179 3655 1242 πόλει,
3689 1176 4019 1245 ὲπληροζντο

2449 1271 2524 1343 τῷ
2556 1272 2853 1342 Πνεύματι,
2890 1271 3099 1333 οὐδενὸς
3139 1270 3502 1340 διαστήματος
3535 1267 3840 1328 κωλύοντος
3871 1268 3928 1319 ὲν
3951 1270 4019 1335 τῷ

2451 1361 2599 1429 αύτῷ
2625 1361 2963 1432 ἐνεργεῖσθαι
2991 1361 3087 1431 τὴν
3121 1360 3287 1429 αὐτὴν
3316 1359 3490 1429 χάριν.
3518 1357 3628 1408 Καὶ
3651 1356 3774 1416 θεός
3797 1357 3916 1407 ἐστι
3941 1354 4019 1406 διὰ

2445 1451 2604 1504 τοῦτο
2635 1453 2861 1514 ἕκαστος
2893 1451 2998 1505 τῶν
3030 1451 3217 1519 ἁγίων.
3263 1449 3490 1519 Εἴρηται
3525 1448 3633 1518 γὰρ
3662 1445 3802 1519 πρὸς
3828 1444 4019 1505 αὐτοὺς

2446 1543 2598 1615 παρὰ
2632 1543 2723 1595 τοῦ
2773 1541 2941 1594 Θεοῦ·
2991 1542 3130 1612 Ἐγὼ
3186 1537 3342 1601 εἶπα,
3386 1540 3518 1592 Θεοί
3562 1539 3724 1604 ἐστε,
3769 1537 3869 1591 καί
3909 1535 4015 1588 υἱοὶ

2460 1634 2740 1703 Ὑψίστου
2815 1633 3070 1699 πάντες-ο
3146 1631 3260 1693 καὶ,
3333 1629 3476 1696 Θεὸς
3539 1629 3711 1692 θεῶν,
3781 1627 4014 1699 δηλονότι

2446 1723 2553 1777 τῶν
2590 1723 2779 1792 ἀγῑων,
2846 1725 3060 1792 Κύριος
3092 1722 3398 1792 ἐλάλησε·
3468 1723 3581 1784 καὶ,
3664 1723 4016 1792 Ὀςσθὴσεται

2448 1819 2480 1868 ὁ
2522 1814 2663 1880 Θεὸς
2705 1815 2820 1868 τῶν
2865 1815 3014 1870 θεῶν
3059 1815 3130 1868 ἐν
3161 1814 3346 1882 Σιὼν,
3377 1816 3614 1887 δηλονότι
3666 1815 3776 1867 τῶν
3830 1812 4011 1880 ἁγίων.

787 1912 1040 1965 Dominus
1070 1910 1273 1965 locutus
1296 1921 1370 1964 est
1395 1911 1478 1978 ⁹⁶;
1505 1919 1558 1965 et
1589 1927 1602 1963 :
1651 1907 1919 1964 Videbitur
1952 1910 2006 1962 in
2048 1907 2178 1963 Sion
2209 1908 2346 1965 Deus
2378 1934 2420 1990 Β

2378 1934 2420 1990 Β
2463 1905 2694 1976 Ἀνάγκη
2721 1907 2776 1959 δὲ
2832 1907 2892 1960 τὸ
2924 1908 3065 1970 θεοῖς
3117 1906 3288 1962 αἴτιον
3342 1907 3435 1962 τοῦ
3490 1906 3646 1968 θεοὺς
3696 1898 3838 1957 εἶναι
3884 1905 4013 1956 θεῖον

789 2011 1002 2056 deorum
1031 2002 1074 2034 ⁸⁷
1102 2043 1118 2068 ,
1143 2011 1451 2058 sanctorum
1490 2000 1758 2056 videlicet.
1793 2001 2024 2056 Necesse
2056 2011 2138 2056 est
2168 2011 2345 2057 autem

789 2106 909 2147 eum
943 2091 1033 2161 qui
1064 2092 1167 2146 diis
1193 2107 1356 2146 causa
1378 2101 1459 2145 est
1484 2100 1542 2144 ut
1569 2091 1639 2146 dii
1670 2091 1802 2156 sint,
1823 2088 2084 2159 Spiritum
2110 2091 2344 2146 divinum

789 2198 927 2249 esse,
955 2194 1010 2238 et
1045 2199 1108 2238 ex
1146 2183 1253 2238 Deo
1281 2197 1418 2237 esse.
1473 2180 1541 2236 Ut
1599 2181 1742 2236 enim
1780 2180 1922 2249 quod
1978 2184 2346 2236 cremantibus

788 2290 949 2328 causa
1001 2285 1087 2330 est
1138 2289 1234 2328 cur
1283 2283 1543 2338 crement,
1591 2271 1644 2325 id
1700 2287 1949 2328 cremans
1980 2288 2101 2329 esse
2128 2286 2346 2329 necesse

788 2376 904 2430 est;
934 2375 987 2419 et
1017 2365 1156 2433 quod
1184 2364 1385 2419 sanctis
1419 2379 1578 2418 causa
1603 2371 1684 2417 cst
1711 2379 1806 2416 cur
1822 2365 1992 2418 sancti
2015 2366 2142 2428 sint,
2167 2364 2220 2420 id
2246 2379 2337 2418 ne-

789 2458 1024 2511 cessario
1071 2467 1316 2508 sanctum
1375 2463 1456 2509 est
1490 2472 1505 2508 :
1566 2455 1642 2508 ita
1681 2463 1734 2508 et
1774 2469 1895 2509 eum
1935 2455 2028 2525 qui
2062 2454 2164 2510 diis
2186 2470 2345 2510 causa

788 2550 870 2597 est
900 2554 959 2598 ut
991 2544 1065 2598 dii
1113 2545 1251 2609 sint,
1302 2545 1466 2600 Deum
1508 2558 1628 2600 esse
1665 2560 1884 2601 necesse
1926 2556 2028 2602 est.
2080 2545 2170 2602 Sic
2219 2561 2348 2601 sane

788 2646 910 2685 cum
947 2631 1049 2686 tale
1077 2633 1272 2688 bonum
1310 2643 1363 2686 et
1409 2634 1584 2686 divina
1620 2635 1886 2698 possessio
1925 2634 2160 2701 Spiritus
2184 2634 2342 2704 322

785 2723 879 2789 sit,
925 2721 1035 2790 jam
1074 2722 1151 2776 illi
1199 2721 1446 2787 credens,
1497 2721 1772 2776 Christum
1802 2723 1890 2791 qui
1931 2723 2070 2776 hunc
2099 2725 2300 2790 prmbet
2327 2763 2342 2784 ,

790 2829 1034 2883 quaerere
1081 2827 1148 2868 ne
1197 2812 1410 2868 timeas.
1457 2809 1625 2866 Nemo
1663 2813 1798 2866 enim
1832 2821 1998 2880 potest
2028 2811 2200 2864 dicere
2232 2809 2311 2863 Do

791 2907 990 2959 minam
1040 2904 1245 2967 Jesum,
1299 2904 1402 2958 nisi
1457 2905 1513 2958 in
1559 2903 1761 2972 Spiritu
1785 2912 1964 2958 sancto
1993 2901 2058 2955 ⁸⁸.
2091 2899 2343 2970 thuam

787 2997 951 3050 vitam
980 2997 1112 3051 indit
1143 2996 1375 3064 Spiritus
1410 2996 1462 3050 in
1491 2995 1709 3050 alterius
1736 2995 2164 3059 subsistentiam,
2191 3009 2251 3048 ea
2279 2994 2344 3048 ab

792 3087 909 3155 ipso
934 3102 1036 3141 non
1065 3097 1367 3155 separatur,
1396 3087 1488 3141 sed
1512 3087 1958 3155 quemadmodum
1990 3087 2127 3158 ignis
2154 3096 2236 3142 est
2256 3101 2346 3142 ca-

791 3177 968 3231 liditas
997 3180 1190 3246 partim
1218 3175 1325 3240 illa,
1357 3191 1477 3245 qua:
1510 3177 1562 3229 in
1589 3192 1654 3231 eo
1679 3185 1782 3242 est,
1819 3179 2015 3246 partim
2045 3179 2156 3244 illa,
2180 3194 2344 3248 quam

2449 1998 2670 2067 Πνεῦμα
2703 1998 2795 2051 καὶ
2818 1998 2881 2051 ἐκ
2902 1997 3035 2053 Θεοῦ
3062 1993 3200 2054 εἶναι
3228 1999 3358 2072 (93).
3405 2000 3492 2061 Ὦς
3521 1996 3630 2068 γὰρ
3659 1998 3774 2058 τοῖς
3797 2011 4011 2048 καυστι-

2451 2093 2568 2154 κοῖς
2598 2091 2766 2143 αἴτιον
2794 2092 2885 2144 τοῦ
2914 2094 3236 2157 καυστικοὺς
3269 2089 3428 2153 εἶναι,
3472 2089 3686 2158 ἀνάγκη
3727 2087 4010 2141 καυστικὸν

2446 2181 2605 2251 εἶναι,
2642 2188 2735 2241 καὶ
2762 2187 2822 2241 τὸ
2854 2187 3030 2254 ἁγίοις
3061 2188 3232 2240 αἴτιον
3267 2186 3359 2240 τοῦ
3394 2183 3585 2252 ἁγίους
3625 2179 3770 2236 εἶναι
3807 2181 4008 2249 ἀνάγκη

2447 2277 2599 2344 ἅγιον
2630 2274 2768 2331 εἶναι
2793 2294 2804 2306 ο
2838 2275 2978 2330 οὕτω
3010 2277 3102 2330 καὶ
3124 2277 3185 2328 τὸ
3209 2276 3349 2336 Θεοῖς
3387 2272 3558 2326 αἴτιον
3581 2273 3676 2326 τοῦ
3701 2274 3860 2335 Geni):
3883 2266 4007 2323 εἶναι

2446 2370 2656 2440 ἀνάγκη
2687 2370 2818 2423 Θεὸν
2851 2368 2987 2422 εἶναι
3023 2368 3154 2437 (94).
3209 2366 3364 2419 Οῦτω
3410 2364 3476 2437 δὴ
3516 2366 3764 2419 τοιούτου
3813 2360 4004 2431 ἀγαθοῦ

2446 2461 2537 2512 καὶ
2567 2460 2706 2512 θείου
2741 2460 2891 2522 ὄντος
2922 2459 3199 2529 κτήματος
3227 2457 3320 2511 τοῦ
3353 2456 3692 2528 Πνεύματος,
3720 2453 4006 2513 πιστεύσας

2446 2551 2544 2623 ἤδη
2568 2550 2645 2621 τῷ
2678 2549 2924 2620 τοιούτῳ,
2968 2549 3203 2619 Χριστὸν
3229 2550 3321 2603 τὸν
3351 2549 3541 2603 τούτου
3567 2547 3807 2620 χορηγὸν
3832 2544 4008 2614 ἐπιζη-

2446 2647 2556 2697 τεῖν
2584 2644 2659 2714 μὴ
2687 2641 2877 2696 δειλία.
2925 2640 3134 2707 Οὐδεὶς
3163 2641 3274 2710 γὰρ
3302 2638 3547 2695 δύναται
3580 2641 3776 2694 είπεῖν
3807 2641 4010 2706 Κύριον

2462 2736 2690 2803 Ἰησοῦν
2713 2738 2765 2791 εὶ
2802 2733 2887 2805 μὴ
2921 2734 2990 2788 ἐν
3018 2734 3312 2801 Πνεύματι
3350 2733 3515 2802 ἁγίῳ.
3548 2733 3658 2784 Καὶ
3683 2733 3751 2800 ἦν
3776 2731 4009 2801 προΐεται

2447 2826 2501 2878 δὲ
2525 2826 2668 2895 ζωὴν
2691 2829 2770 2889 εἰς
2795 2825 2952 2880 ἄλλου
2989 2823 3280 2877 ὑπόστασιν
3318 2822 3379 2875 τὸ
3409 2820 3654 2892 Πνεῦμα,
3695 2821 3758 2873 ού
3791 2818 4006 2889 χωρίζε-

2446 2932 2536 2967 ται
2567 2916 2752 2982 αὑτοῦ,
2785 2915 2896 2969 ἀλλ’
2921 2915 3108 2986 ὥσπερ
3143 2914 3312 2985 πυρὸς
3339 2914 3399 2967 τὸ
3420 2914 3518 2983 μέν
3547 2913 3697 2966 ἐστιν
3724 2911 3760 2982 ἡ
3789 2908 4009 2963 συνοῦσα

2449 3004 2738 3077 θερμότης,
2796 3007 2855 3058 τὸ
2879 3007 2955 3070 δὲ,
2999 3009 3065 3076 ἢν
3089 3007 3315 3076 παρέχει
3347 3005 3424 3075 τῷ
3458 3005 3630 3067 ὕδατι,
3660 3004 3693 3072 ἢ
3723 3002 3894 3073 ἑτέρῳ
3912 3001 4010 3052 τινὶ

2447 3099 2554 3154 τῶν
2583 3097 2835 3152 τοιούτων
2853 3139 2866 3163 ,
2897 3097 3036 3150 οὕτω
3060 3096 3152 3150 καὶ
3178 3098 3308 3149 αὐτὸ
3347 3098 3439 3148 καὶ
3471 3099 3530 3148 ὲν
3560 3095 3740 3163 ἐαυτῷ
3782 3094 3896 3163 ἔχει
3924 3093 4012 3160 τὴν

2450 3187 2594 3262 ζωήν
2614 3207 2627 3221 '
2654 3191 2748 3244 καὶ
2767 3190 2815 3242 oi
2835 3188 3150 3260 μετέχοντες
3166 3184 3330 3240 αὐτοῦ
3353 3184 3486 3250 ζῶσι
3507 3183 3849 3256 θεοπρεπῶς,
3881 3179 4013 3248 ζωὴν

790 3281 944 3335 aqua:
967 3275 1060 3320 aut
1085 3266 1240 3319 alteri
1286 3266 1362 3320 rei
1392 3264 1649 3334 ejusmodi
1671 3267 1941 3336 impertit:
1987 3268 2067 3321 sic
2118 3269 2190 3321 ita
2220 3283 2351 3336 quo-
2378 3272 2422 3330 ο

2378 3272 2422 3330 C
2455 3283 2601 3335 θείαν
2627 3282 2720 3334 καὶ
2753 3281 2999 3351 οὐράνιον
3031 3278 3376 3349 κεκτημένοι.
3408 3275 3593 3330 Πάντα
3619 3274 3731 3348 γὰρ
3763 3274 3820 3326 ἐν
3852 3269 4016 3338 ἑαυτῷ

789 3371 895 3426 que
925 3357 1056 3426 ipse,
1081 3357 1210 3411 etin
1243 3359 1534 3426 semetipso
1555 3359 1717 3412 vitam
1743 3358 1939 3425 habet;
1976 3367 2030 3411 et
2059 3359 2148 3426 qui
2179 3359 2343 3426 ipsius

793 3453 929 3504 tiunt
962 3450 1273 3520 participes,
1299 3450 1356 3514 ii,
1389 3460 1444 3503 ut
1475 3451 1598 3506 deos
1626 3449 1802 3515 decet,
1844 3450 2047 3512 vivunt,
2083 3449 2240 3504 vitam
2263 3450 2345 3504 di-

792 3543 970 3597 vinam
1005 3558 1066 3597 ac
1099 3543 1376 3598 caelestem
1413 3553 1812 3612 comparantes.
1857 3543 1990 3595 Nam
2023 3541 2343 3596 immortalia

792 3633 972 3686 omnia
1001 3633 1051 3685 in
1075 3633 1254 3702 seipso
1286 3633 1544 3698 continet,
1573 3644 1804 3688 mentem
1833 3648 2068 3698 onmem,
2103 3633 2344 3702 angelum

791 3737 1028 3786 omnem,
1062 3724 1296 3776 animam
1325 3738 1536 3777 omnem
1572 3743 1586 3778 ι
1620 3733 1671 3778 ct
1704 3740 1824 3780 cum
1869 3725 2003 3780 bene
2032 3739 2089 3778 se
2131 3725 2342 3790 habeat,

797 3829 902 3868 non
934 3814 1129 3884 quatrit
1157 3814 1530 3876 mutationem,
1564 3829 1734 3883 neque
1779 3815 2178 3884 migrationem,
2225 3831 2345 3869 eum

796 3906 849 3959 in
875 3905 1050 3973 seipse
1078 3904 1269 3958 habeat
1294 3903 1493 3958 omnia.
1520 3902 1622 3956 Sed
1658 3919 1754 3959 nec
1773 3905 1954 3973 augeri
1978 3905 2192 3974 quaerit,
2224 3919 2344 3958 cum

796 3997 866 4050 sit
907 3995 1352 4065 perfectissimus.
1380 3995 1716 4065 Quapropter
1733 4005 1785 4051 et
1805 3996 1941 4066 apud
1970 3997 2140 4066 ipsum
2164 3997 2343 4052 omnia

793 4096 917 4140 sunt
941 4085 1198 4155 perfecta,
1218 4086 1478 4149 eharitas,
1503 4088 1776 4156 gaudium,
1799 4103 1920 4153 pax,
1955 4088 2170 4154 lenitas,
2195 4088 2344 4142 boui-

796 4191 896 4243 tas,
922 4177 1200 4249 sapientia,
1248 4177 1623 4248 intelligentia,
1669 4179 1979 4243 coasilium,
2014 4184 2199 4246 tutela,
2231 4183 2346 4251 pie-

797 4282 900 4338 tas,
935 4270 1187 4341 cognitio,
1219 4270 1608 4334 sanctiﬁcatio,
1650 4271 1965 4339 redemptio,
2002 4271 2133 4328 lides
2159 4313 2174 4339 ,
2230 4289 2352 4343 ope-

797 4366 1031 4419 rationes
1056 4363 1438 4433 potentiarum,
1463 4363 1801 4418 sanationum
1826 4363 1985 4429 dona,
2009 4372 2062 4418 et
2089 4380 2346 4433 qumcnn-

795 4469 900 4522 que
929 4455 1014 4509 his
1047 4456 1262 4510 similia.
1296 4453 1440 4509 Nihil
1469 4454 1520 4508 in
1548 4469 1606 4510 se
1643 4455 1804 4509 habet
1859 4455 2136 4510 adventitii
2168 4474 2182 4510 :
2252 4458 2344 4512 sed

797 4550 955 4604 habet
984 4549 1162 4604 omnia
1187 4547 1534 4616 sempiterna,
1563 4556 1814 4615 tanquam
1849 4545 1940 4600 Dei
1983 4547 2234 4616 Spiritus,
2295 4560 2347 4603 et

794 4641 860 4694 ab
890 4641 1004 4710 ipso
1029 4651 1331 4707 emergens,
1375 4651 1590 4690 causam
1626 4638 1796 4704 ipsum
1819 4637 2024 4692 habens
2059 4641 2199 4692 sicut
2233 4639 2348 4694 fon-
2385 4626 2425 4680 Ι)

797 4742 903 4784 tem
941 4729 1044 4797 sui,
1085 4735 1138 4783 et
1166 4728 1288 4783 inde
1321 4741 1567 4782 manans.
1618 4724 1763 4782 Fons
1796 4735 1972 4781 autem
2008 4738 2061 4783 et
2106 4731 2217 4799 ipse
2260 4746 2350 4784 eo-

796 4835 914 4873 rum
951 4833 1070 4888 quae
1108 4829 1230 4874 ante
1261 4819 1544 4873 retulimus
1573 4819 1858 4874 bonorum.
1891 4819 2050 4887 Atqui
2106 4820 2249 4888 quod
2282 4837 2348 4875 ex

797 4909 905 4962 Deo
932 4915 1132 4973 manat,
1181 4908 1234 4961 id
1288 4907 1567 4972 subsistit;
1620 4922 1738 4975 quae
1767 4921 1893 4962 vero
1917 4923 1984 4962 ex
2014 4922 2079 4963 eo
2107 4922 2348 4977 manant,

865 5066 912 5100 "
940 5065 1079 5122 Psal.
1126 5083 1305 5130 Lxxxt,
1335 5069 1383 5119 6,
1463 5067 1507 5097 ⁹⁵
1567 5067 1699 5120 l‘sal.
1740 5082 1899 5129 xux,
1937 5067 1984 5120 i.

868 5208 980 5276 (95)
1014 5207 1150 5260 Etliti
1181 5205 1270 5276 καὶ
1297 5206 1427 5258 Θεὸν
1459 5202 1616 5259 εἶναι.
1665 5206 1732 5258 At
1771 5206 1936 5259 nostri
1982 5217 2185 5273 septem
2221 5224 2351 5262 mss.

803 5273 892 5331 atat
922 5273 984 5329 ὲκ
1004 5277 1138 5329 Θεοῦ
1167 5273 1321 5328 εἶναι.

871 5347 980 5418 (94)
1009 5348 1184 5402 Codex
1219 5346 1368 5418 Coll):
1402 5345 1542 5418 θεῖον
1581 5342 1736 5418 εἶναι,
1778 5345 2009 5400 divinum
2064 5361 2222 5399 casm-
2252 5346 2354 5401 Alii

802 5433 892 5472 sex
925 5412 1051 5472 mss.
1092 5427 1146 5471 et
1170 5416 1300 5469 editi
1327 5415 1457 5467 Θεὸν
1489 5412 1648 5477 εἶναι,
1681 5417 1843 5468 Deum
1869 5430 1994 5467 esse.

874 5487 984 5556 (95)
1029 5488 1160 5554 Reg.
1229 5486 1442 5556 tertius;
1473 5487 1531 5552 ἐξ
1577 5485 1769 5556 ἑαυτοῦ
1811 5485 2069 5553 πεφηνύς.
2112 5484 2213 5537 Alii
2260 5487 2362 5538 duo

804 5573 930 5613 mss.
957 5553 1008 5611 et
1031 5553 1160 5611 editi
1193 5553 1251 5617 ἐξ
1283 5553 1469 5619 αὑτοῦ,
1493 5572 1558 5610 ex
1591 5560 1700 5623 ipso
1731 5554 1838 5609 Deo
1887 5570 2166 5621 emergens,
2211 5556 2365 5622 efful-

802 5644 944 5698 gens,
973 5636 1136 5682 recte.

874 5699 986 5767 (96)
1016 5698 1159 5762 llegii
1195 5713 1460 5752 secundus
1487 5706 1539 5767 et
1571 5691 1966 5767 tertiusaittov
2005 5706 2116 5746 εαυν
2151 5714 2180 5762 ρ
2223 5711 2358 5767 slew

801 5765 897 5829 ὼς,
926 5765 1030 5820 etc.
1064 5767 1198 5821 Editi
1236 5785 1360 5821 vero
1412 5777 1465 5821 et
1511 5765 1637 5835 Heg.
1693 5765 1911 5834 quintus
1962 5766 2122 5821 sitm
2196 5765 2355 5820 αξτὸν

805 5840 942 5908 ἔχον,
987 5836 1149 5892 Deum
1177 5840 1363 5892 lubens
1406 5854 1639 5900 causam,
1674 5837 1895 5905 optime.

2061 5069 2102 5098 ⁵⁷
2153 5067 2292 5124 ΡεςιΙ.
2342 5091 2568 5138 Luxttt,
2612 5076 2661 5127 8.

2452 3371 2518 3422 τὰ
2563 3371 2804 3424 ἀθάνατα
2848 3369 3120 3440 περιέχειν
3163 3367 3288 3420 νοῦν
3329 3366 3530 3428 πάντα,
3567 3365 3798 3433 ἄγγελον
3827 3361 4017 3419 παντο,

2451 3460 2624 3530 ψυχὴν
2668 3462 2867 3522 πᾶσαν,
2927 3459 3020 3510 καὶ
3071 3457 3188 3509 οὐδὲ
3219 3457 3372 3527 ζητεῖ
3427 3455 3749 3526 μεταϐολὴν,
3796 3448 3854 3504 εὖ
3885 3452 4016 3519 ἕχον,

2451 3551 2570 3603 οὐδὲ
2613 3549 2911 3619 μετελθεῖν,
2950 3548 3122 3600 πάντα
3167 3548 3293 3616 παρ’
3325 3545 3500 3614 ἐαυτῷ
3552 3544 3692 3612 ἔχον.
3738 3539 3876 3592 Ἀλλ’
3910 3538 4019 3590 ούῖε

2454 3641 2675 3712 αὔξησιν
2705 3640 2970 3711 ἐπιζητεῖ,
2999 3639 3331 3693 τελειότατον
3368 3638 3446 3690 ὃν.
3483 3635 3574 3688 Διὸ
3598 3636 3694 3688 καὶ
3717 3634 3846 3703 παρ’
3881 3629 4018 3699 αύτῷ

2455 3735 2629 3788 πάντα
2679 3734 2878 3796 τέλεια,
2913 3733 3124 3804 ἀγάπη,
3175 3734 3336 3804 χαρὰ,
3387 3731 3598 3801 εἰρήνη,
3652 3723 4016 3798 μακροθυμία.

2453 3825 2774 3897 χρηστότης,
2828 3824 3009 3894 σοφία,
3046 3824 3277 3887 σύνεσις,
3324 3820 3506 3891 βουλὴ,
3535 3817 3827 3886 ἀσφάλεια,
3870 3813 4016 3867 εύσέ·

2453 3913 2594 3979 δεια,
2626 3915 2847 3983 γνῶσις,
2888 3912 3177 3982 ἁγιασμὸς,
3205 3908 3596 3979 ἀπολύτρωσις,
3631 3905 3840 3966 πίστις,
3872 3906 4014 3972 svsp-

2453 4008 2672 4078 γήματα
2734 4005 3038 4074 δυνάμεων,
3096 4001 3406 4072 χαρίσματα
3461 3997 3726 4068 ἰαμάτων,
3767 3995 3863 4047 καὶ
3928 3995 4015 4046 ὅσα

2453 4095 2661 4160 τούτοις
2702 4094 3085 4167 παραπλήσια·
3136 4092 3284 4145 οὐδὲν
3326 4090 3448 4161 ἔχον
3491 4090 3548 4142 ὲν
3590 4085 3769 4157 ἐαυτῷ
3797 4087 4013 4154 ἐπίκτη-

2455 4206 2577 4243 τον*
2608 4188 2719 4241 ἀλλ’
2759 4187 2944 4249 ἀῖδίως
2977 4186 3151 4239 πάντα
3186 4182 3328 4253 ἔχον,
3363 4180 3438 4246 ὡς
3476 4179 3706 4250 Πνεῦμα
3731 4177 3892 4244 Θεοῦ,
3930 4177 4013 4230 καὶ

2458 4281 2516 4345 ἐξ
2534 4281 2695 4334 αὐτοῦ
2727 4278 2961 4350 πεφηνὸς
2991 4278 3125 4348 (95),
3157 4279 3324 4330 αἴτιον
3355 4274 3513 4329 αὐτὸν
3535 4273 3658 4344 ἔχον
3683 4275 3759 4336 ὡς
3784 4271 3892 4342 (96)
3921 4287 4015 4339 πη-

2457 4371 2557 4438 γὴν
2593 4370 2806 4432 ἑαυτοῦ,
2862 4368 3112 4422 κάκεῖθεν
3170 4367 3436 4436 πηγάζον.
3475 4364 3634 4435 Πηγὴ
3667 4364 3723 4416 δὲ
3774 4359 3866 4416 κάξ
3895 4361 4013 4413 αὐτὸ

2455 4459 2560 4511 τῶν
2605 4459 3012 4529 προειρημένων
3064 4455 3299 4524 ἀγαθῶν.
3347 4455 3507 4507 Ἀλλὰ
3549 4455 3612 4506 τὸ
3637 4454 3737 4522 μὲν
3790 4455 3855 4504 ἐκ
3890 4450 4009 4503 Θεοῦ

2458 4549 2698 4621 πηγὰζον
2734 4547 3091 4602 ὲνυπόστατόν
3136 4549 3283 4600 ἐστι·
3329 4546 3396 4599 τὰ
3454 4546 3511 4598 δὲ
3549 4545 3607 4611 ἐξ
3635 4542 3803 4597 αὐτοῦ
3843 4543 4011 4611 πηγά-

2455 4642 2613 4706 ζοντα
2661 4641 2926 4710 ἐνέργειαι
2983 4639 3145 4692 αὐτοῦ
3204 4641 3329 4692 εἱσι.
3377 4637 3546 4691 Τοῦτο
3578 4636 3641 4688 τὸ
3691 4633 3914 4704 Πνεῦμα
3957 4633 4009 4684 τὸ

2457 4731 2607 4800 ἅγιον
2651 4732 2862 4802 ἐξέχεεν
2891 4732 2975 4800 ἐφ’
3008 4732 3155 4802 ἡμᾶς
3194 4729 3458 4794 πλουσίως
3496 4731 3524 4783 ὁ
3556 4727 3688 4791 Θεὸς
3720 4726 3813 4780 διὰ
3849 4721 4005 4793 Ἰησοῦ

2457 4823 2690 4893 Χριστοῦ
2717 4843 2729 4856 ·
2758 4824 2988 4895 ἐξέχεεν,
3015 4825 3116 4877 οὐκ
3150 4823 3359 4877 ἔκτισεν
3401 4821 3516 4893 (97)
3535 4839 3548 4851 ο
3581 4820 3892 4891 ἐχαρίσατο,
3920 4817 4006 4868 οὐκ

2459 4917 2740 4986 ἐποίησεψ
2787 4916 3004 4981 ἔδωκεν,
3051 4916 3151 4968 οῦκ
3191 4912 3638 4986 ἐδημιούργησεν.
3685 4911 3780 4964 Ἐκ
3817 4904 4006 4961 παρα).-

2738 5073 2780 5100 ⁹⁸
2811 5071 2824 5122 l
2858 5069 2983 5124 Cor.
3025 5083 3118 5132 xu,
3158 5066 3206 5120 5.

2534 5212 2639 5281 (97')
2677 5208 2811 5260 {illiti
2843 5205 2937 5257 οὐκ
2973 5203 3211 5254 ἔκτισεν·
3253 5200 3488 5281 ἔδωκεν,
3522 5199 3620 5252 οὐκ
3660 5198 4000 5281 ἕεδημιούρῃ-

2469 5269 2573 5345 σενι
2617 5280 2711 5330 Ἐκ
2762 5271 3334 5345 παραλλήλουκίζοιιοκ
3371 5269 3526 5323 Iloll).
3576 5278 3630 5345 et_
3676 5269 3805 5331 lteg.
3838 5279 3999 5345 setius

2465 5361 2520 5404 ut
2542 5342 2592 5402 in
2619 5336 2868 5402 contextu
2897 5362 2910 5408 ;
2973 5336 3064 5396 nec
3098 5340 3256 5393 aliter
3293 5341 3573 5408 interpres
3619 5338 3841 5404 legerat.
3869 5336 3999 5408 Quod

2463 5418 2820 5476 Combeﬁsius
2847 5405 2946 5467 hec
2976 5412 3093 5464 lat-.0
3121 5412 3201 5463 ait.
3229 5428 3239 5458 :
3271 5407 3587 5460 Eunominm
3613 5409 3709 5458 hoc
3741 5408 3902 5471 capite
3928 5405 3998 5476 ni-

2465 5473 2538 5542 Iiil
2569 5487 2737 5550 feriri,
2771 5485 2858 5538 sed
2883 5481 3196 5536 catholicum
3228 5479 3444 5550 instrui,
3475 5478 3780 5544 ﬁrmarique
3823 5477 3872 5524 in
3911 5473 3997 5550 ﬁde

2463 5543 2674 5612 deit'atis
2711 5554 2963 5620 Spiritus,
3008 5561 3052 5602 et
3089 5547 3431 5620 tractantium
3476 5543 3605 5620 esse
3646 5559 3874 5620 seorsum
3907 5543 3996 5620 edi.

2623 5609 2674 5678 ut
2696 5609 2809 5678 sunt
2843 5609 3105 5690 Basiliani
3140 5619 3234 5669 alii
3279 5618 3332 5669 in
3373 5617 3653 5690 AAsceticis,
3685 5614 3861 5690 de.eo
3895 5609 3997 5690 ttnlo

2461 5682 2745 5750 nunerum
2771 5707 2834 5746 eo
2880 5689 3206 5743 ('OttICitdCrC
3242 5706 3253 5738 :
3293 5688 3384 5738 sed
3409 5696 3585 5737 utrum
3622 5685 3732 5735 haec
3769 5682 3998 5733 lucubra-

2462 5766 2694 5825 tiuncula
2738 5762 2909 5819 Basilii
2930 5762 3019 5824 sit,
3048 5759 3097 5813 in
3131 5756 3451 5812 Prauiatione
3481 5755 3803 5808 invuiretur.
