4068 6320
1012 342 2206 354 ..____.._____...._..._____.__._-.._
2225 343 2437 352 -..υ-η
2742 344 3125 353 ______.._..-_
3231 345 3321 355 η.

245 342 3469 407 W

757 584 1210 740 VITA
1296 582 1448 736 S.
1555 579 2247 735 BASlLlI
2342 583 2947 739 MAGNI

1341 848 1852 904 ARCHIEPISCOPI
1889 847 2363 904 CESARIENSIS
2385 853 2424 903 ‘.

321 1236 726 1316 Propositum
757 1231 911 1294 mihi
950 1230 1135 1293 estin
1169 1227 1280 1287 hac
1334 1230 1821 1303 pertractatione
1857 1224 2006 1302 quid
2038 1224 2306 1302 gesserit
2357 1231 2418 1286 et
2462 1225 2786 1303 scripserit
2825 1228 2885 1286 S.
2930 1227 3230 1304 Basilius,
3258 1229 3478 1292 obser-

245 1354 390 1408 vato
420 1358 611 1422 quam
655 1334 1129 1402 accuratissime
1162 1334 1381 1407 potero
1425 1334 1779 1405 temporum
1823 1328 2071 1400 ordine,
2107 1343 2445 1405 exponere.
2468 1326 2733 1388 Ordinis
2766 1328 2934 1390 enim
2965 1330 3028 1391 in
3064 1329 3251 1392 rebus
3283 1331 3479 1409 gestis

245 1440 617 1509 enarrandis
649 1444 822 1499 tanta
857 1435 1051 1495 virtus
1082 1434 1199 1501 est,
1232 1437 1299 1488 ut
1334 1442 1459 1488 non
1514 1427 1719 1486 solum
1754 1423 2014 1488 facilius
2060 1426 2273 1488 animo
2311 1426 2762 1504 percipiantur,
2803 1428 2954 1489 dum
2988 1445 3176 1491 suum
3208 1447 3478 1511 quisque

242 1543 455 1606 locum
489 1540 787 1602 decenter
816 1536 1055 1600 tenent,
1082 1525 1193 1589 sed
1233 1525 1420 1587 etiam
1459 1524 1640 1602 pretii
1674 1522 2017 1600 plurimum
2064 1525 2317 1587 accedat
2349 1531 2459 1586 aut
2488 1525 2775 1601 decedat,
2814 1534 2999 1603 prout
3039 1538 3181 1607 apte
3216 1546 3479 1591 secusve

242 1646 653 1708 collocantur.
696 1634 1007 1700 Permulta
1033 1639 1206 1705 sunt,
1242 1645 1519 1708 quorum
1548 1628 1806 1689 consilii
1838 1629 1997 1689 ratio
2036 1630 2291 1707 penitus
2326 1630 2565 1705 latebit,
2605 1630 2657 1693 si
2701 1649 2736 1693 a
2760 1648 2879 1694 suo
2913 1632 3301 1695 divellantur
3326 1640 3483 1695 tem-

243 1765 436 1827 pore;
468 1747 588 1810 alia
627 1743 878 1807 laudem
919 1740 1107 1814 longe
1158 1734 1517 1806 exiliorem,
1556 1732 1862 1794 nonnulla
1915 1734 2103 1795 etiam
2143 1733 2567 1797 difﬁciliorem
2612 1737 2935 1801 habebunt
2972 1741 3481 1801 excusationem.

239 1848 413 1925 Quin
447 1848 634 1910 etiam
667 1851 833 1904 recte
865 1840 1022 1901 facta
1054 1837 1180 1899 vim
1210 1841 1273 1897 et
1313 1840 1603 1895 naturam
1656 1832 1977 1906 amittunt,
2012 1848 2081 1893 ac
2122 1832 2387 1893 virtutes
2436 1848 2899 1915 nonnunquam
2940 1836 3366 1910 invertuutur,
3429 1837 3481 1897 si

240 1949 393 2027 quis
424 1954 689 2008 eventus
724 1943 863 2005 loco
900 1955 1022 2001 non
1058 1953 1177 1999 suo
1217 1941 1531 1996 narretur.
1566 1932 1853 1994 Charitas
1896 1932 2142 2008 Basilii,
2175 1934 2287 2014 qui
2330 1934 2779 2011 patrimonium
2815 1942 2875 1997 et
2926 1937 3113 1998 initio
3152 1936 3484 1999 monastici

239 2052 546 2123 instituti,
583 2057 642 2111 et
671 2049 890 2108 decem
932 2049 1073 2123 post
1099 2040 1308 2114 annis,
1344 2039 1517 2119 gravi
1550 2044 1815 2116 urgente
1858 2038 2050 2111 fame,
2082 2037 2430 2111 distribuit,
2489 2055 2755 2117 magnus
2791 2057 2931 2101 esse
2980 2057 3195 2101 ntevus
3238 2039 3490 2101 videtur

241 2152 309 2213 in
346 2166 571 2212 severo
602 2142 985 2223 paupertatis
1018 2139 1415 2218 legislatore,
1452 2153 1729 2213 eumque
1761 2154 2052 2214 arguere,
2103 2139 2274 2217 quod
2310 2155 2437 2199 non
2462 2138 2671 2201 statim
2712 2156 2779 2201 se
2807 2140 3104 2202 omnibus
3137 2140 3329 2204 rebus
3362 2156 3486 2200 nu-

239 2249 509 2310 daverit.
548 2244 668 2306 Sed
699 2243 756 2305 si
792 2250 1055 2304 matrem
1092 2236 1466 2300 Emmeliam
1502 2244 1825 2311 grassante
1874 2234 1979 2297 illa
2011 2235 2180 2297 fame
2217 2238 2456 2298 obiisse
2488 2239 2980 2312 demonstretur,
3008 2246 3257 2317 accepta
3307 2238 3487 2299 illius

243 2356 448 2409 morte
478 2346 836 2414 hereditas,
870 2351 935 2405 ut
972 2358 1108 2403 mos
1140 2345 1271 2400 erat
1310 2345 1664 2415 temporum
1708 2336 1994 2408 illorum,
2033 2342 2096 2397 et
2132 2336 2342 2399 statim
2375 2338 2439 2398 in
2485 2357 2792 2417 pauperes
2828 2342 3053 2416 etfusa,
3121 2349 3482 2419 promptum

241 2448 463 2510 Basilii
490 2447 566 2507 ad
604 2447 815 2507 omnia
849 2438 1236 2520 projicienda
1282 2436 1565 2500 animum
1596 2436 1895 2499 declarat.

322 2556 460 2618 Hoc
490 2570 689 2617 unum
724 2552 802 2611 de
852 2546 1067 2609 multis
1100 2547 1464 2624 exemplum
1498 2543 1721 2619 affero,
1760 2551 1829 2605 ut
1861 2544 2186 2607 neminem
2224 2544 2535 2607 deterreat
2580 2545 2829 2622 legendi
2862 2552 2922 2606 et
2948 2546 3371 2624 investigandi
3405 2548 3489 2607 la-

240 2660 382 2722 bor.
414 2662 714 2736 Suscepta
746 2653 917 2715 enim
955 2651 1144 2728 hujus
1175 2652 1318 2711 vitm
1354 2650 1711 2713 scribendae
1748 2648 1930 2722 ratio,
1958 2655 2287 2728 prepterea
2310 2649 2485 2727 quod
2517 2649 2580 2708 iu
2609 2653 2901 2711 obscuris
2935 2651 3123 2712 rebus
3164 2650 3487 2729 explican-

238 2759 342 2819 dis
396 2773 562 2835 szepe
615 2762 928 2825 versatur,
985 2770 1110 2816 non
1144 2757 1311 2812 tanta
1346 2750 1663 2827 voluptate
1700 2748 1762 2809 in
1817 2747 2090 2824 legendo
2141 2748 2397 2818 retinet,
2446 2756 2681 2826 quanta
2716 2748 2911 2808 libera
2943 2755 3003 2808 et
3045 2749 3186 2809 sine
3219 2748 3487 2811 salebris

240 2860 453 2920 fluens
485 2856 783 2919 narratio.
818 2855 957 2917 Non
980 2862 1212 2922 tamen,
1249 2858 1315 2913 ut
1351 2848 1649 2927 equidem
1699 2847 1952 2924 Opinor,
1987 2847 2265 2909 ofﬁcient
2304 2848 2591 2911 obscura;
2614 2848 3034 2928 difﬁcilesque
3071 2849 3490 2928 quaestiones,

241 2960 308 3025 in
342 2964 581 3043 quibus
610 2962 931 3022 interdum
965 2958 1379 3028 morabimur,
1412 2951 1762 3031 quominus
1793 2968 2089 3028 germana
2120 2952 2335 3012 Basilii
2367 2952 2608 3031 effigies
2639 2963 2781 3015 ante
2812 2956 3035 3016 oculos
3068 2954 3317 3031 depicta
3350 2970 3490 3012 ver-

242 3074 448 3126 setur.
480 3063 835 3139 Unicuique
868 3060 931 3119 in
982 3066 1277 3136 promptu
1336 3054 1455 3117 erit
1488 3052 1724 3116 eximia
1761 3054 1869 3115 illa
1918 3058 2144 3132 pietas,
2194 3061 2283 3115 tot
2341 3064 2578 3118 naturae
2610 3056 2800 3130 dona,
2850 3063 2937 3117 tot
2970 3055 3271 3116 doctrinm
3303 3068 3491 3113 orna-

241 3174 456 3233 menta
488 3167 552 3226 in
586 3164 842 3227 latebris
877 3163 1229 3225 recondens
1262 3179 1277 3218 :
1313 3177 1561 3221 summa
1592 3158 1864 3221 charitas
1892 3177 1971 3221 ne
2000 3160 2063 3220 in
2098 3160 2447 3223 solitudine
2470 3162 2729 3240 quidem
2769 3162 3105 3221 discedens
3139 3158 3215 3218 ab
3240 3175 3489 3237 augen-

243 3270 348 3329 dis
389 3264 691 3328 Ecclesia:
727 3260 1135 3333 utilitatibus,
1184 3259 1251 3320 in
1288 3258 1642 3320 sacerdotio
1692 3264 1902 3319 autem
1940 3259 2108 3320 inter
2140 3266 2480 3337 perpetuos
2514 3266 2574 3319 et
2610 3274 2833 3336 graves
2891 3259 3146 3322 morbos
3199 3276 3327 3321 non
3376 3260 3488 3321 uni

244 3371 571 3443 Ecclesia),
596 3370 708 3430 sed
742 3365 1031 3445 pluribus
1072 3362 1215 3424 aliis
1241 3360 1564 3440 regendis,
1602 3362 1730 3419 imo
1764 3358 2167 3436 pacificandis
2204 3360 2399 3419 totius
2450 3360 2627 3421 orbis
2662 3360 2963 3423 Ecclesiis
3022 3362 3302 3429 intenta:
3340 3379 3481 3422 ani-

246 3492 392 3536 mus
421 3473 487 3533 in
518 3466 915 3548 amplissimo
945 3465 1142 3540 gradu
1172 3470 1231 3522 et
1254 3476 1503 3520 summa
1538 3458 1721 3517 fama;
1751 3457 2118 3521 celebritate
2140 3457 2669 3533 demississimus,
2705 3462 2767 3522 in
2799 3460 3202 3525 defendendo
3242 3464 3489 3539 episco-

247 3582 432 3649 patus
461 3570 607 3646 jure
657 3578 923 3639 magnus
953 3568 1014 3621 et
1044 3556 1367 3627 sublimis,
1416 3555 1484 3614 in
1517 3554 1801 3616 colendis
1833 3556 2133 3618 amicitiis
2166 3559 2340 3618 omni
2380 3559 2772 3621 humanitate
2801 3562 3144 3641 expolitus,
3177 3562 3378 3624 facilis
3404 3566 3481 3625 ad

242 3667 685 3749 deponendam
716 3660 1171 3729 offensionem,
1213 3672 1595 3737 semperque
1621 3657 1693 3715 ad
1732 3657 2069 3734 placandos
2103 3656 2399 3719 homines
2440 3675 2568 3721 non
2618 3660 2860 3724 amicos
2893 3654 3379 3741 paratissimus:
3416 3668 3483 3729 in

244 3766 518 3850 propriis
551 3760 961 3824 contumeliis
1018 3775 1266 3822 summa
1308 3758 1532 3820 lenitas
1582 3762 1641 3818 et
1691 3760 2139 3829 mansuetudo,
2192 3760 2544 3823 teterrimas
2576 3761 2925 3825 calumnias
2976 3770 3037 3827 et
3092 3784 3345 3845 sparsos
3380 3788 3484 3844 per

244 3878 451 3933 totum
484 3867 697 3927 orbem
752 3860 1029 3923 famosos
1066 3859 1317 3923 libellos
1368 3856 1629 3920 silentio
1678 3875 1785 3934 per
1841 3864 1965 3919 tres
2005 3876 2207 3921 annos
2246 3860 2624 3937 perferens:
2679 3863 2746 3924 in
2792 3862 3213 3929 defendendis
3271 3874 3482 3929 autem

241 3972 480 4035 Christi
517 3966 772 4048 injuriis
802 3965 998 4027 animi
1031 3964 1337 4028 fortitudo
1388 3968 1446 4025 et
1480 3962 1859 4033 constantia,
1906 3979 2095 4041 quam
2131 3980 2259 4024 non
2307 3964 2541 4038 exsilii,
2578 3982 2707 4028 non
2756 3968 2976 4031 mortis
3014 3968 3315 4048 pericula,
3353 3987 3479 4031 non

244 4078 446 4139 ullius
483 4070 812 4155 potestatis
844 4076 1051 4131 metus
1081 4088 1114 4131 a
1150 4069 1416 4132 veritate
1451 4066 1652 4147 palam
1688 4074 1747 4128 et
1774 4076 1991 4146 aperte
2024 4071 2424 4147 praadicanda
2458 4072 2928 4137 deterruerunt.

763 4396 989 4453 CAPUT
1017 4392 1306 4450 PRIMUM.
1850 4397 1896 4453 Α
1925 4394 2065 4445 velut
2092 4407 2157 4444 ex
2194 4394 2492 4459 composito
2541 4392 2794 4447 coivisse.
2843 4393 2956 4461 Ipse
2988 4392 3214 4447 Basilius
3240 4408 3345 4448 non
3377 4398 3477 4449 Oil-

317 4508 361 4561 1.
391 4509 449 4565 8.
475 4507 695 4561 Basilius
712 4505 967 4561 Cursarem
989 4508 1240 4561 nascitur.
1268 4504 1332 4562 11.
1364 4504 1521 4573 idque
1546 4505 1684 4555 circa
1708 4520 1803 4573 an-

313 4594 440 4631 num
486 4578 607 4633 529.
645 4576 731 4631 III.
762 4576 833 4629 De
856 4576 999 4629 illius
1044 4577 1176 4631 uvis.
1212 4575 1298 4630 IV.
1331 4576 1403 4627 De
1439 4572 1582 4640 patre
1604 4572 1804 4625 Basilio

311 4658 367 4701 et
394 4660 559 4701 matre
597 4647 871 4701 Emmelia.
896 4644 957 4702 V.
984 4646 1166 4700 Basilii
1197 4647 1288 4699 sub
1320 4645 1438 4697 asia
1472 4643 1710 4695 Macrino
1742 4659 1801 4693 ac

315 4720 503 4771 deinde
534 4718 625 4771 sub
655 4728 801 4783 patre
821 4715 1033 4785 puerilis
1068 4716 1340 4785 institutio.
1373 4713 1462 4767 Vl.
1507 4712 1801 4785 Caesaream

313 4787 678 4852 Cappadocum
713 4783 941 4840 mittitur
979 4787 1046 4836 ad
1087 4786 1259 4838 studia
1297 4784 1609 4847 litterarum,
1649 4783 1803 4850 idque

316 4856 493 4910 multis
516 4860 772 4910 rationum
803 4857 1070 4910 momentis
1091 4856 1361 4921 probatur.

323 4948 365 5002 l.
393 4948 645 5001 Sanctum
667 4948 918 5000 Basiliuni
935 4945 1191 4999 Caesarem
1213 4946 1265 4999 in
1281 4942 1616 5011 Cappadocia
1635 4952 1813 4995 natum

238 5054 367 5093 esse
406 5036 661 5090 discimus
688 5041 919 5090 maxime
942 5052 1007 5089 ex
1036 5033 1295 5102 Gregorio
1326 5033 1696 5097 Nazianzcno,
1719 5032 1813 5099 qui

238 5146 367 5185 eum
400 5128 713 5181 nominatim
746 5128 819 5199 (a)
852 5127 1215 5196 Cappadocem
1266 5126 1521 5196 appellat,
1562 5140 1728 5193 seque
1759 5133 1813 5176 et

238 5220 501 5273 Basiliam
542 5217 668 5271 dicit
693 5216 787 5289 (b),
816 5234 937 5269 cum
960 5233 1027 5271 ex
1064 5216 1247 5271 eadem
1276 5218 1445 5287 patria
1476 5218 1526 5270 in
1572 5217 1813 5269 diversas

238 5310 494 5379 regiones
543 5310 781 5364 discendi
815 5325 973 5364 causa
1023 5309 1305 5373 abiisseut,
1343 5325 1537 5362 rursus
1581 5308 1812 5362 Athenis

319 5489 394 5559 (a)
426 5487 556 5542 Nam.
583 5503 672 5559 ep.
707 5488 759 5543 6.
1301 5492 1371 5561 (b)
1402 5489 1602 5544 0r.‘20.

1921 4498 2076 4538 scure
2124 4485 2360 4537 declarat
2389 4493 2568 4536 natum
2602 4500 2659 4537 se
2690 4500 2810 4538 esse
2862 4484 3123 4539 Cursarem
3156 4486 3207 4540 in
3267 4487 3477 4540 homilici

1918 4577 1969 4627 in
2004 4571 2256 4627 Gordium
2285 4586 2585 4646 martyrem,
2630 4592 2682 4627 n.
2727 4574 2781 4627 2.
2815 4574 3055 4629 Patriam
3106 4592 3256 4631 suam
3295 4577 3347 4629 in
3373 4593 3473 4644 ριιι.

1919 4666 2069 4719 stolis
2101 4665 2168 4718 76
2221 4679 2274 4719 et
2310 4666 2378 4719 96
2412 4667 2641 4735 appellat
2686 4665 3100 4735 Cappadociam.
3145 4666 3250 4721 Sed
3303 4679 3480 4721 tamen

1921 4756 2075 4823 lmjus
2108 4757 2339 4810 norninis
2367 4759 2621 4813 lionoiem
2655 4759 2754 4825 ipsi
2796 4761 2958 4811 etiam
2998 4758 3168 4813 Ponto
3194 4758 3387 4813 defert.
3414 4764 3477 4812 tl-

1918 4847 2021 4901 lius
2051 4857 2199 4914 pater
2244 4847 2493 4910 Basilius,
2530 4850 2635 4903 etsi
2686 4865 2825 4918 saepe
2880 4851 2929 4903 in
2965 4835 3359 4919 Cappadociam
3392 4868 3479 4905 ve-

1918 4940 2116 5005 niebat,
2154 4941 2477 5010 pracipunm
2506 4950 2682 4995 tamen
2723 4942 2773 4995 in
2810 4941 2975 4997 Ponto
3005 4942 3332 4999 domicilium
3363 4945 3474 4999 col-

1918 5032 2218 5099 locaverat;
2242 5034 2503 5100 siquidem
2532 5032 2771 5089 Macrina
2805 5034 3039 5088 moriens
3072 5038 3145 5090 ait
3178 5039 3316 5105 apud
3342 5036 3476 5092 Grc-

1918 5123 2124 5193 gorium
2157 5124 2456 5193 Nyssenum
2501 5125 2571 5194 (ε)
2606 5127 2771 5193 patris
2804 5126 2884 5178 sui
2927 5124 3126 5179 famam
3156 5136 3309 5179 extra
3342 5126 3481 5181 Pon-

1921 5226 2031 5270 tum
2050 5214 2293 5269 diffusam
2324 5230 2427 5270 non
2461 5216 2643 5277 fuisse,
2672 5216 2909 5285 satisque
2938 5217 3010 5270 illi
3042 5216 3207 5271 fuisse
3231 5218 3280 5271 in
3310 5220 3478 5286 patria

1920 5308 2083 5359 decus
2136 5307 2367 5373 assequi.
2438 5305 2613 5359 Basilii
2686 5306 2851 5360 frater
2907 5307 3197 5375 Gregorius
3250 5310 3476 5376 putrium

1993 5489 2060 5559 (ε)
2099 5488 2204 5541 νει.
2231 5488 2287 5543 s.
2325 5490 2514 5551 Macra,
2542 5490 2657 5542 me.

302 5627 323 5643 ‘
346 5629 553 5678 Auctore
577 5630 767 5678 Damno
789 5629 1054 5678 Prudentia
1080 5628 1289 5690 larano,
1314 5634 1416 5693 qui,
1443 5632 1636 5682 Iuliano
1659 5632 1893 5682 Garncrio
1911 5631 2008 5693 jam
2034 5644 2157 5679 anno
2184 5631 2318 5691 1723,
2338 5630 2621 5690 diel'piunii,
2649 5632 2896 5693 defuncto,
2922 5630 3154 5691 editionis
3175 5629 3482 5680 absolvenda)

241 5702 407 5741 utram
428 5694 666 5752 suscepit.

554 5778 829 5838 Ps'rnoc.
878 5775 995 5837 Gn.
1041 5775 1276 5837 XXIX.

3108 5798 3141 5835 α
